pairValue,buyBook,exchangeId,sellBook,updated,buyTotal,satoshiPrice,usdPrice,exchangeLogId,created,bestPair,sellTotalBtc,volume,pairPrice,activePairs,sellTotal,volumeBtc,buyTotalBtc,coinId
0,[],2,[],2019-01-20 23:28:45,0.0,0,0,6477011,2019-01-20 23:28:45,,0.0,0.0,0,,0.0,0.0,0.0,1
1,[],3,[],2019-05-08 07:33:22,32370.898302357156,0.0114559699999999993480503945875170757062733173370361328125,0.0000006726544625049999,7578328,2019-05-08 07:33:22,btc,34.728034855093746,15.4338703019,0.0114559699999999993480503945875170757062733173370361328125,btc,24.046851351353002,0.0,0.5767095905845894,1
1,[],4,[],2019-05-08 07:33:23,207729.11995803,0.01130000,0.00000066349645,7578329,2019-05-08 07:33:23,btc,8.985962780703154,0.0,0.01130000,btc,393.719469,2.59526269,0.4959441158430042,1
1,[],5,[],2019-05-08 07:33:26,0.0,0,0,7578330,2019-05-08 07:33:26,btc,0.0,0.10129511,0,btc,0.0,0.0,0.0,1
1,[],10,[],2019-05-08 07:33:28,184918.62293493,0.01008746,0.0000005923003450899999,7578331,2019-05-08 07:33:28,btc,6524.809780967789,1377.06119267,0.01008746,btc,1434.12678246,0.0,4.002125382927695,1
1,[],12,[],2019-05-08 07:33:31,83.27941229,0.01127000000000000050348614166750849108211696147918701171875,0.000000661734955,7578332,2019-05-08 07:33:31,btc,0.2250250116585,0.0,0.01127000000000000050348614166750849108211696147918701171875,btc,16.30443271,0.1271340225619,0.40618116080509997,1
1,[],20,[],2019-05-08 07:33:33,975.4852,0.010710352,0.000000628874383208,7578333,2019-05-08 07:33:33,btc,0.0780257583437,0.0057,0.010710352,btc,5.1375,6.98249943e-05,0.1767748565082,1
1,[],21,[],2019-05-08 07:33:35,1857.11221699,0.01132428000000000080371709288,0.00000066492208662,7578334,2019-05-08 07:33:35,btc,14.81532901480377,3001.70489575,0.01132428000000000080371709287874182336963713169097900390625,"btc,eth",1686.46957414,30.89733192101261,13.383777021099588,1
0,[],22,[],2019-05-08 07:33:38,0.0,0,0,7578335,2019-05-08 07:33:38,,0.3163308,0.0,0,,0.2527518593615956,0.0,0.0,1
1,[],24,[],2019-05-08 07:33:38,0.0,0.000000000000,0,7578336,2019-05-08 07:33:38,btc,0.0,0.0,0.000000000000,btc,0.0,0.0,0.0,1
0.0,[],25,[],2019-05-08 07:33:39,0.0,0,0,7578337,2019-05-08 07:33:39,btc,45.19999999843755,457.91389319,0.0,btc,3916.92357485,5.2623,0.0,1
1,[],26,[],2019-05-08 07:33:40,0.0,0,0,7578338,2019-05-08 07:33:40,,0.0,0.0,0,,0.0,0.0,0.0,1
1,[],28,[],2019-05-08 07:34:21,987.9,0.01131000,0.000000664083615,7578339,2019-05-08 07:34:21,btc,0.160832048,363883.55,0.01131000,btc,8.7307,0.0,0.024551096,1
1,[],5,[],2019-05-08 07:34:22,0.0,0,0,7578340,2019-05-08 07:34:22,btc,0.0,0.00896856,0,btc,0.0,0.0,0.0,2
1,[],22,[],2019-05-08 07:34:26,9148.0,0.00000001,0.000000000000587165,7578341,2019-05-08 07:34:26,BTC,21.00846647,0.0,0.00000001,"BTC,XMR",24148.96059725142,0.0,0.00095635,2
1,[],5,[],2019-05-08 07:34:28,0.0,0,0,7578342,2019-05-08 07:34:28,btc,0.0,0.62835447,0,btc,0.0,0.0,0.0,3
1,[],12,[],2019-05-08 07:34:28,2502955.70387287,0.000000159,0.0000000000093359235,7578343,2019-05-08 07:34:28,btc,2714596.626266926,0.0,0.000000159,btc,3944998.86806813,0.04834006971785376,0.2767275635716317,3
0,[],28,[],2019-05-08 07:34:30,0.0,0,0,7578344,2019-05-08 07:34:30,,0.0,0.0,0,,0.0,0.0,0.0,3
0,[],2,[],2019-01-20 23:31:32,0.0,0,0,6477077,2019-01-20 23:31:32,,0.0,0.0,0,,0.0,0.0,0.0,4
1,[],4,[],2019-04-26 19:14:12,610911.70993152,0.00000026,0.000000000013566046,7471614,2019-04-26 19:14:12,btc,31.457742656463164,0.0,0.00000026,btc,718733.71307795,0.00142695,0.0638464483338706,4
0,[],12,[],2019-04-25 23:08:22,0.0,0,0,7459310,2019-04-25 23:08:22,btc,1111851.94727753,0.0,0,btc,953412.0,0.0,0.0,5
0,[],2,[],2019-01-20 23:31:51,0.0,0,0,6477087,2019-01-20 23:31:51,,0.0,0.0,0,,0.0,0.0,0.0,6
1,[],11,[],2019-05-08 07:34:32,5064415.307535999,0.00000001,0.000000000000587165,7578345,2019-05-08 07:34:32,btc,9576.542781859494,717767.0,0.00000001,btc,47218201.75253575,0.0,0.05064415307536,6
1,[],3,[],2019-05-08 07:34:33,11070.0049654403,0.00017007000000000000307191772019876907506841234862804412841796875,0.000000009985915155,7578346,2019-05-08 07:34:33,btc,19.04435952387209,42.9438395808,0.00017007000000000000307191772019876907506841234862804412841796875,btc,314.713226454214,0.0,0.029204076622154827,7
1,[],4,[],2019-05-08 07:34:33,43749.56886309,0.00018248,0.000000010714586919999999,7578347,2019-05-08 07:34:33,btc,8.602138766001357,0.0,0.00018248,btc,36523.11875295,3.69516604,4.117681921822811,7
1,[],5,[],2019-05-08 07:34:35,0.0,0,0,7578348,2019-05-08 07:34:35,btc,0.0,0.29767479,0,btc,0.0,0.0,0.0,7
1,[],20,[],2019-04-07 22:06:50,3201475.0482,0.000000001,0.000000000000051590000000000004,7213932,2019-04-07 22:06:50,btc,30.8005781811902,0.0,0.000000001,btc,23077405.3926,0.0,0.0032014750482,8
0,[],2,[],2019-01-20 23:22:42,0.0,0,0,6476876,2019-01-20 23:22:42,,0.0,0.0,0,,0.0,0.0,0.0,9
0,[],23,[],2019-01-20 23:22:48,0.0,0,0,6476878,2019-01-20 23:22:48,,0.0,0.0,0,,0.0,0.0,0.0,9
1,[],1,[],2019-02-17 23:31:42,1822507.21,0.00000181000000000000003456111265232042484285557293333113193511962890625,0.000000000066086901,6701244,2019-02-17 23:31:42,btc,3.6990969245,17153386.5,0.00000181000000000000003456111265232042484285557293333113193511962890625,btc,1997391.71,31.11772986,3.2610482446,9
1,[],4,[],2019-05-08 07:34:37,20222482.26604905,0.00000082,0.00000000004814753,7578349,2019-05-08 07:34:37,btc,4.626710896597876,0.0,0.00000082,btc,3428826.47623061,0.64052835,0.7660686746918043,9
1,[],28,[],2019-05-08 07:35:14,18055.0,0.00000021,0.000000000012330465,7578350,2019-05-08 07:35:14,btc,2708.774353000864,3653319.0,0.00000021,btc,24560.2792,0.0,0.00186155,9
1,[],4,[],2019-02-17 11:22:43,4341674.27126056,0.00000002,0.0000000000007272960000000001,6696112,2019-02-17 11:22:43,btc,0.1997230937751353,0.0,0.00000002,btc,4109766.79808031,0.00215132,0.0479381022052112,10
0,[],2,[],2019-01-20 23:23:08,0.0,0,0,6476890,2019-01-20 23:23:08,,0.0,0.0,0,,0.0,0.0,0.0,12
1,[],4,[],2019-05-08 07:35:15,10309041.04487431,0.00000091,0.000000000053432014999999997,7578351,2019-05-08 07:35:15,btc,7.097206121761494,0.0,0.00000091,btc,5107645.68952158,1.91040082,3.018534427043129,12
1,[],5,[],2019-05-08 07:35:16,0.0,0,0,7578352,2019-05-08 07:35:16,btc,0.0,0.23045383,0,btc,0.0,0.0,0.0,12
0.0,[],25,[],2019-05-08 07:35:17,0.0,0,0,7578353,2019-05-08 07:35:17,,0.0,0.0,0.0,btc,0.0,0.0,0.0,12
1,[],4,[],2019-05-08 07:35:18,32019757.61692596,0.00000634,0.00000000037226261,7578354,2019-05-08 07:35:18,btc,3.1840831921299353,0.0,0.00000634,btc,355165.69462587,0.45891616,0.9679667358800402,13
1,[],10,[],2019-05-08 07:35:21,537969.34764351,0.00000635,0.000000000372849775,7578355,2019-05-08 07:35:21,btc,666793.5798448608,6747.54613544,0.00000635,btc,743410.23268832,0.0,0.4340736836289549,13
1,[],21,[],2019-05-08 07:35:22,1458300.85939236,0.000006459999999999999982958510253,0.00000000037930859,7578356,2019-05-08 07:35:22,btc,4.020226454264208,863348.90879122,0.0000064599999999999999829585102528728413062708568759262561798095703125,btc,546921.69165829,5.6630356,6.982824851525812,13
0,[],17,[],2019-05-03 00:53:32,0.0,0,0,7558876,2019-05-03 00:53:32,btc,0.0,0.0,0,btc,0.0,0.0,0.0,14
1,[],4,[],2019-05-08 07:35:23,1073201.93044279,0.00000083,0.000000000048734695,7578357,2019-05-08 07:35:23,btc,6.024396333603949,0.0,0.00000083,btc,1187495.42647137,0.10270978,0.1900027674660418,14
1,[],12,[],2019-05-08 07:35:24,254828.89969835,0.00000084,0.00000000004932186,7578358,2019-05-08 07:35:24,btc,0.118219779598371,0.0,0.00000084,btc,14480.86895597,0.0,0.028406239999967702,14
1,[],26,[],2019-05-08 07:35:24,0.0,0.00000050,0.00000000002935825,7578359,2019-05-08 07:35:24,btc,0.0,0.0,0.00000050,btc,0.0,0.0,0.0,14
,[],12,[],2018-12-01 15:15:48,204241.84496,0.00000489,0.000000000202473384,5260204,2018-12-01 15:15:48,btc,49.5475654835,0.0,,btc,35763.2193806,0.0163153972027625,0.0203389899998,15
0,[],4,[],2019-05-08 07:35:25,0.0,0,0,7578360,2019-05-08 07:35:25,,0.0,0.0,0,,0.0,0.0,0.0,15
0,[],2,[],2019-01-20 23:23:38,0.0,0,0,6476906,2019-01-20 23:23:38,,0.0,0.0,0,,0.0,0.0,0.0,18
0,[],17,[],2019-05-03 00:53:39,0.0,0,0,7558882,2019-05-03 00:53:39,btc,0.0,0.0,0,btc,0.0,0.0,0.0,18
1,[],4,[],2019-05-08 07:35:27,29975.70474206,0.00001251,0.0000000007345434149999999,7578361,2019-05-08 07:35:27,btc,1.1075013825866693,0.0,0.00001251,btc,14105.35040513,0.0187252,0.0890758035285785,18
1,[],10,[],2019-05-08 07:35:29,169141.28076298,0.00001373,0.000000000806177545,7578362,2019-05-08 07:35:29,btc,15.878675683600127,3251.80060517,0.00001373,btc,33515.03117907,0.0,0.5137761483076779,18
1,[],12,[],2019-05-08 07:35:30,221322.93857626,0.000013270000000000000003018418848199644344276748597621917724609375,0.000000000779167955,7578363,2019-05-08 07:35:30,btc,33215.319622462965,0.0,0.000013270000000000000003018418848199644344276748597621917724609375,btc,1190.49156527,0.0013922270550321,0.0165787125033488,18
0,[],27,[],2019-05-08 07:35:43,0.0,0,0,7578368,2019-05-08 07:35:43,,0.0,0.0,0,btc,0.0,0.0,0.0,19
0,[],2,[],2019-01-20 23:24:19,0.0,0,0,6476924,2019-01-20 23:24:19,,0.0,0.0,0,,0.0,0.0,0.0,19
1,[],3,[],2019-05-08 07:35:32,152885.10132064333,0.000010420000000000000184925859347817578282047179527580738067626953125,0.00000000061182593,7578364,2019-05-08 07:35:32,btc,0.2646222582577884,877.51601513,0.000010420000000000000184925859347817578282047179527580738067626953125,btc,7252.566877867577,0.0,0.0414832159146498,19
1,[],4,[],2019-05-08 07:35:32,418524.72474202,0.00001411,0.000000000828489815,7578365,2019-05-08 07:35:32,btc,3.6396865369133296,0.0,0.00001411,btc,120674.79984354,0.85213192,1.0022159249222533,19
1,[],5,[],2019-05-08 07:35:34,0.0,0,0,7578366,2019-05-08 07:35:34,btc,0.0,0.00071045,0,btc,0.0,0.0,0.0,19
1,[],12,[],2019-05-08 07:35:35,198372.26738748,0.000015020000000000000188525410560469453002951922826468944549560546875,0.00000000088192183,7578367,2019-05-08 07:35:35,btc,0.2813141375784249,0.0,0.000015020000000000000188525410560469453002951922826468944549560546875,btc,2599.44046912,0.0148250354557162,0.0800700699994557,19
1,[],4,[],2019-05-08 07:35:44,1890069.11944487,0.00000011,0.000000000006458815,7578369,2019-05-08 07:35:44,btc,5.280175126319464,0.0,0.00000011,btc,2275880.8131896,0.00032894,0.0663675897814302,20
1,[],4,[],2019-05-08 07:35:45,75300989.78118359,0.00000001,0.000000000000587165,7578370,2019-05-08 07:35:45,btc,39305.4873462735,0.0,0.00000001,btc,55123956.98986641,0.00203476,0.7530098978118358,21
1,[],12,[],2019-05-08 07:35:46,3839997.0,0.00000001,0.000000000000587165,7578371,2019-05-08 07:35:46,btc,2895.662060450839,0.0,0.00000001,btc,7238997.79920076,0.000205014985015,0.03839997,21
0,[],17,[],2019-05-03 00:53:51,0.0,0,0,7558891,2019-05-03 00:53:51,btc,0.0,0.0,0,btc,0.0,0.0,0.0,21
1,[],12,[],2019-05-08 07:35:48,8254773167.808,0.0000000005,0.00000000000002935825,7578372,2019-05-08 07:35:48,btc,311119401330.6528,0.0,0.0000000005,btc,2907117325.8195853,0.18523669290794906,1.980186736704,23
0.0000000002885018,[],27,[],2019-05-08 07:35:55,6466319.0,5.770036e-18,3.3879631879399997e-22,7578373,2019-05-08 07:35:55,eth,10182.629540686012,347448514.0,0.00000002,eth,4620346.3444,2.004790433926504e-09,2.1928407309166e-11,23
1,[],4,[],2019-05-08 07:35:56,775252.89774364,0.00000031,0.000000000018202115,7578374,2019-05-08 07:35:56,btc,13.962317860290382,0.0,0.00000031,btc,2180304.82960922,0.01271554,0.0796660605179977,24
1,[],22,[],2019-05-08 07:35:59,1021.76,0.00000100,0.0000000000587165,7578375,2019-05-08 07:35:59,BTC,7.415e-05,0.0,0.00000100,BTC,23.919354838709676,0.0,0.00011186,24
0.0,[],25,[],2019-05-08 07:36:01,0.0,0,0,7578376,2019-05-08 07:36:01,,0.0,0.0,0.0,btc,0.0,0.0,0.0,24
1,[],4,[],2019-05-08 07:36:02,26965367.43258572,0.00000579,0.000000000339968535,7578377,2019-05-08 07:36:02,btc,13.687461981217517,0.0,0.00000579,btc,317289.93571476,0.12422863,0.5895854602560338,26
1,[],10,[],2019-05-08 07:36:04,117658.544098,0.00000852,0.0000000005002645799999999,7578378,2019-05-08 07:36:04,btc,25.6412485403425,2093.22465325,0.00000852,btc,19798.01927609,0.0,0.0685125028316692,26
0,[],2,[],2019-01-20 23:25:56,0.0,0,0,6476976,2019-01-20 23:25:56,,0.0,0.0,0,,0.0,0.0,0.0,26
1,[],11,[],2019-04-30 04:16:17,7094566.83690364,0.00000006,0.000000000003115554,7518027,2019-04-30 04:16:17,btc,67504.138725751,6116.07566417,0.00000006,btc,6591680.7351637,0.0,0.38529422037817224,27
1,[],5,[],2019-04-26 09:47:06,0.0,0,0,7465326,2019-04-26 09:47:06,btc,0.0,0.0,0,btc,0.0,0.0,0.0,27
1,[],3,[],2019-04-28 02:38:55,141621.60361514,0.00000001,0.0000000000005253330000000001,7491060,2019-04-28 02:38:55,btc,2.501704004580372,921815.184511,0.00000001,btc,21091882.2176418,0.0,0.0014162160361513999,27
1,[],4,[],2019-05-08 07:36:04,1537766215.5653963,0.00000001,0.000000000000587165,7578379,2019-05-08 07:36:04,btc,5.057004671114945,0.0,0.00000001,"btc,ltc",282408830.4650937,0.48851774,9.761818960699737,29
1,[],7,[],2019-05-08 07:36:06,106858448.2164338,0.00000001,0.000000000000587165,7578380,2019-05-08 07:36:06,btc,46550610.71405978,12927638.0808,0.00000001,btc,43559890.640527934,0.25855276,1.068584482164338,29
1,[],4,[],2019-05-08 07:36:07,1602885.89051675,0.00000012,0.0000000000070459799999999994,7578381,2019-05-08 07:36:07,btc,3.9386202842111477,0.0,0.00000012,btc,2178718.52132353,0.01573883,0.0462933413846507,30
0,[],17,[],2019-05-03 01:11:25,0.0,0,0,7559066,2019-05-03 01:11:25,btc,0.0,0.0,0,btc,0.0,0.0,0.0,30
1,[],4,[],2019-05-08 07:36:08,214418.54425868,0.00006126,0.0000000035969727899999996,7578382,2019-05-08 07:36:08,btc,6.353675291629156,0.0,0.00006126,btc,61544.23713299,0.78491554,0.7313281582594136,31
1,[],21,[],2019-05-08 07:36:09,85344.74217067,0.00006103999999999999833896757728,0.0000000035840551599999997,7578383,2019-05-08 07:36:09,btc,6.7036797042824965,222489.42735749,0.0000610399999999999983389675772826876709586940705776214599609375,btc,101264.53659636,13.73234056,4.815865503533935,31
0,[],2,[],2019-01-20 23:28:43,0.0,0,0,6477009,2019-01-20 23:28:43,,0.0,0.0,0,,0.0,0.0,0.0,32
0,[],4,[],2019-05-08 07:36:11,0.0,0,0,7578384,2019-05-08 07:36:11,,0.0,0.0,0,,0.0,0.0,0.0,33
1,[],12,[],2019-03-30 07:55:10,40641173.964,0.00000003,0.000000000001228359,7108785,2019-03-30 07:55:10,btc,4233210.82356125,0.0,0.00000003,btc,28378394.68333462,0.0126927883965248,0.90752895892,33
0,[],4,[],2019-05-08 07:36:13,0.0,0,0,7578385,2019-05-08 07:36:13,,3.9101266734957063,0.0,0,,153455412.12373787,0.00012248,0.0,34
1,[],5,[],2019-05-08 07:36:14,0.0,0,0,7578386,2019-05-08 07:36:14,btc,0.0,0.0155225,0,btc,0.0,0.0,0.0,34
0.000000000133684,[],4,[],2019-05-02 18:17:45,3384239970.6360936,1.3368400000000002e-18,7.293946092400001e-23,7556428,2019-05-02 18:17:45,ltc,5.381102735485169e-08,0.0,0.00000001,ltc,6862894551.7408495,0.0,4.524187362345155e-09,36
1,[],5,[],2019-05-02 18:17:46,0.0,0,0,7556429,2019-05-02 18:17:46,btc,0.0,0.0,0,btc,0.0,0.0,0.0,36
0.0000000002926451,[],17,[],2019-05-02 18:17:47,200000.0,2.9264510000000002e-18,1.596703856561e-22,7556430,2019-05-02 18:17:47,eth,0.20942468735267253,0.0,0.00000001,"btc,eth",1018272.20243647,0.0,5.852902e-13,36
0.000000000133684,[],27,[],2019-05-02 18:17:55,7883196.008,1.3368400000000002e-18,7.293946092400001e-23,7556431,2019-05-02 18:17:55,ltc,25567.4086131264,0.0,0.00000001,"ltc,eth",21753551.64,0.0,1.0538571751334722e-11,36
1,[],4,[],2019-05-08 07:36:16,465182.21849927,0.00000025,0.000000000014679125,7578387,2019-05-08 07:36:16,btc,19772.892459433195,0.0,0.00000025,btc,995596.90286836,0.00817747,0.0700033798133355,37
1,[],12,[],2019-05-08 07:36:17,1082048.36767766,0.00000025,0.000000000014679125,7578388,2019-05-08 07:36:17,btc,61604.976823199046,0.0,0.00000025,btc,589771.23664157,0.035215748979316,0.1111833735794947,37
1,[],27,[],2019-05-08 07:36:27,1600.0,0.00000015,0.000000000008807475,7578389,2019-05-08 07:36:27,btc,24.12824334291843,0.0,0.00000015,btc,5839.49448498,0.0,3e-05,37
1,[],17,[],2019-05-03 01:11:36,211752.74075282,0.00000025,0.000000000013700074999999998,7559074,2019-05-03 01:11:36,btc,0.055484923955058496,0.0,0.00000025,"btc,eth",1387.19918473,0.0,0.0005381851887916605,37
1,[],5,[],2019-05-08 07:36:29,0.0,0,0,7578390,2019-05-08 07:36:29,btc,0.0,0.15002573,0,btc,0.0,0.0,0.0,42
1,[],12,[],2019-05-08 07:36:30,373500.14084272,0.000001390000000000000032391082004090687718189656152389943599700927734375,0.000000000081615935,7578391,2019-05-08 07:36:30,btc,1222227.6596376467,0.0,0.000001390000000000000032391082004090687718189656152389943599700927734375,btc,51559.25555357,0.4251518447708885,0.0856128189999044,42
1,[],27,[],2019-05-08 07:36:41,3256.0,0.00000015,0.000000000008807475,7578392,2019-05-08 07:36:41,btc,1.8179904929696,0.0,0.00000015,"btc,eth",2428.82344975,0.0,0.00024750000059621784,42
1,[],12,[],2019-03-13 09:13:29,1112112.0,0.00000001,0.000000000000386531,6919902,2019-03-13 09:13:29,btc,29058.00478931866,0.0,0.00000001,btc,5967681.93306694,9.99000999e-07,0.01112112,43
1,[],5,[],2019-04-26 22:38:52,0.0,0,0,7474154,2019-04-26 22:38:52,btc,0.0,0.02638891,0,btc,0.0,0.0,0.0,43
0,[],17,[],2019-04-26 22:38:53,0.0,0,0,7474155,2019-04-26 22:38:53,btc,0.0,0.0,0,btc,0.0,0.0,0.0,43
1,[],12,[],2019-03-05 01:54:08,639326.02,0.00000004,0.000000000001486676,6845775,2019-03-05 01:54:08,btc,11116042.728239931,0.0,0.00000004,btc,1103841.4595604,0.0003330765234764,0.014975410599999999,44
1,[],4,[],2019-05-08 07:36:42,132618120.28332849,0.00000001,0.000000000000587165,7578393,2019-05-08 07:36:42,btc,436.783418201586,0.0,0.00000001,"btc,ltc",23104644.59584506,0.00071428,0.2982144773738677,49
0.00000000012504,[],4,[],2019-05-08 07:36:43,71916563.499789,7.00224e-17,4.1114702495999994e-21,7578394,2019-05-08 07:36:43,ltc,21614.647498183458,0.0,0.00000056,ltc,97676462.21508937,0.04123626,1.4975828512299202e-09,52
0,[],22,[],2019-05-08 07:36:45,0.0,0,0,7578395,2019-05-08 07:36:45,,10304.87709543,0.0,0,,310505736.4566013,0.0,0.0,57
0.0000000002885018,[],27,[],2019-05-08 07:36:58,10000.0,2.885018e-18,1.6939815939699998e-22,7578396,2019-05-08 07:36:58,eth,0.0,0.0,0.00000001,"btc,eth",0.0,0.0,2.885018e-14,57
0.00000000012504,[],4,[],2019-05-08 07:36:59,1136179462.4045448,1.2504e-18,7.34191116e-23,7578397,2019-05-08 07:36:59,ltc,19.111262590381443,0.0,0.00000001,ltc,5679709113.001969,0.0,1.4206787997906428e-09,58
1,[],12,[],2019-05-08 07:37:00,1569799853.0,0.0000000001,0.00000000000000587165,7578398,2019-05-08 07:37:00,btc,11897178.370863961,0.0,0.0000000001,btc,4330678907.928072,0.00053590557732268,0.1569799853,58
0.0000000001122633,[],22,[],2019-05-08 07:37:05,137438.0,1.122633e-18,6.591708054449999e-23,7578399,2019-05-08 07:37:05,XMR,69.17854956,0.0,0.00000001,XMR,9877516.6,1.17274733712e-13,0.00137438,58
1,[],17,[],2019-05-03 01:12:09,1200000.0,0.0000000001,0.00000000000000548003,7559085,2019-05-03 01:12:09,btc,1e+24,0.0,0.0000000001,"btc,eth",39516342.31952568,0.0,0.00010000000058666061,58
1,[],5,[],2019-05-08 07:37:06,0.0,0,0,7578400,2019-05-08 07:37:06,btc,0.0,0.03074657,0,btc,0.0,0.0,0.0,61
1,[],22,[],2019-05-08 07:37:09,13613.833333333334,0.00000012,0.0000000000070459799999999994,7578401,2019-05-08 07:37:09,BTC,1002.29626883,0.0,0.00000012,BTC,15392.180177125656,0.0,0.00153269,61
1,[],26,[],2019-05-08 07:37:09,0.0,0.00000100,0.0000000000587165,7578402,2019-05-08 07:37:09,btc,0.0,0.0,0.00000100,btc,0.0,0.0,0.0,61
0.0000000002885018,[],27,[],2019-05-08 07:37:16,100000.0,2.885018e-18,1.6939815939699998e-22,7578403,2019-05-08 07:37:16,eth,1.9482732497246655,0.0,0.00000001,"btc,eth",13266.51663696,0.0,2.885018e-13,61
1,[],28,[],2019-05-08 07:37:49,1039.304,0.00000008,0.00000000000469732,7578404,2019-05-08 07:37:49,btc,2.056501795415105,798.0,0.00000008,btc,10022.46650005,0.0,2.439304e-05,61
1,[],4,[],2019-05-08 07:37:51,1268895.24816117,0.00000105,0.00000000006165232499999999,7578405,2019-05-08 07:37:51,btc,1.054051545310176,0.0,0.00000105,btc,433591.09375409,0.03349726,0.8475878866668114,67
0.0,[],25,[],2019-05-08 07:37:53,0.0,0,0,7578406,2019-05-08 07:37:53,,0.0,0.0,0.0,btc,0.0,0.0,0.0,67
1,[],12,[],2019-05-08 07:37:54,735510.33333333,0.00000016,0.00000000000939464,7578407,2019-05-08 07:37:54,btc,55556348.25352331,0.0,0.00000016,btc,1496556.95806632,0.0069619837662324,0.0243639299999996,71
,[],5,[],2018-11-20 23:02:39,1.5e-07,0.00000005,0.000000000002128045,4862160,2018-11-20 23:02:39,btc,2.84511358,0.0,,btc,0.00036572,0.0,0.07381892,74
1,[],5,[],2019-05-08 07:37:56,0.0,0,0,7578408,2019-05-08 07:37:56,btc,0.0,0.02576648,0,btc,0.0,0.0,0.0,75
0,[],4,[],2019-05-08 07:37:57,0.0,0,0,7578409,2019-05-08 07:37:57,,133703.4206350529,0.0,0,,35139929.46753003,0.0,0.0,81
0,[],20,[],2019-01-25 09:30:31,0.0,0,0,6495923,2019-01-25 09:30:31,btc,0.0,0.0,0,btc,0.0,0.0,0.0,81
1,[],4,[],2019-05-08 07:37:59,25849.07678091,0.00006855,0.000000004025016075,7578410,2019-05-08 07:37:59,btc,18.774097321753143,0.0,0.00006855,btc,27492.62670193,0.28388336,0.263231800027385,82
1,[],21,[],2019-05-08 07:38:00,333111.16858693,0.00006548000000000000326259852468,0.00000000384475642,7578411,2019-05-08 07:38:00,btc,3.7786450659027055,9242.01908204,0.00006548000000000000326259852467813971088617108762264251708984375,btc,50056.01916865,0.61671375,2.0527776131010325,82
0,[],17,[],2019-03-25 22:42:34,0.0,0,0,7038780,2019-03-25 22:42:34,btc,0.0445064681804024,0.0,0,btc,995513.18476001,0.0,0.0,84
0.00000000013644,[],4,[],2019-05-01 19:17:39,299701867.376,1.3644e-18,7.259508504e-23,7542161,2019-05-01 19:17:39,ltc,1.6769037726995486,0.0,0.00000001,ltc,427823536.87452894,0.00010978,4.089132278478144e-10,85
,[],22,[],2018-11-20 23:09:34,3408.1,0.0000001,0.0000000000041895,4862324,2018-11-20 23:09:34,BTC,0.04624735,0.0,,BTC,4990.0,0.0,0.00033081,86
1,[],22,[],2019-05-08 07:38:04,89999.0,0.00000001,0.000000000000587165,7578412,2019-05-08 07:38:04,BTC,3.66432991,0.0,0.00000001,BTC,332904.29736842104,0.0,0.00089999,87
1,[],27,[],2019-05-08 07:38:12,10674.0,0.00000001,0.000000000000587165,7578413,2019-05-08 07:38:12,btc,4.960707720736,0.0,0.00000001,btc,10175.62841,0.0,0.00010674,87
,[],2,[],2018-11-20 23:10:47,0.0,0,0,4862359,2018-11-20 23:10:47,,0.0,0.0,,,0.0,0.0,0.0,88
1,[],11,[],2019-05-08 07:38:14,82355.17974338,0.00013460999999999998682533031146846269621164537966251373291015625,0.000000007903828064999999,7578414,2019-05-08 07:38:14,btc,169.7819637738017,4957.17908228,0.00013460999999999998682533031146846269621164537966251373291015625,btc,164739.80439069,0.0,4.849755254258933,89
0,[],2,[],2019-01-20 23:31:45,0.0,0,0,6477083,2019-01-20 23:31:45,,0.0,0.0,0,,0.0,0.0,0.0,91
1,[],12,[],2019-05-08 07:38:16,385953.22318032,0.00000065,0.000000000038165724999999997,7578415,2019-05-08 07:38:16,btc,73.20140423809207,0.0,0.00000065,btc,150946.76071416,0.0026105897878306,0.0396987711999613,91
1,[],22,[],2019-05-08 07:38:20,76014.0,0.0000008,0.0000000000469732,7578416,2019-05-08 07:38:20,BTC,0.1,0.0,0.0000008,"BTC,LTC",1.0,0.0,0.0017135,91
0,[],17,[],2019-05-03 01:12:26,0.0,0,0,7559096,2019-05-03 01:12:26,btc,0.0,0.0,0,btc,0.0,0.0,0.0,91
1,[],22,[],2019-04-09 20:17:52,374949.73333333334,0.00000015,0.000000000007771935,7235704,2019-04-09 20:17:52,BTC,6.87372503,0.0,0.00000015,"BTC,LTC",159980.01196797504,1.1e-05,0.80510266,95
0.00000000012504,[],4,[],2019-05-08 07:38:21,553221785.6641316,8.50272e-17,4.9924995887999995e-21,7578417,2019-05-08 07:38:21,ltc,11.26550671168338,0.0,0.00000068,ltc,126305726.72440238,0.07630521,1.781501981081305e-09,96
0,[],12,[],2019-05-08 07:38:22,0.0,0,0,7578418,2019-05-08 07:38:22,btc,25054.262754883617,0.0,0,btc,6745381.18081917,0.0,0.0,96
0,[],17,[],2019-05-03 01:12:32,0.0,0,0,7559100,2019-05-03 01:12:32,btc,0.0,0.0,0,btc,0.0,0.0,0.0,96
1,[],4,[],2019-04-14 03:32:46,1039404.33283278,0.00000038,0.000000000019245518,7293458,2019-04-14 03:32:46,btc,4.170086055365747,0.0,0.00000038,btc,3097704.34561074,0.06260606,0.1859928211030784,99
1,[],4,[],2019-05-08 07:38:25,354688.82542038,0.00003446,0.0000000020233705899999997,7578419,2019-05-08 07:38:25,btc,7.197923293974333,0.0,0.00003446,btc,125191.60810006,0.33426414,0.4177391000501806,100
0,[],2,[],2019-01-20 23:23:55,0.0,0,0,6476914,2019-01-20 23:23:55,,0.0,0.0,0,,0.0,0.0,0.0,100
1,[],22,[],2019-05-08 07:38:28,130000.0,0.00000001,0.000000000000587165,7578420,2019-05-08 07:38:28,BTC,24.83526409,0.0,0.00000001,BTC,11187.719,0.0,0.0013,101
1,[],4,[],2019-05-08 07:38:29,580606.44793694,0.00000706,0.00000000041453849,7578421,2019-05-08 07:38:29,btc,248.99591776691182,0.0,0.00000706,btc,335445.16734263,4.0161706,0.6026353107168358,103
1,[],12,[],2019-05-08 07:38:32,116128112.51292,0.000000005,0.0000000000002935825,7578422,2019-05-08 07:38:32,btc,468525135.5845293,0.0,0.000000005,btc,108209335.39735256,0.0044616307442558,0.24172475671276,105
1,[],27,[],2019-05-08 07:38:37,11976.0,0.00000001,0.000000000000587165,7578423,2019-05-08 07:38:37,btc,0.0689357688051137,0.0,0.00000001,btc,864584.59450753,0.0,0.00011976,105
1,[],22,[],2019-04-21 00:17:26,21333.0,0.00000001,0.000000000000532493,7385819,2019-04-21 00:17:26,BTC,51.38182867,0.0,0.00000001,BTC,470435.0,0.0,0.00021333,107
1,[],26,[],2019-04-21 00:17:26,0.0,0.00000000,0,7385820,2019-04-21 00:17:26,btc,0.0,0.0,0.00000000,btc,0.0,0.0,0.0,107
1,[],5,[],2019-05-08 07:38:40,0.0,0,0,7578424,2019-05-08 07:38:40,btc,0.0,0.0,0,btc,0.0,0.0,0.0,112
0,[],22,[],2019-05-08 07:38:43,0.0,0,0,7578425,2019-05-08 07:38:43,,2.79003697,0.0,0,,1380942.0833333333,0.0,0.0,112
1,[],27,[],2019-05-08 07:38:51,1.0,0.00000001,0.000000000000587165,7578426,2019-05-08 07:38:51,btc,1.25032588,0.0,0.00000001,"btc,eth",1819.0,0.0,1e-08,112
1,[],4,[],2019-05-08 07:38:52,353515.88522023,0.00000160,0.0000000000939464,7578427,2019-05-08 07:38:52,btc,4.805947496677416,0.0,0.00000160,btc,522485.08959677,0.04820511,0.2284319387589091,113
1,[],5,[],2019-05-08 07:38:54,0.0,0,0,7578428,2019-05-08 07:38:54,btc,0.0,0.0,0,btc,0.0,0.0,0.0,113
1,[],17,[],2019-04-26 02:17:47,162738.278,0.00000004,0.0000000000021069000000000002,7461287,2019-04-26 02:17:47,btc,1.3331140273775473,0.0,0.00000004,btc,51796.221,0.0,0.00230953112,116
0,[],27,[],2019-04-26 02:19:51,0.0,0,0,7461288,2019-04-26 02:19:51,,0.0,0.0,0,,0.0,0.0,0.0,116
1,[],4,[],2019-05-07 20:09:28,131822.85721655,0.00001022,0.00000000060230548,7572994,2019-05-07 20:09:28,btc,132.18460413545117,0.0,0.00001022,btc,268070.13193351,0.06918336,1.0489745103085106,120
1,[],7,[],2019-05-07 20:09:30,9501.79941055,0.000011699999999999999788190263583231853772304020822048187255859375,0.0000000006895277999999999,7572995,2019-05-07 20:09:30,btc,231185.88817567716,62.23644451,0.000011699999999999999788190263583231853772304020822048187255859375,btc,4076.97424313,0.00072692,0.018013380795019,120
1,[],20,[],2019-04-07 18:42:29,1914137.0852,0.000000035,0.0000000000017871910000000002,7211992,2019-04-07 18:42:29,btc,32.2497668025648,25528.85,0.000000035,btc,1001975.4986,0.00089350975,0.0152723574729,125
1,[],22,[],2019-05-08 07:38:57,110000.0,0.00000001,0.000000000000587165,7578429,2019-05-08 07:38:57,BTC,0.032061,0.0,0.00000001,BTC,299316.7611111111,0.0,0.0011,126
1,[],4,[],2019-05-08 07:38:58,1859349.43805499,0.00000924,0.00000000054254046,7578430,2019-05-08 07:38:58,btc,3.710388414742137,0.0,0.00000924,btc,168899.37367212,0.07207693,0.4948373917373694,131
0,[],2,[],2019-01-20 23:25:46,0.0,0,0,6476969,2019-01-20 23:25:46,,0.0,0.0,0,,0.0,0.0,0.0,131
1,[],17,[],2019-05-03 01:13:10,10000.0,0.00000001,0.000000000000548003,7559115,2019-05-03 01:13:10,btc,0.0953976503951408,0.0,0.00000001,btc,5037.62507334,0.0,0.0001,131
1,[],4,[],2019-05-08 07:39:00,4705.08560394,0.00012835,0.000000007536262775,7578431,2019-05-08 07:39:00,btc,6.011528332365781,0.0,0.00012835,btc,191.61415747,0.0,0.0073917379568812,135
1,[],3,[],2019-05-08 07:39:01,530498.0,0.00000001,0.000000000000587165,7578432,2019-05-08 07:39:01,btc,0.1029057631805504,129896.5,0.00000001,btc,1124104.34967245,0.0,0.00530498,136
1,[],4,[],2019-05-08 07:39:02,3509014.06982271,0.00000213,0.000000000125066145,7578433,2019-05-08 07:39:02,btc,319.75090203553634,0.0,0.00000213,btc,530734.78453322,0.09361785,0.7516291016673307,137
1,[],12,[],2019-05-08 07:39:03,331700.31201494,0.00000207000000000000008632309277112337753123938455246388912200927734375,0.000000000121543155,7578434,2019-05-08 07:39:03,btc,48520.51793667907,0.0,0.00000207000000000000008632309277112337753123938455246388912200927734375,btc,43308.24229997,6.07695404544e-05,0.0382325399999391,137
1,[],4,[],2019-05-08 07:39:04,48494.61339851,0.00003561,0.000000002090894565,7578435,2019-05-08 07:39:04,btc,5.142439284465765,0.0,0.00003561,btc,70381.93396486,0.34311742,0.1489951406802464,142
1,[],5,[],2019-05-08 07:39:06,0.0,0,0,7578436,2019-05-08 07:39:06,btc,0.0,0.04762727,0,btc,0.0,0.0,0.0,142
1,[],20,[],2019-05-08 07:39:08,167394.915,0.00003401,0.000000001996948165,7578437,2019-05-08 07:39:08,btc,1.7086003245498,0.0,0.00003401,btc,8215.5399,0.0,0.059740781725,142
1,[],22,[],2019-05-08 07:39:11,1370.0,0.00000200,0.000000000117433,7578438,2019-05-08 07:39:11,BTC,3.2756588,0.0,0.00000200,BTC,1135.5948275773155,0.0,0.0003632,142
0.0,[],25,[],2019-05-08 07:39:12,0.0,0,0,7578439,2019-05-08 07:39:12,,0.0,0.0,0.0,btc,0.0,0.0,0.0,142
1,[],28,[],2019-05-08 07:28:31,79102.0,0.00003311,0.0000000019465534550000003,7578285,2019-05-08 07:28:31,btc,0.0632226924,240202.2875,0.00003311,btc,611.87303,0.0,0.07347342,142
1,[],17,[],2019-05-03 01:13:16,32967.38636364,0.00000088,0.000000000048224264,7559122,2019-05-03 01:13:16,btc,20.06976206696776,0.0,0.00000088,btc,2746.079105,0.0,0.0105613000000032,142
0,[],22,[],2019-05-08 07:28:34,0.0,0,0,7578286,2019-05-08 07:28:34,,66.66505393,0.0,0,,938775805.8,0.0,0.0,143
0,[],22,[],2019-02-25 15:42:22,0.0,0,0,6783783,2019-02-25 15:42:22,,4.2131946,0.0,0,,2322156.0,0.0,0.0,146
,[],22,[],2018-11-20 23:01:11,0.0,0,0,4862114,2018-11-20 23:01:11,,2.56807021,0.0,,,61828.4988236,0.0,0.0,147
1,[],12,[],2019-04-21 06:38:04,193091.5971266,0.00000071,0.000000000037635183,7388679,2019-04-21 06:38:04,btc,2.301232411611175,0.0,0.00000071,btc,9957.48302385,0.00023528,0.0313308199999888,148
1,[],4,[],2019-03-19 21:31:25,255810.0415942,0.00000029,0.000000000011615747,6982695,2019-03-19 21:31:25,btc,218.94922712414143,0.0,0.00000029,btc,793529.37642722,0.00117,0.0608347789473395,152
0,[],22,[],2019-03-19 21:31:27,0.0,0,0,6982696,2019-03-19 21:31:27,,0.0,0.0,0,,0.0,0.0,0.0,152
1,[],5,[],2019-04-26 09:36:59,0.0,0,0,7465040,2019-04-26 09:36:59,btc,0.0,0.0,0,btc,0.0,0.0,0.0,153
,[],16,[],2019-01-11 15:38:59,0.0,0,0,6366141,2019-01-11 15:38:59,btc,0.0,0.0,,btc,0.0,0.0,0.0,155
0,[],22,[],2019-05-08 07:40:59,0.0,0,0,7578442,2019-05-08 07:40:59,,6.80191271,0.0,0,,4673448.342592592,0.0,0.0,156
0,[],23,[],2019-01-20 23:24:29,0.0,0,0,6476932,2019-01-20 23:24:29,,0.0,0.0,0,,0.0,0.0,0.0,156
1,[],22,[],2019-05-08 07:41:02,7066.0,0.00000800,0.000000000469732,7578443,2019-05-08 07:41:02,BTC,1.79802465,0.0,0.00000800,BTC,802.6461988741639,0.0,0.00062996,157
0,[],22,[],2019-05-07 22:25:46,0.0,0,0,7574238,2019-05-07 22:25:46,,50234.60468402,0.0,0,,54786159.03179465,0.0,0.0,158
,[],17,[],2018-11-20 22:56:10,0.0,0,0,4861976,2018-11-20 22:56:10,btc,1.1265625,0.0,,btc,1000.0,0.0,0.0,159
,[],20,[],2018-11-20 22:56:12,0.0,0,0,4861977,2018-11-20 22:56:12,btc,11912.7940471,0.0,,btc,34413894.3617,0.0,0.0,159
1,[],12,[],2019-05-08 07:41:03,263206.983633,0.000003719999999999999958717918080441933170732227154076099395751953125,0.00000000021842537999999998,7578444,2019-05-08 07:41:03,btc,13.565150261312349,0.0,0.000003719999999999999958717918080441933170732227154076099395751953125,btc,11974.94438736,0.0044741876328583,0.047817829262980796,168
1,[],17,[],2019-05-03 01:13:36,42852.0,0.00000002,0.000000000001096006,7559132,2019-05-03 01:13:36,btc,0.04279856251542,0.0,0.00000002,btc,274.46171372,0.0,0.00052852,168
1,[],22,[],2019-05-07 03:57:18,743122.0,0.00000001,0.000000000000593596,7562020,2019-05-07 03:57:18,BTC,41.40912107,0.0,0.00000001,BTC,1593401.2737547632,0.00342649,0.00743122,169
1,[],22,[],2019-05-08 07:30:47,193990.0,0.00000002,0.00000000000117581,7578290,2019-05-08 07:30:47,BTC,30.18907168,0.0,0.00000002,BTC,442417.35474695155,8.48e-06,0.0019408,171
1,[],22,[],2019-05-08 07:41:08,194806.1,0.0000001,0.00000000000587165,7578445,2019-05-08 07:41:08,BTC,22.16573643,0.0,0.0000001,"BTC,LTC",658530.8676736787,7.839e-05,0.00886661,173
1,[],5,[],2019-05-06 19:49:32,0.0,0,0,7559281,2019-05-06 19:49:32,btc,0.0,0.00023336,0,btc,0.0,0.0,0.0,175
1,[],22,[],2019-05-08 07:41:11,90671.0,0.00000001,0.000000000000587165,7578446,2019-05-08 07:41:11,BTC,394.0276142,0.0,0.00000001,BTC,136275.61833431243,3.68e-05,0.00090671,176
1,[],7,[],2019-05-08 07:41:13,0.0,0,0,7578447,2019-05-08 07:41:13,btc,520269.7650962537,999.000999,0,btc,18977820.08196943,9.99e-06,0.0,178
0,[],22,[],2019-05-08 07:41:16,0.0,0,0,7578448,2019-05-08 07:41:16,,1.00242428,0.0,0,,57512.0,0.0,0.0,178
0,[],2,[],2019-01-20 23:28:34,0.0,0,0,6477001,2019-01-20 23:28:34,,0.0,0.0,0,,0.0,0.0,0.0,178
1,[],5,[],2019-05-08 07:41:17,0.0,0,0,7578449,2019-05-08 07:41:17,btc,0.0,0.11311006,0,btc,0.0,0.0,0.0,179
1,[],22,[],2019-05-08 07:41:20,3038615.0,0.00000001,0.000000000000587165,7578450,2019-05-08 07:41:20,BTC,5.33210563,0.0,0.00000001,BTC,13997968.411946677,0.00654596,0.03038615,179
0,[],23,[],2019-01-20 23:25:08,0.0,0,0,6476952,2019-01-20 23:25:08,,0.0,0.0,0,,0.0,0.0,0.0,179
1,[],22,[],2019-05-08 07:41:24,650258.971048321,0.00000085,0.000000000049909025,7578451,2019-05-08 07:41:24,BTC,39.25598838,0.0,0.00000085,"BTC,LTC",127608.81110146307,0.02698357,0.56182964,180
1,[],26,[],2019-05-08 07:41:24,0.0,0.00000120,0.0000000000704598,7578452,2019-05-08 07:41:24,btc,0.0,50.0,0.00000120,btc,0.0,0.0,0.0,180
1,[],17,[],2019-05-03 01:13:56,20504.725000000002,0.0000001,0.00000000000548003,7559141,2019-05-03 01:13:56,btc,5.2010695838400265,0.0,0.0000001,btc,5033.45945,0.0,0.0011504725,180
,[],7,[],2018-11-20 22:58:01,562227.975654,0.00000085,0.000000000036176765,4862015,2018-11-20 22:58:01,btc,21836.6059674,2491.87645172,,btc,749999.041456,0.00211021,0.127565380455,183
,[],5,[],2019-01-10 08:11:41,0.0,0,0,6347036,2019-01-10 08:11:41,btc,82.15055501,0.00261,,btc,1.19002445,0.0,0.0,187
1,[],24,[],2019-04-30 17:34:05,0.0,0.000000000014,7.396256000000001e-16,7526291,2019-04-30 17:34:05,btc,0.0,0.0,0.000000000014,btc,0.0,0.0,0.0,187
,[],17,[],2018-11-16 20:58:10,4062536.27273,0.00000001,0.000000000000550501,4708775,2018-11-16 20:58:10,btc,3.36492563466,0.195460381006,,"btc,eth",110697919.549,0.0,0.0157628953496,187
0,[],22,[],2019-04-25 02:54:07,0.0,0,0,7447896,2019-04-25 02:54:07,,7.54794454,0.0,0,,76361.7243344055,0.0,0.0,191
0,[],22,[],2019-05-08 07:41:29,0.0,0,0,7578453,2019-05-08 07:41:29,,0.0,0.0,0,,0.0,0.0,0.0,197
0,[],23,[],2019-01-20 23:31:41,0.0,0,0,6477079,2019-01-20 23:31:41,,0.0,0.0,0,,0.0,0.0,0.0,199
0.00000000012504,[],22,[],2019-05-08 07:41:32,54734331.0,2.5008e-18,1.468382232e-22,7578454,2019-05-08 07:41:32,LTC,18.75578347,0.0,0.00000002,LTC,35255414.0,0.0,0.64068281,199
1,[],26,[],2019-05-08 07:41:32,0.0,0.00000000,0,7578455,2019-05-08 07:41:32,btc,0.0,0.0,0.00000000,btc,0.0,0.0,0.0,199
0,[],2,[],2019-01-20 23:30:49,0.0,0,0,6477059,2019-01-20 23:30:49,,0.0,0.0,0,,0.0,0.0,0.0,201
1,[],4,[],2019-01-25 15:51:35,2084389.58565343,0.00000936,0.000000000333526752,6499557,2019-01-25 15:51:35,btc,2.0092503037378524,0.0,0.00000936,btc,160195.80207885,0.19272417,1.242687955921835,211
1,[],7,[],2019-05-08 07:41:36,16764228.395308949,0.00000088,0.00000000005167052,7578456,2019-05-08 07:41:36,btc,15559126.126315434,142818.913402,0.00000088,btc,12024969.82419836,0.0,1.8656405648613013,212
1,[],5,[],2019-05-07 13:02:51,0.0,0,0,7566706,2019-05-07 13:02:51,btc,0.0,0.43032184,0,btc,0.0,0.0,0.0,213
1,[],24,[],2019-05-07 13:02:52,0.0,0.000000050000,0.000000000002968865,7566707,2019-05-07 13:02:52,btc,0.0,0.0,0.000000050000,btc,0.0,0.0,0.0,213
1,[],26,[],2019-05-07 13:02:52,0.0,0.00000040,0.00000000002375092,7566708,2019-05-07 13:02:52,btc,0.0,0.0,0.00000040,btc,0.0,0.0,0.0,213
1,[],12,[],2019-01-25 02:44:32,207462.42853209,0.000001080000000000000035831255497387193287295303889550268650054931640625,0.000000000038610756000000006,6493050,2019-01-25 02:44:32,btc,85023.03793723314,0.0,0.000001080000000000000035831255497387193287295303889550268650054931640625,btc,43675.73520027,0.000146250909087,0.0348620860622024,213
0,[],22,[],2019-05-08 07:41:38,0.0,0,0,7578457,2019-05-08 07:41:38,,11.27092232,0.0,0,,2240817.2040649247,0.0,0.0,216
1,[],27,[],2019-05-08 07:41:48,30596.0,0.00000001,0.000000000000587165,7578458,2019-05-08 07:41:48,btc,61.55970639203932,3500.0,0.00000001,"btc,ltc",215976.557308,3.5e-05,0.00030596,216
1,[],22,[],2019-05-08 07:41:51,312345.24779948476,0.00000137,0.000000000080441605,7578459,2019-05-08 07:41:51,BTC,12055.03119022,0.0,0.00000137,BTC,451476.0437013252,0.01195864,0.08702591,217
1,[],7,[],2019-05-08 07:41:52,0.0,0,0,7578460,2019-05-08 07:41:52,btc,111302.56967336107,0.0,0,btc,137382971.78428552,0.0,0.0,219
0,[],27,[],2019-05-08 07:41:58,0.0,0,0,7578461,2019-05-08 07:41:58,,0.01810337,0.0,0,btc,1580037.0,0.0,0.0,219
0.0000000000000043000000000000005,[],28,[],2019-05-08 07:31:53,489172109.014,2.580043e-18,1.5168201799150002e-22,7578308,2019-05-08 07:31:53,doge,3650107.1200704193,15727.0,0.00060001,"btc,doge",44730760.5026,0.0,2.7641976786462748e-11,219
1,[],22,[],2019-05-08 07:31:57,398200.0,0.00000004,0.00000000000235162,7578309,2019-05-08 07:31:57,BTC,56.8288224,0.0,0.00000004,BTC,148582.84827387411,0.00101065,0.012982,221
1,[],24,[],2019-05-08 07:31:57,0.0,0.000000010000,0.000000000000587905,7578310,2019-05-08 07:31:57,btc,0.0,0.0,0.000000010000,btc,0.0,0.0,0.0,221
1,[],20,[],2019-05-08 07:42:41,12166794.498,0.000000011,0.0000000000006458814999999999,7578465,2019-05-08 07:42:41,btc,100092.89424664243,0.0,0.000000011,btc,22929825.5625,0.0,0.053329530791,224
0,[],22,[],2019-05-08 07:32:03,0.0,0,0,7578312,2019-05-08 07:32:03,,0.0,0.0,0,,0.0,0.0,0.0,224
1,[],26,[],2019-05-08 07:42:44,0.0,0.00000026,0.00000000001526629,7578467,2019-05-08 07:42:44,btc,0.0,0.0,0.00000026,btc,0.0,0.0,0.0,231
1,[],26,[],2019-05-08 07:42:44,0.0,0.00000005,0.000000000002935825,7578468,2019-05-08 07:42:44,btc,0.0,0.0,0.00000005,btc,0.0,0.0,0.0,234
0.000000000289509,[],27,[],2019-05-08 07:32:24,10000.0,2.8950900000000004e-18,1.7020378864500003e-22,7578315,2019-05-08 07:32:24,eth,0.01134836604,0.0,0.00000001,"btc,eth",11462.996,0.0,2.89509e-14,234
1,[],4,[],2019-04-29 21:02:20,217188.93193785,0.00000080,0.00000000004151584,7514327,2019-04-29 21:02:20,btc,5.239800103892936,0.0,0.00000080,btc,797346.30008933,0.0,0.0590549781555679,236
1,[],24,[],2019-04-29 21:02:20,0.0,0.000000100000,0.00000000000518948,7514328,2019-04-29 21:02:20,btc,0.0,0.0,0.000000100000,btc,0.0,0.0,0.0,236
1,[],5,[],2019-05-06 20:53:15,0.0,0,0,7559637,2019-05-06 20:53:15,btc,0.0,0.20253514,0,btc,0.0,0.0,0.0,237
1,[],20,[],2019-05-06 20:53:18,38173217.6136,0.000000083,0.0000000000047460728,7559638,2019-05-06 20:53:18,btc,21342.514614200165,8832375.7238,0.000000083,btc,27701499.3386,0.7554403456107,1.3621107610479,237
1,[],22,[],2019-05-06 20:53:20,343938.0,0.00000009,0.000000000005146344,7559639,2019-05-06 20:53:20,BTC,1.20267422,0.0,0.00000009,BTC,17930.94871794872,0.0,0.01017442,237
1,[],4,[],2019-05-08 07:42:57,27265449.47280159,0.00000015,0.000000000008807475,7578470,2019-05-08 07:42:57,btc,3.312008330873844,0.0,0.00000015,btc,8894992.2412949,1.19239513,1.352595083485822,238
1,[],5,[],2019-05-08 07:32:27,0.0,0,0,7578317,2019-05-08 07:32:27,btc,0.0,0.03651807,0,btc,0.0,0.0,0.0,238
0,[],22,[],2019-03-12 16:49:32,0.0,0,0,6914458,2019-03-12 16:49:32,,0.40415746,0.0,0,,526736.5639027493,0.0,0.0,249
0,[],22,[],2019-05-08 07:43:03,0.0,0,0,7578472,2019-05-08 07:43:03,,3.66371783,0.0,0,,30800729.985502645,0.0,0.0,252
1,[],28,[],2019-05-08 07:32:33,41561158.199,0.00000035,0.000000000020576675,7578319,2019-05-08 07:32:33,btc,43891.94788316539,143283.349,0.00000035,btc,2881847.7243,0.0,0.6037740771,256
1,[],22,[],2019-05-08 07:32:36,1088993.5,0.00000002,0.00000000000117581,7578320,2019-05-08 07:32:36,BTC,21.88116616,0.0,0.00000002,BTC,522884.63333384093,0.0,0.01124633,258
1,[],22,[],2019-03-13 00:07:30,47146.0,0.00000001,0.000000000000387233,6917028,2019-03-13 00:07:30,BTC,2.415167,0.0,0.00000001,BTC,157.0,0.0,0.00047146,259
1,[],5,[],2019-05-08 07:32:37,0.0,0,0,7578321,2019-05-08 07:32:37,btc,0.0,0.008908,0,btc,0.0,0.0,0.0,264
1,[],20,[],2019-05-08 07:32:39,1263378.5676,0.000001066,0.00000000006267067300000001,7578322,2019-05-08 07:32:39,btc,4.8269570006036,0.0,0.000001066,btc,95751.7266,0.0,0.0202970885515,264
0,[],22,[],2019-04-12 17:57:27,0.0,0,0,7278186,2019-04-12 17:57:27,,66.37522201,0.0,0,,677842.4169881374,0.0,0.0,271
0,[],22,[],2019-05-08 07:32:42,0.0,0,0,7578323,2019-05-08 07:32:42,,33051802.3172899,0.0,0,,15696307799.7,0.0,0.0,272
0.0000000000000043000000000000005,[],28,[],2019-05-08 07:32:44,400736115975.5,1.032e-21,6.0671796e-26,7578324,2019-05-08 07:32:44,doge,26831809.841179468,930730060.07,0.00000024,doge,353980979136.509,0.0,2.21294859105847e-10,272
1,[],22,[],2019-05-08 07:32:48,168039.7,0.00000013,0.000000000007642765,7578325,2019-05-08 07:32:48,BTC,427.42495672,0.0,0.00000013,BTC,249705.37764460206,0.0,0.00918978,281
1,[],22,[],2019-05-08 07:32:53,113561.6,0.00000002,0.00000000000117581,7578326,2019-05-08 07:32:53,BTC,536.90453142,0.0,0.00000002,"BTC,LTC",590775.6256135202,0.00126895,0.00742255,286
0,[],22,[],2019-05-08 07:32:55,0.0,0,0,7578327,2019-05-08 07:32:55,,7337883.38050348,0.0,0,,1307674043.2797825,0.0,0.0,294
