pairValue,buyBook,exchangeId,sellBook,updated,buyTotal,satoshiPrice,usdPrice,exchangeLogId,created,bestPair,sellTotalBtc,volume,pairPrice,activePairs,sellTotal,volumeBtc,buyTotalBtc,coinId
1,[],3,[],2019-05-29 03:27:46,33.170863190409,0.01072541999999999939863215558943920768797397613525390625,0.0000009281016963180001,7704344,2019-05-29 03:27:46,btc,0.2573345679025612,46.9982654936,0.01072541999999999939863215558943920768797397613525390625,btc,13.685399338199,0.0,0.29042288563380286,1
1,[],4,[],2019-05-29 03:27:47,207699.17763233,0.01089015,0.0000009423562609350001,7704345,2019-05-29 03:27:47,btc,7.957865236812637,0.0,0.01089015,btc,324.07541561,1.66618987,0.7921569966315437,1
1,[],5,[],2019-05-29 03:27:50,0.0,0,0,7704346,2019-05-29 03:27:50,btc,0.0,0.00236789,0,btc,0.0,0.0,0.0,1
1,[],10,[],2019-05-29 03:27:53,309937.62546669,0.00666306,0.0000005765739046740001,7704347,2019-05-29 03:27:53,btc,6521.131742764551,1247.18731587,0.00666306,btc,1308.43582649,0.0,2.217058347152311,1
1,[],12,[],2019-05-29 03:27:56,73.22050081,0.010899999999999999966693309261245303787291049957275390625,0.0000009432086100000001,7704348,2019-05-29 03:27:56,btc,0.1897040445454,0.0,0.010899999999999999966693309261245303787291049957275390625,btc,16.467750640000002,0.11267319548,0.2510368197357,1
1,[],21,[],2019-05-29 03:28:00,2056.53418162,0.01089524000000000047982950946,0.0000009427967133960001,7704349,2019-05-29 03:28:00,btc,10.90302355742694,4805.698896020001,0.0108952400000000004798295094587956555187702178955078125,"btc,eth",1346.9669597500001,51.93259262534001,18.167704228502252,1
1,[],22,[],2019-05-29 03:28:05,0.0025666666666666667,0.00900000,0.0000007787961000000001,7704350,2019-05-29 03:28:05,BTC,0.31629903,0.0,0.00900000,BTC,0.2505752479991019,0.0,2.31e-05,1
1,[],24,[],2019-05-29 03:28:06,0.0,0.000000000000,0,7704351,2019-05-29 03:28:06,btc,0.0,0.0,0.000000000000,btc,0.0,0.0,0.0,1
0.0,[],25,[],2019-05-29 03:29:32,0.0,0,0,7704352,2019-05-29 03:29:32,btc,20.122999998950892,0.0,0.0,btc,1735.72872902,0.0,0.0,1
1,[],26,[],2019-05-29 03:29:34,0.0,0,0,7704353,2019-05-29 03:29:34,,0.0,0.0,0,,0.0,0.0,0.0,1
0,[],28,[],2019-05-29 03:30:24,0.0,0,0,7704354,2019-05-29 03:30:24,,0.0,365157.3522,0,,0.0,0.0,0.0,1
1,[],20,[],2019-05-29 02:46:20,972.927,0.01026284,0.0000008876453470080001,7704187,2019-05-29 02:46:20,btc,0.5005757372836,0.1021,0.01026284,btc,41.6494,0.0010478368769,0.1080572850399,1
0,[],2,[],2019-01-20 23:28:45,0.0,0,0,6477011,2019-01-20 23:28:45,,0.0,0.0,0,,0.0,0.0,0.0,1
1,[],5,[],2019-05-29 03:30:25,0.0,0,0,7704355,2019-05-29 03:30:25,btc,0.0,0.00110868,0,btc,0.0,0.0,0.0,2
1,[],22,[],2019-05-29 03:30:29,11638.0,0.0000002,0.000000000017306580000000003,7704356,2019-05-29 03:30:29,BTC,21.00897301,0.0,0.0000002,"BTC,XMR",20678.87287795317,0.0,0.00145435,2
1,[],5,[],2019-05-29 03:30:31,0.0,0,0,7704357,2019-05-29 03:30:31,btc,0.0,0.02459783,0,btc,0.0,0.0,0.0,3
1,[],12,[],2019-05-29 03:30:31,2891647.8145762,0.000000102,0.000000000008826355800000002,7704358,2019-05-29 03:30:31,btc,4527.60514607637,0.0,0.000000102,btc,3282561.01500059,0.077080295683,0.2364448679694838,3
0,[],28,[],2019-05-29 03:30:34,0.0,0,0,7704359,2019-05-29 03:30:34,,0.0,0.0,0,,0.0,0.0,0.0,3
0,[],2,[],2019-01-20 23:31:32,0.0,0,0,6477077,2019-01-20 23:31:32,,0.0,0.0,0,,0.0,0.0,0.0,4
1,[],4,[],2019-05-18 21:29:50,562734.9206932,0.00000010,0.000000000007298720000000001,7650946,2019-05-18 21:29:50,btc,41.9347137769675,0.0,0.00000010,btc,1123702.32192634,0.00052462,0.029254593370966,4
0,[],12,[],2019-05-29 02:48:43,0.0,0,0,7704199,2019-05-29 02:48:43,btc,625.8515339849951,0.0,0,btc,1069352.4995005,0.0,0.0,5
0,[],2,[],2019-01-20 23:31:51,0.0,0,0,6477087,2019-01-20 23:31:51,,0.0,0.0,0,,0.0,0.0,0.0,6
1,[],11,[],2019-05-29 03:30:36,14015489.276736,0.00000002,0.0000000000017306580000000003,7704360,2019-05-29 03:30:36,btc,9578.183324629546,44000.0,0.00000002,btc,59349611.127628,0.0,0.22471877276736,6
1,[],3,[],2019-05-29 03:30:36,1004.758457743792,0.0000888800000000000028389790518446034184307791292667388916015625,0.000000007691044152000001,7704361,2019-05-29 03:30:36,btc,0.058578623606686836,176.533509258,0.0000888800000000000028389790518446034184307791292667388916015625,btc,187.609670453764,0.0,0.024069336815649687,7
1,[],4,[],2019-05-29 03:30:38,359126.78559416,0.00007734,0.000000006692454486000001,7704362,2019-05-29 03:30:38,btc,8.212062074574787,0.0,0.00007734,btc,52303.55384398,3.03516744,3.1879643394317716,7
1,[],5,[],2019-05-29 03:30:41,0.0,0,0,7704363,2019-05-29 03:30:41,btc,0.0,0.54672382,0,btc,0.0,0.0,0.0,7
1,[],20,[],2019-04-07 22:06:50,3201475.0482,0.000000001,0.000000000000051590000000000004,7213932,2019-04-07 22:06:50,btc,30.8005781811902,0.0,0.000000001,btc,23077405.3926,0.0,0.0032014750482,8
1,[],4,[],2019-05-29 03:30:42,21131511.31106876,0.00000048,0.000000000041535792000000007,7704364,2019-05-29 03:30:42,btc,3.4067021420955865,0.0,0.00000048,btc,3327069.80904088,0.30105292,0.4979923347751349,9
0,[],28,[],2019-05-29 03:31:40,0.0,0,0,7704365,2019-05-29 03:31:40,,0.0,3410599.57,0,,0.0,0.0,0.0,9
0,[],2,[],2019-01-20 23:22:42,0.0,0,0,6476876,2019-01-20 23:22:42,,0.0,0.0,0,,0.0,0.0,0.0,9
0,[],23,[],2019-01-20 23:22:48,0.0,0,0,6476878,2019-01-20 23:22:48,,0.0,0.0,0,,0.0,0.0,0.0,9
1,[],1,[],2019-02-17 23:31:42,1822507.21,0.00000181000000000000003456111265232042484285557293333113193511962890625,0.000000000066086901,6701244,2019-02-17 23:31:42,btc,3.6990969245,17153386.5,0.00000181000000000000003456111265232042484285557293333113193511962890625,btc,1997391.71,31.11772986,3.2610482446,9
1,[],4,[],2019-02-17 11:22:43,4341674.27126056,0.00000002,0.0000000000007272960000000001,6696112,2019-02-17 11:22:43,btc,0.1997230937751353,0.0,0.00000002,btc,4109766.79808031,0.00215132,0.0479381022052112,10
1,[],4,[],2019-05-29 03:31:41,8211482.90349022,0.00000047,0.000000000040670463,7704366,2019-05-29 03:31:41,btc,4.778814489683689,0.0,0.00000047,btc,5068037.68983916,0.70399894,1.3570635648983778,12
1,[],5,[],2019-05-29 03:31:42,0.0,0,0,7704367,2019-05-29 03:31:42,btc,0.0,0.02972639,0,btc,0.0,0.0,0.0,12
0.0,[],25,[],2019-05-29 03:33:57,0.0,0,0,7704368,2019-05-29 03:33:57,,0.0,0.0,0.0,btc,0.0,0.0,0.0,12
0,[],2,[],2019-01-20 23:23:08,0.0,0,0,6476890,2019-01-20 23:23:08,,0.0,0.0,0,,0.0,0.0,0.0,12
1,[],4,[],2019-05-29 03:33:58,332248.06303612,0.00000579,0.0000000005010254910000001,7704369,2019-05-29 03:33:58,btc,1.9306405512444933,0.0,0.00000579,btc,244398.96112191,0.35797581,0.4979524803333214,13
1,[],10,[],2019-05-29 03:34:00,652523.44896955,0.00000572,0.0000000004949681880000001,7704370,2019-05-29 03:34:00,btc,666803.2516807609,4949.38721317,0.00000572,btc,861025.83727872,0.0,0.2468138734050473,13
1,[],21,[],2019-05-29 03:34:01,1792851.537231,0.000005910000000000000166665726359,0.000000000511409439,7704371,2019-05-29 03:34:01,btc,2.4897083338797943,519438.71910679,0.0000059100000000000001666657263588167126044936594553291797637939453125,btc,381171.22104193,3.02472712,7.968033794519912,13
1,[],4,[],2019-05-29 03:34:02,802445.15477608,0.00000079,0.00000000006836099100000001,7704372,2019-05-29 03:34:02,btc,3.889140624360057,0.0,0.00000079,btc,854288.10005047,0.00375505,0.054029126365519,14
1,[],12,[],2019-05-29 03:34:03,135884.92053011,0.00000077,0.00000000006663033300000001,7704373,2019-05-29 03:34:03,btc,14.134877983224019,0.0,0.00000077,btc,21543.71741965,0.0,0.0152802399999685,14
1,[],26,[],2019-05-29 03:36:03,0.0,0.00000050,0.00000000004326645,7704374,2019-05-29 03:36:03,btc,0.0,0.0,0.00000050,btc,0.0,0.0,0.0,14
0,[],17,[],2019-05-03 00:53:32,0.0,0,0,7558876,2019-05-03 00:53:32,btc,0.0,0.0,0,btc,0.0,0.0,0.0,14
0,[],4,[],2019-05-29 03:36:04,0.0,0,0,7704375,2019-05-29 03:36:04,,0.0,0.0,0,,0.0,0.0,0.0,15
,[],12,[],2018-12-01 15:15:48,204241.84496,0.00000489,0.000000000202473384,5260204,2018-12-01 15:15:48,btc,49.5475654835,0.0,,btc,35763.2193806,0.0163153972027625,0.0203389899998,15
1,[],4,[],2019-05-29 03:36:06,31628.87334342,0.00001006,0.0000000008705209740000001,7704376,2019-05-29 03:36:06,btc,0.9726034846378555,0.0,0.00001006,btc,11167.12308533,0.04082069,0.0481235582993845,18
1,[],10,[],2019-05-29 03:36:09,487298.8560725,0.0000113,0.00000000097782177,7704377,2019-05-29 03:36:09,btc,15.351280781582071,20875.5336042,0.0000113,btc,14019.22555451,0.0,0.0686022028373942,18
1,[],12,[],2019-05-29 03:36:10,4114.40281953,0.000011800000000000000524818903613333276325647602789103984832763671875,0.0000000010210882200000002,7704378,2019-05-29 03:36:10,btc,0.3989090460683995,0.0,0.000011800000000000000524818903613333276325647602789103984832763671875,btc,1255.87558535,1.433413e-06,0.0109913235688408,18
0,[],2,[],2019-01-20 23:23:38,0.0,0,0,6476906,2019-01-20 23:23:38,,0.0,0.0,0,,0.0,0.0,0.0,18
0,[],17,[],2019-05-03 00:53:39,0.0,0,0,7558882,2019-05-03 00:53:39,btc,0.0,0.0,0,btc,0.0,0.0,0.0,18
1,[],3,[],2019-05-29 03:38:11,148578.91995365906,0.000008260000000000000536779821980193361241617822088301181793212890625,0.0000000007147617540000001,7704379,2019-05-29 03:38:11,btc,0.31439891410959236,3754.77071591,0.000008260000000000000536779821980193361241617822088301181793212890625,btc,5695.111537919751,0.0,0.0482984012333836,19
1,[],4,[],2019-05-29 03:38:11,530742.65695845,0.00000825,0.0000000007138964250000001,7704380,2019-05-29 03:38:11,btc,3.380725085141918,0.0,0.00000825,btc,159811.95143891,0.35402515,0.5978299726949565,19
1,[],5,[],2019-05-29 03:38:13,0.0,0,0,7704381,2019-05-29 03:38:13,btc,0.0,3.447e-05,0,btc,0.0,0.0,0.0,19
1,[],12,[],2019-05-29 03:38:14,15431.28544893,0.00000711999999999999959310326147488012793473899364471435546875,0.0000000006161142480000001,7704382,2019-05-29 03:38:14,btc,0.0584104582663356,0.0,0.00000711999999999999959310326147488012793473899364471435546875,btc,1713.18082631,0.002024146956,0.029147779999512298,19
0,[],27,[],2019-05-29 03:38:22,0.0,0,0,7704383,2019-05-29 03:38:22,,0.0,0.0,0,btc,0.0,0.0,0.0,19
0,[],2,[],2019-01-20 23:24:19,0.0,0,0,6476924,2019-01-20 23:24:19,,0.0,0.0,0,,0.0,0.0,0.0,19
1,[],4,[],2019-05-29 03:38:23,10062076.88478525,0.00000007,0.000000000006057303000000001,7704384,2019-05-29 03:38:23,btc,6.411239436602338,0.0,0.00000007,btc,2322306.93095912,0.0,0.1174938176872809,20
1,[],4,[],2019-05-29 03:38:24,72092660.2473748,0.00000001,0.0000000000008653290000000001,7704385,2019-05-29 03:38:24,btc,1755.8065095211803,0.0,0.00000001,btc,66667649.21973631,0.00439023,0.7209266024737481,21
1,[],12,[],2019-05-29 03:38:25,2431361.0,0.00000001,0.0000000000008653290000000001,7704386,2019-05-29 03:38:25,btc,1010.9711310128372,0.0,0.00000001,btc,5961337.6413586205,0.00030404,0.02431361,21
0,[],17,[],2019-05-03 00:53:51,0.0,0,0,7558891,2019-05-03 00:53:51,btc,0.0,0.0,0,btc,0.0,0.0,0.0,21
1,[],12,[],2019-05-29 02:57:32,5639945071.0,0.0000000003,0.00000000000002594736,7704227,2019-05-29 02:57:32,btc,708188375.1787431,0.0,0.0000000003,btc,3039806637.77023,0.071913540609,1.2336593489,23
0.0000000003102043,[],27,[],2019-05-29 02:57:36,92481951.1414187,9.306129000000001e-18,8.048982645648001e-22,7704228,2019-05-29 02:57:36,eth,1173.957889220437,450739187.87192214,0.00000003,eth,19445483.73473926,6.9910617117033775e-09,5.578821257283745e-10,23
1,[],4,[],2019-05-29 02:57:36,1836876.76668971,0.00000019,0.000000000016433328,7704229,2019-05-29 02:57:36,btc,13.462217132355537,0.0,0.00000019,btc,2123521.42241857,0.00613638,0.0559539807079778,24
1,[],22,[],2019-05-29 02:57:40,21.76,0.00000100,0.00000000008649120000000001,7704230,2019-05-29 02:57:40,BTC,7.415e-05,0.0,0.00000100,BTC,23.919354838709676,0.0,1.186e-05,24
0.0,[],25,[],2019-05-29 02:58:21,0.0,0,0,7704231,2019-05-29 02:58:21,,0.0,0.0,0.0,btc,0.0,0.0,0.0,24
1,[],4,[],2019-05-29 02:58:22,299624.45133271,0.00000421,0.000000000364127952,7704232,2019-05-29 02:58:22,btc,10.114670180291473,0.0,0.00000421,btc,253799.46436902,0.11118803,0.1456009894031014,26
1,[],10,[],2019-05-29 02:58:26,150000.82465063,0.00000357,0.00000000030877358400000006,7704233,2019-05-29 02:58:26,btc,25.50835670384361,6901.12331534,0.00000357,btc,22428.94362364,0.0,0.0318500180297807,26
0,[],2,[],2019-01-20 23:25:56,0.0,0,0,6476976,2019-01-20 23:25:56,,0.0,0.0,0,,0.0,0.0,0.0,26
1,[],5,[],2019-04-26 09:47:06,0.0,0,0,7465326,2019-04-26 09:47:06,btc,0.0,0.0,0,btc,0.0,0.0,0.0,27
1,[],3,[],2019-05-29 02:58:26,10006542.85914303,0.00000001,0.0000000000008649120000000001,7704234,2019-05-29 02:58:26,btc,3.3173938260806506,4995380.03729,0.00000001,btc,24185161.9249126,0.0,0.1000654285914303,27
1,[],11,[],2019-05-29 02:58:27,1070969.08157834,0.00000002,0.0000000000017298240000000003,7704235,2019-05-29 02:58:27,btc,67503.02945665807,19676.5543251,0.00000002,btc,6590405.9414731,0.0,0.0107207058157834,27
1,[],4,[],2019-05-29 02:58:29,1133663186.6597493,0.00000001,0.0000000000008649120000000001,7704236,2019-05-29 02:58:29,btc,5.03810555026917,0.0,0.00000001,"btc,ltc",314760928.5717633,0.0535049,7.791414139708524,29
1,[],7,[],2019-05-29 02:58:30,85534659.40740813,0.00000001,0.0000000000008649120000000001,7704237,2019-05-29 02:58:30,btc,46548272.1104449,37775.7971029,0.00000001,btc,35004876.29077883,0.00044879,0.8553465940740813,29
0,[],17,[],2019-05-03 01:11:25,0.0,0,0,7559066,2019-05-03 01:11:25,btc,0.0,0.0,0,btc,0.0,0.0,0.0,30
1,[],4,[],2019-05-29 02:58:32,15230732.27434879,0.00000006,0.000000000005189472000000001,7704238,2019-05-29 02:58:32,btc,2.711354897330282,0.0,0.00000006,btc,2113631.96996548,0.00147171,0.1688072088165772,30
1,[],4,[],2019-05-29 03:00:33,108411.82121252,0.00004770,0.000000004125630240000001,7704239,2019-05-29 03:00:33,btc,3.749420757198549,0.0,0.00004770,btc,45651.29399573,1.58674709,0.525688424290647,31
1,[],21,[],2019-05-29 03:00:34,130420.462014,0.00004747999999999999941845130191,0.000000004106602176,7704240,2019-05-29 03:00:34,btc,5.575344464860976,444604.65342373,0.00004747999999999999941845130191353518966934643685817718505859375,btc,102618.59019596,21.42575661,5.425359176800137,31
0,[],2,[],2019-01-20 23:28:43,0.0,0,0,6477009,2019-01-20 23:28:43,,0.0,0.0,0,,0.0,0.0,0.0,32
1,[],12,[],2019-03-30 07:55:10,40641173.964,0.00000003,0.000000000001228359,7108785,2019-03-30 07:55:10,btc,4233210.82356125,0.0,0.00000003,btc,28378394.68333462,0.0126927883965248,0.90752895892,33
0,[],4,[],2019-05-29 03:00:35,0.0,0,0,7704241,2019-05-29 03:00:35,,0.0,0.0,0,,0.0,0.0,0.0,33
0.0000000001303329,[],4,[],2019-05-29 03:00:37,509428373.6884114,2.7369908999999998e-17,2.3672562733008e-21,7704242,2019-05-29 03:00:37,ltc,3.507826656855152,0.0,0.00000021,ltc,154334893.97328898,0.0,2.015107075438446e-09,34
1,[],5,[],2019-05-29 03:00:39,0.0,0,0,7704243,2019-05-29 03:00:39,btc,0.0,2.593e-05,0,btc,0.0,0.0,0.0,34
0.0000000002926451,[],17,[],2019-05-02 18:17:47,200000.0,2.9264510000000002e-18,1.596703856561e-22,7556430,2019-05-02 18:17:47,eth,0.20942468735267253,0.0,0.00000001,"btc,eth",1018272.20243647,0.0,5.852902e-13,36
0.0000000001303329,[],4,[],2019-05-29 03:00:40,80740056.16077778,1.303329e-18,1.1272648920480002e-22,7704244,2019-05-29 03:00:40,ltc,4.984267524319506e-08,0.0,0.00000001,ltc,7087906061.087266,0.0,1.0523085665597034e-10,36
1,[],5,[],2019-05-29 03:00:42,0.0,0,0,7704245,2019-05-29 03:00:42,btc,0.0,0.0,0,btc,0.0,0.0,0.0,36
0.0000000003102043,[],27,[],2019-05-29 03:02:52,19025417.0,9.306129000000001e-18,8.048982645648001e-22,7704246,2019-05-29 03:02:52,eth,1671.09537168,503602838.0,0.00000003,"ltc,eth",5525577.0,4.686592975194103e-09,1.01342702952869e-10,36
1,[],17,[],2019-05-03 01:11:36,211752.74075282,0.00000025,0.000000000013700074999999998,7559074,2019-05-03 01:11:36,btc,0.055484923955058496,0.0,0.00000025,"btc,eth",1387.19918473,0.0,0.0005381851887916605,37
1,[],4,[],2019-05-29 03:02:53,9940010.63087131,0.00000018,0.000000000015568416,7704247,2019-05-29 03:02:53,btc,19772.590420315042,0.0,0.00000018,btc,750403.83310403,0.00990584,0.1348436929263104,37
1,[],12,[],2019-05-29 03:02:53,3730284.33528572,0.00000019,0.000000000016433328000000004,7704248,2019-05-29 03:02:53,btc,8.349437826839239,0.0,0.00000019,btc,931779.42018847,0.031079080965,0.1773500404442866,37
1,[],27,[],2019-05-29 03:04:59,6187.0,0.00000016,0.000000000013838592000000002,7704249,2019-05-29 03:04:59,btc,24.11463822903233,0.0,0.00000016,btc,5792.59438508,0.0,0.00076392,37
1,[],5,[],2019-05-29 03:05:01,0.0,0,0,7704250,2019-05-29 03:05:01,btc,0.0,0.00038882,0,btc,0.0,0.0,0.0,42
1,[],12,[],2019-05-29 03:05:03,132105.80089728,0.00000093,0.000000000080436816,7704251,2019-05-29 03:05:03,btc,24.761849595645494,0.0,0.00000093,btc,71301.08235897,0.015907259155,0.0470171699999577,42
1,[],27,[],2019-05-29 03:05:22,506.0,0.00000002,0.0000000000017298240000000003,7704252,2019-05-29 03:05:22,btc,0.39085425,0.0,0.00000002,"btc,eth",735.0,0.0,6.000000325900638e-06,42
1,[],12,[],2019-03-13 09:13:29,1112112.0,0.00000001,0.000000000000386531,6919902,2019-03-13 09:13:29,btc,29058.00478931866,0.0,0.00000001,btc,5967681.93306694,9.99000999e-07,0.01112112,43
1,[],5,[],2019-04-26 22:38:52,0.0,0,0,7474154,2019-04-26 22:38:52,btc,0.0,0.02638891,0,btc,0.0,0.0,0.0,43
0,[],17,[],2019-04-26 22:38:53,0.0,0,0,7474155,2019-04-26 22:38:53,btc,0.0,0.0,0,btc,0.0,0.0,0.0,43
1,[],12,[],2019-03-05 01:54:08,639326.02,0.00000004,0.000000000001486676,6845775,2019-03-05 01:54:08,btc,11116042.728239931,0.0,0.00000004,btc,1103841.4595604,0.0003330765234764,0.014975410599999999,44
1,[],4,[],2019-05-29 03:05:23,115385661.0136598,0.00000001,0.0000000000008649120000000001,7704253,2019-05-29 03:05:23,btc,291324.218488895,0.0,0.00000001,"btc,ltc",27225182.05887069,0.00880081,0.07919336773472292,49
0.0000000001303329,[],4,[],2019-05-29 03:05:24,136284981.94031173,3.7796541e-17,3.2690681869392004e-21,7704254,2019-05-29 03:05:24,ltc,22049.951165799004,0.0,0.00000029,ltc,159381979.4488539,0.0,7.446231276236651e-10,52
0,[],22,[],2019-05-29 03:05:27,0.0,0,0,7704255,2019-05-29 03:05:27,,10289.55991011,0.0,0,,308568058.4566013,0.0,0.0,57
0,[],27,[],2019-05-29 03:05:38,0.0,0,0,7704256,2019-05-29 03:05:38,,0.0,0.0,0,"btc,eth",0.0,0.0,0.0,57
1,[],17,[],2019-05-03 01:12:09,1200000.0,0.0000000001,0.00000000000000548003,7559085,2019-05-03 01:12:09,btc,1e+24,0.0,0.0000000001,"btc,eth",39516342.31952568,0.0,0.00010000000058666061,58
0.0000000001303329,[],4,[],2019-05-29 03:05:39,2693628841.494031,1.303329e-18,1.1272648920480002e-22,7704257,2019-05-29 03:05:39,ltc,19.26387138932898,0.0,0.00000001,ltc,5780746102.343987,0.0,3.510684584355574e-09,58
1,[],12,[],2019-05-29 03:05:40,1104552693.0,0.0000000001,0.000000000000008649120000000002,7704258,2019-05-29 03:05:40,btc,2250076.030416815,0.0,0.0000000001,btc,2521374998.1678324,0.084797557049,0.1104552693,58
0.00000000010868890000000001,[],22,[],2019-05-29 03:07:45,126877.0,1.0868890000000001e-18,9.400633387680002e-23,7704259,2019-05-29 03:07:45,XMR,68.17454206,0.0,0.00000001,XMR,9626402.6,0.0,0.00126877,58
1,[],5,[],2019-05-29 03:07:47,0.0,0,0,7704260,2019-05-29 03:07:47,btc,0.0,0.0106454,0,btc,0.0,0.0,0.0,61
1,[],22,[],2019-05-29 03:07:50,13613.833333333334,0.00000012,0.000000000010378944000000002,7704261,2019-05-29 03:07:50,BTC,1002.29123003,0.0,0.00000012,BTC,15014.200177125656,0.0,0.00153269,61
1,[],26,[],2019-05-29 03:07:51,0.0,0.00000050,0.000000000043245600000000005,7704262,2019-05-29 03:07:51,btc,0.0,0.0,0.00000050,btc,0.0,0.0,0.0,61
1,[],27,[],2019-05-29 03:07:57,15549.0,0.0000002,0.000000000017298240000000003,7704263,2019-05-29 03:07:57,btc,1.9582485601246655,0.0,0.0000002,"btc,eth",11379.41563696,0.0,0.00288918,61
0,[],28,[],2019-05-29 03:08:00,0.0,0,0,7704264,2019-05-29 03:08:00,,0.0,758.0,0,,0.0,0.0,0.0,61
1,[],4,[],2019-05-29 03:08:01,975732.16456453,0.00000080,0.00000000006919296000000001,7704265,2019-05-29 03:08:01,btc,2.5760812320899604,0.0,0.00000080,btc,847590.06711679,0.04412978,0.5689267636808061,67
0.0,[],25,[],2019-05-29 03:10:20,0.0,0,0,7704266,2019-05-29 03:10:20,,0.0,0.0,0.0,btc,0.0,0.0,0.0,67
1,[],12,[],2019-05-29 03:10:22,810266.0,0.00000005,0.00000000000432456,7704267,2019-05-29 03:10:22,btc,5.169350223486511,0.0,0.00000005,btc,774063.97902094,1.4647951e-05,0.01754446,71
,[],5,[],2018-11-20 23:02:39,1.5e-07,0.00000005,0.000000000002128045,4862160,2018-11-20 23:02:39,btc,2.84511358,0.0,,btc,0.00036572,0.0,0.07381892,74
1,[],5,[],2019-05-29 03:10:24,0.0,0,0,7704268,2019-05-29 03:10:24,btc,0.0,0.02215549,0,btc,0.0,0.0,0.0,75
0,[],4,[],2019-05-25 21:33:44,0.0,0,0,7686249,2019-05-25 21:33:44,,133656.37989170782,0.0,0,,33439209.5909442,0.0,0.0,81
0,[],20,[],2019-01-25 09:30:31,0.0,0,0,6495923,2019-01-25 09:30:31,btc,0.0,0.0,0,btc,0.0,0.0,0.0,81
1,[],4,[],2019-05-29 03:10:26,32913.45837183,0.00011750,0.000000010162716000000002,7704269,2019-05-29 03:10:26,btc,22.865572832481767,0.0,0.00011750,btc,12062.20937541,5.93884639,0.8070636944179425,82
1,[],21,[],2019-05-29 03:10:27,105444.37040387,0.0001061800000000000032207916889,0.000000009183635616000002,7704270,2019-05-29 03:10:27,btc,16.75340102389474,830852.59921237,0.000106180000000000003220791688907098659910843707621097564697265625,btc,106892.94099907,116.9885498,8.465688827751736,82
0,[],17,[],2019-03-25 22:42:34,0.0,0,0,7038780,2019-03-25 22:42:34,btc,0.0445064681804024,0.0,0,btc,995513.18476001,0.0,0.0,84
0.0000000001161485,[],4,[],2019-05-20 13:09:39,216715621.0206096,1.161485e-18,9.0533806701e-23,7657228,2019-05-20 13:09:39,ltc,1.6511566870244727,0.0,0.00000001,ltc,471032407.9048656,0.0,2.5171194308112273e-10,85
,[],22,[],2018-11-20 23:09:34,3408.1,0.0000001,0.0000000000041895,4862324,2018-11-20 23:09:34,BTC,0.04624735,0.0,,BTC,4990.0,0.0,0.00033081,86
1,[],22,[],2019-05-29 03:10:30,65156.0,0.00000001,0.0000000000008649120000000001,7704271,2019-05-29 03:10:30,BTC,1.45608405,0.0,0.00000001,BTC,314587.29736842104,0.0,0.00065156,87
0,[],27,[],2019-05-29 03:10:41,0.0,0,0,7704272,2019-05-29 03:10:41,,4.962566382816,0.0,0,btc,66120.49241,0.0,0.0,87
,[],2,[],2018-11-20 23:10:47,0.0,0,0,4862359,2018-11-20 23:10:47,,0.0,0.0,,,0.0,0.0,0.0,88
1,[],11,[],2019-05-29 03:10:42,344544.74429819,0.000080000000000000006544244313122504763668985106050968170166015625,0.0000000069192960000000015,7704273,2019-05-29 03:10:42,btc,186.4508263198,4.57642795,0.000080000000000000006544244313122504763668985106050968170166015625,btc,238714.24057889,0.0,2.389040629841697,89
0,[],2,[],2019-01-20 23:31:45,0.0,0,0,6477083,2019-01-20 23:31:45,,0.0,0.0,0,,0.0,0.0,0.0,91
0,[],17,[],2019-05-03 01:12:26,0.0,0,0,7559096,2019-05-03 01:12:26,btc,0.0,0.0,0,btc,0.0,0.0,0.0,91
1,[],12,[],2019-05-29 03:10:43,203476.96942025,0.00000031,0.000000000026812272000000002,7704274,2019-05-29 03:10:43,btc,87.63903342840507,0.0,0.00000031,btc,107326.39555554,0.002185838714,0.0111619946999906,91
1,[],22,[],2019-05-29 03:12:47,75910.55,0.0000002,0.000000000017298240000000003,7704275,2019-05-29 03:12:47,BTC,0.495,0.0,0.0000002,"BTC,LTC",4.95,0.0,0.00165931,91
1,[],22,[],2019-04-09 20:17:52,374949.73333333334,0.00000015,0.000000000007771935,7235704,2019-04-09 20:17:52,BTC,6.87372503,0.0,0.00000015,"BTC,LTC",159980.01196797504,1.1e-05,0.80510266,95
0,[],17,[],2019-05-03 01:12:32,0.0,0,0,7559100,2019-05-03 01:12:32,btc,0.0,0.0,0,btc,0.0,0.0,0.0,96
0.0000000001303329,[],4,[],2019-05-29 03:12:49,556868424.4583035,2.9976567e-17,2.5927092517104004e-21,7704276,2019-05-29 03:12:49,ltc,11.346369954198014,0.0,0.00000023,ltc,154055150.04246393,0.0,1.139945023852913e-09,96
0,[],12,[],2019-05-29 03:12:50,0.0,0,0,7704277,2019-05-29 03:12:50,btc,10.510150150379621,0.0,0,btc,7826059.03796204,0.0,0.0,96
1,[],4,[],2019-04-14 03:32:46,1039404.33283278,0.00000038,0.000000000019245518,7293458,2019-04-14 03:32:46,btc,4.170086055365747,0.0,0.00000038,btc,3097704.34561074,0.06260606,0.1859928211030784,99
0,[],2,[],2019-01-20 23:23:55,0.0,0,0,6476914,2019-01-20 23:23:55,,0.0,0.0,0,,0.0,0.0,0.0,100
1,[],4,[],2019-05-29 03:14:51,201417.21762325,0.00001701,0.000000001471215312,7704278,2019-05-29 03:14:51,btc,6.7709645466629205,0.0,0.00001701,btc,133396.53575886,0.50203586,0.3213174545228124,100
1,[],22,[],2019-05-29 03:14:54,150000.0,0.00000002,0.0000000000017298240000000003,7704279,2019-05-29 03:14:54,BTC,24.83526409,0.0,0.00000002,BTC,11187.719,0.0,0.0017,101
1,[],4,[],2019-05-29 03:14:55,527596.32987914,0.00000142,0.000000000122817504,7704280,2019-05-29 03:14:55,btc,362.11656440894177,0.0,0.00000142,btc,591134.06788003,0.06565103,0.1535858824099859,103
1,[],12,[],2019-05-29 03:14:57,140487249.83268034,0.000000004,0.00000000000034596480000000007,7704281,2019-05-29 03:14:57,btc,2380.495355412589,0.0,0.000000004,btc,62959724.71179324,0.014651324818,0.1712062973307214,105
1,[],27,[],2019-05-29 03:15:04,10990.0,0.00000001,0.0000000000008649120000000001,7704282,2019-05-29 03:15:04,btc,0.3116878823531397,168024.66656843,0.00000001,btc,594759.35947933,0.01344197,0.0001099,105
1,[],22,[],2019-04-21 00:17:26,21333.0,0.00000001,0.000000000000532493,7385819,2019-04-21 00:17:26,BTC,51.38182867,0.0,0.00000001,BTC,470435.0,0.0,0.00021333,107
1,[],26,[],2019-04-21 00:17:26,0.0,0.00000000,0,7385820,2019-04-21 00:17:26,btc,0.0,0.0,0.00000000,btc,0.0,0.0,0.0,107
1,[],5,[],2019-05-29 03:15:07,0.0,0,0,7704283,2019-05-29 03:15:07,btc,0.0,0.0,0,btc,0.0,0.0,0.0,112
0,[],22,[],2019-05-29 03:15:10,0.0,0,0,7704284,2019-05-29 03:15:10,,6.79725781,0.0,0,,3374992.0833333335,0.0,0.0,112
1,[],27,[],2019-05-29 03:15:24,1.0,0.00000001,0.0000000000008649120000000001,7704285,2019-05-29 03:15:24,btc,1.15032588,0.0,0.00000001,"btc,eth",1818.0,0.0,1e-08,112
1,[],4,[],2019-05-29 03:15:24,276572.04519624,0.00000084,0.00000000007265260800000001,7704286,2019-05-29 03:15:24,btc,5.514743170114874,0.0,0.00000084,btc,608449.87087378,0.00171356,0.169849555467539,113
1,[],5,[],2019-05-29 03:15:26,0.0,0,0,7704287,2019-05-29 03:15:26,btc,0.0,0.0,0,btc,0.0,0.0,0.0,113
1,[],17,[],2019-04-26 02:17:47,162738.278,0.00000004,0.0000000000021069000000000002,7461287,2019-04-26 02:17:47,btc,1.3331140273775473,0.0,0.00000004,btc,51796.221,0.0,0.00230953112,116
1,[],27,[],2019-05-22 05:13:01,210000.0,0.00000001,0.00000000000079145,7666372,2019-05-22 05:13:01,btc,3919.0005001478,0.0,0.00000001,btc,128660.871,0.0,0.0021,116
1,[],4,[],2019-05-21 22:31:11,138169.03963019,0.00000701,0.000000000558364025,7664793,2019-05-21 22:31:11,btc,150.95388250938234,0.0,0.00000701,btc,344631.17141974,0.07552974,0.4288357684941946,120
1,[],7,[],2019-05-21 22:31:12,3901.07750076,0.000010679999999999999389654892212320191902108490467071533203125,0.0000000008506887,7664794,2019-05-21 22:31:12,btc,231188.94669936574,0.0,0.000010679999999999999389654892212320191902108490467071533203125,btc,4133.83151364,0.0,0.0113888422364489,120
1,[],20,[],2019-04-07 18:42:29,1914137.0852,0.000000035,0.0000000000017871910000000002,7211992,2019-04-07 18:42:29,btc,32.2497668025648,25528.85,0.000000035,btc,1001975.4986,0.00089350975,0.0152723574729,125
1,[],22,[],2019-05-29 03:15:30,10000.0,0.00000001,0.0000000000008649120000000001,7704288,2019-05-29 03:15:30,BTC,0.032061,0.0,0.00000001,BTC,299316.7611111111,0.0,0.0001,126
0,[],2,[],2019-01-20 23:25:46,0.0,0,0,6476969,2019-01-20 23:25:46,,0.0,0.0,0,,0.0,0.0,0.0,131
1,[],17,[],2019-05-03 01:13:10,10000.0,0.00000001,0.000000000000548003,7559115,2019-05-03 01:13:10,btc,0.0953976503951408,0.0,0.00000001,btc,5037.62507334,0.0,0.0001,131
1,[],4,[],2019-05-29 03:15:31,249118.99072777,0.00000661,0.000000000571706832,7704289,2019-05-29 03:15:31,btc,5.106232792982708,0.0,0.00000661,btc,168658.8285511,0.35805635,0.5102265544970896,131
1,[],4,[],2019-05-29 03:17:31,4750.95943253,0.00007919,0.0000000068492381280000005,7704290,2019-05-29 03:17:31,btc,5.031630860569891,0.0,0.00007919,btc,200.49216285,0.0,0.0070232248095403,135
1,[],3,[],2019-05-29 03:17:32,124652.22392675,0.00000001,0.0000000000008649120000000001,7704291,2019-05-29 03:17:32,btc,0.22223985285856068,1577354.09937,0.00000001,btc,1890517.43168451,0.0,0.0012465222392675,136
1,[],4,[],2019-05-29 03:17:33,2789904.75922747,0.00000185,0.00000000016000872,7704292,2019-05-29 03:17:33,btc,108.40811267910985,0.0,0.00000185,btc,481461.39328321,0.08723566,0.5826234895248634,137
1,[],12,[],2019-05-29 03:17:35,89078.82952573,0.00000176000000000000008976326626441988310034503228962421417236328125,0.00000000015222451200000004,7704293,2019-05-29 03:17:35,btc,57.78094916607838,0.0,0.00000176000000000000008976326626441988310034503228962421417236328125,btc,49858.56053943,0.000344189946,0.0182472199999159,137
1,[],17,[],2019-05-03 01:13:16,32967.38636364,0.00000088,0.000000000048224264,7559122,2019-05-03 01:13:16,btc,20.06976206696776,0.0,0.00000088,btc,2746.079105,0.0,0.0105613000000032,142
1,[],4,[],2019-05-29 03:17:36,54814.77414946,0.00001761,0.0000000015231100320000001,7704294,2019-05-29 03:17:36,btc,9.506480664851539,0.0,0.00001761,btc,149040.038922,2.31007216,0.3227895306151064,142
1,[],5,[],2019-05-29 03:17:38,0.0,0,0,7704295,2019-05-29 03:17:38,btc,0.0,0.08881901,0,btc,0.0,0.0,0.0,142
1,[],20,[],2019-05-29 03:19:40,209000.244,0.00001423,0.0000000012307697760000002,7704296,2019-05-29 03:19:40,btc,1.6088959624673,141.1016,0.00001423,btc,9872.7963,0.002158069378,0.0183295654943,142
1,[],22,[],2019-05-29 03:19:43,11028.645,0.00001000,0.0000000008649120000000001,7704297,2019-05-29 03:19:43,BTC,3.2754788,0.0,0.00001000,BTC,1133.9993657797618,0.0,0.00745365,142
0.0,[],25,[],2019-05-29 03:21:09,0.0,0,0,7704298,2019-05-29 03:21:09,,0.0,0.0,0.0,btc,0.0,0.0,0.0,142
0,[],28,[],2019-05-29 03:21:11,0.0,0,0,7704299,2019-05-29 03:21:11,,0.0,0.0,0,,0.0,0.0,0.0,142
0,[],22,[],2019-05-29 03:21:14,0.0,0,0,7704300,2019-05-29 03:21:14,,65.51518676,0.0,0,,839924755.3,0.0,0.0,143
0,[],22,[],2019-02-25 15:42:22,0.0,0,0,6783783,2019-02-25 15:42:22,,4.2131946,0.0,0,,2322156.0,0.0,0.0,146
,[],22,[],2018-11-20 23:01:11,0.0,0,0,4862114,2018-11-20 23:01:11,,2.56807021,0.0,,,61828.4988236,0.0,0.0,147
1,[],12,[],2019-04-21 06:38:04,193091.5971266,0.00000071,0.000000000037635183,7388679,2019-04-21 06:38:04,btc,2.301232411611175,0.0,0.00000071,btc,9957.48302385,0.00023528,0.0313308199999888,148
1,[],4,[],2019-03-19 21:31:25,255810.0415942,0.00000029,0.000000000011615747,6982695,2019-03-19 21:31:25,btc,218.94922712414143,0.0,0.00000029,btc,793529.37642722,0.00117,0.0608347789473395,152
0,[],22,[],2019-03-19 21:31:27,0.0,0,0,6982696,2019-03-19 21:31:27,,0.0,0.0,0,,0.0,0.0,0.0,152
1,[],5,[],2019-04-26 09:36:59,0.0,0,0,7465040,2019-04-26 09:36:59,btc,0.0,0.0,0,btc,0.0,0.0,0.0,153
,[],16,[],2019-01-11 15:38:59,0.0,0,0,6366141,2019-01-11 15:38:59,btc,0.0,0.0,,btc,0.0,0.0,0.0,155
0,[],23,[],2019-01-20 23:24:29,0.0,0,0,6476932,2019-01-20 23:24:29,,0.0,0.0,0,,0.0,0.0,0.0,156
0,[],22,[],2019-05-29 03:21:17,0.0,0,0,7704301,2019-05-29 03:21:17,,7.44455324,0.0,0,,5955762.942592593,0.0,0.0,156
1,[],22,[],2019-05-29 03:21:21,6996.0,0.00000001,0.0000000000008649120000000001,7704302,2019-05-29 03:21:21,BTC,1.76021712,0.0,0.00000001,BTC,157.24105780640787,0.0,6.996e-05,157
0,[],22,[],2019-05-21 23:40:32,0.0,0,0,7665049,2019-05-21 23:40:32,,50234.60468402,0.0,0,,54786159.03179465,0.0,0.0,158
,[],17,[],2018-11-20 22:56:10,0.0,0,0,4861976,2018-11-20 22:56:10,btc,1.1265625,0.0,,btc,1000.0,0.0,0.0,159
,[],20,[],2018-11-20 22:56:12,0.0,0,0,4861977,2018-11-20 22:56:12,btc,11912.7940471,0.0,,btc,34413894.3617,0.0,0.0,159
1,[],12,[],2019-05-24 02:51:20,9178.522006449999,0.00000191999999999999982841307998027158276954651228152215480804443359375,0.000000000151222656,7676256,2019-05-24 02:51:20,btc,149.80414728631675,0.0,0.00000191999999999999982841307998027158276954651228152215480804443359375,btc,1115.7451448499999,0.01783167678326,0.0120075778999181,168
1,[],17,[],2019-05-03 01:13:36,42852.0,0.00000002,0.000000000001096006,7559132,2019-05-03 01:13:36,btc,0.04279856251542,0.0,0.00000002,btc,274.46171372,0.0,0.00052852,168
1,[],22,[],2019-05-17 03:01:52,10.0,0.00000001,0.000000000000778341,7642059,2019-05-17 03:01:52,BTC,41.95893009,0.0,0.00000001,BTC,1753972.7737547632,0.0,1e-07,169
1,[],22,[],2019-05-29 03:21:26,208664.0,0.00000003,0.0000000000025947360000000004,7704303,2019-05-29 03:21:26,BTC,27.86993734,0.0,0.00000003,BTC,462189.5785507793,0.0,0.00238192,171
1,[],22,[],2019-05-29 03:21:30,349870.0,0.00000002,0.0000000000017298240000000003,7704304,2019-05-29 03:21:30,BTC,24.0589665,0.0,0.00000002,"BTC,LTC",1220594.4355616204,0.0,0.0039847,173
1,[],5,[],2019-05-29 03:21:33,0.0,0,0,7704305,2019-05-29 03:21:33,btc,0.0,0.0154941,0,btc,0.0,0.0,0.0,175
1,[],22,[],2019-05-29 03:21:37,90671.0,0.00000001,0.0000000000008649120000000001,7704306,2019-05-29 03:21:37,BTC,394.35459412,0.0,0.00000001,BTC,136275.61833431243,0.0,0.00090671,176
0,[],2,[],2019-01-20 23:28:34,0.0,0,0,6477001,2019-01-20 23:28:34,,0.0,0.0,0,,0.0,0.0,0.0,178
1,[],7,[],2019-05-29 03:21:39,0.0,0,0,7704307,2019-05-29 03:21:39,btc,522274.25947484357,0.0,0,btc,26937838.34310775,0.0,0.0,178
0,[],22,[],2019-05-29 03:21:42,0.0,0,0,7704308,2019-05-29 03:21:42,,1.00242428,0.0,0,,57512.0,0.0,0.0,178
0,[],23,[],2019-01-20 23:25:08,0.0,0,0,6476952,2019-01-20 23:25:08,,0.0,0.0,0,,0.0,0.0,0.0,179
1,[],5,[],2019-05-29 03:21:44,0.0,0,0,7704309,2019-05-29 03:21:44,btc,0.0,0.00906461,0,btc,0.0,0.0,0.0,179
0,[],22,[],2019-05-29 03:21:47,0.0,0,0,7704310,2019-05-29 03:21:47,,5.31470813,0.0,0,,13446409.311946675,0.0,0.0,179
1,[],17,[],2019-05-03 01:13:56,20504.725000000002,0.0000001,0.00000000000548003,7559141,2019-05-03 01:13:56,btc,5.2010695838400265,0.0,0.0000001,btc,5033.45945,0.0,0.0011504725,180
1,[],22,[],2019-05-29 03:23:51,674941.0606446359,0.00000110,0.00000000009514032000000001,7704311,2019-05-29 03:23:51,BTC,39.20345665,0.0,0.00000110,"BTC,LTC",154955.68289158275,0.02756591,0.57437894,180
1,[],26,[],2019-05-29 03:23:51,0.0,0.00000010,0.000000000008649120000000001,7704312,2019-05-29 03:23:51,btc,0.0,0.0,0.00000010,btc,0.0,0.0,0.0,180
,[],7,[],2018-11-20 22:58:01,562227.975654,0.00000085,0.000000000036176765,4862015,2018-11-20 22:58:01,btc,21836.6059674,2491.87645172,,btc,749999.041456,0.00211021,0.127565380455,183
,[],5,[],2019-01-10 08:11:41,0.0,0,0,6347036,2019-01-10 08:11:41,btc,82.15055501,0.00261,,btc,1.19002445,0.0,0.0,187
,[],17,[],2018-11-16 20:58:10,4062536.27273,0.00000001,0.000000000000550501,4708775,2018-11-16 20:58:10,btc,3.36492563466,0.195460381006,,"btc,eth",110697919.549,0.0,0.0157628953496,187
1,[],24,[],2019-05-22 21:04:52,0.0,0.000000000014,0.0000000000000010960978,7670219,2019-05-22 21:04:52,btc,0.0,0.0,0.000000000014,btc,0.0,0.0,0.0,187
0,[],22,[],2019-04-25 02:54:07,0.0,0,0,7447896,2019-04-25 02:54:07,,7.54794454,0.0,0,,76361.7243344055,0.0,0.0,191
0,[],22,[],2019-05-29 03:23:55,0.0,0,0,7704313,2019-05-29 03:23:55,,0.0,0.0,0,,0.0,0.0,0.0,197
0,[],23,[],2019-01-20 23:31:41,0.0,0,0,6477079,2019-01-20 23:31:41,,0.0,0.0,0,,0.0,0.0,0.0,199
0,[],22,[],2019-05-29 03:23:59,0.0,0,0,7704314,2019-05-29 03:23:59,,10.92971999,0.0,0,,99450037.0,0.0,0.0,199
1,[],26,[],2019-05-29 03:24:00,0.0,0.00000000,0,7704315,2019-05-29 03:24:00,btc,0.0,0.0,0.00000000,btc,0.0,0.0,0.0,199
0,[],2,[],2019-01-20 23:30:49,0.0,0,0,6477059,2019-01-20 23:30:49,,0.0,0.0,0,,0.0,0.0,0.0,201
1,[],4,[],2019-01-25 15:51:35,2084389.58565343,0.00000936,0.000000000333526752,6499557,2019-01-25 15:51:35,btc,2.0092503037378524,0.0,0.00000936,btc,160195.80207885,0.19272417,1.242687955921835,211
1,[],7,[],2019-05-29 03:24:03,1180678966.8053396,0.00000052,0.000000000044975424000000004,7704316,2019-05-29 03:24:03,btc,15202333.172849104,557495.961269,0.00000052,btc,8708509.46397707,0.0,13.372567772594913,212
1,[],12,[],2019-01-25 02:44:32,207462.42853209,0.000001080000000000000035831255497387193287295303889550268650054931640625,0.000000000038610756000000006,6493050,2019-01-25 02:44:32,btc,85023.03793723314,0.0,0.000001080000000000000035831255497387193287295303889550268650054931640625,btc,43675.73520027,0.000146250909087,0.0348620860622024,213
1,[],5,[],2019-05-29 03:24:06,0.0,0,0,7704317,2019-05-29 03:24:06,btc,0.0,0.04186806,0,btc,0.0,0.0,0.0,213
1,[],24,[],2019-05-29 03:24:06,0.0,0.000000399202,0.0000000000345274600224,7704318,2019-05-29 03:24:06,btc,0.0,0.0,0.000000399202,btc,0.0,0.0,0.0,213
1,[],26,[],2019-05-29 03:24:06,0.0,0.00000040,0.000000000034596480000000006,7704319,2019-05-29 03:24:06,btc,0.0,0.0,0.00000040,btc,0.0,0.0,0.0,213
0,[],22,[],2019-05-29 03:24:09,0.0,0,0,7704320,2019-05-29 03:24:09,,9.61445386,0.0,0,,3661587.094064925,0.0,0.0,216
0,[],27,[],2019-05-29 03:24:18,0.0,0,0,7704321,2019-05-29 03:24:18,,70.5909756980052,13018.0,0,"btc,ltc",386068.40768,0.00013018,0.0,216
1,[],22,[],2019-05-29 03:24:21,848067.7916666666,0.00000025,0.000000000021622800000000003,7704322,2019-05-29 03:24:21,BTC,12057.47903773,0.0,0.00000025,BTC,525998.7376770715,0.03906928,0.04803908,217
1,[],7,[],2019-05-29 03:24:23,0.0,0,0,7704323,2019-05-29 03:24:23,btc,1234864.1215096698,0.0,0,btc,165745512.9208393,0.0,0.0,219
0,[],27,[],2019-05-29 03:24:31,0.0,0,0,7704324,2019-05-29 03:24:31,,0.6016663399843861,7621714.228457,0,btc,8706438.74025187,0.07621714,0.0,219
0,[],28,[],2019-05-29 03:24:33,0.0,0,0,7704325,2019-05-29 03:24:33,,0.0,23048.354,0,,0.0,0.0,0.0,219
1,[],22,[],2019-05-23 16:41:05,172069.0,0.00000004,0.0000000000031167080000000004,7674065,2019-05-23 16:41:05,BTC,56.76466137,0.0,0.00000004,BTC,127061.6482738741,0.0,0.00393676,221
1,[],24,[],2019-05-23 16:41:05,0.0,0.000000010000,0.0000000000007791770000000001,7674066,2019-05-23 16:41:05,btc,0.0,0.0,0.000000010000,btc,0.0,0.0,0.0,221
1,[],20,[],2019-05-29 03:24:36,6897350.3644,0.000000002,0.0000000000001729824,7704326,2019-05-29 03:24:36,btc,100050.78026717002,7795.1168,0.000000002,btc,45349076.9009,1.55902336e-05,0.0070134632476,224
0,[],22,[],2019-05-29 03:24:38,0.0,0,0,7704327,2019-05-29 03:24:38,,0.0,0.0,0,,0.0,0.0,0.0,224
1,[],26,[],2019-05-29 03:24:39,0.0,0.00000025,0.000000000021622800000000003,7704328,2019-05-29 03:24:39,btc,0.0,0.0,0.00000025,btc,0.0,0.0,0.0,231
1,[],26,[],2019-05-29 03:24:40,0.0,0.00000006,0.000000000005189472000000001,7704329,2019-05-29 03:24:40,btc,0.0,0.0,0.00000006,btc,0.0,0.0,0.0,234
0,[],27,[],2019-05-29 03:24:49,0.0,0,0,7704330,2019-05-29 03:24:49,,0.01134836604,0.0,0,"btc,eth",11462.996,0.0,0.0,234
1,[],4,[],2019-05-22 17:06:12,91780.56053785,0.00000078,0.000000000061977552,7669277,2019-05-22 17:06:12,btc,5.573372450018177,0.0,0.00000078,btc,729173.93529783,0.0,0.0307060663355679,236
1,[],24,[],2019-05-22 17:06:12,0.0,0.000000010000,0.000000000000794584,7669278,2019-05-22 17:06:12,btc,0.0,0.0,0.000000010000,btc,0.0,0.0,0.0,236
1,[],5,[],2019-05-29 03:24:51,0.0,0,0,7704331,2019-05-29 03:24:51,btc,0.0,0.22365636,0,btc,0.0,0.0,0.0,237
1,[],20,[],2019-05-29 03:24:53,119293827.6245,0.000000045,0.000000000003892104,7704332,2019-05-29 03:24:53,btc,58794.16833031404,9700235.2614,0.000000045,btc,42913842.3311,0.4145813158027,0.4211289067289,237
1,[],22,[],2019-05-29 03:24:57,288100.0,0.00000003,0.0000000000025947360000000004,7704333,2019-05-29 03:24:57,BTC,1.20267422,0.0,0.00000003,"BTC,LTC",17930.94871794872,0.0,0.007541,237
1,[],4,[],2019-05-29 03:24:58,26814709.03369219,0.00000012,0.000000000010378944000000002,7704334,2019-05-29 03:24:58,btc,2.8131936956951695,0.0,0.00000012,btc,8629448.43577055,0.07869841,0.5500754953846093,238
1,[],5,[],2019-05-29 03:25:00,0.0,0,0,7704335,2019-05-29 03:25:00,btc,0.0,0.00238761,0,btc,0.0,0.0,0.0,238
0,[],22,[],2019-03-12 16:49:32,0.0,0,0,6914458,2019-03-12 16:49:32,,0.40415746,0.0,0,,526736.5639027493,0.0,0.0,249
0,[],22,[],2019-05-28 23:53:45,0.0,0,0,7703643,2019-05-28 23:53:45,,13.44714864,0.0,0,,43777534.3426455,0.0,0.0,252
0,[],28,[],2019-05-29 03:25:02,0.0,0,0,7704336,2019-05-29 03:25:02,,0.0,269984.66,0,,0.0,0.0,0.0,256
1,[],22,[],2019-05-29 03:25:07,1039243.0,0.00000001,0.0000000000008649120000000001,7704337,2019-05-29 03:25:07,BTC,24.15668173,0.0,0.00000001,BTC,547003.9724808998,2.296e-05,0.01039243,258
1,[],22,[],2019-05-19 18:12:02,400.0,0.00000001,0.0000000000007957800000000001,7653905,2019-05-19 18:12:02,BTC,2.415167,0.0,0.00000001,BTC,157.0,0.0,4e-06,259
1,[],5,[],2019-05-29 03:25:10,0.0,0,0,7704338,2019-05-29 03:25:10,btc,0.0,0.01359573,0,btc,0.0,0.0,0.0,264
1,[],20,[],2019-05-29 03:25:12,957418.4633,0.00000022,0.000000000019028064,7704339,2019-05-29 03:25:12,btc,0.9810448398661,0.0,0.00000022,btc,57021.9707,0.0,0.0081534702257,264
0,[],22,[],2019-04-12 17:57:27,0.0,0,0,7278186,2019-04-12 17:57:27,,66.37522201,0.0,0,,677842.4169881374,0.0,0.0,271
0,[],22,[],2019-05-29 03:25:15,0.0,0,0,7704340,2019-05-29 03:25:15,,33050470.74998113,0.0,0,,14361377780.7,0.0,0.0,272
0,[],28,[],2019-05-29 03:25:17,0.0,0,0,7704341,2019-05-29 03:25:17,,0.0,23982357216.576,0,,0.0,0.0,0.0,272
1,[],22,[],2019-05-23 07:12:29,219930.0,0.00000004,0.000000000003048688,7671985,2019-05-23 07:12:29,BTC,426.77835217,0.0,0.00000004,BTC,248664.3325962929,0.0,0.00739728,281
1,[],22,[],2019-05-29 03:25:22,274091.1,0.00000003,0.0000000000025947360000000004,7704342,2019-05-29 03:25:22,BTC,31.66169363,0.0,0.00000003,"BTC,LTC",1358310.735529804,0.01302368,0.01143338,286
0,[],22,[],2019-05-29 03:27:24,0.0,0,0,7704343,2019-05-29 03:27:24,,7236530.45771486,0.0,0,,1033948283.7797827,0.0,0.0,294
