pairValue,buyBook,exchangeId,sellBook,updated,buyTotal,satoshiPrice,usdPrice,exchangeLogId,created,bestPair,sellTotalBtc,volume,pairPrice,activePairs,sellTotal,volumeBtc,buyTotalBtc,coinId
0,[],22,[],2019-05-06 22:59:24,0.0,0,0,7560448,2019-05-06 22:59:24,,0.3163308,0.0,0,,0.2527518593615956,0.0,0.0,1
1,[],24,[],2019-05-06 22:59:24,0.0,0.000000000000,0,7560449,2019-05-06 22:59:24,btc,0.0,0.0,0.000000000000,btc,0.0,0.0,0.0,1
0.0,[],25,[],2019-05-06 22:59:27,0.0,0,0,7560450,2019-05-06 22:59:27,btc,49.02459999764441,342.34065688,0.0,btc,4091.72268169,3.7386,0.0,1
1,[],26,[],2019-05-06 22:59:28,0.0,0,0,7560451,2019-05-06 22:59:28,,0.0,0.0,0,,0.0,0.0,0.0,1
1,[],28,[],2019-05-06 22:59:30,987.9,0.01131000,0.000000648850176,7560452,2019-05-06 22:59:30,btc,0.160832048,219054.05,0.01131000,btc,8.7307,0.0,0.024551096,1
0,[],2,[],2019-01-20 23:28:45,0.0,0,0,6477011,2019-01-20 23:28:45,,0.0,0.0,0,,0.0,0.0,0.0,1
1,[],3,[],2019-05-06 22:59:08,30886.743735803608,0.01171771999999999917807524951740560936741530895233154296875,0.000000672240909312,7560441,2019-05-06 22:59:08,btc,34.73527983615741,12.9965376874,0.01171771999999999917807524951740560936741530895233154296875,btc,24.344701515493,0.0,0.3497479320243403,1
1,[],4,[],2019-05-06 22:59:09,207748.13720563,0.01140132,0.000000654089167872,7560442,2019-05-06 22:59:09,btc,8.031557633202935,0.0,0.01140132,btc,439.03473574,2.51421566,0.6992098583854145,1
1,[],5,[],2019-05-06 22:59:12,0.0,0,0,7560443,2019-05-06 22:59:12,btc,0.0,0.01348944,0,btc,0.0,0.0,0.0,1
1,[],10,[],2019-05-06 22:59:14,185026.6135346,0.01000118,0.0000005737636961280001,7560444,2019-05-06 22:59:14,btc,6524.88846092049,1841.26766764,0.01000118,btc,1440.91398817,0.0,4.034660173839423,1
1,[],12,[],2019-05-06 22:59:17,73.07547919,0.01170000000000000033029134982598407077603042125701904296875,0.00000067122432,7560445,2019-05-06 22:59:17,btc,0.1894073296578,0.0,0.01170000000000000033029134982598407077603042125701904296875,btc,12.95934513,0.2240789771203,0.3169033540988,1
1,[],20,[],2019-05-06 22:59:19,979.572,0.01071033,0.0000006144473479680001,7560446,2019-05-06 22:59:19,btc,0.0780539333414,0.0266,0.01071033,btc,5.1398,0.0003257412186,0.1915353732581,1
1,[],21,[],2019-05-06 22:59:21,1364.49755633,0.01173900999999999937573047504,0.000000673462308096,7560447,2019-05-06 22:59:21,btc,10.925621942815216,6482.99669909,0.01173900999999999937573047503747147857211530208587646484375,"btc,eth",1162.55365022,11.900466009200446,10.603859104002712,1
1,[],5,[],2019-05-06 22:59:31,0.0,0,0,7560453,2019-05-06 22:59:31,btc,0.0,0.00205556,0,btc,0.0,0.0,0.0,2
0,[],22,[],2019-05-06 22:59:34,0.0,0,0,7560454,2019-05-06 22:59:34,,0.0,0.0,0,,0.0,0.0,0.0,2
1,[],5,[],2019-05-06 22:59:36,0.0,0,0,7560455,2019-05-06 22:59:36,btc,0.0,0.05063893,0,btc,0.0,0.0,0.0,3
1,[],12,[],2019-05-06 22:59:37,2502860.26844411,0.000000161,0.000000000009236505600000001,7560456,2019-05-06 22:59:37,btc,11595.575339907266,0.0,0.000000161,btc,3998614.15260479,0.03627786956205631,0.2918025541187288,3
0,[],28,[],2019-05-06 22:59:40,0.0,0,0,7560457,2019-05-06 22:59:40,,0.0,0.0,0,,0.0,0.0,0.0,3
0,[],2,[],2019-01-20 23:31:32,0.0,0,0,6477077,2019-01-20 23:31:32,,0.0,0.0,0,,0.0,0.0,0.0,4
1,[],4,[],2019-04-26 19:14:12,610911.70993152,0.00000026,0.000000000013566046,7471614,2019-04-26 19:14:12,btc,31.457742656463164,0.0,0.00000026,btc,718733.71307795,0.00142695,0.0638464483338706,4
0,[],12,[],2019-04-25 23:08:22,0.0,0,0,7459310,2019-04-25 23:08:22,btc,1111851.94727753,0.0,0,btc,953412.0,0.0,0.0,5
1,[],11,[],2019-05-06 22:59:41,5106182.307535999,0.00000001,0.000000000000573696,7560458,2019-05-06 22:59:41,btc,9576.583701859494,406556.0,0.00000001,btc,47259201.75253575,0.0,0.05106182307536,6
0,[],2,[],2019-01-20 23:31:51,0.0,0,0,6477087,2019-01-20 23:31:51,,0.0,0.0,0,,0.0,0.0,0.0,6
1,[],3,[],2019-05-06 22:59:42,11076.3930516903,0.0001939099999999999916593107496254333454999141395092010498046875,0.000000011124539136,7560459,2019-05-06 22:59:42,btc,24.96121739199037,32.0018895808,0.0001939099999999999916593107496254333454999141395092010498046875,btc,309.781605034214,0.0,0.03172371516587132,7
1,[],4,[],2019-05-06 22:59:43,46201.34087204,0.00019257,0.000000011047663872,7560460,2019-05-06 22:59:43,btc,8.939594939574668,0.0,0.00019257,btc,37829.8848174,2.32541595,4.756810698410224,7
1,[],5,[],2019-05-06 22:59:44,0.0,0,0,7560461,2019-05-06 22:59:44,btc,0.0,0.36461868,0,btc,0.0,0.0,0.0,7
1,[],20,[],2019-04-07 22:06:50,3201475.0482,0.000000001,0.000000000000051590000000000004,7213932,2019-04-07 22:06:50,btc,30.8005781811902,0.0,0.000000001,btc,23077405.3926,0.0,0.0032014750482,8
1,[],4,[],2019-05-06 22:59:46,22777459.52126092,0.00000087,0.000000000049911552,7560462,2019-05-06 22:59:46,btc,4.944207010842658,0.0,0.00000087,btc,3665722.84090303,0.58149111,1.1485245727807438,9
1,[],28,[],2019-05-06 22:59:48,18055.0,0.00000021,0.000000000012047616,7560463,2019-05-06 22:59:48,btc,2708.774353000864,3556624.079,0.00000021,btc,24560.2792,0.0,0.00186155,9
0,[],2,[],2019-01-20 23:22:42,0.0,0,0,6476876,2019-01-20 23:22:42,,0.0,0.0,0,,0.0,0.0,0.0,9
0,[],23,[],2019-01-20 23:22:48,0.0,0,0,6476878,2019-01-20 23:22:48,,0.0,0.0,0,,0.0,0.0,0.0,9
1,[],1,[],2019-02-17 23:31:42,1822507.21,0.00000181000000000000003456111265232042484285557293333113193511962890625,0.000000000066086901,6701244,2019-02-17 23:31:42,btc,3.6990969245,17153386.5,0.00000181000000000000003456111265232042484285557293333113193511962890625,btc,1997391.71,31.11772986,3.2610482446,9
1,[],4,[],2019-02-17 11:22:43,4341674.27126056,0.00000002,0.0000000000007272960000000001,6696112,2019-02-17 11:22:43,btc,0.1997230937751353,0.0,0.00000002,btc,4109766.79808031,0.00215132,0.0479381022052112,10
1,[],4,[],2019-05-06 22:59:49,3053398.71603964,0.00000108,0.000000000061959168,7560464,2019-05-06 22:59:49,btc,8.568153846561751,0.0,0.00000108,btc,6050830.57467387,1.5827869,0.6851898971122773,12
1,[],5,[],2019-05-06 22:59:50,0.0,0,0,7560465,2019-05-06 22:59:50,btc,0.0,0.1208689,0,btc,0.0,0.0,0.0,12
0.0,[],25,[],2019-05-06 22:59:51,0.0,0,0,7560466,2019-05-06 22:59:51,,0.0,0.0,0.0,btc,0.0,0.0,0.0,12
0,[],2,[],2019-01-20 23:23:08,0.0,0,0,6476890,2019-01-20 23:23:08,,0.0,0.0,0,,0.0,0.0,0.0,12
1,[],4,[],2019-05-06 22:59:52,32027847.04960639,0.00000674,0.000000000386671104,7560467,2019-05-06 22:59:52,btc,3.0839728221292377,0.0,0.00000674,btc,339152.51280313,0.58948397,1.075124299196788,13
1,[],21,[],2019-05-06 22:59:56,1187080.75874777,0.000006970000000000000182226195938,0.000000000399866112,7560468,2019-05-06 22:59:56,btc,9.718460537879318,841070.87026572,0.0000069700000000000001822261959383286722413686220534145832061767578125,btc,1239365.69800048,5.80262135,6.881150717709981,13
1,[],10,[],2019-05-06 22:05:44,449631.54320169,0.0000065,0.00000000037193585,7560172,2019-05-06 22:05:44,btc,666793.5628416705,5057.39292804,0.0000065,btc,740304.09771609,0.0,0.3650151923836924,13
1,[],4,[],2019-05-06 22:59:57,1126430.84721312,0.00000087,0.000000000049911552,7560469,2019-05-06 22:59:57,btc,5.548119934950009,0.0,0.00000087,btc,1070964.96378665,0.03665912,0.2346277744776122,14
1,[],12,[],2019-05-06 22:59:58,254982.80642954,0.00000086,0.000000000049337856000000004,7560470,2019-05-06 22:59:58,btc,0.11793633273344971,0.0,0.00000086,btc,14488.85896596,0.000343,0.0285152399999928,14
1,[],26,[],2019-05-06 22:59:59,0.0,0.00000050,0.0000000000286848,7560471,2019-05-06 22:59:59,btc,0.0,0.0,0.00000050,btc,0.0,0.0,0.0,14
0,[],17,[],2019-05-03 00:53:32,0.0,0,0,7558876,2019-05-03 00:53:32,btc,0.0,0.0,0,btc,0.0,0.0,0.0,14
0,[],4,[],2019-05-06 22:49:59,0.0,0,0,7560316,2019-05-06 22:49:59,,0.0,0.0,0,,0.0,0.0,0.0,15
,[],12,[],2018-12-01 15:15:48,204241.84496,0.00000489,0.000000000202473384,5260204,2018-12-01 15:15:48,btc,49.5475654835,0.0,,btc,35763.2193806,0.0163153972027625,0.0203389899998,15
1,[],4,[],2019-05-06 22:59:59,31935.80100441,0.00001287,0.000000000738346752,7560472,2019-05-06 22:59:59,btc,1.1001819341118788,0.0,0.00001287,btc,13560.76624477,0.03115602,0.1230281123807334,18
1,[],10,[],2019-05-06 23:00:02,170383.65330429,0.00001373,0.0000000007876846080000001,7560473,2019-05-06 23:00:02,btc,15.885895719234384,3397.81634347,0.00001373,btc,33997.90682878,0.0,0.5308748444865004,18
1,[],12,[],2019-05-06 23:00:03,221280.66234241,0.000013010000000000000798289385983697030724215437658131122589111328125,0.000000000746378496,7560474,2019-05-06 23:00:03,btc,33215.320151758555,0.0,0.000013010000000000000798289385983697030724215437658131122589111328125,btc,1228.2576162,0.0006160247733621,0.0171715970610947,18
0,[],2,[],2019-01-20 23:23:38,0.0,0,0,6476906,2019-01-20 23:23:38,,0.0,0.0,0,,0.0,0.0,0.0,18
0,[],17,[],2019-05-03 00:53:39,0.0,0,0,7558882,2019-05-03 00:53:39,btc,0.0,0.0,0,btc,0.0,0.0,0.0,18
1,[],3,[],2019-05-06 23:00:05,152906.89224867834,0.0000149700000000000006672440377997190807946026325225830078125,0.0000000008588229120000001,7560475,2019-05-06 23:00:05,btc,0.27147744398878015,629.97645289,0.0000149700000000000006672440377997190807946026325225830078125,btc,6567.289687949193,0.0,0.04537017861892389,19
1,[],4,[],2019-05-06 23:00:06,390966.85375275,0.00001549,0.000000000888655104,7560476,2019-05-06 23:00:06,btc,3.859781114610606,0.0,0.00001549,btc,127619.25750179,0.33541707,0.7317423438240018,19
1,[],5,[],2019-05-06 23:00:07,0.0,0,0,7560477,2019-05-06 23:00:07,btc,0.0,0.000338,0,btc,0.0,0.0,0.0,19
1,[],12,[],2019-05-06 23:00:08,187022.78906485,0.00001510999999999999932683188152982012297798064537346363067626953125,0.000000000866854656,7560478,2019-05-06 23:00:08,btc,0.2760984885438164,0.0,0.00001510999999999999932683188152982012297798064537346363067626953125,btc,2299.39413244,0.0018904977990781,0.09306980999920861,19
0,[],27,[],2019-05-06 23:00:21,0.0,0,0,7560479,2019-05-06 23:00:21,,0.0,0.0,0,btc,0.0,0.0,0.0,19
0,[],2,[],2019-01-20 23:24:19,0.0,0,0,6476924,2019-01-20 23:24:19,,0.0,0.0,0,,0.0,0.0,0.0,19
1,[],4,[],2019-05-06 23:00:22,1899995.47621121,0.00000011,0.000000000006310656,7560480,2019-05-06 23:00:22,btc,5.281490915425295,0.0,0.00000011,btc,2279170.28595418,0.0,0.0672365942980818,20
1,[],4,[],2019-05-06 23:00:23,75905499.32418358,0.00000001,0.000000000000573696,7560481,2019-05-06 23:00:23,btc,39343.099428385445,0.0,0.00000001,btc,52054678.81604999,0.50906812,0.7590549932418358,21
1,[],12,[],2019-05-06 23:00:23,3834997.0,0.00000001,0.000000000000573696,7560482,2019-05-06 23:00:23,btc,2895.660823185824,0.0,0.00000001,btc,7181972.54845151,0.0009635401498502,0.038349970000000004,21
0,[],17,[],2019-05-03 00:53:51,0.0,0,0,7558891,2019-05-03 00:53:51,btc,0.0,0.0,0,btc,0.0,0.0,0.0,21
1,[],12,[],2019-05-06 23:00:25,8694271974.581,0.0000000005,0.000000000000028684800000000004,7560483,2019-05-06 23:00:25,btc,311119402495.4664,0.0,0.0000000005,btc,2725573532.6283717,0.10247179230579419,1.9766013949105001,23
0.0000000003037038,[],27,[],2019-05-06 23:00:37,821179.0,3.037038e-18,1.742336552448e-22,7560484,2019-05-06 23:00:37,eth,10109.309798020491,603532.0,0.00000001,eth,6049301.0684,1.832949618216e-12,2.493951827802e-12,23
1,[],4,[],2019-05-06 23:00:38,855635.46901075,0.00000033,0.000000000018931968,7560485,2019-05-06 23:00:38,btc,13.964709675061039,0.0,0.00000033,btc,2183961.20692416,0.01098431,0.0999321290413944,24
1,[],22,[],2019-05-06 23:00:42,1021.76,0.00000100,0.0000000000573696,7560486,2019-05-06 23:00:42,BTC,7.415e-05,0.0,0.00000100,BTC,23.919354838709676,0.0,0.00011186,24
0.0,[],25,[],2019-05-06 23:00:43,0.0,0,0,7560487,2019-05-06 23:00:43,,0.0,0.0,0.0,btc,0.0,0.0,0.0,24
1,[],4,[],2019-05-06 23:00:45,26958616.08257523,0.00000554,0.00000000031782758400000003,7560488,2019-05-06 23:00:45,btc,11.576802795670138,0.0,0.00000554,btc,306328.84585264,0.0673945,0.5577033703801885,26
1,[],10,[],2019-05-06 23:00:46,117697.3408343,0.00000852,0.000000000488788992,7560489,2019-05-06 23:00:46,btc,25.49554144501348,3659.36892463,0.00000852,btc,19794.74951902,0.0,0.068876996216285,26
0,[],2,[],2019-01-20 23:25:56,0.0,0,0,6476976,2019-01-20 23:25:56,,0.0,0.0,0,,0.0,0.0,0.0,26
1,[],11,[],2019-04-30 04:16:17,7094566.83690364,0.00000006,0.000000000003115554,7518027,2019-04-30 04:16:17,btc,67504.138725751,6116.07566417,0.00000006,btc,6591680.7351637,0.0,0.38529422037817224,27
1,[],5,[],2019-04-26 09:47:06,0.0,0,0,7465326,2019-04-26 09:47:06,btc,0.0,0.0,0,btc,0.0,0.0,0.0,27
1,[],3,[],2019-04-28 02:38:55,141621.60361514,0.00000001,0.0000000000005253330000000001,7491060,2019-04-28 02:38:55,btc,2.501704004580372,921815.184511,0.00000001,btc,21091882.2176418,0.0,0.0014162160361513999,27
1,[],4,[],2019-05-06 23:00:48,1396696261.347776,0.00000001,0.000000000000573696,7560490,2019-05-06 23:00:48,btc,4.8515122297576205,0.0,0.00000001,"btc,ltc",275036086.3345667,0.21771353,8.331772997729328,29
1,[],7,[],2019-05-06 23:01:19,114316308.2578791,0.00000002,0.000000000001147392,7560491,2019-05-06 23:01:19,btc,46550610.4636231,521850.658954,0.00000002,btc,31536295.94660649,0.0,1.275252141355271,29
1,[],4,[],2019-05-06 23:01:21,1405326.15198849,0.00000014,0.000000000008031744,7560492,2019-05-06 23:01:21,btc,2.447673954068898,0.0,0.00000014,btc,1813752.12093094,0.03592405,0.0434631248008584,30
0,[],17,[],2019-05-03 01:11:25,0.0,0,0,7559066,2019-05-03 01:11:25,btc,0.0,0.0,0,btc,0.0,0.0,0.0,30
1,[],4,[],2019-05-06 22:50:50,189836.02966772,0.00006704,0.000000003848069184,7560338,2019-05-06 22:50:50,btc,6.44048842138226,0.0,0.00006704,btc,60266.66827743,1.10541002,1.1494809678413764,31
1,[],21,[],2019-05-06 22:50:51,39032.97966965,0.00006734999999999999721698312749,0.00000000386586306,7560339,2019-05-06 22:50:51,btc,4.704992232881598,255135.66910035,0.000067349999999999997216983127490408378434949554502964019775390625,btc,66022.06582164,17.71976635,2.4764739907116753,31
0,[],2,[],2019-01-20 23:28:43,0.0,0,0,6477009,2019-01-20 23:28:43,,0.0,0.0,0,,0.0,0.0,0.0,32
0,[],4,[],2019-05-06 22:50:52,0.0,0,0,7560340,2019-05-06 22:50:52,,0.0,0.0,0,,0.0,0.0,0.0,33
1,[],12,[],2019-03-30 07:55:10,40641173.964,0.00000003,0.000000000001228359,7108785,2019-03-30 07:55:10,btc,4233210.82356125,0.0,0.00000003,btc,28378394.68333462,0.0126927883965248,0.90752895892,33
0,[],4,[],2019-05-06 23:01:24,0.0,0,0,7560493,2019-05-06 23:01:24,,3.7350422406351793,0.0,0,,150452895.5827881,0.01411218,0.0,34
1,[],5,[],2019-05-06 23:01:26,0.0,0,0,7560494,2019-05-06 23:01:26,btc,0.0,0.02882013,0,btc,0.0,0.0,0.0,34
0.000000000133684,[],4,[],2019-05-02 18:17:45,3384239970.6360936,1.3368400000000002e-18,7.293946092400001e-23,7556428,2019-05-02 18:17:45,ltc,5.381102735485169e-08,0.0,0.00000001,ltc,6862894551.7408495,0.0,4.524187362345155e-09,36
1,[],5,[],2019-05-02 18:17:46,0.0,0,0,7556429,2019-05-02 18:17:46,btc,0.0,0.0,0,btc,0.0,0.0,0.0,36
0.0000000002926451,[],17,[],2019-05-02 18:17:47,200000.0,2.9264510000000002e-18,1.596703856561e-22,7556430,2019-05-02 18:17:47,eth,0.20942468735267253,0.0,0.00000001,"btc,eth",1018272.20243647,0.0,5.852902e-13,36
0.000000000133684,[],27,[],2019-05-02 18:17:55,7883196.008,1.3368400000000002e-18,7.293946092400001e-23,7556431,2019-05-02 18:17:55,ltc,25567.4086131264,0.0,0.00000001,"ltc,eth",21753551.64,0.0,1.0538571751334722e-11,36
1,[],4,[],2019-05-06 23:01:27,243822.6664126,0.00000025,0.0000000000143424,7560495,2019-05-06 23:01:27,btc,19772.67525578349,0.0,0.00000025,btc,832482.85080526,0.01675073,0.0289948074351343,37
1,[],12,[],2019-05-06 23:01:28,943849.64765666,0.00000024,0.000000000013768704,7560496,2019-05-06 23:01:28,btc,19604.964650985155,0.0,0.00000024,btc,582544.78100144,0.0296030211083928,0.0942821099999931,37
1,[],27,[],2019-05-06 23:01:35,1600.0,0.00000015,0.000000000008605440000000001,7560497,2019-05-06 23:01:35,btc,24.12824334291843,77.0,0.00000015,btc,5839.49448498,2.695e-05,3e-05,37
1,[],17,[],2019-05-03 01:11:36,211752.74075282,0.00000025,0.000000000013700074999999998,7559074,2019-05-03 01:11:36,btc,0.055484923955058496,0.0,0.00000025,"btc,eth",1387.19918473,0.0,0.0005381851887916605,37
1,[],5,[],2019-05-06 23:01:37,0.0,0,0,7560498,2019-05-06 23:01:37,btc,0.0,0.00150763,0,btc,0.0,0.0,0.0,42
1,[],12,[],2019-05-06 23:01:38,351847.26805605,0.00000095,0.00000000005450112,7560499,2019-05-06 23:01:38,btc,51.183015680782106,0.0,0.00000095,btc,31030.77527093,0.008972751069978,0.0554632989999732,42
1,[],27,[],2019-05-06 23:01:58,3256.0,0.00000015,0.000000000008605440000000001,7560500,2019-05-06 23:01:58,btc,1.8179904929696,0.0,0.00000015,"btc,eth",2428.82344975,0.0,0.0002475000006276343,42
1,[],12,[],2019-03-13 09:13:29,1112112.0,0.00000001,0.000000000000386531,6919902,2019-03-13 09:13:29,btc,29058.00478931866,0.0,0.00000001,btc,5967681.93306694,9.99000999e-07,0.01112112,43
1,[],5,[],2019-04-26 22:38:52,0.0,0,0,7474154,2019-04-26 22:38:52,btc,0.0,0.02638891,0,btc,0.0,0.0,0.0,43
0,[],17,[],2019-04-26 22:38:53,0.0,0,0,7474155,2019-04-26 22:38:53,btc,0.0,0.0,0,btc,0.0,0.0,0.0,43
1,[],12,[],2019-03-05 01:54:08,639326.02,0.00000004,0.000000000001486676,6845775,2019-03-05 01:54:08,btc,11116042.728239931,0.0,0.00000004,btc,1103841.4595604,0.0003330765234764,0.014975410599999999,44
1,[],4,[],2019-05-06 23:02:00,131684272.12048186,0.00000001,0.000000000000573696,7560501,2019-05-06 23:02:00,btc,436.78103824714145,0.0,0.00000001,"btc,ltc",22985645.89584506,0.0,0.300118747345936,49
0.0000000001314916,[],4,[],2019-05-06 23:02:02,130876346.23857236,7.3635296e-17,4.2244274774016e-21,7560502,2019-05-06 23:02:02,ltc,21616.269854083166,0.0,0.00000056,ltc,101323779.23045792,0.0,1.7046800286097469e-09,52
0,[],22,[],2019-05-06 23:02:09,0.0,0,0,7560503,2019-05-06 23:02:09,,10304.87709543,0.0,0,,310505736.4566013,0.0,0.0,57
0.0000000003037038,[],27,[],2019-05-06 23:02:25,10000.0,3.037038e-18,1.742336552448e-22,7560504,2019-05-06 23:02:25,eth,0.0,0.0,0.00000001,"btc,eth",0.0,0.0,3.037038e-14,57
0.0000000001314916,[],4,[],2019-05-06 23:02:27,1145639964.7165446,1.3149160000000001e-18,7.54362049536e-23,7560505,2019-05-06 23:02:27,ltc,19.111263824059822,0.0,0.00000001,ltc,5662894345.99197,0.0,1.50642031984522e-09,58
1,[],12,[],2019-05-06 23:02:28,1576209628.0,0.0000000001,0.00000000000000573696,7560506,2019-05-06 23:02:28,btc,11896783.088437576,0.0,0.0000000001,btc,4239148056.5994005,0.005639536507792204,0.15762096280000001,58
0.00000000011628130000000001,[],22,[],2019-05-06 23:02:31,137438.0,1.162813e-18,6.671011668480001e-23,7560507,2019-05-06 23:02:31,XMR,69.1795942,0.0,0.00000001,XMR,9887963.0,0.0,0.00137438,58
1,[],17,[],2019-05-03 01:12:09,1200000.0,0.0000000001,0.00000000000000548003,7559085,2019-05-03 01:12:09,btc,1e+24,0.0,0.0000000001,"btc,eth",39516342.31952568,0.0,0.00010000000058666061,58
1,[],5,[],2019-05-06 23:02:32,0.0,0,0,7560508,2019-05-06 23:02:32,btc,0.0,0.01222528,0,btc,0.0,0.0,0.0,61
1,[],22,[],2019-05-06 23:02:35,13613.833333333334,0.00000012,0.000000000006884352,7560509,2019-05-06 23:02:35,BTC,1002.29614283,0.0,0.00000012,BTC,15350.180177125656,0.0,0.00153269,61
1,[],26,[],2019-05-06 23:02:36,0.0,0.00000100,0.0000000000573696,7560510,2019-05-06 23:02:36,btc,0.0,0.0,0.00000100,btc,0.0,0.0,0.0,61
0.0000000003037038,[],27,[],2019-05-06 23:02:50,100000.0,3.037038e-18,1.742336552448e-22,7560511,2019-05-06 23:02:50,eth,1.9482732497246655,0.0,0.00000001,"btc,eth",13266.51663696,0.0,3.037038e-13,61
1,[],28,[],2019-05-06 23:02:52,1039.304,0.00000008,0.000000000004589568,7560512,2019-05-06 23:02:52,btc,2.056501795415105,661.0,0.00000008,btc,10022.46650005,0.0,2.439304e-05,61
1,[],4,[],2019-05-06 23:02:53,1241848.460905,0.00000123,0.000000000070564608,7560513,2019-05-06 23:02:53,btc,1.1484801820970771,0.0,0.00000123,btc,442453.29075002,0.11451486,0.84388157176034,67
0.0,[],25,[],2019-05-06 23:02:56,0.0,0,0,7560514,2019-05-06 23:02:56,,0.0,0.0,0.0,btc,0.0,0.0,0.0,67
1,[],12,[],2019-05-06 23:02:57,624916.33333333,0.00000015,0.00000000000860544,7560515,2019-05-06 23:02:57,btc,55595380.25437544,0.0,0.00000015,btc,1484883.97205232,0.0064751931368654,0.0249670199999996,71
,[],5,[],2018-11-20 23:02:39,1.5e-07,0.00000005,0.000000000002128045,4862160,2018-11-20 23:02:39,btc,2.84511358,0.0,,btc,0.00036572,0.0,0.07381892,74
1,[],5,[],2019-05-06 23:02:59,0.0,0,0,7560516,2019-05-06 23:02:59,btc,0.0,0.00312236,0,btc,0.0,0.0,0.0,75
0,[],4,[],2019-05-06 23:03:00,0.0,0,0,7560517,2019-05-06 23:03:00,,133703.44050792317,0.0,0,,35150289.66593586,0.00045218,0.0,81
0,[],20,[],2019-01-25 09:30:31,0.0,0,0,6495923,2019-01-25 09:30:31,btc,0.0,0.0,0,btc,0.0,0.0,0.0,81
1,[],4,[],2019-05-06 23:03:01,30369.34390854,0.00006923,0.000000003971697408,7560518,2019-05-06 23:03:01,btc,18.370600708105773,0.0,0.00006923,btc,22165.48600493,0.81349775,0.5558806630326498,82
1,[],21,[],2019-05-06 23:03:03,262769.66546335,0.00006726000000000000316087434005,0.0000000038586792960000006,7560519,2019-05-06 23:03:03,btc,3.369275925228168,10405.6720865,0.00006726000000000000316087434004685974286985583603382110595703125,btc,44027.43893817,0.68712141,2.3543055886028883,82
0,[],17,[],2019-03-25 22:42:34,0.0,0,0,7038780,2019-03-25 22:42:34,btc,0.0445064681804024,0.0,0,btc,995513.18476001,0.0,0.0,84
0.00000000013644,[],4,[],2019-05-01 19:17:39,299701867.376,1.3644e-18,7.259508504e-23,7542161,2019-05-01 19:17:39,ltc,1.6769037726995486,0.0,0.00000001,ltc,427823536.87452894,0.00010978,4.089132278478144e-10,85
,[],22,[],2018-11-20 23:09:34,3408.1,0.0000001,0.0000000000041895,4862324,2018-11-20 23:09:34,BTC,0.04624735,0.0,,BTC,4990.0,0.0,0.00033081,86
1,[],22,[],2019-04-28 12:40:53,100736.0,0.00000003,0.000000000001581999,7496039,2019-04-28 12:40:53,BTC,3.65981852,0.0,0.00000003,BTC,220119.54736842104,0.0,0.00122208,87
1,[],27,[],2019-04-28 12:41:07,94210.0,0.00000001,0.0000000000005273330000000001,7496040,2019-04-28 12:41:07,btc,5.5716688171676,0.0,0.00000001,btc,48984.90885,0.0,0.0009421,87
,[],2,[],2018-11-20 23:10:47,0.0,0,0,4862359,2018-11-20 23:10:47,,0.0,0.0,,,0.0,0.0,0.0,88
1,[],11,[],2019-05-06 23:03:04,83432.33920732,0.00012972999999999999289068686181281009339727461338043212890625,0.000000007442558208,7560520,2019-05-06 23:03:04,btc,169.37899104436394,6171.31975764,0.00012972999999999999289068686181281009339727461338043212890625,btc,162701.24922551,0.0,4.818170342266737,89
0,[],2,[],2019-01-20 23:31:45,0.0,0,0,6477083,2019-01-20 23:31:45,,0.0,0.0,0,,0.0,0.0,0.0,91
1,[],12,[],2019-05-06 23:03:05,393213.68316032,0.0000007,0.00000000004015872,7560521,2019-05-06 23:03:05,btc,73.19718108683308,0.0,0.0000007,btc,149265.97782722,2.352e-05,0.041620681699951395,91
1,[],22,[],2019-05-06 23:03:10,76014.0,0.0000008,0.00000000004589568,7560522,2019-05-06 23:03:10,BTC,0.1,0.0,0.0000008,"BTC,LTC",1.0,0.0,0.0017135,91
0,[],17,[],2019-05-03 01:12:26,0.0,0,0,7559096,2019-05-03 01:12:26,btc,0.0,0.0,0,btc,0.0,0.0,0.0,91
1,[],22,[],2019-04-09 20:17:52,374949.73333333334,0.00000015,0.000000000007771935,7235704,2019-04-09 20:17:52,BTC,6.87372503,0.0,0.00000015,"BTC,LTC",159980.01196797504,1.1e-05,0.80510266,95
0.0000000001314916,[],4,[],2019-05-06 23:03:11,553593225.2942495,7.6265128e-17,4.3752998873088e-21,7560523,2019-05-06 23:03:11,ltc,11.321547076502288,0.0,0.00000058,ltc,132885935.73894332,0.0583157,1.5546137060818986e-09,96
0,[],12,[],2019-05-06 23:03:13,0.0,0,0,7560524,2019-05-06 23:03:13,btc,25054.263516130075,0.0,0,btc,6821605.82664734,4.02697302697e-05,0.0,96
0,[],17,[],2019-05-03 01:12:32,0.0,0,0,7559100,2019-05-03 01:12:32,btc,0.0,0.0,0,btc,0.0,0.0,0.0,96
1,[],4,[],2019-04-14 03:32:46,1039404.33283278,0.00000038,0.000000000019245518,7293458,2019-04-14 03:32:46,btc,4.170086055365747,0.0,0.00000038,btc,3097704.34561074,0.06260606,0.1859928211030784,99
1,[],4,[],2019-05-06 23:03:14,327087.35607471,0.00003558,0.000000002041210368,7560525,2019-05-06 23:03:14,btc,6.807320985734345,0.0,0.00003558,btc,115234.37812888,0.2645918,0.4564006198301382,100
0,[],2,[],2019-01-20 23:23:55,0.0,0,0,6476914,2019-01-20 23:23:55,,0.0,0.0,0,,0.0,0.0,0.0,100
1,[],22,[],2019-05-06 23:03:18,130000.0,0.00000001,0.000000000000573696,7560526,2019-05-06 23:03:18,BTC,24.83526409,0.0,0.00000001,BTC,11187.719,0.0,0.0013,101
1,[],4,[],2019-05-06 23:03:18,584319.18529409,0.00001049,0.000000000601807104,7560527,2019-05-06 23:03:18,btc,339.0162932992791,0.0,0.00001049,btc,279480.71969852,3.70881551,0.858766734606847,103
1,[],12,[],2019-05-06 23:03:22,114651313.51292,0.000000005,0.000000000000286848,7560528,2019-05-06 23:03:22,btc,468525102.2345816,0.0,0.000000005,btc,106883893.1116383,0.00397396611888122,0.23535313971276,105
1,[],27,[],2019-05-06 23:03:28,11976.0,0.00000001,0.000000000000573696,7560529,2019-05-06 23:03:28,btc,0.0689357688051137,0.0,0.00000001,btc,864584.59450753,0.0,0.00011976,105
1,[],22,[],2019-04-21 00:17:26,21333.0,0.00000001,0.000000000000532493,7385819,2019-04-21 00:17:26,BTC,51.38182867,0.0,0.00000001,BTC,470435.0,0.0,0.00021333,107
1,[],26,[],2019-04-21 00:17:26,0.0,0.00000000,0,7385820,2019-04-21 00:17:26,btc,0.0,0.0,0.00000000,btc,0.0,0.0,0.0,107
1,[],5,[],2019-05-06 23:03:30,0.0,0,0,7560530,2019-05-06 23:03:30,btc,0.0,0.00848273,0,btc,0.0,0.0,0.0,112
0,[],22,[],2019-05-06 23:03:32,0.0,0,0,7560531,2019-05-06 23:03:32,,2.79003697,0.0,0,,1380942.0833333333,0.0,0.0,112
1,[],27,[],2019-05-06 23:03:39,1.0,0.00000001,0.000000000000573696,7560532,2019-05-06 23:03:39,btc,1.25032588,0.0,0.00000001,"btc,eth",1819.0,0.0,1e-08,112
1,[],4,[],2019-05-06 22:53:21,351817.03672753,0.00000169,0.000000000097005324,7560381,2019-05-06 22:53:21,btc,5.231063275637816,0.0,0.00000169,btc,523175.77931552,0.17529671,0.2348682357182738,113
1,[],5,[],2019-05-06 22:53:22,0.0,0,0,7560382,2019-05-06 22:53:22,btc,0.0,0.0,0,btc,0.0,0.0,0.0,113
1,[],17,[],2019-04-26 02:17:47,162738.278,0.00000004,0.0000000000021069000000000002,7461287,2019-04-26 02:17:47,btc,1.3331140273775473,0.0,0.00000004,btc,51796.221,0.0,0.00230953112,116
0,[],27,[],2019-04-26 02:19:51,0.0,0,0,7461288,2019-04-26 02:19:51,,0.0,0.0,0,,0.0,0.0,0.0,116
1,[],4,[],2019-05-06 23:03:40,137379.49899465,0.00001024,0.000000000587464704,7560533,2019-05-06 23:03:40,btc,132.3990915879991,0.0,0.00001024,btc,264821.57887623,0.10210719,1.1033157041685309,120
1,[],7,[],2019-05-06 23:03:42,9473.90848263,0.00001202000000000000011252283826923559217902948148548603057861328125,0.0000000006895825920000001,7560534,2019-05-06 23:03:42,btc,231185.8922355222,0.0,0.00001202000000000000011252283826923559217902948148548603057861328125,btc,4121.45818244,0.0,0.0181894954699349,120
1,[],20,[],2019-04-07 18:42:29,1914137.0852,0.000000035,0.0000000000017871910000000002,7211992,2019-04-07 18:42:29,btc,32.2497668025648,25528.85,0.000000035,btc,1001975.4986,0.00089350975,0.0152723574729,125
1,[],22,[],2019-05-06 23:03:51,110000.0,0.00000001,0.000000000000573696,7560535,2019-05-06 23:03:51,BTC,0.032061,0.0,0.00000001,BTC,299316.7611111111,0.0,0.0011,126
1,[],4,[],2019-05-06 23:03:51,1858616.98485142,0.00000957,0.000000000549027072,7560536,2019-05-06 23:03:51,btc,3.773304207428834,0.0,0.00000957,btc,167430.88092617,0.1086048,0.4886430322289556,131
0,[],2,[],2019-01-20 23:25:46,0.0,0,0,6476969,2019-01-20 23:25:46,,0.0,0.0,0,,0.0,0.0,0.0,131
1,[],17,[],2019-05-03 01:13:10,10000.0,0.00000001,0.000000000000548003,7559115,2019-05-03 01:13:10,btc,0.0953976503951408,0.0,0.00000001,btc,5037.62507334,0.0,0.0001,131
1,[],4,[],2019-05-06 23:03:53,4710.8249972,0.00012733,0.000000007304871168,7560537,2019-05-06 23:03:53,btc,6.0115192579142125,0.0,0.00012733,btc,191.61415747,0.0,0.0080968379619658,135
1,[],3,[],2019-05-06 23:03:54,530498.0,0.00000001,0.000000000000573696,7560538,2019-05-06 23:03:54,btc,0.0934057631805504,129896.5,0.00000001,btc,1024104.34967245,0.0,0.00530498,136
1,[],4,[],2019-05-06 23:03:55,3413340.49085644,0.00000260,0.00000000014916096000000002,7560539,2019-05-06 23:03:55,btc,318.7329756813028,0.0,0.00000260,btc,461022.60242006,0.15684866,0.8322700631713256,137
1,[],12,[],2019-05-06 23:03:57,331767.51839215,0.00000213999999999999983963348826332406815708964131772518157958984375,0.00000000012277094399999998,7560540,2019-05-06 23:03:57,btc,48520.514322717274,0.0,0.00000213999999999999983963348826332406815708964131772518157958984375,btc,42913.34883503,0.0003969,0.0389854899999126,137
1,[],4,[],2019-05-06 23:03:57,31203.48819289,0.00003486,0.000000001999904256,7560541,2019-05-06 23:03:57,btc,5.180141306682642,0.0,0.00003486,btc,68019.65270363,0.17501929,0.136518268281012,142
1,[],5,[],2019-05-06 23:03:58,0.0,0,0,7560542,2019-05-06 23:03:58,btc,0.0,0.21731269,0,btc,0.0,0.0,0.0,142
1,[],20,[],2019-05-06 23:04:01,167605.9707,0.00003401,0.000000001951140096,7560543,2019-05-06 23:04:01,btc,1.7086003245498,0.0,0.00003401,btc,8215.5399,0.0,0.060100578815,142
1,[],22,[],2019-05-06 23:04:04,1370.0,0.00000200,0.0000000001147392,7560544,2019-05-06 23:04:04,BTC,3.2756588,0.0,0.00000200,BTC,1135.5948275773155,0.0,0.0003632,142
0.0,[],25,[],2019-05-06 23:04:05,0.0,0,0,7560545,2019-05-06 23:04:05,,0.0,0.0,0.0,btc,0.0,0.0,0.0,142
1,[],28,[],2019-05-06 23:04:07,79165.49,0.00003450,0.0000000019792512,7560546,2019-05-06 23:04:07,btc,0.0588024634,233663.0,0.00003450,btc,484.27303,0.0,0.075663825,142
1,[],17,[],2019-05-03 01:13:16,32967.38636364,0.00000088,0.000000000048224264,7559122,2019-05-03 01:13:16,btc,20.06976206696776,0.0,0.00000088,btc,2746.079105,0.0,0.0105613000000032,142
0,[],22,[],2019-05-06 23:04:10,0.0,0,0,7560547,2019-05-06 23:04:10,,66.66505393,0.0,0,,938775805.8,0.0,0.0,143
0,[],22,[],2019-02-25 15:42:22,0.0,0,0,6783783,2019-02-25 15:42:22,,4.2131946,0.0,0,,2322156.0,0.0,0.0,146
,[],22,[],2018-11-20 23:01:11,0.0,0,0,4862114,2018-11-20 23:01:11,,2.56807021,0.0,,,61828.4988236,0.0,0.0,147
1,[],12,[],2019-04-21 06:38:04,193091.5971266,0.00000071,0.000000000037635183,7388679,2019-04-21 06:38:04,btc,2.301232411611175,0.0,0.00000071,btc,9957.48302385,0.00023528,0.0313308199999888,148
1,[],4,[],2019-03-19 21:31:25,255810.0415942,0.00000029,0.000000000011615747,6982695,2019-03-19 21:31:25,btc,218.94922712414143,0.0,0.00000029,btc,793529.37642722,0.00117,0.0608347789473395,152
0,[],22,[],2019-03-19 21:31:27,0.0,0,0,6982696,2019-03-19 21:31:27,,0.0,0.0,0,,0.0,0.0,0.0,152
1,[],5,[],2019-04-26 09:36:59,0.0,0,0,7465040,2019-04-26 09:36:59,btc,0.0,0.0,0,btc,0.0,0.0,0.0,153
,[],16,[],2019-01-11 15:38:59,0.0,0,0,6366141,2019-01-11 15:38:59,btc,0.0,0.0,,btc,0.0,0.0,0.0,155
0,[],22,[],2019-05-06 23:04:13,0.0,0,0,7560548,2019-05-06 23:04:13,,6.78991271,0.0,0,,4661448.342592592,0.0,0.0,156
0,[],23,[],2019-01-20 23:24:29,0.0,0,0,6476932,2019-01-20 23:24:29,,0.0,0.0,0,,0.0,0.0,0.0,156
1,[],22,[],2019-05-06 23:04:16,7066.0,0.00000800,0.0000000004589568,7560549,2019-05-06 23:04:16,BTC,1.79802465,0.0,0.00000800,BTC,802.6461988741639,0.0,0.00062996,157
0,[],22,[],2019-05-06 23:04:19,0.0,0,0,7560550,2019-05-06 23:04:19,,50234.60468402,0.0,0,,54786159.03179465,0.0,0.0,158
,[],17,[],2018-11-20 22:56:10,0.0,0,0,4861976,2018-11-20 22:56:10,btc,1.1265625,0.0,,btc,1000.0,0.0,0.0,159
,[],20,[],2018-11-20 22:56:12,0.0,0,0,4861977,2018-11-20 22:56:12,btc,11912.7940471,0.0,,btc,34413894.3617,0.0,0.0,159
1,[],12,[],2019-05-06 23:04:20,264423.56985468,0.000003899999999999999929396754527743951257434673607349395751953125,0.00000000022374144,7560551,2019-05-06 23:04:20,btc,13.5636700258403,0.0,0.000003899999999999999929396754527743951257434673607349395751953125,btc,11614.01094598,0.001433131421446,0.0487866746783567,168
1,[],17,[],2019-05-03 01:13:36,42852.0,0.00000002,0.000000000001096006,7559132,2019-05-03 01:13:36,btc,0.04279856251542,0.0,0.00000002,btc,274.46171372,0.0,0.00052852,168
1,[],22,[],2019-05-06 23:04:24,743209.0,0.00000001,0.000000000000573696,7560552,2019-05-06 23:04:24,BTC,41.40912107,0.0,0.00000001,BTC,1593401.2737547632,0.00342632,0.00743209,169
1,[],22,[],2019-05-06 23:04:27,193937.0,0.00000006,0.000000000003442176,7560553,2019-05-06 23:04:27,BTC,30.18829987,0.0,0.00000006,BTC,436804.58201967884,0.01014993,0.00193977,171
1,[],22,[],2019-05-06 23:04:31,106330.08333333333,0.00000013,0.000000000007458048,7560554,2019-05-06 23:04:31,BTC,22.16786685,0.0,0.00000013,"BTC,LTC",662818.9853207375,0.00366528,0.00243661,173
1,[],5,[],2019-05-06 19:49:32,0.0,0,0,7559281,2019-05-06 19:49:32,btc,0.0,0.00023336,0,btc,0.0,0.0,0.0,175
1,[],22,[],2019-05-06 23:04:34,94350.0,0.00000001,0.000000000000573696,7560555,2019-05-06 23:04:34,BTC,394.02772459,0.0,0.00000001,BTC,139955.2850009791,0.0,0.0009435,176
1,[],7,[],2019-05-06 23:04:35,0.0,0,0,7560556,2019-05-06 23:04:35,btc,520270.8857881791,1500000.0,0,btc,19653386.483368568,0.015,0.0,178
0,[],22,[],2019-05-06 23:04:37,0.0,0,0,7560557,2019-05-06 23:04:37,,1.00242428,0.0,0,,57512.0,0.0,0.0,178
0,[],2,[],2019-01-20 23:28:34,0.0,0,0,6477001,2019-01-20 23:28:34,,0.0,0.0,0,,0.0,0.0,0.0,178
1,[],5,[],2019-05-06 23:04:39,0.0,0,0,7560558,2019-05-06 23:04:39,btc,0.0,0.33773277,0,btc,0.0,0.0,0.0,179
1,[],22,[],2019-05-06 23:04:42,3051281.0,0.00000002,0.000000000001147392,7560559,2019-05-06 23:04:42,BTC,5.32256169,0.0,0.00000002,BTC,13282087.078613343,0.01502153,0.03287524,179
0,[],23,[],2019-01-20 23:25:08,0.0,0,0,6476952,2019-01-20 23:25:08,,0.0,0.0,0,,0.0,0.0,0.0,179
1,[],22,[],2019-05-06 23:04:46,642293.2181071446,0.00000085,0.00000000004876416,7560560,2019-05-06 23:04:46,BTC,39.05917906,0.0,0.00000085,"BTC,LTC",153221.58778499605,0.00463094,0.5544508,180
1,[],26,[],2019-05-06 23:04:46,0.0,0.00000120,0.00000000006884352000000001,7560561,2019-05-06 23:04:46,btc,0.0,100.0,0.00000120,btc,0.0,0.0,0.0,180
1,[],17,[],2019-05-03 01:13:56,20504.725000000002,0.0000001,0.00000000000548003,7559141,2019-05-03 01:13:56,btc,5.2010695838400265,0.0,0.0000001,btc,5033.45945,0.0,0.0011504725,180
,[],7,[],2018-11-20 22:58:01,562227.975654,0.00000085,0.000000000036176765,4862015,2018-11-20 22:58:01,btc,21836.6059674,2491.87645172,,btc,749999.041456,0.00211021,0.127565380455,183
,[],5,[],2019-01-10 08:11:41,0.0,0,0,6347036,2019-01-10 08:11:41,btc,82.15055501,0.00261,,btc,1.19002445,0.0,0.0,187
1,[],24,[],2019-04-30 17:34:05,0.0,0.000000000014,7.396256000000001e-16,7526291,2019-04-30 17:34:05,btc,0.0,0.0,0.000000000014,btc,0.0,0.0,0.0,187
,[],17,[],2018-11-16 20:58:10,4062536.27273,0.00000001,0.000000000000550501,4708775,2018-11-16 20:58:10,btc,3.36492563466,0.195460381006,,"btc,eth",110697919.549,0.0,0.0157628953496,187
0,[],22,[],2019-04-25 02:54:07,0.0,0,0,7447896,2019-04-25 02:54:07,,7.54794454,0.0,0,,76361.7243344055,0.0,0.0,191
0,[],22,[],2019-05-06 23:04:51,0.0,0,0,7560562,2019-05-06 23:04:51,,0.0,0.0,0,,0.0,0.0,0.0,197
0,[],23,[],2019-01-20 23:31:41,0.0,0,0,6477079,2019-01-20 23:31:41,,0.0,0.0,0,,0.0,0.0,0.0,199
0.0000000001314916,[],22,[],2019-05-06 23:04:54,54734331.0,2.6298320000000002e-18,1.508724099072e-22,7560563,2019-05-06 23:04:54,LTC,18.75572353,0.0,0.00000002,LTC,35253416.0,0.0,0.64068281,199
1,[],26,[],2019-05-06 23:04:54,0.0,0.00000000,0,7560564,2019-05-06 23:04:54,btc,0.0,0.0,0.00000000,btc,0.0,0.0,0.0,199
0,[],2,[],2019-01-20 23:30:49,0.0,0,0,6477059,2019-01-20 23:30:49,,0.0,0.0,0,,0.0,0.0,0.0,201
1,[],4,[],2019-01-25 15:51:35,2084389.58565343,0.00000936,0.000000000333526752,6499557,2019-01-25 15:51:35,btc,2.0092503037378524,0.0,0.00000936,btc,160195.80207885,0.19272417,1.242687955921835,211
1,[],7,[],2019-05-06 23:04:57,13873940.2716238,0.00000086,0.000000000049337856000000004,7560565,2019-05-06 23:04:57,btc,15559137.675935844,310887.805044,0.00000086,btc,12250594.75709636,0.0,1.9735352650785514,212
1,[],12,[],2019-01-25 02:44:32,207462.42853209,0.000001080000000000000035831255497387193287295303889550268650054931640625,0.000000000038610756000000006,6493050,2019-01-25 02:44:32,btc,85023.03793723314,0.0,0.000001080000000000000035831255497387193287295303889550268650054931640625,btc,43675.73520027,0.000146250909087,0.0348620860622024,213
1,[],5,[],2019-05-06 19:52:08,0.0,0,0,7559293,2019-05-06 19:52:08,btc,0.0,0.73592961,0,btc,0.0,0.0,0.0,213
1,[],24,[],2019-05-06 19:52:08,0.0,0.000000050000,0.00000000000287967,7559294,2019-05-06 19:52:08,btc,0.0,0.0,0.000000050000,btc,0.0,0.0,0.0,213
1,[],26,[],2019-05-06 19:52:08,0.0,0.00000040,0.00000000002303736,7559295,2019-05-06 19:52:08,btc,0.0,0.0,0.00000040,btc,0.0,0.0,0.0,213
0,[],22,[],2019-05-06 23:05:00,0.0,0,0,7560566,2019-05-06 23:05:00,,11.26999216,0.0,0,,2172454.2040649247,0.0,0.0,216
1,[],27,[],2019-05-06 23:05:18,36096.0,0.00000002,0.000000000001147392,7560567,2019-05-06 23:05:18,btc,57.80149219803932,51250.0,0.00000002,"btc,ltc",210050.497308,0.001025,0.00036751,216
1,[],22,[],2019-05-06 23:05:22,326674.11267605633,0.00000142,0.000000000081464832,7560568,2019-05-06 23:05:22,BTC,12055.0145706,0.0,0.00000142,BTC,439320.79097919195,0.02804389,0.10333477,217
1,[],7,[],2019-05-06 23:05:23,0.0,0,0,7560569,2019-05-06 23:05:23,btc,111302.56967336107,0.0,0,btc,137382971.78428552,0.0,0.0,219
0,[],27,[],2019-05-06 23:05:33,0.0,0,0,7560570,2019-05-06 23:05:33,,0.01810337,0.0,0,btc,1580037.0,0.0,0.0,219
0.0000000000000045,[],28,[],2019-05-06 23:05:36,489177109.014,2.925e-18,1.6780608e-22,7560571,2019-05-06 23:05:36,doge,3650163.35373502,579158.7847,0.00065000,"btc,doge",44739610.5033,0.0,2.894227512536799e-11,219
1,[],22,[],2019-05-06 23:05:39,405857.0,0.00000005,0.00000000000286848,7560572,2019-05-06 23:05:39,BTC,56.83025662,0.0,0.00000005,BTC,168795.81494054076,1.889e-05,0.01336485,221
1,[],24,[],2019-05-06 23:05:39,0.0,0.000000010000,0.000000000000573696,7560573,2019-05-06 23:05:39,btc,0.0,0.0,0.000000010000,btc,0.0,0.0,0.0,221
1,[],20,[],2019-05-06 23:05:43,12215979.1583,0.00000001,0.000000000000573696,7560574,2019-05-06 23:05:43,btc,100092.92235796685,242411.381,0.00000001,btc,22929825.5625,0.0031891439494,0.0533295320409,224
0,[],22,[],2019-05-06 23:05:45,0.0,0,0,7560575,2019-05-06 23:05:45,,0.0,0.0,0,,0.0,0.0,0.0,224
1,[],26,[],2019-05-06 23:05:46,0.0,0.00000026,0.000000000014916096,7560576,2019-05-06 23:05:46,btc,0.0,0.0,0.00000026,btc,0.0,0.0,0.0,231
1,[],26,[],2019-05-06 23:05:47,0.0,0.00000005,0.00000000000286848,7560577,2019-05-06 23:05:47,btc,0.0,200.0,0.00000005,btc,0.0,0.0,0.0,234
0.0000000003037038,[],27,[],2019-05-06 23:06:00,10000.0,3.037038e-18,1.742336552448e-22,7560578,2019-05-06 23:06:00,eth,0.01134836604,0.0,0.00000001,"btc,eth",11462.996,0.0,3.037038e-14,234
1,[],4,[],2019-04-29 21:02:20,217188.93193785,0.00000080,0.00000000004151584,7514327,2019-04-29 21:02:20,btc,5.239800103892936,0.0,0.00000080,btc,797346.30008933,0.0,0.0590549781555679,236
1,[],24,[],2019-04-29 21:02:20,0.0,0.000000100000,0.00000000000518948,7514328,2019-04-29 21:02:20,btc,0.0,0.0,0.000000100000,btc,0.0,0.0,0.0,236
1,[],5,[],2019-05-06 20:53:15,0.0,0,0,7559637,2019-05-06 20:53:15,btc,0.0,0.20253514,0,btc,0.0,0.0,0.0,237
1,[],20,[],2019-05-06 20:53:18,38173217.6136,0.000000083,0.0000000000047460728,7559638,2019-05-06 20:53:18,btc,21342.514614200165,8832375.7238,0.000000083,btc,27701499.3386,0.7554403456107,1.3621107610479,237
1,[],22,[],2019-05-06 20:53:20,343938.0,0.00000009,0.000000000005146344,7559639,2019-05-06 20:53:20,BTC,1.20267422,0.0,0.00000009,BTC,17930.94871794872,0.0,0.01017442,237
1,[],4,[],2019-05-06 22:57:19,6290075.79469204,0.00000018,0.000000000010331928,7560429,2019-05-06 22:57:19,btc,3.4885187671603086,0.0,0.00000018,btc,9744988.6682621,0.21776781,0.5624310097773654,238
1,[],5,[],2019-05-06 22:57:20,0.0,0,0,7560430,2019-05-06 22:57:20,btc,0.0,0.0025492,0,btc,0.0,0.0,0.0,238
0,[],22,[],2019-03-12 16:49:32,0.0,0,0,6914458,2019-03-12 16:49:32,,0.40415746,0.0,0,,526736.5639027493,0.0,0.0,249
0,[],22,[],2019-05-06 23:06:02,0.0,0,0,7560579,2019-05-06 23:06:02,,4.16048771,0.0,0,,35493074.69978836,0.0,0.0,252
1,[],28,[],2019-05-06 22:57:47,42075961.509,0.00000048,0.000000000027551808,7560432,2019-05-06 22:57:47,btc,3.654364326611,483126.417,0.00000048,btc,2998935.4629,0.0,0.72598752732,256
1,[],22,[],2019-05-06 23:06:05,1089068.6666666667,0.00000004,0.000000000002294784,7560580,2019-05-06 23:06:05,BTC,21.88116616,0.0,0.00000004,BTC,522884.63333384093,0.0,0.01160548,258
1,[],22,[],2019-03-13 00:07:30,47146.0,0.00000001,0.000000000000387233,6917028,2019-03-13 00:07:30,BTC,2.415167,0.0,0.00000001,BTC,157.0,0.0,0.00047146,259
1,[],5,[],2019-05-06 23:06:06,0.0,0,0,7560581,2019-05-06 23:06:06,btc,0.0,0.35100515,0,btc,0.0,0.0,0.0,264
1,[],20,[],2019-05-06 23:06:08,1264340.4856,0.000001031,0.0000000000591480576,7560582,2019-05-06 23:06:08,btc,4.8161994474728,74706.6489,0.000001031,btc,87312.3942,0.0975288721141,0.0209243442373,264
0,[],22,[],2019-04-12 17:57:27,0.0,0,0,7278186,2019-04-12 17:57:27,,66.37522201,0.0,0,,677842.4169881374,0.0,0.0,271
0,[],22,[],2019-05-06 23:06:12,0.0,0,0,7560583,2019-05-06 23:06:12,,33050467.4724609,0.0,0,,14361462970.7,0.0,0.0,272
0.0000000000000045,[],28,[],2019-05-06 23:06:15,396209316217.5,1.305e-21,7.4867328e-26,7560584,2019-05-06 23:06:15,doge,26795802.41263769,3668078440.118,0.00000029,doge,353904754248.509,0.0,2.26132419566115e-10,272
1,[],22,[],2019-05-06 23:06:18,168039.7,0.00000013,0.000000000007458048,7560585,2019-05-06 23:06:18,BTC,427.42495672,0.0,0.00000013,BTC,249705.37764460206,0.0,0.00918978,281
1,[],22,[],2019-05-06 23:06:23,105531.1,0.00000002,0.000000000001147392,7560586,2019-05-06 23:06:23,BTC,536.90470511,0.0,0.00000002,"BTC,LTC",596565.2922801868,0.00109733,0.00756194,286
0,[],22,[],2019-05-06 23:06:25,0.0,0,0,7560587,2019-05-06 23:06:25,,7337883.29829334,0.0,0,,1299453029.2797825,0.0,0.0,294
