pairValue,buyBook,exchangeId,sellBook,updated,buyTotal,satoshiPrice,usdPrice,exchangeLogId,created,bestPair,sellTotalBtc,volume,pairPrice,activePairs,sellTotal,volumeBtc,buyTotalBtc,coinId
1,[],10,[],2019-07-13 08:58:05,251434.9725798,0.00271069,0.00000031407274150500003,7812232,2019-07-13 08:58:05,btc,6515.317158446701,1686.04548878,0.00271069,btc,2002.66956917,0.0,1.2639712180673435,1
1,[],3,[],2019-07-29 12:00:22,32172.10664592385,0.0081000399999999993239097051400676718913018703460693359375,0.0000007669320373,7851406,2019-07-29 12:00:22,btc,9.255561463546771,79.191917509,0.0081000399999999993239097051400676718913018703460693359375,btc,37.310794165752,0.0,0.2759351508411056,1
1,[],4,[],2019-07-29 12:00:23,25381.90990377,0.00831336,0.0000007871297082,7851407,2019-07-29 12:00:23,btc,10.978029090188189,0.0,0.00831336,btc,424.56643613,0.34417503,1.1076254648430692,1
1,[],12,[],2019-07-29 12:00:28,93.60377628,0.00831999999999999927113858433358473121188580989837646484375,0.0000007877584,7851408,2019-07-29 12:00:28,btc,0.2868053794518,0.0,0.00831999999999999927113858433358473121188580989837646484375,btc,26.48626042,0.770794937143,0.1892308884055,1
1,[],20,[],2019-07-29 12:00:31,932.7385,0.007810081,0.0000007394779942825,7851409,2019-07-29 12:00:31,btc,0.2385143260707,1.4026,0.007810081,btc,20.3257,0.0119917468489,0.1341784507185,1
1,[],21,[],2019-07-29 12:00:31,2305.22617914,0.008334019999999999275819284605,0.00000078908584865,7851410,2019-07-29 12:00:31,btc,12.328602298297593,622.41337785,0.00833401999999999927581928460540439118631184101104736328125,"btc,eth",1861.97019248,4.8732535934778065,15.781878771737631,1
1,[],22,[],2019-07-29 12:00:35,1.1199,0.00200000,0.000000189365,7851411,2019-07-29 12:00:35,BTC,0.01700334,0.0,0.00200000,BTC,0.28367064174998,0.0,0.00197189,1
1,[],24,[],2019-07-29 12:00:35,0.0,0.000000000000,0,7851412,2019-07-29 12:00:35,btc,0.0,0.0,0.000000000000,btc,0.0,0.0,0.0,1
0.0,[],25,[],2019-07-29 12:00:36,0.0,0,0,7851413,2019-07-29 12:00:36,btc,27.085899999236815,1943.35250515,0.0,btc,3161.34783146,16.51,0.0,1
1,[],26,[],2019-07-29 12:00:51,0.0,0,0,7851414,2019-07-29 12:00:51,,0.0,0.0,0,,0.0,0.0,0.0,1
1,[],28,[],2019-07-29 12:01:16,1059.021,0.008160000000,0.0000007726092,7851415,2019-07-29 12:01:16,btc,0.369430365,2645.004,0.008160000000,btc,22.3803,0.0,0.421330036,1
1,[],5,[],2019-07-06 00:27:44,0.0,0,0,7800775,2019-07-06 00:27:44,btc,0.0,0.00190933,0,btc,0.0,0.0,0.0,1
0,[],2,[],2019-01-20 23:28:45,0.0,0,0,6477011,2019-01-20 23:28:45,,0.0,0.0,0,,0.0,0.0,0.0,1
1,[],22,[],2019-07-29 12:01:22,11550.3,0.0000002,0.0000000000189365,7851416,2019-07-29 12:01:22,BTC,21.00878619,0.0,0.0000002,"BTC,XMR",19931.59287795317,0.0,0.00143681,2
1,[],5,[],2019-07-06 00:28:14,0.0,0,0,7800785,2019-07-06 00:28:14,btc,0.0,0.00208797,0,btc,0.0,0.0,0.0,2
1,[],12,[],2019-07-29 12:01:24,4728869.6519906,0.000000067,0.000000000006343727500000001,7851417,2019-07-29 12:01:24,btc,42912.81710884285,0.0,0.000000067,btc,7040287.76401751,0.020621286898,0.231516772609436,3
0,[],28,[],2019-07-29 12:01:25,0.0,0,0,7851418,2019-07-29 12:01:25,,0.0,0.0,0,,0.0,0.0,0.0,3
1,[],5,[],2019-06-03 14:48:58,0.0,0,0,7731126,2019-06-03 14:48:58,btc,0.0,0.05905545,0,btc,0.0,0.0,0.0,3
0,[],2,[],2019-01-20 23:31:32,0.0,0,0,6477077,2019-01-20 23:31:32,,0.0,0.0,0,,0.0,0.0,0.0,4
1,[],4,[],2019-07-23 19:39:19,5194762.69889617,0.00000005,0.00000000000508272,7830176,2019-07-23 19:39:19,btc,51.370046856622295,0.0,0.00000005,btc,1310172.08039262,0.0,0.0608782288383904,4
0,[],12,[],2019-07-10 21:32:46,0.0,0,0,7800866,2019-07-10 21:32:46,btc,641.7517620215584,0.0,0,btc,1208658.0779220702,0.0,0.0,5
0,[],2,[],2019-01-20 23:31:51,0.0,0,0,6477087,2019-01-20 23:31:51,,0.0,0.0,0,,0.0,0.0,0.0,6
1,[],11,[],2019-07-29 12:01:27,5642836.0,0.00000001,0.000000000000946825,7851419,2019-07-29 12:01:27,btc,9583.518659274243,166666.666667,0.00000001,btc,78068051.40388086,0.0,0.056428360000000004,6
1,[],3,[],2019-07-29 12:01:29,12097.682221188414,0.000050640000000000003044751950564972275969921611249446868896484375,0.000000004794721800000001,7851420,2019-07-29 12:01:29,btc,1026.325041724314,18380.5365145,0.000050640000000000003044751950564972275969921611249446868896484375,btc,553.951179802911,0.0,0.02042115303889994,7
1,[],4,[],2019-07-29 12:01:29,321872.53830632,0.00009303,0.000000008808312975,7851421,2019-07-29 12:01:29,btc,14.063145602388898,0.0,0.00009303,btc,82665.37732406,1.67193483,3.830824607353101,7
1,[],5,[],2019-07-06 00:28:21,0.0,0,0,7800789,2019-07-06 00:28:21,btc,0.0,0.38662001,0,btc,0.0,0.0,0.0,7
1,[],20,[],2019-04-07 22:06:50,3201475.0482,0.000000001,0.000000000000051590000000000004,7213932,2019-04-07 22:06:50,btc,30.8005781811902,0.0,0.000000001,btc,23077405.3926,0.0,0.0032014750482,8
1,[],4,[],2019-02-17 11:22:43,4341674.27126056,0.00000002,0.0000000000007272960000000001,6696112,2019-02-17 11:22:43,btc,0.1997230937751353,0.0,0.00000002,btc,4109766.79808031,0.00215132,0.0479381022052112,10
1,[],5,[],2019-07-05 17:50:59,0.0,0,0,7799863,2019-07-05 17:50:59,btc,0.0,0.04857279,0,btc,0.0,0.0,0.0,12
0,[],2,[],2019-01-20 23:23:08,0.0,0,0,6476890,2019-01-20 23:23:08,,0.0,0.0,0,,0.0,0.0,0.0,12
1,[],4,[],2019-07-29 12:01:30,26473031.67150376,0.00000026,0.00000000002461745,7851422,2019-07-29 12:01:30,btc,5.888591134644977,0.0,0.00000026,btc,11343123.83868563,0.60915383,2.366948831306647,12
0.0,[],25,[],2019-07-29 12:01:33,0.0,0,0,7851423,2019-07-29 12:01:33,,0.0,0.0,0.0,btc,0.0,0.0,0.0,12
1,[],4,[],2019-07-29 12:01:35,708048.83944932,0.00000295,0.000000000279313375,7851424,2019-07-29 12:01:35,btc,2.6605395670619982,0.0,0.00000295,btc,481010.81411101,1.35407077,0.7249492973799792,13
1,[],10,[],2019-07-29 12:01:36,689091.7012031,0.00000274,0.00000000025943005,7851425,2019-07-29 12:01:36,btc,666798.1453396401,9313.09504577,0.00000274,btc,1090790.03809341,0.0,0.1611355904868698,13
1,[],21,[],2019-07-29 12:01:38,1596286.36098922,0.000002879999999999999954377856784,0.0000000002726856,7851426,2019-07-29 12:01:38,btc,3.6227545776825334,405224.35956998,0.00000287999999999999995437785678398245892140039359219372272491455078125,btc,918191.08686196,1.14603717,3.3157331160127534,13
1,[],4,[],2019-07-29 12:01:38,1433443.22256,0.00000098,0.00000000009278885,7851427,2019-07-29 12:01:38,btc,230.57495224690265,0.0,0.00000098,btc,1224821.81006013,0.67250117,0.433041347483633,14
1,[],12,[],2019-07-29 12:01:39,231764.54902153,0.000001049999999999999899545958213786800428124479367397725582122802734375,0.00000000009941662499999999,7851428,2019-07-29 12:01:39,btc,189.84665709575853,0.0,0.000001049999999999999899545958213786800428124479367397725582122802734375,btc,22141.90043283,0.008065152753,0.0249457754047688,14
1,[],26,[],2019-07-29 12:03:40,0.0,0.00000050,0.00000000004734125,7851429,2019-07-29 12:03:40,btc,0.0,0.0,0.00000050,btc,0.0,0.0,0.0,14
0,[],17,[],2019-05-03 00:53:32,0.0,0,0,7558876,2019-05-03 00:53:32,btc,0.0,0.0,0,btc,0.0,0.0,0.0,14
0,[],4,[],2019-07-29 12:03:40,0.0,0,0,7851430,2019-07-29 12:03:40,,0.0,0.0,0,,0.0,0.0,0.0,15
,[],12,[],2018-12-01 15:15:48,204241.84496,0.00000489,0.000000000202473384,5260204,2018-12-01 15:15:48,btc,49.5475654835,0.0,,btc,35763.2193806,0.0163153972027625,0.0203389899998,15
0,[],2,[],2019-01-20 23:23:38,0.0,0,0,6476906,2019-01-20 23:23:38,,0.0,0.0,0,,0.0,0.0,0.0,18
1,[],4,[],2019-07-29 12:03:42,41531.52628993,0.00000807,0.000000000764087775,7851431,2019-07-29 12:03:42,btc,2.515203883389159,0.0,0.00000807,btc,21572.82114036,0.02052743,0.1011903939508333,18
1,[],10,[],2019-07-29 12:03:44,389374.63549495,0.00000721,0.000000000682660825,7851432,2019-07-29 12:03:44,btc,15.258610441733792,2069.48250649,0.00000721,btc,25193.22426355,0.0,0.202122131461284,18
1,[],12,[],2019-07-29 12:03:45,5599.80277108,0.000008019999999999999446497443711390218368251225911080837249755859375,0.00000000075935365,7851433,2019-07-29 12:03:45,btc,0.5668580823337661,0.0,0.000008019999999999999446497443711390218368251225911080837249755859375,btc,1905.5124595,0.000863657822,0.0183608588681442,18
0,[],17,[],2019-05-03 00:53:39,0.0,0,0,7558882,2019-05-03 00:53:39,btc,0.0,0.0,0,btc,0.0,0.0,0.0,18
0,[],2,[],2019-01-20 23:24:19,0.0,0,0,6476924,2019-01-20 23:24:19,,0.0,0.0,0,,0.0,0.0,0.0,19
1,[],3,[],2019-07-29 12:05:46,194975.32916297944,0.000009300000000000000743827742455405171995153068564832210540771484375,0.0000000008805472500000001,7851434,2019-07-29 12:05:46,btc,190.25836470561785,35025.6978662,0.000009300000000000000743827742455405171995153068564832210540771484375,btc,16424.618105633985,0.0,0.3321518230798919,19
1,[],4,[],2019-07-29 12:05:47,201866.99716874,0.00001030,0.00000000097522975,7851435,2019-07-29 12:05:47,btc,4.97782076327054,0.0,0.00001030,btc,204486.06187316,3.04377992,1.0095097976226128,19
1,[],12,[],2019-07-29 12:05:49,119525.24425708,0.00001037000000000000066364448658706720607369788922369480133056640625,0.000000000981857525,7851436,2019-07-29 12:05:49,btc,1.7942023085078023,0.0,0.00001037000000000000066364448658706720607369788922369480133056640625,btc,3510.3766449,0.002461657629,0.0242204876157509,19
0,[],27,[],2019-07-29 12:05:54,0.0,0,0,7851437,2019-07-29 12:05:54,,0.0,0.0,0,btc,0.0,0.0,0.0,19
1,[],5,[],2019-07-06 02:01:19,0.0,0,0,7800799,2019-07-06 02:01:19,btc,0.0,0.0,0,btc,0.0,0.0,0.0,19
1,[],4,[],2019-07-29 12:05:55,10392051.20550169,0.00000006,0.00000000000568095,7851438,2019-07-29 12:05:55,btc,5.055812101983146,0.0,0.00000006,btc,2211472.46910289,0.00400728,0.1214172410640176,20
0,[],4,[],2019-07-29 12:05:56,0.0,0,0,7851439,2019-07-29 12:05:56,,67393.84019460763,0.0,0,,168041560.40276924,0.01380019,0.0,21
0,[],12,[],2019-07-29 12:05:59,0.0,0,0,7851440,2019-07-29 12:05:59,btc,2617.9069360192807,0.0,0,btc,10249837.72627368,0.01367995005,0.0,21
0,[],17,[],2019-05-03 00:53:51,0.0,0,0,7558891,2019-05-03 00:53:51,btc,0.0,0.0,0,btc,0.0,0.0,0.0,21
1,[],12,[],2019-07-29 12:08:00,4658415451.108245,0.0000000047,0.00000000000044500775,7851441,2019-07-29 12:08:00,btc,1437886092779.5015,0.0,0.0000000047,btc,1366778390.2085912,5.297815324805,4.983655810567217,23
0.0000000002200569,[],27,[],2019-07-29 12:08:09,73294202.5,6.3816501e-17,6.0423058559325e-21,7851442,2019-07-29 12:08:09,eth,1258.5335495332222,4076538.67232767,0.00000029,eth,2507801.66147653,8.970704624503231e-10,1.7617317577788917e-09,23
1,[],4,[],2019-07-29 12:08:10,6029969.92972306,0.00000045,0.000000000042607125,7851443,2019-07-29 12:08:10,btc,12.549424638194065,0.0,0.00000045,btc,1745623.82064099,0.12950011,0.1393786255973346,24
0,[],22,[],2019-07-29 12:08:12,0.0,0,0,7851444,2019-07-29 12:08:12,,0.0,0.0,0,,0.0,0.0,0.0,24
0.0,[],25,[],2019-07-29 12:08:14,0.0,0,0,7851445,2019-07-29 12:08:14,,0.0,0.0,0.0,btc,0.0,0.0,0.0,24
0,[],2,[],2019-01-20 23:25:56,0.0,0,0,6476976,2019-01-20 23:25:56,,0.0,0.0,0,,0.0,0.0,0.0,26
1,[],4,[],2019-07-29 12:08:15,26964738.4298145,0.00000422,0.00000000039956015,7851446,2019-07-29 12:08:15,btc,13.944315109931766,0.0,0.00000422,btc,231248.40690309,0.33501408,0.4800337921831423,26
1,[],10,[],2019-07-29 12:08:17,229067.17399652,0.00000431,0.00000000040808157500000004,7851447,2019-07-29 12:08:17,btc,25.761617448748098,6515.59481486,0.00000431,btc,18658.09423512,0.0,0.0535850047815698,26
1,[],5,[],2019-04-26 09:47:06,0.0,0,0,7465326,2019-04-26 09:47:06,btc,0.0,0.0,0,btc,0.0,0.0,0.0,27
1,[],3,[],2019-06-17 14:30:26,13571825.64059417,0.00000001,0.00000000000092914,7740112,2019-06-17 14:30:26,btc,3.485049956644059,4264730.43754,0.00000001,btc,23500048.28518193,0.0,0.1357182564059417,27
1,[],11,[],2019-07-15 06:07:59,993045.80216525,0.00000001,0.000000000001021634,7819506,2019-07-15 06:07:59,btc,67502.92060589766,178.77941309,0.00000001,btc,6487362.95640949,0.0,0.0099304580216525,27
0.0000000000938784,[],4,[],2019-07-29 12:08:18,485958865.8887539,8.449056e-17,7.9997774472e-21,7851448,2019-07-29 12:08:18,ltc,11.752304064534108,0.0,0.0000009,ltc,818246865.066975,0.00866802,1.1377667481208653e-08,29
1,[],7,[],2019-07-29 12:08:19,0.0,0,0,7851449,2019-07-29 12:08:19,btc,1236880.8270962802,4492.5074925,0,btc,38238144.64381175,4.493e-05,0.0,29
0,[],17,[],2019-05-03 01:11:25,0.0,0,0,7559066,2019-05-03 01:11:25,btc,0.0,0.0,0,btc,0.0,0.0,0.0,30
1,[],4,[],2019-07-29 12:08:20,15651149.69902952,0.00000009,0.000000000008521425,7851450,2019-07-29 12:08:20,btc,2.5133345250968397,0.0,0.00000009,btc,2068074.81732937,0.017893,0.1902402861328899,30
1,[],4,[],2019-07-29 12:10:21,209426.95353309,0.00003460,0.0000000032760145,7851451,2019-07-29 12:10:21,btc,5.162926162716086,0.0,0.00003460,btc,71677.55629675,1.07196883,0.7111664751304624,31
1,[],21,[],2019-07-29 12:10:22,76578.07433073,0.00003403999999999999934901032117,0.0000000032229923,7851452,2019-07-29 12:10:22,btc,4.618678652328019,121226.61978771,0.0000340399999999999993490103211701836016800370998680591583251953125,btc,103045.39801217,4.17996641,2.252902676120186,31
0,[],2,[],2019-01-20 23:28:43,0.0,0,0,6477009,2019-01-20 23:28:43,,0.0,0.0,0,,0.0,0.0,0.0,32
1,[],12,[],2019-03-30 07:55:10,40641173.964,0.00000003,0.000000000001228359,7108785,2019-03-30 07:55:10,btc,4233210.82356125,0.0,0.00000003,btc,28378394.68333462,0.0126927883965248,0.90752895892,33
0,[],4,[],2019-07-29 12:10:25,0.0,0,0,7851453,2019-07-29 12:10:25,,0.0,0.0,0,,0.0,0.0,0.0,33
0.0000000000938784,[],4,[],2019-07-29 12:10:26,25589024.56538303,3.1918656e-17,3.02213814672e-21,7851454,2019-07-29 12:10:26,ltc,5.431915735230041,0.0,0.00000034,ltc,170503420.26802972,0.0,2.1610527806148567e-10,34
1,[],5,[],2019-07-06 02:03:46,0.0,0,0,7800811,2019-07-06 02:03:46,btc,0.0,0.0,0,btc,0.0,0.0,0.0,34
0,[],4,[],2019-07-11 00:07:02,0.0,0,0,7801420,2019-07-11 00:07:02,,3.68295914902898e-08,0.0,0,,6667385825.224262,0.0,0.0,36
0.0000000002385992,[],27,[],2019-07-11 00:09:09,11642390.307056,6.9193768e-17,8.4302504017872e-21,7801421,2019-07-11 00:09:09,eth,1120.18186,0.0,0.00000029,"ltc,eth",2270631.0,0.0,1.3601704595377105e-10,36
0.0000000002926451,[],17,[],2019-05-02 18:17:47,200000.0,2.9264510000000002e-18,1.596703856561e-22,7556430,2019-05-02 18:17:47,eth,0.20942468735267253,0.0,0.00000001,"btc,eth",1018272.20243647,0.0,5.852902e-13,36
1,[],5,[],2019-05-31 13:28:21,0.0,0,0,7717484,2019-05-31 13:28:21,btc,0.0,0.0,0,btc,0.0,0.0,0.0,36
1,[],17,[],2019-05-03 01:11:36,211752.74075282,0.00000025,0.000000000013700074999999998,7559074,2019-05-03 01:11:36,btc,0.055484923955058496,0.0,0.00000025,"btc,eth",1387.19918473,0.0,0.0005381851887916605,37
1,[],4,[],2019-07-29 12:10:28,12791873.68287491,0.00000011,0.000000000010415075,7851455,2019-07-29 12:10:28,btc,19772.59589587625,0.0,0.00000011,btc,1053193.84394294,0.06626115,0.28371039657473,37
1,[],12,[],2019-07-29 12:10:29,9720089.02564099,0.00000013,0.000000000012308725,7851456,2019-07-29 12:10:29,btc,1675.2837218997217,0.0,0.00000013,btc,2900349.32146412,0.16062440522,0.2884750876923034,37
1,[],27,[],2019-07-29 12:12:34,10792.0,0.00000019,0.000000000017989675,7851457,2019-07-29 12:12:34,btc,22.62000024371233,0.0,0.00000019,btc,4248.824835,0.0,0.00164037,37
1,[],12,[],2019-07-29 12:12:36,202054.15658337,0.00000145000000000000009320343975771638866945068002678453922271728515625,0.000000000137289625,7851458,2019-07-29 12:12:36,btc,607.9775661469245,0.0,0.00000145000000000000009320343975771638866945068002678453922271728515625,btc,183084.25357722,0.100926704139,0.047726170417594596,42
0.0000000002200569,[],27,[],2019-07-29 12:12:42,3000.0,2.2005690000000002e-17,2.0835537434250003e-21,7851459,2019-07-29 12:12:42,eth,0.001005,0.0,0.0000001,"btc,eth",3.0,0.0,6.601707e-14,42
1,[],5,[],2019-07-06 02:03:47,0.0,0,0,7800812,2019-07-06 02:03:47,btc,0.0,0.14382058,0,btc,0.0,0.0,0.0,42
1,[],12,[],2019-03-13 09:13:29,1112112.0,0.00000001,0.000000000000386531,6919902,2019-03-13 09:13:29,btc,29058.00478931866,0.0,0.00000001,btc,5967681.93306694,9.99000999e-07,0.01112112,43
1,[],5,[],2019-04-26 22:38:52,0.0,0,0,7474154,2019-04-26 22:38:52,btc,0.0,0.02638891,0,btc,0.0,0.0,0.0,43
0,[],17,[],2019-04-26 22:38:53,0.0,0,0,7474155,2019-04-26 22:38:53,btc,0.0,0.0,0,btc,0.0,0.0,0.0,43
1,[],12,[],2019-03-05 01:54:08,639326.02,0.00000004,0.000000000001486676,6845775,2019-03-05 01:54:08,btc,11116042.728239931,0.0,0.00000004,btc,1103841.4595604,0.0003330765234764,0.014975410599999999,44
0.0000000000938784,[],4,[],2019-07-29 12:12:43,104910399.9790517,3.0041088e-17,2.84436531456e-21,7851460,2019-07-29 12:12:43,ltc,4276.720686304545,0.0,0.00000032,ltc,28571801.18045352,0.0031393,4.251816685759551e-10,49
0.0000000000938784,[],4,[],2019-07-29 12:12:44,308065434.7374931,2.5347168e-17,2.39993323416e-21,7851461,2019-07-29 12:12:44,ltc,29941.04485128877,0.0,0.00000027,ltc,214341300.09250987,0.0,1.6620821204228624e-09,52
0,[],22,[],2019-07-29 12:12:47,0.0,0,0,7851462,2019-07-29 12:12:47,,10289.74058841,0.0,0,,278058119.4566013,0.0,0.0,57
0,[],27,[],2019-07-29 12:12:53,0.0,0,0,7851463,2019-07-29 12:12:53,,0.0,0.0,0,"btc,eth",0.0,0.0,0.0,57
1,[],17,[],2019-05-03 01:12:09,1200000.0,0.0000000001,0.00000000000000548003,7559085,2019-05-03 01:12:09,btc,1e+24,0.0,0.0000000001,"btc,eth",39516342.31952568,0.0,0.00010000000058666061,58
0.0000000000938784,[],4,[],2019-07-29 12:12:54,711407218.4190946,9.38784e-19,8.888641608e-23,7851464,2019-07-29 12:12:54,ltc,19.710416260388932,0.0,0.00000001,ltc,5441265878.16911,0.0,6.678577141363512e-10,58
1,[],12,[],2019-07-29 12:12:55,1299877647.2145119,0.0000000001,0.00000000000000946825,7851465,2019-07-29 12:12:55,btc,69205035.156337,0.0,0.0000000001,btc,4263390315.5684676,0.005840978599,0.12998776472145118,58
0.0000000000833308,[],22,[],2019-07-29 12:14:59,126877.0,8.33308e-19,7.889968471e-23,7851466,2019-07-29 12:14:59,XMR,68.17454206,0.0,0.00000001,XMR,9626402.6,0.0,0.00126877,58
0,[],22,[],2019-07-29 12:15:06,0.0,0,0,7851467,2019-07-29 12:15:06,,1000.95208651,0.0,0,,9038.133510458989,0.0,0.0,61
1,[],26,[],2019-07-29 12:15:06,0.0,0.00000013,0.000000000012308725,7851468,2019-07-29 12:15:06,btc,0.0,0.0,0.00000013,btc,0.0,0.0,0.0,61
0,[],27,[],2019-07-29 12:15:14,0.0,0,0,7851469,2019-07-29 12:15:14,,1.97314195,0.0,0,"btc,eth",10936.9,0.0,0.0,61
1,[],28,[],2019-07-29 12:15:27,40000.0,0.00000004,0.0000000000037873,7851470,2019-07-29 12:15:27,btc,0.242343945415105,397.0,0.00000004,btc,8016.46650005,0.0,0.001,61
1,[],5,[],2019-06-17 14:31:27,0.0,0,0,7740135,2019-06-17 14:31:27,btc,0.0,0.00079154,0,btc,0.0,0.0,0.0,61
1,[],4,[],2019-07-29 12:15:27,1442066.43274891,0.00000098,0.00000000009278885,7851471,2019-07-29 12:15:27,btc,5.45116382666528,0.0,0.00000098,btc,1483774.8693906,0.24048887,0.5093978725474557,67
0.0,[],25,[],2019-07-29 12:15:29,0.0,0,0,7851472,2019-07-29 12:15:29,,0.0,0.0,0.0,btc,0.0,0.0,0.0,67
1,[],12,[],2019-06-02 06:23:14,910048.355,0.00000006,0.000000000005154929999999999,7725270,2019-06-02 06:23:14,btc,5.167005424215783,0.0,0.00000006,btc,738530.60239759,0.003159757462,0.0187188113,71
,[],5,[],2018-11-20 23:02:39,1.5e-07,0.00000005,0.000000000002128045,4862160,2018-11-20 23:02:39,btc,2.84511358,0.0,,btc,0.00036572,0.0,0.07381892,74
1,[],5,[],2019-07-06 00:15:01,0.0,0,0,7800749,2019-07-06 00:15:01,btc,0.0,0.01883861,0,btc,0.0,0.0,0.0,75
0,[],4,[],2019-07-10 21:51:38,0.0,0,0,7800925,2019-07-10 21:51:38,,581890.2410093442,0.0,0,,38279594.33970312,0.0,0.0,81
0,[],20,[],2019-01-25 09:30:31,0.0,0,0,6495923,2019-01-25 09:30:31,btc,0.0,0.0,0,btc,0.0,0.0,0.0,81
1,[],4,[],2019-07-29 12:15:31,162680.86853087,0.00006826,0.00000000646302745,7851473,2019-07-29 12:15:31,btc,58.54046610617165,0.0,0.00006826,btc,125106.8649999,0.03033411,0.2521842228335777,82
1,[],21,[],2019-07-29 12:15:32,335178.26470471,0.00006800999999999999428602903695,0.000000006439356825,7851474,2019-07-29 12:15:32,btc,4.624877308926265,4659.85409671,0.00006800999999999999428602903694951464785845018923282623291015625,btc,47144.67103526,0.31687158,1.755525039295203,82
0,[],17,[],2019-03-25 22:42:34,0.0,0,0,7038780,2019-03-25 22:42:34,btc,0.0445064681804024,0.0,0,btc,995513.18476001,0.0,0.0,84
0,[],4,[],2019-07-23 20:51:52,0.0,0,0,7830376,2019-07-23 20:51:52,,1.6413985531662756,0.0,0,,620289065.5915176,0.0,0.0,85
,[],22,[],2018-11-20 23:09:34,3408.1,0.0000001,0.0000000000041895,4862324,2018-11-20 23:09:34,BTC,0.04624735,0.0,,BTC,4990.0,0.0,0.00033081,86
1,[],22,[],2019-07-29 12:15:37,14000.0,0.00000001,0.000000000000946825,7851475,2019-07-29 12:15:37,BTC,1.88891697,0.0,0.00000001,BTC,722487.6140350878,0.0,0.00014,87
0,[],27,[],2019-07-29 12:15:50,0.0,0,0,7851476,2019-07-29 12:15:50,,4.771853202774,606924.0,0,btc,280392.29336,0.00606924,0.0,87
,[],2,[],2018-11-20 23:10:47,0.0,0,0,4862359,2018-11-20 23:10:47,,0.0,0.0,,,0.0,0.0,0.0,88
1,[],11,[],2019-07-13 06:40:01,299353.97557583,0.0000369999999999999981139219007442164866006351076066493988037109375,0.0000000043049315,7811813,2019-07-13 06:40:01,btc,156.70253706438987,1923.2,0.0000369999999999999981139219007442164866006351076066493988037109375,btc,146186.36192325,0.0,0.8075395878505254,89
0,[],2,[],2019-01-20 23:31:45,0.0,0,0,6477083,2019-01-20 23:31:45,,0.0,0.0,0,,0.0,0.0,0.0,91
0,[],17,[],2019-05-03 01:12:26,0.0,0,0,7559096,2019-05-03 01:12:26,btc,0.0,0.0,0,btc,0.0,0.0,0.0,91
1,[],12,[],2019-07-29 12:15:51,364801.50953452,0.00000044,0.0000000000416603,7851477,2019-07-29 12:15:51,btc,434.49674261180337,0.0,0.00000044,btc,255229.57534682,0.004584077596,0.0227565382082588,91
1,[],22,[],2019-07-29 12:17:55,50200.0,0.00000002,0.00000000000189365,7851478,2019-07-29 12:17:55,BTC,1.05335,0.0,0.00000002,"BTC,LTC",1839.95,1.836e-05,0.001804,91
1,[],22,[],2019-07-10 21:56:00,91614.0,0.00000002,0.000000000002352202,7800934,2019-07-10 21:56:00,BTC,11.8980079,0.0,0.00000002,"BTC,LTC",347503.789747713,0.0,0.06622228,95
0,[],17,[],2019-05-03 01:12:32,0.0,0,0,7559100,2019-05-03 01:12:32,btc,0.0,0.0,0,btc,0.0,0.0,0.0,96
0.0000000000938784,[],4,[],2019-07-29 12:17:56,567545311.1884153,1.3142976e-17,1.24440982512e-21,7851479,2019-07-29 12:17:56,ltc,11.650188089037236,0.0,0.00000014,ltc,190217941.8443971,0.0,8.516174347212345e-10,96
0,[],12,[],2019-07-29 12:17:57,0.0,0,0,7851480,2019-07-29 12:17:57,btc,38.300157835634366,0.0,0,btc,13452240.563436551,0.0,0.0,96
0,[],2,[],2019-01-20 23:23:55,0.0,0,0,6476914,2019-01-20 23:23:55,,0.0,0.0,0,,0.0,0.0,0.0,100
1,[],4,[],2019-07-29 12:19:58,141970.10236934,0.00002150,0.0000000020356737500000002,7851481,2019-07-29 12:19:58,btc,8.357540879291678,0.0,0.00002150,btc,163930.74576592,0.72360776,0.7658247037159784,100
1,[],22,[],2019-07-29 12:20:02,146000.0,0.00000002,0.00000000000189365,7851482,2019-07-29 12:20:02,BTC,26.50623849,0.0,0.00000002,BTC,10383.92,0.0,0.00162,101
1,[],4,[],2019-07-16 14:33:47,547933.05083038,0.00000126,0.000000000131120388,7825334,2019-07-16 14:33:47,btc,634.8524452924697,0.0,0.00000126,btc,812393.56021757,0.00301441,0.079245871140487,103
1,[],12,[],2019-07-29 12:20:03,65392525.0,0.000000003,0.0000000000002840475,7851483,2019-07-29 12:20:03,btc,349573.9915145623,0.0,0.000000003,btc,118530544.37151015,0.004670477675,0.12154435100000001,105
1,[],27,[],2019-07-29 12:20:08,24292865.2362543,0.00000001,0.000000000000946825,7851484,2019-07-29 12:20:08,btc,206.70133328858702,709713.7637457,0.00000001,btc,2061826.91301344,0.00709714,0.242928652362543,105
1,[],22,[],2019-07-10 21:58:18,21333.0,0.00000001,0.000000000001176101,7800942,2019-07-10 21:58:18,BTC,51.38182867,0.0,0.00000001,BTC,470435.0,0.0,0.00021333,107
1,[],26,[],2019-07-10 21:58:18,0.0,0.00000000,0,7800943,2019-07-10 21:58:18,btc,0.0,0.0,0.00000000,btc,0.0,0.0,0.0,107
1,[],5,[],2019-07-06 00:19:31,0.0,0,0,7800761,2019-07-06 00:19:31,btc,0.0,0.0,0,btc,0.0,0.0,0.0,112
0,[],22,[],2019-07-29 12:20:11,0.0,0,0,7851485,2019-07-29 12:20:11,,6.79500102,0.0,0,,3375892.0833333335,0.0,0.0,112
1,[],27,[],2019-07-29 12:20:17,1.0,0.00000001,0.000000000000946825,7851486,2019-07-29 12:20:17,btc,0.0,0.0,0.00000001,"btc,eth",0.0,0.0,1e-08,112
1,[],5,[],2019-07-06 00:19:43,0.0,0,0,7800765,2019-07-06 00:19:43,btc,0.0,0.0,0,btc,0.0,0.0,0.0,113
1,[],4,[],2019-07-29 12:20:18,963707.99983222,0.00000107,0.00000000010131027500000001,7851487,2019-07-29 12:20:18,btc,9.519319622932803,0.0,0.00000107,btc,1110505.28777902,0.41995653,0.1955671857043053,113
1,[],17,[],2019-04-26 02:17:47,162738.278,0.00000004,0.0000000000021069000000000002,7461287,2019-04-26 02:17:47,btc,1.3331140273775473,0.0,0.00000004,btc,51796.221,0.0,0.00230953112,116
1,[],27,[],2019-07-29 12:22:24,95525.16595526,0.00000001,0.000000000000946825,7851488,2019-07-29 12:22:24,btc,3918.96487209,4000.0,0.00000001,btc,88497.69,8e-05,0.0009552516595526,116
1,[],4,[],2019-07-18 16:30:54,1315571.55655546,0.00000231,0.000000000240609138,7830151,2019-07-18 16:30:54,btc,97.45214423295644,0.0,0.00000231,btc,453338.25653217,0.02253203,0.1939949889478389,120
1,[],7,[],2019-07-18 16:30:55,3748.91566159,0.0000075000000000000001900064307280846520598061033524572849273681640625,0.0000000007811985,7830152,2019-07-18 16:30:55,btc,231231.56046533308,193.90926286,0.0000075000000000000001900064307280846520598061033524572849273681640625,btc,4437.92755754,0.00147798,0.008882383768671,120
1,[],20,[],2019-04-07 18:42:29,1914137.0852,0.000000035,0.0000000000017871910000000002,7211992,2019-04-07 18:42:29,btc,32.2497668025648,25528.85,0.000000035,btc,1001975.4986,0.00089350975,0.0152723574729,125
1,[],22,[],2019-06-17 14:32:38,10000.0,0.00000001,0.00000000000092914,7740161,2019-06-17 14:32:38,BTC,0.032061,0.0,0.00000001,BTC,299316.7611111111,0.0,0.0001,126
0,[],2,[],2019-01-20 23:25:46,0.0,0,0,6476969,2019-01-20 23:25:46,,0.0,0.0,0,,0.0,0.0,0.0,131
1,[],17,[],2019-05-03 01:13:10,10000.0,0.00000001,0.000000000000548003,7559115,2019-05-03 01:13:10,btc,0.0953976503951408,0.0,0.00000001,btc,5037.62507334,0.0,0.0001,131
1,[],4,[],2019-07-29 12:22:24,295520.36735317,0.00000517,0.000000000489508525,7851489,2019-07-29 12:22:24,btc,4.240371572494279,0.0,0.00000517,btc,231828.7022758,1.27584838,0.4168206998805497,131
1,[],4,[],2019-07-29 12:24:25,8751.41410847,0.00006508,0.0000000061619371,7851490,2019-07-29 12:24:25,btc,0.2896014263802034,0.0,0.00006508,btc,237.27081697,0.0,0.0047472538992117,135
1,[],3,[],2019-07-13 16:51:20,187.26592867,0.00000001,0.000000000001140965,7813490,2019-07-13 16:51:20,btc,419.77407087449336,1935513.62324,0.00000001,btc,3179086.72005867,0.0,1.8726592866999999e-06,136
1,[],4,[],2019-07-29 12:24:26,543182.73346207,0.00000304,0.0000000002878348,7851491,2019-07-29 12:24:26,btc,23.497518624099538,0.0,0.00000304,btc,717870.72262998,1.07814743,0.9562580276233439,137
1,[],12,[],2019-07-29 12:24:28,130244.57404699,0.0000038399999999999996568261599605431655390930245630443096160888671875,0.0000000003635808,7851492,2019-07-29 12:24:28,btc,32.043195343784234,0.0,0.0000038399999999999996568261599605431655390930245630443096160888671875,btc,49007.35112748,0.004526995984,0.0116287337699325,137
1,[],17,[],2019-05-03 01:13:16,32967.38636364,0.00000088,0.000000000048224264,7559122,2019-05-03 01:13:16,btc,20.06976206696776,0.0,0.00000088,btc,2746.079105,0.0,0.0105613000000032,142
1,[],4,[],2019-07-29 12:24:28,469196.58743021,0.00008737,0.000000008272410025,7851493,2019-07-29 12:24:28,btc,29.91251765019032,0.0,0.00008737,btc,63024.52890402,5.67488146,5.966393473710837,142
1,[],20,[],2019-07-29 12:26:31,111766.4741,0.00007284,0.0000000068966733,7851494,2019-07-29 12:26:31,btc,1.0395544109638,0.0,0.00007284,btc,53.041,0.0,0.0329690118905,142
1,[],22,[],2019-07-29 12:26:34,10619.88,0.00000200,0.000000000189365,7851495,2019-07-29 12:26:34,BTC,1.55898515,0.0,0.00000200,BTC,835.8398331062671,0.0,0.00416696,142
0.0,[],25,[],2019-07-29 12:26:38,0.0,0,0,7851496,2019-07-29 12:26:38,,0.0,0.0,0.0,btc,0.0,0.0,0.0,142
1,[],28,[],2019-07-29 12:26:54,10097461.0,0.000058000000,0.000000005491585,7851497,2019-07-29 12:26:54,btc,0.52679202,6171.0,0.000058000000,btc,1559.485,0.0,1.4935572,142
1,[],5,[],2019-07-06 02:06:10,0.0,0,0,7800822,2019-07-06 02:06:10,btc,0.0,0.00140707,0,btc,0.0,0.0,0.0,142
0,[],22,[],2019-07-29 12:26:59,0.0,0,0,7851498,2019-07-29 12:26:59,,68.35849183,0.0,0,,759882689.3744589,0.0,0.0,143
0,[],22,[],2019-02-25 15:42:22,0.0,0,0,6783783,2019-02-25 15:42:22,,4.2131946,0.0,0,,2322156.0,0.0,0.0,146
,[],22,[],2018-11-20 23:01:11,0.0,0,0,4862114,2018-11-20 23:01:11,,2.56807021,0.0,,,61828.4988236,0.0,0.0,147
1,[],12,[],2019-04-21 06:38:04,193091.5971266,0.00000071,0.000000000037635183,7388679,2019-04-21 06:38:04,btc,2.301232411611175,0.0,0.00000071,btc,9957.48302385,0.00023528,0.0313308199999888,148
1,[],4,[],2019-03-19 21:31:25,255810.0415942,0.00000029,0.000000000011615747,6982695,2019-03-19 21:31:25,btc,218.94922712414143,0.0,0.00000029,btc,793529.37642722,0.00117,0.0608347789473395,152
0,[],22,[],2019-03-19 21:31:27,0.0,0,0,6982696,2019-03-19 21:31:27,,0.0,0.0,0,,0.0,0.0,0.0,152
1,[],5,[],2019-04-26 09:36:59,0.0,0,0,7465040,2019-04-26 09:36:59,btc,0.0,0.0,0,btc,0.0,0.0,0.0,153
,[],16,[],2019-01-11 15:38:59,0.0,0,0,6366141,2019-01-11 15:38:59,btc,0.0,0.0,,btc,0.0,0.0,0.0,155
0,[],23,[],2019-01-20 23:24:29,0.0,0,0,6476932,2019-01-20 23:24:29,,0.0,0.0,0,,0.0,0.0,0.0,156
0,[],22,[],2019-07-29 12:27:02,0.0,0,0,7851499,2019-07-29 12:27:02,,7.42843365,0.0,0,,5840816.592592592,0.0,0.0,156
1,[],22,[],2019-07-29 12:27:06,6996.0,0.00000001,0.000000000000946825,7851500,2019-07-29 12:27:06,BTC,1.7543039,0.0,0.00000001,BTC,57.0,0.0,6.996e-05,157
0,[],22,[],2019-07-23 20:07:56,0.0,0,0,7830260,2019-07-23 20:07:56,,50234.60468402,0.0,0,,54786159.03179465,0.0,0.0,158
,[],17,[],2018-11-20 22:56:10,0.0,0,0,4861976,2018-11-20 22:56:10,btc,1.1265625,0.0,,btc,1000.0,0.0,0.0,159
,[],20,[],2018-11-20 22:56:12,0.0,0,0,4861977,2018-11-20 22:56:12,btc,11912.7940471,0.0,,btc,34413894.3617,0.0,0.0,159
1,[],12,[],2019-07-10 22:05:17,232905.70345548,0.0000063199999999999996293047720141711209862478426657617092132568359375,0.000000000743295832,7800964,2019-07-10 22:05:17,btc,9.923963040252861,0.0,0.0000063199999999999996293047720141711209862478426657617092132568359375,btc,15215.45465465,0.0062861,0.033379940599723996,168
1,[],17,[],2019-05-03 01:13:36,42852.0,0.00000002,0.000000000001096006,7559132,2019-05-03 01:13:36,btc,0.04279856251542,0.0,0.00000002,btc,274.46171372,0.0,0.00052852,168
1,[],22,[],2019-05-17 03:01:52,10.0,0.00000001,0.000000000000778341,7642059,2019-05-17 03:01:52,BTC,41.95893009,0.0,0.00000001,BTC,1753972.7737547632,0.0,1e-07,169
1,[],22,[],2019-07-29 12:27:09,71174.0,0.00000001,0.000000000000946825,7851501,2019-07-29 12:27:09,BTC,27.84317016,0.0,0.00000001,"BTC,LTC",289238.8494737184,1.4e-07,0.00090174,171
1,[],22,[],2019-07-29 12:27:13,349759.0,0.00000001,0.000000000000946825,7851502,2019-07-29 12:27:13,BTC,21.25940355,0.0,0.00000001,"BTC,LTC",1435750.3536050986,0.00027409,0.01345961,173
1,[],5,[],2019-07-06 02:08:45,0.0,0,0,7800830,2019-07-06 02:08:45,btc,0.0,0.00700197,0,btc,0.0,0.0,0.0,175
1,[],22,[],2019-07-25 12:34:58,8535.0,0.00000001,0.000000000001008706,7836984,2019-07-25 12:34:58,BTC,393.97654772,0.0,0.00000001,BTC,136275.61833431243,1.465e-05,8.535e-05,176
1,[],7,[],2019-07-01 10:15:32,0.0,0,0,7783526,2019-07-01 10:15:32,btc,521516.2326888725,0.0,0,btc,26809253.73522063,0.0,0.0,178
0,[],2,[],2019-01-20 23:28:34,0.0,0,0,6477001,2019-01-20 23:28:34,,0.0,0.0,0,,0.0,0.0,0.0,178
0,[],22,[],2019-07-29 12:27:18,0.0,0,0,7851503,2019-07-29 12:27:18,,1.00205534,0.0,0,,62828.0,0.0,0.0,178
1,[],5,[],2019-07-06 02:08:50,0.0,0,0,7800832,2019-07-06 02:08:50,btc,0.0,6.904e-05,0,btc,0.0,0.0,0.0,179
0,[],23,[],2019-01-20 23:25:08,0.0,0,0,6476952,2019-01-20 23:25:08,,0.0,0.0,0,,0.0,0.0,0.0,179
0,[],22,[],2019-07-29 12:27:22,0.0,0,0,7851504,2019-07-29 12:27:22,,10.34026229,0.0,0,,15170064.571946677,0.0,0.0,179
1,[],17,[],2019-05-03 01:13:56,20504.725000000002,0.0000001,0.00000000000548003,7559141,2019-05-03 01:13:56,btc,5.2010695838400265,0.0,0.0000001,btc,5033.45945,0.0,0.0011504725,180
1,[],22,[],2019-07-29 12:29:27,787878.18432282,0.0000006,0.000000000056809500000000004,7851505,2019-07-29 12:29:27,BTC,2.96490004,0.0,0.0000006,"BTC,LTC",230021.62916827563,0.00505346,0.60804445,180
1,[],26,[],2019-07-29 12:29:27,0.0,0.00000010,0.00000000000946825,7851506,2019-07-29 12:29:27,btc,0.0,0.0,0.00000010,btc,0.0,0.0,0.0,180
,[],7,[],2018-11-20 22:58:01,562227.975654,0.00000085,0.000000000036176765,4862015,2018-11-20 22:58:01,btc,21836.6059674,2491.87645172,,btc,749999.041456,0.00211021,0.127565380455,183
,[],5,[],2019-01-10 08:11:41,0.0,0,0,6347036,2019-01-10 08:11:41,btc,82.15055501,0.00261,,btc,1.19002445,0.0,0.0,187
,[],17,[],2018-11-16 20:58:10,4062536.27273,0.00000001,0.000000000000550501,4708775,2018-11-16 20:58:10,btc,3.36492563466,0.195460381006,,"btc,eth",110697919.549,0.0,0.0157628953496,187
1,[],24,[],2019-05-22 21:04:52,0.0,0.000000000014,0.0000000000000010960978,7670219,2019-05-22 21:04:52,btc,0.0,0.0,0.000000000014,btc,0.0,0.0,0.0,187
0,[],22,[],2019-07-13 22:02:15,0.0,0,0,7814314,2019-07-13 22:02:15,,7.54794454,0.0,0,,76361.7243344055,0.0,0.0,191
0,[],22,[],2019-06-17 14:33:34,0.0,0,0,7740182,2019-06-17 14:33:34,,0.0,0.0,0,,0.0,0.0,0.0,197
0,[],23,[],2019-01-20 23:31:41,0.0,0,0,6477079,2019-01-20 23:31:41,,0.0,0.0,0,,0.0,0.0,0.0,199
0,[],22,[],2019-07-29 12:29:30,0.0,0,0,7851507,2019-07-29 12:29:30,,12.82588123,0.0,0,,106829450.5,0.0,0.0,199
1,[],26,[],2019-07-29 12:29:30,0.0,0.00000000,0,7851508,2019-07-29 12:29:30,btc,0.0,0.0,0.00000000,btc,0.0,0.0,0.0,199
0,[],2,[],2019-01-20 23:30:49,0.0,0,0,6477059,2019-01-20 23:30:49,,0.0,0.0,0,,0.0,0.0,0.0,201
1,[],4,[],2019-01-25 15:51:35,2084389.58565343,0.00000936,0.000000000333526752,6499557,2019-01-25 15:51:35,btc,2.0092503037378524,0.0,0.00000936,btc,160195.80207885,0.19272417,1.242687955921835,211
1,[],7,[],2019-07-01 02:21:28,1170054124.6898527,0.00000018,0.000000000019815389999999997,7782694,2019-07-01 02:21:28,btc,1346735.6331920293,0.0,0.00000018,btc,5516233.71348162,0.0,11.954344045954047,212
1,[],12,[],2019-01-25 02:44:32,207462.42853209,0.000001080000000000000035831255497387193287295303889550268650054931640625,0.000000000038610756000000006,6493050,2019-01-25 02:44:32,btc,85023.03793723314,0.0,0.000001080000000000000035831255497387193287295303889550268650054931640625,btc,43675.73520027,0.000146250909087,0.0348620860622024,213
1,[],24,[],2019-07-14 17:01:36,0.0,0.000000200000,0.00000000002082346,7817375,2019-07-14 17:01:36,btc,0.0,0.0,0.000000200000,btc,0.0,0.0,0.0,213
1,[],26,[],2019-07-14 17:01:36,0.0,0.00000040,0.00000000004164692,7817376,2019-07-14 17:01:36,btc,0.0,0.0,0.00000040,btc,0.0,0.0,0.0,213
1,[],5,[],2019-05-30 00:07:46,0.0,0,0,7709357,2019-05-30 00:07:46,btc,0.0,0.06425239,0,btc,0.0,0.0,0.0,213
0,[],22,[],2019-07-29 12:29:35,0.0,0,0,7851509,2019-07-29 12:29:35,,9.54552254,0.0,0,,3658585.214064925,0.0,0.0,216
0,[],27,[],2019-07-29 12:29:41,0.0,0,0,7851510,2019-07-29 12:29:41,,174.0227896140976,0.0,0,"btc,ltc",454707.12534794,0.0,0.0,216
1,[],22,[],2019-07-29 12:29:44,1158096.4722222222,0.00000012,0.0000000000113619,7851511,2019-07-29 12:29:44,BTC,12055.78830793,0.0,0.00000012,BTC,545797.381323726,0.00072,0.03295878,217
1,[],27,[],2019-07-29 11:18:17,500.0,0.00000002,0.000000000001901348,7851312,2019-07-29 11:18:17,btc,250.20903224,3797208.85,0.00000002,btc,46758.85,1.48091145,1e-05,219
0,[],28,[],2019-07-29 11:18:30,0.0,0,0,7851313,2019-07-29 11:18:30,,0.0,0.0,0,,0.0,0.0,0.0,219
1,[],7,[],2019-06-27 19:02:35,0.0,0,0,7772298,2019-06-27 19:02:35,btc,2123800.2774640615,0.0,0,btc,82333746.4752352,0.0,0.0,219
0,[],22,[],2019-07-23 20:11:38,0.0,0,0,7830275,2019-07-23 20:11:38,,57.73116496,0.0,0,,182427.70709740353,0.0,0.0,221
1,[],24,[],2019-07-23 20:11:38,0.0,0.000000010000,0.0000000000010165440000000001,7830276,2019-07-23 20:11:38,btc,0.0,0.0,0.000000010000,btc,0.0,0.0,0.0,221
1,[],20,[],2019-06-17 14:34:11,26882155.8301,0.000000003,0.000000000000278742,7740192,2019-06-17 14:34:11,btc,100050.81956632523,233521.3529,0.000000003,btc,38769742.8604,0.0007925640587,0.0306863532672,224
0,[],22,[],2019-06-17 14:34:13,0.0,0,0,7740193,2019-06-17 14:34:13,,0.0,0.0,0,,0.0,0.0,0.0,224
1,[],26,[],2019-07-29 12:29:45,0.0,0.00000022,0.00000000002083015,7851512,2019-07-29 12:29:45,btc,0.0,0.0,0.00000022,btc,0.0,0.0,0.0,231
1,[],26,[],2019-07-29 12:29:45,0.0,0.00000008,0.0000000000075746,7851513,2019-07-29 12:29:45,btc,0.0,100.0,0.00000008,btc,0.0,0.0,0.0,234
0.0000000002200569,[],27,[],2019-07-29 12:29:51,100.0,2.200569e-18,2.0835537434250002e-22,7851514,2019-07-29 12:29:51,eth,0.0,0.0,0.00000001,"btc,eth",0.0,0.0,2.200569e-16,234
1,[],5,[],2019-07-06 02:11:21,0.0,0,0,7800842,2019-07-06 02:11:21,btc,0.0,0.10652887,0,btc,0.0,0.0,0.0,237
1,[],20,[],2019-07-29 12:29:53,59412942.3702,0.000000046,0.000000000004355395,7851515,2019-07-29 12:29:53,btc,517.7685577552651,14931064.3191,0.000000046,btc,38022374.4085,0.7018320794473,0.3764814388151,237
1,[],22,[],2019-07-29 12:29:57,2167435.0,0.00000004,0.0000000000037873,7851516,2019-07-29 12:29:57,BTC,1.20112355,0.0,0.00000004,"BTC,LTC",14836.448717948719,2.397e-05,0.02728438,237
1,[],5,[],2019-07-06 02:11:32,0.0,0,0,7800846,2019-07-06 02:11:32,btc,0.0,0.05525444,0,btc,0.0,0.0,0.0,238
1,[],4,[],2019-07-29 12:29:58,32220634.98952324,0.00000013,0.000000000012308725,7851517,2019-07-29 12:29:58,btc,4.968106145233342,0.0,0.00000013,btc,17100644.16913419,1.49965876,1.0394177657021866,238
0.0000000000932996,[],22,[],2019-07-27 07:06:26,419253.0,9.32996e-19,9.392106863560001e-23,7844096,2019-07-27 07:06:26,LTC,0.40427224,0.0,0.00000001,LTC,496363.0639027493,0.0,0.00419253,249
0,[],22,[],2019-07-23 20:11:58,0.0,0,0,7830284,2019-07-23 20:11:58,,13.44711564,0.0,0,,43776457.3426455,0.0,0.0,252
1,[],28,[],2019-07-29 12:30:07,1834380.608,0.00000013,0.000000000012308725,7851518,2019-07-29 12:30:07,btc,207.75520964589,1530055.136,0.00000013,btc,3794966.215,0.0,0.11103387694,256
0.0000000000916764,[],22,[],2019-07-23 20:12:22,1517.0,9.16764e-19,9.31930943616e-23,7830286,2019-07-23 20:12:22,LTC,31474.63788373,0.0,0.00000001,LTC,1024398.9185893413,0.0,1.517e-05,258
1,[],22,[],2019-05-19 18:12:02,400.0,0.00000001,0.0000000000007957800000000001,7653905,2019-05-19 18:12:02,BTC,2.415167,0.0,0.00000001,BTC,157.0,0.0,4e-06,259
1,[],5,[],2019-07-02 14:44:15,0.0,0,0,7788374,2019-07-02 14:44:15,btc,0.0,0.02775788,0,btc,0.0,0.0,0.0,264
1,[],20,[],2019-07-29 12:30:09,990318.8234,0.000000271,0.0000000000256589575,7851519,2019-07-29 12:30:09,btc,0.6069222883582,7477.7964,0.000000271,btc,81842.2337,0.0023748463696,0.0069622004139,264
0,[],22,[],2019-04-12 17:57:27,0.0,0,0,7278186,2019-04-12 17:57:27,,66.37522201,0.0,0,,677842.4169881374,0.0,0.0,271
0,[],22,[],2019-07-29 12:30:12,0.0,0,0,7851520,2019-07-29 12:30:12,,33050469.74148113,0.0,0,,14261527780.7,0.0,0.0,272
0.000000000000002959,[],28,[],2019-07-29 12:30:20,278734640122.875,2.6631e-22,2.5214896575e-26,7851521,2019-07-29 12:30:20,doge,159824362522.60635,16753399015.49,0.00000009,doge,90876326969.695,0.0,5.194765829603805e-11,272
1,[],22,[],2019-05-23 07:12:29,219930.0,0.00000004,0.000000000003048688,7671985,2019-05-23 07:12:29,BTC,426.77835217,0.0,0.00000004,BTC,248664.3325962929,0.0,0.00739728,281
1,[],22,[],2019-07-23 20:12:52,672850.9,0.00000002,0.0000000000020330880000000002,7830290,2019-07-23 20:12:52,BTC,26.73750817,0.0,0.00000002,"BTC,LTC",1207871.5684827343,0.0004207,0.01909618,286
0,[],22,[],2019-07-12 21:46:03,0.0,0,0,7810176,2019-07-12 21:46:03,,7337942.20855518,0.0,0,,2077158967.6797826,0.0,0.0,294
