pairValue,buyBook,exchangeId,sellBook,updated,buyTotal,satoshiPrice,usdPrice,exchangeLogId,created,bestPair,sellTotalBtc,volume,pairPrice,activePairs,sellTotal,volumeBtc,buyTotalBtc,coinId
1,[],3,[],2019-06-01 07:01:59,64.334375138984,0.01109451000000000013556711309092861483804881572723388671875,0.000000946538105709,7721508,2019-06-01 07:01:59,btc,0.1527219258786577,43.7826758665,0.01109451000000000013556711309092861483804881572723388671875,btc,12.901695491548,0.0,0.23626600092285974,1
1,[],4,[],2019-06-01 07:02:00,207684.59762799,0.01080000,0.00000092141172,7721509,2019-06-01 07:02:00,btc,7.6487909425737906,0.0,0.01080000,btc,302.15163774,1.26782478,0.5531320088108372,1
1,[],5,[],2019-06-01 07:02:02,0.0,0,0,7721510,2019-06-01 07:02:02,btc,0.0,0.00542019,0,btc,0.0,0.0,0.0,1
1,[],10,[],2019-06-01 07:02:04,312483.59459542,0.0069,0.0000005886797100000001,7721511,2019-06-01 07:02:04,btc,6520.111771306073,1552.7287624,0.0069,btc,1201.77199591,0.0,2.3402119188112116,1
1,[],12,[],2019-06-01 07:02:08,72.41690039,0.0108900000000000003741451592986777541227638721466064453125,0.0000009290901510000001,7721512,2019-06-01 07:02:08,btc,0.1641917943891,0.0,0.0108900000000000003741451592986777541227638721466064453125,btc,14.28648095,0.071260063574,0.2592203926929,1
1,[],20,[],2019-06-01 07:02:10,934.1631,0.00920886,0.000000785662178874,7721513,2019-06-01 07:02:10,btc,0.2238080820174,0.0,0.00920886,btc,17.3543,0.0,0.0998090110001,1
1,[],21,[],2019-06-01 07:02:12,1849.00519459,0.01083782999999999968609998291,0.000000924639220497,7721514,2019-06-01 07:02:12,btc,9.709094541432325,2047.00273276,0.010837829999999999686099982909581740386784076690673828125,"btc,eth",1267.08033431,20.69004271777838,16.330222857617425,1
1,[],22,[],2019-06-01 07:02:16,0.0025666666666666667,0.00900000,0.0000007678431,7721515,2019-06-01 07:02:16,BTC,0.31629903,0.0,0.00900000,BTC,0.2505752479991019,0.0,2.31e-05,1
1,[],24,[],2019-06-01 07:02:17,0.0,0.000000000000,0,7721516,2019-06-01 07:02:17,btc,0.0,0.0,0.000000000000,btc,0.0,0.0,0.0,1
0.0,[],25,[],2019-06-01 07:02:18,0.0,0,0,7721517,2019-06-01 07:02:18,btc,39.91499999843054,2907.5504009,0.0,btc,3549.30279695,32.055,0.0,1
1,[],26,[],2019-06-01 07:02:19,0.0,0,0,7721518,2019-06-01 07:02:19,,0.0,0.0,0,,0.0,0.0,0.0,1
0,[],28,[],2019-06-01 07:03:12,0.0,0,0,7721519,2019-06-01 07:03:12,,0.0,348988.15,0,,0.0,0.0,0.0,1
0,[],2,[],2019-01-20 23:28:45,0.0,0,0,6477011,2019-01-20 23:28:45,,0.0,0.0,0,,0.0,0.0,0.0,1
1,[],5,[],2019-06-01 07:03:14,0.0,0,0,7721520,2019-06-01 07:03:14,btc,0.0,0.0147814,0,btc,0.0,0.0,0.0,2
1,[],22,[],2019-06-01 07:03:17,11638.0,0.0000002,0.00000000001706318,7721521,2019-06-01 07:03:17,BTC,21.00897301,0.0,0.0000002,"BTC,XMR",20678.87287795317,0.0,0.00145435,2
1,[],5,[],2019-06-01 07:03:18,0.0,0,0,7721522,2019-06-01 07:03:18,btc,0.0,0.18253571,0,btc,0.0,0.0,0.0,3
1,[],12,[],2019-06-01 07:03:19,1072806.39008,0.000000117,0.0000000000099819603,7721523,2019-06-01 07:03:19,btc,169517.4116457499,0.0,0.000000117,btc,2588282.29978469,0.11317275936,0.07370917216446,3
0,[],28,[],2019-06-01 07:03:21,0.0,0,0,7721524,2019-06-01 07:03:21,,0.0,0.0,0,,0.0,0.0,0.0,3
0,[],2,[],2019-01-20 23:31:32,0.0,0,0,6477077,2019-01-20 23:31:32,,0.0,0.0,0,,0.0,0.0,0.0,4
1,[],4,[],2019-05-18 21:29:50,562734.9206932,0.00000010,0.000000000007298720000000001,7650946,2019-05-18 21:29:50,btc,41.9347137769675,0.0,0.00000010,btc,1123702.32192634,0.00052462,0.029254593370966,4
0,[],12,[],2019-06-01 07:03:24,0.0,0,0,7721525,2019-06-01 07:03:24,btc,625.901992874995,0.0,0,btc,1211362.4995005,0.0,0.0,5
0,[],2,[],2019-01-20 23:31:51,0.0,0,0,6477087,2019-01-20 23:31:51,,0.0,0.0,0,,0.0,0.0,0.0,6
1,[],11,[],2019-06-01 07:03:25,9060347.776736,0.00000002,0.000000000001706318,7721526,2019-06-01 07:03:25,btc,9582.921616042946,3292184.0,0.00000002,btc,68494596.46260394,0.0,0.13675210276736,6
1,[],3,[],2019-06-01 07:03:26,11366.73870347846,0.000088889999999999997661037642870951458462513983249664306640625,0.000000007583730351,7721527,2019-06-01 07:03:26,btc,0.04907056860156869,176.533509258,0.000088889999999999997661037642870951458462513983249664306640625,btc,173.178246764518,0.0,0.02103125397249831,7
1,[],4,[],2019-06-01 07:03:27,319571.96407119,0.00009162,0.000000007816642758,7721528,2019-06-01 07:03:27,btc,9.679781267379289,0.0,0.00009162,btc,58018.15819527,1.61687138,1.8317412922265375,7
1,[],5,[],2019-06-01 07:03:28,0.0,0,0,7721529,2019-06-01 07:03:28,btc,0.0,0.31488647,0,btc,0.0,0.0,0.0,7
1,[],20,[],2019-04-07 22:06:50,3201475.0482,0.000000001,0.000000000000051590000000000004,7213932,2019-04-07 22:06:50,btc,30.8005781811902,0.0,0.000000001,btc,23077405.3926,0.0,0.0032014750482,8
1,[],4,[],2019-06-01 07:03:31,22396562.69149996,0.00000047,0.000000000040098473,7721530,2019-06-01 07:03:31,btc,3.277483560891855,0.0,0.00000047,btc,3183450.59215899,0.40707973,0.4192509492240799,9
0,[],28,[],2019-06-01 07:04:23,0.0,0,0,7721531,2019-06-01 07:04:23,,0.0,3669105.0,0,,0.0,0.0,0.0,9
0,[],2,[],2019-01-20 23:22:42,0.0,0,0,6476876,2019-01-20 23:22:42,,0.0,0.0,0,,0.0,0.0,0.0,9
0,[],23,[],2019-01-20 23:22:48,0.0,0,0,6476878,2019-01-20 23:22:48,,0.0,0.0,0,,0.0,0.0,0.0,9
1,[],1,[],2019-02-17 23:31:42,1822507.21,0.00000181000000000000003456111265232042484285557293333113193511962890625,0.000000000066086901,6701244,2019-02-17 23:31:42,btc,3.6990969245,17153386.5,0.00000181000000000000003456111265232042484285557293333113193511962890625,btc,1997391.71,31.11772986,3.2610482446,9
1,[],4,[],2019-02-17 11:22:43,4341674.27126056,0.00000002,0.0000000000007272960000000001,6696112,2019-02-17 11:22:43,btc,0.1997230937751353,0.0,0.00000002,btc,4109766.79808031,0.00215132,0.0479381022052112,10
1,[],4,[],2019-06-01 07:04:24,7136324.11690992,0.00000044,0.000000000037538996,7721532,2019-06-01 07:04:24,btc,4.712510986320928,0.0,0.00000044,btc,4951979.25572796,0.91821921,1.0478926063012863,12
1,[],5,[],2019-06-01 07:04:25,0.0,0,0,7721533,2019-06-01 07:04:25,btc,0.0,0.24901445,0,btc,0.0,0.0,0.0,12
0.0,[],25,[],2019-06-01 07:04:26,0.0,0,0,7721534,2019-06-01 07:04:26,,0.0,0.0,0.0,btc,0.0,0.0,0.0,12
0,[],2,[],2019-01-20 23:23:08,0.0,0,0,6476890,2019-01-20 23:23:08,,0.0,0.0,0,,0.0,0.0,0.0,12
1,[],4,[],2019-06-01 07:04:28,336789.68477559,0.00000558,0.000000000476062722,7721535,2019-06-01 07:04:28,btc,1.7131999388927979,0.0,0.00000558,btc,222462.90995902,0.37978501,0.4848104885308639,13
1,[],10,[],2019-06-01 07:04:30,652954.4982745,0.00000545,0.00000000046497165500000003,7721536,2019-06-01 07:04:30,btc,666803.2837312702,27155.6364447,0.00000545,btc,869691.19417869,0.0,0.2416532451638356,13
1,[],21,[],2019-06-01 07:04:32,1924693.88763286,0.000005650000000000000114903746240,0.0000000004820348350000001,7721537,2019-06-01 07:04:32,btc,2.8289614564682726,696408.98959365,0.000005650000000000000114903746240013759916109847836196422576904296875,btc,441838.54404472,3.93009977,7.6019644468306184,13
1,[],4,[],2019-06-01 07:04:32,1191465.18026684,0.00000076,0.000000000064840084,7721538,2019-06-01 07:04:32,btc,4.3061019040496396,0.0,0.00000076,btc,835342.61788806,0.02196721,0.2954178854020867,14
1,[],12,[],2019-06-01 07:04:34,134701.28172294,0.00000074,0.00000000006313376600000001,7721539,2019-06-01 07:04:34,btc,14.133834877843073,0.0,0.00000074,btc,21291.79261605,0.0,0.0151833299999682,14
1,[],26,[],2019-06-01 07:06:34,0.0,0.00000050,0.000000000042657950000000004,7721540,2019-06-01 07:06:34,btc,0.0,0.0,0.00000050,btc,0.0,0.0,0.0,14
0,[],17,[],2019-05-03 00:53:32,0.0,0,0,7558876,2019-05-03 00:53:32,btc,0.0,0.0,0,btc,0.0,0.0,0.0,14
0,[],4,[],2019-06-01 07:06:35,0.0,0,0,7721541,2019-06-01 07:06:35,,0.0,0.0,0,,0.0,0.0,0.0,15
,[],12,[],2018-12-01 15:15:48,204241.84496,0.00000489,0.000000000202473384,5260204,2018-12-01 15:15:48,btc,49.5475654835,0.0,,btc,35763.2193806,0.0163153972027625,0.0203389899998,15
1,[],4,[],2019-06-01 07:06:36,34228.59020999,0.00001104,0.000000000941887536,7721542,2019-06-01 07:06:36,btc,0.9987654848162295,0.0,0.00001104,btc,13375.50283639,0.05372058,0.0787009941208523,18
1,[],10,[],2019-06-01 07:06:39,494848.81375542,0.00001247,0.000000001063889273,7721543,2019-06-01 07:06:39,btc,15.338664379221825,2492.38785559,0.00001247,btc,13130.48058351,0.0,0.1515652929758629,18
1,[],12,[],2019-06-01 07:06:40,3276.56768332,0.000012310000000000000724086589298789107260745367966592311859130859375,0.000000001050238729,7721544,2019-06-01 07:06:40,btc,0.400767321018593,0.0,0.000012310000000000000724086589298789107260745367966592311859130859375,btc,1455.9362923,1.64875e-06,0.0134330741776203,18
0,[],2,[],2019-01-20 23:23:38,0.0,0,0,6476906,2019-01-20 23:23:38,,0.0,0.0,0,,0.0,0.0,0.0,18
0,[],17,[],2019-05-03 00:53:39,0.0,0,0,7558882,2019-05-03 00:53:39,btc,0.0,0.0,0,btc,0.0,0.0,0.0,18
1,[],3,[],2019-06-01 07:08:41,149874.97971277905,0.000005139999999999999915636060554557928981012082658708095550537109375,0.000000000438523726,7721545,2019-06-01 07:08:41,btc,0.20634292923191389,3787.61204435,0.000005139999999999999915636060554557928981012082658708095550537109375,btc,5031.336809201002,0.0,0.0537737780283547,19
1,[],4,[],2019-06-01 07:08:42,529909.6217451,0.00000813,0.000000000693618267,7721546,2019-06-01 07:08:42,btc,3.9233937043531206,0.0,0.00000813,btc,164697.13825654,0.13075825,0.5409138490128877,19
1,[],5,[],2019-06-01 07:08:43,0.0,0,0,7721547,2019-06-01 07:08:43,btc,0.0,0.00098835,0,btc,0.0,0.0,0.0,19
1,[],12,[],2019-06-01 07:08:45,15053.5732506,0.000007109999999999999688846986922730053493069135583937168121337890625,0.000000000606596049,7721548,2019-06-01 07:08:45,btc,0.058408524987622897,0.0,0.000007109999999999999688846986922730053493069135583937168121337890625,btc,1678.60747297,0.000964805194,0.0268346999995913,19
0,[],27,[],2019-06-01 07:08:51,0.0,0,0,7721549,2019-06-01 07:08:51,,0.0,0.0,0,btc,0.0,0.0,0.0,19
0,[],2,[],2019-01-20 23:24:19,0.0,0,0,6476924,2019-01-20 23:24:19,,0.0,0.0,0,,0.0,0.0,0.0,19
1,[],4,[],2019-06-01 07:08:52,10062076.88478525,0.00000007,0.000000000005972113000000001,7721550,2019-06-01 07:08:52,btc,6.411239436602338,0.0,0.00000007,btc,2322306.93095912,0.0,0.1174938176872809,20
1,[],4,[],2019-06-01 07:08:53,8601456.648,0.00000001,0.000000000000853159,7721551,2019-06-01 07:08:53,btc,1773.443050113071,0.0,0.00000001,btc,71792400.02851576,0.15618032,0.08601456648,21
1,[],12,[],2019-06-01 07:08:54,2225192.0,0.00000001,0.000000000000853159,7721552,2019-06-01 07:08:54,btc,2566.6125287053546,0.0,0.00000001,btc,5033244.76723275,0.000104027481,0.02225192,21
0,[],17,[],2019-05-03 00:53:51,0.0,0,0,7558891,2019-05-03 00:53:51,btc,0.0,0.0,0,btc,0.0,0.0,0.0,21
1,[],12,[],2019-06-01 07:10:56,5192097352.0,0.0000000003,0.00000000000002559477,7721553,2019-06-01 07:10:56,btc,709129801.6090858,0.0,0.0000000003,btc,3292085107.309334,0.21031097877,1.1878659245,23
0.0000000003152133,[],27,[],2019-06-01 07:11:04,65166690.5379447,9.456399e-18,8.0678119144410005e-22,7721554,2019-06-01 07:11:04,eth,105172.8529677728,54446862.48209598,0.00000003,eth,20852447.028,5.14871254522071e-10,3.859907761517727e-10,23
1,[],4,[],2019-06-01 07:11:05,1936885.50054533,0.00000027,0.000000000023035293000000002,7721555,2019-06-01 07:11:05,btc,10.62584400964341,0.0,0.00000027,btc,1713889.23538978,0.05856331,0.0777825656208237,24
1,[],22,[],2019-06-01 07:11:09,21.76,0.00000100,0.00000000008531590000000001,7721556,2019-06-01 07:11:09,BTC,7.415e-05,0.0,0.00000100,BTC,23.919354838709676,0.0,1.186e-05,24
0.0,[],25,[],2019-06-01 07:11:10,0.0,0,0,7721557,2019-06-01 07:11:10,,0.0,0.0,0.0,btc,0.0,0.0,0.0,24
1,[],4,[],2019-06-01 07:11:11,26943022.53515161,0.00000481,0.000000000410369479,7721558,2019-06-01 07:11:11,btc,13.558464606958832,0.0,0.00000481,btc,244442.92348879,0.09480418,0.4803701748022221,26
1,[],10,[],2019-06-01 07:11:14,150655.24411091,0.00000422,0.000000000360033098,7721559,2019-06-01 07:11:14,btc,25.587058975244705,5726.53528879,0.00000422,btc,23615.73261762,0.0,0.0358210810213725,26
0,[],2,[],2019-01-20 23:25:56,0.0,0,0,6476976,2019-01-20 23:25:56,,0.0,0.0,0,,0.0,0.0,0.0,26
1,[],3,[],2019-06-01 07:11:14,21756201.685043,0.00000001,0.000000000000853159,7721560,2019-06-01 07:11:14,btc,3.764266340933782,10292604.6857,0.00000001,btc,26149454.45909521,0.0,0.21756201685043,27
1,[],11,[],2019-06-01 07:11:16,2110243.08157834,0.00000002,0.000000000001706318,7721561,2019-06-01 07:11:16,btc,67503.04527066177,19676.5543251,0.00000002,btc,6588861.32608848,0.0,0.0211134458157834,27
1,[],5,[],2019-04-26 09:47:06,0.0,0,0,7465326,2019-04-26 09:47:06,btc,0.0,0.0,0,btc,0.0,0.0,0.0,27
1,[],4,[],2019-06-01 07:11:17,1072358511.0384688,0.00000001,0.000000000000853159,7721562,2019-06-01 07:11:17,btc,4.906004637187523,0.0,0.00000001,"btc,ltc",293841646.41080004,0.03472157,7.4650700145891715,29
1,[],7,[],2019-06-01 07:11:19,85451021.33155985,0.00000001,0.000000000000853159,7721563,2019-06-01 07:11:19,btc,46548272.13038767,89522.0,0.00000001,btc,35158492.31660526,0.0,0.8545102133155985,29
1,[],4,[],2019-06-01 07:11:20,15256875.78730119,0.00000007,0.000000000005972113000000001,7721564,2019-06-01 07:11:20,btc,2.598792341939883,0.0,0.00000007,btc,2103132.23973194,0.0,0.1695993014565784,30
0,[],17,[],2019-05-03 01:11:25,0.0,0,0,7559066,2019-05-03 01:11:25,btc,0.0,0.0,0,btc,0.0,0.0,0.0,30
1,[],4,[],2019-06-01 07:13:20,105255.61445418,0.00004622,0.000000003943300898,7721565,2019-06-01 07:13:20,btc,3.320754939551105,0.0,0.00004622,btc,44321.65145119,0.59301597,0.4883672886641487,31
1,[],21,[],2019-06-01 07:13:21,169992.41491993,0.00004741000000000000178272327456,0.0000000040448268190000006,7721566,2019-06-01 07:13:21,btc,6.354902159519276,181980.32097693,0.0000474100000000000017827232745570853467143024317920207977294921875,btc,126241.12725902001,8.15822636,6.41924158350774,31
0,[],2,[],2019-01-20 23:28:43,0.0,0,0,6477009,2019-01-20 23:28:43,,0.0,0.0,0,,0.0,0.0,0.0,32
0,[],4,[],2019-06-01 07:13:22,0.0,0,0,7721567,2019-06-01 07:13:22,,0.0,0.0,0,,0.0,0.0,0.0,33
1,[],12,[],2019-03-30 07:55:10,40641173.964,0.00000003,0.000000000001228359,7108785,2019-03-30 07:55:10,btc,4233210.82356125,0.0,0.00000003,btc,28378394.68333462,0.0126927883965248,0.90752895892,33
0.0000000001328599,[],4,[],2019-06-01 07:13:24,509790226.4487445,3.3214975e-17,2.8337654856025e-21,7721568,2019-06-01 07:13:24,ltc,3.605929838171745,0.0,0.00000025,ltc,154167426.81013116,0.00124777,2.0682940467109377e-09,34
1,[],5,[],2019-06-01 07:13:25,0.0,0,0,7721569,2019-06-01 07:13:25,btc,0.0,2e-05,0,btc,0.0,0.0,0.0,34
0.0000000002926451,[],17,[],2019-05-02 18:17:47,200000.0,2.9264510000000002e-18,1.596703856561e-22,7556430,2019-05-02 18:17:47,eth,0.20942468735267253,0.0,0.00000001,"btc,eth",1018272.20243647,0.0,5.852902e-13,36
0.0000000001311821,[],4,[],2019-05-31 13:28:19,2417517744.0607657,1.311821e-18,1.105058333085e-22,7717483,2019-05-31 13:28:19,ltc,5.019900492391546e-08,0.0,0.00000001,ltc,7102398142.262129,0.0,3.171350544531538e-09,36
1,[],5,[],2019-05-31 13:28:21,0.0,0,0,7717484,2019-05-31 13:28:21,btc,0.0,0.0,0,btc,0.0,0.0,0.0,36
0.0000000003108179,[],27,[],2019-05-31 13:30:34,10388811.226876,6.216358000000001e-18,5.236566733830001e-22,7717485,2019-05-31 13:30:34,eth,1569.8708019850988,761866.634299,0.00000002,"ltc,eth",5084024.2511555,4.736034912207001e-12,3.3251980286483705e-11,36
1,[],4,[],2019-06-01 07:13:26,9867894.37880113,0.00000015,0.000000000012797385,7721570,2019-06-01 07:13:26,btc,19772.52163122685,0.0,0.00000015,btc,736058.76933135,0.00056746,0.1203417714913695,37
1,[],12,[],2019-06-01 07:13:27,3604561.84028571,0.00000018,0.000000000015356862,7721571,2019-06-01 07:13:27,btc,112.42267357074726,0.0,0.00000018,btc,1000487.99081749,0.018923539264,0.1631395412514278,37
1,[],27,[],2019-06-01 07:15:35,6137.0,0.00000016,0.000000000013650544,7721572,2019-06-01 07:15:35,btc,24.12337022903233,50.0,0.00000016,btc,5792.49438508,8e-06,0.00075592,37
1,[],17,[],2019-05-03 01:11:36,211752.74075282,0.00000025,0.000000000013700074999999998,7559074,2019-05-03 01:11:36,btc,0.055484923955058496,0.0,0.00000025,"btc,eth",1387.19918473,0.0,0.0005381851887916605,37
1,[],5,[],2019-06-01 07:15:39,0.0,0,0,7721573,2019-06-01 07:15:39,btc,0.0,0.00054067,0,btc,0.0,0.0,0.0,42
1,[],12,[],2019-06-01 07:15:40,124285.38431888,0.0000009,0.00000000007678431,7721574,2019-06-01 07:15:40,btc,24.7903599466257,0.0,0.0000009,btc,72391.88087489,0.002986581288,0.0408049099999603,42
1,[],27,[],2019-06-01 07:15:47,506.0,0.00000002,0.000000000001706318,7721575,2019-06-01 07:15:47,btc,0.07600425,0.0,0.00000002,"btc,eth",18.0,0.0,6.0000003311630926e-06,42
1,[],12,[],2019-03-13 09:13:29,1112112.0,0.00000001,0.000000000000386531,6919902,2019-03-13 09:13:29,btc,29058.00478931866,0.0,0.00000001,btc,5967681.93306694,9.99000999e-07,0.01112112,43
1,[],5,[],2019-04-26 22:38:52,0.0,0,0,7474154,2019-04-26 22:38:52,btc,0.0,0.02638891,0,btc,0.0,0.0,0.0,43
0,[],17,[],2019-04-26 22:38:53,0.0,0,0,7474155,2019-04-26 22:38:53,btc,0.0,0.0,0,btc,0.0,0.0,0.0,43
1,[],12,[],2019-03-05 01:54:08,639326.02,0.00000004,0.000000000001486676,6845775,2019-03-05 01:54:08,btc,11116042.728239931,0.0,0.00000004,btc,1103841.4595604,0.0003330765234764,0.014975410599999999,44
1,[],4,[],2019-06-01 07:15:48,111291137.46287183,0.00000001,0.000000000000853159,7721576,2019-06-01 07:15:48,btc,303169.60575944604,0.0,0.00000001,"btc,ltc",28272947.90928054,0.00188169,0.034959470162850365,49
0.0000000001328599,[],4,[],2019-06-01 07:15:49,130920994.80448578,3.4543574e-17,2.9471161050266e-21,7721577,2019-06-01 07:15:49,ltc,22049.959233037436,0.0,0.00000026,ltc,159352575.622158,0.0,1.3082100928576284e-09,52
0,[],22,[],2019-06-01 07:15:52,0.0,0,0,7721578,2019-06-01 07:15:52,,10289.55991011,0.0,0,,308568058.4566013,0.0,0.0,57
1,[],27,[],2019-06-01 07:15:58,2297.0,0.0000003,0.00000000002559477,7721579,2019-06-01 07:15:58,btc,0.0,0.0,0.0000003,"btc,eth",0.0,0.0,0.0003891,57
0.0000000001328599,[],4,[],2019-06-01 07:15:58,3423118777.8051414,1.328599e-18,1.133506194241e-22,7721580,2019-06-01 07:15:58,ltc,19.341013732174847,0.0,0.00000001,ltc,5852232846.057803,0.0,4.547952185073133e-09,58
1,[],12,[],2019-06-01 07:16:00,646960387.0,0.0000000001,0.00000000000000853159,7721581,2019-06-01 07:16:00,btc,2236849.5183943007,0.0,0.0000000001,btc,3373447052.0648913,0.002149680026,0.0646960387,58
0.0000000001091712,[],22,[],2019-06-01 07:18:03,126877.0,1.091712e-18,9.314039182080001e-23,7721582,2019-06-01 07:18:03,XMR,68.17454206,0.0,0.00000001,XMR,9626402.6,0.0,0.00126877,58
1,[],17,[],2019-05-03 01:12:09,1200000.0,0.0000000001,0.00000000000000548003,7559085,2019-05-03 01:12:09,btc,1e+24,0.0,0.0000000001,"btc,eth",39516342.31952568,0.0,0.00010000000058666061,58
1,[],5,[],2019-06-01 07:18:04,0.0,0,0,7721583,2019-06-01 07:18:04,btc,0.0,0.01150379,0,btc,0.0,0.0,0.0,61
1,[],22,[],2019-06-01 07:18:07,13613.833333333334,0.00000012,0.000000000010237908000000001,7721584,2019-06-01 07:18:07,BTC,1002.29123003,0.0,0.00000012,BTC,15014.200177125656,0.0,0.00153269,61
1,[],26,[],2019-06-01 07:18:08,0.0,0.00000050,0.000000000042657950000000004,7721585,2019-06-01 07:18:08,btc,0.0,0.0,0.00000050,btc,0.0,0.0,0.0,61
1,[],27,[],2019-06-01 07:18:18,8450.0,0.0000002,0.00000000001706318,7721586,2019-06-01 07:18:18,btc,1.9582485601246655,0.0,0.0000002,"btc,eth",11379.41563696,0.0,0.001522,61
0,[],28,[],2019-06-01 07:19:06,0.0,0,0,7721587,2019-06-01 07:19:06,,0.0,714.0,0,,0.0,0.0,0.0,61
1,[],4,[],2019-06-01 07:19:07,822709.93050462,0.00000075,0.000000000063986925,7721588,2019-06-01 07:19:07,btc,2.9156450995968703,0.0,0.00000075,btc,914377.92734413,0.07940388,0.4140226863156126,67
0.0,[],25,[],2019-06-01 07:19:08,0.0,0,0,7721589,2019-06-01 07:19:08,,0.0,0.0,0.0,btc,0.0,0.0,0.0,67
1,[],12,[],2019-06-01 07:19:09,786616.0,0.00000006,0.000000000005118954,7721590,2019-06-01 07:19:09,btc,5.169975085524473,0.0,0.00000006,btc,775869.19280716,0.001283255804,0.01664106,71
,[],5,[],2018-11-20 23:02:39,1.5e-07,0.00000005,0.000000000002128045,4862160,2018-11-20 23:02:39,btc,2.84511358,0.0,,btc,0.00036572,0.0,0.07381892,74
1,[],5,[],2019-06-01 07:19:11,0.0,0,0,7721591,2019-06-01 07:19:11,btc,0.0,0.17030016,0,btc,0.0,0.0,0.0,75
0,[],4,[],2019-05-25 21:33:44,0.0,0,0,7686249,2019-05-25 21:33:44,,133656.37989170782,0.0,0,,33439209.5909442,0.0,0.0,81
0,[],20,[],2019-01-25 09:30:31,0.0,0,0,6495923,2019-01-25 09:30:31,btc,0.0,0.0,0,btc,0.0,0.0,0.0,81
1,[],4,[],2019-06-01 07:19:12,36107.6532093,0.00011700,0.0000000099819603,7721592,2019-06-01 07:19:12,btc,55.54161911658076,0.0,0.00011700,btc,120279.5340953,0.14304012,0.7338344621527534,82
1,[],21,[],2019-06-01 07:19:13,83610.78018834,0.0001019799999999999959993113308,0.000000008700515482,7721593,2019-06-01 07:19:13,btc,15.816774695943268,53034.93120469,0.00010197999999999999599931133076324840658344328403472900390625,btc,98437.89250012,5.94093153,6.475483815348924,82
0,[],17,[],2019-03-25 22:42:34,0.0,0,0,7038780,2019-03-25 22:42:34,btc,0.0445064681804024,0.0,0,btc,995513.18476001,0.0,0.0,84
0.0000000001161485,[],4,[],2019-05-20 13:09:39,216715621.0206096,1.161485e-18,9.0533806701e-23,7657228,2019-05-20 13:09:39,ltc,1.6511566870244727,0.0,0.00000001,ltc,471032407.9048656,0.0,2.5171194308112273e-10,85
,[],22,[],2018-11-20 23:09:34,3408.1,0.0000001,0.0000000000041895,4862324,2018-11-20 23:09:34,BTC,0.04624735,0.0,,BTC,4990.0,0.0,0.00033081,86
1,[],22,[],2019-06-01 07:19:16,62656.0,0.00000001,0.000000000000853159,7721594,2019-06-01 07:19:16,BTC,1.45392802,0.0,0.00000001,BTC,376558.04736842104,0.0,0.00062656,87
1,[],27,[],2019-06-01 07:19:21,97382.0,0.00000007,0.000000000005972113000000001,7721595,2019-06-01 07:19:21,btc,5.052574818036,390442.0,0.00000007,btc,45323.67341,0.0390442,0.00122414,87
,[],2,[],2018-11-20 23:10:47,0.0,0,0,4862359,2018-11-20 23:10:47,,0.0,0.0,,,0.0,0.0,0.0,88
1,[],11,[],2019-06-01 07:19:23,125670.48522744,0.000080000000000000006544244313122504763668985106050968170166015625,0.0000000068252720000000006,7721596,2019-06-01 07:19:23,btc,167.36920971206033,31.1,0.000080000000000000006544244313122504763668985106050968170166015625,btc,200863.9642181,0.0,2.052851031033225,89
0,[],2,[],2019-01-20 23:31:45,0.0,0,0,6477083,2019-01-20 23:31:45,,0.0,0.0,0,,0.0,0.0,0.0,91
1,[],12,[],2019-06-01 07:19:24,264329.82376809,0.00000028,0.000000000023888452000000002,7721597,2019-06-01 07:19:24,btc,87.693550428245,0.0,0.00000028,btc,147628.19496614,0.000428412052,0.011775791199994,91
1,[],22,[],2019-06-01 07:21:27,75910.55,0.0000002,0.00000000001706318,7721598,2019-06-01 07:21:27,BTC,0.497,0.0,0.0000002,"BTC,LTC",6.95,0.0,0.00165931,91
0,[],17,[],2019-05-03 01:12:26,0.0,0,0,7559096,2019-05-03 01:12:26,btc,0.0,0.0,0,btc,0.0,0.0,0.0,91
1,[],22,[],2019-04-09 20:17:52,374949.73333333334,0.00000015,0.000000000007771935,7235704,2019-04-09 20:17:52,BTC,6.87372503,0.0,0.00000015,"BTC,LTC",159980.01196797504,1.1e-05,0.80510266,95
0.0000000001328599,[],4,[],2019-06-01 07:21:28,543207057.0351129,2.7900579e-17,2.3803630079061e-21,7721599,2019-06-01 07:21:28,ltc,11.298817330121336,0.0,0.00000021,ltc,153716247.84909418,0.00247066,8.815962980534909e-10,96
0,[],12,[],2019-06-01 07:21:30,0.0,0,0,7721600,2019-06-01 07:21:30,btc,17.17668368048951,0.0,0,btc,9673424.04895105,0.0,0.0,96
0,[],17,[],2019-05-03 01:12:32,0.0,0,0,7559100,2019-05-03 01:12:32,btc,0.0,0.0,0,btc,0.0,0.0,0.0,96
1,[],4,[],2019-04-14 03:32:46,1039404.33283278,0.00000038,0.000000000019245518,7293458,2019-04-14 03:32:46,btc,4.170086055365747,0.0,0.00000038,btc,3097704.34561074,0.06260606,0.1859928211030784,99
0,[],2,[],2019-01-20 23:23:55,0.0,0,0,6476914,2019-01-20 23:23:55,,0.0,0.0,0,,0.0,0.0,0.0,100
1,[],4,[],2019-06-01 07:23:32,246138.20180842,0.00001712,0.000000001460608208,7721601,2019-06-01 07:23:32,btc,7.573211925129997,0.0,0.00001712,btc,162570.75381216,0.07303673,0.4041855173578033,100
1,[],22,[],2019-06-01 07:23:35,150000.0,0.00000002,0.000000000001706318,7721602,2019-06-01 07:23:35,BTC,24.83526409,0.0,0.00000002,BTC,11187.719,0.0,0.0017,101
1,[],4,[],2019-06-01 07:23:36,552558.73187595,0.00000172,0.000000000146743348,7721603,2019-06-01 07:23:36,btc,551.2135399341201,0.0,0.00000172,btc,671381.59370514,0.07750918,0.2009180786712312,103
1,[],12,[],2019-06-01 07:23:38,173552145.0,0.000000004,0.0000000000003412636,7721604,2019-06-01 07:23:38,btc,2404.6673959945197,0.0,0.000000004,btc,72113303.09789497,0.012385716757,0.228216251,105
0,[],27,[],2019-06-01 07:23:42,0.0,0,0,7721605,2019-06-01 07:23:42,,0.34421223,295643.0,0,btc,2518441.0,0.00295643,0.0,105
1,[],22,[],2019-04-21 00:17:26,21333.0,0.00000001,0.000000000000532493,7385819,2019-04-21 00:17:26,BTC,51.38182867,0.0,0.00000001,BTC,470435.0,0.0,0.00021333,107
1,[],26,[],2019-04-21 00:17:26,0.0,0.00000000,0,7385820,2019-04-21 00:17:26,btc,0.0,0.0,0.00000000,btc,0.0,0.0,0.0,107
1,[],5,[],2019-06-01 07:23:45,0.0,0,0,7721606,2019-06-01 07:23:45,btc,0.0,0.0,0,btc,0.0,0.0,0.0,112
0,[],22,[],2019-06-01 07:23:49,0.0,0,0,7721607,2019-06-01 07:23:49,,6.79500102,0.0,0,,3375892.0833333335,0.0,0.0,112
1,[],27,[],2019-06-01 07:23:56,1.0,0.00000001,0.000000000000853159,7721608,2019-06-01 07:23:56,btc,1.15032588,0.0,0.00000001,"btc,eth",1818.0,0.0,1e-08,112
1,[],4,[],2019-06-01 07:23:57,271571.39110787,0.00000089,0.000000000075931151,7721609,2019-06-01 07:23:57,btc,5.562956995664973,0.0,0.00000089,btc,617573.15197821,0.03445967,0.1682025485582549,113
1,[],5,[],2019-06-01 07:23:58,0.0,0,0,7721610,2019-06-01 07:23:58,btc,0.0,0.0,0,btc,0.0,0.0,0.0,113
1,[],17,[],2019-04-26 02:17:47,162738.278,0.00000004,0.0000000000021069000000000002,7461287,2019-04-26 02:17:47,btc,1.3331140273775473,0.0,0.00000004,btc,51796.221,0.0,0.00230953112,116
1,[],27,[],2019-05-22 05:13:01,210000.0,0.00000001,0.00000000000079145,7666372,2019-05-22 05:13:01,btc,3919.0005001478,0.0,0.00000001,btc,128660.871,0.0,0.0021,116
1,[],4,[],2019-05-21 22:31:11,138169.03963019,0.00000701,0.000000000558364025,7664793,2019-05-21 22:31:11,btc,150.95388250938234,0.0,0.00000701,btc,344631.17141974,0.07552974,0.4288357684941946,120
1,[],7,[],2019-05-21 22:31:12,3901.07750076,0.000010679999999999999389654892212320191902108490467071533203125,0.0000000008506887,7664794,2019-05-21 22:31:12,btc,231188.94669936574,0.0,0.000010679999999999999389654892212320191902108490467071533203125,btc,4133.83151364,0.0,0.0113888422364489,120
1,[],20,[],2019-04-07 18:42:29,1914137.0852,0.000000035,0.0000000000017871910000000002,7211992,2019-04-07 18:42:29,btc,32.2497668025648,25528.85,0.000000035,btc,1001975.4986,0.00089350975,0.0152723574729,125
1,[],22,[],2019-06-01 07:24:02,10000.0,0.00000001,0.000000000000853159,7721611,2019-06-01 07:24:02,BTC,0.032061,0.0,0.00000001,BTC,299316.7611111111,0.0,0.0001,126
1,[],4,[],2019-06-01 07:24:02,430286.38671284,0.00000960,0.00000000081903264,7721612,2019-06-01 07:24:02,btc,5.216273181587522,0.0,0.00000960,btc,167407.80633519,0.95110296,1.571513336684528,131
0,[],2,[],2019-01-20 23:25:46,0.0,0,0,6476969,2019-01-20 23:25:46,,0.0,0.0,0,,0.0,0.0,0.0,131
1,[],17,[],2019-05-03 01:13:10,10000.0,0.00000001,0.000000000000548003,7559115,2019-05-03 01:13:10,btc,0.0953976503951408,0.0,0.00000001,btc,5037.62507334,0.0,0.0001,131
1,[],4,[],2019-06-01 07:26:03,4874.33505675,0.00007955,0.0000000067868798450000005,7721613,2019-06-01 07:26:03,btc,5.03100285962279,0.0,0.00007955,btc,202.13055914,0.0,0.0067219417695852,135
1,[],3,[],2019-06-01 07:26:04,565457.22392675,0.00000001,0.000000000000853159,7721614,2019-06-01 07:26:04,btc,0.2222006885680936,1636349.79937,0.00000001,btc,1905502.4316845,0.0,0.0056545722392675,136
1,[],4,[],2019-06-01 07:26:05,2107584.84875928,0.00000183,0.00000000015612809700000001,7721615,2019-06-01 07:26:05,btc,109.11028729796483,0.0,0.00000183,btc,529881.49525595,0.03334365,0.5019965768734331,137
1,[],12,[],2019-06-01 07:26:06,88390.79984062,0.0000017799999999999998982758153687200319836847484111785888671875,0.000000000151862302,7721616,2019-06-01 07:26:06,btc,57.841636604759124,0.0,0.0000017799999999999998982758153687200319836847484111785888671875,btc,50821.8164856,0.0004236,0.0178049399998924,137
1,[],4,[],2019-06-01 07:26:07,102248.2892164,0.00001806,0.000000001540805154,7721617,2019-06-01 07:26:07,btc,8.588758352253523,0.0,0.00001806,btc,118502.82388758,0.28727031,0.9287397024747034,142
1,[],5,[],2019-06-01 07:26:08,0.0,0,0,7721618,2019-06-01 07:26:08,btc,0.0,0.00684424,0,btc,0.0,0.0,0.0,142
1,[],20,[],2019-06-01 07:28:09,209047.5862,0.000015001,0.0000000012798238159,7721619,2019-06-01 07:28:09,btc,1.6084709689553,0.0,0.000015001,btc,9872.8163,0.0,0.0187395600994,142
1,[],22,[],2019-06-01 07:28:13,11028.645,0.00001000,0.0000000008531590000000001,7721620,2019-06-01 07:28:13,BTC,3.2754788,0.0,0.00001000,BTC,1133.9993657797618,0.0,0.00745365,142
0.0,[],25,[],2019-06-01 07:28:14,0.0,0,0,7721621,2019-06-01 07:28:14,,0.0,0.0,0.0,btc,0.0,0.0,0.0,142
0,[],28,[],2019-06-01 07:29:06,0.0,0,0,7721622,2019-06-01 07:29:06,,0.0,0.0,0,,0.0,0.0,0.0,142
1,[],17,[],2019-05-03 01:13:16,32967.38636364,0.00000088,0.000000000048224264,7559122,2019-05-03 01:13:16,btc,20.06976206696776,0.0,0.00000088,btc,2746.079105,0.0,0.0105613000000032,142
0,[],22,[],2019-06-01 07:29:08,0.0,0,0,7721623,2019-06-01 07:29:08,,64.98618676,0.0,0,,787024755.3,0.0,0.0,143
0,[],22,[],2019-02-25 15:42:22,0.0,0,0,6783783,2019-02-25 15:42:22,,4.2131946,0.0,0,,2322156.0,0.0,0.0,146
,[],22,[],2018-11-20 23:01:11,0.0,0,0,4862114,2018-11-20 23:01:11,,2.56807021,0.0,,,61828.4988236,0.0,0.0,147
1,[],12,[],2019-04-21 06:38:04,193091.5971266,0.00000071,0.000000000037635183,7388679,2019-04-21 06:38:04,btc,2.301232411611175,0.0,0.00000071,btc,9957.48302385,0.00023528,0.0313308199999888,148
1,[],4,[],2019-03-19 21:31:25,255810.0415942,0.00000029,0.000000000011615747,6982695,2019-03-19 21:31:25,btc,218.94922712414143,0.0,0.00000029,btc,793529.37642722,0.00117,0.0608347789473395,152
0,[],22,[],2019-03-19 21:31:27,0.0,0,0,6982696,2019-03-19 21:31:27,,0.0,0.0,0,,0.0,0.0,0.0,152
1,[],5,[],2019-04-26 09:36:59,0.0,0,0,7465040,2019-04-26 09:36:59,btc,0.0,0.0,0,btc,0.0,0.0,0.0,153
,[],16,[],2019-01-11 15:38:59,0.0,0,0,6366141,2019-01-11 15:38:59,btc,0.0,0.0,,btc,0.0,0.0,0.0,155
0,[],23,[],2019-01-20 23:24:29,0.0,0,0,6476932,2019-01-20 23:24:29,,0.0,0.0,0,,0.0,0.0,0.0,156
0,[],22,[],2019-06-01 07:29:12,0.0,0,0,7721624,2019-06-01 07:29:12,,7.44455324,0.0,0,,5955762.942592593,0.0,0.0,156
1,[],22,[],2019-06-01 07:29:15,6996.0,0.00000001,0.000000000000853159,7721625,2019-06-01 07:29:15,BTC,1.7543039,0.0,0.00000001,BTC,57.0,0.0,6.996e-05,157
0,[],22,[],2019-05-21 23:40:32,0.0,0,0,7665049,2019-05-21 23:40:32,,50234.60468402,0.0,0,,54786159.03179465,0.0,0.0,158
,[],17,[],2018-11-20 22:56:10,0.0,0,0,4861976,2018-11-20 22:56:10,btc,1.1265625,0.0,,btc,1000.0,0.0,0.0,159
,[],20,[],2018-11-20 22:56:12,0.0,0,0,4861977,2018-11-20 22:56:12,btc,11912.7940471,0.0,,btc,34413894.3617,0.0,0.0,159
1,[],12,[],2019-05-24 02:51:20,9178.522006449999,0.00000191999999999999982841307998027158276954651228152215480804443359375,0.000000000151222656,7676256,2019-05-24 02:51:20,btc,149.80414728631675,0.0,0.00000191999999999999982841307998027158276954651228152215480804443359375,btc,1115.7451448499999,0.01783167678326,0.0120075778999181,168
1,[],17,[],2019-05-03 01:13:36,42852.0,0.00000002,0.000000000001096006,7559132,2019-05-03 01:13:36,btc,0.04279856251542,0.0,0.00000002,btc,274.46171372,0.0,0.00052852,168
1,[],22,[],2019-05-17 03:01:52,10.0,0.00000001,0.000000000000778341,7642059,2019-05-17 03:01:52,BTC,41.95893009,0.0,0.00000001,BTC,1753972.7737547632,0.0,1e-07,169
1,[],22,[],2019-05-30 08:38:18,202834.0,0.00000002,0.0000000000017416160000000001,7711049,2019-05-30 08:38:18,BTC,27.87002826,0.0,0.00000002,BTC,462189.5410507793,0.0,0.00211768,171
1,[],22,[],2019-05-29 08:05:18,349870.0,0.00000002,0.000000000001705894,7705265,2019-05-29 08:05:18,BTC,24.05907723,0.0,0.00000002,"BTC,LTC",1224285.4355616204,0.0,0.0039847,173
1,[],5,[],2019-06-01 07:29:17,0.0,0,0,7721626,2019-06-01 07:29:17,btc,0.0,0.07098662,0,btc,0.0,0.0,0.0,175
1,[],22,[],2019-06-01 07:29:21,90671.0,0.00000001,0.000000000000853159,7721627,2019-06-01 07:29:21,BTC,394.35459412,0.0,0.00000001,BTC,136275.61833431243,0.0,0.00090671,176
1,[],7,[],2019-06-01 07:29:22,0.0,0,0,7721628,2019-06-01 07:29:22,btc,522274.28208915493,0.0,0,btc,21993385.47972966,0.0,0.0,178
0,[],22,[],2019-06-01 07:29:25,0.0,0,0,7721629,2019-06-01 07:29:25,,1.00242428,0.0,0,,57512.0,0.0,0.0,178
0,[],2,[],2019-01-20 23:28:34,0.0,0,0,6477001,2019-01-20 23:28:34,,0.0,0.0,0,,0.0,0.0,0.0,178
0,[],23,[],2019-01-20 23:25:08,0.0,0,0,6476952,2019-01-20 23:25:08,,0.0,0.0,0,,0.0,0.0,0.0,179
1,[],5,[],2019-06-01 07:29:26,0.0,0,0,7721630,2019-06-01 07:29:26,btc,0.0,0.09488,0,btc,0.0,0.0,0.0,179
0,[],22,[],2019-06-01 07:29:29,0.0,0,0,7721631,2019-06-01 07:29:29,,5.32069724,0.0,0,,13630439.811946675,0.0,0.0,179
1,[],22,[],2019-06-01 07:31:33,682984.5574905804,0.00000108,0.00000000009214117200000001,7721632,2019-06-01 07:31:33,BTC,39.18394258,0.0,0.00000108,"BTC,LTC",140585.08376237814,0.00185334,0.58255072,180
1,[],26,[],2019-06-01 07:31:33,0.0,0.00000010,0.00000000000853159,7721633,2019-06-01 07:31:33,btc,0.0,50.0,0.00000010,btc,0.0,0.0,0.0,180
1,[],17,[],2019-05-03 01:13:56,20504.725000000002,0.0000001,0.00000000000548003,7559141,2019-05-03 01:13:56,btc,5.2010695838400265,0.0,0.0000001,btc,5033.45945,0.0,0.0011504725,180
,[],7,[],2018-11-20 22:58:01,562227.975654,0.00000085,0.000000000036176765,4862015,2018-11-20 22:58:01,btc,21836.6059674,2491.87645172,,btc,749999.041456,0.00211021,0.127565380455,183
,[],5,[],2019-01-10 08:11:41,0.0,0,0,6347036,2019-01-10 08:11:41,btc,82.15055501,0.00261,,btc,1.19002445,0.0,0.0,187
,[],17,[],2018-11-16 20:58:10,4062536.27273,0.00000001,0.000000000000550501,4708775,2018-11-16 20:58:10,btc,3.36492563466,0.195460381006,,"btc,eth",110697919.549,0.0,0.0157628953496,187
1,[],24,[],2019-05-22 21:04:52,0.0,0.000000000014,0.0000000000000010960978,7670219,2019-05-22 21:04:52,btc,0.0,0.0,0.000000000014,btc,0.0,0.0,0.0,187
0,[],22,[],2019-04-25 02:54:07,0.0,0,0,7447896,2019-04-25 02:54:07,,7.54794454,0.0,0,,76361.7243344055,0.0,0.0,191
0,[],22,[],2019-06-01 07:31:38,0.0,0,0,7721634,2019-06-01 07:31:38,,0.0,0.0,0,,0.0,0.0,0.0,197
0,[],23,[],2019-01-20 23:31:41,0.0,0,0,6477079,2019-01-20 23:31:41,,0.0,0.0,0,,0.0,0.0,0.0,199
0,[],22,[],2019-06-01 07:31:41,0.0,0,0,7721635,2019-06-01 07:31:41,,10.93271999,0.0,0,,99750037.0,0.0,0.0,199
1,[],26,[],2019-06-01 07:31:41,0.0,0.00000000,0,7721636,2019-06-01 07:31:41,btc,0.0,0.0,0.00000000,btc,0.0,0.0,0.0,199
0,[],2,[],2019-01-20 23:30:49,0.0,0,0,6477059,2019-01-20 23:30:49,,0.0,0.0,0,,0.0,0.0,0.0,201
1,[],4,[],2019-01-25 15:51:35,2084389.58565343,0.00000936,0.000000000333526752,6499557,2019-01-25 15:51:35,btc,2.0092503037378524,0.0,0.00000936,btc,160195.80207885,0.19272417,1.242687955921835,211
1,[],7,[],2019-06-01 07:31:45,1171099976.5565898,0.00000046,0.000000000039245314,7721637,2019-06-01 07:31:45,btc,15201836.707861548,582796.352679,0.00000046,btc,7131742.61107317,0.0,12.294045584925064,212
1,[],12,[],2019-01-25 02:44:32,207462.42853209,0.000001080000000000000035831255497387193287295303889550268650054931640625,0.000000000038610756000000006,6493050,2019-01-25 02:44:32,btc,85023.03793723314,0.0,0.000001080000000000000035831255497387193287295303889550268650054931640625,btc,43675.73520027,0.000146250909087,0.0348620860622024,213
1,[],5,[],2019-05-30 00:07:46,0.0,0,0,7709357,2019-05-30 00:07:46,btc,0.0,0.06425239,0,btc,0.0,0.0,0.0,213
1,[],24,[],2019-05-30 00:07:46,0.0,0.000000399202,0.0000000000344859829346,7709358,2019-05-30 00:07:46,btc,0.0,0.0,0.000000399202,btc,0.0,0.0,0.0,213
1,[],26,[],2019-05-30 00:07:47,0.0,0.00000040,0.000000000034554919999999996,7709359,2019-05-30 00:07:47,btc,0.0,0.0,0.00000040,btc,0.0,0.0,0.0,213
0,[],22,[],2019-06-01 07:31:48,0.0,0,0,7721638,2019-06-01 07:31:48,,9.61445386,0.0,0,,3661587.094064925,0.0,0.0,216
1,[],27,[],2019-06-01 07:31:56,194550.0,0.00000001,0.000000000000853159,7721639,2019-06-01 07:31:56,btc,76.41793967917752,3000.0,0.00000001,"btc,ltc",385335.407688,3e-05,0.0019355000000013285,216
1,[],22,[],2019-06-01 07:31:59,724519.0,0.00000028,0.000000000023888452000000002,7721640,2019-06-01 07:31:59,BTC,12056.4772337,0.0,0.00000028,BTC,515039.20562763204,0.01001124,0.05538483,217
1,[],7,[],2019-06-01 07:32:02,0.0,0,0,7721641,2019-06-01 07:32:02,btc,1234864.1040716618,0.0,0,btc,164001712.13147992,0.0,0.0,219
0,[],27,[],2019-06-01 07:32:11,0.0,0,0,7721642,2019-06-01 07:32:11,,261.41644782671324,158.0,0,btc,15857918.74381025,1.58e-06,0.0,219
0,[],28,[],2019-06-01 07:33:18,0.0,0,0,7721643,2019-06-01 07:33:18,,0.0,14813.0,0,,0.0,0.0,0.0,219
1,[],22,[],2019-05-23 16:41:05,172069.0,0.00000004,0.0000000000031167080000000004,7674065,2019-05-23 16:41:05,BTC,56.76466137,0.0,0.00000004,BTC,127061.6482738741,0.0,0.00393676,221
1,[],24,[],2019-05-23 16:41:05,0.0,0.000000010000,0.0000000000007791770000000001,7674066,2019-05-23 16:41:05,btc,0.0,0.0,0.000000010000,btc,0.0,0.0,0.0,221
1,[],20,[],2019-06-01 07:33:20,4449143.6429,0.000000002,0.0000000000001706318,7721644,2019-06-01 07:33:20,btc,100052.72935346414,100187.8571,0.000000002,btc,47854991.7038,0.0002003757142,0.0044628632858,224
0,[],22,[],2019-06-01 07:33:23,0.0,0,0,7721645,2019-06-01 07:33:23,,0.0,0.0,0,,0.0,0.0,0.0,224
1,[],26,[],2019-06-01 07:33:23,0.0,0.00000025,0.000000000021328975000000002,7721646,2019-06-01 07:33:23,btc,0.0,0.0,0.00000025,btc,0.0,0.0,0.0,231
1,[],26,[],2019-06-01 07:33:24,0.0,0.00000006,0.0000000000051189540000000004,7721647,2019-06-01 07:33:24,btc,0.0,0.0,0.00000006,btc,0.0,0.0,0.0,234
0.0000000003152133,[],27,[],2019-06-01 07:33:32,100.0,3.152133e-18,2.689270638147e-22,7721648,2019-06-01 07:33:32,eth,0.01134836604,0.0,0.00000001,"btc,eth",11462.996,0.0,3.152133e-16,234
1,[],4,[],2019-05-22 17:06:12,91780.56053785,0.00000078,0.000000000061977552,7669277,2019-05-22 17:06:12,btc,5.573372450018177,0.0,0.00000078,btc,729173.93529783,0.0,0.0307060663355679,236
1,[],24,[],2019-05-22 17:06:12,0.0,0.000000010000,0.000000000000794584,7669278,2019-05-22 17:06:12,btc,0.0,0.0,0.000000010000,btc,0.0,0.0,0.0,236
1,[],5,[],2019-06-01 07:33:33,0.0,0,0,7721649,2019-06-01 07:33:33,btc,0.0,0.17514323,0,btc,0.0,0.0,0.0,237
1,[],20,[],2019-06-01 07:33:35,119547543.9561,0.000000041,0.0000000000034979519,7721650,2019-06-01 07:33:35,btc,412.7378982314427,6199097.9083,0.000000041,btc,42924891.6632,0.2614538065554,0.4403670293658,237
1,[],22,[],2019-06-01 07:33:38,288100.0,0.00000003,0.0000000000025594770000000002,7721651,2019-06-01 07:33:38,BTC,1.20267422,0.0,0.00000003,"BTC,LTC",17930.94871794872,0.0,0.007541,237
1,[],4,[],2019-06-01 07:33:39,26918013.85563626,0.00000012,0.000000000010237908000000001,7721652,2019-06-01 07:33:39,btc,2.892289103621347,0.0,0.00000012,btc,9366224.70693858,0.11412787,0.552054354661767,238
1,[],5,[],2019-06-01 07:33:40,0.0,0,0,7721653,2019-06-01 07:33:40,btc,0.0,0.01962406,0,btc,0.0,0.0,0.0,238
0,[],22,[],2019-03-12 16:49:32,0.0,0,0,6914458,2019-03-12 16:49:32,,0.40415746,0.0,0,,526736.5639027493,0.0,0.0,249
0,[],22,[],2019-05-28 23:53:45,0.0,0,0,7703643,2019-05-28 23:53:45,,13.44714864,0.0,0,,43777534.3426455,0.0,0.0,252
0,[],28,[],2019-06-01 07:34:17,0.0,0,0,7721654,2019-06-01 07:34:17,,0.0,283711.5,0,,0.0,0.0,0.0,256
0,[],22,[],2019-06-01 07:36:19,1023211.0,0,0,7721655,2019-06-01 07:36:19,,31464.5506333,0.0,0,,584951.6675322719,0.0,0.01023211,258
1,[],22,[],2019-05-19 18:12:02,400.0,0.00000001,0.0000000000007957800000000001,7653905,2019-05-19 18:12:02,BTC,2.415167,0.0,0.00000001,BTC,157.0,0.0,4e-06,259
1,[],5,[],2019-06-01 07:36:21,0.0,0,0,7721656,2019-06-01 07:36:21,btc,0.0,0.09335696,0,btc,0.0,0.0,0.0,264
1,[],20,[],2019-06-01 07:36:23,973266.335,0.000000199,0.0000000000169778641,7721657,2019-06-01 07:36:23,btc,0.9761378127969,92491.1221,0.000000199,btc,51736.5911,0.05228027448,0.0112719592048,264
0,[],22,[],2019-04-12 17:57:27,0.0,0,0,7278186,2019-04-12 17:57:27,,66.37522201,0.0,0,,677842.4169881374,0.0,0.0,271
0,[],22,[],2019-05-29 08:10:20,0.0,0,0,7705301,2019-05-29 08:10:20,,33050470.74998113,0.0,0,,14361377780.7,0.0,0.0,272
0,[],28,[],2019-05-29 08:10:54,0.0,0,0,7705302,2019-05-29 08:10:54,,0.0,22189957216.5758,0,,0.0,0.0,0.0,272
1,[],22,[],2019-05-23 07:12:29,219930.0,0.00000004,0.000000000003048688,7671985,2019-05-23 07:12:29,BTC,426.77835217,0.0,0.00000004,BTC,248664.3325962929,0.0,0.00739728,281
1,[],22,[],2019-06-01 07:36:27,378731.43333333335,0.00000004,0.000000000003412636,7721658,2019-06-01 07:36:27,BTC,31.67339658,0.0,0.00000004,"BTC,LTC",1522032.0569583753,0.00044263,0.01589293,286
0,[],22,[],2019-06-01 07:36:30,0.0,0,0,7721659,2019-06-01 07:36:30,,7337904.96568486,0.0,0,,2004620112.6797826,0.0,0.0,294
