pairValue,buyBook,exchangeId,sellBook,updated,buyTotal,satoshiPrice,usdPrice,exchangeLogId,created,bestPair,sellTotalBtc,volume,pairPrice,activePairs,sellTotal,volumeBtc,buyTotalBtc,coinId
1,[],10,[],2019-07-13 08:58:05,251434.9725798,0.00271069,0.00000031407274150500003,7812232,2019-07-13 08:58:05,btc,6515.317158446701,1686.04548878,0.00271069,btc,2002.66956917,0.0,1.2639712180673435,1
1,[],5,[],2019-07-06 00:27:44,0.0,0,0,7800775,2019-07-06 00:27:44,btc,0.0,0.00190933,0,btc,0.0,0.0,0.0,1
0,[],2,[],2019-01-20 23:28:45,0.0,0,0,6477011,2019-01-20 23:28:45,,0.0,0.0,0,,0.0,0.0,0.0,1
1,[],3,[],2019-08-17 17:01:14,31402.157644614213,0.008001950000000000728928029047892778180539608001708984375,0.000000824606548865,7907060,2019-08-17 17:01:14,btc,9.19092345297961,7.91920783425,0.008001950000000000728928029047892778180539608001708984375,btc,28.506205280631,0.0,0.3222727459713727,1
1,[],4,[],2019-08-17 17:01:15,24976.51425962,0.00795821,0.000000820099111247,7907061,2019-08-17 17:01:15,btc,9.925683263547356,0.0,0.00795821,btc,558.400473,0.61702883,0.5591715392984713,1
1,[],12,[],2019-08-17 17:01:23,90.970016,0.0080099999999999997590816036563410307280719280242919921875,0.000000825436107,7907062,2019-08-17 17:01:23,btc,0.3402232739335,0.0,0.0080099999999999997590816036563410307280719280242919921875,btc,33.71769719,0.762599807861,0.055012591331200004,1
1,[],20,[],2019-08-17 17:01:25,931.5662,0.00790157,0.000000814262319599,7907063,2019-08-17 17:01:25,btc,0.2240802483094,0.6191,0.00790157,btc,18.8153,0.005062687138,0.1235365465128,1
1,[],21,[],2019-08-17 17:01:28,2466.12267369,0.008035789999999999252966453867,0.0000008280937845529999,7907064,2019-08-17 17:01:28,btc,9.669634681018945,1917.3622463,0.00803578999999999925296645386652016895823180675506591796875,"btc,eth",1809.9388857000001,14.540607646961542,16.241091146409456,1
1,[],22,[],2019-08-17 17:01:31,0.5198816666666667,0.00600000,0.0000006183042,7907065,2019-08-17 17:01:31,BTC,0.01700334,0.0,0.00600000,BTC,0.283670650841137,0.0,0.00302178,1
1,[],24,[],2019-08-17 17:01:32,0.0,0.000000000000,0,7907066,2019-08-17 17:01:32,btc,0.0,0.0,0.000000000000,btc,0.0,0.0,0.0,1
0.0,[],25,[],2019-08-17 17:01:33,0.0,0,0,7907067,2019-08-17 17:01:33,btc,18.577099999352487,4565.45300409,0.0,btc,2226.83290327,36.3,0.0,1
1,[],26,[],2019-08-17 17:01:38,0.0,0,0,7907068,2019-08-17 17:01:38,,0.0,0.0,0,,0.0,0.0,0.0,1
0,[],28,[],2019-08-17 17:01:39,0.0,0,0,7907069,2019-08-17 17:01:39,,0.0,0.0,0,,0.0,0.0,0.0,1
1,[],5,[],2019-07-06 00:28:14,0.0,0,0,7800785,2019-07-06 00:28:14,btc,0.0,0.00208797,0,btc,0.0,0.0,0.0,2
0,[],22,[],2019-08-17 17:01:43,0.0,0,0,7907070,2019-08-17 17:01:43,,0.0,0.0,0,,0.0,0.0,0.0,2
0,[],28,[],2019-08-17 17:01:47,0.0,0,0,7907072,2019-08-17 17:01:47,,0.0,0.0,0,,0.0,0.0,0.0,3
1,[],5,[],2019-06-03 14:48:58,0.0,0,0,7731126,2019-06-03 14:48:58,btc,0.0,0.05905545,0,btc,0.0,0.0,0.0,3
1,[],12,[],2019-08-17 17:01:45,4824520.04496223,0.000000058,0.0000000000059769406000000005,7907071,2019-08-17 17:01:45,btc,42993.26942034836,0.0,0.000000058,btc,10038048.909252,0.00738599863,0.19654976756583126,3
1,[],4,[],2019-08-17 17:01:48,5638761.6797246,0.00000013,0.000000000013396591,7907073,2019-08-17 17:01:48,btc,25.80280792696437,0.0,0.00000013,btc,1094541.85621199,0.00019272,0.0813499011509499,4
0,[],2,[],2019-01-20 23:31:32,0.0,0,0,6477077,2019-01-20 23:31:32,,0.0,0.0,0,,0.0,0.0,0.0,4
0,[],2,[],2019-01-20 23:31:51,0.0,0,0,6477087,2019-01-20 23:31:51,,0.0,0.0,0,,0.0,0.0,0.0,6
1,[],11,[],2019-08-15 15:27:29,324074.0,0.00000001,0.0000000000010065590000000001,7900084,2019-08-15 15:27:29,btc,9583.47119397936,4910218.0,0.00000001,btc,78345418.50750598,0.0,0.00324074,6
1,[],3,[],2019-08-17 17:01:51,11447.038031215678,0.000062160000000000001168197483192301433518878184258937835693359375,0.000000006405631512,7907074,2019-08-17 17:01:51,btc,1026.3030527466067,0.0194261647807,0.000062160000000000001168197483192301433518878184258937835693359375,btc,438.732508059976,0.0,0.02087906185480365,7
1,[],4,[],2019-08-17 17:01:52,56374.11922035,0.00008217,0.000000008467676019,7907075,2019-08-17 17:01:52,btc,12.834464449622567,0.0,0.00008217,btc,78878.32546516,0.34335852,1.9281016431056108,7
1,[],5,[],2019-07-06 00:28:21,0.0,0,0,7800789,2019-07-06 00:28:21,btc,0.0,0.38662001,0,btc,0.0,0.0,0.0,7
1,[],4,[],2019-08-17 17:01:53,23933372.18792643,0.00000022,0.000000000022671153999999998,7907076,2019-08-17 17:01:53,btc,5.8087089616393435,0.0,0.00000022,btc,10816621.61653292,0.23810098,1.714841773074735,12
0.0,[],25,[],2019-08-17 17:01:55,0.0,0,0,7907077,2019-08-17 17:01:55,,0.0,0.0,0.0,btc,0.0,0.0,0.0,12
1,[],5,[],2019-07-05 17:50:59,0.0,0,0,7799863,2019-07-05 17:50:59,btc,0.0,0.04857279,0,btc,0.0,0.0,0.0,12
0,[],2,[],2019-01-20 23:23:08,0.0,0,0,6476890,2019-01-20 23:23:08,,0.0,0.0,0,,0.0,0.0,0.0,12
1,[],4,[],2019-08-17 17:01:56,879014.35432611,0.00000134,0.000000000138087938,7907078,2019-08-17 17:01:56,btc,3.4864340429283933,0.0,0.00000134,btc,932115.29808961,0.09277583,0.4036594180790062,13
1,[],21,[],2019-08-17 17:01:59,10244306.48444386,0.000001320000000000000067322449698,0.000000000136026924,7907079,2019-08-17 17:01:59,btc,3.5568177386266506,193397.53372365,0.0000013200000000000000673224496983149123252587742172181606292724609375,btc,1906121.21764205,0.26469312,2.511651197724201,13
1,[],10,[],2019-08-17 15:39:54,772406.10793423,0.00000132,0.000000000136523772,7906858,2019-08-17 15:39:54,btc,666797.3266258852,16510.9418999,0.00000132,btc,1013084.70541555,0.0,0.0784527505196379,13
1,[],4,[],2019-08-17 16:27:46,1525572.18548699,0.00000076,0.00000000007881732000000001,7906970,2019-08-17 16:27:46,btc,2.890361056177531,0.0,0.00000076,btc,874247.35141016,0.01226835,0.2743290087218467,14
1,[],12,[],2019-08-17 16:27:48,217087.6383446,0.00000076,0.00000000007881732000000001,7906971,2019-08-17 16:27:48,btc,181.98385847317164,0.0,0.00000076,btc,32115.34885383,0.000267643309,0.0198203399999659,14
1,[],26,[],2019-08-17 16:29:48,0.0,0,0,7906972,2019-08-17 16:29:48,,0.0,0.0,0,,0.0,0.0,0.0,14
0,[],17,[],2019-05-03 00:53:32,0.0,0,0,7558876,2019-05-03 00:53:32,btc,0.0,0.0,0,btc,0.0,0.0,0.0,14
0,[],4,[],2019-08-17 17:02:00,0.0,0,0,7907080,2019-08-17 17:02:00,,0.0,0.0,0,,0.0,0.0,0.0,15
,[],12,[],2018-12-01 15:15:48,204241.84496,0.00000489,0.000000000202473384,5260204,2018-12-01 15:15:48,btc,49.5475654835,0.0,,btc,35763.2193806,0.0163153972027625,0.0203389899998,15
1,[],4,[],2019-08-17 17:02:01,38707.04415056,0.00000752,0.000000000774941264,7907081,2019-08-17 17:02:01,btc,2.427027543262654,0.0,0.00000752,btc,20998.74499143,0.02695654,0.0756221030756751,18
1,[],10,[],2019-08-17 17:02:03,393869.77287383,0.00000673,0.0000000006935312109999999,7907082,2019-08-17 17:02:03,btc,15.236115873261669,5368.40614071,0.00000673,btc,26786.78251463,0.0,0.272643029782108,18
1,[],12,[],2019-08-17 17:02:04,4463.07550548,0.0000071500000000000001529050323856306903280710685066878795623779296875,0.0000000007368125050000001,7907083,2019-08-17 17:02:04,btc,0.5657606272858567,0.0,0.0000071500000000000001529050323856306903280710685066878795623779296875,btc,1901.83392017,0.000451898455,0.0096942004206644,18
0,[],2,[],2019-01-20 23:23:38,0.0,0,0,6476906,2019-01-20 23:23:38,,0.0,0.0,0,,0.0,0.0,0.0,18
0,[],17,[],2019-05-03 00:53:39,0.0,0,0,7558882,2019-05-03 00:53:39,btc,0.0,0.0,0,btc,0.0,0.0,0.0,18
0,[],27,[],2019-08-12 16:48:42,0.0,0,0,7891818,2019-08-12 16:48:42,,0.0,0.0,0,btc,0.0,0.0,0.0,19
0,[],2,[],2019-01-20 23:24:19,0.0,0,0,6476924,2019-01-20 23:24:19,,0.0,0.0,0,,0.0,0.0,0.0,19
1,[],3,[],2019-08-17 16:31:56,216340.50902469325,0.000006010000000000000056261419134617796089514740742743015289306640625,0.00000000062327907,7906977,2019-08-17 16:31:56,btc,190.5812511110801,1667.69192623,0.000006010000000000000056261419134617796089514740742743015289306640625,btc,51194.68362173186,0.0,0.3691565393826702,19
1,[],4,[],2019-08-17 16:31:57,577967.68276952,0.00000560,0.0000000005807592,7906978,2019-08-17 16:31:57,btc,3.1718059815155835,0.0,0.00000560,btc,263410.57366893,0.07974472,1.6004389226831595,19
1,[],12,[],2019-08-17 16:31:58,128446.87827639,0.0000075299999999999999027752543845348753848156775347888469696044921875,0.00000000078091371,7906979,2019-08-17 16:31:58,btc,0.9338675825526515,0.0,0.0000075299999999999999027752543845348753848156775347888469696044921875,btc,2900.77160987,0.0,0.016202474280455702,19
1,[],5,[],2019-07-06 02:01:19,0.0,0,0,7800799,2019-07-06 02:01:19,btc,0.0,0.0,0,btc,0.0,0.0,0.0,19
1,[],4,[],2019-08-17 16:31:59,10481836.05563501,0.00000006,0.000000000006222420000000001,7906980,2019-08-17 16:31:59,btc,4.984292824562718,0.0,0.00000006,btc,2305413.8842246,0.0,0.1268683990480169,20
0,[],4,[],2019-08-17 17:04:05,0.0,0,0,7907084,2019-08-17 17:04:05,,47315.50451410355,0.0,0,,170570423.50214377,0.0,0.0,21
0,[],12,[],2019-08-17 17:04:07,0.0,0,0,7907085,2019-08-17 17:04:07,btc,2617.976475280819,0.0,0,btc,8688804.88011986,0.0,0.0,21
0,[],17,[],2019-05-03 00:53:51,0.0,0,0,7558891,2019-05-03 00:53:51,btc,0.0,0.0,0,btc,0.0,0.0,0.0,21
0.0000000002204393,[],27,[],2019-07-29 17:24:02,79794022.5,8.5971327e-17,8.21370058158e-21,7852364,2019-07-29 17:24:02,eth,1253.5830452782222,787155.0,0.00000039,eth,2317982.66147653,6.7672759904685e-11,2.1948587434632156e-09,23
1,[],12,[],2019-08-17 16:34:04,4113574591.8176684,0.0000000025,0.00000000000025926750000000004,7906983,2019-08-17 16:34:04,btc,167285728303.75815,0.0,0.0000000025,btc,1673523621.352585,0.319181756948,2.540514691462969,23
1,[],4,[],2019-08-17 16:34:05,5983237.20375748,0.00000045,0.000000000046668150000000004,7906984,2019-08-17 16:34:05,btc,8.547064687028676,0.0,0.00000045,btc,2222695.37536427,0.01711674,0.1716224379400104,24
0,[],22,[],2019-08-17 16:34:07,0.0,0,0,7906985,2019-08-17 16:34:07,,0.0,0.0,0,,0.0,0.0,0.0,24
0.0,[],25,[],2019-08-17 16:34:10,0.0,0,0,7906986,2019-08-17 16:34:10,,0.0,0.0,0.0,btc,0.0,0.0,0.0,24
1,[],4,[],2019-08-17 16:34:10,26954406.36645568,0.00000349,0.00000000036193743,7906987,2019-08-17 16:34:10,btc,106.46003564796783,0.0,0.00000349,btc,1060987.5688047,0.15273251,0.4309945427558918,26
1,[],10,[],2019-08-17 16:34:13,221909.36068144,0.00000399,0.00000000041379093000000003,7906988,2019-08-17 16:34:13,btc,25.72765249598149,8366.98859527,0.00000399,btc,18623.67134614,0.0,0.035611270398022,26
0,[],2,[],2019-01-20 23:25:56,0.0,0,0,6476976,2019-01-20 23:25:56,,0.0,0.0,0,,0.0,0.0,0.0,26
0.0000000000713894,[],4,[],2019-08-17 16:34:14,723449623.0651975,4.997258e-17,5.1825063540600004e-21,7906989,2019-08-17 16:34:14,ltc,12.379215948017437,0.0,0.0000007,ltc,1009926881.1792257,0.03903767,6.398066641043269e-09,29
1,[],7,[],2019-08-17 16:34:15,0.0,0,0,7906990,2019-08-17 16:34:15,btc,1236881.0036205386,22994.005994,0,btc,60396481.23483297,0.0,0.0,29
0,[],17,[],2019-05-03 01:11:25,0.0,0,0,7559066,2019-05-03 01:11:25,btc,0.0,0.0,0,btc,0.0,0.0,0.0,30
1,[],4,[],2019-08-17 16:34:16,15000470.56902343,0.00000009,0.00000000000933363,7906991,2019-08-17 16:34:16,btc,2.6077586079977677,0.0,0.00000009,btc,2001675.35044338,0.0,0.1703328441188894,30
1,[],4,[],2019-08-17 16:36:16,212083.18465801,0.00002915,0.0000000030230590500000002,7906992,2019-08-17 16:36:16,btc,2.4634808074669405,0.0,0.00002915,btc,51459.03072348,0.11120824,0.468183146106161,31
1,[],21,[],2019-08-17 16:36:19,6300000.36513581,0.00003038000000000000050989594491,0.0000000031506186600000003,7906993,2019-08-17 16:36:19,btc,6.3090970602420136,9462.85385555,0.00003038000000000000050989594491124279329596902243793010711669921875,btc,165726.47877615,0.28646977,5.678384395303108,31
0,[],2,[],2019-01-20 23:28:43,0.0,0,0,6477009,2019-01-20 23:28:43,,0.0,0.0,0,,0.0,0.0,0.0,32
1,[],12,[],2019-03-30 07:55:10,40641173.964,0.00000003,0.000000000001228359,7108785,2019-03-30 07:55:10,btc,4233210.82356125,0.0,0.00000003,btc,28378394.68333462,0.0126927883965248,0.90752895892,33
0,[],4,[],2019-08-17 16:36:20,0.0,0,0,7906994,2019-08-17 16:36:20,,0.0,0.0,0,,0.0,0.0,0.0,33
0.0000000000713894,[],4,[],2019-08-17 16:36:22,30530574.30115462,3.1411336e-17,3.2575754225520005e-21,7906995,2019-08-17 16:36:22,ltc,6.025607916412689,0.0,0.00000044,ltc,161581779.93123853,0.0,2.4261953023025385e-10,34
1,[],5,[],2019-07-06 02:03:46,0.0,0,0,7800811,2019-07-06 02:03:46,btc,0.0,0.0,0,btc,0.0,0.0,0.0,34
1,[],27,[],2019-08-12 16:26:17,6255.0,0.00000019,0.000000000021630303,7891745,2019-08-12 16:26:17,btc,22.61101824371233,0.0,0.00000019,btc,4198.924835,0.0,0.00091445,37
1,[],17,[],2019-05-03 01:11:36,211752.74075282,0.00000025,0.000000000013700074999999998,7559074,2019-05-03 01:11:36,btc,0.055484923955058496,0.0,0.00000025,"btc,eth",1387.19918473,0.0,0.0005381851887916605,37
1,[],4,[],2019-08-17 16:36:23,10799224.69060841,0.00000016,0.000000000016593120000000002,7906996,2019-08-17 16:36:23,btc,19773.978531188495,0.0,0.00000016,btc,2381130.12200022,0.02689305,0.1567678641178605,37
1,[],12,[],2019-08-17 16:36:24,8515016.99533798,0.00000016,0.000000000016593120000000002,7906997,2019-08-17 16:36:24,btc,1725.9991194148884,0.0,0.00000016,btc,2185979.13189978,0.011350628082,0.286699569999998,37
0,[],27,[],2019-08-12 16:26:27,0.0,0,0,7891747,2019-08-12 16:26:27,,0.001005,0.0,0,"btc,eth",3.0,0.0,0.0,42
1,[],12,[],2019-08-17 16:38:26,219036.15767302,0.000001260000000000000006510091944689211373997750342823565006256103515625,0.00000000013067082,7906998,2019-08-17 16:38:26,btc,521.7335621403033,0.0,0.000001260000000000000006510091944689211373997750342823565006256103515625,btc,145696.1588722,0.06056928298,0.058304839776961395,42
1,[],5,[],2019-07-06 02:03:47,0.0,0,0,7800812,2019-07-06 02:03:47,btc,0.0,0.14382058,0,btc,0.0,0.0,0.0,42
1,[],12,[],2019-03-13 09:13:29,1112112.0,0.00000001,0.000000000000386531,6919902,2019-03-13 09:13:29,btc,29058.00478931866,0.0,0.00000001,btc,5967681.93306694,9.99000999e-07,0.01112112,43
1,[],5,[],2019-04-26 22:38:52,0.0,0,0,7474154,2019-04-26 22:38:52,btc,0.0,0.02638891,0,btc,0.0,0.0,0.0,43
0,[],17,[],2019-04-26 22:38:53,0.0,0,0,7474155,2019-04-26 22:38:53,btc,0.0,0.0,0,btc,0.0,0.0,0.0,43
0.0000000000713894,[],4,[],2019-08-17 16:38:27,107499061.35079774,6.3536566e-17,6.589186650162001e-21,7906999,2019-08-17 16:38:27,ltc,2096.277709259029,0.0,0.00000089,ltc,24966982.45421929,0.0,3.9010716966903404e-10,49
0.0000000000713894,[],4,[],2019-08-17 16:38:28,92027292.23405737,1.7133456e-17,1.776859321392e-21,7907000,2019-08-17 16:38:28,ltc,31170.255131230497,0.0,0.00000024,ltc,234243727.12765554,0.0,4.4132852412590156e-10,52
0,[],27,[],2019-08-12 16:26:37,0.0,0,0,7891750,2019-08-12 16:26:37,,0.0,0.0,0,"btc,eth",0.0,0.0,0.0,57
0,[],22,[],2019-08-17 16:38:30,0.0,0,0,7907001,2019-08-17 16:38:30,,10290.02779686,0.0,0,,282696231.3316013,0.0,0.0,57
1,[],17,[],2019-05-03 01:12:09,1200000.0,0.0000000001,0.00000000000000548003,7559085,2019-05-03 01:12:09,btc,1e+24,0.0,0.0000000001,"btc,eth",39516342.31952568,0.0,0.00010000000058666061,58
0.0000000000713894,[],4,[],2019-08-17 16:38:31,893821046.370968,7.13894e-19,7.403580505800001e-23,7907002,2019-08-17 16:38:31,ltc,19.78755692831703,0.0,0.00000001,ltc,5433255707.22347,0.0,6.380934820779558e-10,58
1,[],12,[],2019-08-17 16:38:32,1228433073.2145119,0.0000000001,0.000000000000010370700000000001,7907003,2019-08-17 16:38:32,btc,52870136.68844451,0.0,0.0000000001,btc,4263983421.892144,0.00141551716,0.1228433073214512,58
0.00000000008042650000000001,[],22,[],2019-08-17 16:40:36,126877.0,8.042650000000001e-19,8.340791035500001e-23,7907004,2019-08-17 16:40:36,XMR,68.17454206,0.0,0.00000001,XMR,9626402.6,0.0,0.00126877,58
0,[],27,[],2019-07-29 19:34:56,0.0,0,0,7852673,2019-07-29 19:34:56,,1.97314195,0.0,0,"btc,eth",10936.9,0.0,0.0,61
0,[],22,[],2019-08-17 16:40:40,0.0,0,0,7907005,2019-08-17 16:40:40,,1000.95212073,0.0,0,,9620.689066014545,0.0,0.0,61
1,[],26,[],2019-08-17 16:40:40,0.0,0,0,7907006,2019-08-17 16:40:40,,0.0,0.0,0,,0.0,0.0,0.0,61
0,[],28,[],2019-08-17 16:42:41,0.0,0,0,7907007,2019-08-17 16:42:41,,0.0,0.0,0,,0.0,0.0,0.0,61
1,[],5,[],2019-06-17 14:31:27,0.0,0,0,7740135,2019-06-17 14:31:27,btc,0.0,0.00079154,0,btc,0.0,0.0,0.0,61
1,[],4,[],2019-08-17 16:42:42,1823251.74597773,0.00000074,0.00000000007674318000000001,7907008,2019-08-17 16:42:42,btc,2.88815410355708,0.0,0.00000074,btc,1194880.21441513,0.10787829,0.8437410733805492,67
0.0,[],25,[],2019-08-17 16:42:46,0.0,0,0,7907009,2019-08-17 16:42:46,,0.0,0.0,0.0,btc,0.0,0.0,0.0,67
1,[],12,[],2019-06-02 06:23:14,910048.355,0.00000006,0.000000000005154929999999999,7725270,2019-06-02 06:23:14,btc,5.167005424215783,0.0,0.00000006,btc,738530.60239759,0.003159757462,0.0187188113,71
,[],5,[],2018-11-20 23:02:39,1.5e-07,0.00000005,0.000000000002128045,4862160,2018-11-20 23:02:39,btc,2.84511358,0.0,,btc,0.00036572,0.0,0.07381892,74
1,[],5,[],2019-07-06 00:15:01,0.0,0,0,7800749,2019-07-06 00:15:01,btc,0.0,0.01883861,0,btc,0.0,0.0,0.0,75
1,[],4,[],2019-08-17 16:42:49,175630.85781352,0.00006206,0.000000006436056420000001,7907010,2019-08-17 16:42:49,btc,57.77550609350842,0.0,0.00006206,btc,126141.83676992,0.00125884,0.5320250630101312,82
1,[],21,[],2019-08-17 16:42:50,947256.20894158,0.00006449999999999999570482467348,0.0000000066891015000000005,7907011,2019-08-17 16:42:50,btc,4.670608668544503,527.71806068,0.000064499999999999995704824673481425634236074984073638916015625,btc,54569.44405581,0.03367025,1.816734947488716,82
0,[],4,[],2019-07-23 20:51:52,0.0,0,0,7830376,2019-07-23 20:51:52,,1.6413985531662756,0.0,0,,620289065.5915176,0.0,0.0,85
,[],22,[],2018-11-20 23:09:34,3408.1,0.0000001,0.0000000000041895,4862324,2018-11-20 23:09:34,BTC,0.04624735,0.0,,BTC,4990.0,0.0,0.00033081,86
1,[],27,[],2019-08-06 12:06:36,100155.0,0.00000003,0.000000000003516594,7875448,2019-08-06 12:06:36,btc,7.177196150774,345.0,0.00000003,btc,287406.89336,1.035e-05,0.00300465,87
1,[],22,[],2019-08-17 16:42:53,185880.0,0.00000002,0.0000000000020741400000000003,7907012,2019-08-17 16:42:53,BTC,1.8206834,0.0,0.00000002,BTC,772828.347368421,0.00093236,0.00186702,87
,[],2,[],2018-11-20 23:10:47,0.0,0,0,4862359,2018-11-20 23:10:47,,0.0,0.0,,,0.0,0.0,0.0,88
0,[],2,[],2019-01-20 23:31:45,0.0,0,0,6477083,2019-01-20 23:31:45,,0.0,0.0,0,,0.0,0.0,0.0,91
0,[],17,[],2019-05-03 01:12:26,0.0,0,0,7559096,2019-05-03 01:12:26,btc,0.0,0.0,0,btc,0.0,0.0,0.0,91
1,[],12,[],2019-08-17 16:42:55,420365.35824885,0.00000031,0.000000000032149170000000006,7907013,2019-08-17 16:42:55,btc,588.7969362759248,0.0,0.00000031,btc,316937.16627071,0.000113576627,0.0195135539964475,91
1,[],22,[],2019-08-17 16:44:59,54200.0,0.00000003,0.0000000000031112100000000004,7907014,2019-08-17 16:44:59,BTC,1.05335,0.0,0.00000003,"BTC,LTC",1839.95,0.0,0.002326,91
0,[],17,[],2019-05-03 01:12:32,0.0,0,0,7559100,2019-05-03 01:12:32,btc,0.0,0.0,0,btc,0.0,0.0,0.0,96
0.0000000000713894,[],4,[],2019-08-17 16:45:00,571102621.9626958,9.994516e-18,1.0365012708120001e-21,7907015,2019-08-17 16:45:00,ltc,11.470917268515425,0.0,0.00000014,ltc,202604888.92815328,0.0,7.152118751585242e-10,96
0,[],12,[],2019-08-17 16:45:01,0.0,0,0,7907016,2019-08-17 16:45:01,btc,47.73949615563436,0.0,0,btc,13200602.563436551,0.0,0.0,96
0,[],2,[],2019-01-20 23:23:55,0.0,0,0,6476914,2019-01-20 23:23:55,,0.0,0.0,0,,0.0,0.0,0.0,100
1,[],4,[],2019-08-17 16:47:03,137048.8098266,0.00001364,0.0000000014145634800000001,7907017,2019-08-17 16:47:03,btc,7.747643270998653,0.0,0.00001364,btc,186586.82550799,0.1134326,0.582652430246901,100
1,[],22,[],2019-08-17 16:47:09,146000.0,0.00000002,0.0000000000020741400000000003,7907018,2019-08-17 16:47:09,BTC,26.50623849,0.0,0.00000002,BTC,10383.92,0.0,0.00162,101
1,[],27,[],2019-08-12 16:30:59,2050161.9,0.00000005,0.0000000000056921850000000005,7891762,2019-08-12 16:30:59,btc,261.32824567561846,0.0,0.00000005,btc,285690.80442935,0.0,0.060251537,105
1,[],12,[],2019-08-17 16:47:11,37931438.0,0.000000003,0.000000000000311121,7907019,2019-08-17 16:47:11,btc,342432.20635792636,0.0,0.000000003,btc,117672767.57671005,0.003490516128,0.056226716,105
1,[],27,[],2019-08-12 16:31:06,1.0,0.00000001,0.000000000001138437,7891764,2019-08-12 16:31:06,btc,0.0,0.0,0.00000001,"btc,eth",0.0,0.0,1e-08,112
1,[],5,[],2019-07-06 00:19:31,0.0,0,0,7800761,2019-07-06 00:19:31,btc,0.0,0.0,0,btc,0.0,0.0,0.0,112
0,[],22,[],2019-08-17 16:47:14,0.0,0,0,7907020,2019-08-17 16:47:14,,6.79500102,0.0,0,,3375892.0833333335,0.0,0.0,112
1,[],5,[],2019-07-06 00:19:43,0.0,0,0,7800765,2019-07-06 00:19:43,btc,0.0,0.0,0,btc,0.0,0.0,0.0,113
1,[],4,[],2019-08-17 16:47:14,695635.16332012,0.00000087,0.00000000009022509,7907021,2019-08-17 16:47:14,btc,5.812132936750508,0.0,0.00000087,btc,946010.07230237,0.02223262,0.3414441792223309,113
1,[],17,[],2019-04-26 02:17:47,162738.278,0.00000004,0.0000000000021069000000000002,7461287,2019-04-26 02:17:47,btc,1.3331140273775473,0.0,0.00000004,btc,51796.221,0.0,0.00230953112,116
1,[],27,[],2019-08-02 18:48:59,95525.16595526,0.00000001,0.000000000001045936,7866367,2019-08-02 18:48:59,btc,3918.96487209,0.0,0.00000001,btc,88497.69,0.0,0.0009552516595526,116
1,[],4,[],2019-08-17 16:49:16,19438647.4633433,0.00000092,0.00000000009541044,7907022,2019-08-17 16:49:16,btc,128.2650777493403,0.0,0.00000092,btc,1321620.51807569,0.00384254,1.8475694608299482,120
1,[],7,[],2019-08-17 16:49:17,3307.38352757,0.0000071300000000000003443924832813305414447313523851335048675537109375,0.0000000007394309100000001,7907023,2019-08-17 16:49:17,btc,115616.30372026724,0.0,0.0000071300000000000003443924832813305414447313523851335048675537109375,btc,3383.82311806,0.0,0.0073755506200131,120
0,[],2,[],2019-01-20 23:25:46,0.0,0,0,6476969,2019-01-20 23:25:46,,0.0,0.0,0,,0.0,0.0,0.0,131
1,[],17,[],2019-05-03 01:13:10,10000.0,0.00000001,0.000000000000548003,7559115,2019-05-03 01:13:10,btc,0.0953976503951408,0.0,0.00000001,btc,5037.62507334,0.0,0.0001,131
1,[],4,[],2019-08-17 16:49:19,938201.06832827,0.00000300,0.000000000311121,7907024,2019-08-17 16:49:19,btc,2.8146690452447536,0.0,0.00000300,btc,350133.16302894,0.03565595,0.1933812697123312,131
1,[],4,[],2019-08-17 16:51:19,8554.54768874,0.00006678,0.000000006925553460000001,7907025,2019-08-17 16:51:19,btc,0.2950387585519617,0.0,0.00006678,btc,234.13941042,0.0,0.0035158532115116,135
1,[],3,[],2019-07-13 16:51:20,187.26592867,0.00000001,0.000000000001140965,7813490,2019-07-13 16:51:20,btc,419.77407087449336,1935513.62324,0.00000001,btc,3179086.72005867,0.0,1.8726592866999999e-06,136
1,[],4,[],2019-08-17 16:51:21,917310.6690708,0.00000404,0.00000000041897628000000006,7907026,2019-08-17 16:51:21,btc,24.146688661760336,0.0,0.00000404,btc,509793.28219925,0.04083736,2.0503442186383305,137
1,[],12,[],2019-08-17 16:51:22,135151.88468906,0.00000405000000000000018730676731859574601912754587829113006591796875,0.00000000042001335000000007,7907027,2019-08-17 16:51:22,btc,39.90196731247538,0.0,0.00000405000000000000018730676731859574601912754587829113006591796875,btc,56520.19917236,0.000301425504,0.0180182899998417,137
1,[],17,[],2019-05-03 01:13:16,32967.38636364,0.00000088,0.000000000048224264,7559122,2019-05-03 01:13:16,btc,20.06976206696776,0.0,0.00000088,btc,2746.079105,0.0,0.0105613000000032,142
1,[],4,[],2019-08-17 16:51:23,1313755.3850226,0.00003980,0.0000000041275386,7907028,2019-08-17 16:51:23,btc,19.256528695979842,0.0,0.00003980,btc,138543.968075,0.92749046,2.2513125144924646,142
1,[],20,[],2019-08-17 16:53:25,110184.2424,0.000035616,0.0000000036936285120000003,7907029,2019-08-17 16:53:25,btc,1.2829886682396,192.2312,0.000035616,btc,3216.0956,0.0076683193499,0.0166491358059,142
1,[],22,[],2019-08-17 16:53:28,10619.88,0.00000200,0.00000000020741400000000002,7907030,2019-08-17 16:53:28,BTC,1.55898515,0.0,0.00000200,BTC,835.8398331062671,0.0,0.00416696,142
0.0,[],25,[],2019-08-17 16:53:30,0.0,0,0,7907031,2019-08-17 16:53:30,,0.0,0.0,0.0,btc,0.0,0.0,0.0,142
0,[],28,[],2019-08-17 16:55:31,0.0,0,0,7907032,2019-08-17 16:55:31,,0.0,0.0,0,,0.0,0.0,0.0,142
1,[],5,[],2019-07-06 02:06:10,0.0,0,0,7800822,2019-07-06 02:06:10,btc,0.0,0.00140707,0,btc,0.0,0.0,0.0,142
0,[],22,[],2019-08-17 16:55:34,0.0,0,0,7907033,2019-08-17 16:55:34,,68.14027224,0.0,0,,718000153.5744588,0.0,0.0,143
0,[],22,[],2019-02-25 15:42:22,0.0,0,0,6783783,2019-02-25 15:42:22,,4.2131946,0.0,0,,2322156.0,0.0,0.0,146
,[],22,[],2018-11-20 23:01:11,0.0,0,0,4862114,2018-11-20 23:01:11,,2.56807021,0.0,,,61828.4988236,0.0,0.0,147
1,[],12,[],2019-04-21 06:38:04,193091.5971266,0.00000071,0.000000000037635183,7388679,2019-04-21 06:38:04,btc,2.301232411611175,0.0,0.00000071,btc,9957.48302385,0.00023528,0.0313308199999888,148
1,[],5,[],2019-04-26 09:36:59,0.0,0,0,7465040,2019-04-26 09:36:59,btc,0.0,0.0,0,btc,0.0,0.0,0.0,153
0,[],23,[],2019-01-20 23:24:29,0.0,0,0,6476932,2019-01-20 23:24:29,,0.0,0.0,0,,0.0,0.0,0.0,156
0,[],22,[],2019-08-17 16:55:37,0.0,0,0,7907034,2019-08-17 16:55:37,,6.78813965,0.0,0,,4560228.592592592,0.0,0.0,156
1,[],22,[],2019-08-17 16:55:41,6996.0,0.00000001,0.0000000000010370700000000001,7907035,2019-08-17 16:55:41,BTC,1.7547719,0.0,0.00000001,BTC,64.8,0.0,6.996e-05,157
0,[],22,[],2019-08-17 00:05:41,0.0,0,0,7905012,2019-08-17 00:05:41,,50234.60468402,0.0,0,,54786159.03179465,0.0,0.0,158
,[],17,[],2018-11-20 22:56:10,0.0,0,0,4861976,2018-11-20 22:56:10,btc,1.1265625,0.0,,btc,1000.0,0.0,0.0,159
,[],20,[],2018-11-20 22:56:12,0.0,0,0,4861977,2018-11-20 22:56:12,btc,11912.7940471,0.0,,btc,34413894.3617,0.0,0.0,159
1,[],22,[],2019-08-17 16:55:47,118948.0,0.00000001,0.0000000000010370700000000001,7907036,2019-08-17 16:55:47,BTC,12.83785736,0.0,0.00000001,"BTC,LTC",190474.84947371835,0.0,0.03700948,171
0.0000000000713894,[],22,[],2019-08-17 16:55:51,144000.0,3.56947e-18,3.7017902529000004e-22,7907037,2019-08-17 16:55:51,LTC,1.7464213,0.0,0.00000005,LTC,1308220.8536050986,0.0,0.00344,173
1,[],5,[],2019-07-06 02:08:45,0.0,0,0,7800830,2019-07-06 02:08:45,btc,0.0,0.00700197,0,btc,0.0,0.0,0.0,175
0,[],22,[],2019-08-17 16:55:53,0.0,0,0,7907038,2019-08-17 16:55:53,,393.97295672,0.0,0,,135375.61833431243,0.0,0.0,176
1,[],7,[],2019-07-01 10:15:32,0.0,0,0,7783526,2019-07-01 10:15:32,btc,521516.2326888725,0.0,0,btc,26809253.73522063,0.0,0.0,178
0,[],2,[],2019-01-20 23:28:34,0.0,0,0,6477001,2019-01-20 23:28:34,,0.0,0.0,0,,0.0,0.0,0.0,178
0,[],22,[],2019-08-17 16:55:57,0.0,0,0,7907039,2019-08-17 16:55:57,,1.00255534,0.0,0,,112828.0,0.0,0.0,178
1,[],5,[],2019-07-06 02:08:50,0.0,0,0,7800832,2019-07-06 02:08:50,btc,0.0,6.904e-05,0,btc,0.0,0.0,0.0,179
0,[],23,[],2019-01-20 23:25:08,0.0,0,0,6476952,2019-01-20 23:25:08,,0.0,0.0,0,,0.0,0.0,0.0,179
0,[],22,[],2019-08-17 16:55:59,0.0,0,0,7907040,2019-08-17 16:55:59,,10.33352785,0.0,0,,14883771.231946677,0.0,0.0,179
1,[],22,[],2019-08-17 16:58:04,775878.18432282,0.00000051,0.000000000052890570000000004,7907041,2019-08-17 16:58:04,BTC,2.96798102,0.0,0.00000051,"BTC,LTC",248281.59096771595,0.0,0.61555445,180
1,[],26,[],2019-08-17 16:58:04,0.0,0,0,7907042,2019-08-17 16:58:04,,0.0,0.0,0,,0.0,0.0,0.0,180
1,[],17,[],2019-05-03 01:13:56,20504.725000000002,0.0000001,0.00000000000548003,7559141,2019-05-03 01:13:56,btc,5.2010695838400265,0.0,0.0000001,btc,5033.45945,0.0,0.0011504725,180
,[],7,[],2018-11-20 22:58:01,562227.975654,0.00000085,0.000000000036176765,4862015,2018-11-20 22:58:01,btc,21836.6059674,2491.87645172,,btc,749999.041456,0.00211021,0.127565380455,183
,[],5,[],2019-01-10 08:11:41,0.0,0,0,6347036,2019-01-10 08:11:41,btc,82.15055501,0.00261,,btc,1.19002445,0.0,0.0,187
,[],17,[],2018-11-16 20:58:10,4062536.27273,0.00000001,0.000000000000550501,4708775,2018-11-16 20:58:10,btc,3.36492563466,0.195460381006,,"btc,eth",110697919.549,0.0,0.0157628953496,187
1,[],24,[],2019-05-22 21:04:52,0.0,0.000000000014,0.0000000000000010960978,7670219,2019-05-22 21:04:52,btc,0.0,0.0,0.000000000014,btc,0.0,0.0,0.0,187
0,[],23,[],2019-01-20 23:31:41,0.0,0,0,6477079,2019-01-20 23:31:41,,0.0,0.0,0,,0.0,0.0,0.0,199
0,[],22,[],2019-08-17 16:58:08,0.0,0,0,7907043,2019-08-17 16:58:08,,6.22011878,0.0,0,,40771826.0,0.0,0.0,199
1,[],26,[],2019-08-17 16:58:08,0.0,0,0,7907044,2019-08-17 16:58:08,,0.0,0.0,0,,0.0,0.0,0.0,199
1,[],4,[],2019-01-25 15:51:35,2084389.58565343,0.00000936,0.000000000333526752,6499557,2019-01-25 15:51:35,btc,2.0092503037378524,0.0,0.00000936,btc,160195.80207885,0.19272417,1.242687955921835,211
1,[],7,[],2019-07-01 02:21:28,1170054124.6898527,0.00000018,0.000000000019815389999999997,7782694,2019-07-01 02:21:28,btc,1346735.6331920293,0.0,0.00000018,btc,5516233.71348162,0.0,11.954344045954047,212
1,[],27,[],2019-08-12 16:37:52,320029.088,0.00000001,0.000000000001138437,7891783,2019-08-12 16:37:52,btc,176.0318120012664,0.0,0.00000001,"btc,ltc",485496.05456794,0.0,0.00320029088,216
0,[],22,[],2019-08-17 16:58:15,0.0,0,0,7907045,2019-08-17 16:58:15,,6.8412543,0.0,0,,3272264.174064925,0.0,0.0,216
1,[],22,[],2019-08-17 16:58:18,747977.1923076923,0.00000017,0.00000000001763019,7907046,2019-08-17 16:58:18,BTC,12055.76231131,0.0,0.00000017,BTC,437869.67681702506,0.0,0.05014716,217
0,[],22,[],2019-08-17 16:58:21,0.0,0,0,7907047,2019-08-17 16:58:21,,4.14997484,0.0,0,,126244.70709740352,0.0,0.0,221
1,[],24,[],2019-08-17 16:58:21,0.0,0.000000010000,0.0000000000010370700000000001,7907048,2019-08-17 16:58:21,btc,0.0,0.0,0.000000010000,btc,0.0,0.0,0.0,221
1,[],26,[],2019-08-17 16:58:22,0.0,0,0,7907049,2019-08-17 16:58:22,,0.0,0.0,0,,0.0,0.0,0.0,231
0.0000000001859265,[],27,[],2019-08-12 16:38:10,100.0,1.859265e-18,2.1166560688050002e-22,7891787,2019-08-12 16:38:10,eth,0.0,0.0,0.00000001,"btc,eth",0.0,0.0,1.8592649999999999e-16,234
1,[],26,[],2019-08-17 16:58:22,0.0,0,0,7907050,2019-08-17 16:58:22,,0.0,0.0,0,,0.0,0.0,0.0,234
1,[],5,[],2019-07-06 02:11:21,0.0,0,0,7800842,2019-07-06 02:11:21,btc,0.0,0.10652887,0,btc,0.0,0.0,0.0,237
1,[],20,[],2019-08-17 16:58:25,93522218.6696,0.000000038,0.0000000000039408660000000005,7907051,2019-08-17 16:58:25,btc,514.8766584566323,14105956.9809,0.000000038,btc,30154111.8207,0.5640621300819,0.4612999827863,237
1,[],22,[],2019-08-17 16:58:31,1839335.0,0.00000001,0.0000000000010370700000000001,7907052,2019-08-17 16:58:31,BTC,1.2037398,0.0,0.00000001,"BTC,LTC",41039.44871794872,0.0,0.01839335,237
1,[],5,[],2019-07-06 02:11:32,0.0,0,0,7800846,2019-07-06 02:11:32,btc,0.0,0.05525444,0,btc,0.0,0.0,0.0,238
1,[],4,[],2019-08-17 16:58:31,29226993.6158884,0.00000006,0.000000000006222420000000001,7907053,2019-08-17 16:58:31,btc,2.2059359190517664,0.0,0.00000006,btc,16082293.06456472,0.01327473,0.6087651758063453,238
0.0000000000711565,[],22,[],2019-08-17 13:20:25,419253.0,7.115650000000001e-19,7.3700771814e-23,7906682,2019-08-17 13:20:25,LTC,0.40427224,0.0,0.00000001,LTC,496363.0639027493,0.0,0.00419253,249
0,[],22,[],2019-08-17 16:58:34,0.0,0,0,7907054,2019-08-17 16:58:34,,13.4488406,0.0,0,,43819581.3426455,0.0,0.0,252
0,[],28,[],2019-08-17 17:00:36,0.0,0,0,7907055,2019-08-17 17:00:36,,0.0,0.0,0,,0.0,0.0,0.0,256
0.0000000000916764,[],22,[],2019-07-23 20:12:22,1517.0,9.16764e-19,9.31930943616e-23,7830286,2019-07-23 20:12:22,LTC,31474.63788373,0.0,0.00000001,LTC,1024398.9185893413,0.0,1.517e-05,258
1,[],5,[],2019-07-02 14:44:15,0.0,0,0,7788374,2019-07-02 14:44:15,btc,0.0,0.02775788,0,btc,0.0,0.0,0.0,264
1,[],20,[],2019-08-17 17:00:38,974661.0138,0.000000143,0.000000000014830101000000002,7907056,2019-08-17 17:00:38,btc,0.5333209195914,4340.7245,0.000000143,btc,100236.0538,0.001033092431,0.0058670498761,264
0,[],22,[],2019-08-17 17:00:41,0.0,0,0,7907057,2019-08-17 17:00:41,,33050469.74148113,0.0,0,,14261527780.7,0.0,0.0,272
0,[],28,[],2019-08-17 17:00:43,0.0,0,0,7907058,2019-08-17 17:00:43,,0.0,0.0,0,,0.0,0.0,0.0,272
0.0000000000713894,[],22,[],2019-08-17 17:00:47,669.9,7.13894e-17,7.4035805058e-21,7907059,2019-08-17 17:00:47,LTC,73.46377589,0.0,0.00000100,LTC,1345543.5287135022,0.0,0.0005199,286
