pairValue,buyBook,exchangeId,sellBook,updated,buyTotal,satoshiPrice,usdPrice,exchangeLogId,created,bestPair,sellTotalBtc,volume,pairPrice,activePairs,sellTotal,volumeBtc,buyTotalBtc,coinId
1,[],3,[],2019-02-02 05:52:20,116.735331361651,0.01269679999999999940596406844406374148093163967132568359375,0.00000043806372392,6562594,2019-02-02 05:52:20,btc,107.00469129202831,0.1437668,0.01269679999999999940596406844406374148093163967132568359375,btc,13.864359727064,0.0,0.28480879833219397,1
1,[],4,[],2019-02-02 05:52:21,25073.54316352,0.01251556,0.000000431810599564,6562595,2019-02-02 05:52:21,btc,0.9064091496267757,0.0,0.01251556,btc,67.89332793,0.24325313,1.1824590923999014,1
1,[],5,[],2019-02-02 05:52:24,0.22333313,0.01259999,0.00000043472359498100003,6562596,2019-02-02 05:52:24,btc,14578.42653761,0.01763349,0.01259999,btc,35555556.26496422,0.0,1.42123011,1
1,[],10,[],2019-02-02 05:52:26,272816.81610705,0.012352,0.0000004261674688,6562597,2019-02-02 05:52:26,btc,6536.181185479212,959.6045051,0.012352,btc,906.65499253,0.0,5.457584973915607,1
1,[],12,[],2019-02-02 05:52:29,10421.01142363,0.01246000000000000058897331456364554469473659992218017578125,0.00000042989367400000003,6562598,2019-02-02 05:52:29,btc,0.462708944399,0.0,0.01246000000000000058897331456364554469473659992218017578125,btc,30.89209621,0.4268466130309,0.1633354601074,1
1,[],20,[],2019-02-02 05:52:31,1352.6885,0.010510001,0.00000036261500350190003,6562599,2019-02-02 05:52:31,btc,0.0572229104203,0.0,0.010510001,btc,2.5381,0.0,0.1074288685251,1
1,[],21,[],2019-02-02 05:52:32,2544.89585444,0.01248352999999999962676966447,0.000000430705503707,6562600,2019-02-02 05:52:32,btc,15.260938624790553,2316.31106983,0.012483529999999999626769664473613374866545200347900390625,"btc,eth",1716.03185501,28.659093834675993,24.25568299739967,1
1,[],22,[],2019-02-02 05:52:36,0.0263776,0.01350000,0.00000046577565000000003,6562601,2019-02-02 05:52:36,BTC,0.31397231,0.0,0.01350000,BTC,0.10124366666666666,0.0,0.00034472,1
1,[],24,[],2019-02-02 05:52:37,0.0,0.000000000000,0,6562602,2019-02-02 05:52:37,btc,0.0,0.0,0.000000000000,btc,0.0,0.0,0.0,1
0.0,[],25,[],2019-02-02 05:52:38,0.0,0,0,6562603,2019-02-02 05:52:38,btc,16.005099998016377,897.89522522,0.0,btc,1222.53117824,11.3742,0.0,1
1,[],26,[],2019-02-02 05:53:59,0.0,0,0,6562604,2019-02-02 05:53:59,,0.0,0.0,0,,0.0,0.0,0.0,1
1,[],28,[],2019-02-02 05:54:01,987.9,0.01131000,0.00000039021648900000003,6562605,2019-02-02 05:54:01,btc,0.162839806,17234.5,0.01131000,btc,8.9,0.0,0.024551096,1
0,[],2,[],2019-01-20 23:28:45,0.0,0,0,6477011,2019-01-20 23:28:45,,0.0,0.0,0,,0.0,0.0,0.0,1
1,[],5,[],2019-02-02 05:54:03,1.923e-05,0.00000068,0.000000000023461292000000002,6562606,2019-02-02 05:54:03,btc,0.1458597,0.02940262,0.00000068,btc,7.012e-05,0.0,0.49473655,2
1,[],22,[],2019-02-02 05:54:07,1704.625335862178,0.0000004,0.000000000013800760000000001,6562607,2019-02-02 05:54:07,BTC,0.0231601,0.0,0.0000004,"BTC,XMR",14562.72385,0.0,0.00109732,2
1,[],5,[],2019-02-02 05:54:08,1.25e-06,0.00000016,0.000000000005520304,6562608,2019-02-02 05:54:08,btc,3.86676765,0.69149173,0.00000016,btc,2.204e-05,0.0,2.95177792,3
1,[],12,[],2019-02-02 05:54:10,12215435.24182522,0.000000166,0.0000000000057273154000000004,6562609,2019-02-02 05:54:10,btc,921349.3539079851,0.0,0.000000166,btc,7952848.8872374,0.04720098585822296,0.5042764219210222,3
0,[],28,[],2019-02-02 05:54:11,0.0,0,0,6562610,2019-02-02 05:54:11,,0.0,0.0,0,,0.0,0.0,0.0,3
0,[],2,[],2019-01-20 23:31:32,0.0,0,0,6477077,2019-01-20 23:31:32,,0.0,0.0,0,,0.0,0.0,0.0,4
1,[],4,[],2019-02-02 05:54:11,351756.79216386,0.00000030,0.00000000001035057,6562611,2019-02-02 05:54:11,btc,0.4056519909532708,0.0,0.00000030,btc,348547.92303634,0.01603084,0.0378168705329482,4
1,[],12,[],2019-02-02 05:54:12,1695398.07755556,0.0000001,0.00000000000345019,6562612,2019-02-02 05:54:12,btc,11014980.059658082,0.0,0.0000001,btc,838746.96308049,0.0231006936310183,0.0385803204400004,5
0,[],2,[],2019-01-20 23:31:51,0.0,0,0,6477087,2019-01-20 23:31:51,,0.0,0.0,0,,0.0,0.0,0.0,6
1,[],11,[],2019-02-02 05:54:14,7539121.5,0.00000002,0.000000000000690038,6562613,2019-02-02 05:54:14,btc,9433.349919680317,392365.0,0.00000002,btc,41580125.45717939,0.0,0.115391215,6
1,[],3,[],2019-02-02 05:54:15,1069.652384675756,0.000150559999999999995050348200464895853656344115734100341796875,0.000000005194606064,6562614,2019-02-02 05:54:15,btc,28.510202753279106,0.0,0.000150559999999999995050348200464895853656344115734100341796875,btc,234.145665820227,0.0,0.030997767816609203,7
1,[],4,[],2019-02-02 05:54:15,26120.70354477,0.00018000,0.0000000062103420000000005,6562615,2019-02-02 05:54:15,btc,2.65274759983222,0.0,0.00018000,btc,13279.48374104,2.98113042,4.151144138162347,7
1,[],5,[],2019-02-02 05:54:16,0.0049816,0.00017037,0.000000005878088703,6562616,2019-02-02 05:54:16,btc,1.18881635,0.05324928,0.00017037,btc,0.01136845,0.0,1.63058136,7
1,[],20,[],2019-02-02 05:54:18,62771509.8802,0.000000001,0.000000000000034501900000000003,6562617,2019-02-02 05:54:18,btc,136.3892062542774,0.0,0.000000001,btc,29825029.7669,0.0,0.0627715098802,8
1,[],1,[],2019-02-02 05:54:19,2830669.37,0.000001959999999999999868954651816022050070387194864451885223388671875,0.000000000067623724,6562618,2019-02-02 05:54:19,btc,8.9822157446,21065085.8,0.000001959999999999999868954651816022050070387194864451885223388671875,btc,4482330.11,40.1413904,5.4922247244,9
1,[],4,[],2019-02-02 05:54:19,702294.49239076,0.00000197,0.000000000067968743,6562619,2019-02-02 05:54:19,btc,0.827639556437426,0.0,0.00000197,btc,413052.41349132,1.69687324,1.2859430137052914,9
1,[],28,[],2019-02-02 05:54:21,34500.0,0.00000165,0.000000000056928135,6562620,2019-02-02 05:54:21,btc,2708.75028702,3549862.0,0.00000165,btc,7642.68,0.0,0.02854,9
0,[],2,[],2019-01-20 23:22:42,0.0,0,0,6476876,2019-01-20 23:22:42,,0.0,0.0,0,,0.0,0.0,0.0,9
0,[],23,[],2019-01-20 23:22:48,0.0,0,0,6476878,2019-01-20 23:22:48,,0.0,0.0,0,,0.0,0.0,0.0,9
1,[],4,[],2019-02-02 05:54:21,7515436.37826053,0.00000002,0.000000000000690038,6562621,2019-02-02 05:54:21,btc,0.2016722631640986,0.0,0.00000002,btc,4035993.99941361,0.0,0.0821381318652106,10
1,[],4,[],2019-02-02 05:54:22,4241167.99459752,0.00000135,0.000000000046577565,6562622,2019-02-02 05:54:22,btc,1.080294998332174,0.0,0.00000135,btc,756706.3455706,1.00030328,2.477416356431939,12
1,[],5,[],2019-02-02 05:54:23,1.566e-05,0.00000133,0.000000000045887527,6562623,2019-02-02 05:54:23,btc,0.6864617,0.55586452,0.00000133,btc,0.00011276,0.0,0.22486879,12
0.0,[],25,[],2019-02-02 05:54:24,0.0,0,0,6562624,2019-02-02 05:54:24,,0.0,0.0,0.0,btc,0.0,0.0,0.0,12
0,[],2,[],2019-01-20 23:23:08,0.0,0,0,6476890,2019-01-20 23:23:08,,0.0,0.0,0,,0.0,0.0,0.0,12
1,[],4,[],2019-02-02 05:54:25,287177.7623523,0.00000614,0.000000000211841666,6562625,2019-02-02 05:54:25,btc,0.5665382055164692,0.0,0.00000614,btc,82733.31590711,0.80216126,1.196165432262329,13
1,[],21,[],2019-02-02 05:54:27,1072103.21457916,0.000006209999999999999835452804686,0.000000000214256799,6562626,2019-02-02 05:54:27,btc,5.699670367353059,475942.59617821,0.00000620999999999999983545280468621996305955690331757068634033203125,btc,815220.24058459,3.03269711,5.336997377032102,13
1,[],10,[],2019-02-02 04:02:12,553121.76130745,0.00000624,0.00000000021631584,6562162,2019-02-02 04:02:12,btc,666809.5964252984,4184.85353705,0.00000624,btc,732037.03822161,0.0,0.7450748564831771,13
1,[],4,[],2019-02-02 05:54:28,1143572.99318786,0.00000188,0.000000000064863572,6562627,2019-02-02 05:54:28,btc,0.1249709620515663,0.0,0.00000188,btc,54922.7583399,0.16786415,0.4342522273856675,14
1,[],12,[],2019-02-02 05:54:29,87596.43536076,0.000001309999999999999951307938332589753116508290986530482769012451171875,0.000000000045197489,6562628,2019-02-02 05:54:29,btc,1.7848201777191792,0.0,0.000001309999999999999951307938332589753116508290986530482769012451171875,btc,37415.01291797,0.0002103879235849,0.0115113599999958,14
0,[],17,[],2019-02-02 05:54:31,0.0,0,0,6562629,2019-02-02 05:54:31,btc,0.0,0.0,0,btc,0.0,0.0,0.0,14
1,[],26,[],2019-02-02 05:54:31,0.0,0,0,6562630,2019-02-02 05:54:31,,0.0,0.0,0,,0.0,0.0,0.0,14
0,[],4,[],2019-02-02 05:54:32,0.0,0,0,6562631,2019-02-02 05:54:32,,0.0,0.0,0,,0.0,0.0,0.0,15
,[],12,[],2018-12-01 15:15:48,204241.84496,0.00000489,0.000000000202473384,5260204,2018-12-01 15:15:48,btc,49.5475654835,0.0,,btc,35763.2193806,0.0163153972027625,0.0203389899998,15
1,[],4,[],2019-02-02 05:54:33,25502.29132694,0.00001788,0.000000000616893972,6562632,2019-02-02 05:54:33,btc,1.2412346245250545,0.0,0.00001788,btc,8190.6012157,0.01742961,0.0892211389803214,18
1,[],10,[],2019-02-02 05:54:35,392059.67455765,0.00001716,0.0000000005920526039999999,6562633,2019-02-02 05:54:35,btc,15.542350665805305,10273.4443753,0.00001716,btc,10252.28817952,0.0,0.2137327190295567,18
1,[],12,[],2019-02-02 05:54:37,201067.00026675,0.0000176000000000000008976326626441988310034503228962421417236328125,0.00000000060723344,6562634,2019-02-02 05:54:37,btc,0.1835915026040905,0.0,0.0000176000000000000008976326626441988310034503228962421417236328125,btc,1599.72865824,0.0004990001179143,0.0215321560010414,18
0,[],17,[],2019-02-02 05:54:38,0.0,0,0,6562635,2019-02-02 05:54:38,btc,0.0,0.0,0,btc,0.0,0.0,0.0,18
0,[],2,[],2019-01-20 23:23:38,0.0,0,0,6476906,2019-01-20 23:23:38,,0.0,0.0,0,,0.0,0.0,0.0,18
1,[],3,[],2019-02-02 05:54:39,108630.2152140883,0.00002600999999999999999825660290664330887011601589620113372802734375,0.000000000897394419,6562636,2019-02-02 05:54:39,btc,0.4696249848318971,58.0259966007,0.00002600999999999999999825660290664330887011601589620113372802734375,btc,5275.009832565921,0.0,0.09625628493181745,19
1,[],4,[],2019-02-02 05:54:39,57793.06118979,0.00003157,0.000000001089224983,6562637,2019-02-02 05:54:39,btc,0.3784133111928615,0.0,0.00003157,btc,10702.45982636,0.45668361,0.9691225733250831,19
1,[],5,[],2019-02-02 05:54:40,0.00040701,0.00003155,0.000000001088534945,6562638,2019-02-02 05:54:40,btc,0.28928726,0.00126853,0.00003155,btc,0.00316502,0.0,0.23845369,19
1,[],12,[],2019-02-02 05:54:42,133662.44252027,0.000027140000000000001037676888859806467735324986279010772705078125,0.000000000936381566,6562639,2019-02-02 05:54:42,btc,1.99147520697957,0.0,0.000027140000000000001037676888859806467735324986279010772705078125,btc,450.27457877,0.0007307392608051,0.0336728900001278,19
0,[],27,[],2019-02-02 05:54:43,0.0,0,0,6562640,2019-02-02 05:54:43,,0.0,0.0,0,btc,0.0,0.0,0.0,19
0,[],2,[],2019-01-20 23:24:19,0.0,0,0,6476924,2019-01-20 23:24:19,,0.0,0.0,0,,0.0,0.0,0.0,19
1,[],4,[],2019-02-02 05:54:44,9014587.35985938,0.00000014,0.000000000004830266,6562641,2019-02-02 05:54:44,btc,0.8119940963808697,0.0,0.00000014,btc,1597393.93239221,0.0,0.3455227171115698,20
1,[],4,[],2019-02-02 05:54:45,118638626.87822224,0.00000002,0.000000000000690038,6562642,2019-02-02 05:54:45,btc,0.6249717074486204,0.0,0.00000002,btc,16119509.54060579,0.01530547,1.382552121774285,21
1,[],12,[],2019-02-02 05:54:46,19043087.0,0.00000002,0.000000000000690038,6562643,2019-02-02 05:54:46,btc,668.5423801035276,0.0,0.00000002,btc,8459755.66333932,0.0115464895104895,0.25379826,21
0,[],17,[],2019-02-02 05:54:47,0.0,0,0,6562644,2019-02-02 05:54:47,btc,0.0,0.0,0,btc,0.0,0.0,0.0,21
1,[],12,[],2019-02-02 05:54:48,2438163297.531895,0.0000000001,0.00000000000000345019,6562645,2019-02-02 05:54:48,btc,1729404715476.2834,0.0,0.0000000001,btc,5053044132.235995,0.011237304301598519,0.24381632975318954,23
0,[],27,[],2019-02-02 05:54:50,0.0,0,0,6562646,2019-02-02 05:54:50,,0.424699,0.0,0,eth,424699.0,0.0,0.0,23
1,[],4,[],2019-02-02 05:54:51,873922.73130916,0.00000079,0.000000000027256501,6562647,2019-02-02 05:54:51,btc,0.0799773529149519,0.0,0.00000079,btc,70255.55747097,0.00628893,0.3642705395779411,24
1,[],22,[],2019-02-02 05:54:55,11.76,0.00000100,0.0000000000345019,6562648,2019-02-02 05:54:55,BTC,7.415e-05,0.0,0.00000100,BTC,23.919354838709676,0.0,1.176e-05,24
0.0,[],25,[],2019-02-02 05:54:56,0.0,0,0,6562649,2019-02-02 05:54:56,,0.0,0.0,0.0,btc,0.0,0.0,0.0,24
1,[],4,[],2019-02-02 05:54:57,27065971.33222214,0.00000660,0.00000000022771254,6562650,2019-02-02 05:54:57,btc,0.275362015263174,0.0,0.00000660,btc,26639.65635325,0.04434485,0.4216686466299897,26
1,[],10,[],2019-02-02 05:54:59,725950.01259249,0.00000667,0.000000000230127673,6562651,2019-02-02 05:54:59,btc,27.983505929122465,388.8207502,0.00000667,btc,13249.47153674,0.0,0.207502575398172,26
0,[],2,[],2019-01-20 23:25:56,0.0,0,0,6476976,2019-01-20 23:25:56,,0.0,0.0,0,,0.0,0.0,0.0,26
1,[],3,[],2019-02-02 05:54:59,10052992.172243249,0.00000002,0.000000000000690038,6562652,2019-02-02 05:54:59,btc,2.280990233521768,721485.366608,0.00000002,btc,15509829.2655567,0.0,0.1202077230563507,27
1,[],5,[],2019-02-02 05:55:01,3e-08,0.00000002,0.000000000000690038,6562653,2019-02-02 05:55:01,btc,1.5203327,0.00493167,0.00000002,btc,4.69e-05,0.0,0.13369465,27
1,[],11,[],2019-02-02 05:55:02,10615374.41182718,0.00000005,0.000000000001725095,6562654,2019-02-02 05:55:02,btc,370.5931920764931,1000.0,0.00000005,btc,8220964.80991447,0.0,0.4936394994767663,27
1,[],4,[],2019-02-02 05:55:03,231676552.3749261,0.00000003,0.0000000000010350570000000001,6562655,2019-02-02 05:55:03,btc,4.0155500756907045,0.0,0.00000003,"btc,ltc",142252971.24729308,0.08292669,2.732951032650204,29
1,[],7,[],2019-02-02 05:55:04,40880263.61381179,0.00000003,0.000000000001035057,6562656,2019-02-02 05:55:04,btc,44465206.20446699,1129151.47099,0.00000003,btc,40562646.15893999,0.03451286,0.7583567604076074,29
1,[],4,[],2019-02-02 05:55:05,1390970.77101527,0.00000028,0.000000000009660532,6562657,2019-02-02 05:55:05,btc,0.2654450435901006,0.0,0.00000028,btc,564311.6256136,0.03224464,0.0830083455814898,30
0,[],17,[],2019-02-02 05:55:06,0.0,0,0,6562658,2019-02-02 05:55:06,btc,0.0,0.0,0,btc,0.0,0.0,0.0,30
1,[],4,[],2019-02-02 05:55:07,1129687.25227392,0.00007251,0.000000002501732769,6562659,2019-02-02 05:55:07,btc,1.5286859846978065,0.0,0.00007251,btc,18286.47662699,1.35552773,2.022793603029674,31
1,[],21,[],2019-02-02 05:55:08,48029.60470693,0.00007355999999999999366430414316,0.0000000025379597639999997,6562660,2019-02-02 05:55:08,btc,3.1202293640586314,74448.02996779,0.00007355999999999999366430414315942698522121645510196685791015625,btc,38385.97433424,5.62251049,3.277851964860558,31
0,[],2,[],2019-01-20 23:28:43,0.0,0,0,6477009,2019-01-20 23:28:43,,0.0,0.0,0,,0.0,0.0,0.0,32
1,[],4,[],2019-02-02 05:55:09,145047531.67476556,0.00000006,0.0000000000020701140000000002,6562661,2019-02-02 05:55:09,btc,3.0567488505072125,0.0,0.00000006,"btc,ltc",48699417.00280895,0.50242613,2.0754965613800773,33
1,[],12,[],2019-02-02 05:55:11,19712691.0,0.00000006,0.000000000002070114,6562662,2019-02-02 05:55:11,btc,17261782.045209523,0.0,0.00000006,btc,87053190.54945038,0.0299845346853152,0.7551609499999999,33
1,[],4,[],2019-02-02 05:55:11,109236091.60015793,0.00000001,0.000000000000345019,6562663,2019-02-02 05:55:11,btc,0.7635704372908659,0.0,0.00000001,btc,25452347.90969553,0.03341816,1.0923609160015793,34
1,[],5,[],2019-02-02 05:55:13,3e-08,0.00000002,0.000000000000690038,6562664,2019-02-02 05:55:13,btc,4.01460192,0.04735646,0.00000002,btc,1.394e-05,0.0,0.76793698,34
0.0000000000948364,[],4,[],2019-02-02 05:55:15,1433688441.1102064,3.793456e-18,1.308814395664e-22,6562665,2019-02-02 05:55:15,ltc,8.142326393988775e-09,0.0,0.00000004,ltc,1656752394.22454,0.0,2.6577421184192764e-09,36
1,[],5,[],2019-02-02 05:55:16,0.0,0,0,6562666,2019-02-02 05:55:16,btc,203.09561006,0.0,0,btc,1.295e-05,0.0,0.0,36
0,[],17,[],2019-02-02 05:55:18,0.0,0,0,6562667,2019-02-02 05:55:18,btc,0.08200904471712483,0.0,0,btc,4841707.91583647,0.0,0.0,36
0.0000000000948364,[],27,[],2019-02-02 05:55:21,2000000.0,1.896728e-18,6.54407197832e-23,6562668,2019-02-02 05:55:21,ltc,447.7310973004,0.0,0.00000002,"ltc,eth",3711879.16,0.0,2.845092e-12,36
1,[],4,[],2019-02-02 05:55:21,497592.61963419,0.00000156,0.000000000053822964,6562669,2019-02-02 05:55:21,btc,0.3595809210880282,0.0,0.00000156,btc,187857.61567302,0.05432891,0.487410986045128,37
1,[],12,[],2019-02-02 05:55:23,450132.96337837,0.000001529999999999999962528346615642238504051420022733509540557861328125,0.000000000052787907,6562670,2019-02-02 05:55:23,btc,1330.9722707675935,0.0,0.000001529999999999999962528346615642238504051420022733509540557861328125,btc,714373.00630426,0.2304611546352608,0.3448669804933422,37
1,[],17,[],2019-02-02 05:55:25,1752.74075282,0.00000025,0.000000000008625475,6562671,2019-02-02 05:55:25,btc,0.055487313964725206,0.0,0.00000025,btc,1388.79251806,0.0,0.00043818518820499993,37
1,[],27,[],2019-02-02 05:55:27,16843.0,0.00000046,0.000000000015870874,6562672,2019-02-02 05:55:27,btc,24.45584702489649,0.0,0.00000046,btc,5279.81438508,0.0,0.00561124,37
1,[],5,[],2019-02-02 05:55:29,1.191e-05,0.00000087,0.000000000030016653000000003,6562673,2019-02-02 05:55:29,btc,0.1079438,0.02494315,0.00000087,btc,0.00010896,0.0,0.04832199,42
1,[],12,[],2019-02-02 05:55:30,152045.35507246,0.00000101000000000000007076262319161141789436442195437848567962646484375,0.000000000034846919000000006,6562674,2019-02-02 05:55:30,btc,85.09773112424041,0.0,0.00000101000000000000007076262319161141789436442195437848567962646484375,btc,56818.33111633,0.0267503252344692,0.0518317799999964,42
0,[],27,[],2019-02-02 05:55:32,0.0,0,0,6562675,2019-02-02 05:55:32,,0.00315028,0.0,0,"btc,eth",11.007,0.0,0.0,42
1,[],5,[],2019-02-02 05:55:34,6e-08,0.00000003,0.0000000000010350570000000001,6562676,2019-02-02 05:55:34,btc,6.10271066,0.0,0.00000003,btc,1.425e-05,0.0,0.53368313,43
1,[],12,[],2019-02-02 05:55:35,6545494.0,0.00000002,0.000000000000690038,6562677,2019-02-02 05:55:35,btc,20007456.464662522,0.0,0.00000002,btc,38831663.74765234,0.0,0.06549031,43
0,[],17,[],2019-02-02 05:55:36,0.0,0,0,6562678,2019-02-02 05:55:36,btc,0.0,0.0,0,btc,0.0,0.0,0.0,43
1,[],12,[],2019-02-02 05:55:38,899351.0,0.00000009,0.000000000003105171,6562679,2019-02-02 05:55:38,btc,11115205.986771397,0.0,0.00000009,btc,986688.39660339,0.0034073187912088,0.02795888,44
1,[],4,[],2019-02-02 05:55:39,236309621.59364605,0.00000003,0.0000000000010350570000000001,6562680,2019-02-02 05:55:39,btc,0.18153162481971657,0.0,0.00000003,"btc,ltc",3741493.20244636,0.0024,0.5480446154808414,49
0.0000000000948364,[],4,[],2019-02-02 05:55:39,4380348607.605704,9.48364e-19,3.27203598916e-23,6562681,2019-02-02 05:55:39,ltc,4.994394635443953,0.0,0.00000001,ltc,2598987018.7236075,0.0,4.154164926903377e-09,52
0,[],22,[],2019-02-02 05:55:42,0.0,0,0,6562682,2019-02-02 05:55:42,,3693.709799,0.0,0,,259802666.90882352,0.0,0.0,57
0,[],27,[],2019-02-02 05:55:44,0.0,0,0,6562683,2019-02-02 05:55:44,,0.0,0.0,0,"btc,eth",0.0,0.0,0.0,57
0.0000000000948364,[],4,[],2019-02-02 05:55:46,1295484612.6383877,5.690184e-18,1.963221593496e-22,6562684,2019-02-02 05:55:46,ltc,3.310165343314757,0.0,0.00000006,ltc,1338597154.777702,0.0,5.432191104734381e-09,58
1,[],12,[],2019-02-02 05:55:47,2233953894.282997,0.0000000006,0.00000000000002070114,6562685,2019-02-02 05:55:47,btc,625179814243.4662,0.0,0.0000000006,btc,3234901069.8632364,0.04374061603776225,0.8512036764645632,58
0,[],17,[],2019-02-02 05:55:48,0.0,0,0,6562686,2019-02-02 05:55:48,btc,1e+24,0.0,0,btc,41616695.95832568,0.0,0.0,58
0.0000000001236481,[],22,[],2019-02-02 05:55:52,137438.0,1.2364810000000002e-18,4.2660943813900007e-23,6562687,2019-02-02 05:55:52,XMR,69.8835922,0.0,0.00000001,XMR,9887963.0,0.0,0.00137438,58
1,[],5,[],2019-02-02 05:55:53,6.94e-06,0.00000060,0.00000000002070114,6562688,2019-02-02 05:55:53,btc,0.46037201,0.00664009,0.00000060,btc,0.00013009,0.0,0.09163001,61
1,[],22,[],2019-02-02 05:55:57,5111.5,0.00000011,0.000000000003795209,6562689,2019-02-02 05:55:57,BTC,1002.29606732,0.0,0.00000011,BTC,15028.700278135757,0.0,0.00051178,61
1,[],26,[],2019-02-02 05:55:57,0.0,0,0,6562690,2019-02-02 05:55:57,,0.0,0.0,0,,0.0,0.0,0.0,61
0,[],27,[],2019-02-02 05:55:59,0.0,0,0,6562691,2019-02-02 05:55:59,,0.1550356,0.0,0,"btc,eth",155.72848,0.0,0.0,61
1,[],28,[],2019-02-02 05:56:02,6898.304,0.00000130,0.00000000004485247,6562692,2019-02-02 05:56:02,btc,2.064424118300105,859.0,0.00000130,btc,11198.17500005,0.0,0.00218011304,61
1,[],4,[],2019-02-02 05:56:02,1265096.61254815,0.00000167,0.000000000057618173,6562693,2019-02-02 05:56:02,btc,0.7112965580766748,0.0,0.00000167,btc,259558.0414284,0.08955329,0.8924498496758456,67
0.0,[],25,[],2019-02-02 05:56:04,0.0,0,0,6562694,2019-02-02 05:56:04,,0.0,0.0,0.0,btc,0.0,0.0,0.0,67
1,[],12,[],2019-02-02 05:56:05,3100797.68300001,0.0000001,0.00000000000345019,6562695,2019-02-02 05:56:05,btc,16893709.226820435,0.0,0.0000001,btc,2204380.5300699,0.0004427276723278,0.0849912128411122,71
,[],5,[],2018-11-20 23:02:39,1.5e-07,0.00000005,0.000000000002128045,4862160,2018-11-20 23:02:39,btc,2.84511358,0.0,,btc,0.00036572,0.0,0.07381892,74
1,[],5,[],2019-01-25 15:53:51,3.303e-05,0.00000156,0.000000000055588884,6499610,2019-01-25 15:53:51,btc,1.42844212,0.0,0.00000156,btc,0.00015937,0.0,0.49487621,75
1,[],4,[],2019-02-02 05:56:07,70997797.82492337,0.00000001,0.000000000000345019,6562696,2019-02-02 05:56:07,btc,0.8204662712247847,0.0,0.00000001,btc,15308970.37745218,0.0,0.7099779782492337,81
0,[],20,[],2019-01-25 09:30:31,0.0,0,0,6495923,2019-01-25 09:30:31,btc,0.0,0.0,0,btc,0.0,0.0,0.0,81
1,[],4,[],2019-02-02 05:56:08,23710.75434567,0.00007401,0.0000000025534856190000002,6562697,2019-02-02 05:56:08,btc,0.9235493742096536,0.0,0.00007401,btc,8462.67435151,0.01060641,0.08401740372205,82
1,[],21,[],2019-02-02 05:56:09,88853.11787542999,0.00007530999999999999554387702938,0.0000000025983380889999998,6562698,2019-02-02 05:56:09,btc,3.6714044947581312,828.80253359,0.000075309999999999995543877029380297472016536630690097808837890625,btc,41788.93161772,0.06315425,4.636381792437653,82
0,[],17,[],2019-02-02 05:56:10,0.0,0,0,6562699,2019-02-02 05:56:10,btc,0.0447233088476774,0.0,0,btc,999127.19588126,0.0,0.0,84
0.0000000000948364,[],4,[],2019-02-02 05:56:11,459665697.28731745,1.2328732e-17,4.253646785908e-22,6562700,2019-02-02 05:56:11,ltc,0.19754182504421053,0.0,0.00000013,ltc,80112339.19692351,0.0,1.589503609165547e-09,85
,[],22,[],2018-11-20 23:09:34,3408.1,0.0000001,0.0000000000041895,4862324,2018-11-20 23:09:34,BTC,0.04624735,0.0,,BTC,4990.0,0.0,0.00033081,86
0,[],22,[],2019-02-02 05:56:14,0.0,0,0,6562701,2019-02-02 05:56:14,,2.07810912,0.0,0,,154826.94736842104,0.0,0.0,87
0,[],27,[],2019-02-02 05:56:16,0.0,0,0,6562702,2019-02-02 05:56:16,,0.0,0.0,0,btc,0.0,0.0,0.0,87
,[],2,[],2018-11-20 23:10:47,0.0,0,0,4862359,2018-11-20 23:10:47,,0.0,0.0,,,0.0,0.0,0.0,88
1,[],11,[],2019-02-02 05:56:18,104034.16021488,0.00018557999999999999518086879479739081943989731371402740478515625,0.000000006402862602,6562703,2019-02-02 05:56:18,btc,235.45304155369422,1032.43694675,0.00018557999999999999518086879479739081943989731371402740478515625,btc,184589.53173433,0.0,7.907353521903465,89
0,[],2,[],2019-01-20 23:31:45,0.0,0,0,6477083,2019-01-20 23:31:45,,0.0,0.0,0,,0.0,0.0,0.0,91
1,[],12,[],2019-02-02 05:56:20,518744.80839713,0.00000278999999999999996903843856033144987804917036555707454681396484375,0.000000000096260301,6562704,2019-02-02 05:56:20,btc,3.7160769307710586,0.0,0.00000278999999999999996903843856033144987804917036555707454681396484375,btc,29269.39415164,0.0121065607697046,0.1493096446000135,91
0,[],17,[],2019-02-02 05:56:21,0.0,0,0,6562705,2019-02-02 05:56:21,btc,0.0,0.0,0,btc,0.0,0.0,0.0,91
0.0000000000948364,[],22,[],2019-02-02 05:56:25,27704795.57142857,6.638548e-18,2.290425192412e-22,6562706,2019-02-02 05:56:25,LTC,8.49222787,0.0,0.00000007,LTC,73854658.1,3.6037831999999997e-13,1.42417449,95
0.0000000000948364,[],4,[],2019-02-02 05:56:26,132625713.66370036,9.8629856e-17,3.4029174287264e-21,6562707,2019-02-02 05:56:26,ltc,1.347691423758315,0.0,0.00000104,ltc,67831914.24071868,0.00097025,6.91200440254934e-10,96
1,[],12,[],2019-02-02 05:56:27,331524.0,0.00000001,0.000000000000345019,6562708,2019-02-02 05:56:27,btc,255063.40018142562,0.0,0.00000001,btc,7855469.33297676,0.00875711,0.00331524,96
0,[],17,[],2019-02-02 05:56:28,0.0,0,0,6562709,2019-02-02 05:56:28,btc,0.0,0.0,0,btc,0.0,0.0,0.0,96
1,[],4,[],2019-01-28 01:29:03,1472892.19429314,0.00000039,0.000000000013841295,6517118,2019-01-28 01:29:03,btc,0.30363706505258,0.0,0.00000039,btc,473598.41813208,0.02260545,0.1322524391209234,99
0,[],2,[],2019-01-20 23:23:55,0.0,0,0,6476914,2019-01-20 23:23:55,,0.0,0.0,0,,0.0,0.0,0.0,100
1,[],4,[],2019-02-02 05:56:29,63919.61636536,0.00004355,0.000000001502557745,6562710,2019-02-02 05:56:29,btc,3.506607226464088,0.0,0.00004355,btc,62751.35736529,3.95382967,2.6526621952035727,100
1,[],22,[],2019-02-02 05:56:32,50000.0,0.00000001,0.000000000000345019,6562711,2019-02-02 05:56:32,BTC,23.50383609,0.0,0.00000001,BTC,11277.22,0.0,0.0005,101
1,[],4,[],2019-02-02 05:56:33,129585.36742137,0.00000099,0.000000000034156881000000004,6562712,2019-02-02 05:56:33,btc,0.4081950012171689,0.0,0.00000099,btc,148590.36727443,0.00509257,0.074932278281151,103
1,[],12,[],2019-02-02 05:56:36,78409398.968,0.000000016,0.0000000000005520304000000001,6562713,2019-02-02 05:56:36,btc,138278964.5769591,0.0,0.000000016,btc,152174353.98450696,0.15495915842798497,0.489525147512,105
1,[],27,[],2019-02-02 05:56:38,26282.89,0.00000001,0.000000000000345019,6562714,2019-02-02 05:56:38,btc,0.6931767791760939,23.0,0.00000001,btc,717067.82781977,4.6e-07,0.0002628289,105
0,[],22,[],2019-02-02 05:56:40,0.0,0,0,6562715,2019-02-02 05:56:40,,1.07253299,0.0,0,,94300.0,0.0,0.0,107
1,[],26,[],2019-02-02 05:56:40,0.0,0,0,6562716,2019-02-02 05:56:40,,0.0,0.0,0,,0.0,0.0,0.0,107
1,[],5,[],2019-02-02 05:56:43,1e-08,0.00000001,0.000000000000345019,6562717,2019-02-02 05:56:43,btc,3.17190454,0.0193656,0.00000001,btc,1.512e-05,0.0,0.06638929,112
1,[],22,[],2019-02-02 05:56:46,1966.0,0.00000001,0.000000000000345019,6562718,2019-02-02 05:56:46,BTC,2.84243449,0.0,0.00000001,BTC,977103.5833333334,0.0,1.966e-05,112
0.0000000003092718,[],27,[],2019-02-02 05:56:48,500000.0,3.0927179999999998e-18,1.067046471642e-22,6562719,2019-02-02 05:56:48,eth,1.25356065,0.0,0.00000001,"btc,eth",1328.0,0.0,1.546359e-12,112
1,[],4,[],2019-02-02 05:56:49,462738.04415345,0.00000377,0.000000000130072163,6562720,2019-02-02 05:56:49,btc,0.4557661415919195,0.0,0.00000377,btc,81606.10765807,0.07693164,0.2277447429663942,113
1,[],5,[],2019-02-02 05:56:50,3.082e-05,0.00000371,0.000000000128002049,6562721,2019-02-02 05:56:50,btc,2.1092683,0.02950024,0.00000371,btc,0.00275588,0.0,0.24943538,113
1,[],17,[],2019-02-02 05:56:51,212548.72400000002,0.00000004,0.000000000001380076,6562722,2019-02-02 05:56:51,btc,1.3368030274059415,0.0,0.00000004,btc,51896.221,0.0,0.00460194896,116
0,[],27,[],2019-02-02 05:56:53,0.0,0,0,6562723,2019-02-02 05:56:53,,0.0,0.0,0,btc,0.0,0.0,0.0,116
1,[],4,[],2019-02-02 05:56:55,16941.51151972,0.00001790,0.00000000061758401,6562724,2019-02-02 05:56:55,btc,0.0936337727127113,0.0,0.00001790,btc,4684.51815355,0.09350314,0.2492048576414319,120
1,[],7,[],2019-02-02 05:56:56,2170.94388827,0.00001805000000000000167136270101675421528852893970906734466552734375,0.0000000006227592950000001,6562725,2019-02-02 05:56:56,btc,90.08814722596878,1.46021706,0.00001805000000000000167136270101675421528852893970906734466552734375,btc,22649.52252804,2.636e-05,0.0205659315943809,120
1,[],20,[],2019-02-02 05:56:58,1607251.0096,0.000000013,0.00000000000044852470000000003,6562726,2019-02-02 05:56:58,btc,33.7489442370083,0.0,0.000000013,btc,1074422.3317,0.0,0.0088351098642,125
1,[],22,[],2019-02-02 05:57:03,3053.0,0.00000001,0.000000000000345019,6562727,2019-02-02 05:57:03,BTC,0.01444889,0.0,0.00000001,BTC,296264.5111111111,0.0,3.053e-05,126
1,[],4,[],2019-02-02 05:57:05,95494.52238223,0.00001495,0.000000000515803405,6562728,2019-02-02 05:57:05,btc,0.5898962766071112,0.0,0.00001495,btc,30320.729618,0.29199595,0.6414636053302004,131
0,[],17,[],2019-02-02 05:57:06,0.0,0,0,6562729,2019-02-02 05:57:06,btc,0.0008451375975800001,0.0,0,btc,30.89614684,0.0,0.0,131
0,[],2,[],2019-01-20 23:25:46,0.0,0,0,6476969,2019-01-20 23:25:46,,0.0,0.0,0,,0.0,0.0,0.0,131
1,[],4,[],2019-02-02 05:08:37,4614.25837935,0.00016003,0.000000005536637925,6562561,2019-02-02 05:08:37,btc,1.6409791121468047,0.0,0.00016003,btc,302.35845559,0.00040005,0.0118639733688523,135
1,[],3,[],2019-02-02 05:08:38,1854884.85018509,0.00000008,0.0000000000027678,6562562,2019-02-02 05:08:38,btc,0.1679603861835978,3228.83333333,0.00000008,btc,399446.27963658,0.0,0.066548837337035,136
1,[],4,[],2019-02-02 04:57:16,98229.74370157,0.00000210,0.00000000007266882,6562370,2019-02-02 04:57:16,btc,0.4531043372542064,0.0,0.00000210,btc,170341.66836203,0.16730668,0.1392774825636522,137
1,[],12,[],2019-02-02 04:57:17,298047.62248655,0.000001959999999999999868954651816022050070387194864451885223388671875,0.00000000006782423199999999,6562371,2019-02-02 04:57:17,btc,11982.848311291817,0.0,0.000001959999999999999868954651816022050070387194864451885223388671875,btc,126290.53913332,0.128449696398533,0.0293216379997984,137
1,[],5,[],2019-02-02 05:08:40,0.00158103,0.00003902,0.00000000134999445,6562563,2019-02-02 05:08:40,btc,3.61116564,3.33195958,0.00003902,btc,0.00357652,0.0,1.37433227,142
1,[],17,[],2019-02-02 05:08:41,12500.0,0.0000001,0.00000000000345975,6562564,2019-02-02 05:08:41,btc,20.260986025858685,0.0,0.0000001,btc,5932.0,0.0,0.00125,142
1,[],20,[],2019-02-02 05:08:43,149891.3644,0.000035152,0.00000000121617132,6562565,2019-02-02 05:08:43,btc,4.1634021929492,832.1899,0.000035152,btc,10274.3328,0.0344018982761,0.2551353639706,142
1,[],22,[],2019-02-02 05:10:47,0.0,0.00001800,0.000000000622755,6562566,2019-02-02 05:10:47,BTC,0.0,0.0,0.00001800,BTC,0.0,0.0,0.0,142
0.0,[],25,[],2019-02-02 05:10:48,0.0,0,0,6562567,2019-02-02 05:10:48,,0.0,0.0,0.0,btc,0.0,0.0,0.0,142
1,[],28,[],2019-02-02 05:10:50,78610.0,0.00002500,0.0000000008649375,6562568,2019-02-02 05:10:50,btc,0.03667767585,132.0,0.00002500,btc,732.8325,0.0,0.0293237,142
0,[],22,[],2019-01-28 18:33:43,0.0,0,0,6521842,2019-01-28 18:33:43,,61.27958297,0.0,0,,815366265.8,0.0,0.0,143
1,[],21,[],2019-02-02 05:10:51,33535643.26926645,0.00000027,0.000000000009341325000000001,6562569,2019-02-02 05:10:51,btc,53.435318858942885,3801782.07066566,0.00000027,btc,93005318.24126813,1.0556667,5.102823136560881,145
0,[],22,[],2019-02-02 05:11:03,0.0,0,0,6562570,2019-02-02 05:11:03,,4.54930384,0.0,0,,1496760.5,0.0,0.0,146
,[],22,[],2018-11-20 23:01:11,0.0,0,0,4862114,2018-11-20 23:01:11,,2.56807021,0.0,,,61828.4988236,0.0,0.0,147
1,[],12,[],2019-02-02 04:05:45,8691002.69285005,0.00000376999999999999990351576446834247491324276779778301715850830078125,0.00000000013069082,6562230,2019-02-02 04:05:45,btc,16.56552768746627,0.0,0.00000376999999999999990351576446834247491324276779778301715850830078125,btc,112286.49663261,0.0023325412164879,0.1234243399999947,148
1,[],4,[],2019-02-02 05:11:04,209342.6407835,0.00000027,0.000000000009341325000000001,6562571,2019-02-02 05:11:04,btc,0.6884510752891355,0.0,0.00000027,btc,503150.08636268,0.0,0.0421574567042101,152
0,[],22,[],2019-02-02 05:11:06,0.0,0,0,6562572,2019-02-02 05:11:06,,0.0,0.0,0,,0.0,0.0,0.0,152
1,[],5,[],2019-02-02 05:11:07,0.0,0,0,6562573,2019-02-02 05:11:07,btc,4.41264381,0.0,0,btc,0.00161275,0.0,0.0,153
,[],16,[],2019-01-11 15:38:59,0.0,0,0,6366141,2019-01-11 15:38:59,btc,0.0,0.0,,btc,0.0,0.0,0.0,155
0,[],22,[],2019-02-02 05:11:11,0.0,0,0,6562574,2019-02-02 05:11:11,,6.73312347,0.0,0,,4564272.742592593,0.0,0.0,156
0,[],23,[],2019-01-20 23:24:29,0.0,0,0,6476932,2019-01-20 23:24:29,,0.0,0.0,0,,0.0,0.0,0.0,156
1,[],22,[],2019-02-02 05:11:14,7906.0,0.00000801,0.000000000277125975,6562575,2019-02-02 05:11:14,BTC,43.78801181,0.0,0.00000801,BTC,1067.5805334758436,0.0,0.00743836,157
0,[],22,[],2019-02-02 05:11:17,0.0,0,0,6562576,2019-02-02 05:11:17,,50175.6753658,0.0,0,,54007107.04179466,0.0,0.0,158
,[],17,[],2018-11-20 22:56:10,0.0,0,0,4861976,2018-11-20 22:56:10,btc,1.1265625,0.0,,btc,1000.0,0.0,0.0,159
,[],20,[],2018-11-20 22:56:12,0.0,0,0,4861977,2018-11-20 22:56:12,btc,11912.7940471,0.0,,btc,34413894.3617,0.0,0.0,159
1,[],12,[],2019-02-02 04:57:57,189480.77311885,0.000008019999999999999446497443711390218368251225911080837249755859375,0.000000000277525684,6562386,2019-02-02 04:57:57,btc,6.689354187185257,0.0,0.000008019999999999999446497443711390218368251225911080837249755859375,btc,14975.78124826,0.0027097750589539,0.0900070518000162,168
1,[],17,[],2019-02-02 04:57:59,29784.95,0.000001,0.000000000034604199999999997,6562387,2019-02-02 04:57:59,btc,0.0353989844335,0.0,0.000001,btc,196.82520268,0.0,0.00716147,168
0,[],22,[],2019-02-02 05:11:19,0.0,0,0,6562577,2019-02-02 05:11:19,,1.13380276,0.0,0,,689102.5537281231,0.0,0.0,169
1,[],22,[],2019-02-02 05:11:23,74718.8,0.0000004,0.000000000013839,6562578,2019-02-02 05:11:23,BTC,10.28444069,0.0,0.0000004,BTC,91021.76970303636,0.00552474,0.01342354,171
1,[],22,[],2019-02-02 05:11:26,421943.95454545453,0.00000011,0.000000000003805725,6562579,2019-02-02 05:11:26,BTC,2.6193961,0.0,0.00000011,BTC,243483.55012686423,0.00011,0.02917297,173
1,[],5,[],2019-02-02 04:59:13,4.004e-05,0.00000385,0.00000000013322617000000001,6562391,2019-02-02 04:59:13,btc,0.0,0.0242865,0.00000385,btc,0.0,0.0,0.68231958,175
1,[],22,[],2019-02-02 05:11:37,147101.25714285715,0.00000039,0.000000000013493025,6562580,2019-02-02 05:11:37,BTC,0.6258775,0.0,0.00000039,BTC,161432.17417750834,1.636e-05,0.01684037,176
1,[],7,[],2019-02-02 05:11:38,0.0,0,0,6562581,2019-02-02 05:11:38,btc,10965.591289893979,1118.88111887,0,btc,116191385.7106025,1.119e-05,0.0,178
0,[],22,[],2019-02-02 05:11:41,0.0,0,0,6562582,2019-02-02 05:11:41,,1.00242428,0.0,0,,57512.0,0.0,0.0,178
0,[],2,[],2019-01-20 23:28:34,0.0,0,0,6477001,2019-01-20 23:28:34,,0.0,0.0,0,,0.0,0.0,0.0,178
1,[],5,[],2019-02-02 04:59:21,3e-08,0.00000002,0.000000000000692084,6562395,2019-02-02 04:59:21,btc,17.24247233,0.07703442,0.00000002,btc,2.088e-05,0.0,1.26745453,179
1,[],22,[],2019-02-02 04:59:33,7842183.0,0.00000003,0.000000000001038126,6562396,2019-02-02 04:59:33,BTC,5.47629698,0.0,0.00000003,"BTC,LTC",17032733.401989967,0.000208,0.38978517,179
0,[],23,[],2019-01-20 23:25:08,0.0,0,0,6476952,2019-01-20 23:25:08,,0.0,0.0,0,,0.0,0.0,0.0,179
1,[],17,[],2019-02-02 04:59:35,10504.725,0.0000001,0.00000000000346042,6562397,2019-02-02 04:59:35,btc,5.2068774898772014,0.0,0.0000001,btc,7465.6174587,0.0,0.0010504725,180
1,[],22,[],2019-02-02 04:59:39,8515.4,0.0000001,0.0000000000034604200000000003,6562398,2019-02-02 04:59:39,BTC,0.09634697,0.0,0.0000001,"BTC,LTC",16836.80336569223,0.0,0.00085154,180
1,[],26,[],2019-02-02 04:59:39,0.0,0,0,6562399,2019-02-02 04:59:39,,0.0,0.0,0,,0.0,0.0,0.0,180
,[],7,[],2018-11-20 22:58:01,562227.975654,0.00000085,0.000000000036176765,4862015,2018-11-20 22:58:01,btc,21836.6059674,2491.87645172,,btc,749999.041456,0.00211021,0.127565380455,183
1,[],24,[],2019-02-02 05:11:41,0.0,0.000000000001,3.45975e-17,6562583,2019-02-02 05:11:41,btc,0.0,0.0,0.000000000001,btc,0.0,0.0,0.0,187
,[],5,[],2019-01-10 08:11:41,0.0,0,0,6347036,2019-01-10 08:11:41,btc,82.15055501,0.00261,,btc,1.19002445,0.0,0.0,187
,[],17,[],2018-11-16 20:58:10,4062536.27273,0.00000001,0.000000000000550501,4708775,2018-11-16 20:58:10,btc,3.36492563466,0.195460381006,,"btc,eth",110697919.549,0.0,0.0157628953496,187
0,[],22,[],2019-02-02 05:11:43,0.0,0,0,6562584,2019-02-02 05:11:43,,1.19382741,0.0,0,,13380.036201072173,0.0,0.0,191
0,[],22,[],2019-01-29 02:57:02,0.0,0,0,6524994,2019-01-29 02:57:02,,0.0,0.0,0,,0.0,0.0,0.0,197
0,[],23,[],2019-01-20 23:31:41,0.0,0,0,6477079,2019-01-20 23:31:41,,0.0,0.0,0,,0.0,0.0,0.0,199
1,[],26,[],2019-02-02 04:59:44,0.0,0,0,6562402,2019-02-02 04:59:44,,0.0,0.0,0,,0.0,0.0,0.0,199
0,[],17,[],2019-01-30 16:32:01,0.0,0,0,6540827,2019-01-30 16:32:01,btc,6.802544163788159,0.0,0,btc,105897.55575295,0.0,0.0,200
0,[],2,[],2019-01-20 23:30:49,0.0,0,0,6477059,2019-01-20 23:30:49,,0.0,0.0,0,,0.0,0.0,0.0,201
1,[],4,[],2019-01-25 15:51:35,2084389.58565343,0.00000936,0.000000000333526752,6499557,2019-01-25 15:51:35,btc,2.0092503037378524,0.0,0.00000936,btc,160195.80207885,0.19272417,1.242687955921835,211
1,[],7,[],2019-02-02 05:11:46,21051110.29885633,0.000001359999999999999896105784720490294859018831630237400531768798828125,0.0000000000470526,6562585,2019-02-02 05:11:46,btc,16567793.786539236,1192137.66317,0.000001359999999999999896105784720490294859018831630237400531768798828125,btc,12095621.73008396,0.0,6.330942365373408,212
1,[],5,[],2019-02-02 05:11:49,5.12e-06,0.00000034,0.000000000011763150000000001,6562586,2019-02-02 05:11:49,btc,1.01946679,0.17204966,0.00000034,btc,3.203e-05,0.0,0.29385662,213
1,[],24,[],2019-02-02 05:11:49,0.0,0.000000050000,0.000000000001729875,6562587,2019-02-02 05:11:49,btc,0.0,0.0,0.000000050000,btc,0.0,0.0,0.0,213
1,[],26,[],2019-02-02 05:11:49,0.0,0,0,6562588,2019-02-02 05:11:49,,0.0,0.0,0,,0.0,0.0,0.0,213
1,[],12,[],2019-01-25 02:44:32,207462.42853209,0.000001080000000000000035831255497387193287295303889550268650054931640625,0.000000000038610756000000006,6493050,2019-01-25 02:44:32,btc,85023.03793723314,0.0,0.000001080000000000000035831255497387193287295303889550268650054931640625,btc,43675.73520027,0.000146250909087,0.0348620860622024,213
1,[],22,[],2019-02-02 04:59:53,276400.0,0.00000002,0.000000000000692084,6562407,2019-02-02 04:59:53,BTC,70.20243801,0.0,0.00000002,BTC,241693.63137942314,0.00024,0.004714,216
1,[],27,[],2019-02-02 04:59:55,5094545.0,0.0000001,0.0000000000034604200000000003,6562408,2019-02-02 04:59:55,btc,313.98499368316,0.0,0.0000001,"btc,ltc",287018.13411,0.0,0.0537135,216
1,[],22,[],2019-02-02 05:11:52,304070.6614597546,0.00000277,0.000000000095835075,6562589,2019-02-02 05:11:52,BTC,12677.72375284,0.0,0.00000277,BTC,425770.17524833576,0.02058419,0.46021503,217
1,[],7,[],2019-02-02 05:00:15,0.0,0,0,6562410,2019-02-02 05:00:15,btc,302.57931663911063,0.0,0,btc,134740320.6214003,0.0,0.0,219
0,[],27,[],2019-02-02 05:00:17,0.0,0,0,6562411,2019-02-02 05:00:17,,0.0741038339680918,0.0,0,btc,1542429.2070951,0.0,0.0,219
0.0000000000000055,[],28,[],2019-02-02 05:00:23,205135012.733,6.05e-18,2.0935541000000003e-22,6562412,2019-02-02 05:00:23,doge,88554.0318717675,13915.0,0.00110000,"btc,doge",4969437.84751,0.0,3.009177320395367e-11,219
1,[],22,[],2019-02-02 05:11:56,203501.0,0.00000055,0.000000000019028625,6562590,2019-02-02 05:11:56,BTC,2.3886113,0.0,0.00000055,BTC,31917.55212317522,0.0,0.02055738,221
1,[],24,[],2019-02-02 05:11:56,0.0,0.000000100000,0.00000000000345975,6562591,2019-02-02 05:11:56,btc,0.0,0.0,0.000000100000,btc,0.0,0.0,0.0,221
1,[],26,[],2019-02-02 05:11:56,0.0,0,0,6562592,2019-02-02 05:11:56,,0.0,0.0,0,,0.0,0.0,0.0,231
1,[],26,[],2019-02-02 05:00:27,0.0,0,0,6562416,2019-02-02 05:00:27,,0.0,0.0,0,,0.0,0.0,0.0,234
0,[],27,[],2019-02-02 05:00:29,0.0,0,0,6562417,2019-02-02 05:00:29,,0.0113483662182,0.0,0,"btc,eth",11462.99618,0.0,0.0,234
0.00000000009522589999999999,[],22,[],2019-02-02 05:12:00,8720000.0,9.52259e-19,3.2945780752499997e-23,6562593,2019-02-02 05:12:00,LTC,3.57434439,0.0,0.00000001,LTC,94891979.68217893,2.0922653844399999e-13,0.0872,235
1,[],4,[],2019-02-02 05:00:35,734438.76515276,0.00000073,0.000000000025261066,6562419,2019-02-02 05:00:35,btc,0.1553544330961648,0.0,0.00000073,btc,135221.25623806,0.01165089,0.1429901930183085,236
1,[],24,[],2019-02-02 05:00:35,0.0,0.000000010000,0.000000000000346042,6562420,2019-02-02 05:00:35,btc,0.0,0.0,0.000000010000,btc,0.0,0.0,0.0,236
1,[],20,[],2019-02-02 05:00:38,12616640.0754,0.00000006,0.000000000002076252,6562421,2019-02-02 05:00:38,btc,14.4553805214915,29980115.6186,0.00000006,btc,26211267.9577,1.9452911492579,0.3830734615818,237
1,[],22,[],2019-02-02 05:00:41,10000.0,0.00000001,0.000000000000346042,6562422,2019-02-02 05:00:41,BTC,0.04103605,0.0,0.00000001,BTC,6179.0,0.0,0.0001,237
1,[],4,[],2019-02-02 05:00:42,3534486.96652756,0.00000033,0.000000000011419386,6562423,2019-02-02 05:00:42,btc,0.4044723554645807,0.0,0.00000033,btc,1127875.22408743,0.09177257,1.0571506424354207,238
1,[],5,[],2019-02-02 05:00:43,4.29e-06,0.00000033,0.000000000011419386,6562424,2019-02-02 05:00:43,btc,0.78415344,0.0021876,0.00000033,btc,2.957e-05,0.0,0.37145658,238
1,[],22,[],2019-02-02 05:00:47,257468.0,0.00000004,0.000000000001384168,6562425,2019-02-02 05:00:47,BTC,15.41337693,0.0,0.00000004,BTC,283113.3139027493,0.0,0.00829884,249
0.0000000000952161,[],22,[],2019-02-02 05:00:50,4179658.0,3.808644e-18,1.317950787048e-22,6562426,2019-02-02 05:00:50,LTC,0.78482199,0.0,0.00000004,LTC,14362861.015,8.88983213328e-13,0.12455864,252
1,[],28,[],2019-02-02 05:00:56,2209610.428,0.00000007,0.000000000002422294,6562427,2019-02-02 05:00:56,btc,164692.29415161125,173875.84,0.00000007,btc,797374.6695,0.0,0.06974358624,256
1,[],22,[],2019-02-02 05:00:59,110523.69642857143,0.00000008,0.000000000002768336,6562428,2019-02-02 05:00:59,BTC,35605.5639614,0.0,0.00000008,BTC,503576.43279209774,0.00058079,0.00319128,258
1,[],22,[],2019-01-26 20:58:41,368451.0,0.00000001,0.000000000000356135,6510120,2019-01-26 20:58:41,BTC,2.642917,0.0,0.00000001,"BTC,LTC",1862.0,0.0,0.02488451,259
1,[],22,[],2019-02-02 05:01:03,2299.8434677419355,0.00000800,0.0000000002768336,6562429,2019-02-02 05:01:03,BTC,4.68960145,0.0,0.00000800,BTC,6366.988399675977,4.234e-05,0.01602867,262
1,[],5,[],2019-02-02 05:01:05,6.298e-05,0.00000343,0.000000000118692406,6562430,2019-02-02 05:01:05,btc,1.38727942,0.68670688,0.00000343,btc,0.00120457,0.0,0.27704888,264
1,[],20,[],2019-02-02 05:01:07,1177398.1131,0.00000235,0.00000000008131987,6562431,2019-02-02 05:01:07,btc,5.0092272114324,40953.9141,0.00000235,btc,93850.5384,0.1737559406502,0.0382128223003,264
1,[],22,[],2019-02-02 05:01:11,143431.0,0.00000002,0.000000000000692084,6562432,2019-02-02 05:01:11,BTC,8.65643669,0.0,0.00000002,BTC,330779.0934647885,0.0,0.00237099,271
0,[],22,[],2019-02-02 05:01:13,0.0,0,0,6562433,2019-02-02 05:01:13,,365.48564614,0.0,0,,14203859303.9,0.0,0.0,272
0.0000000000000055,[],28,[],2019-02-02 05:01:17,221578774181.668,5.83e-21,2.0174248600000002e-25,6562434,2019-02-02 05:01:17,doge,75034691.88199472,497734528.0,0.00000106,doge,176259117306.662,0.0,6.986840587321168e-10,272
