pairValue,buyBook,exchangeId,sellBook,updated,buyTotal,satoshiPrice,usdPrice,exchangeLogId,created,bestPair,sellTotalBtc,volume,pairPrice,activePairs,sellTotal,volumeBtc,buyTotalBtc,coinId
1,[],3,[],2019-03-05 12:11:36,30540.413186639784,0.01255000000000000039135361618036768049933016300201416015625,0.00000046976658,6849482,2019-03-05 12:11:36,btc,61.08887084453941,0.232596862745,0.01255000000000000039135361618036768049933016300201416015625,btc,23.540982264169003,0.0,0.31045093765904264,1
1,[],4,[],2019-03-05 12:11:38,207894.14901225,0.01264005,0.00000047313729558,6849483,2019-03-05 12:11:38,btc,9.520352879718198,0.0,0.01264005,btc,282.24050299,0.49829665,2.871352774445751,1
1,[],5,[],2019-03-05 12:11:41,0.0,0,0,6849484,2019-03-05 12:11:41,btc,0.0,0.02909301,0,btc,0.0,0.0,0.0,1
1,[],10,[],2019-03-05 12:11:43,414593.56940034,0.01132479,0.00000042390500936399996,6849485,2019-03-05 12:11:43,btc,6521.809728329615,1894.4171079,0.01132479,btc,1058.65587094,0.0,5.317173897955032,1
1,[],12,[],2019-03-05 12:11:46,10492.71526016,0.01255999999999999998390176614293523016385734081268310546875,0.00000047014089599999997,6849486,2019-03-05 12:11:46,btc,0.4852998210628,0.0,0.01255999999999999998390176614293523016385734081268310546875,btc,29.11042128,0.3896975907535,0.3993623919518,1
1,[],20,[],2019-03-05 12:11:48,1152.5468,0.010500223,0.00000039304014724679997,6849487,2019-03-05 12:11:48,btc,0.0581425246464,0.4422,0.010500223,btc,2.7397,0.0055274938092,0.1055916181694,1
1,[],21,[],2019-03-05 12:11:49,2100.49800226,0.01257055999999999972016606620,0.000000470536173696,6849488,2019-03-05 12:11:49,btc,16.724263798187767,2365.4057287799997,0.01257055999999999972016606619718004367314279079437255859375,"btc,eth",1754.59313428,26.37946154433752,21.347146160549254,1
1,[],22,[],2019-03-05 12:11:53,0.006382215384615385,0.01300000,0.0000004866108,6849489,2019-03-05 12:11:53,BTC,0.31439419,0.0,0.01300000,BTC,0.12751438772928525,0.0,7.978e-05,1
1,[],24,[],2019-03-05 12:11:53,0.0,0.000000000000,0,6849490,2019-03-05 12:11:53,btc,0.0,0.0,0.000000000000,btc,0.0,0.0,0.0,1
0.0,[],25,[],2019-03-05 12:11:54,0.0,0,0,6849491,2019-03-05 12:11:54,btc,32.28749999811489,4602.78213936,0.0,btc,2514.27708886,58.9576,0.0,1
0,[],2,[],2019-01-20 23:28:45,0.0,0,0,6477011,2019-01-20 23:28:45,,0.0,0.0,0,,0.0,0.0,0.0,1
1,[],26,[],2019-03-05 12:12:06,0.0,0,0,6849492,2019-03-05 12:12:06,,0.0,0.0,0,,0.0,0.0,0.0,1
1,[],28,[],2019-03-05 12:12:07,993.142,0.01323000,0.000000495220068,6849493,2019-03-05 12:12:07,btc,0.162839806,18019.95,0.01323000,btc,8.9,0.0,0.089302756,1
1,[],5,[],2019-03-05 12:12:09,0.0,0,0,6849494,2019-03-05 12:12:09,btc,0.0,0.0105425,0,btc,0.0,0.0,0.0,2
0.0000000001252398,[],22,[],2019-03-05 12:12:13,1148.0,1.3776378e-16,5.156718707448e-21,6849495,2019-03-05 12:12:13,XMR,21.01373823,0.0,0.00000110,XMR,14319.12581,0.0,0.00087635,2
1,[],5,[],2019-03-05 12:12:14,0.0,0,0,6849496,2019-03-05 12:12:14,btc,0.0,0.90140603,0,btc,0.0,0.0,0.0,3
1,[],12,[],2019-03-05 12:12:15,13511556.2213,0.000000179,0.0000000000067002564,6849497,2019-03-05 12:12:15,btc,924384.4939858124,0.0,0.000000179,btc,7801074.86560366,0.10276967906386011,0.7720587943255,3
0,[],28,[],2019-03-05 12:12:17,0.0,0,0,6849498,2019-03-05 12:12:17,,0.0,0.0,0,,0.0,0.0,0.0,3
0,[],2,[],2019-01-20 23:31:32,0.0,0,0,6477077,2019-01-20 23:31:32,,0.0,0.0,0,,0.0,0.0,0.0,4
1,[],4,[],2019-03-05 12:12:17,379313.1299221,0.00000032,0.000000000011978112,6849499,2019-03-05 12:12:17,btc,32.10757464866506,0.0,0.00000032,btc,715241.62465316,0.00015424,0.0485486592211668,4
1,[],12,[],2019-03-05 12:12:19,1354682.35333333,0.00000003,0.0000000000011229479999999998,6849500,2019-03-05 12:12:19,btc,11013925.647185193,0.0,0.00000003,btc,1487826.32371984,8.205e-05,0.0209331603999999,5
0,[],2,[],2019-01-20 23:31:51,0.0,0,0,6477087,2019-01-20 23:31:51,,0.0,0.0,0,,0.0,0.0,0.0,6
1,[],11,[],2019-03-05 12:12:20,5580884.5,0.00000002,0.000000000000748632,6849501,2019-03-05 12:12:20,btc,9568.181960782815,133333.333333,0.00000002,btc,41670298.74119657,0.0,0.079092525,6
1,[],3,[],2019-03-05 12:12:21,1081.691230372546,0.000152129999999999995265176355729863644228316843509674072265625,0.000000005694469308,6849502,2019-03-05 12:12:21,btc,28.402034233092024,0.0,0.000152129999999999995265176355729863644228316843509674072265625,btc,243.122414578101,0.0,0.03337413021663207,7
1,[],4,[],2019-03-05 12:12:22,102846.16283735,0.00025915,0.00000000970039914,6849503,2019-03-05 12:12:22,btc,28.215931179095932,0.0,0.00025915,btc,65782.52112202,7.79209283,7.5475999412260695,7
1,[],5,[],2019-03-05 12:12:23,0.0,0,0,6849504,2019-03-05 12:12:23,btc,0.0,1.70427432,0,btc,0.0,0.0,0.0,7
1,[],20,[],2019-02-20 02:16:17,39399275.8418,0.000000001,0.0000000000000390183,6728586,2019-02-20 02:16:17,btc,116.9737569154545,525.0,0.000000001,btc,56932965.8895,5.25e-07,0.0393992758418,8
0,[],2,[],2019-01-20 23:22:42,0.0,0,0,6476876,2019-01-20 23:22:42,,0.0,0.0,0,,0.0,0.0,0.0,9
0,[],23,[],2019-01-20 23:22:48,0.0,0,0,6476878,2019-01-20 23:22:48,,0.0,0.0,0,,0.0,0.0,0.0,9
1,[],1,[],2019-02-17 23:31:42,1822507.21,0.00000181000000000000003456111265232042484285557293333113193511962890625,0.000000000066086901,6701244,2019-02-17 23:31:42,btc,3.6990969245,17153386.5,0.00000181000000000000003456111265232042484285557293333113193511962890625,btc,1997391.71,31.11772986,3.2610482446,9
1,[],4,[],2019-03-05 12:12:25,990553.76510593,0.00000160,0.00000000005989056,6849505,2019-03-05 12:12:25,btc,5.7384650517568145,0.0,0.00000160,btc,2676360.40838252,1.05180835,0.7625100759954752,9
1,[],28,[],2019-03-05 12:12:27,38763.15,0.00000166,0.000000000062136456,6849506,2019-03-05 12:12:27,btc,2708.761281370583,3628325.34,0.00000166,btc,11954.1497,0.0,0.035616829,9
1,[],4,[],2019-02-17 11:22:43,4341674.27126056,0.00000002,0.0000000000007272960000000001,6696112,2019-02-17 11:22:43,btc,0.1997230937751353,0.0,0.00000002,btc,4109766.79808031,0.00215132,0.0479381022052112,10
0,[],2,[],2019-01-20 23:23:08,0.0,0,0,6476890,2019-01-20 23:23:08,,0.0,0.0,0,,0.0,0.0,0.0,12
1,[],4,[],2019-03-05 12:12:29,6900803.70724392,0.00000123,0.000000000046040868,6849507,2019-03-05 12:12:29,btc,10.774728627639151,0.0,0.00000123,btc,5942525.92803452,4.07725807,4.50428329826862,12
1,[],5,[],2019-03-05 12:12:31,0.0,0,0,6849508,2019-03-05 12:12:31,btc,0.0,0.45437062,0,btc,0.0,0.0,0.0,12
0.0,[],25,[],2019-03-05 12:12:32,0.0,0,0,6849509,2019-03-05 12:12:32,,0.0,0.0,0.0,btc,0.0,0.0,0.0,12
1,[],4,[],2019-03-05 12:12:34,31948443.57586859,0.00000554,0.000000000207371064,6849510,2019-03-05 12:12:34,btc,2.860951990693965,0.0,0.00000554,btc,404789.20110064,0.35250883,0.8120976303881989,13
1,[],10,[],2019-03-05 12:12:36,418340.27064297,0.0000054,0.00000000020213063999999999,6849511,2019-03-05 12:12:36,btc,666802.492860559,12287.8697777,0.0000054,btc,729345.303115,0.0,0.2464509596949491,13
1,[],21,[],2019-03-05 12:12:37,927252.70144242,0.000005820000000000000181326308135,0.000000000217851912,6849512,2019-03-05 12:12:37,btc,4.874316433005741,1042351.30439529,0.000005820000000000000181326308135165703561142436228692531585693359375,btc,745404.91137635,5.9780161,4.911512871457023,13
1,[],4,[],2019-03-05 12:12:38,756459.66251913,0.00000131,0.000000000049035396,6849513,2019-03-05 12:12:38,btc,12.986665166775737,0.0,0.00000131,btc,899211.67565493,0.04681259,0.217872265125917,14
1,[],12,[],2019-03-05 12:12:39,213668.69615935,0.000001359999999999999896105784720490294859018831630237400531768798828125,0.000000000050906975999999995,6849514,2019-03-05 12:12:39,btc,5.291273084472009,0.0,0.000001359999999999999896105784720490294859018831630237400531768798828125,btc,31237.09622013,0.0,0.022802519999856,14
0,[],17,[],2019-03-05 12:12:51,0.0,0,0,6849515,2019-03-05 12:12:51,btc,0.0,0.0,0,btc,0.0,0.0,0.0,14
1,[],26,[],2019-03-05 12:12:51,0.0,0.00000050,0.0000000000187158,6849516,2019-03-05 12:12:51,btc,0.0,0.0,0.00000050,btc,0.0,0.0,0.0,14
,[],12,[],2018-12-01 15:15:48,204241.84496,0.00000489,0.000000000202473384,5260204,2018-12-01 15:15:48,btc,49.5475654835,0.0,,btc,35763.2193806,0.0163153972027625,0.0203389899998,15
0,[],4,[],2019-03-05 12:12:52,0.0,0,0,6849517,2019-03-05 12:12:52,,0.0,0.0,0,,0.0,0.0,0.0,15
0,[],17,[],2019-03-05 12:02:02,0.0,0,0,6849323,2019-03-05 12:02:02,btc,0.0,0.0,0,btc,0.0,0.0,0.0,18
0,[],2,[],2019-01-20 23:23:38,0.0,0,0,6476906,2019-01-20 23:23:38,,0.0,0.0,0,,0.0,0.0,0.0,18
1,[],4,[],2019-03-05 12:12:53,24634.90432398,0.00001761,0.000000000659170476,6849518,2019-03-05 12:12:53,btc,1.3593814873950045,0.0,0.00001761,btc,15857.87955034,0.02138446,0.059815635596967,18
1,[],10,[],2019-03-05 12:12:55,785907.29028082,0.00001732,0.000000000648315312,6849519,2019-03-05 12:12:55,btc,15.38276243554692,1705.25129912,0.00001732,btc,13084.20887395,0.0,0.1733218870466701,18
1,[],12,[],2019-03-05 12:12:56,193300.95985184,0.000016620000000000000116122389481887466899934224784374237060546875,0.000000000622113192,6849520,2019-03-05 12:12:56,btc,23.629653267762233,0.0,0.000016620000000000000116122389481887466899934224784374237060546875,btc,1822.8205357699999,0.0174222361215317,0.0389122122834007,18
0,[],2,[],2019-01-20 23:24:19,0.0,0,0,6476924,2019-01-20 23:24:19,,0.0,0.0,0,,0.0,0.0,0.0,19
1,[],3,[],2019-03-05 12:12:57,118692.05019455786,0.000020100000000000000678623823802126935333944857120513916015625,0.00000000075237516,6849521,2019-03-05 12:12:57,btc,0.5483373544727321,2.67636803919,0.000020100000000000000678623823802126935333944857120513916015625,btc,9920.83263074671,0.0,0.03703143557138264,19
1,[],4,[],2019-03-05 12:12:58,426786.15201469,0.00001911,0.000000000715317876,6849522,2019-03-05 12:12:58,btc,2.1712036683381126,0.0,0.00001911,btc,76806.29241483,0.39265096,2.634791922483081,19
1,[],5,[],2019-03-05 12:13:00,0.0,0,0,6849523,2019-03-05 12:13:00,btc,0.0,0.00548902,0,btc,0.0,0.0,0.0,19
1,[],12,[],2019-03-05 12:13:01,134877.38176094,0.00001836999999999999860756348668555659742196439765393733978271484375,0.0000000006876184919999999,6849524,2019-03-05 12:13:01,btc,0.11187289071027991,0.0,0.00001836999999999999860756348668555659742196439765393733978271484375,btc,417.56200924,0.00131037,0.11341638989835891,19
0,[],27,[],2019-03-05 12:13:03,0.0,0,0,6849525,2019-03-05 12:13:03,,0.0,0.0,0,btc,0.0,0.0,0.0,19
1,[],4,[],2019-03-05 12:13:04,2777931.30750687,0.00000013,0.000000000004866108,6849526,2019-03-05 12:13:04,btc,7.37859059072158,0.0,0.00000013,btc,2855684.97012105,0.0001008,0.0778367123002956,20
1,[],4,[],2019-03-05 12:13:04,104056136.21537024,0.00000002,0.000000000000748632,6849527,2019-03-05 12:13:04,btc,1799.0982216782281,0.0,0.00000002,btc,55494697.40039335,0.0,1.1678631674280453,21
1,[],12,[],2019-03-05 12:13:06,17916951.0,0.00000002,0.000000000000748632,6849528,2019-03-05 12:13:06,btc,670.8733402334847,0.0,0.00000002,btc,8127598.32857329,0.0,0.23057926,21
0,[],17,[],2019-03-05 12:13:08,0.0,0,0,6849529,2019-03-05 12:13:08,btc,0.0,0.0,0,btc,0.0,0.0,0.0,21
1,[],12,[],2019-03-05 12:13:09,3121623757.531895,0.0000000001,0.00000000000000374316,6849530,2019-03-05 12:13:09,btc,975866455574.2185,0.0,0.0000000001,btc,4982941305.741474,0.05438540456063935,0.3121623757531895,23
0,[],27,[],2019-03-05 12:13:11,0.0,0,0,6849531,2019-03-05 12:13:11,,13.503633221578426,0.0,0,eth,2004616.85364636,0.0,0.0,23
1,[],4,[],2019-03-05 12:13:11,484378.79302776,0.00000039,0.000000000014598324,6849532,2019-03-05 12:13:11,btc,9.055060137863274,0.0,0.00000039,btc,1560113.36781917,0.00120182,0.1460439122337994,24
1,[],22,[],2019-03-05 12:13:15,11.76,0.00000100,0.0000000000374316,6849533,2019-03-05 12:13:15,BTC,7.415e-05,0.0,0.00000100,BTC,23.919354838709676,0.0,1.176e-05,24
0.0,[],25,[],2019-03-05 12:13:16,0.0,0,0,6849534,2019-03-05 12:13:16,,0.0,0.0,0.0,btc,0.0,0.0,0.0,24
1,[],10,[],2019-03-05 12:13:19,686415.59771024,0.000006,0.0000000002245896,6849536,2019-03-05 12:13:19,btc,26.1305529926225,4339.71619677,0.000006,btc,14719.9937472,0.0,0.226991223045784,26
0,[],2,[],2019-01-20 23:25:56,0.0,0,0,6476976,2019-01-20 23:25:56,,0.0,0.0,0,,0.0,0.0,0.0,26
1,[],4,[],2019-03-05 12:13:17,26578011.31911068,0.00000605,0.00000000022646118,6849535,2019-03-05 12:13:17,btc,62.286222643200205,0.0,0.00000605,btc,241001.03747165,0.1736471,0.4356008245315869,26
1,[],3,[],2019-03-05 12:13:19,10350241.88133568,0.00000001,0.000000000000374316,6849537,2019-03-05 12:13:19,btc,2.1370564372749867,25769.5,0.00000001,btc,16393079.64130495,0.0,0.1035024188133568,27
1,[],5,[],2019-03-05 12:13:21,0.0,0,0,6849538,2019-03-05 12:13:21,btc,0.0,8.112e-05,0,btc,0.0,0.0,0.0,27
1,[],11,[],2019-03-05 12:13:23,9462011.01151506,0.00000005,0.00000000000187158,6849539,2019-03-05 12:13:23,btc,67506.37927837588,8043.88,0.00000005,btc,7972323.38084264,0.0,0.4410008448653851,27
1,[],4,[],2019-03-05 12:13:24,1388588549.0736568,0.00000002,0.000000000000748632,6849540,2019-03-05 12:13:24,btc,2.8052634088955495,0.0,0.00000002,"btc,ltc",202764610.6615913,0.20872697,9.666900624926031,29
1,[],7,[],2019-03-05 12:13:25,35696702.6224419,0.00000002,0.000000000000748632,6849541,2019-03-05 12:13:25,btc,44462590.67847827,53329.7023395,0.00000002,btc,46262771.90297369,0.00109439,0.38305359820986395,29
1,[],4,[],2019-03-05 12:13:25,2358779.0329695,0.00000025,0.0000000000093579,6849542,2019-03-05 12:13:25,btc,2.42943183742001,0.0,0.00000025,btc,1671266.32614236,0.00696151,0.1068330403121229,30
0,[],17,[],2019-03-05 12:13:27,0.0,0,0,6849543,2019-03-05 12:13:27,btc,0.0,0.0,0,btc,0.0,0.0,0.0,30
1,[],4,[],2019-03-05 12:13:28,212211.1476227,0.00006302,0.000000002358939432,6849544,2019-03-05 12:13:28,btc,10.23089112427075,0.0,0.00006302,btc,97347.61310788,4.24380472,3.631596224065347,31
1,[],21,[],2019-03-05 12:13:29,77981.918573,0.00007035999999999999719724197433,0.000000002633687376,6849545,2019-03-05 12:13:29,btc,9.87496865990794,1528669.96808855,0.00007035999999999999719724197433379231370054185390472412109375,btc,121273.94395087,117.02837747,5.220207091867194,31
0,[],2,[],2019-01-20 23:28:43,0.0,0,0,6477009,2019-01-20 23:28:43,,0.0,0.0,0,,0.0,0.0,0.0,32
1,[],4,[],2019-03-05 12:13:30,455582304.29094344,0.00000004,0.000000000001497264,6849546,2019-03-05 12:13:30,btc,12.129074411755875,0.0,0.00000004,"btc,ltc",220399027.31924126,0.25677157,11.066027694147204,33
1,[],12,[],2019-03-05 12:13:32,16608516.35,0.00000004,0.000000000001497264,6849547,2019-03-05 12:13:32,btc,35634695.07181518,0.0,0.00000004,btc,96290662.39360628,0.001583367792208,0.3206059605,33
1,[],4,[],2019-03-05 12:13:32,113128696.37325624,0.00000001,0.000000000000374316,6849548,2019-03-05 12:13:32,btc,3.5743428637448686,0.0,0.00000001,btc,101178573.96702377,0.00401855,1.1312869637325622,34
1,[],5,[],2019-03-05 12:13:34,0.0,0,0,6849549,2019-03-05 12:13:34,btc,0.0,0.08152954,0,btc,0.0,0.0,0.0,34
0.000000000125995,[],4,[],2019-03-05 12:13:35,2088564394.3253334,1.25995e-18,4.716194442e-23,6849550,2019-03-05 12:13:35,ltc,6.286222315537272e-08,0.0,0.00000001,ltc,7855274164.673083,0.0,2.631486708630204e-09,36
1,[],5,[],2019-03-05 12:13:37,0.0,0,0,6849551,2019-03-05 12:13:37,btc,0.0,0.0,0,btc,0.0,0.0,0.0,36
0,[],17,[],2019-03-05 12:13:38,0.0,0,0,6849552,2019-03-05 12:13:38,btc,0.07464582804726166,0.0,0,btc,4105386.20243647,0.0,0.0,36
0.0000000003427584,[],27,[],2019-03-05 12:13:41,11290000.0,3.4275840000000003e-18,1.2829995325440002e-22,6849553,2019-03-05 12:13:41,eth,222.6013767858684,0.0,0.00000001,"ltc,eth",11165403.32426039,0.0,2.0768311268e-11,36
1,[],4,[],2019-03-05 12:03:00,190886.63236578,0.00000054,0.000000000020185470000000002,6849354,2019-03-05 12:03:00,btc,19772.48266431321,0.0,0.00000054,btc,565736.58386448,0.02461921,0.0760122872924122,37
1,[],12,[],2019-03-05 12:03:01,435572.40355266,0.00000056,0.000000000020933080000000003,6849355,2019-03-05 12:03:01,btc,1345.817508229976,0.0,0.00000056,btc,953411.21701257,0.1133414228390887,0.0945364088487059,37
1,[],17,[],2019-03-05 12:03:03,1752.74075282,0.00000025,0.000000000009345125,6849356,2019-03-05 12:03:03,btc,0.055484923777095005,0.0,0.00000025,btc,1319.19918473,0.0,0.00043818518820499993,37
1,[],27,[],2019-03-05 12:03:04,14685.567,0.00000045,0.000000000016821225000000003,6849357,2019-03-05 12:03:04,btc,25.77745805411233,0.0,0.00000045,btc,6527.38138508,0.0,0.00480032515,37
1,[],5,[],2019-03-05 12:13:43,0.0,0,0,6849554,2019-03-05 12:13:43,btc,0.0,0.00158512,0,btc,0.0,0.0,0.0,42
1,[],12,[],2019-03-05 12:13:44,261092.46423167,0.000001069999999999999919816744131662034078544820658862590789794921875,0.000000000040051812,6849555,2019-03-05 12:13:44,btc,94.63822914188991,0.0,0.000001069999999999999919816744131662034078544820658862590789794921875,btc,90623.83078419,0.035069688908884,0.0676904125732604,42
0.0000000003427584,[],27,[],2019-03-05 12:13:46,22000.0,3.427584e-17,1.2829995325440001e-21,6849556,2019-03-05 12:13:46,eth,0.00315028,0.0,0.0000001,"btc,eth",11.007,0.0,6.923719680000001e-13,42
1,[],5,[],2019-03-05 12:13:48,0.0,0,0,6849557,2019-03-05 12:13:48,btc,0.0,0.00027471,0,btc,0.0,0.0,0.0,43
1,[],12,[],2019-03-05 12:13:49,1209361.0,0.00000001,0.000000000000374316,6849558,2019-03-05 12:13:49,btc,3569.074552336114,0.0,0.00000001,btc,11768494.65174823,0.0,0.01209361,43
0,[],17,[],2019-03-05 08:59:26,0.0,0,0,6848229,2019-03-05 08:59:26,btc,0.0,0.0,0,btc,0.0,0.0,0.0,43
1,[],12,[],2019-03-05 01:54:08,639326.02,0.00000004,0.000000000001486676,6845775,2019-03-05 01:54:08,btc,11116042.728239931,0.0,0.00000004,btc,1103841.4595604,0.0003330765234764,0.014975410599999999,44
1,[],4,[],2019-03-05 12:14:01,296441473.6861638,0.00000002,0.000000000000748632,6849559,2019-03-05 12:14:01,btc,473.6338013727272,0.0,0.00000002,"btc,ltc",12314276.77478592,0.03372675,0.2386051200852316,49
0,[],4,[],2019-03-05 12:14:01,0.0,0,0,6849560,2019-03-05 12:14:01,,25.808783846280487,0.0,0,,9731729959.293749,0.0,0.0,52
0.0000000001252398,[],22,[],2019-03-05 12:14:05,80845862.0,1.252398e-18,4.68792609768e-23,6849561,2019-03-05 12:14:05,XMR,4366.97466637,0.0,0.00000001,XMR,255820234.67882353,0.0,0.80845862,57
0.0000000003427584,[],27,[],2019-03-05 12:14:08,2000.0,3.4275840000000003e-18,1.2829995325440002e-22,6849562,2019-03-05 12:14:08,eth,0.0,0.0,0.00000001,"btc,eth",0.0,0.0,6.855168000000001e-15,57
0.000000000125995,[],4,[],2019-03-05 12:14:09,796891471.8568333,3.77985e-18,1.4148583326e-22,6849563,2019-03-05 12:14:09,ltc,18.807185799061426,0.0,0.00000003,ltc,4245320546.602819,0.0,1.765741233994963e-09,58
1,[],12,[],2019-03-05 12:14:10,1719750782.843957,0.0000000004,0.00000000000001497264,6849564,2019-03-05 12:14:10,btc,224005953988.91684,0.0,0.0000000004,btc,3780481585.8127646,0.0446644837007948,0.5630461973011391,58
0.0000000001252398,[],22,[],2019-03-05 12:14:34,137438.0,1.252398e-18,4.68792609768e-23,6849565,2019-03-05 12:14:34,XMR,69.8835922,0.0,0.00000001,XMR,9887963.0,0.0,0.00137438,58
0,[],17,[],2019-03-05 12:05:35,0.0,0,0,6849369,2019-03-05 12:05:35,btc,1e+24,0.0,0,btc,49306342.21952568,0.0,0.0,58
1,[],5,[],2019-03-05 12:14:36,0.0,0,0,6849566,2019-03-05 12:14:36,btc,0.0,0.00481042,0,btc,0.0,0.0,0.0,61
1,[],22,[],2019-03-05 12:14:39,13759.5,0.00000012,0.000000000004491792,6849567,2019-03-05 12:14:39,BTC,1002.2960049,0.0,0.00000012,BTC,14976.68361146909,0.0,0.00155017,61
1,[],26,[],2019-03-05 12:14:40,0.0,0.00000800,0.0000000002994528,6849568,2019-03-05 12:14:40,btc,0.0,0.0,0.00000800,btc,0.0,0.0,0.0,61
1,[],27,[],2019-03-05 12:14:42,4413.2201,0.00000047,0.000000000017592852,6849569,2019-03-05 12:14:42,btc,7.76072757961638,0.0,0.00000047,"btc,eth",19950.11257617,0.0,0.0012446999688830037,61
1,[],28,[],2019-03-05 12:14:43,13880.304,0.0000005,0.0000000000187158,6849570,2019-03-05 12:14:43,btc,2.056312978300105,797.0,0.0000005,btc,9730.59500005,0.0,0.00566391304,61
1,[],4,[],2019-03-05 12:14:46,1305216.9705355,0.00000272,0.000000000101813952,6849571,2019-03-05 12:14:46,btc,11.163445933824946,0.0,0.00000272,btc,777480.64357798,0.131074,1.084276782892702,67
0.0,[],25,[],2019-03-05 12:14:47,0.0,0,0,6849572,2019-03-05 12:14:47,,0.0,0.0,0.0,btc,0.0,0.0,0.0,67
1,[],12,[],2019-03-05 12:14:48,1787397.40028654,0.0000002,0.00000000000748632,6849573,2019-03-05 12:14:48,btc,11115899.27748965,0.0,0.0000002,btc,2223114.2609257,0.000486489340661,0.0816315264411098,71
,[],5,[],2018-11-20 23:02:39,1.5e-07,0.00000005,0.000000000002128045,4862160,2018-11-20 23:02:39,btc,2.84511358,0.0,,btc,0.00036572,0.0,0.07381892,74
1,[],5,[],2019-03-05 12:06:00,0.0,0,0,6849379,2019-03-05 12:06:00,btc,0.0,0.0,0,btc,0.0,0.0,0.0,75
1,[],4,[],2019-03-05 12:14:49,36931978.08424166,0.00000001,0.000000000000374316,6849574,2019-03-05 12:14:49,btc,11388.971513954408,0.0,0.00000001,btc,39319058.17822428,0.00669333,0.3693197808424166,81
0,[],20,[],2019-01-25 09:30:31,0.0,0,0,6495923,2019-01-25 09:30:31,btc,0.0,0.0,0,btc,0.0,0.0,0.0,81
1,[],4,[],2019-03-05 12:14:51,28232.70874568,0.00007843,0.0000000029357603879999998,6849575,2019-03-05 12:14:51,btc,18.10822857294815,0.0,0.00007843,btc,12198.08029534,0.02845128,0.1659912163874227,82
1,[],21,[],2019-03-05 12:14:52,752368.00357846,0.00007213999999999999709551778970,0.0000000027003156239999997,6849576,2019-03-05 12:14:52,btc,2.3287475075214683,3306.1592004,0.0000721399999999999970955177897025123456842266023159027099609375,btc,26826.71293992,0.239035,1.950325579701001,82
0,[],17,[],2019-03-05 10:12:20,0.0,0,0,6848814,2019-03-05 10:12:20,btc,0.0447233088476774,0.0,0,btc,999127.19588126,0.0,0.0,84
0.000000000125995,[],4,[],2019-03-05 12:14:53,121090030.66553254,3.77985e-18,1.4148583326e-22,6849577,2019-03-05 12:14:53,ltc,1.749493159551646,0.0,0.00000003,ltc,412903937.9677121,0.0,2.3486158739507585e-10,85
,[],22,[],2018-11-20 23:09:34,3408.1,0.0000001,0.0000000000041895,4862324,2018-11-20 23:09:34,BTC,0.04624735,0.0,,BTC,4990.0,0.0,0.00033081,86
0,[],22,[],2019-02-22 12:52:35,0.0,0,0,6758847,2019-02-22 12:52:35,,2.0760781,0.0,0,,140622.94736842104,0.0,0.0,87
0,[],27,[],2019-02-22 12:52:37,0.0,0,0,6758848,2019-02-22 12:52:37,,0.0,0.0,0,btc,0.0,0.0,0.0,87
,[],2,[],2018-11-20 23:10:47,0.0,0,0,4862359,2018-11-20 23:10:47,,0.0,0.0,,,0.0,0.0,0.0,88
1,[],11,[],2019-03-05 12:14:55,103122.12530903,0.000143000000000000006446232436729815162834711372852325439453125,0.0000000053527188000000005,6849578,2019-03-05 12:14:55,btc,609.9756421125863,255.79398662,0.000143000000000000006446232436729815162834711372852325439453125,btc,105349.48001585,0.0,7.691125043087958,89
0,[],2,[],2019-01-20 23:31:45,0.0,0,0,6477083,2019-01-20 23:31:45,,0.0,0.0,0,,0.0,0.0,0.0,91
1,[],12,[],2019-03-05 12:14:56,468579.99326747,0.000001080000000000000035831255497387193287295303889550268650054931640625,0.000000000040426128000000004,6849579,2019-03-05 12:14:56,btc,39.56407285263983,0.0,0.000001080000000000000035831255497387193287295303889550268650054931640625,btc,72508.1587488,0.0255725499985057,0.0658244480594319,91
1,[],22,[],2019-03-05 12:15:00,65900.0,0.00000001,0.000000000000374316,6849580,2019-03-05 12:15:00,BTC,3e-06,0.0,0.00000001,BTC,1.0,0.0,0.000659,91
0,[],17,[],2019-03-05 11:11:28,0.0,0,0,6849195,2019-03-05 11:11:28,btc,0.0,0.0,0,btc,0.0,0.0,0.0,91
0.000000000125995,[],22,[],2019-03-05 12:15:07,1580418.0,6.29975e-18,2.358097221e-22,6849581,2019-03-05 12:15:07,LTC,8.53121199,0.0,0.00000005,LTC,71989912.1,1.5093067045e-12,0.0790209,95
0.000000000125995,[],4,[],2019-03-05 12:15:07,646483750.5190946,8.56766e-17,3.2070122205599997e-21,6849582,2019-03-05 12:15:07,ltc,11.89349262300746,0.0,0.00000068,ltc,136021317.94687977,0.0,1.9367600880384107e-09,96
1,[],12,[],2019-03-05 12:15:09,75284.47400001,0.00000001,0.000000000000374316,6849583,2019-03-05 12:15:09,btc,378535.71163872763,0.0,0.00000001,btc,8978849.92440533,0.000324111018981,0.0007528447400001001,96
0,[],17,[],2019-03-05 12:06:56,0.0,0,0,6849390,2019-03-05 12:06:56,btc,0.0,0.0,0,btc,0.0,0.0,0.0,96
1,[],4,[],2019-03-05 12:06:57,1757326.7766148,0.00000023,0.000000000008597515,6849391,2019-03-05 12:06:57,btc,2.608047583871849,0.0,0.00000023,btc,2536228.45771507,0.04270988,0.1079932828840087,99
1,[],4,[],2019-03-05 12:15:10,342892.24849192,0.00004068,0.000000001522717488,6849584,2019-03-05 12:15:10,btc,11.032275340101188,0.0,0.00004068,btc,151470.77139737,1.77201055,2.698025026697878,100
0,[],2,[],2019-01-20 23:23:55,0.0,0,0,6476914,2019-01-20 23:23:55,,0.0,0.0,0,,0.0,0.0,0.0,100
1,[],22,[],2019-03-05 12:15:14,50000.0,0.00000001,0.000000000000374316,6849585,2019-03-05 12:15:14,BTC,23.49896609,0.0,0.00000001,BTC,10277.22,0.0,0.0005,101
1,[],4,[],2019-03-05 12:15:15,424864.27945512,0.00000075,0.0000000000280737,6849586,2019-03-05 12:15:15,btc,308.05765748873984,0.0,0.00000075,btc,508144.82955887,0.08828966,0.2030242639336838,103
1,[],12,[],2019-03-05 12:15:18,71726281.74599999,0.000000009,0.0000000000003368844,6849587,2019-03-05 12:15:18,btc,137279915.2457868,0.0,0.000000009,btc,126300042.21582139,0.03499434948951066,0.264582550714,105
1,[],27,[],2019-03-05 12:15:21,115397.89,0.00000001,0.000000000000374316,6849588,2019-03-05 12:15:21,btc,36.59791032491341,1044311.50067673,0.00000001,btc,1051440.73571724,0.02088623,0.0011539789,105
1,[],22,[],2019-03-05 12:15:24,9328.0,0.00000001,0.000000000000374316,6849589,2019-03-05 12:15:24,BTC,51.10837004,0.0,0.00000001,BTC,470435.0,0.0,9.328e-05,107
1,[],26,[],2019-03-05 12:15:24,0.0,0.00000000,0,6849590,2019-03-05 12:15:24,btc,0.0,0.0,0.00000000,btc,0.0,0.0,0.0,107
1,[],5,[],2019-03-05 12:15:26,0.0,0,0,6849591,2019-03-05 12:15:26,btc,0.0,1.625e-05,0,btc,0.0,0.0,0.0,112
1,[],22,[],2019-03-05 12:15:30,1966.0,0.00000001,0.000000000000374316,6849592,2019-03-05 12:15:30,BTC,2.81243288,0.0,0.00000001,BTC,828524.0833333334,0.0,1.966e-05,112
0.0000000003427584,[],27,[],2019-03-05 12:15:32,22000.0,2.0565504000000002e-17,7.697997195264001e-22,6849593,2019-03-05 12:15:32,eth,1.24892491849924,0.0,0.00000006,"btc,eth",1288.641654,0.0,4.18165248e-13,112
1,[],4,[],2019-03-05 12:15:33,1237953.77948032,0.00000191,0.000000000071494356,6849594,2019-03-05 12:15:33,btc,4.849496486150042,0.0,0.00000191,btc,339845.69409592,0.04544815,0.8983966994888973,113
1,[],5,[],2019-03-05 12:15:34,0.0,0,0,6849595,2019-03-05 12:15:34,btc,0.0,0.0,0,btc,0.0,0.0,0.0,113
0,[],27,[],2019-03-05 12:15:37,0.0,0,0,6849596,2019-03-05 12:15:37,,0.0,0.0,0,btc,0.0,0.0,0.0,116
1,[],17,[],2019-03-05 12:07:24,152738.278,0.00000004,0.0000000000014952200000000002,6849404,2019-03-05 12:07:24,btc,1.33680302678,0.0,0.00000004,btc,50696.221,0.0,0.0022095311199999998,116
1,[],4,[],2019-03-05 12:07:27,77561.77906196,0.00002460,0.0000000009195603000000001,6849406,2019-03-05 12:07:27,btc,29.754988269188907,0.0,0.00002460,btc,93329.32918363,2.00377661,1.0131285736501146,120
1,[],7,[],2019-03-05 12:07:30,21475.527368,0.000021120000000000001077159195173038597204140387475490570068359375,0.0000000007894761600000001,6849407,2019-03-05 12:07:30,btc,115647.59401908935,252.03590003,0.000021120000000000001077159195173038597204140387475490570068359375,btc,56406.10421409,0.00546349,0.0575706801529359,120
1,[],20,[],2019-03-05 12:07:36,1946192.9541,0.000000035,0.0000000000013083175,6849408,2019-03-05 12:07:36,btc,32.2957660726996,22235.1986,0.000000035,btc,1009792.2699,0.000806162451,0.0222000481556,125
1,[],22,[],2019-03-05 12:15:41,3053.0,0.00000001,0.000000000000374316,6849597,2019-03-05 12:15:41,BTC,0.01444887,0.0,0.00000001,BTC,296263.5111111111,0.0,3.053e-05,126
1,[],4,[],2019-03-05 12:15:42,159747.80175335,0.00001245,0.0000000004660234199999999,6849598,2019-03-05 12:15:42,btc,3.9530493683967167,0.0,0.00001245,btc,116668.76056193,0.18323427,0.8088597132194953,131
0,[],17,[],2019-03-05 12:07:42,0.0,0,0,6849411,2019-03-05 12:07:42,btc,0.0009561751951600001,0.0,0,btc,35.42829368,0.0,0.0,131
0,[],2,[],2019-01-20 23:25:46,0.0,0,0,6476969,2019-01-20 23:25:46,,0.0,0.0,0,,0.0,0.0,0.0,131
1,[],4,[],2019-03-05 12:15:43,4557.15631314,0.00016001,0.000000005989430316,6849599,2019-03-05 12:15:43,btc,1.6204291904106256,0.0,0.00016001,btc,241.25503526,0.00011999,0.0084138371945807,135
1,[],3,[],2019-03-05 12:07:43,1063515.28776843,0.00000004,0.0000000000014952200000000002,6849413,2019-03-05 12:07:43,btc,0.1210989864032991,22200.2,0.00000004,btc,710371.97486755,0.0,0.0312037341737019,136
1,[],4,[],2019-03-05 12:15:44,316910.50215653,0.00000152,0.000000000056896031999999996,6849600,2019-03-05 12:15:44,btc,38.24419122551877,0.0,0.00000152,btc,522239.8201978,0.02305567,0.0663645898969596,137
1,[],12,[],2019-03-05 12:15:45,293060.24166084,0.00000145000000000000009320343975771638866945068002678453922271728515625,0.00000000005427582,6849601,2019-03-05 12:15:45,btc,11807.600212894235,0.0,0.00000145000000000000009320343975771638866945068002678453922271728515625,btc,125007.44120894,0.0020137891066254,0.0182135300000223,137
1,[],4,[],2019-03-05 12:15:46,105846.60651566,0.00004202,0.000000001572875832,6849602,2019-03-05 12:15:46,btc,28.766943282527112,0.0,0.00004202,btc,42532.71645864,0.10210665,0.6696776140150414,142
1,[],5,[],2019-03-05 12:15:47,0.0,0,0,6849603,2019-03-05 12:15:47,btc,0.0,0.02562156,0,btc,0.0,0.0,0.0,142
1,[],20,[],2019-03-05 12:15:49,132687.0898,0.000028073,0.0000000010508173068,6849604,2019-03-05 12:15:49,btc,0.3065169609112,0.07,0.000028073,btc,1594.2832,1.96504e-06,0.2195566184002,142
1,[],22,[],2019-03-05 12:15:53,1685.8988921568628,0.00004000,0.0000000014972639999999999,6849605,2019-03-05 12:15:53,BTC,3.00385504,0.0,0.00004000,BTC,891.218,0.0,0.00174536,142
0.0,[],25,[],2019-03-05 12:15:55,0.0,0,0,6849606,2019-03-05 12:15:55,,0.0,0.0,0.0,btc,0.0,0.0,0.0,142
1,[],28,[],2019-03-05 12:15:56,76144.0,0.00000820,0.00000000030693912,6849607,2019-03-05 12:15:56,btc,0.0639742472,1755.0,0.00000820,btc,500.6113,0.0,0.004468,142
1,[],17,[],2019-03-05 12:07:50,22967.386363640002,0.00000088,0.000000000032894840000000004,6849418,2019-03-05 12:07:50,btc,20.069913352677602,0.0,0.00000088,btc,2746.079105,0.0,0.0104613000000032,142
0,[],22,[],2019-03-05 12:15:59,0.0,0,0,6849608,2019-03-05 12:15:59,,60.71782865,0.0,0,,695843617.3,0.0,0.0,143
0,[],22,[],2019-02-25 15:42:22,0.0,0,0,6783783,2019-02-25 15:42:22,,4.2131946,0.0,0,,2322156.0,0.0,0.0,146
,[],22,[],2018-11-20 23:01:11,0.0,0,0,4862114,2018-11-20 23:01:11,,2.56807021,0.0,,,61828.4988236,0.0,0.0,147
1,[],12,[],2019-03-05 12:08:07,225296.29718124,0.00000207000000000000008632309277112337753123938455246388912200927734375,0.00000000007737763500000001,6849424,2019-03-05 12:08:07,btc,28.614964905128986,0.0,0.00000207000000000000008632309277112337753123938455246388912200927734375,btc,117338.96938791,2.13459e-05,0.0365873399998755,148
1,[],4,[],2019-03-05 12:08:08,274126.1770156,0.00000030,0.00000000001121415,6849425,2019-03-05 12:08:08,btc,219.99137618379964,0.0,0.00000030,btc,838830.11038733,0.00218159,0.066195223636328,152
0,[],22,[],2019-03-05 12:08:10,0.0,0,0,6849426,2019-03-05 12:08:10,,0.0,0.0,0,,0.0,0.0,0.0,152
1,[],5,[],2019-03-05 12:08:12,0.0,0,0,6849427,2019-03-05 12:08:12,btc,0.0,0.0,0,btc,0.0,0.0,0.0,153
,[],16,[],2019-01-11 15:38:59,0.0,0,0,6366141,2019-01-11 15:38:59,btc,0.0,0.0,,btc,0.0,0.0,0.0,155
0,[],22,[],2019-03-05 12:16:04,0.0,0,0,6849609,2019-03-05 12:16:04,,6.7463875,0.0,0,,4674391.242592593,0.0,0.0,156
0,[],23,[],2019-01-20 23:24:29,0.0,0,0,6476932,2019-01-20 23:24:29,,0.0,0.0,0,,0.0,0.0,0.0,156
1,[],22,[],2019-03-05 12:16:08,7073.8,0.00005300,0.0000000019838748,6849610,2019-03-05 12:16:08,BTC,1.80343699,0.0,0.00005300,BTC,899.6422341958436,0.0,0.00104336,157
0,[],22,[],2019-03-05 12:16:11,0.0,0,0,6849611,2019-03-05 12:16:11,,50175.67608608,0.0,0,,54079135.04179466,0.0,0.0,158
,[],17,[],2018-11-20 22:56:10,0.0,0,0,4861976,2018-11-20 22:56:10,btc,1.1265625,0.0,,btc,1000.0,0.0,0.0,159
,[],20,[],2018-11-20 22:56:12,0.0,0,0,4861977,2018-11-20 22:56:12,btc,11912.7940471,0.0,,btc,34413894.3617,0.0,0.0,159
1,[],12,[],2019-03-05 12:16:12,180759.90396407,0.0000075000000000000001900064307280846520598061033524572849273681640625,0.000000000280737,6849612,2019-03-05 12:16:12,btc,6.6416509674838755,0.0,0.0000075000000000000001900064307280846520598061033524572849273681640625,btc,13563.990998700001,0.0124794774509048,0.0875416491487459,168
1,[],17,[],2019-03-05 12:16:14,29784.95,0.000001,0.0000000000374316,6849613,2019-03-05 12:16:14,btc,0.03026736251542,0.0,0.000001,btc,144.46171372,0.0,0.00716147,168
0,[],22,[],2019-03-05 12:08:37,0.0,0,0,6849432,2019-03-05 12:08:37,,1.1341504,0.0,0,,539283.174707144,0.0,0.0,169
1,[],22,[],2019-03-05 12:16:32,203600.0,0.00000002,0.000000000000748632,6849614,2019-03-05 12:16:32,BTC,13.25047031,0.0,0.00000002,BTC,146217.2939341018,0.0,0.002072,171
1,[],22,[],2019-03-05 12:08:45,754850.5,0.00000006,0.00000000000224283,6849434,2019-03-05 12:08:45,BTC,2.19445194,0.0,0.00000006,"BTC,LTC",238068.8745028648,2.36e-06,0.02942101,173
1,[],5,[],2019-03-05 01:59:40,0.0,0,0,6845846,2019-03-05 01:59:40,btc,0.0,0.00384852,0,btc,0.0,0.0,0.0,175
1,[],22,[],2019-03-05 12:16:36,36490.833333333336,0.0000003,0.00000000001122948,6849615,2019-03-05 12:16:36,BTC,0.54826403,0.0,0.0000003,BTC,138776.41384013777,0.0,0.00239125,176
1,[],7,[],2019-03-05 12:16:39,0.0,0,0,6849616,2019-03-05 12:16:39,btc,410918.84255256574,0.0,0,btc,117734633.84370454,0.0,0.0,178
0,[],22,[],2019-03-05 12:16:42,0.0,0,0,6849617,2019-03-05 12:16:42,,1.00242438,0.0,0,,57522.0,0.0,0.0,178
0,[],2,[],2019-01-20 23:28:34,0.0,0,0,6477001,2019-01-20 23:28:34,,0.0,0.0,0,,0.0,0.0,0.0,178
1,[],5,[],2019-03-05 12:16:43,0.0,0,0,6849618,2019-03-05 12:16:43,btc,0.0,0.1266162,0,btc,0.0,0.0,0.0,179
1,[],22,[],2019-03-05 12:16:47,6949180.5,0.00000002,0.000000000000748632,6849619,2019-03-05 12:16:47,BTC,5.68496085,0.0,0.00000002,"BTC,LTC",18878728.089868754,0.0,0.37392433,179
0,[],23,[],2019-01-20 23:25:08,0.0,0,0,6476952,2019-01-20 23:25:08,,0.0,0.0,0,,0.0,0.0,0.0,179
1,[],17,[],2019-03-05 12:16:58,10504.725,0.0000001,0.00000000000374316,6849620,2019-03-05 12:16:58,btc,5.2010695838170005,0.0,0.0000001,btc,4994.45945,0.0,0.0010504725,180
1,[],22,[],2019-03-05 12:17:03,148605.4,0.00000100,0.0000000000374316,6849621,2019-03-05 12:17:03,BTC,0.24514499,0.0,0.00000100,"BTC,LTC",83009.48138941739,0.02170155,0.01180544,180
1,[],26,[],2019-03-05 12:17:03,0.0,0.00000125,0.000000000046789499999999996,6849622,2019-03-05 12:17:03,btc,0.0,150.0,0.00000125,btc,0.0,0.0,0.0,180
,[],7,[],2018-11-20 22:58:01,562227.975654,0.00000085,0.000000000036176765,4862015,2018-11-20 22:58:01,btc,21836.6059674,2491.87645172,,btc,749999.041456,0.00211021,0.127565380455,183
,[],5,[],2019-01-10 08:11:41,0.0,0,0,6347036,2019-01-10 08:11:41,btc,82.15055501,0.00261,,btc,1.19002445,0.0,0.0,187
1,[],24,[],2019-03-05 12:17:04,0.0,0.000000000001,3.74316e-17,6849623,2019-03-05 12:17:04,btc,0.0,0.0,0.000000000001,btc,0.0,0.0,0.0,187
,[],17,[],2018-11-16 20:58:10,4062536.27273,0.00000001,0.000000000000550501,4708775,2018-11-16 20:58:10,btc,3.36492563466,0.195460381006,,"btc,eth",110697919.549,0.0,0.0157628953496,187
0,[],22,[],2019-03-04 23:55:24,0.0,0,0,6845261,2019-03-04 23:55:24,,7.42841024,0.0,0,,79361.7243078683,0.0,0.0,191
0,[],22,[],2019-03-05 12:09:28,0.0,0,0,6849443,2019-03-05 12:09:28,,0.0,0.0,0,,0.0,0.0,0.0,197
0,[],23,[],2019-01-20 23:31:41,0.0,0,0,6477079,2019-01-20 23:31:41,,0.0,0.0,0,,0.0,0.0,0.0,199
0,[],22,[],2019-03-05 12:17:07,0.0,0,0,6849624,2019-03-05 12:17:07,,5.19477622,0.0,0,,21058553.0,0.0,0.0,199
1,[],26,[],2019-03-05 12:17:07,0.0,0.00000000,0,6849625,2019-03-05 12:17:07,btc,0.0,152358.0,0.00000000,btc,0.0,0.0,0.0,199
0,[],17,[],2019-01-30 16:32:01,0.0,0,0,6540827,2019-01-30 16:32:01,btc,6.802544163788159,0.0,0,btc,105897.55575295,0.0,0.0,200
0,[],2,[],2019-01-20 23:30:49,0.0,0,0,6477059,2019-01-20 23:30:49,,0.0,0.0,0,,0.0,0.0,0.0,201
1,[],4,[],2019-01-25 15:51:35,2084389.58565343,0.00000936,0.000000000333526752,6499557,2019-01-25 15:51:35,btc,2.0092503037378524,0.0,0.00000936,btc,160195.80207885,0.19272417,1.242687955921835,211
1,[],7,[],2019-03-05 12:17:11,1964016.81159466,0.000001219999999999999965968520108938744073157067759893834590911865234375,0.000000000045666551999999996,6849626,2019-03-05 12:17:11,btc,15476657.012050396,648067.110762,0.000001219999999999999965968520108938744073157067759893834590911865234375,btc,14045195.62773659,0.0,1.490320788368508,212
1,[],5,[],2019-03-05 12:17:13,0.0,0,0,6849627,2019-03-05 12:17:13,btc,0.0,0.17336989,0,btc,0.0,0.0,0.0,213
1,[],24,[],2019-03-05 12:17:13,0.0,0.000000120000,0.000000000004491792,6849628,2019-03-05 12:17:13,btc,0.0,0.0,0.000000120000,btc,0.0,0.0,0.0,213
1,[],26,[],2019-03-05 12:17:13,0.0,0.00000010,0.00000000000374316,6849629,2019-03-05 12:17:13,btc,0.0,0.0,0.00000010,btc,0.0,0.0,0.0,213
1,[],12,[],2019-01-25 02:44:32,207462.42853209,0.000001080000000000000035831255497387193287295303889550268650054931640625,0.000000000038610756000000006,6493050,2019-01-25 02:44:32,btc,85023.03793723314,0.0,0.000001080000000000000035831255497387193287295303889550268650054931640625,btc,43675.73520027,0.000146250909087,0.0348620860622024,213
1,[],22,[],2019-03-05 12:09:45,45166.0,0.00000002,0.0000000000007476100000000001,6849450,2019-03-05 12:09:45,BTC,2.23272342,0.0,0.00000002,BTC,620045.3963726171,0.00038792,0.00061247,216
1,[],27,[],2019-03-05 12:09:47,1298602.0,0.00000003,0.000000000001121415,6849451,2019-03-05 12:09:47,btc,316.25863360644,0.0,0.00000003,"btc,ltc",238161.907,0.0,0.033772040000225524,216
1,[],22,[],2019-03-05 12:17:17,175317.06081954937,0.00000178,0.000000000066628248,6849630,2019-03-05 12:17:17,BTC,12673.41950199,0.0,0.00000178,BTC,397417.5324499344,0.00145808,0.20048877,217
1,[],7,[],2019-03-05 12:17:18,0.0,0,0,6849631,2019-03-05 12:17:18,btc,77969.65966620563,0.0,0,btc,136168678.88835862,0.0,0.0,219
0,[],27,[],2019-03-05 12:17:20,0.0,0,0,6849632,2019-03-05 12:17:20,,0.03997288,0.0,0,btc,2007233.0,0.0,0.0,219
0.0000000000000053,[],28,[],2019-03-05 12:17:22,168897636.057,5.8300000000000006e-18,2.1822622800000003e-22,6849633,2019-03-05 12:17:22,doge,84213.6327103825,445675.0,0.00110000,"btc,doge",3504260.84751,0.0,1.645713245056949e-11,219
1,[],22,[],2019-03-05 12:10:07,295713.6666666667,0.00000004,0.0000000000014952200000000002,6849456,2019-03-05 12:10:07,BTC,2.79341839,0.0,0.00000004,BTC,85101.27041875875,8.4e-05,0.00922585,221
1,[],24,[],2019-03-05 12:10:07,0.0,0.000000200000,0.0000000000074761,6849457,2019-03-05 12:10:07,btc,0.0,0.0,0.000000200000,btc,0.0,0.0,0.0,221
1,[],20,[],2019-03-05 12:10:09,39105329.5253,0.000000001,0.000000000000037380500000000005,6849458,2019-03-05 12:10:09,btc,48.4414392087255,1001771.7281,0.000000001,btc,15826885.0042,0.0010017717281,0.0391053295253,224
0,[],22,[],2019-03-05 12:10:12,0.0,0,0,6849459,2019-03-05 12:10:12,,0.0,0.0,0,,0.0,0.0,0.0,224
1,[],26,[],2019-03-05 12:17:22,0.0,0.00000035,0.00000000001310106,6849634,2019-03-05 12:17:22,btc,0.0,0.0,0.00000035,btc,0.0,0.0,0.0,231
1,[],26,[],2019-03-05 12:17:23,0.0,0.00000005,0.00000000000187158,6849635,2019-03-05 12:17:23,btc,0.0,100.0,0.00000005,btc,0.0,0.0,0.0,234
0.0000000003427584,[],27,[],2019-03-05 12:17:25,2000.0,3.4275840000000003e-18,1.2829995325440002e-22,6849636,2019-03-05 12:17:25,eth,0.01134836604,0.0,0.00000001,"btc,eth",11462.996,0.0,6.855168000000001e-15,234
1,[],4,[],2019-03-05 12:17:26,763794.18712805,0.00000071,0.000000000026576436,6849637,2019-03-05 12:17:26,btc,4.750585893447542,0.0,0.00000071,btc,1233585.18986938,0.06393881,0.1855130423348413,236
1,[],24,[],2019-03-05 12:17:26,0.0,0.000000300000,0.00000000001122948,6849638,2019-03-05 12:17:26,btc,0.0,0.0,0.000000300000,btc,0.0,0.0,0.0,236
1,[],20,[],2019-03-05 12:17:27,166808864.5335,0.000000064,0.0000000000023956224,6849639,2019-03-05 12:17:27,btc,13.154093213836,25133402.8941,0.000000064,btc,41661365.3377,1.6127007758946,0.5335677627045,237
0.000000000125995,[],22,[],2019-03-05 12:17:37,751594.9,2.141915e-17,8.017530551399999e-22,6849640,2019-03-05 12:17:37,LTC,0.0413973,0.0,0.00000017,LTC,7239.0,0.0,0.12541949,237
1,[],4,[],2019-03-05 12:17:37,8685134.3350346,0.00000033,0.000000000012352428,6849641,2019-03-05 12:17:37,btc,6.518389701206962,0.0,0.00000033,btc,10487875.67469583,0.12884391,2.147234161678558,238
1,[],5,[],2019-03-05 12:17:39,0.0,0,0,6849642,2019-03-05 12:17:39,btc,0.0,0.00411311,0,btc,0.0,0.0,0.0,238
0,[],22,[],2019-03-05 12:10:27,0.0,0,0,6849469,2019-03-05 12:10:27,,0.41339518,0.0,0,,316626.5639027493,0.0,0.0,249
0.000000000125995,[],22,[],2019-03-05 12:17:43,87163180.66666667,5.0398e-18,1.8864777768e-22,6849643,2019-03-05 12:17:43,LTC,1.13061926,0.0,0.00000004,LTC,19215189.09,4.6111549304e-12,2.70466333,252
1,[],28,[],2019-03-05 12:17:45,2315341.628,0.00000036,0.000000000013475376,6849644,2019-03-05 12:17:45,btc,164732.81179087178,88545.4,0.00000036,btc,2598509.4844,0.0,0.40497778962,256
1,[],22,[],2019-03-05 12:10:40,1070354.0,0.00000002,0.0000000000007476100000000001,6849472,2019-03-05 12:10:40,BTC,31.47329001,0.0,0.00000002,BTC,704687.0957866946,0.0003,0.01087354,258
1,[],22,[],2019-03-05 12:17:48,48751.0,0.00000001,0.000000000000374316,6849645,2019-03-05 12:17:48,BTC,2.4175745,0.0,0.00000001,BTC,1762.0,0.0,0.00048751,259
1,[],5,[],2019-03-05 12:17:50,0.0,0,0,6849646,2019-03-05 12:17:50,btc,0.0,0.34687749,0,btc,0.0,0.0,0.0,264
1,[],20,[],2019-03-05 12:17:51,1254152.0296,0.0000022,0.00000000008234952,6849647,2019-03-05 12:17:51,btc,7.4585809110466,162202.2261,0.0000022,btc,107175.0704,0.4235651378001,0.018302306122,264
0,[],22,[],2019-03-05 12:17:54,0.0,0,0,6849648,2019-03-05 12:17:54,,8.45802393,0.0,0,,433537.34411321935,0.0,0.0,271
0,[],22,[],2019-03-05 12:17:57,0.0,0,0,6849649,2019-03-05 12:17:57,,266.52465314,0.0,0,,13965061677.692,0.0,0.0,272
0.0000000000000053,[],28,[],2019-03-05 12:17:58,210036166937.905,4.876e-21,1.825164816e-25,6849650,2019-03-05 12:17:58,doge,151021602.89534226,21377539803.7943,0.00000092,doge,192944736569.2923,0.0,5.77708150211913e-10,272
1,[],22,[],2019-03-05 12:18:04,214128.74,0.00000200,0.0000000000748632,6849651,2019-03-05 12:18:04,BTC,74.34381249,0.0,0.00000200,"BTC,LTC",9549.48778575859,0.0064456,0.10441251,281
1,[],22,[],2019-03-05 12:11:08,93283.0,0.00000003,0.000000000001121415,6849480,2019-03-05 12:11:08,BTC,1.18417615,0.0,0.00000003,BTC,131084.30634060455,0.00919855,0.00253425,286
0,[],22,[],2019-03-05 12:18:07,0.0,0,0,6849652,2019-03-05 12:18:07,,43641.05520291,0.0,0,,831015134.0,0.0,0.0,294
