pairValue,buyBook,exchangeId,sellBook,updated,buyTotal,satoshiPrice,usdPrice,exchangeLogId,created,bestPair,sellTotalBtc,volume,pairPrice,activePairs,sellTotal,volumeBtc,buyTotalBtc,coinId
1,[],3,[],2019-03-09 23:55:58,30544.442042883053,0.012535839999999999483382140397225157357752323150634765625,0.000000493704001056,6890756,2019-03-09 23:55:58,btc,61.103363675045046,0.0,0.012535839999999999483382140397225157357752323150634765625,btc,24.518920762095,0.0,0.30066698588352964,1
1,[],4,[],2019-03-09 23:55:59,207746.54605658,0.01272002,0.000000500957635668,6890757,2019-03-09 23:55:59,btc,10.029365514063425,0.0,0.01272002,btc,321.33931062,0.71391088,1.040749119559247,1
1,[],5,[],2019-03-09 23:56:02,0.0,0,0,6890758,2019-03-09 23:56:02,btc,0.0,0.00466127,0,btc,0.0,0.0,0.0,1
1,[],10,[],2019-03-09 23:56:04,414102.26803958,0.01051976,0.000000414303915984,6890759,2019-03-09 23:56:04,btc,6521.959519924093,1783.8184167,0.01051976,btc,1078.10561165,0.0,5.176919684546619,1
1,[],12,[],2019-03-09 23:56:07,110.02624281,0.01254000000000000079880546621780013083480298519134521484375,0.000000493867836,6890760,2019-03-09 23:56:07,btc,0.3097258467268,0.0,0.01254000000000000079880546621780013083480298519134521484375,btc,23.25175153,0.0626495400216,0.378260881728,1
1,[],20,[],2019-03-09 23:56:10,1152.4748,0.010500222,0.0000004135344431148,6890761,2019-03-09 23:56:10,btc,0.0554564832443,0.0,0.010500222,btc,2.4799,0.0,0.0959558605309,1
1,[],21,[],2019-03-09 23:56:10,3024.10744306,0.01257098000000000069531491675,0.000000495087933732,6890762,2019-03-09 23:56:10,btc,25.758517257871002,5314.25255671,0.01257098000000000069531491675434153876267373561859130859375,"btc,eth",2820.66960626,59.850720809916155,27.22040261681265,1
1,[],22,[],2019-03-09 23:56:15,0.0059712,0.01250000,0.0000004922925,6890763,2019-03-09 23:56:15,BTC,0.31439419,0.0,0.01250000,BTC,0.12751438772928525,0.0,7.464e-05,1
1,[],24,[],2019-03-09 23:56:17,0.0,0.000000000000,0,6890764,2019-03-09 23:56:17,btc,0.0,0.0,0.000000000000,btc,0.0,0.0,0.0,1
0.0,[],25,[],2019-03-09 23:56:18,0.0,0,0,6890765,2019-03-09 23:56:18,btc,15.36919999886273,25.33134124,0.0,btc,1189.66699752,0.33,0.0,1
1,[],26,[],2019-03-09 23:56:36,0.0,0,0,6890766,2019-03-09 23:56:36,,0.0,0.0,0,,0.0,0.0,0.0,1
1,[],28,[],2019-03-09 23:56:42,993.142,0.01323000,0.0000005210423820000001,6890767,2019-03-09 23:56:42,btc,0.147901439075,17790.95,0.01323000,btc,7.9421,0.0,0.089302756,1
0,[],2,[],2019-01-20 23:28:45,0.0,0,0,6477011,2019-01-20 23:28:45,,0.0,0.0,0,,0.0,0.0,0.0,1
1,[],5,[],2019-03-09 23:56:44,0.0,0,0,6890768,2019-03-09 23:56:44,btc,0.0,0.00773459,0,btc,0.0,0.0,0.0,2
0.0000000001259251,[],22,[],2019-03-09 23:56:48,1148.0,1.3851761e-16,5.455294441674e-21,6890769,2019-03-09 23:56:48,XMR,21.01373823,0.0,0.00000110,XMR,14319.12581,0.0,0.00087635,2
1,[],5,[],2019-03-09 23:56:49,0.0,0,0,6890770,2019-03-09 23:56:49,btc,0.0,1.4163479,0,btc,0.0,0.0,0.0,3
1,[],12,[],2019-03-09 23:56:51,1906995.24424,0.000000177,0.000000000006970861800000001,6890771,2019-03-09 23:56:51,btc,22810.251600039035,0.0,0.000000177,btc,966141.78852,0.05318907790036744,0.27612627878624,3
0,[],28,[],2019-03-09 23:56:57,0.0,0,0,6890772,2019-03-09 23:56:57,,0.0,0.0,0,,0.0,0.0,0.0,3
0,[],2,[],2019-01-20 23:31:32,0.0,0,0,6477077,2019-01-20 23:31:32,,0.0,0.0,0,,0.0,0.0,0.0,4
1,[],4,[],2019-03-09 19:03:36,394362.28616607,0.00000032,0.000000000012569280000000001,6889097,2019-03-09 19:03:36,btc,32.15548375957025,0.0,0.00000032,btc,707361.31512647,0.00109114,0.0476374485302292,4
1,[],12,[],2019-03-09 23:56:58,363807.0,0.00000002,0.0000000000007876680000000001,6890773,2019-03-09 23:56:58,btc,1111742.12994845,0.0,0.00000002,btc,549401.0,0.0,0.0047358800000000005,5
1,[],11,[],2019-03-09 23:57:00,4731978.6305,0.00000002,0.0000000000007876680000000001,6890774,2019-03-09 23:57:00,btc,9568.12856451748,63083.8695,0.00000002,btc,42640286.853213936,0.0,0.06211440761,6
0,[],2,[],2019-01-20 23:31:51,0.0,0,0,6477087,2019-01-20 23:31:51,,0.0,0.0,0,,0.0,0.0,0.0,6
1,[],3,[],2019-03-09 23:57:01,1088.932889146546,0.0001540000000000000027720881146109377368702553212642669677734375,0.000000006065043600000001,6890775,2019-03-09 23:57:01,btc,29.634085403952064,0.0,0.0001540000000000000027720881146109377368702553212642669677734375,btc,239.122414578101,0.0,0.034499359226155914,7
1,[],4,[],2019-03-09 23:57:03,99874.07935467,0.00025085,0.00000000987932589,6890776,2019-03-09 23:57:03,btc,9.606983108847997,0.0,0.00025085,btc,29956.52236713,2.66206975,6.895052063485928,7
1,[],5,[],2019-03-09 23:57:04,0.0,0,0,6890777,2019-03-09 23:57:04,btc,0.0,0.35206206,0,btc,0.0,0.0,0.0,7
1,[],20,[],2019-02-20 02:16:17,39399275.8418,0.000000001,0.0000000000000390183,6728586,2019-02-20 02:16:17,btc,116.9737569154545,525.0,0.000000001,btc,56932965.8895,5.25e-07,0.0393992758418,8
1,[],4,[],2019-03-09 23:57:06,1193897.72333249,0.00000149,0.000000000058681266,6890778,2019-03-09 23:57:06,btc,5.450381370607121,0.0,0.00000149,btc,2866581.69081522,1.4642295,0.9130806286990996,9
1,[],28,[],2019-03-09 23:57:12,37353.0,0.00000165,0.00000000006498261,6890779,2019-03-09 23:57:12,btc,2708.782203270583,3561975.14,0.00000165,btc,24261.1497,0.0,0.0328195,9
0,[],2,[],2019-01-20 23:22:42,0.0,0,0,6476876,2019-01-20 23:22:42,,0.0,0.0,0,,0.0,0.0,0.0,9
0,[],23,[],2019-01-20 23:22:48,0.0,0,0,6476878,2019-01-20 23:22:48,,0.0,0.0,0,,0.0,0.0,0.0,9
1,[],1,[],2019-02-17 23:31:42,1822507.21,0.00000181000000000000003456111265232042484285557293333113193511962890625,0.000000000066086901,6701244,2019-02-17 23:31:42,btc,3.6990969245,17153386.5,0.00000181000000000000003456111265232042484285557293333113193511962890625,btc,1997391.71,31.11772986,3.2610482446,9
1,[],4,[],2019-02-17 11:22:43,4341674.27126056,0.00000002,0.0000000000007272960000000001,6696112,2019-02-17 11:22:43,btc,0.1997230937751353,0.0,0.00000002,btc,4109766.79808031,0.00215132,0.0479381022052112,10
1,[],4,[],2019-03-09 23:57:13,6332840.11598244,0.00000120,0.00000000004726008,6890780,2019-03-09 23:57:13,btc,8.42924209999691,0.0,0.00000120,btc,4835891.86634144,1.26858766,3.8292090174850584,12
1,[],5,[],2019-03-09 23:57:15,0.0,0,0,6890781,2019-03-09 23:57:15,btc,0.0,0.28149858,0,btc,0.0,0.0,0.0,12
0.0,[],25,[],2019-03-09 23:57:16,0.0,0,0,6890782,2019-03-09 23:57:16,,0.0,0.0,0.0,btc,0.0,0.0,0.0,12
0,[],2,[],2019-01-20 23:23:08,0.0,0,0,6476890,2019-01-20 23:23:08,,0.0,0.0,0,,0.0,0.0,0.0,12
1,[],4,[],2019-03-09 23:57:18,32033561.17666023,0.00000590,0.00000000023236206,6890783,2019-03-09 23:57:18,btc,3.1084431317907564,0.0,0.00000590,btc,423029.65919387,0.28836167,1.3034375414140478,13
1,[],21,[],2019-03-09 23:57:22,1030234.51697328,0.000005890000000000000358153177255,0.00000000023196822600000002,6890784,2019-03-09 23:57:22,btc,3.8430837160076052,680917.66387553,0.0000058900000000000003581531772545165637211539433337748050689697265625,btc,587294.03396787,3.99601085,5.699470945628082,13
1,[],10,[],2019-03-09 23:04:47,395196.31283622,0.00000578,0.00000000022689679,6890582,2019-03-09 23:04:47,btc,666801.3497705874,8397.04030913,0.00000578,btc,721280.96071735,0.0,0.2489885743672653,13
1,[],4,[],2019-03-09 23:57:23,736101.59146473,0.00000130,0.00000000005119842,6890785,2019-03-09 23:57:23,btc,6.341561925400796,0.0,0.00000130,btc,867690.9020631,0.01259631,0.1561812445013563,14
1,[],12,[],2019-03-09 23:57:24,273721.0,0.0000015000000000000000380012861456169304119612206704914569854736328125,0.0000000000590751,6890786,2019-03-09 23:57:24,btc,0.1042376346985115,0.0,0.0000015000000000000000380012861456169304119612206704914569854736328125,btc,8718.95685197,0.0008757215784168,0.0339447,14
0,[],17,[],2019-03-09 23:57:25,0.0,0,0,6890787,2019-03-09 23:57:25,btc,0.0,0.0,0,btc,0.0,0.0,0.0,14
1,[],26,[],2019-03-09 23:57:25,0.0,0.00000050,0.0000000000196917,6890788,2019-03-09 23:57:25,btc,0.0,0.0,0.00000050,btc,0.0,0.0,0.0,14
0,[],4,[],2019-03-09 23:57:27,0.0,0,0,6890789,2019-03-09 23:57:27,,0.0,0.0,0,,0.0,0.0,0.0,15
,[],12,[],2018-12-01 15:15:48,204241.84496,0.00000489,0.000000000202473384,5260204,2018-12-01 15:15:48,btc,49.5475654835,0.0,,btc,35763.2193806,0.0163153972027625,0.0203389899998,15
1,[],4,[],2019-03-09 23:57:28,37539.72615107,0.00001705,0.0000000006714869700000001,6890790,2019-03-09 23:57:28,btc,4.191151576482062,0.0,0.00001705,btc,18727.41313935,0.03096868,0.1257812357907267,18
1,[],10,[],2019-03-09 23:57:30,792118.30142822,0.00001712,0.000000000674243808,6890791,2019-03-09 23:57:30,btc,15.372163275597424,10522.5526897,0.00001712,btc,12489.77049778,0.0,0.2688862310463278,18
1,[],12,[],2019-03-09 23:57:32,363354.71525726,0.00001629999999999999979178981479588372849320876412093639373779296875,0.00000000064194942,6890792,2019-03-09 23:57:32,btc,33008.93592153877,0.0,0.00001629999999999999979178981479588372849320876412093639373779296875,btc,711.91535114,0.0085877736857688,0.022729379468508597,18
0,[],17,[],2019-03-09 23:57:34,0.0,0,0,6890793,2019-03-09 23:57:34,btc,0.0,0.0,0,btc,0.0,0.0,0.0,18
0,[],2,[],2019-01-20 23:23:38,0.0,0,0,6476906,2019-01-20 23:23:38,,0.0,0.0,0,,0.0,0.0,0.0,18
1,[],3,[],2019-03-09 23:57:34,117158.57507819535,0.0000211899999999999987128872225294884401591843925416469573974609375,0.000000000834534246,6890794,2019-03-09 23:57:34,btc,0.5201822122244535,41.2234724088,0.0000211899999999999987128872225294884401591843925416469573974609375,btc,9382.483386669976,0.0,0.013621268598737964,19
1,[],4,[],2019-03-09 23:57:35,262859.96674479,0.00002102,0.000000000827839068,6890795,2019-03-09 23:57:35,btc,3.222091193416477,0.0,0.00002102,btc,95921.42010929,0.90371161,2.6651487526406057,19
1,[],5,[],2019-03-09 23:59:35,0.0,0,0,6890796,2019-03-09 23:59:35,btc,0.0,0.01009699,0,btc,0.0,0.0,0.0,19
1,[],12,[],2019-03-09 23:59:37,169423.46090535,0.000012259999999999999508739322029438056915751076303422451019287109375,0.000000000482840484,6890797,2019-03-09 23:59:37,btc,0.2234950385468559,0.0,0.000012259999999999999508739322029438056915751076303422451019287109375,btc,365.56200924,0.0,0.0297210900000025,19
0,[],27,[],2019-03-09 23:59:39,0.0,0,0,6890798,2019-03-09 23:59:39,,0.0,0.0,0,btc,0.0,0.0,0.0,19
0,[],2,[],2019-01-20 23:24:19,0.0,0,0,6476924,2019-01-20 23:24:19,,0.0,0.0,0,,0.0,0.0,0.0,19
1,[],4,[],2019-03-09 23:59:40,2770050.98210011,0.00000012,0.0000000000047260080000000004,6890799,2019-03-09 23:59:40,btc,7.383042289760813,0.0,0.00000012,btc,2876583.25385408,0.00047882,0.0767787845231285,20
1,[],4,[],2019-03-09 23:59:41,103815793.72147027,0.00000002,0.0000000000007876680000000001,6890800,2019-03-09 23:59:41,btc,1852.945155259571,0.0,0.00000002,btc,54305021.8278267,0.0,1.1630563175500457,21
1,[],12,[],2019-03-09 23:59:43,1359458.0,0.00000001,0.00000000000039383400000000004,6890801,2019-03-09 23:59:43,btc,1247.5070061495405,0.0,0.00000001,btc,2425596.97702298,0.0,0.01359458,21
0,[],17,[],2019-03-09 22:57:21,0.0,0,0,6890419,2019-03-09 22:57:21,btc,0.0,0.0,0,btc,0.0,0.0,0.0,21
1,[],12,[],2019-03-09 23:59:55,2114571214.0,0.0000000001,0.00000000000000393834,6890802,2019-03-09 23:59:55,btc,1122519.5458679951,0.0,0.0000000001,btc,1596928450.1602287,0.036115601970629366,0.2114571214,23
0,[],27,[],2019-03-09 23:59:56,0.0,0,0,6890803,2019-03-09 23:59:56,,13.51825636659341,0.0,0,eth,2066931.35514486,0.0,0.0,23
1,[],4,[],2019-03-09 23:59:59,587918.09211157,0.00000046,0.000000000018116364000000002,6890804,2019-03-09 23:59:59,btc,9.664628454128277,0.0,0.00000046,btc,1621065.83759451,0.0044582,0.1552023574920343,24
1,[],22,[],2019-03-10 00:00:06,11.76,0.00000100,0.0000000000393834,6890805,2019-03-10 00:00:06,BTC,7.415e-05,0.0,0.00000100,BTC,23.919354838709676,0.0,1.176e-05,24
0.0,[],25,[],2019-03-10 00:00:07,0.0,0,0,6890806,2019-03-10 00:00:07,,0.0,0.0,0.0,btc,0.0,0.0,0.0,24
1,[],4,[],2019-03-10 00:00:09,26580412.07597174,0.00000640,0.00000000025205376,6890807,2019-03-10 00:00:09,btc,66.08887097682371,0.0,0.00000640,btc,243823.71358532,0.08628737,0.4568861590680533,26
1,[],10,[],2019-03-10 00:00:11,686282.06895167,0.00000601,0.00000000023669423400000004,6890808,2019-03-10 00:00:11,btc,26.12762893598017,4321.32319776,0.00000601,btc,14082.23878667,0.0,0.21475994437872,26
0,[],2,[],2019-01-20 23:25:56,0.0,0,0,6476976,2019-01-20 23:25:56,,0.0,0.0,0,,0.0,0.0,0.0,26
1,[],3,[],2019-03-10 00:00:11,8436944.19501412,0.00000001,0.00000000000039383400000000004,6890809,2019-03-10 00:00:11,btc,2.2726296585456245,5024.0,0.00000001,btc,17764993.15743837,0.0,0.08436944195014119,27
1,[],5,[],2019-03-10 00:00:12,0.0,0,0,6890810,2019-03-10 00:00:12,btc,0.0,0.00010462,0,btc,0.0,0.0,0.0,27
1,[],11,[],2019-03-10 00:00:14,9469667.88103613,0.00000005,0.00000000000196917,6890811,2019-03-10 00:00:14,btc,67506.32843704063,170.63047893,0.00000005,btc,7972152.75036371,0.0,0.4413054133414386,27
1,[],4,[],2019-03-10 00:00:15,2161917857.090181,0.00000001,0.00000000000039383400000000004,6890812,2019-03-10 00:00:15,btc,3.3266441329039798,0.0,0.00000001,"btc,ltc",218555404.12376896,0.27928928,9.879252649014212,29
1,[],7,[],2019-03-10 00:00:17,35576600.71560571,0.00000001,0.00000000000039383400000000004,6890813,2019-03-10 00:00:17,btc,44461616.56859179,5000.0,0.00000001,btc,46749319.45179288,0.0,0.35576600715605716,29
1,[],4,[],2019-03-10 00:00:18,2387896.21219073,0.00000025,0.00000000000984585,6890814,2019-03-10 00:00:18,btc,2.6388734151068083,0.0,0.00000025,btc,1975618.73549278,0.0096402,0.1150802374400323,30
0,[],17,[],2019-03-09 22:08:00,0.0,0,0,6890238,2019-03-09 22:08:00,btc,0.0,0.0,0,btc,0.0,0.0,0.0,30
1,[],4,[],2019-03-10 00:00:31,161690.82503717,0.00005588,0.000000002200744392,6890815,2019-03-10 00:00:31,btc,10.409565992039331,0.0,0.00005588,btc,132480.48533668,2.85374521,1.031371393528036,31
1,[],21,[],2019-03-10 00:00:32,114210.37944098,0.00005665000000000000140694747519,0.0000000022310696100000004,6890816,2019-03-10 00:00:32,btc,7.511800581577828,370958.22419245,0.0000566500000000000014069474751909893939227913506329059600830078125,btc,116556.60200666,20.29970738,6.046218144947666,31
0,[],2,[],2019-01-20 23:28:43,0.0,0,0,6477009,2019-01-20 23:28:43,,0.0,0.0,0,,0.0,0.0,0.0,32
1,[],4,[],2019-03-10 00:00:32,411035567.13856417,0.00000004,0.0000000000015753360000000001,6890817,2019-03-10 00:00:32,btc,10.59686619149231,0.0,0.00000004,"btc,ltc",198499074.22631744,0.13818815,9.702952186112173,33
1,[],12,[],2019-03-10 00:00:34,24210257.54000004,0.00000004,0.0000000000015753360000000001,6890818,2019-03-10 00:00:34,btc,1311843.4413217509,0.0,0.00000004,btc,15657961.41858137,0.0145479352247755,0.5791336219600015,33
1,[],4,[],2019-03-10 00:00:35,110736777.31842524,0.00000001,0.00000000000039383400000000004,6890819,2019-03-10 00:00:35,btc,3.371777077756943,0.0,0.00000001,btc,95650430.93608692,0.04589452,1.1073677731842524,34
1,[],5,[],2019-03-10 00:00:36,0.0,0,0,6890820,2019-03-10 00:00:36,btc,0.0,0.03138483,0,btc,0.0,0.0,0.0,34
0.0000000001463849,[],4,[],2019-03-10 00:00:37,3487088548.8993335,1.463849e-18,5.76513507066e-23,6890821,2019-03-10 00:00:37,ltc,4.2408921036926134e-08,0.0,0.00000001,ltc,6342619096.469583,0.0,5.1045710852177405e-09,36
1,[],5,[],2019-03-10 00:00:38,0.0,0,0,6890822,2019-03-10 00:00:38,btc,0.0,0.0,0,btc,0.0,0.0,0.0,36
0.00000000034847620000000005,[],27,[],2019-03-10 00:00:52,1090000.0,3.484762e-18,1.3724177575080002e-22,6890823,2019-03-10 00:00:52,eth,222.5593939951224,0.0,0.00000001,"ltc,eth",11165410.31026039,0.0,1.731383646e-12,36
0,[],17,[],2019-03-09 23:05:55,0.0,0,0,6890619,2019-03-09 23:05:55,btc,0.07464582812972811,0.0,0,btc,4105386.20243647,0.0,0.0,36
1,[],4,[],2019-03-10 00:00:54,254596.51805832,0.00000059,0.000000000023236206000000003,6890824,2019-03-10 00:00:54,btc,19772.47846541739,0.0,0.00000059,btc,559800.49341856,0.0001511,0.1110059443455411,37
1,[],12,[],2019-03-10 00:00:55,443751.65346371,0.00000063,0.000000000024811542,6890825,2019-03-10 00:00:55,btc,9.718265408636478,0.0,0.00000063,btc,289935.42431164,0.0695291192547084,0.1518308686164381,37
1,[],17,[],2019-03-10 00:00:57,1752.74075282,0.00000025,0.00000000000984585,6890826,2019-03-10 00:00:57,btc,0.05548492398851551,0.0,0.00000025,btc,1387.19918473,0.0,0.00043818518820499993,37
1,[],27,[],2019-03-10 00:00:59,14685.567,0.00000045,0.00000000001772253,6890827,2019-03-10 00:00:59,btc,24.25536383611233,0.0,0.00000045,btc,6518.38138508,0.0,0.00480032515,37
1,[],5,[],2019-03-10 00:01:01,0.0,0,0,6890828,2019-03-10 00:01:01,btc,0.0,0.09865762,0,btc,0.0,0.0,0.0,42
1,[],12,[],2019-03-10 00:01:02,261897.38349096,0.000001,0.0000000000393834,6890829,2019-03-10 00:01:02,btc,0.2893199092630836,0.0,0.000001,btc,32375.93681104,0.1152606181606159,0.0255632799999874,42
0.00000000034847620000000005,[],27,[],2019-03-10 00:01:05,2000.0,3.484762e-18,1.3724177575080002e-22,6890830,2019-03-10 00:01:05,eth,0.00315028,0.0,0.00000001,"btc,eth",11.007,0.0,6.9695240000000006e-15,42
1,[],5,[],2019-03-10 00:01:06,0.0,0,0,6890831,2019-03-10 00:01:06,btc,0.0,0.01443351,0,btc,0.0,0.0,0.0,43
1,[],12,[],2019-03-10 00:01:06,1121342.0,0.00000001,0.00000000000039383400000000004,6890832,2019-03-10 00:01:06,btc,1.8504711194405596,0.0,0.00000001,btc,4456703.97202798,0.0005494505494504,0.01121342,43
0,[],17,[],2019-03-10 00:01:08,0.0,0,0,6890833,2019-03-10 00:01:08,btc,0.0,0.0,0,btc,0.0,0.0,0.0,43
1,[],12,[],2019-03-05 01:54:08,639326.02,0.00000004,0.000000000001486676,6845775,2019-03-05 01:54:08,btc,11116042.728239931,0.0,0.00000004,btc,1103841.4595604,0.0003330765234764,0.014975410599999999,44
1,[],4,[],2019-03-10 00:01:09,298480734.0117585,0.00000003,0.0000000000011815020000000001,6890834,2019-03-10 00:01:09,btc,473.73924481026916,0.0,0.00000003,"btc,ltc",11640678.96459804,0.03272887,0.28955429827053086,49
0,[],4,[],2019-03-10 00:01:10,0.0,0,0,6890835,2019-03-10 00:01:10,,25.936059462460467,0.0,0,,10003546904.591427,0.0,0.0,52
0.0000000001259251,[],22,[],2019-03-10 00:01:14,80646562.0,1.259251e-18,4.9593585833400004e-23,6890836,2019-03-10 00:01:14,XMR,4366.97564137,0.0,0.00000001,XMR,255837734.67882353,2.6482048529999997e-13,0.80646562,57
0.00000000034847620000000005,[],27,[],2019-03-10 00:01:16,2000.0,3.484762e-18,1.3724177575080002e-22,6890837,2019-03-10 00:01:16,eth,0.0,0.0,0.00000001,"btc,eth",0.0,0.0,6.9695240000000006e-15,57
0,[],17,[],2019-03-09 22:08:43,0.0,0,0,6890260,2019-03-09 22:08:43,btc,1e+24,0.0,0,btc,49306342.21952568,0.0,0.0,58
0.0000000001463849,[],4,[],2019-03-10 00:01:17,554644923.3319616,2.927698e-18,1.153027014132e-22,6890838,2019-03-10 00:01:17,ltc,18.807189473786174,0.0,0.00000002,ltc,4834963782.245953,0.0,1.1757759352545545e-09,58
1,[],12,[],2019-03-10 00:01:18,1066495947.0,0.0000000003,0.000000000000011815020000000001,6890839,2019-03-10 00:01:18,btc,2911891.692051636,0.0,0.0000000003,btc,1666206164.097902,0.07645590356663338,0.268671811,58
0.0000000001259251,[],22,[],2019-03-10 00:01:22,137438.0,1.259251e-18,4.9593585833400004e-23,6890840,2019-03-10 00:01:22,XMR,69.8835922,0.0,0.00000001,XMR,9887963.0,0.0,0.00137438,58
1,[],5,[],2019-03-10 00:01:23,0.0,0,0,6890841,2019-03-10 00:01:23,btc,0.0,0.0,0,btc,0.0,0.0,0.0,61
1,[],22,[],2019-03-10 00:01:36,13757.0,0.00000012,0.0000000000047260080000000004,6890842,2019-03-10 00:01:36,BTC,1002.2960049,0.0,0.00000012,BTC,14976.68361146909,0.0,0.00154987,61
1,[],26,[],2019-03-10 00:01:36,0.0,0.00000800,0.0000000003150672,6890843,2019-03-10 00:01:36,btc,0.0,0.0,0.00000800,btc,0.0,0.0,0.0,61
1,[],27,[],2019-03-10 00:01:38,4411.22008,0.00000047,0.000000000018510198,6890844,2019-03-10 00:01:38,btc,2.8990263703141324,0.0,0.00000047,"btc,eth",19485.01257617,0.0,0.0012437599595310973,61
1,[],28,[],2019-03-10 00:01:44,13880.304,0.0000005,0.0000000000196917,6890845,2019-03-10 00:01:44,btc,2.058023049164105,726.0,0.0000005,btc,11343.86940005,0.0,0.00566391304,61
1,[],4,[],2019-03-10 00:01:45,1355308.32537584,0.00000207,0.000000000081523638,6890846,2019-03-10 00:01:45,btc,9.078949668648711,0.0,0.00000207,btc,763933.08329858,0.13094351,1.0784531791471756,67
0.0,[],25,[],2019-03-10 00:01:47,0.0,0,0,6890847,2019-03-10 00:01:47,,0.0,0.0,0.0,btc,0.0,0.0,0.0,67
1,[],12,[],2019-03-10 00:01:48,282526.34506558,0.00000027,0.000000000010633518000000001,6890848,2019-03-10 00:01:48,btc,1111115.6498722828,0.0,0.00000027,btc,1105034.80031947,0.0170971780315842,0.0576096299343984,71
,[],5,[],2018-11-20 23:02:39,1.5e-07,0.00000005,0.000000000002128045,4862160,2018-11-20 23:02:39,btc,2.84511358,0.0,,btc,0.00036572,0.0,0.07381892,74
1,[],5,[],2019-03-10 00:01:50,0.0,0,0,6890849,2019-03-10 00:01:50,btc,0.0,0.0,0,btc,0.0,0.0,0.0,75
1,[],4,[],2019-03-10 00:01:51,13147768.81424166,0.00000001,0.00000000000039383400000000004,6890850,2019-03-10 00:01:51,btc,11388.985544584346,0.0,0.00000001,btc,40019471.49932191,0.0,0.1314776881424166,81
0,[],20,[],2019-01-25 09:30:31,0.0,0,0,6495923,2019-01-25 09:30:31,btc,0.0,0.0,0,btc,0.0,0.0,0.0,81
1,[],4,[],2019-03-10 00:01:53,24061.17001937,0.00007724,0.0000000030419738160000003,6890851,2019-03-10 00:01:53,btc,18.130397523886995,0.0,0.00007724,btc,12429.16829846,0.01639072,0.1063282369199234,82
1,[],21,[],2019-03-10 00:01:54,763671.04257243,0.00007449999999999999482878931811,0.0000000029340633,6890852,2019-03-10 00:01:54,btc,3.807380024057475,3689.25246515,0.00007449999999999999482878931811313805155805312097072601318359375,btc,45946.02035143,0.27568545,2.790981867313086,82
0,[],17,[],2019-03-09 21:04:26,0.0,0,0,6889863,2019-03-09 21:04:26,btc,0.0447233088476774,0.0,0,btc,999127.19588126,0.0,0.0,84
0.0000000001463849,[],4,[],2019-03-10 00:01:56,186097308.71425077,2.927698e-18,1.153027014132e-22,6890853,2019-03-10 00:01:56,ltc,1.7594265331852967,0.0,0.00000002,ltc,401103612.20484686,0.0,3.5950868534796735e-10,85
,[],22,[],2018-11-20 23:09:34,3408.1,0.0000001,0.0000000000041895,4862324,2018-11-20 23:09:34,BTC,0.04624735,0.0,,BTC,4990.0,0.0,0.00033081,86
1,[],22,[],2019-03-10 00:01:59,122000.0,0.00000003,0.0000000000011815020000000001,6890854,2019-03-10 00:01:59,BTC,2.078122,0.0,0.00000003,BTC,169918.94736842104,0.0,0.00186,87
0,[],27,[],2019-03-10 00:02:01,0.0,0,0,6890855,2019-03-10 00:02:01,,0.0,0.0,0,btc,0.0,0.0,0.0,87
,[],2,[],2018-11-20 23:10:47,0.0,0,0,4862359,2018-11-20 23:10:47,,0.0,0.0,,,0.0,0.0,0.0,88
1,[],11,[],2019-03-10 00:02:03,96053.81149000001,0.00014745000000000000619192197515161524279392324388027191162109375,0.0000000058070823300000004,6890856,2019-03-10 00:02:03,btc,610.9664820629573,6767.81245429,0.00014745000000000000619192197515161524279392324388027191162109375,btc,95909.70803272,0.0,6.721799694075031,89
0,[],2,[],2019-01-20 23:31:45,0.0,0,0,6477083,2019-01-20 23:31:45,,0.0,0.0,0,,0.0,0.0,0.0,91
1,[],12,[],2019-03-10 00:02:04,248689.97876482,0.000001210000000000000061712245556788669631487209699116647243499755859375,0.000000000047653914,6890857,2019-03-10 00:02:04,btc,61.08392998518852,0.0,0.000001210000000000000061712245556788669631487209699116647243499755859375,btc,117024.30900002,0.0047771316802289,0.0368577282663346,91
1,[],22,[],2019-03-10 00:02:18,65900.0,0.00000001,0.00000000000039383400000000004,6890858,2019-03-10 00:02:18,BTC,3e-06,0.0,0.00000001,BTC,1.0,0.0,0.000659,91
0,[],17,[],2019-03-09 23:07:29,0.0,0,0,6890652,2019-03-09 23:07:29,btc,0.0,0.0,0,btc,0.0,0.0,0.0,91
0,[],22,[],2019-03-10 00:02:21,0.0,0,0,6890859,2019-03-10 00:02:21,,7.50307462,0.0,0,,70597140.95714286,0.0,0.0,95
0.0000000001463849,[],4,[],2019-03-10 00:02:22,646922551.5276337,7.6120148e-17,2.9978702367432004e-21,6890860,2019-03-10 00:02:22,ltc,11.894759099063162,0.0,0.00000052,ltc,136343495.56165135,0.0,1.8379073675611812e-09,96
1,[],12,[],2019-03-10 00:02:23,69405.0,0.00000001,0.00000000000039383400000000004,6890861,2019-03-10 00:02:23,btc,10.0812722,0.0,0.00000001,btc,2084287.0,5.78e-06,0.00069405,96
0,[],17,[],2019-03-10 00:02:25,0.0,0,0,6890862,2019-03-10 00:02:25,btc,0.0,0.0,0,btc,0.0,0.0,0.0,96
1,[],4,[],2019-03-10 00:02:26,1616083.76377901,0.00000021,0.000000000008270514,6890863,2019-03-10 00:02:26,btc,2.536960423049929,0.0,0.00000021,btc,2568827.34756352,0.00782663,0.1309418308681412,99
1,[],4,[],2019-03-10 00:02:27,287622.39430055,0.00004012,0.000000001580062008,6890864,2019-03-10 00:02:27,btc,11.617148623392543,0.0,0.00004012,btc,162809.87445328,1.75937912,1.6527381009120714,100
0,[],2,[],2019-01-20 23:23:55,0.0,0,0,6476914,2019-01-20 23:23:55,,0.0,0.0,0,,0.0,0.0,0.0,100
1,[],22,[],2019-03-10 00:02:30,50000.0,0.00000001,0.00000000000039383400000000004,6890865,2019-03-10 00:02:30,BTC,23.49896609,0.0,0.00000001,BTC,10277.22,0.0,0.0005,101
1,[],4,[],2019-03-10 00:02:31,425170.72252646,0.00000082,0.000000000032294388,6890866,2019-03-10 00:02:31,btc,308.0357510925387,0.0,0.00000082,btc,492317.39421273,0.00997182,0.2051595465913914,103
1,[],12,[],2019-03-10 00:02:34,22048539.19700003,0.000000009,0.0000000000003544506,6890867,2019-03-10 00:02:34,btc,3553851.1650898852,0.0,0.000000009,btc,67843489.48256034,0.02514071769051953,0.05203738877300027,105
1,[],27,[],2019-03-10 00:02:36,223920.39,0.00000001,0.00000000000039383400000000004,6890868,2019-03-10 00:02:36,btc,36.60591030491341,5477.5,0.00000001,btc,1301440.23571724,5.478e-05,0.0022392039,105
1,[],22,[],2019-03-10 00:02:39,9328.0,0.00000001,0.00000000000039383400000000004,6890869,2019-03-10 00:02:39,BTC,51.10837004,0.0,0.00000001,BTC,470435.0,0.0,9.328e-05,107
1,[],26,[],2019-03-10 00:02:39,0.0,0.00000000,0,6890870,2019-03-10 00:02:39,btc,0.0,91290.0,0.00000000,btc,0.0,0.0,0.0,107
1,[],5,[],2019-03-10 00:02:41,0.0,0,0,6890871,2019-03-10 00:02:41,btc,0.0,0.07558203,0,btc,0.0,0.0,0.0,112
1,[],22,[],2019-03-10 00:02:45,1966.0,0.00000001,0.00000000000039383400000000004,6890872,2019-03-10 00:02:45,BTC,2.7975128,0.0,0.00000001,BTC,826524.0833333334,0.0,1.966e-05,112
0.00000000034847620000000005,[],27,[],2019-03-10 00:02:48,2000.0,3.484762e-18,1.3724177575080002e-22,6890873,2019-03-10 00:02:48,eth,1.24996908,0.0,0.00000001,"btc,eth",1289.0,0.0,6.9695240000000006e-15,112
1,[],4,[],2019-03-10 00:02:49,1279632.71410358,0.00000203,0.00000000007994830200000001,6890874,2019-03-10 00:02:49,btc,87.47455611444197,0.0,0.00000203,btc,331034.69775775,0.06249876,0.9734794412566387,113
1,[],5,[],2019-03-10 00:02:50,0.0,0,0,6890875,2019-03-10 00:02:50,btc,0.0,0.0,0,btc,0.0,0.0,0.0,113
0,[],27,[],2019-03-10 00:03:03,0.0,0,0,6890876,2019-03-10 00:03:03,,0.0,0.0,0,btc,0.0,0.0,0.0,116
1,[],17,[],2019-03-09 23:08:14,152738.278,0.00000004,0.0000000000015702200000000001,6890671,2019-03-09 23:08:14,btc,1.3368030274857574,0.0,0.00000004,btc,51896.221,0.0,0.0022095311199999998,116
1,[],4,[],2019-03-10 00:03:04,65101.69827911,0.00002455,0.0000000009668624700000002,6890877,2019-03-10 00:03:04,btc,30.60715146047417,0.0,0.00002455,btc,89629.74912302,0.37644506,0.9442259977606987,120
1,[],7,[],2019-03-10 00:03:06,20848.44299062,0.0000212500000000000015265566588595902430824935436248779296875,0.0000000008368972500000001,6890878,2019-03-10 00:03:06,btc,115648.89480684382,0.0,0.0000212500000000000015265566588595902430824935436248779296875,btc,36709.119221220004,0.0,0.05216251931388,120
1,[],20,[],2019-03-10 00:03:09,2949848.4019,0.000000034,0.0000000000013390356,6890879,2019-03-10 00:03:09,btc,33.6158386038068,61768.5,0.000000034,btc,1013047.029,0.0021517278668,0.0388204874796,125
1,[],22,[],2019-03-10 00:03:12,3053.0,0.00000001,0.00000000000039383400000000004,6890880,2019-03-10 00:03:12,BTC,0.01444887,0.0,0.00000001,BTC,296263.5111111111,0.0,3.053e-05,126
1,[],4,[],2019-03-10 00:03:14,139443.30732366,0.00001305,0.00000000051395337,6890881,2019-03-10 00:03:14,btc,3.573354135439184,0.0,0.00001305,btc,120066.31987948,0.13664671,0.5723306431094168,131
0,[],17,[],2019-03-10 00:03:25,0.0,0,0,6890882,2019-03-10 00:03:25,btc,0.0009561751951600001,0.0,0,btc,35.42829368,0.0,0.0,131
0,[],2,[],2019-01-20 23:25:46,0.0,0,0,6476969,2019-01-20 23:25:46,,0.0,0.0,0,,0.0,0.0,0.0,131
1,[],4,[],2019-03-10 00:03:26,4547.79300483,0.00016000,0.000000006301344,6890883,2019-03-10 00:03:26,btc,1.6192516231723533,0.0,0.00016000,btc,239.25503526,0.0,0.0068861669225237,135
1,[],3,[],2019-03-07 00:20:44,877702.73244099,0.00000004,0.00000000000154846,6863392,2019-03-07 00:20:44,btc,0.119366241821405,0.0,0.00000004,btc,760637.99421222,0.0,0.023771231960604298,136
1,[],4,[],2019-03-10 00:03:29,239090.47012264,0.00000154,0.000000000060650436,6890884,2019-03-10 00:03:29,btc,38.67974733129183,0.0,0.00000154,btc,521682.58082082,0.01290075,0.0610922650002336,137
1,[],12,[],2019-03-10 00:03:30,195906.15151516,0.0000013200000000000000673224496983149123252587742172181606292724609375,0.000000000051986088,6890885,2019-03-10 00:03:30,btc,5.059689602085511,0.0,0.0000013200000000000000673224496983149123252587742172181606292724609375,btc,3822.83742872,0.004205283771056,0.0069725100000112,137
1,[],4,[],2019-03-10 00:03:31,10802.16045644,0.00003626,0.0000000014280420840000001,6890886,2019-03-10 00:03:31,btc,28.607895022437194,0.0,0.00003626,btc,48793.93318183,0.42388353,0.2338146591238137,142
1,[],5,[],2019-03-10 00:03:32,0.0,0,0,6890887,2019-03-10 00:03:32,btc,0.0,0.19803737,0,btc,0.0,0.0,0.0,142
1,[],17,[],2019-03-10 00:03:44,22967.386363640002,0.00000088,0.000000000034657392000000006,6890888,2019-03-10 00:03:44,btc,20.0699133484,0.0,0.00000088,btc,405.079105,0.0,0.0104613000000032,142
1,[],20,[],2019-03-10 00:03:46,139634.4807,0.0000331,0.0000000013035905400000002,6890889,2019-03-10 00:03:46,btc,0.3382943650982,256.5626,0.0000331,btc,2285.2484,0.011487770325,0.3066463951309,142
1,[],22,[],2019-03-10 00:03:49,1470.8988921568628,0.00004000,0.000000001575336,6890890,2019-03-10 00:03:49,BTC,3.00385504,0.0,0.00004000,BTC,891.218,0.0,0.0012358,142
0.0,[],25,[],2019-03-10 00:03:50,0.0,0,0,6890891,2019-03-10 00:03:50,,0.0,0.0,0.0,btc,0.0,0.0,0.0,142
1,[],28,[],2019-03-10 00:03:57,76201.664,0.00001500,0.0000000005907510000000001,6890892,2019-03-10 00:03:57,btc,0.067100461059305,1650.0,0.00001500,btc,552.61077999,0.0,0.00546896,142
0,[],22,[],2019-03-10 00:04:00,0.0,0,0,6890893,2019-03-10 00:04:00,,65.61831169,0.0,0,,1037691921.3,0.0,0.0,143
0,[],22,[],2019-02-25 15:42:22,0.0,0,0,6783783,2019-02-25 15:42:22,,4.2131946,0.0,0,,2322156.0,0.0,0.0,146
,[],22,[],2018-11-20 23:01:11,0.0,0,0,4862114,2018-11-20 23:01:11,,2.56807021,0.0,,,61828.4988236,0.0,0.0,147
1,[],12,[],2019-03-10 00:04:02,334283.94944342,0.00000216999999999999997591878554692446101626046583987772464752197265625,0.000000000085461978,6890894,2019-03-10 00:04:02,btc,1.7282267086747016,0.0,0.00000216999999999999997591878554692446101626046583987772464752197265625,btc,28168.32742472,0.0,0.0278392299999597,148
1,[],4,[],2019-03-10 00:04:03,251505.89789985,0.00000029,0.000000000011421186,6890895,2019-03-10 00:04:03,btc,219.99891564754464,0.0,0.00000029,btc,841119.99512658,0.0,0.0597802236454391,152
0,[],22,[],2019-03-10 00:04:06,0.0,0,0,6890896,2019-03-10 00:04:06,,0.0,0.0,0,,0.0,0.0,0.0,152
1,[],5,[],2019-03-10 00:04:07,0.0,0,0,6890897,2019-03-10 00:04:07,btc,0.0,0.0,0,btc,0.0,0.0,0.0,153
,[],16,[],2019-01-11 15:38:59,0.0,0,0,6366141,2019-01-11 15:38:59,btc,0.0,0.0,,btc,0.0,0.0,0.0,155
0,[],23,[],2019-01-20 23:24:29,0.0,0,0,6476932,2019-01-20 23:24:29,,0.0,0.0,0,,0.0,0.0,0.0,156
0,[],22,[],2019-03-10 00:04:09,0.0,0,0,6890898,2019-03-10 00:04:09,,6.7463781,0.0,0,,4673397.242592593,0.0,0.0,156
1,[],22,[],2019-03-10 00:04:13,7073.8,0.00005300,0.0000000020873202000000003,6890899,2019-03-10 00:04:13,BTC,1.79802465,0.0,0.00005300,BTC,802.6461988741639,0.00541234,0.00104336,157
0,[],22,[],2019-03-10 00:04:16,0.0,0,0,6890900,2019-03-10 00:04:16,,50175.67608608,0.0,0,,54079135.04179466,0.0,0.0,158
,[],17,[],2018-11-20 22:56:10,0.0,0,0,4861976,2018-11-20 22:56:10,btc,1.1265625,0.0,,btc,1000.0,0.0,0.0,159
,[],20,[],2018-11-20 22:56:12,0.0,0,0,4861977,2018-11-20 22:56:12,btc,11912.7940471,0.0,,btc,34413894.3617,0.0,0.0,159
1,[],17,[],2019-03-09 23:01:45,29784.95,0.000001,0.0000000000392993,6890515,2019-03-09 23:01:45,btc,0.03026736251542,0.0,0.000001,btc,144.46171372,0.0,0.00716147,168
1,[],12,[],2019-03-10 00:04:17,220719.63731658,0.000006749999999999999747489314028126017319664242677390575408935546875,0.00000000026583795,6890901,2019-03-10 00:04:17,btc,0.7743114919184404,0.0,0.000006749999999999999747489314028126017319664242677390575408935546875,btc,8108.1575440999995,0.0011737462,0.0919293704998861,168
0,[],22,[],2019-03-07 13:06:36,0.0,0,0,6867364,2019-03-07 13:06:36,,1.1339604,0.0,0,,520283.17470714403,0.0,0.0,169
1,[],22,[],2019-03-10 00:04:21,227715.66666666666,0.0000001,0.00000000000393834,6890902,2019-03-10 00:04:21,BTC,14.35049674,0.0,0.0000001,BTC,156152.1439341018,0.00011863,0.00308617,171
1,[],22,[],2019-03-10 00:04:26,944614.6916666667,0.00000012,0.0000000000047260080000000004,6890903,2019-03-10 00:04:26,BTC,2.25261983,0.0,0.00000012,"BTC,LTC",280060.6617868825,0.0,0.03325914,173
1,[],5,[],2019-03-05 01:59:40,0.0,0,0,6845846,2019-03-05 01:59:40,btc,0.0,0.00384852,0,btc,0.0,0.0,0.0,175
1,[],22,[],2019-03-10 00:04:30,35500.0,0.00000012,0.0000000000047260080000000004,6890904,2019-03-10 00:04:30,BTC,0.54559973,0.0,0.00000012,BTC,137776.41444619838,0.0,0.00206,176
1,[],7,[],2019-03-10 00:04:32,0.0,0,0,6890905,2019-03-10 00:04:32,btc,410914.81356725405,16509.4905095,0,btc,115667563.31395811,0.00016509,0.0,178
0,[],22,[],2019-03-10 00:04:44,0.0,0,0,6890906,2019-03-10 00:04:44,,1.00242438,0.0,0,,57522.0,0.0,0.0,178
0,[],2,[],2019-01-20 23:28:34,0.0,0,0,6477001,2019-01-20 23:28:34,,0.0,0.0,0,,0.0,0.0,0.0,178
0,[],23,[],2019-01-20 23:25:08,0.0,0,0,6476952,2019-01-20 23:25:08,,0.0,0.0,0,,0.0,0.0,0.0,179
1,[],5,[],2019-03-10 00:04:46,0.0,0,0,6890907,2019-03-10 00:04:46,btc,0.0,0.03202948,0,btc,0.0,0.0,0.0,179
1,[],22,[],2019-03-10 00:04:51,6875825.5,0.00000002,0.0000000000007876680000000001,6890908,2019-03-10 00:04:51,BTC,5.65193848,0.0,0.00000002,"BTC,LTC",17780649.089868754,2.322e-05,0.37245723,179
1,[],22,[],2019-03-10 00:05:08,662016.7090909091,0.00000110,0.00000000004332174,6890909,2019-03-10 00:05:08,BTC,0.17820969,0.0,0.00000110,"BTC,LTC",46579.94329708406,0.01337103,0.56645298,180
1,[],26,[],2019-03-10 00:05:08,0.0,0.00000125,0.00000000004922925,6890910,2019-03-10 00:05:08,btc,0.0,194.0,0.00000125,btc,0.0,0.0,0.0,180
1,[],17,[],2019-03-09 23:09:58,10504.725,0.0000001,0.00000000000392555,6890700,2019-03-09 23:09:58,btc,5.2010695838170005,0.0,0.0000001,btc,4994.45945,0.0,0.0010504725,180
,[],7,[],2018-11-20 22:58:01,562227.975654,0.00000085,0.000000000036176765,4862015,2018-11-20 22:58:01,btc,21836.6059674,2491.87645172,,btc,749999.041456,0.00211021,0.127565380455,183
,[],5,[],2019-01-10 08:11:41,0.0,0,0,6347036,2019-01-10 08:11:41,btc,82.15055501,0.00261,,btc,1.19002445,0.0,0.0,187
1,[],24,[],2019-03-10 00:05:08,0.0,0.000000000001,3.93834e-17,6890911,2019-03-10 00:05:08,btc,0.0,0.0,0.000000000001,btc,0.0,0.0,0.0,187
,[],17,[],2018-11-16 20:58:10,4062536.27273,0.00000001,0.000000000000550501,4708775,2018-11-16 20:58:10,btc,3.36492563466,0.195460381006,,"btc,eth",110697919.549,0.0,0.0157628953496,187
0,[],22,[],2019-03-10 00:05:11,0.0,0,0,6890912,2019-03-10 00:05:11,,7.54797454,0.0,0,,79361.7243344055,0.0,0.0,191
0,[],22,[],2019-03-10 00:05:17,0.0,0,0,6890913,2019-03-10 00:05:17,,0.0,0.0,0,,0.0,0.0,0.0,197
0,[],23,[],2019-01-20 23:31:41,0.0,0,0,6477079,2019-01-20 23:31:41,,0.0,0.0,0,,0.0,0.0,0.0,199
0,[],22,[],2019-03-10 00:05:20,0.0,0,0,6890914,2019-03-10 00:05:20,,5.19076992,0.0,0,,21057923.0,0.0,0.0,199
1,[],26,[],2019-03-10 00:05:20,0.0,0.00000000,0,6890915,2019-03-10 00:05:20,btc,0.0,127013.0,0.00000000,btc,0.0,0.0,0.0,199
0,[],17,[],2019-01-30 16:32:01,0.0,0,0,6540827,2019-01-30 16:32:01,btc,6.802544163788159,0.0,0,btc,105897.55575295,0.0,0.0,200
0,[],2,[],2019-01-20 23:30:49,0.0,0,0,6477059,2019-01-20 23:30:49,,0.0,0.0,0,,0.0,0.0,0.0,201
1,[],4,[],2019-01-25 15:51:35,2084389.58565343,0.00000936,0.000000000333526752,6499557,2019-01-25 15:51:35,btc,2.0092503037378524,0.0,0.00000936,btc,160195.80207885,0.19272417,1.242687955921835,211
1,[],7,[],2019-03-09 23:10:19,3034196.72702298,0.000001,0.0000000000392555,6890708,2019-03-09 23:10:19,btc,15476654.021851592,553414.738408,0.000001,btc,13585572.45523031,0.0,1.4100513723953283,212
1,[],12,[],2019-01-25 02:44:32,207462.42853209,0.000001080000000000000035831255497387193287295303889550268650054931640625,0.000000000038610756000000006,6493050,2019-01-25 02:44:32,btc,85023.03793723314,0.0,0.000001080000000000000035831255497387193287295303889550268650054931640625,btc,43675.73520027,0.000146250909087,0.0348620860622024,213
1,[],5,[],2019-03-10 00:05:25,0.0,0,0,6890916,2019-03-10 00:05:25,btc,0.0,0.08013462,0,btc,0.0,0.0,0.0,213
1,[],24,[],2019-03-10 00:05:25,0.0,0.000000120000,0.0000000000047260080000000004,6890917,2019-03-10 00:05:25,btc,0.0,0.0,0.000000120000,btc,0.0,0.0,0.0,213
1,[],26,[],2019-03-10 00:05:25,0.0,0.00000010,0.00000000000393834,6890918,2019-03-10 00:05:25,btc,0.0,0.0,0.00000010,btc,0.0,0.0,0.0,213
1,[],22,[],2019-03-10 00:05:28,65000.0,0.00000002,0.0000000000007876680000000001,6890919,2019-03-10 00:05:28,BTC,2.28062382,0.0,0.00000002,BTC,675757.3963726171,0.0,0.00105,216
1,[],27,[],2019-03-10 00:05:31,1298122.0,0.00000003,0.0000000000011815020000000001,6890920,2019-03-10 00:05:31,btc,317.9840534547724,480.0,0.00000003,"btc,ltc",240763.990324,1.44e-05,0.033757640000263496,216
1,[],22,[],2019-03-10 00:05:35,155746.52409638555,0.00000172,0.00000000006773944800000001,6890921,2019-03-10 00:05:35,BTC,12673.62768688,0.0,0.00000172,BTC,432481.7848329881,0.02317125,0.1644599,217
1,[],7,[],2019-03-10 00:05:36,0.0,0,0,6890922,2019-03-10 00:05:36,btc,77969.38823110008,0.0,0,btc,135865036.11822966,0.0,0.0,219
0,[],27,[],2019-03-10 00:05:37,0.0,0,0,6890923,2019-03-10 00:05:37,,0.04027288,0.0,0,btc,2037233.0,0.0,0.0,219
0.0000000000000051,[],28,[],2019-03-10 00:05:44,168620379.187,7.65e-18,3.0128301000000003e-22,6890924,2019-03-10 00:05:44,doge,85152.2106148375,14655.0,0.00150000,"btc,doge",3763918.34751,0.0,1.468944255212937e-11,219
1,[],22,[],2019-03-10 00:05:48,348339.0,0.00000006,0.0000000000023630040000000002,6890925,2019-03-10 00:05:48,BTC,2.76264714,0.0,0.00000006,BTC,89545.24541875876,0.0,0.01427961,221
1,[],24,[],2019-03-10 00:05:48,0.0,0.000000200000,0.00000000000787668,6890926,2019-03-10 00:05:48,btc,0.0,0.0,0.000000200000,btc,0.0,0.0,0.0,221
1,[],20,[],2019-03-10 00:05:50,39105329.5253,0.000000001,0.000000000000039383400000000005,6890927,2019-03-10 00:05:50,btc,48.4450043719203,0.0,0.000000001,btc,16389766.8029,0.0,0.0391053295253,224
0,[],22,[],2019-03-10 00:05:53,0.0,0,0,6890928,2019-03-10 00:05:53,,0.0,0.0,0,,0.0,0.0,0.0,224
1,[],26,[],2019-03-10 00:05:53,0.0,0.00000035,0.00000000001378419,6890929,2019-03-10 00:05:53,btc,0.0,0.0,0.00000035,btc,0.0,0.0,0.0,231
1,[],26,[],2019-03-10 00:05:53,0.0,0.00000005,0.00000000000196917,6890930,2019-03-10 00:05:53,btc,0.0,100.0,0.00000005,btc,0.0,0.0,0.0,234
0.00000000034847620000000005,[],27,[],2019-03-10 00:05:55,2000.0,3.484762e-18,1.3724177575080002e-22,6890931,2019-03-10 00:05:55,eth,0.01134836604,0.0,0.00000001,"btc,eth",11462.996,0.0,6.9695240000000006e-15,234
1,[],4,[],2019-03-10 00:05:57,769464.05130086,0.00000073,0.000000000028749882,6890932,2019-03-10 00:05:57,btc,4.225401878052887,0.0,0.00000073,btc,1222691.06050427,0.02681017,0.1909390727166473,236
1,[],24,[],2019-03-10 00:05:57,0.0,0.000000300000,0.00000000001181502,6890933,2019-03-10 00:05:57,btc,0.0,0.0,0.000000300000,btc,0.0,0.0,0.0,236
1,[],20,[],2019-03-10 00:05:59,198124461.2088,0.000000054,0.0000000000021267036000000003,6890934,2019-03-10 00:05:59,btc,13.5508964488923,17896039.6696,0.000000054,btc,38394242.8854,1.0028054532009,0.2716354268878,237
0.0000000001463849,[],22,[],2019-03-10 00:06:04,751594.9,2.4885433000000002e-17,9.800729620122001e-22,6890935,2019-03-10 00:06:04,LTC,0.0405823,0.0,0.00000017,LTC,3164.0,0.0,0.12541949,237
1,[],4,[],2019-03-10 00:06:05,8769406.37060709,0.00000039,0.000000000015359526,6890936,2019-03-10 00:06:05,btc,9.116075299359673,0.0,0.00000039,btc,10675264.30854885,0.36871078,2.2574256423191428,238
1,[],5,[],2019-03-10 00:06:07,0.0,0,0,6890937,2019-03-10 00:06:07,btc,0.0,0.02821747,0,btc,0.0,0.0,0.0,238
0,[],22,[],2019-03-10 00:06:09,0.0,0,0,6890938,2019-03-10 00:06:09,,0.40415746,0.0,0,,526736.5639027493,0.0,0.0,249
0.0000000001463849,[],22,[],2019-03-10 00:06:14,49087200.666666664,5.855396e-18,2.306054028264e-22,6890939,2019-03-10 00:06:14,LTC,0.90188236,0.0,0.00000004,LTC,17061399.253636364,0.0,1.18162413,252
1,[],28,[],2019-03-10 00:06:20,2789461.713,0.00000037,0.000000000014571858,6890940,2019-03-10 00:06:20,btc,164734.2973109808,10679.3,0.00000037,btc,3013839.4027,0.0,0.57356634182,256
1,[],22,[],2019-03-10 00:06:23,1370473.8333333333,0.00000004,0.0000000000015753360000000001,6890941,2019-03-10 00:06:23,BTC,31.45379838,0.0,0.00000004,BTC,643769.9124533612,0.00024099,0.02036077,258
1,[],22,[],2019-03-10 00:06:27,48751.0,0.00000001,0.00000000000039383400000000004,6890942,2019-03-10 00:06:27,BTC,2.4175745,0.0,0.00000001,BTC,1762.0,0.0,0.00048751,259
1,[],5,[],2019-03-10 00:06:29,0.0,0,0,6890943,2019-03-10 00:06:29,btc,0.0,0.13904434,0,btc,0.0,0.0,0.0,264
1,[],20,[],2019-03-10 00:06:31,1216438.1337,0.000002,0.0000000000787668,6890944,2019-03-10 00:06:31,btc,7.4589867838287,115516.6577,0.000002,btc,102271.0012,0.2630537004314,0.0180539432198,264
0,[],22,[],2019-03-10 00:06:34,0.0,0,0,6890945,2019-03-10 00:06:34,,8.75643939,0.0,0,,466495.2241309945,0.0,0.0,271
0,[],22,[],2019-03-10 00:06:37,0.0,0,0,6890946,2019-03-10 00:06:37,,266.34197304,0.0,0,,13946792767.692,0.0,0.0,272
0.0000000000000051,[],28,[],2019-03-10 00:06:42,221864356712.905,5.151e-21,2.0286389340000002e-25,6890947,2019-03-10 00:06:42,doge,37978219.1981314,21006654605.946,0.00000101,doge,207717123043.4509,0.0,6.263944694443215e-10,272
1,[],22,[],2019-03-10 00:06:46,179098.74,0.0000007,0.00000000002756838,6890948,2019-03-10 00:06:46,BTC,177.96748736,0.0,0.0000007,"BTC,LTC",32541.441119091924,0.0322615,0.06950825,281
1,[],22,[],2019-03-10 00:06:50,815213.0,0.00000012,0.0000000000047260080000000004,6890949,2019-03-10 00:06:50,BTC,1.29899688,0.0,0.00000012,BTC,121565.40958001096,0.03604289,0.00837222,286
0,[],22,[],2019-03-10 00:06:53,0.0,0,0,6890950,2019-03-10 00:06:53,,43638.82491513,0.0,0,,700126356.0,0.0,0.0,294
