pairValue,buyBook,exchangeId,sellBook,updated,buyTotal,satoshiPrice,usdPrice,exchangeLogId,created,bestPair,sellTotalBtc,volume,pairPrice,activePairs,sellTotal,volumeBtc,buyTotalBtc,coinId
1,[],10,[],2019-07-13 08:58:05,251434.9725798,0.00271069,0.00000031407274150500003,7812232,2019-07-13 08:58:05,btc,6515.317158446701,1686.04548878,0.00271069,btc,2002.66956917,0.0,1.2639712180673435,1
1,[],26,[],2019-09-05 00:16:45,0.0,0,0,7993759,2019-09-05 00:16:45,,0.0,0.0,0,,0.0,0.0,0.0,1
1,[],28,[],2019-09-05 00:16:47,1037.3,0.007000000000,0.0000007394989,7993760,2019-09-05 00:16:47,btc,0.380448042,2554.0,0.007000000000,btc,23.8751,0.0,0.248706096,1
1,[],3,[],2019-09-05 00:26:50,964.581552784931,0.007032189999999999795166072402707868604920804500579833984375,0.0000007377969814489999,7993761,2019-09-05 00:26:50,btc,9.32881470497497,0.1160363842,0.007032189999999999795166072402707868604920804500579833984375,btc,34.741966740611,0.0,0.27569689679736087,1
1,[],4,[],2019-09-05 00:26:50,24978.82991588,0.00680388,0.000000713843358348,7993762,2019-09-05 00:26:50,btc,5.3059051867436295,0.0,0.00680388,btc,452.82795263,0.65167622,0.5058334309281033,1
1,[],12,[],2019-09-05 00:26:55,219.69370836000002,0.00698000000000000009325873406851314939558506011962890625,0.0000007323213579999999,7993763,2019-09-05 00:26:55,btc,0.28350232958120003,0.0,0.00698000000000000009325873406851314939558506011962890625,btc,28.69717077,0.554112238922,0.2122217582068,1
1,[],20,[],2019-09-05 00:26:57,1932.4085,0.00662246,0.0000006948092980659999,7993764,2019-09-05 00:26:57,btc,0.229175738802,0.6543,0.00662246,btc,19.5235,0.0045211350201,0.1291146901108,1
1,[],21,[],2019-09-05 00:26:57,2754.49800087,0.006988910000000000087572171736,0.000000733256169361,7993765,2019-09-05 00:26:57,btc,10.463289542004452,1731.0644697799999,0.006988910000000000087572171736383097595535218715667724609375,"btc,eth",2103.90113983,10.623969633380428,15.85000288134422,1
1,[],22,[],2019-09-05 00:27:01,0.5198816666666667,0.00600000,0.0000006295026,7993766,2019-09-05 00:27:01,BTC,0.01700334,0.0,0.00600000,BTC,0.283670650841137,0.0,0.00302178,1
1,[],24,[],2019-09-05 00:27:02,0.0,0.000000000000,0,7993767,2019-09-05 00:27:02,btc,0.0,0.0,0.000000000000,btc,0.0,0.0,0.0,1
0.0,[],25,[],2019-09-05 00:27:03,0.0,0,0,7993768,2019-09-05 00:27:03,btc,9.676099999614625,4303.19850065,0.0,btc,1314.31050477,30.175,0.0,1
1,[],5,[],2019-07-06 00:27:44,0.0,0,0,7800775,2019-07-06 00:27:44,btc,0.0,0.00190933,0,btc,0.0,0.0,0.0,1
0,[],2,[],2019-01-20 23:28:45,0.0,0,0,6477011,2019-01-20 23:28:45,,0.0,0.0,0,,0.0,0.0,0.0,1
1,[],22,[],2019-09-04 23:52:05,9495.2,0.0000002,0.00000000002104948,7993676,2019-09-04 23:52:05,BTC,21.00878619,0.0,0.0000002,"BTC,XMR",19931.59287795317,0.0,0.00102579,2
1,[],5,[],2019-07-06 00:28:14,0.0,0,0,7800785,2019-07-06 00:28:14,btc,0.0,0.00208797,0,btc,0.0,0.0,0.0,2
1,[],12,[],2019-08-28 21:17:40,5010914.74249396,0.000000058,0.000000000005696249600000001,7978048,2019-08-28 21:17:40,btc,43110.2619967908,0.0,0.000000058,btc,9228654.41588682,0.002779447687,0.20908922188989368,3
0,[],28,[],2019-08-28 21:17:42,0.0,0,0,7978049,2019-08-28 21:17:42,,0.0,0.0,0,,0.0,0.0,0.0,3
1,[],5,[],2019-06-03 14:48:58,0.0,0,0,7731126,2019-06-03 14:48:58,btc,0.0,0.05905545,0,btc,0.0,0.0,0.0,3
0,[],2,[],2019-01-20 23:31:32,0.0,0,0,6477077,2019-01-20 23:31:32,,0.0,0.0,0,,0.0,0.0,0.0,4
1,[],4,[],2019-08-19 07:13:39,5576051.9095195,0.00000012,0.000000000012681852,7911861,2019-08-19 07:13:39,btc,25.86361324985451,0.0,0.00000012,btc,1094878.27526979,0.00024951,0.0793524101309535,4
0,[],2,[],2019-01-20 23:31:51,0.0,0,0,6477087,2019-01-20 23:31:51,,0.0,0.0,0,,0.0,0.0,0.0,6
1,[],11,[],2019-08-15 15:27:29,324074.0,0.00000001,0.0000000000010065590000000001,7900084,2019-08-15 15:27:29,btc,9583.47119397936,4910218.0,0.00000001,btc,78345418.50750598,0.0,0.00324074,6
1,[],3,[],2019-09-04 23:52:07,11433.02304236563,0.0000732899999999999979434506247599756534327752888202667236328125,0.000000007713581946,7993677,2019-09-04 23:52:07,btc,1026.2985593923547,0.0,0.0000732899999999999979434506247599756534327752888202667236328125,btc,410.578639609976,0.0,0.02234395468075133,7
1,[],4,[],2019-09-04 23:52:09,91601.00842493,0.00006533,0.000000006875812642,7993678,2019-09-04 23:52:09,btc,11.067184743550495,0.0,0.00006533,btc,74682.28465306,0.35204443,1.8116750344952146,7
1,[],5,[],2019-07-06 00:28:21,0.0,0,0,7800789,2019-07-06 00:28:21,btc,0.0,0.38662001,0,btc,0.0,0.0,0.0,7
1,[],5,[],2019-07-05 17:50:59,0.0,0,0,7799863,2019-07-05 17:50:59,btc,0.0,0.04857279,0,btc,0.0,0.0,0.0,12
1,[],4,[],2019-09-04 23:52:10,21829232.36917287,0.00000017,0.000000000017892058,7993679,2019-09-04 23:52:10,btc,5.194997984477791,0.0,0.00000017,btc,10503973.08489716,0.18347815,1.1497378554973512,12
0.0,[],25,[],2019-09-04 23:52:13,0.0,0,0,7993680,2019-09-04 23:52:13,,0.0,0.0,0.0,btc,0.0,0.0,0.0,12
0,[],2,[],2019-01-20 23:23:08,0.0,0,0,6476890,2019-01-20 23:23:08,,0.0,0.0,0,,0.0,0.0,0.0,12
1,[],4,[],2019-09-04 23:52:13,936594.11595431,0.00000109,0.000000000114719666,7993681,2019-09-04 23:52:13,btc,2.681970337313178,0.0,0.00000109,btc,788036.46891305,0.07529154,0.288745505857701,13
1,[],10,[],2019-09-04 23:52:16,695528.46934859,0.00000111,0.000000000116824614,7993682,2019-09-04 23:52:16,btc,666828.3184804284,22597.3037983,0.00000111,btc,1005984.70762722,0.0,0.0881053851912849,13
1,[],21,[],2019-09-04 23:52:17,4245754.61276012,0.000001129999999999999980629101885,0.000000000118929562,7993683,2019-09-04 23:52:17,btc,3.8685762805332446,521876.89582991,0.000001129999999999999980629101885287735029805844533257186412811279296875,btc,2059122.4192878,0.59310579,1.5430304309996516,13
0,[],17,[],2019-08-21 20:54:35,0.0,0,0,7923253,2019-08-21 20:54:35,btc,0.0,0.0,0,btc,0.0,0.0,0.0,14
1,[],4,[],2019-09-04 23:52:18,1070225.51879831,0.00000060,0.00000000006314844,7993684,2019-09-04 23:52:18,btc,2.195217476506032,0.0,0.00000060,btc,850828.79933966,0.00271654,0.162389118369357,14
1,[],12,[],2019-09-04 23:52:19,230921.3776781,0.00000065,0.00000000006841081,7993685,2019-09-04 23:52:19,btc,181.9922525873034,0.0,0.00000065,btc,34663.1140825,0.003953502044,0.0196871660548266,14
1,[],26,[],2019-09-04 23:52:19,0.0,0,0,7993686,2019-09-04 23:52:19,,0.0,0.0,0,,0.0,0.0,0.0,14
0,[],4,[],2019-09-04 23:52:19,0.0,0,0,7993687,2019-09-04 23:52:19,,0.0,0.0,0,,0.0,0.0,0.0,15
,[],12,[],2018-12-01 15:15:48,204241.84496,0.00000489,0.000000000202473384,5260204,2018-12-01 15:15:48,btc,49.5475654835,0.0,,btc,35763.2193806,0.0163153972027625,0.0203389899998,15
0,[],17,[],2019-08-21 20:54:42,0.0,0,0,7923259,2019-08-21 20:54:42,btc,0.0,0.0,0,btc,0.0,0.0,0.0,18
1,[],4,[],2019-09-04 23:52:20,27737.46696743,0.00000642,0.000000000675688308,7993688,2019-09-04 23:52:20,btc,2.473412286758473,0.0,0.00000642,btc,29528.92253102,0.02958226,0.0278034649998547,18
1,[],10,[],2019-09-04 23:52:22,368960.02335268,0.00000606,0.0000000006377992439999999,7993689,2019-09-04 23:52:22,btc,14.887438827447511,3895.36511148,0.00000606,btc,12954.92131649,0.0,0.1162710934887725,18
1,[],12,[],2019-09-04 23:52:23,13301.37077779,0.0000068100000000000000200599085953268030380058917216956615447998046875,0.000000000716734794,7993690,2019-09-04 23:52:23,btc,0.5640643784599282,0.0,0.0000068100000000000000200599085953268030380058917216956615447998046875,btc,1833.15636787,0.00034083845,0.0091498156421074,18
0,[],2,[],2019-01-20 23:23:38,0.0,0,0,6476906,2019-01-20 23:23:38,,0.0,0.0,0,,0.0,0.0,0.0,18
1,[],3,[],2019-09-04 23:52:24,155188.7532166152,0.000004930000000000000232188400450805687569300062023103237152099609375,0.000000000518869682,7993691,2019-09-04 23:52:24,btc,190.42295195012812,0.0,0.000004930000000000000232188400450805687569300062023103237152099609375,btc,32416.262588631027,0.0,0.0516289846029801,19
1,[],4,[],2019-09-04 23:52:24,449825.3036626,0.00000452,0.000000000475718248,7993692,2019-09-04 23:52:24,btc,3.030503094739616,0.0,0.00000452,btc,286206.28222044,0.06654145,1.0913144481698738,19
1,[],12,[],2019-09-04 23:52:26,127721.93798217,0.0000044700000000000004012350347804005679108740878291428089141845703125,0.000000000470455878,7993693,2019-09-04 23:52:26,btc,0.3191193212881233,0.0,0.0000044700000000000004012350347804005679108740878291428089141845703125,btc,3325.31508773,0.0,0.0160735499998489,19
0,[],27,[],2019-08-12 16:48:42,0.0,0,0,7891818,2019-08-12 16:48:42,,0.0,0.0,0,btc,0.0,0.0,0.0,19
0,[],2,[],2019-01-20 23:24:19,0.0,0,0,6476924,2019-01-20 23:24:19,,0.0,0.0,0,,0.0,0.0,0.0,19
1,[],5,[],2019-07-06 02:01:19,0.0,0,0,7800799,2019-07-06 02:01:19,btc,0.0,0.0,0,btc,0.0,0.0,0.0,19
1,[],4,[],2019-08-19 09:56:57,10479102.32813501,0.00000006,0.00000000000640596,7912317,2019-08-19 09:56:57,btc,4.984292824562718,0.0,0.00000006,btc,2305413.8842246,0.0,0.1263090499480169,20
0,[],17,[],2019-08-21 20:54:51,0.0,0,0,7923265,2019-08-21 20:54:51,btc,0.0,0.0,0,btc,0.0,0.0,0.0,21
0,[],4,[],2019-09-04 23:52:26,0.0,0,0,7993694,2019-09-04 23:52:26,,24669.27587429579,0.0,0,,175772683.4834771,0.0,0.0,21
0,[],12,[],2019-09-04 23:52:27,0.0,0,0,7993695,2019-09-04 23:52:27,btc,2617.120357420949,0.0,0,btc,8261051.89310687,0.0,0.0,21
0.0000000002204393,[],27,[],2019-07-29 17:24:02,79794022.5,8.5971327e-17,8.21370058158e-21,7852364,2019-07-29 17:24:02,eth,1253.5830452782222,787155.0,0.00000039,eth,2317982.66147653,6.7672759904685e-11,2.1948587434632156e-09,23
1,[],12,[],2019-09-04 23:52:28,2890018116.491986,0.0000000019,0.00000000000019997006,7993696,2019-09-04 23:52:28,btc,167285627702.87775,0.0,0.0000000019,btc,2016825306.9902577,0.279000151799,0.878532115134773,23
1,[],4,[],2019-09-04 23:52:29,5942663.06798593,0.00000017,0.000000000017892058,7993697,2019-09-04 23:52:29,btc,4.438597632714589,0.0,0.00000017,btc,2028657.80529641,0.01767394,0.1088573966437535,24
0,[],22,[],2019-09-04 23:52:31,0.0,0,0,7993698,2019-09-04 23:52:31,,2.9367775,0.0,0,,2936.7775,0.0,0.0,24
0.0,[],25,[],2019-09-04 23:52:33,0.0,0,0,7993699,2019-09-04 23:52:33,,0.0,0.0,0.0,btc,0.0,0.0,0.0,24
1,[],4,[],2019-09-04 23:52:34,27520630.89087853,0.00000331,0.000000000348368894,7993700,2019-09-04 23:52:34,btc,4.241181811324106,0.0,0.00000331,btc,197422.31468862,0.04670032,0.5047342024959875,26
1,[],10,[],2019-09-04 23:52:36,214961.38157282,0.00000363,0.000000000382048062,7993701,2019-09-04 23:52:36,btc,25.71219278489494,7185.23449338,0.00000363,btc,19308.87409071,0.0,0.0366627808068706,26
0,[],2,[],2019-01-20 23:25:56,0.0,0,0,6476976,2019-01-20 23:25:56,,0.0,0.0,0,,0.0,0.0,0.0,26
0.00000000006340320000000001,[],4,[],2019-09-04 23:52:36,938685317.9845138,3.4871760000000004e-17,3.670162073424e-21,7993702,2019-09-04 23:52:36,ltc,11.548751108731127,0.0,0.00000055,ltc,954276787.3876106,0.0001,6.198547214809841e-09,29
1,[],7,[],2019-09-04 23:52:38,0.0,0,0,7993703,2019-09-04 23:52:38,btc,1236993.9777369825,0.0,0,btc,39684887.21653367,0.0,0.0,29
0,[],17,[],2019-08-21 20:55:05,0.0,0,0,7923275,2019-08-21 20:55:05,btc,0.0,0.0,0,btc,0.0,0.0,0.0,30
1,[],4,[],2019-09-04 23:52:38,14005467.80507301,0.00000007,0.000000000007367318,7993704,2019-09-04 23:52:38,btc,2.4955617132829473,0.0,0.00000007,btc,1929149.49948496,0.00131413,0.1602688401243599,30
1,[],4,[],2019-09-04 23:52:39,191066.69440127,0.00002562,0.000000002696438388,7993705,2019-09-04 23:52:39,btc,1.9403127980724613,0.0,0.00002562,btc,48413.81701605,0.19216087,0.1934834542405956,31
1,[],21,[],2019-09-04 23:52:40,6331839.70115288,0.00002589000000000000114718130828,0.000000002724855186,7993706,2019-09-04 23:52:40,btc,3.7468597144884255,38961.53010714,0.00002589000000000000114718130828084241557007771916687488555908203125,btc,114503.16788970001,1.03474139,3.3370176202122,31
0,[],2,[],2019-01-20 23:28:43,0.0,0,0,6477009,2019-01-20 23:28:43,,0.0,0.0,0,,0.0,0.0,0.0,32
0,[],4,[],2019-09-04 23:27:54,0.0,0,0,7993619,2019-09-04 23:27:54,,0.0,0.0,0,,0.0,0.0,0.0,33
1,[],12,[],2019-03-30 07:55:10,40641173.964,0.00000003,0.000000000001228359,7108785,2019-03-30 07:55:10,btc,4233210.82356125,0.0,0.00000003,btc,28378394.68333462,0.0126927883965248,0.90752895892,33
0.00000000006340320000000001,[],4,[],2019-09-04 23:52:40,39744777.04549787,2.4727248e-17,2.6024785611552e-21,7993707,2019-09-04 23:52:40,ltc,6.137327083368504,0.0,0.00000039,ltc,194211935.09014696,0.0,3.1601551656445945e-10,34
1,[],5,[],2019-07-06 02:03:46,0.0,0,0,7800811,2019-07-06 02:03:46,btc,0.0,0.0,0,btc,0.0,0.0,0.0,34
1,[],27,[],2019-08-12 16:26:17,6255.0,0.00000019,0.000000000021630303,7891745,2019-08-12 16:26:17,btc,22.61101824371233,0.0,0.00000019,btc,4198.924835,0.0,0.00091445,37
1,[],17,[],2019-08-21 20:55:15,210000.45146899,0.00000025,0.000000000025489949999999998,7923282,2019-08-21 20:55:15,btc,0.003138923777095,0.0,0.00000025,"btc,eth",803.94918473,0.0,0.0001001128676138302,37
1,[],4,[],2019-09-04 23:52:41,10707644.15631746,0.00000010,0.00000000001052474,7993708,2019-09-04 23:52:41,btc,19773.215947735553,0.0,0.00000010,btc,2402824.45821717,0.00375125,0.141395561257301,37
1,[],12,[],2019-09-04 23:52:43,8122722.18181818,0.00000011,0.000000000011577214000000001,7993709,2019-09-04 23:52:43,btc,1679.2703410088882,0.0,0.00000011,btc,2353756.76902498,0.00291519892,0.229369078181818,37
0,[],27,[],2019-08-12 16:26:27,0.0,0,0,7891747,2019-08-12 16:26:27,,0.001005,0.0,0,"btc,eth",3.0,0.0,0.0,42
1,[],12,[],2019-09-04 23:52:45,223719.73854674,0.00000089,0.00000000009367018599999999,7993710,2019-09-04 23:52:45,btc,486.67318959574436,0.0,0.00000089,btc,161028.21685194,0.012991339476,0.0493090699323238,42
1,[],5,[],2019-07-06 02:03:47,0.0,0,0,7800812,2019-07-06 02:03:47,btc,0.0,0.14382058,0,btc,0.0,0.0,0.0,42
1,[],12,[],2019-03-13 09:13:29,1112112.0,0.00000001,0.000000000000386531,6919902,2019-03-13 09:13:29,btc,29058.00478931866,0.0,0.00000001,btc,5967681.93306694,9.99000999e-07,0.01112112,43
1,[],5,[],2019-04-26 22:38:52,0.0,0,0,7474154,2019-04-26 22:38:52,btc,0.0,0.02638891,0,btc,0.0,0.0,0.0,43
0,[],17,[],2019-04-26 22:38:53,0.0,0,0,7474155,2019-04-26 22:38:53,btc,0.0,0.0,0,btc,0.0,0.0,0.0,43
0.00000000006340320000000001,[],4,[],2019-09-04 23:52:45,109639089.40779993,3.8675952e-17,4.0705433905248e-21,7993711,2019-09-04 23:52:45,ltc,8614.741115465022,0.0,0.00000061,ltc,26757293.89006407,0.0,3.988453014338544e-10,49
0.0000000000673771,[],4,[],2019-09-01 13:37:52,277776288.3690458,1.4149191e-17,1.3535738675004002e-21,7981780,2019-09-01 13:37:52,ltc,31254.223411918138,0.0,0.00000021,ltc,165508145.920071,0.0,2.8136254903293817e-10,52
0,[],27,[],2019-08-12 16:26:37,0.0,0,0,7891750,2019-08-12 16:26:37,,0.0,0.0,0,"btc,eth",0.0,0.0,0.0,57
0,[],22,[],2019-09-04 23:52:48,0.0,0,0,7993712,2019-09-04 23:52:48,,10290.06395626,0.0,0,,285312171.3316013,0.0,0.0,57
1,[],17,[],2019-08-21 20:55:25,1200000.0,0.0000000001,0.00000000000001019598,7923289,2019-08-21 20:55:25,btc,1e+24,0.0,0.0000000001,"btc,eth",39506342.31952568,0.0,0.00010000000036633021,58
0.00000000006340320000000001,[],4,[],2019-09-04 23:52:49,1150738574.3299024,6.34032e-19,6.67302195168e-23,7993713,2019-09-04 23:52:49,ltc,19.713214341289934,0.0,0.00000001,ltc,5284227194.880775,0.0,7.296050797595368e-10,58
0,[],12,[],2019-09-04 23:52:50,0.0,0,0,7993714,2019-09-04 23:52:50,btc,71937264.04456083,0.0,0,btc,5217824905.853611,0.002564721067,0.0,58
0.0000000000695247,[],22,[],2019-09-04 23:52:56,626877.0,6.952469999999999e-19,7.31729391078e-23,7993715,2019-09-04 23:52:56,XMR,68.17454206,0.0,0.00000001,XMR,9626402.6,0.0,0.00626877,58
0,[],27,[],2019-07-29 19:34:56,0.0,0,0,7852673,2019-07-29 19:34:56,,1.97314195,0.0,0,"btc,eth",10936.9,0.0,0.0,61
0,[],22,[],2019-08-22 14:00:27,0.0,0,0,7929496,2019-08-22 14:00:27,,1000.95212109,0.0,0,,9656.689066014545,0.0,0.0,61
1,[],26,[],2019-08-22 14:00:27,0.0,0,0,7929497,2019-08-22 14:00:27,,0.0,0.0,0,,0.0,0.0,0.0,61
1,[],28,[],2019-08-22 14:00:41,40000.0,0.00000004,0.000000000004031476,7929498,2019-08-22 14:00:41,btc,0.242343945415105,338.0,0.00000004,btc,8016.46650005,0.0,0.001,61
1,[],5,[],2019-06-17 14:31:27,0.0,0,0,7740135,2019-06-17 14:31:27,btc,0.0,0.00079154,0,btc,0.0,0.0,0.0,61
1,[],4,[],2019-09-04 23:52:56,2007128.85303143,0.00000069,0.000000000072620706,7993716,2019-09-04 23:52:56,btc,3.1575192915973975,0.0,0.00000069,btc,1361131.07899351,0.04571126,0.9444111127811401,67
0.0,[],25,[],2019-09-04 23:53:01,0.0,0,0,7993717,2019-09-04 23:53:01,,0.0,0.0,0.0,btc,0.0,0.0,0.0,67
1,[],12,[],2019-06-02 06:23:14,910048.355,0.00000006,0.000000000005154929999999999,7725270,2019-06-02 06:23:14,btc,5.167005424215783,0.0,0.00000006,btc,738530.60239759,0.003159757462,0.0187188113,71
,[],5,[],2018-11-20 23:02:39,1.5e-07,0.00000005,0.000000000002128045,4862160,2018-11-20 23:02:39,btc,2.84511358,0.0,,btc,0.00036572,0.0,0.07381892,74
1,[],5,[],2019-07-06 00:15:01,0.0,0,0,7800749,2019-07-06 00:15:01,btc,0.0,0.01883861,0,btc,0.0,0.0,0.0,75
1,[],4,[],2019-09-04 23:28:25,155639.77115431,0.00005557,0.000000005846875348,7993631,2019-09-04 23:28:25,btc,56.018778285702425,0.0,0.00005557,btc,129001.62692797,1.87503872,0.7116592379769965,82
1,[],21,[],2019-09-04 23:28:26,777281.71271155,0.00005658999999999999859327803886,0.000000005954196075999999,7993632,2019-09-04 23:28:26,btc,4.067087823279175,22230.85647672,0.00005658999999999999859327803886088759099948219954967498779296875,btc,50322.87775943,1.25267773,1.1462804743669561,82
0,[],4,[],2019-07-23 20:51:52,0.0,0,0,7830376,2019-07-23 20:51:52,,1.6413985531662756,0.0,0,,620289065.5915176,0.0,0.0,85
,[],22,[],2018-11-20 23:09:34,3408.1,0.0000001,0.0000000000041895,4862324,2018-11-20 23:09:34,BTC,0.04624735,0.0,,BTC,4990.0,0.0,0.00033081,86
1,[],22,[],2019-09-04 23:53:06,140526.0,0.00000002,0.000000000002104948,7993718,2019-09-04 23:53:06,BTC,1.79606071,0.0,0.00000002,BTC,882583.4764823451,0.0020317,0.00163064,87
1,[],27,[],2019-08-06 12:06:36,100155.0,0.00000003,0.000000000003516594,7875448,2019-08-06 12:06:36,btc,7.177196150774,345.0,0.00000003,btc,287406.89336,1.035e-05,0.00300465,87
,[],2,[],2018-11-20 23:10:47,0.0,0,0,4862359,2018-11-20 23:10:47,,0.0,0.0,,,0.0,0.0,0.0,88
0,[],2,[],2019-01-20 23:31:45,0.0,0,0,6477083,2019-01-20 23:31:45,,0.0,0.0,0,,0.0,0.0,0.0,91
1,[],12,[],2019-08-21 08:36:52,425737.18747014,0.00000027,0.00000000002755863,7920587,2019-08-21 08:36:52,btc,589.0196553122464,0.0,0.00000027,btc,329461.8088511,0.000457377432,0.0207804367963476,91
0,[],17,[],2019-08-21 08:36:53,0.0,0,0,7920588,2019-08-21 08:36:53,btc,0.0,0.0,0,btc,0.0,0.0,0.0,91
1,[],22,[],2019-08-21 08:36:57,54200.0,0.00000003,0.00000000000306207,7920589,2019-08-21 08:36:57,BTC,1.05335,0.0,0.00000003,"BTC,LTC",1839.95,0.0,0.002326,91
0,[],17,[],2019-08-21 20:55:48,0.0,0,0,7923301,2019-08-21 20:55:48,btc,0.0,0.0,0,btc,0.0,0.0,0.0,96
0.00000000006340320000000001,[],4,[],2019-09-04 23:53:06,598225975.3842404,8.876448e-18,9.342230732352e-22,7993719,2019-09-04 23:53:06,ltc,18.442086636940207,0.0,0.00000014,ltc,218762098.42726803,0.0,6.973750000370967e-10,96
0,[],12,[],2019-09-04 23:53:07,0.0,0,0,7993720,2019-09-04 23:53:07,btc,109.43164546456543,0.0,0,btc,12010394.45654345,0.0,0.0,96
0,[],2,[],2019-01-20 23:23:55,0.0,0,0,6476914,2019-01-20 23:23:55,,0.0,0.0,0,,0.0,0.0,0.0,100
1,[],4,[],2019-09-04 23:53:08,120032.23850028,0.00001317,0.000000001386108258,7993721,2019-09-04 23:53:08,btc,8.416414032245944,0.0,0.00001317,btc,186556.37866622,0.35096458,0.401974912401291,100
1,[],22,[],2019-09-02 01:52:50,146000.0,0.00000002,0.0000000000019461180000000003,7985214,2019-09-02 01:52:50,BTC,26.50623849,0.0,0.00000002,BTC,10383.92,0.0,0.00162,101
1,[],27,[],2019-08-12 16:30:59,2050161.9,0.00000005,0.0000000000056921850000000005,7891762,2019-08-12 16:30:59,btc,261.32824567561846,0.0,0.00000005,btc,285690.80442935,0.0,0.060251537,105
1,[],12,[],2019-08-26 10:09:37,94297270.0,0.000000001,0.00000000000010357180000000001,7965278,2019-08-26 10:09:37,btc,339276.63475285517,0.0,0.000000001,btc,137493066.90169865,0.002908079082,0.09429727,105
1,[],27,[],2019-08-12 16:31:06,1.0,0.00000001,0.000000000001138437,7891764,2019-08-12 16:31:06,btc,0.0,0.0,0.00000001,"btc,eth",0.0,0.0,1e-08,112
0,[],22,[],2019-09-04 23:53:12,0.0,0,0,7993722,2019-09-04 23:53:12,,6.8000547,0.0,0,,3881260.0833333335,0.0,0.0,112
1,[],5,[],2019-07-06 00:19:31,0.0,0,0,7800761,2019-07-06 00:19:31,btc,0.0,0.0,0,btc,0.0,0.0,0.0,112
1,[],5,[],2019-07-06 00:19:43,0.0,0,0,7800765,2019-07-06 00:19:43,btc,0.0,0.0,0,btc,0.0,0.0,0.0,113
1,[],4,[],2019-08-23 18:16:44,371097.09099114,0.00000094,0.000000000097689594,7938037,2019-08-23 18:16:44,btc,6.337079582375524,0.0,0.00000094,btc,946945.41992512,0.00337055,0.1031406582583925,113
1,[],17,[],2019-08-21 20:55:59,212000.0,0.00000004,0.000000000004078392,7923307,2019-08-21 20:55:59,btc,1.3335225243619424,1.12e-06,0.00000004,btc,55804.73574154,0.0,0.00218,116
1,[],27,[],2019-08-02 18:48:59,95525.16595526,0.00000001,0.000000000001045936,7866367,2019-08-02 18:48:59,btc,3918.96487209,0.0,0.00000001,btc,88497.69,0.0,0.0009552516595526,116
1,[],4,[],2019-09-04 23:53:12,23506605.05557857,0.00000053,0.000000000055781122,7993723,2019-09-04 23:53:12,btc,129.9798608361412,0.0,0.00000053,btc,1427920.04235369,0.06404217,1.608743236219999,120
1,[],7,[],2019-09-04 23:53:14,15380.53010803,0.0000078900000000000006911658745334392506265430711209774017333984375,0.000000000830401986,7993724,2019-09-04 23:53:14,btc,115616.31652761524,0.0,0.0000078900000000000006911658745334392506265430711209774017333984375,btc,4537.13059959,0.0,0.0051059522117676,120
1,[],17,[],2019-08-21 20:56:04,10000.0,0.00000001,0.000000000001019598,7923311,2019-08-21 20:56:04,btc,0.0953976503951408,0.0,0.00000001,btc,5037.62507334,0.0,0.0001,131
1,[],4,[],2019-09-04 23:53:15,238035.83253322,0.00000211,0.000000000222072014,7993725,2019-09-04 23:53:15,btc,2.07779890922958,0.0,0.00000211,btc,327928.28806318,0.06108591,0.2610991734425564,131
0,[],2,[],2019-01-20 23:25:46,0.0,0,0,6476969,2019-01-20 23:25:46,,0.0,0.0,0,,0.0,0.0,0.0,131
1,[],4,[],2019-08-20 14:43:19,8549.6097675,0.00005121,0.0000000054409242329999995,7915998,2019-08-20 14:43:19,btc,0.2921428325204394,0.0,0.00005121,btc,235.83446249,0.0,0.0027602632940558,135
1,[],3,[],2019-07-13 16:51:20,187.26592867,0.00000001,0.000000000001140965,7813490,2019-07-13 16:51:20,btc,419.77407087449336,1935513.62324,0.00000001,btc,3179086.72005867,0.0,1.8726592866999999e-06,136
1,[],4,[],2019-09-04 23:53:16,496664.9987129,0.00000384,0.000000000404150016,7993726,2019-09-04 23:53:16,btc,19.31136284089654,0.0,0.00000384,btc,428282.09496694,0.04708882,0.8493158789523428,137
1,[],12,[],2019-09-04 23:53:17,94862.76590617,0.00000391999999999999973790930363204410014077438972890377044677734375,0.000000000412569808,7993727,2019-09-04 23:53:17,btc,38.542989372536404,0.0,0.00000391999999999999973790930363204410014077438972890377044677734375,btc,39840.0,0.0002152,0.0241121199997107,137
1,[],17,[],2019-08-21 20:56:08,32967.38636364,0.00000088,0.00000000008972462400000001,7923315,2019-08-21 20:56:08,btc,20.069762065592148,0.0,0.00000088,btc,2746.079105,0.0,0.0105613000000032,142
1,[],4,[],2019-09-04 23:53:17,328456.41699599,0.00003027,0.000000003185838798,7993728,2019-09-04 23:53:17,btc,5.420913054935055,0.0,0.00003027,btc,99601.44456273,0.43942751,1.889732261031854,142
1,[],20,[],2019-09-04 23:53:20,108146.433,0.000023601,0.0000000024839438874,7993729,2019-09-04 23:53:20,btc,1.275042187149,0.0,0.000023601,btc,3548.8099,0.0,0.0028351444923,142
1,[],22,[],2019-09-04 23:53:22,10619.88,0.00000200,0.0000000002104948,7993730,2019-09-04 23:53:22,BTC,1.55898515,0.0,0.00000200,BTC,835.8398331062671,0.0,0.00416696,142
0.0,[],25,[],2019-09-04 23:53:27,0.0,0,0,7993731,2019-09-04 23:53:27,,0.0,0.0,0.0,btc,0.0,0.0,0.0,142
1,[],28,[],2019-09-04 23:53:39,10096920.0,0.000031660000,0.000000003332132684,7993732,2019-09-04 23:53:39,btc,0.39988224,837.0,0.000031660000,btc,1850.485,0.0,1.4849732,142
1,[],5,[],2019-07-06 02:06:10,0.0,0,0,7800822,2019-07-06 02:06:10,btc,0.0,0.00140707,0,btc,0.0,0.0,0.0,142
0,[],22,[],2019-08-21 15:01:35,0.0,0,0,7922332,2019-08-21 15:01:35,,68.14027224,0.0,0,,718000153.5744588,0.0,0.0,143
0,[],22,[],2019-02-25 15:42:22,0.0,0,0,6783783,2019-02-25 15:42:22,,4.2131946,0.0,0,,2322156.0,0.0,0.0,146
,[],22,[],2018-11-20 23:01:11,0.0,0,0,4862114,2018-11-20 23:01:11,,2.56807021,0.0,,,61828.4988236,0.0,0.0,147
1,[],12,[],2019-04-21 06:38:04,193091.5971266,0.00000071,0.000000000037635183,7388679,2019-04-21 06:38:04,btc,2.301232411611175,0.0,0.00000071,btc,9957.48302385,0.00023528,0.0313308199999888,148
1,[],5,[],2019-04-26 09:36:59,0.0,0,0,7465040,2019-04-26 09:36:59,btc,0.0,0.0,0,btc,0.0,0.0,0.0,153
0,[],23,[],2019-01-20 23:24:29,0.0,0,0,6476932,2019-01-20 23:24:29,,0.0,0.0,0,,0.0,0.0,0.0,156
0,[],22,[],2019-09-04 23:53:41,0.0,0,0,7993733,2019-09-04 23:53:41,,6.87813965,0.0,0,,4570228.592592592,0.0,0.0,156
1,[],22,[],2019-09-04 23:53:44,6996.0,0.00000001,0.000000000001052474,7993734,2019-09-04 23:53:44,BTC,1.7547719,0.0,0.00000001,BTC,64.8,0.0,6.996e-05,157
0,[],22,[],2019-08-17 00:05:41,0.0,0,0,7905012,2019-08-17 00:05:41,,50234.60468402,0.0,0,,54786159.03179465,0.0,0.0,158
,[],17,[],2018-11-20 22:56:10,0.0,0,0,4861976,2018-11-20 22:56:10,btc,1.1265625,0.0,,btc,1000.0,0.0,0.0,159
,[],20,[],2018-11-20 22:56:12,0.0,0,0,4861977,2018-11-20 22:56:12,btc,11912.7940471,0.0,,btc,34413894.3617,0.0,0.0,159
1,[],22,[],2019-09-04 23:53:48,4610.318181818182,0.00000001,0.000000000001052474,7993735,2019-09-04 23:53:48,BTC,22.8347312,0.0,0.00000001,"BTC,LTC",293247.6604070517,1.6e-06,0.00046386,171
0.0000000000644549,[],22,[],2019-09-03 05:10:10,94000.0,6.44549e-19,6.64851004402e-23,7989885,2019-09-03 05:10:10,LTC,17.607944,0.0,0.00000001,LTC,1473441.0846050987,0.0,0.00094,173
1,[],5,[],2019-07-06 02:08:45,0.0,0,0,7800830,2019-07-06 02:08:45,btc,0.0,0.00700197,0,btc,0.0,0.0,0.0,175
0,[],22,[],2019-08-19 04:17:22,0.0,0,0,7911532,2019-08-19 04:17:22,,393.97295672,0.0,0,,135375.61833431243,0.0,0.0,176
1,[],7,[],2019-07-01 10:15:32,0.0,0,0,7783526,2019-07-01 10:15:32,btc,521516.2326888725,0.0,0,btc,26809253.73522063,0.0,0.0,178
0,[],22,[],2019-09-04 23:53:51,0.0,0,0,7993736,2019-09-04 23:53:51,,1.00205534,0.0,0,,62828.0,0.0,0.0,178
0,[],2,[],2019-01-20 23:28:34,0.0,0,0,6477001,2019-01-20 23:28:34,,0.0,0.0,0,,0.0,0.0,0.0,178
1,[],5,[],2019-07-06 02:08:50,0.0,0,0,7800832,2019-07-06 02:08:50,btc,0.0,6.904e-05,0,btc,0.0,0.0,0.0,179
0.00000000006340320000000001,[],22,[],2019-09-04 23:53:55,685749.7,1.9020960000000002e-17,2.0019065855040002e-21,7993737,2019-09-04 23:53:55,LTC,10.20937404,0.0,0.0000003,LTC,14612113.811946675,2.71054386288e-13,0.20572491,179
0,[],23,[],2019-01-20 23:25:08,0.0,0,0,6476952,2019-01-20 23:25:08,,0.0,0.0,0,,0.0,0.0,0.0,179
1,[],17,[],2019-08-21 20:57:03,32504.725000000002,0.00000015,0.00000000001529397,7923326,2019-08-21 20:57:03,btc,5.201614863967379,8e-06,0.00000015,btc,5020.40125,0.0,0.0029504724999999997,180
1,[],22,[],2019-09-04 23:53:59,749013.2863636364,0.00000035,0.00000000003683659,7993738,2019-09-04 23:53:59,BTC,2.96647879,0.0,0.00000035,"BTC,LTC",251818.19936367098,0.00028,0.60370593,180
1,[],26,[],2019-09-04 23:53:59,0.0,0,0,7993739,2019-09-04 23:53:59,,0.0,0.0,0,,0.0,0.0,0.0,180
,[],7,[],2018-11-20 22:58:01,562227.975654,0.00000085,0.000000000036176765,4862015,2018-11-20 22:58:01,btc,21836.6059674,2491.87645172,,btc,749999.041456,0.00211021,0.127565380455,183
,[],5,[],2019-01-10 08:11:41,0.0,0,0,6347036,2019-01-10 08:11:41,btc,82.15055501,0.00261,,btc,1.19002445,0.0,0.0,187
,[],17,[],2018-11-16 20:58:10,4062536.27273,0.00000001,0.000000000000550501,4708775,2018-11-16 20:58:10,btc,3.36492563466,0.195460381006,,"btc,eth",110697919.549,0.0,0.0157628953496,187
1,[],24,[],2019-05-22 21:04:52,0.0,0.000000000014,0.0000000000000010960978,7670219,2019-05-22 21:04:52,btc,0.0,0.0,0.000000000014,btc,0.0,0.0,0.0,187
0,[],23,[],2019-01-20 23:31:41,0.0,0,0,6477079,2019-01-20 23:31:41,,0.0,0.0,0,,0.0,0.0,0.0,199
0,[],22,[],2019-09-04 23:54:03,0.0,0,0,7993740,2019-09-04 23:54:03,,6.97417052,0.0,0,,108405779.0,0.0,0.0,199
1,[],26,[],2019-09-04 23:54:03,0.0,0,0,7993741,2019-09-04 23:54:03,,0.0,0.0,0,,0.0,0.0,0.0,199
1,[],4,[],2019-01-25 15:51:35,2084389.58565343,0.00000936,0.000000000333526752,6499557,2019-01-25 15:51:35,btc,2.0092503037378524,0.0,0.00000936,btc,160195.80207885,0.19272417,1.242687955921835,211
1,[],7,[],2019-07-01 02:21:28,1170054124.6898527,0.00000018,0.000000000019815389999999997,7782694,2019-07-01 02:21:28,btc,1346735.6331920293,0.0,0.00000018,btc,5516233.71348162,0.0,11.954344045954047,212
0,[],22,[],2019-08-19 07:38:07,0.0,0,0,7911940,2019-08-19 07:38:07,,6.8412543,0.0,0,,3272264.174064925,0.0,0.0,216
1,[],27,[],2019-08-12 16:37:52,320029.088,0.00000001,0.000000000001138437,7891783,2019-08-12 16:37:52,btc,176.0318120012664,0.0,0.00000001,"btc,ltc",485496.05456794,0.0,0.00320029088,216
1,[],22,[],2019-09-04 23:54:08,1240623.061904762,0.00000015,0.00000000001578711,7993742,2019-09-04 23:54:08,BTC,12055.77052978,0.0,0.00000015,BTC,487249.9186142264,0.04335086,0.04595154,217
0,[],22,[],2019-08-29 16:52:21,0.0,0,0,7978120,2019-08-29 16:52:21,,4.69007484,0.0,0,,180254.70709740353,0.0,0.0,221
1,[],24,[],2019-08-29 16:52:22,0.0,0.000000010000,0.000000000000950592,7978121,2019-08-29 16:52:22,btc,0.0,0.0,0.000000010000,btc,0.0,0.0,0.0,221
1,[],26,[],2019-09-04 23:54:08,0.0,0,0,7993743,2019-09-04 23:54:08,,0.0,0.0,0,,0.0,0.0,0.0,231
0.0000000001859265,[],27,[],2019-08-12 16:38:10,100.0,1.859265e-18,2.1166560688050002e-22,7891787,2019-08-12 16:38:10,eth,0.0,0.0,0.00000001,"btc,eth",0.0,0.0,1.8592649999999999e-16,234
1,[],26,[],2019-09-04 23:54:08,0.0,0,0,7993744,2019-09-04 23:54:08,,0.0,0.0,0,,0.0,0.0,0.0,234
1,[],5,[],2019-07-06 02:11:21,0.0,0,0,7800842,2019-07-06 02:11:21,btc,0.0,0.10652887,0,btc,0.0,0.0,0.0,237
1,[],20,[],2019-09-04 23:54:10,41738179.4214,0.000000029,0.0000000000030521746,7993745,2019-09-04 23:54:10,btc,521.552563255399,516459.9099,0.000000029,btc,34465348.2247,0.0150097800937,0.2958992096047,237
1,[],22,[],2019-09-04 23:54:13,1837861.0,0.00000001,0.000000000001052474,7993746,2019-09-04 23:54:13,BTC,1.20569942,0.0,0.00000001,"BTC,LTC",60432.94871794872,0.0,0.01837861,237
1,[],5,[],2019-07-06 02:11:32,0.0,0,0,7800846,2019-07-06 02:11:32,btc,0.0,0.05525444,0,btc,0.0,0.0,0.0,238
1,[],4,[],2019-08-18 21:55:28,28766182.9187235,0.00000006,0.0000000000062177580000000004,7910606,2019-08-18 21:55:28,btc,2.1262004590211685,0.0,0.00000006,btc,15667280.40051822,0.02567584,0.5811165339764514,238
0.0000000000711565,[],22,[],2019-08-17 13:20:25,419253.0,7.115650000000001e-19,7.3700771814e-23,7906682,2019-08-17 13:20:25,LTC,0.40427224,0.0,0.00000001,LTC,496363.0639027493,0.0,0.00419253,249
0,[],22,[],2019-09-04 23:54:16,0.0,0,0,7993747,2019-09-04 23:54:16,,13.4488406,0.0,0,,43819581.3426455,0.0,0.0,252
1,[],28,[],2019-09-04 23:54:28,1340076.0,0.00000033,0.000000000034731642,7993748,2019-09-04 23:54:28,btc,164697.20972693854,249156.56,0.00000033,btc,2645990.7624,0.0,0.07236888,256
0.0000000000916764,[],22,[],2019-07-23 20:12:22,1517.0,9.16764e-19,9.31930943616e-23,7830286,2019-07-23 20:12:22,LTC,31474.63788373,0.0,0.00000001,LTC,1024398.9185893413,0.0,1.517e-05,258
1,[],5,[],2019-07-02 14:44:15,0.0,0,0,7788374,2019-07-02 14:44:15,btc,0.0,0.02775788,0,btc,0.0,0.0,0.0,264
1,[],20,[],2019-09-04 23:54:30,940618.4258,0.000000345,0.000000000036310353,7993749,2019-09-04 23:54:30,btc,0.4686609824326,192.0,0.000000345,btc,44726.8797,7.104e-05,0.0183048901494,264
0,[],22,[],2019-08-27 11:47:19,0.0,0,0,7977618,2019-08-27 11:47:19,,33050469.74148113,0.0,0,,14261527780.7,0.0,0.0,272
0.0000000000000025860000000000002,[],28,[],2019-08-27 11:47:30,139196263259.852,3.1032000000000002e-22,3.1535059752e-26,7977619,2019-08-27 11:47:30,doge,1708945031879160.8,7392150085.764,0.00000012,doge,49126229218.319,0.0,3.124217329408538e-11,272
0,[],22,[],2019-09-04 23:54:32,0.0,0,0,7993750,2019-09-04 23:54:32,,73.4668573,0.0,0,,1523613.3487135023,0.0,0.0,286
