pairValue,buyBook,exchangeId,sellBook,updated,buyTotal,satoshiPrice,usdPrice,exchangeLogId,created,bestPair,sellTotalBtc,volume,pairPrice,activePairs,sellTotal,volumeBtc,buyTotalBtc,coinId
1,[],20,[],2019-06-01 22:31:01,934.173,0.00920886,0.000000789645010824,7724106,2019-06-01 22:31:01,btc,0.2236972368539,0.0,0.00920886,btc,17.3498,0.0,0.0998304167403,1
1,[],3,[],2019-06-02 00:00:20,398.596942067533,0.01065982000000000040618175489726127125322818756103515625,0.000000912621301624,7724197,2019-06-02 00:00:20,btc,3.8751587436954114,42.7172265465,0.01065982000000000040618175489726127125322818756103515625,btc,23.827019730564,0.0,0.27031462030369074,1
1,[],4,[],2019-06-02 00:00:21,207691.67363819,0.01089302,0.000000932586299864,7724198,2019-06-02 00:00:21,btc,7.677752327689713,0.0,0.01089302,btc,305.5093893,0.69629826,0.6298843871043474,1
1,[],5,[],2019-06-02 00:00:23,0.0,0,0,7724199,2019-06-02 00:00:23,btc,0.0,0.01887923,0,btc,0.0,0.0,0.0,1
1,[],10,[],2019-06-02 00:00:26,312491.8710322,0.00699,0.0000005984362679999999,7724200,2019-06-02 00:00:26,btc,6520.112585551628,1641.73130224,0.00699,btc,1201.79792064,0.0,2.406249559643834,1
1,[],12,[],2019-06-02 00:00:29,85.90034807,0.01084000000000000067668093350903291138820350170135498046875,0.0000009280470880000001,7724201,2019-06-02 00:00:29,btc,0.1620820480002,0.0,0.01084000000000000067668093350903291138820350170135498046875,btc,14.13010106,0.097622559864,0.4015140563752,1
1,[],21,[],2019-06-02 00:00:32,2182.15942975,0.01086143000000000004290345856,0.0000009298817788759999,7724202,2019-06-02 00:00:32,btc,7.406113950379326,5205.98249295,0.01086143000000000004290345856361454934813082218170166015625,"btc,eth",977.15821219,54.366791192400804,20.03203409894677,1
1,[],22,[],2019-06-02 00:00:35,0.0025666666666666667,0.00900000,0.0000007705188,7724203,2019-06-02 00:00:35,BTC,0.31629903,0.0,0.00900000,BTC,0.2505752479991019,0.0,2.31e-05,1
1,[],24,[],2019-06-02 00:00:36,0.0,0.000000000000,0,7724204,2019-06-02 00:00:36,btc,0.0,0.0,0.000000000000,btc,0.0,0.0,0.0,1
0.0,[],25,[],2019-06-02 00:00:38,0.0,0,0,7724205,2019-06-02 00:00:38,btc,9.899999999471314,5715.26314665,0.0,btc,888.72369121,62.4888,0.0,1
1,[],26,[],2019-06-02 00:00:44,0.0,0,0,7724206,2019-06-02 00:00:44,,0.0,0.0,0,,0.0,0.0,0.0,1
0,[],28,[],2019-06-02 00:01:34,0.0,0,0,7724207,2019-06-02 00:01:34,,0.0,342214.6,0,,0.0,0.0,0.0,1
0,[],2,[],2019-01-20 23:28:45,0.0,0,0,6477011,2019-01-20 23:28:45,,0.0,0.0,0,,0.0,0.0,0.0,1
1,[],5,[],2019-06-02 00:01:35,0.0,0,0,7724208,2019-06-02 00:01:35,btc,0.0,0.03186462,0,btc,0.0,0.0,0.0,2
0,[],22,[],2019-06-02 00:01:37,0.0,0,0,7724209,2019-06-02 00:01:37,,0.0,0.0,0,,0.0,0.0,0.0,2
1,[],5,[],2019-06-02 00:01:39,0.0,0,0,7724210,2019-06-02 00:01:39,btc,0.0,0.16768822,0,btc,0.0,0.0,0.0,3
1,[],12,[],2019-06-02 00:01:40,2592565.69674,0.000000118,0.0000000000101023576,7724211,2019-06-02 00:01:40,btc,169531.08270572417,0.0,0.000000118,btc,2602038.24490056,0.076801152152,0.24657659052972,3
0,[],28,[],2019-06-02 00:01:42,0.0,0,0,7724212,2019-06-02 00:01:42,,0.0,0.0,0,,0.0,0.0,0.0,3
0,[],2,[],2019-01-20 23:31:32,0.0,0,0,6477077,2019-01-20 23:31:32,,0.0,0.0,0,,0.0,0.0,0.0,4
1,[],4,[],2019-05-18 21:29:50,562734.9206932,0.00000010,0.000000000007298720000000001,7650946,2019-05-18 21:29:50,btc,41.9347137769675,0.0,0.00000010,btc,1123702.32192634,0.00052462,0.029254593370966,4
0,[],12,[],2019-06-01 19:28:01,0.0,0,0,7723527,2019-06-01 19:28:01,btc,625.901992874995,0.0,0,btc,1211362.4995005,0.0,0.0,5
0,[],2,[],2019-01-20 23:31:51,0.0,0,0,6477087,2019-01-20 23:31:51,,0.0,0.0,0,,0.0,0.0,0.0,6
1,[],11,[],2019-06-02 00:01:44,9060347.776736,0.00000002,0.0000000000017122640000000001,7724213,2019-06-02 00:01:44,btc,9582.817696002945,4718185.0,0.00000002,btc,67260595.46260394,0.0,0.13675210276736,6
1,[],3,[],2019-06-02 00:01:46,12577.872825985802,0.000089229999999999997793882766661255345752579160034656524658203125,0.000000007639265835999999,7724214,2019-06-02 00:01:46,btc,0.11244421216574417,255.346731599,0.000089229999999999997793882766661255345752579160034656524658203125,btc,187.549241243082,0.0,0.02729953450450993,7
1,[],4,[],2019-06-02 00:01:47,316459.06338776,0.00009000,0.000000007705188,7724215,2019-06-02 00:01:47,btc,9.39849214941048,0.0,0.00009000,btc,58121.1192178,1.44552546,1.5817201949119657,7
1,[],5,[],2019-06-02 00:01:48,0.0,0,0,7724216,2019-06-02 00:01:48,btc,0.0,0.46981579,0,btc,0.0,0.0,0.0,7
1,[],20,[],2019-04-07 22:06:50,3201475.0482,0.000000001,0.000000000000051590000000000004,7213932,2019-04-07 22:06:50,btc,30.8005781811902,0.0,0.000000001,btc,23077405.3926,0.0,0.0032014750482,8
0,[],2,[],2019-01-20 23:22:42,0.0,0,0,6476876,2019-01-20 23:22:42,,0.0,0.0,0,,0.0,0.0,0.0,9
0,[],23,[],2019-01-20 23:22:48,0.0,0,0,6476878,2019-01-20 23:22:48,,0.0,0.0,0,,0.0,0.0,0.0,9
1,[],4,[],2019-06-02 00:01:51,2937361.68147707,0.00000048,0.000000000041094336,7724217,2019-06-02 00:01:51,btc,3.248180673012844,0.0,0.00000048,btc,3140418.62343981,0.20014305,0.3134753689778824,9
0,[],28,[],2019-06-02 00:02:47,0.0,0,0,7724218,2019-06-02 00:02:47,,0.0,3584225.0,0,,0.0,0.0,0.0,9
1,[],1,[],2019-02-17 23:31:42,1822507.21,0.00000181000000000000003456111265232042484285557293333113193511962890625,0.000000000066086901,6701244,2019-02-17 23:31:42,btc,3.6990969245,17153386.5,0.00000181000000000000003456111265232042484285557293333113193511962890625,btc,1997391.71,31.11772986,3.2610482446,9
1,[],4,[],2019-02-17 11:22:43,4341674.27126056,0.00000002,0.0000000000007272960000000001,6696112,2019-02-17 11:22:43,btc,0.1997230937751353,0.0,0.00000002,btc,4109766.79808031,0.00215132,0.0479381022052112,10
0,[],2,[],2019-01-20 23:23:08,0.0,0,0,6476890,2019-01-20 23:23:08,,0.0,0.0,0,,0.0,0.0,0.0,12
1,[],4,[],2019-06-02 00:02:47,7134443.81219753,0.00000044,0.000000000037669807999999997,7724219,2019-06-02 00:02:47,btc,4.7230846382768075,0.0,0.00000044,btc,5070437.8610043,0.62347952,1.0595743945455638,12
1,[],5,[],2019-06-02 00:02:48,0.0,0,0,7724220,2019-06-02 00:02:48,btc,0.0,0.21972378,0,btc,0.0,0.0,0.0,12
0.0,[],25,[],2019-06-02 00:02:49,0.0,0,0,7724221,2019-06-02 00:02:49,,0.0,0.0,0.0,btc,0.0,0.0,0.0,12
1,[],10,[],2019-06-01 22:33:42,654054.46339873,0.00000536,0.000000000459611424,7724128,2019-06-01 22:33:42,btc,666803.2856282137,28677.8786144,0.00000536,btc,869704.19295442,0.0,0.2447447510901778,13
1,[],4,[],2019-06-02 00:02:50,344796.16344096,0.00000542,0.000000000464023544,7724222,2019-06-02 00:02:50,btc,1.7577012667427696,0.0,0.00000542,btc,232962.10338481,0.37439121,0.5179597258020455,13
1,[],21,[],2019-06-02 00:02:53,1836149.69049612,0.000005450000000000000335712360688,0.00000000046659194,7724223,2019-06-02 00:02:53,btc,2.8155542642320195,646486.8059565,0.00000545000000000000033571236068841159294606768526136875152587890625,btc,449601.25015888,3.65799118,7.217485364218946,13
1,[],4,[],2019-06-02 00:02:54,906874.49854484,0.00000075,0.0000000000642099,7724224,2019-06-02 00:02:54,btc,4.235573595589262,0.0,0.00000075,btc,845957.98851643,0.01302008,0.0788887496340769,14
1,[],12,[],2019-06-02 00:02:55,137215.34865666,0.00000073,0.000000000062497636,7724225,2019-06-02 00:02:55,btc,14.139207527042865,0.0,0.00000073,btc,21325.79861006,5.154845e-06,0.016158499999965,14
1,[],26,[],2019-06-02 00:04:55,0.0,0,0,7724226,2019-06-02 00:04:55,,0.0,0.0,0,,0.0,0.0,0.0,14
0,[],17,[],2019-05-03 00:53:32,0.0,0,0,7558876,2019-05-03 00:53:32,btc,0.0,0.0,0,btc,0.0,0.0,0.0,14
,[],12,[],2018-12-01 15:15:48,204241.84496,0.00000489,0.000000000202473384,5260204,2018-12-01 15:15:48,btc,49.5475654835,0.0,,btc,35763.2193806,0.0163153972027625,0.0203389899998,15
0,[],4,[],2019-06-02 00:04:56,0.0,0,0,7724227,2019-06-02 00:04:56,,0.0,0.0,0,,0.0,0.0,0.0,15
0,[],2,[],2019-01-20 23:23:38,0.0,0,0,6476906,2019-01-20 23:23:38,,0.0,0.0,0,,0.0,0.0,0.0,18
1,[],4,[],2019-06-02 00:04:57,35281.5112709,0.00001071,0.000000000916917372,7724228,2019-06-02 00:04:57,btc,0.9813891097338331,0.0,0.00001071,btc,11925.74846112,0.08749101,0.0885794579544016,18
1,[],10,[],2019-06-02 00:04:59,494948.46699094,0.00001247,0.0000000010675966039999998,7724229,2019-06-02 00:04:59,btc,15.34062803809308,2170.93856192,0.00001247,btc,13281.65146029,0.0,0.1516298813311956,18
1,[],12,[],2019-06-02 00:05:00,3228.9033968599997,0.00001205999999999999972954793647783588994570891372859477996826171875,0.0000000010324951919999999,7724230,2019-06-02 00:05:00,btc,0.4010292751161237,0.0,0.00001205999999999999972954793647783588994570891372859477996826171875,btc,1475.46762187,0.000206634121,0.0132065032825963,18
0,[],17,[],2019-05-03 00:53:39,0.0,0,0,7558882,2019-05-03 00:53:39,btc,0.0,0.0,0,btc,0.0,0.0,0.0,18
0,[],2,[],2019-01-20 23:24:19,0.0,0,0,6476924,2019-01-20 23:24:19,,0.0,0.0,0,,0.0,0.0,0.0,19
1,[],3,[],2019-06-02 00:07:02,148643.55701166543,0.0000055099999999999997612500080013120395960868336260318756103515625,0.000000000471728732,7724231,2019-06-02 00:07:02,btc,0.22383757018591877,5449.68204435,0.0000055099999999999997612500080013120395960868336260318756103515625,btc,6000.644779201002,0.0,0.047999624201966,19
1,[],4,[],2019-06-02 00:07:03,513662.26377842,0.00000818,0.000000000700315976,7724232,2019-06-02 00:07:03,btc,4.071748051413571,0.0,0.00000818,btc,166427.32148286,0.19255385,0.4097010421247153,19
1,[],5,[],2019-06-02 00:07:05,0.0,0,0,7724233,2019-06-02 00:07:05,btc,0.0,0.0,0,btc,0.0,0.0,0.0,19
1,[],12,[],2019-06-02 00:07:06,15202.57579967,0.000007089999999999999880334437818429904609729419462382793426513671875,0.000000000606997588,7724234,2019-06-02 00:07:06,btc,0.0527283156973171,0.0,0.000007089999999999999880334437818429904609729419462382793426513671875,btc,1949.0831785,0.00145584,0.0268905199996457,19
0,[],27,[],2019-06-02 00:07:09,0.0,0,0,7724235,2019-06-02 00:07:09,,0.0,0.0,0,btc,0.0,0.0,0.0,19
1,[],4,[],2019-06-02 00:07:10,10062076.88478525,0.00000007,0.000000000005992924,7724236,2019-06-02 00:07:10,btc,6.411239436602338,0.0,0.00000007,btc,2322306.93095912,0.0,0.1174938176872809,20
1,[],4,[],2019-06-02 00:07:11,8553090.048,0.00000001,0.000000000000856132,7724237,2019-06-02 00:07:11,btc,1789.483833223811,0.0,0.00000001,btc,72027209.49751575,0.0325382,0.08553090048,21
1,[],12,[],2019-06-02 00:07:12,2140017.0,0.00000001,0.0000000000008561320000000001,7724238,2019-06-02 00:07:12,btc,2566.6125287053546,0.0,0.00000001,btc,5033244.76723275,0.0,0.02140017,21
0,[],17,[],2019-05-03 00:53:51,0.0,0,0,7558891,2019-05-03 00:53:51,btc,0.0,0.0,0,btc,0.0,0.0,0.0,21
1,[],12,[],2019-06-02 00:09:14,5299095744.0,0.0000000003,0.00000000000002568396,7724239,2019-06-02 00:09:14,btc,709129802.0974251,0.0,0.0000000003,btc,3224864244.2753677,0.010613569743,1.1949584625,23
0.000000000309316,[],27,[],2019-06-02 00:09:17,64211333.9610017,1.237264e-17,1.059261302848e-21,7724240,2019-06-02 00:09:17,eth,105072.805914702,1685458.750943,0.00000004,eth,19817974.82,2.08535743486e-11,3.715058341789689e-10,23
1,[],4,[],2019-06-02 00:09:19,1857055.1913898,0.00000024,0.000000000020547168,7724241,2019-06-02 00:09:19,btc,10.733609055519839,0.0,0.00000024,btc,1726554.26546968,0.00258184,0.0637081580200114,24
1,[],22,[],2019-06-02 00:09:23,21.76,0.00000100,0.0000000000856132,7724242,2019-06-02 00:09:23,BTC,7.415e-05,0.0,0.00000100,BTC,23.919354838709676,0.0,1.186e-05,24
0.0,[],25,[],2019-06-02 00:09:25,0.0,0,0,7724243,2019-06-02 00:09:25,,0.0,0.0,0.0,btc,0.0,0.0,0.0,24
0,[],2,[],2019-01-20 23:25:56,0.0,0,0,6476976,2019-01-20 23:25:56,,0.0,0.0,0,,0.0,0.0,0.0,26
1,[],4,[],2019-06-02 00:09:26,26946568.5099159,0.00000481,0.000000000411799492,7724244,2019-06-02 00:09:26,btc,13.422838592452,0.0,0.00000481,btc,246325.21991855,0.11513919,0.4926841317914228,26
1,[],10,[],2019-06-02 00:09:28,151396.73367007,0.0000042,0.00000000035957543999999997,7724245,2019-06-02 00:09:28,btc,25.585066996571936,8317.5139918,0.0000042,btc,23240.73504721,0.0,0.0376304412228102,26
1,[],5,[],2019-04-26 09:47:06,0.0,0,0,7465326,2019-04-26 09:47:06,btc,0.0,0.0,0,btc,0.0,0.0,0.0,27
1,[],3,[],2019-06-02 00:09:28,21551072.185043,0.00000001,0.0000000000008561320000000001,7724246,2019-06-02 00:09:28,btc,3.7666319930617616,4486055.18501,0.00000001,btc,26152382.56528196,0.0,0.21551072185043,27
1,[],11,[],2019-06-02 00:09:30,2110243.08157834,0.00000002,0.0000000000017122640000000001,7724247,2019-06-02 00:09:30,btc,67503.04527066177,19676.5543251,0.00000002,btc,6588861.32608848,0.0,0.0211134458157834,27
1,[],4,[],2019-06-02 00:09:31,1198933807.413327,0.00000001,0.000000000000856132,7724248,2019-06-02 00:09:31,btc,4.838395543859736,0.0,0.00000001,"btc,ltc",295198540.53950804,0.06107667,8.630588848057036,29
1,[],7,[],2019-06-02 00:09:34,85451021.33155985,0.00000001,0.0000000000008561320000000001,7724249,2019-06-02 00:09:34,btc,46548272.13040082,0.0,0.00000001,btc,35158593.4218814,0.0,0.8545102133155985,29
0,[],17,[],2019-05-03 01:11:25,0.0,0,0,7559066,2019-05-03 01:11:25,btc,0.0,0.0,0,btc,0.0,0.0,0.0,30
1,[],4,[],2019-06-02 00:09:35,15242848.2015631,0.00000006,0.000000000005136792,7724250,2019-06-02 00:09:35,btc,2.562666443401238,0.0,0.00000006,btc,2020880.51679651,0.00085594,0.1687433592294358,30
1,[],4,[],2019-06-02 00:11:36,106978.91480224,0.00004261,0.000000003647978452,7724251,2019-06-02 00:11:36,btc,3.1538467478837307,0.0,0.00004261,btc,42688.52756863,0.64002032,0.4879556019166836,31
1,[],21,[],2019-06-02 00:11:38,182367.18269579,0.00004529000000000000175160233540,0.000000003877421828,7724252,2019-06-02 00:11:38,btc,5.591013689194154,140086.10128198,0.0000452900000000000017516023353980614274405525065958499908447265625,btc,112691.75241961,6.45333305,6.780791204564043,31
0,[],2,[],2019-01-20 23:28:43,0.0,0,0,6477009,2019-01-20 23:28:43,,0.0,0.0,0,,0.0,0.0,0.0,32
1,[],12,[],2019-03-30 07:55:10,40641173.964,0.00000003,0.000000000001228359,7108785,2019-03-30 07:55:10,btc,4233210.82356125,0.0,0.00000003,btc,28378394.68333462,0.0126927883965248,0.90752895892,33
0,[],4,[],2019-06-02 00:11:39,0.0,0,0,7724253,2019-06-02 00:11:39,,0.0,0.0,0,,0.0,0.0,0.0,33
0.0000000001315218,[],4,[],2019-06-02 00:11:40,466989824.9928879,6.4445682e-17,5.5174010622024e-21,7724254,2019-06-02 00:11:40,ltc,3.7210206143451288,0.0,0.00000049,ltc,156036318.54436523,0.0,1.807745824319127e-09,34
1,[],5,[],2019-06-02 00:11:42,0.0,0,0,7724255,2019-06-02 00:11:42,btc,0.0,1.262e-05,0,btc,0.0,0.0,0.0,34
0.0000000002926451,[],17,[],2019-05-02 18:17:47,200000.0,2.9264510000000002e-18,1.596703856561e-22,7556430,2019-05-02 18:17:47,eth,0.20942468735267253,0.0,0.00000001,"btc,eth",1018272.20243647,0.0,5.852902e-13,36
0.0000000001311821,[],4,[],2019-05-31 13:28:19,2417517744.0607657,1.311821e-18,1.105058333085e-22,7717483,2019-05-31 13:28:19,ltc,5.019900492391546e-08,0.0,0.00000001,ltc,7102398142.262129,0.0,3.171350544531538e-09,36
1,[],5,[],2019-05-31 13:28:21,0.0,0,0,7717484,2019-05-31 13:28:21,btc,0.0,0.0,0,btc,0.0,0.0,0.0,36
0.0000000003108179,[],27,[],2019-05-31 13:30:34,10388811.226876,6.216358000000001e-18,5.236566733830001e-22,7717485,2019-05-31 13:30:34,eth,1569.8708019850988,761866.634299,0.00000002,"ltc,eth",5084024.2511555,4.736034912207001e-12,3.3251980286483705e-11,36
1,[],17,[],2019-05-03 01:11:36,211752.74075282,0.00000025,0.000000000013700074999999998,7559074,2019-05-03 01:11:36,btc,0.055484923955058496,0.0,0.00000025,"btc,eth",1387.19918473,0.0,0.0005381851887916605,37
1,[],4,[],2019-06-02 00:11:43,9979954.27240114,0.00000015,0.00000000001284198,7724256,2019-06-02 00:11:43,btc,19772.502894509886,0.0,0.00000015,btc,736058.76933135,0.00185575,0.128316319811371,37
1,[],12,[],2019-06-02 00:11:43,3638501.74028571,0.00000018,0.000000000015410376,7724257,2019-06-02 00:11:43,btc,9.358038929760259,0.0,0.00000018,btc,975161.66114724,0.009341214265,0.1625770432514278,37
1,[],27,[],2019-06-02 00:13:47,19110.0,0.00000018,0.000000000015410376,7724258,2019-06-02 00:13:47,btc,22.62970013895233,0.0,0.00000018,btc,4298.824295,0.0,0.00293138,37
1,[],5,[],2019-06-02 00:13:48,0.0,0,0,7724259,2019-06-02 00:13:48,btc,0.0,0.00193142,0,btc,0.0,0.0,0.0,42
1,[],12,[],2019-06-02 00:13:50,142681.36176363,0.00000101999999999999997501889774376149233603428001515567302703857421875,0.000000000087325464,7724260,2019-06-02 00:13:50,btc,24.7902345482077,0.0,0.00000101999999999999997501889774376149233603428001515567302703857421875,btc,72428.88087489,0.0,0.0560297399999532,42
1,[],27,[],2019-06-02 00:13:54,506.0,0.00000002,0.000000000001712264,7724261,2019-06-02 00:13:54,btc,0.07600425,0.0,0.00000002,"btc,eth",18.0,0.0,6.00000032496739e-06,42
1,[],12,[],2019-03-13 09:13:29,1112112.0,0.00000001,0.000000000000386531,6919902,2019-03-13 09:13:29,btc,29058.00478931866,0.0,0.00000001,btc,5967681.93306694,9.99000999e-07,0.01112112,43
1,[],5,[],2019-04-26 22:38:52,0.0,0,0,7474154,2019-04-26 22:38:52,btc,0.0,0.02638891,0,btc,0.0,0.0,0.0,43
0,[],17,[],2019-04-26 22:38:53,0.0,0,0,7474155,2019-04-26 22:38:53,btc,0.0,0.0,0,btc,0.0,0.0,0.0,43
1,[],12,[],2019-03-05 01:54:08,639326.02,0.00000004,0.000000000001486676,6845775,2019-03-05 01:54:08,btc,11116042.728239931,0.0,0.00000004,btc,1103841.4595604,0.0003330765234764,0.014975410599999999,44
1,[],4,[],2019-06-02 00:13:55,105282628.55687454,0.00000001,0.000000000000856132,7724262,2019-06-02 00:13:55,btc,2660396.6042098016,0.0,0.00000001,"btc,ltc",28282947.90928054,0.00157596,0.03420341811670296,49
0.0000000001315218,[],4,[],2019-06-02 00:13:55,133590537.4749375,3.945654e-17,3.3780006503279997e-21,7724263,2019-06-02 00:13:55,ltc,194919.89386955238,0.0,0.0000003,ltc,163236979.83004135,0.0,1.3825230218639478e-09,52
0,[],22,[],2019-06-02 00:13:58,0.0,0,0,7724264,2019-06-02 00:13:58,,10289.52569349,0.0,0,,305146396.4566013,0.0,0.0,57
1,[],27,[],2019-06-02 00:14:04,2297.0,0.0000003,0.00000000002568396,7724265,2019-06-02 00:14:04,btc,0.0,0.0,0.0000003,"btc,eth",0.0,0.0,0.0003891,57
1,[],17,[],2019-05-03 01:12:09,1200000.0,0.0000000001,0.00000000000000548003,7559085,2019-05-03 01:12:09,btc,1e+24,0.0,0.0000000001,"btc,eth",39516342.31952568,0.0,0.00010000000058666061,58
0.0000000001315218,[],4,[],2019-06-02 00:14:05,3421440497.0161414,1.315218e-18,1.1260002167759999e-22,7724266,2019-06-02 00:14:05,ltc,19.341013476308383,0.0,0.00000001,ltc,5851479934.768803,0.0,4.499940127604575e-09,58
1,[],12,[],2019-06-02 00:14:07,719788713.0,0.0000000001,0.000000000000008561320000000001,7724267,2019-06-02 00:14:07,btc,2306759.7120481553,0.0,0.0000000001,btc,3395053701.9180384,0.001434264903,0.0719788713,58
0.0000000001086496,[],22,[],2019-06-02 00:16:10,126877.0,1.086496e-18,9.30183993472e-23,7724268,2019-06-02 00:16:10,XMR,68.17454206,0.0,0.00000001,XMR,9626402.6,0.0,0.00126877,58
1,[],5,[],2019-06-02 00:16:11,0.0,0,0,7724269,2019-06-02 00:16:11,btc,0.0,0.00733591,0,btc,0.0,0.0,0.0,61
1,[],22,[],2019-06-02 00:16:15,13613.833333333334,0.00000012,0.000000000010273584,7724270,2019-06-02 00:16:15,BTC,1002.29123003,0.0,0.00000012,BTC,15014.200177125656,0.0,0.00153269,61
1,[],26,[],2019-06-02 00:16:15,0.0,0,0,7724271,2019-06-02 00:16:15,,0.0,0.0,0,,0.0,0.0,0.0,61
1,[],27,[],2019-06-02 00:16:22,8450.0,0.0000002,0.00000000001712264,7724272,2019-06-02 00:16:22,btc,1.9582485601246655,0.0,0.0000002,"btc,eth",11379.41563696,0.0,0.001522,61
0,[],28,[],2019-06-02 00:17:39,0.0,0,0,7724273,2019-06-02 00:17:39,,0.0,796.0,0,,0.0,0.0,0.0,61
1,[],4,[],2019-06-02 00:17:40,800304.01007748,0.00000071,0.000000000060785372,7724274,2019-06-02 00:17:40,btc,2.9079130531402537,0.0,0.00000071,btc,940617.86231692,0.03905785,0.3980996157025303,67
0.0,[],25,[],2019-06-02 00:17:41,0.0,0,0,7724275,2019-06-02 00:17:41,,0.0,0.0,0.0,btc,0.0,0.0,0.0,67
1,[],12,[],2019-06-02 00:17:42,894639.355,0.00000006,0.000000000005136791999999999,7724276,2019-06-02 00:17:42,btc,5.167005424215783,0.0,0.00000006,btc,738530.60239759,0.003222977182,0.0181224513,71
,[],5,[],2018-11-20 23:02:39,1.5e-07,0.00000005,0.000000000002128045,4862160,2018-11-20 23:02:39,btc,2.84511358,0.0,,btc,0.00036572,0.0,0.07381892,74
1,[],5,[],2019-06-02 00:17:44,0.0,0,0,7724277,2019-06-02 00:17:44,btc,0.0,0.06397271,0,btc,0.0,0.0,0.0,75
0,[],4,[],2019-05-25 21:33:44,0.0,0,0,7686249,2019-05-25 21:33:44,,133656.37989170782,0.0,0,,33439209.5909442,0.0,0.0,81
0,[],20,[],2019-01-25 09:30:31,0.0,0,0,6495923,2019-01-25 09:30:31,btc,0.0,0.0,0,btc,0.0,0.0,0.0,81
1,[],4,[],2019-06-02 00:17:45,31777.58216877,0.00011300,0.0000000096742916,7724278,2019-06-02 00:17:45,btc,55.86770902563722,0.0,0.00011300,btc,122391.73658477,0.22839479,0.8071773070147563,82
1,[],21,[],2019-06-02 00:17:46,76349.47747538,0.0001124499999999999957055185629,0.000000009627204339999999,7724279,2019-06-02 00:17:46,btc,16.442442463756862,36511.29360019,0.0001124499999999999957055185628718163570738397538661956787109375,btc,98802.29068981,3.86822231,6.364744564944342,82
0,[],17,[],2019-03-25 22:42:34,0.0,0,0,7038780,2019-03-25 22:42:34,btc,0.0445064681804024,0.0,0,btc,995513.18476001,0.0,0.0,84
0.0000000001161485,[],4,[],2019-05-20 13:09:39,216715621.0206096,1.161485e-18,9.0533806701e-23,7657228,2019-05-20 13:09:39,ltc,1.6511566870244727,0.0,0.00000001,ltc,471032407.9048656,0.0,2.5171194308112273e-10,85
,[],22,[],2018-11-20 23:09:34,3408.1,0.0000001,0.0000000000041895,4862324,2018-11-20 23:09:34,BTC,0.04624735,0.0,,BTC,4990.0,0.0,0.00033081,86
1,[],22,[],2019-06-02 00:17:50,62656.0,0.00000001,0.000000000000856132,7724280,2019-06-02 00:17:50,BTC,1.46326592,0.0,0.00000001,BTC,411487.21403508773,0.0020507,0.00062656,87
1,[],27,[],2019-06-02 00:17:53,98782.0,0.00000008,0.000000000006849056,7724281,2019-06-02 00:17:53,btc,5.057418228036,2280.0,0.00000008,btc,92485.67341,0.000228,0.00133114,87
,[],2,[],2018-11-20 23:10:47,0.0,0,0,4862359,2018-11-20 23:10:47,,0.0,0.0,,,0.0,0.0,0.0,88
1,[],11,[],2019-06-02 00:17:54,121969.59585437,0.00007804999999999999980328235782423007549368776381015777587890625,0.00000000668211026,7724282,2019-06-02 00:17:54,btc,167.32995987499987,2114.00055127,0.00007804999999999999980328235782423007549368776381015777587890625,btc,200461.26007962,0.0,1.8832922519681528,89
0,[],2,[],2019-01-20 23:31:45,0.0,0,0,6477083,2019-01-20 23:31:45,,0.0,0.0,0,,0.0,0.0,0.0,91
0,[],17,[],2019-05-03 01:12:26,0.0,0,0,7559096,2019-05-03 01:12:26,btc,0.0,0.0,0,btc,0.0,0.0,0.0,91
1,[],12,[],2019-06-02 00:17:56,324024.27864586,0.00000038,0.000000000032533016,7724283,2019-06-02 00:17:56,btc,88.54958622281583,0.0,0.00000038,btc,155776.224995,0.017719548841,0.0211696148999711,91
1,[],22,[],2019-06-02 00:20:00,75910.55,0.0000002,0.00000000001712264,7724284,2019-06-02 00:20:00,BTC,0.497,0.0,0.0000002,"BTC,LTC",6.95,0.0,0.00165931,91
1,[],22,[],2019-04-09 20:17:52,374949.73333333334,0.00000015,0.000000000007771935,7235704,2019-04-09 20:17:52,BTC,6.87372503,0.0,0.00000015,"BTC,LTC",159980.01196797504,1.1e-05,0.80510266,95
0,[],17,[],2019-05-03 01:12:32,0.0,0,0,7559100,2019-05-03 01:12:32,btc,0.0,0.0,0,btc,0.0,0.0,0.0,96
0.0000000001315218,[],4,[],2019-06-02 00:20:01,543487007.2500627,2.8934795999999997e-17,2.4772004769072e-21,7724285,2019-06-02 00:20:01,ltc,11.302987465581959,0.0,0.00000022,ltc,153371045.12804347,0.0,8.790502370103384e-10,96
0,[],12,[],2019-06-02 00:20:02,0.0,0,0,7724286,2019-06-02 00:20:02,btc,17.17800296048951,0.0,0,btc,9674310.04895105,0.0,0.0,96
1,[],4,[],2019-04-14 03:32:46,1039404.33283278,0.00000038,0.000000000019245518,7293458,2019-04-14 03:32:46,btc,4.170086055365747,0.0,0.00000038,btc,3097704.34561074,0.06260606,0.1859928211030784,99
0,[],2,[],2019-01-20 23:23:55,0.0,0,0,6476914,2019-01-20 23:23:55,,0.0,0.0,0,,0.0,0.0,0.0,100
1,[],4,[],2019-06-02 00:22:03,245314.34361338,0.00001610,0.00000000137837252,7724287,2019-06-02 00:22:03,btc,7.726235503169645,0.0,0.00001610,btc,163188.48124958,0.33526223,0.4140398783130373,100
1,[],22,[],2019-06-02 00:22:06,150000.0,0.00000002,0.000000000001712264,7724288,2019-06-02 00:22:06,BTC,24.83526409,0.0,0.00000002,BTC,11187.719,0.0,0.0017,101
1,[],4,[],2019-06-02 00:22:07,538702.28646014,0.00000175,0.00000000014982309999999999,7724289,2019-06-02 00:22:07,btc,549.1887674150896,0.0,0.00000175,btc,669471.0959039,0.04301925,0.1795440609364814,103
1,[],12,[],2019-06-02 00:22:10,175732795.0,0.000000003,0.0000000000002568396,7724290,2019-06-02 00:22:10,btc,2404.700337507082,0.0,0.000000003,btc,71387058.55443838,0.004430546445,0.23376927900000002,105
0,[],27,[],2019-06-02 00:22:17,0.0,0,0,7724291,2019-06-02 00:22:17,,0.30253084,3034.0,0,btc,2095427.0,3.034e-05,0.0,105
1,[],22,[],2019-04-21 00:17:26,21333.0,0.00000001,0.000000000000532493,7385819,2019-04-21 00:17:26,BTC,51.38182867,0.0,0.00000001,BTC,470435.0,0.0,0.00021333,107
1,[],26,[],2019-04-21 00:17:26,0.0,0.00000000,0,7385820,2019-04-21 00:17:26,btc,0.0,0.0,0.00000000,btc,0.0,0.0,0.0,107
1,[],5,[],2019-06-02 00:22:18,0.0,0,0,7724292,2019-06-02 00:22:18,btc,0.0,0.0,0,btc,0.0,0.0,0.0,112
0,[],22,[],2019-06-02 00:22:20,0.0,0,0,7724293,2019-06-02 00:22:20,,6.79500102,0.0,0,,3375892.0833333335,0.0,0.0,112
1,[],27,[],2019-06-02 00:22:26,1.0,0.00000001,0.000000000000856132,7724294,2019-06-02 00:22:26,btc,1.15032588,0.0,0.00000001,"btc,eth",1818.0,0.0,1e-08,112
1,[],4,[],2019-06-02 00:22:28,258757.73929618,0.00000084,0.000000000071915088,7724295,2019-06-02 00:22:28,btc,5.544093919490138,0.0,0.00000084,btc,610932.18319234,0.02489522,0.1564968720779467,113
1,[],5,[],2019-06-02 00:22:29,0.0,0,0,7724296,2019-06-02 00:22:29,btc,0.0,0.0,0,btc,0.0,0.0,0.0,113
1,[],17,[],2019-04-26 02:17:47,162738.278,0.00000004,0.0000000000021069000000000002,7461287,2019-04-26 02:17:47,btc,1.3331140273775473,0.0,0.00000004,btc,51796.221,0.0,0.00230953112,116
1,[],27,[],2019-05-22 05:13:01,210000.0,0.00000001,0.00000000000079145,7666372,2019-05-22 05:13:01,btc,3919.0005001478,0.0,0.00000001,btc,128660.871,0.0,0.0021,116
1,[],4,[],2019-05-21 22:31:11,138169.03963019,0.00000701,0.000000000558364025,7664793,2019-05-21 22:31:11,btc,150.95388250938234,0.0,0.00000701,btc,344631.17141974,0.07552974,0.4288357684941946,120
1,[],7,[],2019-05-21 22:31:12,3901.07750076,0.000010679999999999999389654892212320191902108490467071533203125,0.0000000008506887,7664794,2019-05-21 22:31:12,btc,231188.94669936574,0.0,0.000010679999999999999389654892212320191902108490467071533203125,btc,4133.83151364,0.0,0.0113888422364489,120
1,[],20,[],2019-04-07 18:42:29,1914137.0852,0.000000035,0.0000000000017871910000000002,7211992,2019-04-07 18:42:29,btc,32.2497668025648,25528.85,0.000000035,btc,1001975.4986,0.00089350975,0.0152723574729,125
1,[],22,[],2019-06-02 00:22:32,10000.0,0.00000001,0.000000000000856132,7724297,2019-06-02 00:22:32,BTC,0.032061,0.0,0.00000001,BTC,299316.7611111111,0.0,0.0001,126
1,[],4,[],2019-06-02 00:22:33,428919.95382682,0.00000803,0.000000000687473996,7724298,2019-06-02 00:22:33,btc,4.991060740609946,0.0,0.00000803,btc,185760.46409928,0.42803862,1.53631677394284,131
0,[],2,[],2019-01-20 23:25:46,0.0,0,0,6476969,2019-01-20 23:25:46,,0.0,0.0,0,,0.0,0.0,0.0,131
1,[],17,[],2019-05-03 01:13:10,10000.0,0.00000001,0.000000000000548003,7559115,2019-05-03 01:13:10,btc,0.0953976503951408,0.0,0.00000001,btc,5037.62507334,0.0,0.0001,131
1,[],4,[],2019-06-01 22:22:37,4877.33287432,0.00010000,0.000000008588780000000001,7724055,2019-06-01 22:22:37,btc,5.03221070889025,0.0,0.00010000,btc,202.13055914,0.0,0.0067319517514342,135
1,[],3,[],2019-06-02 00:24:34,544057.22392675,0.00000001,0.0000000000008561320000000001,7724299,2019-06-02 00:24:34,btc,0.2222043787516683,1657749.79937,0.00000001,btc,1905502.4316845,0.0,0.0054405722392675,136
1,[],4,[],2019-06-02 00:24:35,2150546.72396105,0.00000182,0.000000000155816024,7724300,2019-06-02 00:24:35,btc,109.22348794878523,0.0,0.00000182,btc,532476.98270292,0.02404658,0.4895307658958455,137
1,[],12,[],2019-06-02 00:24:36,89370.86619918,0.00000181000000000000003456111265232042484285557293333113193511962890625,0.000000000154959892,7724301,2019-06-02 00:24:36,btc,57.8415927334475,0.0,0.00000181000000000000003456111265232042484285557293333113193511962890625,btc,50821.49064291,7.1376742e-05,0.0195610332583237,137
1,[],4,[],2019-06-02 00:24:37,101694.3911231,0.00001755,0.00000000150251166,7724302,2019-06-02 00:24:37,btc,8.7051158009888,0.0,0.00001755,btc,123966.2168176,0.19839135,0.913161508105167,142
1,[],5,[],2019-06-02 00:24:39,0.0,0,0,7724303,2019-06-02 00:24:39,btc,0.0,0.00086856,0,btc,0.0,0.0,0.0,142
1,[],20,[],2019-06-02 00:26:41,209212.9865,0.00001606,0.000000001374947992,7724304,2019-06-02 00:26:41,btc,1.6079908984683,0.0,0.00001606,btc,9872.8163,0.0,0.0213628043872,142
1,[],22,[],2019-06-02 00:26:44,11028.645,0.00001000,0.000000000856132,7724305,2019-06-02 00:26:44,BTC,3.27323936,0.0,0.00001000,BTC,1114.1496937357979,0.00223944,0.00745365,142
0.0,[],25,[],2019-06-02 00:26:45,0.0,0,0,7724306,2019-06-02 00:26:45,,0.0,0.0,0.0,btc,0.0,0.0,0.0,142
0,[],28,[],2019-06-02 00:27:39,0.0,0,0,7724307,2019-06-02 00:27:39,,0.0,0.0,0,,0.0,0.0,0.0,142
1,[],17,[],2019-05-03 01:13:16,32967.38636364,0.00000088,0.000000000048224264,7559122,2019-05-03 01:13:16,btc,20.06976206696776,0.0,0.00000088,btc,2746.079105,0.0,0.0105613000000032,142
0,[],22,[],2019-06-02 00:27:41,0.0,0,0,7724308,2019-06-02 00:27:41,,64.98618676,0.0,0,,787024755.3,0.0,0.0,143
0,[],22,[],2019-02-25 15:42:22,0.0,0,0,6783783,2019-02-25 15:42:22,,4.2131946,0.0,0,,2322156.0,0.0,0.0,146
,[],22,[],2018-11-20 23:01:11,0.0,0,0,4862114,2018-11-20 23:01:11,,2.56807021,0.0,,,61828.4988236,0.0,0.0,147
1,[],12,[],2019-04-21 06:38:04,193091.5971266,0.00000071,0.000000000037635183,7388679,2019-04-21 06:38:04,btc,2.301232411611175,0.0,0.00000071,btc,9957.48302385,0.00023528,0.0313308199999888,148
1,[],4,[],2019-03-19 21:31:25,255810.0415942,0.00000029,0.000000000011615747,6982695,2019-03-19 21:31:25,btc,218.94922712414143,0.0,0.00000029,btc,793529.37642722,0.00117,0.0608347789473395,152
0,[],22,[],2019-03-19 21:31:27,0.0,0,0,6982696,2019-03-19 21:31:27,,0.0,0.0,0,,0.0,0.0,0.0,152
1,[],5,[],2019-04-26 09:36:59,0.0,0,0,7465040,2019-04-26 09:36:59,btc,0.0,0.0,0,btc,0.0,0.0,0.0,153
,[],16,[],2019-01-11 15:38:59,0.0,0,0,6366141,2019-01-11 15:38:59,btc,0.0,0.0,,btc,0.0,0.0,0.0,155
0,[],22,[],2019-06-02 00:27:45,0.0,0,0,7724309,2019-06-02 00:27:45,,7.44455324,0.0,0,,5955762.942592593,0.0,0.0,156
0,[],23,[],2019-01-20 23:24:29,0.0,0,0,6476932,2019-01-20 23:24:29,,0.0,0.0,0,,0.0,0.0,0.0,156
1,[],22,[],2019-06-02 00:27:48,6996.0,0.00000001,0.000000000000856132,7724310,2019-06-02 00:27:48,BTC,1.7543039,0.0,0.00000001,BTC,57.0,0.0,6.996e-05,157
0,[],22,[],2019-05-21 23:40:32,0.0,0,0,7665049,2019-05-21 23:40:32,,50234.60468402,0.0,0,,54786159.03179465,0.0,0.0,158
,[],17,[],2018-11-20 22:56:10,0.0,0,0,4861976,2018-11-20 22:56:10,btc,1.1265625,0.0,,btc,1000.0,0.0,0.0,159
,[],20,[],2018-11-20 22:56:12,0.0,0,0,4861977,2018-11-20 22:56:12,btc,11912.7940471,0.0,,btc,34413894.3617,0.0,0.0,159
1,[],12,[],2019-05-24 02:51:20,9178.522006449999,0.00000191999999999999982841307998027158276954651228152215480804443359375,0.000000000151222656,7676256,2019-05-24 02:51:20,btc,149.80414728631675,0.0,0.00000191999999999999982841307998027158276954651228152215480804443359375,btc,1115.7451448499999,0.01783167678326,0.0120075778999181,168
1,[],17,[],2019-05-03 01:13:36,42852.0,0.00000002,0.000000000001096006,7559132,2019-05-03 01:13:36,btc,0.04279856251542,0.0,0.00000002,btc,274.46171372,0.0,0.00052852,168
1,[],22,[],2019-05-17 03:01:52,10.0,0.00000001,0.000000000000778341,7642059,2019-05-17 03:01:52,BTC,41.95893009,0.0,0.00000001,BTC,1753972.7737547632,0.0,1e-07,169
1,[],22,[],2019-05-30 08:38:18,202834.0,0.00000002,0.0000000000017416160000000001,7711049,2019-05-30 08:38:18,BTC,27.87002826,0.0,0.00000002,BTC,462189.5410507793,0.0,0.00211768,171
1,[],22,[],2019-05-29 08:05:18,349870.0,0.00000002,0.000000000001705894,7705265,2019-05-29 08:05:18,BTC,24.05907723,0.0,0.00000002,"BTC,LTC",1224285.4355616204,0.0,0.0039847,173
1,[],5,[],2019-06-02 00:27:50,0.0,0,0,7724311,2019-06-02 00:27:50,btc,0.0,0.07203926,0,btc,0.0,0.0,0.0,175
1,[],22,[],2019-06-02 00:27:53,90671.0,0.00000001,0.000000000000856132,7724312,2019-06-02 00:27:53,BTC,394.35459412,0.0,0.00000001,BTC,136275.61833431243,0.0,0.00090671,176
1,[],7,[],2019-06-02 00:27:55,0.0,0,0,7724313,2019-06-02 00:27:55,btc,522272.5137934946,2548.45154845,0,btc,21477346.91829112,2.548e-05,0.0,178
0,[],22,[],2019-06-02 00:27:57,0.0,0,0,7724314,2019-06-02 00:27:57,,1.00242428,0.0,0,,57512.0,0.0,0.0,178
0,[],2,[],2019-01-20 23:28:34,0.0,0,0,6477001,2019-01-20 23:28:34,,0.0,0.0,0,,0.0,0.0,0.0,178
1,[],5,[],2019-06-02 00:27:59,0.0,0,0,7724315,2019-06-02 00:27:59,btc,0.0,0.1522177,0,btc,0.0,0.0,0.0,179
0,[],22,[],2019-06-02 00:30:00,0.0,0,0,7724316,2019-06-02 00:30:00,,5.31336687,0.0,0,,13263921.311946675,0.0,0.0,179
0,[],23,[],2019-01-20 23:25:08,0.0,0,0,6476952,2019-01-20 23:25:08,,0.0,0.0,0,,0.0,0.0,0.0,179
1,[],22,[],2019-06-02 00:32:05,681953.0287609161,0.00000107,0.00000000009160612399999999,7724317,2019-06-02 00:32:05,BTC,39.18914304,0.0,0.00000107,"BTC,LTC",144807.08376237814,0.00139148,0.58143958,180
1,[],26,[],2019-06-02 00:32:05,0.0,0,0,7724318,2019-06-02 00:32:05,,0.0,0.0,0,,0.0,0.0,0.0,180
1,[],17,[],2019-05-03 01:13:56,20504.725000000002,0.0000001,0.00000000000548003,7559141,2019-05-03 01:13:56,btc,5.2010695838400265,0.0,0.0000001,btc,5033.45945,0.0,0.0011504725,180
,[],7,[],2018-11-20 22:58:01,562227.975654,0.00000085,0.000000000036176765,4862015,2018-11-20 22:58:01,btc,21836.6059674,2491.87645172,,btc,749999.041456,0.00211021,0.127565380455,183
,[],5,[],2019-01-10 08:11:41,0.0,0,0,6347036,2019-01-10 08:11:41,btc,82.15055501,0.00261,,btc,1.19002445,0.0,0.0,187
,[],17,[],2018-11-16 20:58:10,4062536.27273,0.00000001,0.000000000000550501,4708775,2018-11-16 20:58:10,btc,3.36492563466,0.195460381006,,"btc,eth",110697919.549,0.0,0.0157628953496,187
1,[],24,[],2019-05-22 21:04:52,0.0,0.000000000014,0.0000000000000010960978,7670219,2019-05-22 21:04:52,btc,0.0,0.0,0.000000000014,btc,0.0,0.0,0.0,187
0,[],22,[],2019-04-25 02:54:07,0.0,0,0,7447896,2019-04-25 02:54:07,,7.54794454,0.0,0,,76361.7243344055,0.0,0.0,191
0,[],22,[],2019-06-02 00:32:10,0.0,0,0,7724319,2019-06-02 00:32:10,,0.0,0.0,0,,0.0,0.0,0.0,197
0,[],23,[],2019-01-20 23:31:41,0.0,0,0,6477079,2019-01-20 23:31:41,,0.0,0.0,0,,0.0,0.0,0.0,199
0,[],22,[],2019-06-02 00:32:12,0.0,0,0,7724320,2019-06-02 00:32:12,,10.92249999,0.0,0,,98728037.0,0.0,0.0,199
1,[],26,[],2019-06-02 00:32:12,0.0,0,0,7724321,2019-06-02 00:32:12,,0.0,0.0,0,,0.0,0.0,0.0,199
0,[],2,[],2019-01-20 23:30:49,0.0,0,0,6477059,2019-01-20 23:30:49,,0.0,0.0,0,,0.0,0.0,0.0,201
1,[],4,[],2019-01-25 15:51:35,2084389.58565343,0.00000936,0.000000000333526752,6499557,2019-01-25 15:51:35,btc,2.0092503037378524,0.0,0.00000936,btc,160195.80207885,0.19272417,1.242687955921835,211
1,[],7,[],2019-06-02 00:32:15,1170196356.7039578,0.00000037,0.000000000031676884,7724322,2019-06-02 00:32:15,btc,15201833.254150618,105399.105436,0.00000037,btc,6786537.40107219,0.0,11.977918348061934,212
1,[],12,[],2019-01-25 02:44:32,207462.42853209,0.000001080000000000000035831255497387193287295303889550268650054931640625,0.000000000038610756000000006,6493050,2019-01-25 02:44:32,btc,85023.03793723314,0.0,0.000001080000000000000035831255497387193287295303889550268650054931640625,btc,43675.73520027,0.000146250909087,0.0348620860622024,213
1,[],5,[],2019-05-30 00:07:46,0.0,0,0,7709357,2019-05-30 00:07:46,btc,0.0,0.06425239,0,btc,0.0,0.0,0.0,213
1,[],24,[],2019-05-30 00:07:46,0.0,0.000000399202,0.0000000000344859829346,7709358,2019-05-30 00:07:46,btc,0.0,0.0,0.000000399202,btc,0.0,0.0,0.0,213
1,[],26,[],2019-05-30 00:07:47,0.0,0.00000040,0.000000000034554919999999996,7709359,2019-05-30 00:07:47,btc,0.0,0.0,0.00000040,btc,0.0,0.0,0.0,213
0,[],22,[],2019-06-02 00:32:18,0.0,0,0,7724323,2019-06-02 00:32:18,,9.61445386,0.0,0,,3661587.094064925,0.0,0.0,216
1,[],27,[],2019-06-02 00:32:26,194550.0,0.00000001,0.000000000000856132,7724324,2019-06-02 00:32:26,btc,88.91793967917752,2000.0,0.00000001,"btc,ltc",385585.407688,2e-05,0.0019355000000013153,216
1,[],22,[],2019-06-02 00:32:30,725210.0344827586,0.00000029,0.000000000024827828,7724325,2019-06-02 00:32:30,BTC,12056.47856597,0.0,0.00000029,BTC,518288.6446520223,0.00987163,0.05564642,217
1,[],7,[],2019-06-02 00:32:32,0.0,0,0,7724326,2019-06-02 00:32:32,btc,1234864.1040716618,0.0,0,btc,164001712.13147992,0.0,0.0,219
0,[],27,[],2019-06-02 00:32:37,0.0,0,0,7724327,2019-06-02 00:32:37,,261.41644782671324,0.0,0,btc,15857918.74381025,0.0,0.0,219
0,[],28,[],2019-06-02 00:33:45,0.0,0,0,7724328,2019-06-02 00:33:45,,0.0,14490.0,0,,0.0,0.0,0.0,219
1,[],22,[],2019-05-23 16:41:05,172069.0,0.00000004,0.0000000000031167080000000004,7674065,2019-05-23 16:41:05,BTC,56.76466137,0.0,0.00000004,BTC,127061.6482738741,0.0,0.00393676,221
1,[],24,[],2019-05-23 16:41:05,0.0,0.000000010000,0.0000000000007791770000000001,7674066,2019-05-23 16:41:05,btc,0.0,0.0,0.000000010000,btc,0.0,0.0,0.0,221
1,[],20,[],2019-06-02 00:33:48,10520188.5,0.000000002,0.00000000000017122639999999999,7724329,2019-06-02 00:33:48,btc,100052.67419088971,100187.8571,0.000000002,btc,45432148.0108,0.0002003757142,0.011210053,224
0,[],22,[],2019-06-02 00:33:50,0.0,0,0,7724330,2019-06-02 00:33:50,,0.0,0.0,0,,0.0,0.0,0.0,224
1,[],26,[],2019-06-02 00:33:51,0.0,0,0,7724331,2019-06-02 00:33:51,,0.0,0.0,0,,0.0,0.0,0.0,231
1,[],26,[],2019-06-02 00:33:51,0.0,0,0,7724332,2019-06-02 00:33:51,,0.0,0.0,0,,0.0,0.0,0.0,234
0.000000000309316,[],27,[],2019-06-02 00:33:57,100.0,3.09316e-18,2.64815325712e-22,7724333,2019-06-02 00:33:57,eth,0.01134836604,0.0,0.00000001,"btc,eth",11462.996,0.0,3.09316e-16,234
1,[],4,[],2019-05-22 17:06:12,91780.56053785,0.00000078,0.000000000061977552,7669277,2019-05-22 17:06:12,btc,5.573372450018177,0.0,0.00000078,btc,729173.93529783,0.0,0.0307060663355679,236
1,[],24,[],2019-05-22 17:06:12,0.0,0.000000010000,0.000000000000794584,7669278,2019-05-22 17:06:12,btc,0.0,0.0,0.000000010000,btc,0.0,0.0,0.0,236
1,[],5,[],2019-06-02 00:34:00,0.0,0,0,7724334,2019-06-02 00:34:00,btc,0.0,0.11894416,0,btc,0.0,0.0,0.0,237
1,[],20,[],2019-06-02 00:34:01,118375926.3888,0.000000042,0.0000000000035957544,7724335,2019-06-02 00:34:01,btc,608.7508522522727,9103675.5118,0.000000042,btc,43235234.4975,0.4007938624175,0.4349934283927,237
1,[],22,[],2019-06-02 00:34:05,288100.0,0.00000003,0.000000000002568396,7724336,2019-06-02 00:34:05,BTC,1.20267422,0.0,0.00000003,"BTC,LTC",17930.94871794872,0.0,0.007541,237
1,[],4,[],2019-06-02 00:34:06,27039605.47908312,0.00000011,0.000000000009417451999999999,7724337,2019-06-02 00:34:06,btc,2.7233116342731076,0.0,0.00000011,btc,8938207.12947563,0.02235395,0.5420730765981028,238
1,[],5,[],2019-06-02 00:34:08,0.0,0,0,7724338,2019-06-02 00:34:08,btc,0.0,0.01179196,0,btc,0.0,0.0,0.0,238
0,[],22,[],2019-03-12 16:49:32,0.0,0,0,6914458,2019-03-12 16:49:32,,0.40415746,0.0,0,,526736.5639027493,0.0,0.0,249
0,[],22,[],2019-05-28 23:53:45,0.0,0,0,7703643,2019-05-28 23:53:45,,13.44714864,0.0,0,,43777534.3426455,0.0,0.0,252
0,[],28,[],2019-06-02 00:34:43,0.0,0,0,7724339,2019-06-02 00:34:43,,0.0,293603.0,0,,0.0,0.0,0.0,256
1,[],22,[],2019-06-02 00:34:47,1021960.0,0.00000001,0.000000000000856132,7724340,2019-06-02 00:34:47,BTC,31464.5506333,0.0,0.00000001,BTC,584951.6675322719,1.251e-05,0.0102196,258
1,[],22,[],2019-05-19 18:12:02,400.0,0.00000001,0.0000000000007957800000000001,7653905,2019-05-19 18:12:02,BTC,2.415167,0.0,0.00000001,BTC,157.0,0.0,4e-06,259
1,[],5,[],2019-06-02 00:34:49,0.0,0,0,7724341,2019-06-02 00:34:49,btc,0.0,0.06024412,0,btc,0.0,0.0,0.0,264
1,[],20,[],2019-06-02 00:34:51,958933.4435,0.000000154,0.0000000000131844328,7724342,2019-06-02 00:34:51,btc,0.9760770732647,32516.6255,0.000000154,btc,51736.5911,0.01885964279,0.0080437773572,264
0,[],22,[],2019-04-12 17:57:27,0.0,0,0,7278186,2019-04-12 17:57:27,,66.37522201,0.0,0,,677842.4169881374,0.0,0.0,271
0,[],22,[],2019-05-29 08:10:20,0.0,0,0,7705301,2019-05-29 08:10:20,,33050470.74998113,0.0,0,,14361377780.7,0.0,0.0,272
0,[],28,[],2019-05-29 08:10:54,0.0,0,0,7705302,2019-05-29 08:10:54,,0.0,22189957216.5758,0,,0.0,0.0,0.0,272
1,[],22,[],2019-05-23 07:12:29,219930.0,0.00000004,0.000000000003048688,7671985,2019-05-23 07:12:29,BTC,426.77835217,0.0,0.00000004,BTC,248664.3325962929,0.0,0.00739728,281
1,[],22,[],2019-06-02 00:34:55,378680.43333333335,0.00000004,0.000000000003424528,7724343,2019-06-02 00:34:55,BTC,31.6746666,0.0,0.00000004,"BTC,LTC",1540658.4569583754,4.408e-05,0.01589089,286
0,[],22,[],2019-06-02 00:34:59,0.0,0,0,7724344,2019-06-02 00:34:59,,7337904.96568486,0.0,0,,2004620112.6797826,0.0,0.0,294
