pairValue,buyBook,exchangeId,sellBook,updated,buyTotal,satoshiPrice,usdPrice,exchangeLogId,created,bestPair,sellTotalBtc,volume,pairPrice,activePairs,sellTotal,volumeBtc,buyTotalBtc,coinId
1,[],3,[],2019-05-31 18:04:08,72.857511145363,0.01109451000000000013556711309092861483804881572723388671875,0.000000934537174242,7718778,2019-05-31 18:04:08,btc,1.7716202498603808,42.4468595883,0.01109451000000000013556711309092861483804881572723388671875,btc,21.700066978386,0.0,0.27147764950057884,1
1,[],4,[],2019-05-31 18:04:09,207693.70352189,0.01091327,0.0000009192705678340001,7718779,2019-05-31 18:04:09,btc,7.636636160888386,0.0,0.01091327,btc,300.84630078,1.18662079,0.6547536172237217,1
1,[],5,[],2019-05-31 18:04:12,0.0,0,0,7718780,2019-05-31 18:04:12,btc,0.0,0.00775939,0,btc,0.0,0.0,0.0,1
1,[],10,[],2019-05-31 18:04:15,312485.69767337,0.00692586,0.000000583394276412,7718781,2019-05-31 18:04:15,btc,6520.177170218843,1655.91843673,0.00692586,btc,1211.64761987,0.0,2.3562799183672474,1
1,[],12,[],2019-05-31 18:04:18,83.73447472,0.0109800000000000001765254609153998899273574352264404296875,0.0000009248915160000001,7718782,2019-05-31 18:04:18,btc,0.1776999640379,0.0,0.0109800000000000001765254609153998899273574352264404296875,btc,15.33324808,0.038690982008,0.3830292461126,1
1,[],20,[],2019-05-31 18:04:20,934.3553,0.00920886,0.000000775700955012,7718783,2019-05-31 18:04:20,btc,0.2238080820174,0.5116,0.00920886,btc,17.3543,0.0054077113918,0.1015779369544,1
1,[],21,[],2019-05-31 18:04:21,2301.46267813,0.01103000999999999981460163667,0.000000929104068342,7718784,2019-05-31 18:04:21,btc,9.917495571850788,5081.6838276,0.011030009999999999814601636671795859001576900482177734375,"btc,eth",1302.52311467,47.52624799833326,21.05535841867013,1
1,[],22,[],2019-05-31 18:04:25,0.0025666666666666667,0.00900000,0.0000007581078,7718785,2019-05-31 18:04:25,BTC,0.31629903,0.0,0.00900000,BTC,0.2505752479991019,0.0,2.31e-05,1
1,[],24,[],2019-05-31 18:04:27,0.0,0.000000000000,0,7718786,2019-05-31 18:04:27,btc,0.0,0.0,0.000000000000,btc,0.0,0.0,0.0,1
0.0,[],25,[],2019-05-31 18:04:28,0.0,0,0,7718787,2019-05-31 18:04:28,btc,10.9549999995512,1467.44036975,0.0,btc,916.7458059,16.268,0.0,1
1,[],26,[],2019-05-31 18:04:30,0.0,0,0,7718788,2019-05-31 18:04:30,,0.0,0.0,0,,0.0,0.0,0.0,1
0,[],28,[],2019-05-31 18:04:32,0.0,0,0,7718789,2019-05-31 18:04:32,,0.0,321347.45,0,,0.0,0.0,0.0,1
0,[],2,[],2019-01-20 23:28:45,0.0,0,0,6477011,2019-01-20 23:28:45,,0.0,0.0,0,,0.0,0.0,0.0,1
1,[],5,[],2019-05-31 18:04:34,0.0,0,0,7718790,2019-05-31 18:04:34,btc,0.0,0.00791759,0,btc,0.0,0.0,0.0,2
0,[],22,[],2019-05-31 18:04:36,0.0,0,0,7718791,2019-05-31 18:04:36,,0.0,0.0,0,,0.0,0.0,0.0,2
1,[],5,[],2019-05-31 18:04:37,0.0,0,0,7718792,2019-05-31 18:04:37,btc,0.0,1.21489544,0,btc,0.0,0.0,0.0,3
1,[],12,[],2019-05-31 18:04:39,1405907.43211,0.000000123,0.0000000000103608066,7718793,2019-05-31 18:04:39,btc,169517.37685141253,0.0,0.000000123,btc,2749300.94378469,0.212776741989,0.11188089411122,3
0,[],28,[],2019-05-31 18:04:41,0.0,0,0,7718794,2019-05-31 18:04:41,,0.0,0.0,0,,0.0,0.0,0.0,3
0,[],2,[],2019-01-20 23:31:32,0.0,0,0,6477077,2019-01-20 23:31:32,,0.0,0.0,0,,0.0,0.0,0.0,4
1,[],4,[],2019-05-18 21:29:50,562734.9206932,0.00000010,0.000000000007298720000000001,7650946,2019-05-18 21:29:50,btc,41.9347137769675,0.0,0.00000010,btc,1123702.32192634,0.00052462,0.029254593370966,4
0,[],12,[],2019-05-31 15:28:58,0.0,0,0,7718044,2019-05-31 15:28:58,btc,625.898585084995,0.0,0,btc,1199611.4995005,0.0,0.0,5
0,[],2,[],2019-01-20 23:31:51,0.0,0,0,6477087,2019-01-20 23:31:51,,0.0,0.0,0,,0.0,0.0,0.0,6
1,[],11,[],2019-05-31 18:04:42,9060347.776736,0.00000002,0.0000000000016846840000000001,7718795,2019-05-31 18:04:42,btc,9582.923594042944,15000.0,0.00000002,btc,68497546.46260394,0.0,0.13675210276736,6
1,[],3,[],2019-05-31 18:04:43,12222.27487807846,0.000088889999999999997661037642870951458462513983249664306640625,0.000000007487578038,7718796,2019-05-31 18:04:43,btc,0.04907868887475279,176.533509258,0.000088889999999999997661037642870951458462513983249664306640625,btc,173.200158434518,0.0,0.02315894415974801,7
1,[],4,[],2019-05-31 18:04:44,321481.48548159,0.00009702,0.000000008172402084,7718797,2019-05-31 18:04:44,btc,9.595094477662016,0.0,0.00009702,btc,55905.14921677,3.24994447,1.9921834250632082,7
1,[],5,[],2019-05-31 18:04:45,0.0,0,0,7718798,2019-05-31 18:04:45,btc,0.0,0.37977748,0,btc,0.0,0.0,0.0,7
1,[],20,[],2019-04-07 22:06:50,3201475.0482,0.000000001,0.000000000000051590000000000004,7213932,2019-04-07 22:06:50,btc,30.8005781811902,0.0,0.000000001,btc,23077405.3926,0.0,0.0032014750482,8
0,[],2,[],2019-01-20 23:22:42,0.0,0,0,6476876,2019-01-20 23:22:42,,0.0,0.0,0,,0.0,0.0,0.0,9
0,[],23,[],2019-01-20 23:22:48,0.0,0,0,6476878,2019-01-20 23:22:48,,0.0,0.0,0,,0.0,0.0,0.0,9
1,[],4,[],2019-05-31 18:04:47,22101091.13337698,0.00000049,0.000000000041274758000000003,7718799,2019-05-31 18:04:47,btc,3.91407895501923,0.0,0.00000049,btc,3583300.63958353,0.28196039,0.5168116965032795,9
0,[],28,[],2019-05-31 18:04:49,0.0,0,0,7718800,2019-05-31 18:04:49,,0.0,3611999.0,0,,0.0,0.0,0.0,9
1,[],1,[],2019-02-17 23:31:42,1822507.21,0.00000181000000000000003456111265232042484285557293333113193511962890625,0.000000000066086901,6701244,2019-02-17 23:31:42,btc,3.6990969245,17153386.5,0.00000181000000000000003456111265232042484285557293333113193511962890625,btc,1997391.71,31.11772986,3.2610482446,9
1,[],4,[],2019-02-17 11:22:43,4341674.27126056,0.00000002,0.0000000000007272960000000001,6696112,2019-02-17 11:22:43,btc,0.1997230937751353,0.0,0.00000002,btc,4109766.79808031,0.00215132,0.0479381022052112,10
0,[],2,[],2019-01-20 23:23:08,0.0,0,0,6476890,2019-01-20 23:23:08,,0.0,0.0,0,,0.0,0.0,0.0,12
1,[],4,[],2019-05-31 18:04:50,6972867.07579984,0.00000046,0.000000000038747732,7718801,2019-05-31 18:04:50,btc,4.636932563785254,0.0,0.00000046,btc,4793925.80169691,0.93738613,1.0976899460548022,12
1,[],5,[],2019-05-31 18:04:51,0.0,0,0,7718802,2019-05-31 18:04:51,btc,0.0,0.22519366,0,btc,0.0,0.0,0.0,12
0.0,[],25,[],2019-05-31 18:04:53,0.0,0,0,7718803,2019-05-31 18:04:53,,0.0,0.0,0.0,btc,0.0,0.0,0.0,12
1,[],10,[],2019-05-31 17:03:34,651268.16078222,0.00000536,0.00000000045135273600000003,7718505,2019-05-31 17:03:34,btc,666803.2900506968,19695.8722439,0.00000536,btc,871055.05687395,0.0,0.2385291773812432,13
1,[],4,[],2019-05-31 18:04:53,324687.78867976,0.00000555,0.00000000046749981,7718804,2019-05-31 18:04:53,btc,1.7278203696326735,0.0,0.00000555,btc,222788.35546463,0.49527887,0.4195827234359514,13
1,[],21,[],2019-05-31 18:04:57,1954695.54524255,0.000005730000000000000195986889912,0.0000000004826619660000001,7718805,2019-05-31 18:04:57,btc,2.5698959620848756,689720.2097245,0.0000057300000000000001959868899115146945177912130020558834075927734375,btc,398572.4546587,3.81608197,8.07488025388014,13
1,[],4,[],2019-05-31 18:04:58,882376.96893358,0.00000077,0.00000000006486033400000001,7718806,2019-05-31 18:04:58,btc,4.6525660822937445,0.0,0.00000077,btc,815851.33460559,0.02972012,0.062250229676563,14
1,[],12,[],2019-05-31 18:04:59,135594.58799929,0.00000073,0.000000000061490966,7718807,2019-05-31 18:04:59,btc,14.134150797843073,0.0,0.00000073,btc,21650.79261605,0.0,0.0152033299999745,14
1,[],26,[],2019-05-31 18:06:59,0.0,0.00000050,0.0000000000421171,7718808,2019-05-31 18:06:59,btc,0.0,0.0,0.00000050,btc,0.0,0.0,0.0,14
0,[],17,[],2019-05-03 00:53:32,0.0,0,0,7558876,2019-05-03 00:53:32,btc,0.0,0.0,0,btc,0.0,0.0,0.0,14
0,[],4,[],2019-05-31 18:07:00,0.0,0,0,7718809,2019-05-31 18:07:00,,0.0,0.0,0,,0.0,0.0,0.0,15
,[],12,[],2018-12-01 15:15:48,204241.84496,0.00000489,0.000000000202473384,5260204,2018-12-01 15:15:48,btc,49.5475654835,0.0,,btc,35763.2193806,0.0163153972027625,0.0203389899998,15
0,[],2,[],2019-01-20 23:23:38,0.0,0,0,6476906,2019-01-20 23:23:38,,0.0,0.0,0,,0.0,0.0,0.0,18
1,[],4,[],2019-05-31 18:07:02,34476.5224256,0.00001166,0.000000000982170772,7718810,2019-05-31 18:07:02,btc,0.9798292452231775,0.0,0.00001166,btc,11671.62921452,0.03719497,0.0826360447651709,18
1,[],10,[],2019-05-31 18:07:04,498048.30988805,0.00001239,0.0000000010436617380000001,7718811,2019-05-31 18:07:04,btc,15.338597906793725,2315.41057982,0.00001239,btc,13128.42602483,0.0,0.1521956591553463,18
1,[],12,[],2019-05-31 18:07:05,3311.67864234,0.000012310000000000000724086589298789107260745367966592311859130859375,0.0000000010369230020000002,7718812,2019-05-31 18:07:05,btc,0.400770046740424,0.0,0.000012310000000000000724086589298789107260745367966592311859130859375,btc,1455.9362923,0.0002750471,0.0134528443117106,18
0,[],17,[],2019-05-03 00:53:39,0.0,0,0,7558882,2019-05-03 00:53:39,btc,0.0,0.0,0,btc,0.0,0.0,0.0,18
0,[],2,[],2019-01-20 23:24:19,0.0,0,0,6476924,2019-01-20 23:24:19,,0.0,0.0,0,,0.0,0.0,0.0,19
1,[],3,[],2019-05-31 18:09:05,150040.2753062435,0.000004580000000000000195087002108351725837565027177333831787109375,0.000000000385792636,7718813,2019-05-31 18:09:05,btc,0.15687334167770203,3787.61204435,0.000004580000000000000195087002108351725837565027177333831787109375,btc,4308.510073322293,0.0,0.0535928896826181,19
1,[],4,[],2019-05-31 18:09:06,526285.91400907,0.00000807,0.0000000006797699940000001,7718814,2019-05-31 18:09:06,btc,3.7779835170783067,0.0,0.00000807,btc,166044.7042766,0.0672046,0.4884438366211268,19
1,[],5,[],2019-05-31 18:09:08,0.0,0,0,7718815,2019-05-31 18:09:08,btc,0.0,1.2e-06,0,btc,0.0,0.0,0.0,19
1,[],12,[],2019-05-31 18:09:10,14987.06020166,0.000007109999999999999688846986922730053493069135583937168121337890625,0.000000000598905162,7718816,2019-05-31 18:09:10,btc,0.0585476571289806,0.0,0.000007109999999999999688846986922730053493069135583937168121337890625,btc,1876.44708164,0.0,0.0264546999996558,19
0,[],27,[],2019-05-31 18:09:17,0.0,0,0,7718817,2019-05-31 18:09:17,,0.0,0.0,0,btc,0.0,0.0,0.0,19
1,[],4,[],2019-05-31 18:09:18,10062076.88478525,0.00000007,0.000000000005896394,7718818,2019-05-31 18:09:18,btc,6.411239436602338,0.0,0.00000007,btc,2322306.93095912,0.0,0.1174938176872809,20
1,[],4,[],2019-05-31 18:09:19,12532026.42,0.00000001,0.0000000000008423420000000001,7718819,2019-05-31 18:09:19,btc,1736.548875811071,0.0,0.00000001,btc,67583669.92851575,0.11687462,0.1253202642,21
1,[],12,[],2019-05-31 18:09:20,2225192.0,0.00000001,0.0000000000008423420000000001,7718820,2019-05-31 18:09:20,btc,2566.5970608253547,0.0,0.00000001,btc,4928879.76723275,0.012624147481,0.02225192,21
0,[],17,[],2019-05-03 00:53:51,0.0,0,0,7558891,2019-05-03 00:53:51,btc,0.0,0.0,0,btc,0.0,0.0,0.0,21
1,[],12,[],2019-05-31 18:11:22,5192932453.0,0.0000000004,0.00000000000003369368,7718821,2019-05-31 18:11:22,btc,709129508.5361062,0.0,0.0000000004,btc,3102366037.8208222,0.234181328162,1.1880829473,23
0.000000000308821,[],27,[],2019-05-31 18:11:29,66099814.5039447,9.26463e-18,7.80398696346e-22,7718822,2019-05-31 18:11:29,eth,105173.5671489028,99066396.15668389,0.00000003,eth,26568996.028,9.1781350437348e-10,3.858952156802532e-10,23
1,[],4,[],2019-05-31 18:11:30,1878924.34819947,0.00000028,0.000000000023585576,7718823,2019-05-31 18:11:30,btc,10.62539590964341,0.0,0.00000028,btc,1712254.23538978,0.05574995,0.0617228301200063,24
1,[],22,[],2019-05-31 18:11:34,21.76,0.00000100,0.0000000000842342,7718824,2019-05-31 18:11:34,BTC,7.415e-05,0.0,0.00000100,BTC,23.919354838709676,0.0,1.186e-05,24
0.0,[],25,[],2019-05-31 18:11:35,0.0,0,0,7718825,2019-05-31 18:11:35,,0.0,0.0,0.0,btc,0.0,0.0,0.0,24
1,[],4,[],2019-05-31 18:11:36,26941873.51178938,0.00000484,0.00000000040769352800000004,7718826,2019-05-31 18:11:36,btc,13.583668172321122,0.0,0.00000484,btc,246541.12041276,0.08537852,0.4724671482849384,26
1,[],10,[],2019-05-31 18:11:39,149730.21257057,0.00000422,0.00000000035546832400000005,7718827,2019-05-31 18:11:39,btc,25.587161429111912,5568.66404496,0.00000422,btc,23616.01286637,0.0,0.035577559461039,26
0,[],2,[],2019-01-20 23:25:56,0.0,0,0,6476976,2019-01-20 23:25:56,,0.0,0.0,0,,0.0,0.0,0.0,26
1,[],5,[],2019-04-26 09:47:06,0.0,0,0,7465326,2019-04-26 09:47:06,btc,0.0,0.0,0,btc,0.0,0.0,0.0,27
1,[],3,[],2019-05-31 18:11:39,21937858.685043,0.00000001,0.0000000000008423420000000001,7718828,2019-05-31 18:11:39,btc,3.767003512255212,10187472.1857,0.00000001,btc,26161410.227760952,0.0,0.21937858685043,27
1,[],11,[],2019-05-31 18:11:41,2110243.08157834,0.00000002,0.0000000000016846840000000001,7718829,2019-05-31 18:11:41,btc,67503.04527066177,19676.5543251,0.00000002,btc,6588861.32608848,0.0,0.0211134458157834,27
1,[],4,[],2019-05-31 18:11:42,1085597467.3941882,0.00000001,0.0000000000008423420000000001,7718830,2019-05-31 18:11:42,btc,4.835750322671141,0.0,0.00000001,"btc,ltc",293965179.89314,0.01681385,7.483850850270088,29
1,[],7,[],2019-05-31 18:11:43,85451021.33155985,0.00000001,0.0000000000008423420000000001,7718831,2019-05-31 18:11:43,btc,46548272.130093,95984.0758483,0.00000001,btc,35155017.51653564,0.0,0.8545102133155985,29
0,[],17,[],2019-05-03 01:11:25,0.0,0,0,7559066,2019-05-03 01:11:25,btc,0.0,0.0,0,btc,0.0,0.0,0.0,30
1,[],4,[],2019-05-31 18:11:44,15257775.65063452,0.00000007,0.000000000005896394,7718832,2019-05-31 18:11:44,btc,2.598792341939883,0.0,0.00000007,btc,2103132.23973194,0.0,0.1695992914765782,30
1,[],4,[],2019-05-31 18:13:45,105449.43143319,0.00004317,0.0000000036363904140000002,7718833,2019-05-31 18:13:45,btc,3.3504638332401977,0.0,0.00004317,btc,45585.66675406,1.0820268,0.4879598676090568,31
1,[],21,[],2019-05-31 18:13:46,165814.68193246,0.00004291000000000000082168646887,0.0000000036144895220000002,7718834,2019-05-31 18:13:46,btc,7.417928769775952,176340.14590372,0.0000429100000000000008216864688659342164100962691009044647216796875,btc,148666.12598583,7.55701222,5.996716617691788,31
0,[],2,[],2019-01-20 23:28:43,0.0,0,0,6477009,2019-01-20 23:28:43,,0.0,0.0,0,,0.0,0.0,0.0,32
1,[],12,[],2019-03-30 07:55:10,40641173.964,0.00000003,0.000000000001228359,7108785,2019-03-30 07:55:10,btc,4233210.82356125,0.0,0.00000003,btc,28378394.68333462,0.0126927883965248,0.90752895892,33
0,[],4,[],2019-05-31 18:13:47,0.0,0,0,7718835,2019-05-31 18:13:47,,0.0,0.0,0,,0.0,0.0,0.0,33
0.0000000001308526,[],4,[],2019-05-31 18:13:48,509790226.4487445,3.271315e-17,2.75556601973e-21,7718836,2019-05-31 18:13:48,ltc,3.6968801881153817,0.0,0.00000025,ltc,155093692.09494117,0.00124777,2.037045440924219e-09,34
1,[],5,[],2019-05-31 18:13:49,0.0,0,0,7718837,2019-05-31 18:13:49,btc,0.0,2e-05,0,btc,0.0,0.0,0.0,34
0.0000000002926451,[],17,[],2019-05-02 18:17:47,200000.0,2.9264510000000002e-18,1.596703856561e-22,7556430,2019-05-02 18:17:47,eth,0.20942468735267253,0.0,0.00000001,"btc,eth",1018272.20243647,0.0,5.852902e-13,36
0.0000000001311821,[],4,[],2019-05-31 13:28:19,2417517744.0607657,1.311821e-18,1.105058333085e-22,7717483,2019-05-31 13:28:19,ltc,5.019900492391546e-08,0.0,0.00000001,ltc,7102398142.262129,0.0,3.171350544531538e-09,36
1,[],5,[],2019-05-31 13:28:21,0.0,0,0,7717484,2019-05-31 13:28:21,btc,0.0,0.0,0,btc,0.0,0.0,0.0,36
0.0000000003108179,[],27,[],2019-05-31 13:30:34,10388811.226876,6.216358000000001e-18,5.236566733830001e-22,7717485,2019-05-31 13:30:34,eth,1569.8708019850988,761866.634299,0.00000002,"ltc,eth",5084024.2511555,4.736034912207001e-12,3.3251980286483705e-11,36
1,[],17,[],2019-05-03 01:11:36,211752.74075282,0.00000025,0.000000000013700074999999998,7559074,2019-05-03 01:11:36,btc,0.055484923955058496,0.0,0.00000025,"btc,eth",1387.19918473,0.0,0.0005381851887916605,37
1,[],4,[],2019-05-31 18:13:50,9863238.37880113,0.00000015,0.000000000012635130000000001,7718838,2019-05-31 18:13:50,btc,19772.520846569696,0.0,0.00000015,btc,730574.57933135,0.00704121,0.1196433714913695,37
1,[],12,[],2019-05-31 18:13:51,3600678.36528572,0.00000019,0.000000000016004498,7718839,2019-05-31 18:13:51,btc,9.36311413476525,0.0,0.00000019,btc,999377.12068768,0.017157046204,0.1624919461442866,37
1,[],27,[],2019-05-31 18:15:59,6137.0,0.00000016,0.000000000013477472000000001,7718840,2019-05-31 18:15:59,btc,24.12337022903233,50.0,0.00000016,btc,5792.49438508,8e-06,0.00075592,37
1,[],5,[],2019-05-31 18:16:01,0.0,0,0,7718841,2019-05-31 18:16:01,btc,0.0,0.00140633,0,btc,0.0,0.0,0.0,42
1,[],12,[],2019-05-31 18:16:02,141665.58014969,0.00000091,0.000000000076653122,7718842,2019-05-31 18:16:02,btc,24.79030460630435,0.0,0.00000091,btc,72319.88087489,0.002986581288,0.054826509999962095,42
1,[],27,[],2019-05-31 18:16:32,506.0,0.00000002,0.0000000000016846840000000001,7718843,2019-05-31 18:16:32,btc,0.07600425,0.0,0.00000002,"btc,eth",18.0,0.0,6.000000324447343e-06,42
1,[],12,[],2019-03-13 09:13:29,1112112.0,0.00000001,0.000000000000386531,6919902,2019-03-13 09:13:29,btc,29058.00478931866,0.0,0.00000001,btc,5967681.93306694,9.99000999e-07,0.01112112,43
1,[],5,[],2019-04-26 22:38:52,0.0,0,0,7474154,2019-04-26 22:38:52,btc,0.0,0.02638891,0,btc,0.0,0.0,0.0,43
0,[],17,[],2019-04-26 22:38:53,0.0,0,0,7474155,2019-04-26 22:38:53,btc,0.0,0.0,0,btc,0.0,0.0,0.0,43
1,[],12,[],2019-03-05 01:54:08,639326.02,0.00000004,0.000000000001486676,6845775,2019-03-05 01:54:08,btc,11116042.728239931,0.0,0.00000004,btc,1103841.4595604,0.0003330765234764,0.014975410599999999,44
1,[],4,[],2019-05-31 18:16:33,111322268.1988353,0.00000001,0.0000000000008423420000000001,7718844,2019-05-31 18:16:33,btc,303169.60581358644,0.0,0.00000001,"btc,ltc",28272947.90928054,0.00619838,0.03530730719268468,49
0.0000000001308526,[],4,[],2019-05-31 18:16:35,130781142.18563962,3.4021676e-17,2.8657886605192e-21,7718845,2019-05-31 18:16:35,ltc,22049.959233020214,0.0,0.00000026,ltc,159342928.33297324,0.0,1.2836871160574123e-09,52
0,[],22,[],2019-05-31 18:16:38,0.0,0,0,7718846,2019-05-31 18:16:38,,10289.55991011,0.0,0,,308568058.4566013,0.0,0.0,57
1,[],27,[],2019-05-31 18:16:46,2297.0,0.0000003,0.000000000025270260000000002,7718847,2019-05-31 18:16:46,btc,0.0,0.0,0.0000003,"btc,eth",0.0,0.0,0.0003891,57
1,[],17,[],2019-05-03 01:12:09,1200000.0,0.0000000001,0.00000000000000548003,7559085,2019-05-03 01:12:09,btc,1e+24,0.0,0.0000000001,"btc,eth",39516342.31952568,0.0,0.00010000000058666061,58
0.0000000001308526,[],4,[],2019-05-31 18:16:47,3424648555.1191416,1.308526e-18,1.102226407892e-22,7718848,2019-05-31 18:16:47,ltc,19.341013348334656,0.0,0.00000001,ltc,5852232846.057803,0.0,4.4812416752358294e-09,58
1,[],12,[],2019-05-31 18:16:48,656650217.0,0.0000000001,0.00000000000000842342,7718849,2019-05-31 18:16:48,btc,2233428.1572572426,0.0,0.0000000001,btc,3353373214.731225,0.002527427762,0.0656650217,58
0.0000000001106786,[],22,[],2019-05-31 18:18:52,126877.0,1.106786e-18,9.32292332812e-23,7718850,2019-05-31 18:18:52,XMR,68.17454206,0.0,0.00000001,XMR,9626402.6,0.0,0.00126877,58
1,[],5,[],2019-05-31 18:18:53,0.0,0,0,7718851,2019-05-31 18:18:53,btc,0.0,0.00193113,0,btc,0.0,0.0,0.0,61
1,[],22,[],2019-05-31 18:18:56,13613.833333333334,0.00000012,0.000000000010108104,7718852,2019-05-31 18:18:56,BTC,1002.29123003,0.0,0.00000012,BTC,15014.200177125656,0.0,0.00153269,61
1,[],26,[],2019-05-31 18:18:56,0.0,0.00000050,0.0000000000421171,7718853,2019-05-31 18:18:56,btc,0.0,0.0,0.00000050,btc,0.0,0.0,0.0,61
1,[],27,[],2019-05-31 18:19:04,8450.0,0.0000002,0.00000000001684684,7718854,2019-05-31 18:19:04,btc,1.9582485601246655,0.0,0.0000002,"btc,eth",11379.41563696,0.0,0.001522,61
0,[],28,[],2019-05-31 18:19:06,0.0,0,0,7718855,2019-05-31 18:19:06,,0.0,699.0,0,,0.0,0.0,0.0,61
1,[],4,[],2019-05-31 18:19:06,838669.7050666,0.00000077,0.00000000006486033400000001,7718856,2019-05-31 18:19:06,btc,2.984792239254077,0.0,0.00000077,btc,894081.46535657,0.11410721,0.4268047773997033,67
0.0,[],25,[],2019-05-31 18:19:08,0.0,0,0,7718857,2019-05-31 18:19:08,,0.0,0.0,0.0,btc,0.0,0.0,0.0,67
1,[],12,[],2019-05-31 18:19:09,806197.855,0.00000006,0.000000000005054051999999999,7718858,2019-05-31 18:19:09,btc,5.1699346310489505,0.0,0.00000006,btc,775732.27172826,8.436011e-05,0.0176967113,71
,[],5,[],2018-11-20 23:02:39,1.5e-07,0.00000005,0.000000000002128045,4862160,2018-11-20 23:02:39,btc,2.84511358,0.0,,btc,0.00036572,0.0,0.07381892,74
1,[],5,[],2019-05-31 18:19:11,0.0,0,0,7718859,2019-05-31 18:19:11,btc,0.0,0.10151773,0,btc,0.0,0.0,0.0,75
0,[],4,[],2019-05-25 21:33:44,0.0,0,0,7686249,2019-05-25 21:33:44,,133656.37989170782,0.0,0,,33439209.5909442,0.0,0.0,81
0,[],20,[],2019-01-25 09:30:31,0.0,0,0,6495923,2019-01-25 09:30:31,btc,0.0,0.0,0,btc,0.0,0.0,0.0,81
1,[],4,[],2019-05-31 18:19:11,36324.60431497,0.00010861,0.000000009148676462,7718860,2019-05-31 18:19:11,btc,55.549981491419125,0.0,0.00010861,btc,120339.93936335,0.39750405,0.747956332127075,82
1,[],21,[],2019-05-31 18:19:12,68900.383882,0.0001192900000000000047557097149,0.000000010048297718,7718861,2019-05-31 18:19:12,btc,20.472275978004948,67083.34701278,0.00011929000000000000475570971492089711318840272724628448486328125,btc,115901.12717468,7.26144246,5.795970491638611,82
0,[],17,[],2019-03-25 22:42:34,0.0,0,0,7038780,2019-03-25 22:42:34,btc,0.0445064681804024,0.0,0,btc,995513.18476001,0.0,0.0,84
0.0000000001161485,[],4,[],2019-05-20 13:09:39,216715621.0206096,1.161485e-18,9.0533806701e-23,7657228,2019-05-20 13:09:39,ltc,1.6511566870244727,0.0,0.00000001,ltc,471032407.9048656,0.0,2.5171194308112273e-10,85
,[],22,[],2018-11-20 23:09:34,3408.1,0.0000001,0.0000000000041895,4862324,2018-11-20 23:09:34,BTC,0.04624735,0.0,,BTC,4990.0,0.0,0.00033081,86
1,[],22,[],2019-05-31 18:19:16,62656.0,0.00000001,0.0000000000008423420000000001,7718862,2019-05-31 18:19:16,BTC,1.45391412,0.0,0.00000001,BTC,375863.04736842104,0.0,0.00062656,87
1,[],27,[],2019-05-31 18:19:21,97382.0,0.00000007,0.000000000005896394,7718863,2019-05-31 18:19:21,btc,5.052674818036,396050.0,0.00000007,btc,46323.67341,0.5901145,0.00122414,87
,[],2,[],2018-11-20 23:10:47,0.0,0,0,4862359,2018-11-20 23:10:47,,0.0,0.0,,,0.0,0.0,0.0,88
1,[],11,[],2019-05-31 18:19:23,126348.67901098,0.0000800999999999999954224116915924014392658136785030364990234375,0.00000000674715942,7718864,2019-05-31 18:19:23,btc,167.35126935530292,398.88495228,0.0000800999999999999954224116915924014392658136785030364990234375,btc,200705.56421810001,0.0,2.1021523823813633,89
0,[],2,[],2019-01-20 23:31:45,0.0,0,0,6477083,2019-01-20 23:31:45,,0.0,0.0,0,,0.0,0.0,0.0,91
0,[],17,[],2019-05-03 01:12:26,0.0,0,0,7559096,2019-05-03 01:12:26,btc,0.0,0.0,0,btc,0.0,0.0,0.0,91
1,[],12,[],2019-05-31 18:19:24,265988.3185829,0.00000031,0.000000000026112602,7718865,2019-05-31 18:19:24,btc,87.69243424390507,0.0,0.00000031,btc,146795.03496614,0.000150847552,0.0122295183999928,91
1,[],22,[],2019-05-31 18:21:28,75910.55,0.0000002,0.00000000001684684,7718866,2019-05-31 18:21:28,BTC,0.497,0.0,0.0000002,"BTC,LTC",6.95,0.0,0.00165931,91
1,[],22,[],2019-04-09 20:17:52,374949.73333333334,0.00000015,0.000000000007771935,7235704,2019-04-09 20:17:52,BTC,6.87372503,0.0,0.00000015,"BTC,LTC",159980.01196797504,1.1e-05,0.80510266,95
0,[],17,[],2019-05-03 01:12:32,0.0,0,0,7559100,2019-05-03 01:12:32,btc,0.0,0.0,0,btc,0.0,0.0,0.0,96
0.0000000001308526,[],4,[],2019-05-31 18:21:29,543290765.8351129,2.7479046e-17,2.3146754565732002e-21,7718867,2019-05-31 18:21:29,ltc,11.298921556743466,0.0,0.00000021,ltc,153573817.8970942,0.00247066,8.705770299148746e-10,96
0,[],12,[],2019-05-31 18:21:30,0.0,0,0,7718868,2019-05-31 18:21:30,btc,17.17668343048951,0.0,0,btc,9673399.04895105,0.0,0.0,96
1,[],4,[],2019-04-14 03:32:46,1039404.33283278,0.00000038,0.000000000019245518,7293458,2019-04-14 03:32:46,btc,4.170086055365747,0.0,0.00000038,btc,3097704.34561074,0.06260606,0.1859928211030784,99
0,[],2,[],2019-01-20 23:23:55,0.0,0,0,6476914,2019-01-20 23:23:55,,0.0,0.0,0,,0.0,0.0,0.0,100
1,[],4,[],2019-05-31 18:23:31,244035.8618684,0.00001696,0.0000000014286120320000001,7718869,2019-05-31 18:23:31,btc,7.529071454082425,0.0,0.00001696,btc,160301.65271492,0.18523804,0.3680125037596988,100
1,[],22,[],2019-05-31 18:23:34,150000.0,0.00000002,0.0000000000016846840000000001,7718870,2019-05-31 18:23:34,BTC,24.83526409,0.0,0.00000002,BTC,11187.719,0.0,0.0017,101
1,[],4,[],2019-05-31 18:23:36,546754.27641465,0.00000166,0.000000000139828772,7718871,2019-05-31 18:23:36,btc,364.2286845248405,0.0,0.00000166,btc,639567.97922657,0.1130609,0.1912361512729323,103
1,[],12,[],2019-05-31 18:23:39,169763164.0,0.000000003,0.0000000000002527026,7718872,2019-05-31 18:23:39,btc,2404.2908655319266,0.0,0.000000003,btc,68763490.77921364,0.049025392377,0.21586458600000002,105
1,[],27,[],2019-05-31 18:23:44,231577.0,0.00000001,0.0000000000008423420000000001,7718873,2019-05-31 18:23:44,btc,0.2851764,4046.0,0.00000001,btc,359904.0,4.046e-05,0.00231577,105
1,[],22,[],2019-04-21 00:17:26,21333.0,0.00000001,0.000000000000532493,7385819,2019-04-21 00:17:26,BTC,51.38182867,0.0,0.00000001,BTC,470435.0,0.0,0.00021333,107
1,[],26,[],2019-04-21 00:17:26,0.0,0.00000000,0,7385820,2019-04-21 00:17:26,btc,0.0,0.0,0.00000000,btc,0.0,0.0,0.0,107
1,[],5,[],2019-05-31 18:23:45,0.0,0,0,7718874,2019-05-31 18:23:45,btc,0.0,0.0,0,btc,0.0,0.0,0.0,112
0,[],22,[],2019-05-31 18:23:48,0.0,0,0,7718875,2019-05-31 18:23:48,,6.79500102,0.0,0,,3375892.0833333335,0.0,0.0,112
1,[],27,[],2019-05-31 18:23:54,1.0,0.00000001,0.0000000000008423420000000001,7718876,2019-05-31 18:23:54,btc,1.15032588,0.0,0.00000001,"btc,eth",1818.0,0.0,1e-08,112
1,[],4,[],2019-05-31 18:23:55,271707.06370981,0.00000087,0.000000000073283754,7718877,2019-05-31 18:23:55,btc,5.5721959732688235,0.0,0.00000087,btc,620021.91699331,0.02483641,0.167550857543481,113
1,[],5,[],2019-05-31 18:23:56,0.0,0,0,7718878,2019-05-31 18:23:56,btc,0.0,0.0,0,btc,0.0,0.0,0.0,113
1,[],17,[],2019-04-26 02:17:47,162738.278,0.00000004,0.0000000000021069000000000002,7461287,2019-04-26 02:17:47,btc,1.3331140273775473,0.0,0.00000004,btc,51796.221,0.0,0.00230953112,116
1,[],27,[],2019-05-22 05:13:01,210000.0,0.00000001,0.00000000000079145,7666372,2019-05-22 05:13:01,btc,3919.0005001478,0.0,0.00000001,btc,128660.871,0.0,0.0021,116
1,[],4,[],2019-05-21 22:31:11,138169.03963019,0.00000701,0.000000000558364025,7664793,2019-05-21 22:31:11,btc,150.95388250938234,0.0,0.00000701,btc,344631.17141974,0.07552974,0.4288357684941946,120
1,[],7,[],2019-05-21 22:31:12,3901.07750076,0.000010679999999999999389654892212320191902108490467071533203125,0.0000000008506887,7664794,2019-05-21 22:31:12,btc,231188.94669936574,0.0,0.000010679999999999999389654892212320191902108490467071533203125,btc,4133.83151364,0.0,0.0113888422364489,120
1,[],20,[],2019-04-07 18:42:29,1914137.0852,0.000000035,0.0000000000017871910000000002,7211992,2019-04-07 18:42:29,btc,32.2497668025648,25528.85,0.000000035,btc,1001975.4986,0.00089350975,0.0152723574729,125
1,[],22,[],2019-05-31 18:24:00,10000.0,0.00000001,0.0000000000008423420000000001,7718879,2019-05-31 18:24:00,BTC,0.032061,0.0,0.00000001,BTC,299316.7611111111,0.0,0.0001,126
0,[],2,[],2019-01-20 23:25:46,0.0,0,0,6476969,2019-01-20 23:25:46,,0.0,0.0,0,,0.0,0.0,0.0,131
1,[],17,[],2019-05-03 01:13:10,10000.0,0.00000001,0.000000000000548003,7559115,2019-05-03 01:13:10,btc,0.0953976503951408,0.0,0.00000001,btc,5037.62507334,0.0,0.0001,131
1,[],4,[],2019-05-31 18:24:01,424397.33420062,0.00000933,0.000000000785905086,7718880,2019-05-31 18:24:01,btc,5.546816265159788,0.0,0.00000933,btc,156380.54342384,0.7401357,1.5258213113581307,131
1,[],4,[],2019-05-31 18:26:02,4881.14960409,0.00007920,0.00000000667134864,7718881,2019-05-31 18:26:02,btc,5.0311763858444944,0.0,0.00007920,btc,202.13055914,0.0,0.0067919410093305,135
1,[],3,[],2019-05-31 18:26:03,596452.22392675,0.00000001,0.0000000000008423420000000001,7718882,2019-05-31 18:26:03,btc,0.2228441524104852,1605354.79937,0.00000001,btc,1910497.4316845,0.0,0.005964522239267501,136
1,[],4,[],2019-05-31 18:26:04,2102548.93821906,0.00000183,0.000000000154148586,7718883,2019-05-31 18:26:04,btc,109.03411049299012,0.0,0.00000183,btc,527962.6556201,0.02856975,0.5062550358547622,137
1,[],12,[],2019-05-31 18:26:06,88455.41681756,0.000001740000000000000069492480346544649449924690998159348964691162109375,0.000000000146567508,7718884,2019-05-31 18:26:06,btc,57.841153694513174,0.0,0.000001740000000000000069492480346544649449924690998159348964691162109375,btc,50710.8164856,0.00042186,0.0178331999999263,137
1,[],17,[],2019-05-03 01:13:16,32967.38636364,0.00000088,0.000000000048224264,7559122,2019-05-03 01:13:16,btc,20.06976206696776,0.0,0.00000088,btc,2746.079105,0.0,0.0105613000000032,142
1,[],4,[],2019-05-31 18:26:07,101909.23121668,0.00001801,0.000000001517057942,7718885,2019-05-31 18:26:07,btc,8.569319455719855,0.0,0.00001801,btc,117574.98132385,0.36899658,0.9245723923015332,142
1,[],5,[],2019-05-31 18:26:08,0.0,0,0,7718886,2019-05-31 18:26:08,btc,0.0,0.04184262,0,btc,0.0,0.0,0.0,142
1,[],20,[],2019-05-31 18:28:11,209042.5229,0.000015001,0.0000000012635972342,7718887,2019-05-31 18:28:11,btc,1.6084727300573,0.0,0.000015001,btc,9872.8163,0.0,0.0187095600469,142
1,[],22,[],2019-05-31 18:28:14,11028.645,0.00001000,0.000000000842342,7718888,2019-05-31 18:28:14,BTC,3.2754788,0.0,0.00001000,BTC,1133.9993657797618,0.0,0.00745365,142
0.0,[],25,[],2019-05-31 18:28:16,0.0,0,0,7718889,2019-05-31 18:28:16,,0.0,0.0,0.0,btc,0.0,0.0,0.0,142
0,[],28,[],2019-05-31 18:28:17,0.0,0,0,7718890,2019-05-31 18:28:17,,0.0,0.0,0,,0.0,0.0,0.0,142
0,[],22,[],2019-05-31 18:28:20,0.0,0,0,7718891,2019-05-31 18:28:20,,64.98618676,0.0,0,,787024755.3,0.0,0.0,143
0,[],22,[],2019-02-25 15:42:22,0.0,0,0,6783783,2019-02-25 15:42:22,,4.2131946,0.0,0,,2322156.0,0.0,0.0,146
,[],22,[],2018-11-20 23:01:11,0.0,0,0,4862114,2018-11-20 23:01:11,,2.56807021,0.0,,,61828.4988236,0.0,0.0,147
1,[],12,[],2019-04-21 06:38:04,193091.5971266,0.00000071,0.000000000037635183,7388679,2019-04-21 06:38:04,btc,2.301232411611175,0.0,0.00000071,btc,9957.48302385,0.00023528,0.0313308199999888,148
1,[],4,[],2019-03-19 21:31:25,255810.0415942,0.00000029,0.000000000011615747,6982695,2019-03-19 21:31:25,btc,218.94922712414143,0.0,0.00000029,btc,793529.37642722,0.00117,0.0608347789473395,152
0,[],22,[],2019-03-19 21:31:27,0.0,0,0,6982696,2019-03-19 21:31:27,,0.0,0.0,0,,0.0,0.0,0.0,152
1,[],5,[],2019-04-26 09:36:59,0.0,0,0,7465040,2019-04-26 09:36:59,btc,0.0,0.0,0,btc,0.0,0.0,0.0,153
,[],16,[],2019-01-11 15:38:59,0.0,0,0,6366141,2019-01-11 15:38:59,btc,0.0,0.0,,btc,0.0,0.0,0.0,155
0,[],23,[],2019-01-20 23:24:29,0.0,0,0,6476932,2019-01-20 23:24:29,,0.0,0.0,0,,0.0,0.0,0.0,156
0,[],22,[],2019-05-31 18:28:24,0.0,0,0,7718892,2019-05-31 18:28:24,,7.44455324,0.0,0,,5955762.942592593,0.0,0.0,156
1,[],22,[],2019-05-31 18:28:28,6996.0,0.00000001,0.0000000000008423420000000001,7718893,2019-05-31 18:28:28,BTC,1.7543039,0.0,0.00000001,BTC,57.0,0.0,6.996e-05,157
0,[],22,[],2019-05-21 23:40:32,0.0,0,0,7665049,2019-05-21 23:40:32,,50234.60468402,0.0,0,,54786159.03179465,0.0,0.0,158
,[],17,[],2018-11-20 22:56:10,0.0,0,0,4861976,2018-11-20 22:56:10,btc,1.1265625,0.0,,btc,1000.0,0.0,0.0,159
,[],20,[],2018-11-20 22:56:12,0.0,0,0,4861977,2018-11-20 22:56:12,btc,11912.7940471,0.0,,btc,34413894.3617,0.0,0.0,159
1,[],12,[],2019-05-24 02:51:20,9178.522006449999,0.00000191999999999999982841307998027158276954651228152215480804443359375,0.000000000151222656,7676256,2019-05-24 02:51:20,btc,149.80414728631675,0.0,0.00000191999999999999982841307998027158276954651228152215480804443359375,btc,1115.7451448499999,0.01783167678326,0.0120075778999181,168
1,[],17,[],2019-05-03 01:13:36,42852.0,0.00000002,0.000000000001096006,7559132,2019-05-03 01:13:36,btc,0.04279856251542,0.0,0.00000002,btc,274.46171372,0.0,0.00052852,168
1,[],22,[],2019-05-17 03:01:52,10.0,0.00000001,0.000000000000778341,7642059,2019-05-17 03:01:52,BTC,41.95893009,0.0,0.00000001,BTC,1753972.7737547632,0.0,1e-07,169
1,[],22,[],2019-05-30 08:38:18,202834.0,0.00000002,0.0000000000017416160000000001,7711049,2019-05-30 08:38:18,BTC,27.87002826,0.0,0.00000002,BTC,462189.5410507793,0.0,0.00211768,171
1,[],22,[],2019-05-29 08:05:18,349870.0,0.00000002,0.000000000001705894,7705265,2019-05-29 08:05:18,BTC,24.05907723,0.0,0.00000002,"BTC,LTC",1224285.4355616204,0.0,0.0039847,173
1,[],5,[],2019-05-31 18:28:29,0.0,0,0,7718894,2019-05-31 18:28:29,btc,0.0,0.08142094,0,btc,0.0,0.0,0.0,175
1,[],22,[],2019-05-31 18:28:34,90671.0,0.00000001,0.0000000000008423420000000001,7718895,2019-05-31 18:28:34,BTC,394.35459412,0.0,0.00000001,BTC,136275.61833431243,0.0,0.00090671,176
0,[],2,[],2019-01-20 23:28:34,0.0,0,0,6477001,2019-01-20 23:28:34,,0.0,0.0,0,,0.0,0.0,0.0,178
1,[],7,[],2019-05-31 18:28:36,0.0,0,0,7718896,2019-05-31 18:28:36,btc,522274.28208915493,0.0,0,btc,21993385.47972966,0.0,0.0,178
0,[],22,[],2019-05-31 18:28:38,0.0,0,0,7718897,2019-05-31 18:28:38,,1.00242428,0.0,0,,57512.0,0.0,0.0,178
0,[],23,[],2019-01-20 23:25:08,0.0,0,0,6476952,2019-01-20 23:25:08,,0.0,0.0,0,,0.0,0.0,0.0,179
1,[],5,[],2019-05-31 18:28:40,0.0,0,0,7718898,2019-05-31 18:28:40,btc,0.0,0.17970571,0,btc,0.0,0.0,0.0,179
0,[],22,[],2019-05-31 18:28:42,0.0,0,0,7718899,2019-05-31 18:28:42,,5.31629775,0.0,0,,13534709.311946675,0.0,0.0,179
1,[],17,[],2019-05-03 01:13:56,20504.725000000002,0.0000001,0.00000000000548003,7559141,2019-05-03 01:13:56,btc,5.2010695838400265,0.0,0.0000001,btc,5033.45945,0.0,0.0011504725,180
1,[],22,[],2019-05-31 18:30:47,682731.1315646544,0.00000107,0.000000000090130594,7718900,2019-05-31 18:30:47,BTC,39.1817111,0.0,0.00000107,"BTC,LTC",138990.64422151132,0.00250476,0.58227215,180
1,[],26,[],2019-05-31 18:30:47,0.0,0.00000010,0.00000000000842342,7718901,2019-05-31 18:30:47,btc,0.0,0.0,0.00000010,btc,0.0,0.0,0.0,180
,[],7,[],2018-11-20 22:58:01,562227.975654,0.00000085,0.000000000036176765,4862015,2018-11-20 22:58:01,btc,21836.6059674,2491.87645172,,btc,749999.041456,0.00211021,0.127565380455,183
,[],5,[],2019-01-10 08:11:41,0.0,0,0,6347036,2019-01-10 08:11:41,btc,82.15055501,0.00261,,btc,1.19002445,0.0,0.0,187
,[],17,[],2018-11-16 20:58:10,4062536.27273,0.00000001,0.000000000000550501,4708775,2018-11-16 20:58:10,btc,3.36492563466,0.195460381006,,"btc,eth",110697919.549,0.0,0.0157628953496,187
1,[],24,[],2019-05-22 21:04:52,0.0,0.000000000014,0.0000000000000010960978,7670219,2019-05-22 21:04:52,btc,0.0,0.0,0.000000000014,btc,0.0,0.0,0.0,187
0,[],22,[],2019-04-25 02:54:07,0.0,0,0,7447896,2019-04-25 02:54:07,,7.54794454,0.0,0,,76361.7243344055,0.0,0.0,191
0,[],22,[],2019-05-31 18:30:51,0.0,0,0,7718902,2019-05-31 18:30:51,,0.0,0.0,0,,0.0,0.0,0.0,197
0,[],23,[],2019-01-20 23:31:41,0.0,0,0,6477079,2019-01-20 23:31:41,,0.0,0.0,0,,0.0,0.0,0.0,199
0,[],22,[],2019-05-31 18:30:54,0.0,0,0,7718903,2019-05-31 18:30:54,,10.93271999,0.0,0,,99750037.0,0.0,0.0,199
1,[],26,[],2019-05-31 18:30:54,0.0,0.00000000,0,7718904,2019-05-31 18:30:54,btc,0.0,0.0,0.00000000,btc,0.0,0.0,0.0,199
0,[],2,[],2019-01-20 23:30:49,0.0,0,0,6477059,2019-01-20 23:30:49,,0.0,0.0,0,,0.0,0.0,0.0,201
1,[],4,[],2019-01-25 15:51:35,2084389.58565343,0.00000936,0.000000000333526752,6499557,2019-01-25 15:51:35,btc,2.0092503037378524,0.0,0.00000936,btc,160195.80207885,0.19272417,1.242687955921835,211
1,[],7,[],2019-05-31 18:30:58,1201277502.012389,0.00000066,0.000000000055594572,7718905,2019-05-31 18:30:58,btc,15201837.884747142,334031.530064,0.00000066,btc,8098492.1702487,0.0,13.636724921990913,212
1,[],12,[],2019-01-25 02:44:32,207462.42853209,0.000001080000000000000035831255497387193287295303889550268650054931640625,0.000000000038610756000000006,6493050,2019-01-25 02:44:32,btc,85023.03793723314,0.0,0.000001080000000000000035831255497387193287295303889550268650054931640625,btc,43675.73520027,0.000146250909087,0.0348620860622024,213
1,[],5,[],2019-05-30 00:07:46,0.0,0,0,7709357,2019-05-30 00:07:46,btc,0.0,0.06425239,0,btc,0.0,0.0,0.0,213
1,[],24,[],2019-05-30 00:07:46,0.0,0.000000399202,0.0000000000344859829346,7709358,2019-05-30 00:07:46,btc,0.0,0.0,0.000000399202,btc,0.0,0.0,0.0,213
1,[],26,[],2019-05-30 00:07:47,0.0,0.00000040,0.000000000034554919999999996,7709359,2019-05-30 00:07:47,btc,0.0,0.0,0.00000040,btc,0.0,0.0,0.0,213
0,[],22,[],2019-05-31 18:31:01,0.0,0,0,7718906,2019-05-31 18:31:01,,9.61445386,0.0,0,,3661587.094064925,0.0,0.0,216
1,[],27,[],2019-05-31 18:31:09,196550.0,0.00000001,0.0000000000008423420000000001,7718907,2019-05-31 18:31:09,btc,75.60593967917752,1000.0,0.00000001,"btc,ltc",383835.407688,1e-05,0.0019555000000013086,216
1,[],22,[],2019-05-31 18:31:12,718459.0714285715,0.00000028,0.000000000023585576,7718908,2019-05-31 18:31:12,BTC,12056.48903718,0.0,0.00000028,BTC,531780.7643343819,0.00014,0.0535133,217
1,[],7,[],2019-05-31 18:31:15,0.0,0,0,7718909,2019-05-31 18:31:15,btc,1234864.1040716618,0.0,0,btc,164001712.13147992,0.0,0.0,219
0,[],27,[],2019-05-31 18:31:23,0.0,0,0,7718910,2019-05-31 18:31:23,,261.41644782671324,425636.0,0,btc,15857918.74381025,0.00425636,0.0,219
0,[],28,[],2019-05-31 18:31:25,0.0,0,0,7718911,2019-05-31 18:31:25,,0.0,14060.0,0,,0.0,0.0,0.0,219
1,[],22,[],2019-05-23 16:41:05,172069.0,0.00000004,0.0000000000031167080000000004,7674065,2019-05-23 16:41:05,BTC,56.76466137,0.0,0.00000004,BTC,127061.6482738741,0.0,0.00393676,221
1,[],24,[],2019-05-23 16:41:05,0.0,0.000000010000,0.0000000000007791770000000001,7674066,2019-05-23 16:41:05,btc,0.0,0.0,0.000000010000,btc,0.0,0.0,0.0,221
1,[],20,[],2019-05-31 18:31:27,6830456.0,0.000000001,0.0000000000000842342,7718912,2019-05-31 18:31:27,btc,100053.66203800458,2071295.225,0.000000001,btc,47932112.8844,0.00414259045,0.006830456,224
0,[],22,[],2019-05-31 18:31:30,0.0,0,0,7718913,2019-05-31 18:31:30,,0.0,0.0,0,,0.0,0.0,0.0,224
1,[],26,[],2019-05-31 18:31:30,0.0,0.00000025,0.00000000002105855,7718914,2019-05-31 18:31:30,btc,0.0,0.0,0.00000025,btc,0.0,0.0,0.0,231
1,[],26,[],2019-05-31 18:31:31,0.0,0.00000006,0.000000000005054052,7718915,2019-05-31 18:31:31,btc,0.0,0.0,0.00000006,btc,0.0,0.0,0.0,234
0.000000000308821,[],27,[],2019-05-31 18:31:38,100.0,3.08821e-18,2.60132898782e-22,7718916,2019-05-31 18:31:38,eth,0.01134836604,0.0,0.00000001,"btc,eth",11462.996,0.0,3.0882099999999997e-16,234
1,[],4,[],2019-05-22 17:06:12,91780.56053785,0.00000078,0.000000000061977552,7669277,2019-05-22 17:06:12,btc,5.573372450018177,0.0,0.00000078,btc,729173.93529783,0.0,0.0307060663355679,236
1,[],24,[],2019-05-22 17:06:12,0.0,0.000000010000,0.000000000000794584,7669278,2019-05-22 17:06:12,btc,0.0,0.0,0.000000010000,btc,0.0,0.0,0.0,236
1,[],5,[],2019-05-31 18:31:40,0.0,0,0,7718917,2019-05-31 18:31:40,btc,0.0,0.18276461,0,btc,0.0,0.0,0.0,237
1,[],20,[],2019-05-31 18:31:42,118319289.3607,0.000000039,0.0000000000032851338,7718918,2019-05-31 18:31:42,btc,412.7611360292207,4418579.4705,0.000000039,btc,43432423.8039,0.1840560522873,0.4018551856738,237
1,[],22,[],2019-05-31 18:31:45,288100.0,0.00000003,0.000000000002527026,7718919,2019-05-31 18:31:45,BTC,1.20267422,0.0,0.00000003,"BTC,LTC",17930.94871794872,0.0,0.007541,237
1,[],4,[],2019-05-31 18:31:46,26499240.749101,0.00000012,0.000000000010108104,7718920,2019-05-31 18:31:46,btc,2.850634108540037,0.0,0.00000012,btc,9009257.93659086,0.21694589,0.5109762284800696,238
1,[],5,[],2019-05-31 18:31:48,0.0,0,0,7718921,2019-05-31 18:31:48,btc,0.0,0.0073982,0,btc,0.0,0.0,0.0,238
0,[],22,[],2019-03-12 16:49:32,0.0,0,0,6914458,2019-03-12 16:49:32,,0.40415746,0.0,0,,526736.5639027493,0.0,0.0,249
0,[],22,[],2019-05-28 23:53:45,0.0,0,0,7703643,2019-05-28 23:53:45,,13.44714864,0.0,0,,43777534.3426455,0.0,0.0,252
0,[],28,[],2019-05-31 18:32:01,0.0,0,0,7718922,2019-05-31 18:32:01,,0.0,313065.63905767,0,,0.0,0.0,0.0,256
1,[],22,[],2019-05-31 18:32:04,1023211.0,0.00000001,0.0000000000008423420000000001,7718923,2019-05-31 18:32:04,BTC,31464.5506333,0.0,0.00000001,BTC,584951.6675322719,0.00015955,0.01023211,258
1,[],22,[],2019-05-19 18:12:02,400.0,0.00000001,0.0000000000007957800000000001,7653905,2019-05-19 18:12:02,BTC,2.415167,0.0,0.00000001,BTC,157.0,0.0,4e-06,259
1,[],5,[],2019-05-31 18:32:06,0.0,0,0,7718924,2019-05-31 18:32:06,btc,0.0,0.05708412,0,btc,0.0,0.0,0.0,264
1,[],20,[],2019-05-31 18:32:08,955358.9382,0.000000153,0.000000000012887832600000001,7718925,2019-05-31 18:32:08,btc,0.9761378127969,67630.1221,0.000000153,btc,51736.5911,0.03786089448,0.0075237773946,264
0,[],22,[],2019-04-12 17:57:27,0.0,0,0,7278186,2019-04-12 17:57:27,,66.37522201,0.0,0,,677842.4169881374,0.0,0.0,271
0,[],22,[],2019-05-29 08:10:20,0.0,0,0,7705301,2019-05-29 08:10:20,,33050470.74998113,0.0,0,,14361377780.7,0.0,0.0,272
0,[],28,[],2019-05-29 08:10:54,0.0,0,0,7705302,2019-05-29 08:10:54,,0.0,22189957216.5758,0,,0.0,0.0,0.0,272
1,[],22,[],2019-05-23 07:12:29,219930.0,0.00000004,0.000000000003048688,7671985,2019-05-23 07:12:29,BTC,426.77835217,0.0,0.00000004,BTC,248664.3325962929,0.0,0.00739728,281
1,[],22,[],2019-05-31 18:32:13,441261.43333333335,0.00000004,0.0000000000033693680000000003,7718926,2019-05-31 18:32:13,BTC,31.67313114,0.0,0.00000004,"BTC,LTC",1517150.4569583754,0.00040105,0.01777939,286
0,[],22,[],2019-05-31 18:32:16,0.0,0,0,7718927,2019-05-31 18:32:16,,7337904.96568486,0.0,0,,2004620112.6797826,0.0,0.0,294
