pairValue,buyBook,exchangeId,sellBook,updated,buyTotal,satoshiPrice,usdPrice,exchangeLogId,created,bestPair,sellTotalBtc,volume,pairPrice,activePairs,sellTotal,volumeBtc,buyTotalBtc,coinId
1,[],3,[],2019-03-19 21:47:50,31042.389776944317,0.01312176999999999961465935172100216732360422611236572265625,0.000000525652857492,6982753,2019-03-19 21:47:50,btc,60.141871201334745,2.9251368e-05,0.01312176999999999961465935172100216732360422611236572265625,btc,24.030910666384003,0.0,0.3590756127446214,1
1,[],4,[],2019-03-19 21:47:51,207754.56470417,0.01309048,0.0000005243993926080001,6982754,2019-03-19 21:47:51,btc,13.614771082583838,0.0,0.01309048,btc,261.80628996,1.64657185,1.1731068746923088,1
1,[],5,[],2019-03-19 21:47:54,0.0,0,0,6982755,2019-03-19 21:47:54,btc,0.0,0.00825572,0,btc,0.0,0.0,0.0,1
1,[],10,[],2019-03-19 21:47:57,413700.50642358,0.01140224,0.000000456769173504,6982756,2019-03-19 21:47:57,btc,6521.969371528166,1609.34200136,0.01140224,btc,908.30602871,0.0,4.8167844891243705,1
1,[],12,[],2019-03-19 21:48:00,43.79717203,0.0131299999999999993105515017077777883969247341156005859375,0.000000525982548,6982757,2019-03-19 21:48:00,btc,0.1866420289276,0.0,0.0131299999999999993105515017077777883969247341156005859375,btc,13.65080096,0.0380686249134,0.2800274238235,1
1,[],20,[],2019-03-19 21:48:03,1152.6081,0.01070001,0.00000042863812059600003,6982758,2019-03-19 21:48:03,btc,0.0423738248054,0.0,0.01070001,btc,1.8879,0.0,0.0974182203341,1
1,[],21,[],2019-03-19 21:48:04,2676.71456568,0.01318129000000000002057465309,0.000000528037204884,6982759,2019-03-19 21:48:04,btc,42.685822957439896,10045.398612339999,0.01318129000000000002057465309235340100713074207305908203125,"btc,eth",4180.91232728,120.45519072935403,28.988326714880767,1
1,[],22,[],2019-03-19 21:48:18,0.07686088253968254,0.01260000,0.00000050475096,6982760,2019-03-19 21:48:18,BTC,0.31439419,0.0,0.01260000,BTC,0.12751438772928525,0.0,0.00096785,1
1,[],24,[],2019-03-19 21:48:18,0.0,0.000000000000,0,6982761,2019-03-19 21:48:18,btc,0.0,0.0,0.000000000000,btc,0.0,0.0,0.0,1
0.0,[],25,[],2019-03-19 21:48:19,0.0,0,0,6982762,2019-03-19 21:48:19,btc,43.29519999756196,255.47509393,0.0,btc,3218.5620624,3.35,0.0,1
1,[],26,[],2019-03-19 21:48:20,0.0,0,0,6982763,2019-03-19 21:48:20,,0.0,0.0,0,,0.0,0.0,0.0,1
1,[],28,[],2019-03-19 21:48:22,992.9,0.01231000,0.000000493133676,6982764,2019-03-19 21:48:22,btc,0.151703079,18194.31,0.01231000,btc,8.184,0.0,0.086101096,1
0,[],2,[],2019-01-20 23:28:45,0.0,0,0,6477011,2019-01-20 23:28:45,,0.0,0.0,0,,0.0,0.0,0.0,1
1,[],5,[],2019-03-19 21:48:25,0.0,0,0,6982765,2019-03-19 21:48:25,btc,0.0,0.01030414,0,btc,0.0,0.0,0.0,2
0.0000000001315051,[],22,[],2019-03-19 21:48:29,1148.0,1.4465561000000002e-16,5.7948458743560005e-21,6982766,2019-03-19 21:48:29,XMR,21.02425527,0.0,0.00000110,XMR,24942.398537272726,0.0,0.00087635,2
1,[],5,[],2019-03-19 21:48:32,0.0,0,0,6982767,2019-03-19 21:48:32,btc,0.0,0.48471035,0,btc,0.0,0.0,0.0,3
1,[],12,[],2019-03-19 21:48:33,2334353.15533332,0.00000019,0.000000000007611324,6982768,2019-03-19 21:48:33,btc,23468.973643503123,0.0,0.00000019,btc,1565479.53540543,0.10721176645718368,0.3217359793159976,3
0,[],28,[],2019-03-19 21:48:34,0.0,0,0,6982769,2019-03-19 21:48:34,,0.0,0.0,0,,0.0,0.0,0.0,3
0,[],2,[],2019-01-20 23:31:32,0.0,0,0,6477077,2019-01-20 23:31:32,,0.0,0.0,0,,0.0,0.0,0.0,4
1,[],4,[],2019-03-19 21:48:35,346052.44270812,0.00000030,0.00000000001201788,6982770,2019-03-19 21:48:35,btc,32.066716819740336,0.0,0.00000030,btc,696508.86156696,0.00640155,0.0326777554037937,4
1,[],12,[],2019-03-19 21:48:36,394675.0,0.00000002,0.0000000000008011920000000001,6982771,2019-03-19 21:48:36,btc,1111853.28863852,0.0,0.00000002,btc,793260.33266733,0.0,0.00435224,5
0,[],2,[],2019-01-20 23:31:51,0.0,0,0,6477087,2019-01-20 23:31:51,,0.0,0.0,0,,0.0,0.0,0.0,6
1,[],11,[],2019-03-19 21:48:38,3387507.66422,0.00000001,0.00000000000040059600000000004,6982772,2019-03-19 21:48:38,btc,9574.354910298487,882000.0,0.00000001,btc,43549534.90528502,0.0,0.0338750766422,6
1,[],3,[],2019-03-19 21:48:39,1111.874925057246,0.00016001000000000000791054721727135756736970506608486175537109375,0.000000006409936596000001,6982773,2019-03-19 21:48:39,btc,29.634654231634162,0.0,0.00016001000000000000791054721727135756736970506608486175537109375,btc,241.020514578101,0.0,0.03830597781778914,7
1,[],4,[],2019-03-19 21:48:40,101702.42652154,0.00023307,0.000000009336690972000001,6982774,2019-03-19 21:48:40,btc,11.724280706067102,0.0,0.00023307,btc,41097.70613264,5.66818067,10.259360178264012,7
1,[],5,[],2019-03-19 21:48:41,0.0,0,0,6982775,2019-03-19 21:48:41,btc,0.0,0.47927069,0,btc,0.0,0.0,0.0,7
1,[],20,[],2019-02-20 02:16:17,39399275.8418,0.000000001,0.0000000000000390183,6728586,2019-02-20 02:16:17,btc,116.9737569154545,525.0,0.000000001,btc,56932965.8895,5.25e-07,0.0393992758418,8
0,[],2,[],2019-01-20 23:22:42,0.0,0,0,6476876,2019-01-20 23:22:42,,0.0,0.0,0,,0.0,0.0,0.0,9
0,[],23,[],2019-01-20 23:22:48,0.0,0,0,6476878,2019-01-20 23:22:48,,0.0,0.0,0,,0.0,0.0,0.0,9
1,[],4,[],2019-03-19 21:48:43,2377141.20547216,0.00000158,0.000000000063294168,6982776,2019-03-19 21:48:43,btc,7.173705313598971,0.0,0.00000158,btc,3238061.57121153,0.85225603,2.602301667955715,9
1,[],28,[],2019-03-19 21:48:45,26837.0,0.00000160,0.00000000006409536,6982777,2019-03-19 21:48:45,btc,2708.766379464023,3598229.13,0.00000160,btc,14696.5673,0.0,0.0155039,9
1,[],1,[],2019-02-17 23:31:42,1822507.21,0.00000181000000000000003456111265232042484285557293333113193511962890625,0.000000000066086901,6701244,2019-02-17 23:31:42,btc,3.6990969245,17153386.5,0.00000181000000000000003456111265232042484285557293333113193511962890625,btc,1997391.71,31.11772986,3.2610482446,9
1,[],4,[],2019-02-17 11:22:43,4341674.27126056,0.00000002,0.0000000000007272960000000001,6696112,2019-02-17 11:22:43,btc,0.1997230937751353,0.0,0.00000002,btc,4109766.79808031,0.00215132,0.0479381022052112,10
0,[],2,[],2019-01-20 23:23:08,0.0,0,0,6476890,2019-01-20 23:23:08,,0.0,0.0,0,,0.0,0.0,0.0,12
1,[],4,[],2019-03-19 21:48:46,5214462.49046351,0.00000159,0.000000000063694764,6982778,2019-03-19 21:48:46,btc,12.714712309560456,0.0,0.00000159,btc,5159168.71955487,4.42906151,5.7272854724712445,12
1,[],5,[],2019-03-19 21:48:48,0.0,0,0,6982779,2019-03-19 21:48:48,btc,0.0,0.13357442,0,btc,0.0,0.0,0.0,12
0.0,[],25,[],2019-03-19 21:48:50,0.0,0,0,6982780,2019-03-19 21:48:50,,0.0,0.0,0.0,btc,0.0,0.0,0.0,12
1,[],4,[],2019-03-19 21:48:51,32906325.82456254,0.00001120,0.00000000044866752000000003,6982781,2019-03-19 21:48:51,btc,3.586742821316664,0.0,0.00001120,btc,266472.75180549,2.18915083,1.2161037875437324,13
1,[],10,[],2019-03-19 21:48:54,475782.87557535,0.00001129,0.000000000452272884,6982782,2019-03-19 21:48:54,btc,666776.3875804797,24963.0438199,0.00001129,btc,643595.13526951,0.0,0.6091314204983646,13
1,[],21,[],2019-03-19 21:48:55,1879071.06373188,0.00001137999999999999946385768890,0.000000000455878248,6982783,2019-03-19 21:48:55,btc,14.795577466728432,1663979.37871608,0.00001137999999999999946385768889722811536557856015861034393310546875,btc,1185072.82428035,18.294805,18.890854305662703,13
1,[],4,[],2019-03-19 21:48:56,1095985.7563158,0.00000080,0.00000000003204768,6982784,2019-03-19 21:48:56,btc,5.313088575578869,0.0,0.00000080,btc,990056.33690751,0.01182326,0.1814460567013432,14
1,[],12,[],2019-03-19 21:48:57,303561.0,0.00000069,0.000000000027641124,6982785,2019-03-19 21:48:57,btc,0.0560458655186984,0.0,0.00000069,btc,13799.95186185,0.0,0.032130399999999996,14
0,[],17,[],2019-03-19 21:49:09,0.0,0,0,6982786,2019-03-19 21:49:09,btc,0.0,0.0,0,btc,0.0,0.0,0.0,14
1,[],26,[],2019-03-19 21:49:09,0.0,0.00000050,0.000000000020029800000000002,6982787,2019-03-19 21:49:09,btc,0.0,0.0,0.00000050,btc,0.0,0.0,0.0,14
0,[],4,[],2019-03-19 21:49:11,0.0,0,0,6982788,2019-03-19 21:49:11,,0.0,0.0,0,,0.0,0.0,0.0,15
,[],12,[],2018-12-01 15:15:48,204241.84496,0.00000489,0.000000000202473384,5260204,2018-12-01 15:15:48,btc,49.5475654835,0.0,,btc,35763.2193806,0.0163153972027625,0.0203389899998,15
0,[],2,[],2019-01-20 23:23:38,0.0,0,0,6476906,2019-01-20 23:23:38,,0.0,0.0,0,,0.0,0.0,0.0,18
1,[],4,[],2019-03-19 21:49:13,74552.44457542,0.00001513,0.0000000006061017480000001,6982789,2019-03-19 21:49:13,btc,1.1097360229697446,0.0,0.00001513,btc,18577.80379312,0.04713927,0.0524834920666601,18
1,[],10,[],2019-03-19 21:49:15,787413.80259628,0.00001545,0.00000000061892082,6982790,2019-03-19 21:49:15,btc,15.399068612504902,26924.9529254,0.00001545,btc,12993.20007129,0.0,0.1884445720826981,18
1,[],12,[],2019-03-19 21:49:15,338499.19692389,0.00001544000000000000124948662527657461396302096545696258544921875,0.0000000006185202240000001,6982791,2019-03-19 21:49:15,btc,33214.7315211235,0.0,0.00001544000000000000124948662527657461396302096545696258544921875,btc,1033.86555886,0.0151965639698829,0.061555309306311,18
0,[],17,[],2019-03-19 21:49:17,0.0,0,0,6982792,2019-03-19 21:49:17,btc,0.0,0.0,0,btc,0.0,0.0,0.0,18
0,[],2,[],2019-01-20 23:24:19,0.0,0,0,6476924,2019-01-20 23:24:19,,0.0,0.0,0,,0.0,0.0,0.0,19
1,[],3,[],2019-03-19 21:49:18,119979.60342124278,0.0000222899999999999983454727903176006975627387873828411102294921875,0.000000000892928484,6982793,2019-03-19 21:49:18,btc,0.6663200906237937,236.56026303,0.0000222899999999999983454727903176006975627387873828411102294921875,btc,13147.466810408645,0.0,0.05040739258469176,19
1,[],4,[],2019-03-19 21:49:19,215933.9320504,0.00002061,0.000000000825628356,6982794,2019-03-19 21:49:19,btc,4.930524218005221,0.0,0.00002061,btc,116610.71431032,1.285248,2.2089928185209895,19
1,[],5,[],2019-03-19 21:49:20,0.0,0,0,6982795,2019-03-19 21:49:20,btc,0.0,0.00286561,0,btc,0.0,0.0,0.0,19
1,[],12,[],2019-03-19 21:49:21,388338.18287838,0.000018559999999999998482498597685008689950336702167987823486328125,0.0000000007435061759999999,6982796,2019-03-19 21:49:21,btc,0.2054295289339912,0.0,0.000018559999999999998482498597685008689950336702167987823486328125,btc,1950.63290869,0.0113386387725166,0.0911383199995123,19
0,[],27,[],2019-03-19 21:49:31,0.0,0,0,6982797,2019-03-19 21:49:31,,0.0,0.0,0,btc,0.0,0.0,0.0,19
1,[],4,[],2019-03-19 21:49:32,2797273.47710741,0.00000013,0.000000000005207748,6982798,2019-03-19 21:49:32,btc,7.379342187426975,0.0,0.00000013,btc,2861180.63183601,0.0001014,0.080630943248758,20
1,[],4,[],2019-03-19 21:49:33,90698287.36293596,0.00000001,0.000000000000400596,6982799,2019-03-19 21:49:33,btc,39570.615560675455,0.0,0.00000001,btc,58730334.01991303,0.00215423,0.9069828736293596,21
1,[],12,[],2019-03-19 21:49:34,2155405.0,0.00000001,0.00000000000040059600000000004,6982800,2019-03-19 21:49:34,btc,2870.5387463704897,0.0,0.00000001,btc,2983683.52447552,0.0002392798001998,0.02155405,21
0,[],17,[],2019-03-19 21:49:35,0.0,0,0,6982801,2019-03-19 21:49:35,btc,0.0,0.0,0,btc,0.0,0.0,0.0,21
1,[],12,[],2019-03-19 21:49:36,3182670068.0,0.0000000002,0.00000000000000801192,6982802,2019-03-19 21:49:36,btc,3161673.219074513,0.0,0.0000000002,btc,1404487807.5454545,0.10027800787852148,0.37059236440000004,23
0,[],27,[],2019-03-19 21:49:46,0.0,0,0,6982803,2019-03-19 21:49:46,,13.9750273112066,0.0,0,eth,6313324.08723636,0.0,0.0,23
1,[],4,[],2019-03-19 21:49:47,666164.00710255,0.00000046,0.000000000018427416,6982804,2019-03-19 21:49:47,btc,10.57131488174021,0.0,0.00000046,btc,1629896.47209282,0.00468059,0.1694732942387102,24
1,[],22,[],2019-03-19 21:49:50,11.76,0.00000100,0.000000000040059600000000004,6982805,2019-03-19 21:49:50,BTC,7.415e-05,0.0,0.00000100,BTC,23.919354838709676,0.0,1.176e-05,24
0.0,[],25,[],2019-03-19 21:49:51,0.0,0,0,6982806,2019-03-19 21:49:51,,0.0,0.0,0.0,btc,0.0,0.0,0.0,24
1,[],4,[],2019-03-19 21:49:54,26798047.61804673,0.00000656,0.000000000262790976,6982807,2019-03-19 21:49:54,btc,57.361775521218746,0.0,0.00000656,btc,258001.40608658,0.28482479,0.6759908753572748,26
1,[],10,[],2019-03-19 21:49:56,603251.78289451,0.00000577,0.000000000231143892,6982808,2019-03-19 21:49:56,btc,25.236339000051956,3987.37030072,0.00000577,btc,14702.66420715,0.0,0.1469897173618276,26
0,[],2,[],2019-01-20 23:25:56,0.0,0,0,6476976,2019-01-20 23:25:56,,0.0,0.0,0,,0.0,0.0,0.0,26
1,[],3,[],2019-03-19 21:49:57,10182978.48184747,0.00000001,0.00000000000040059600000000004,6982809,2019-03-19 21:49:57,btc,2.065848128323861,555.0,0.00000001,btc,16183483.75409294,0.0,0.10182978481847471,27
1,[],5,[],2019-03-19 21:49:58,0.0,0,0,6982810,2019-03-19 21:49:58,btc,0.0,5.56e-06,0,btc,0.0,0.0,0.0,27
1,[],11,[],2019-03-19 21:50:00,8483599.24590115,0.00000006,0.000000000002403576,6982811,2019-03-19 21:50:00,btc,67506.1891365516,10079.0,0.00000006,btc,7956117.08369704,0.0,0.4685351649180229,27
1,[],4,[],2019-03-19 21:50:01,2197591967.073989,0.00000001,0.000000000000400596,6982812,2019-03-19 21:50:01,btc,3.4018303205169422,0.0,0.00000001,"btc,ltc",276421229.69148296,0.15241988,9.98425341064336,29
1,[],7,[],2019-03-19 21:50:03,35609430.88543586,0.00000001,0.00000000000040059600000000004,6982813,2019-03-19 21:50:03,btc,44461604.29816474,16391.6963037,0.00000001,btc,52448570.76232952,0.00032783,0.35609430885435855,29
0,[],17,[],2019-03-19 20:31:55,0.0,0,0,6982423,2019-03-19 20:31:55,btc,0.0,0.0,0,btc,0.0,0.0,0.0,30
1,[],4,[],2019-03-19 21:50:04,4123744.25301929,0.00000018,0.000000000007210728,6982814,2019-03-19 21:50:04,btc,2.7800765878571765,0.0,0.00000018,btc,2184256.71977311,0.04231359,0.1148229199374328,30
1,[],4,[],2019-03-19 21:50:17,218173.5123924,0.00006272,0.000000002512538112,6982815,2019-03-19 21:50:17,btc,5.705459564757355,0.0,0.00006272,btc,56818.9273774,1.03920034,3.8888511903445044,31
1,[],21,[],2019-03-19 21:50:18,74750.96664327,0.00006257000000000000571303421237,0.000000002506529172,6982816,2019-03-19 21:50:18,btc,3.1874348609277443,199463.20383549,0.000062570000000000005713034212373457876310567371547222137451171875,btc,45732.13464107,12.20587181,4.3501743413489,31
0,[],2,[],2019-01-20 23:28:43,0.0,0,0,6477009,2019-01-20 23:28:43,,0.0,0.0,0,,0.0,0.0,0.0,32
1,[],4,[],2019-03-19 21:50:19,388046429.0015734,0.00000004,0.000000000001602384,6982817,2019-03-19 21:50:19,btc,8.694948093060948,0.0,0.00000004,"btc,ltc",173265922.58272955,0.65782217,8.165475074251635,33
1,[],12,[],2019-03-19 21:50:20,30907864.99233333,0.00000004,0.0000000000016023840000000002,6982818,2019-03-19 21:50:20,btc,4233126.535915188,0.0,0.00000004,btc,21840614.64135863,0.0006728241758245,0.7375615167199998,33
1,[],4,[],2019-03-19 21:50:21,89453065.08517008,0.00000001,0.000000000000400596,6982819,2019-03-19 21:50:21,btc,3.231058352779121,0.0,0.00000001,btc,103073024.33610038,0.00199018,0.8945306508517007,34
1,[],5,[],2019-03-19 21:50:23,0.0,0,0,6982820,2019-03-19 21:50:23,btc,0.0,0.01902457,0,btc,0.0,0.0,0.0,34
0.0000000001474523,[],4,[],2019-03-19 21:50:24,5063561970.826218,1.474523e-18,5.90688015708e-23,6982821,2019-03-19 21:50:24,ltc,4.9212506116751435e-08,0.0,0.00000001,ltc,6168587637.498471,0.0,7.466338587908587e-09,36
1,[],5,[],2019-03-19 21:50:26,0.0,0,0,6982822,2019-03-19 21:50:26,btc,0.0,0.0,0,btc,0.0,0.0,0.0,36
0,[],17,[],2019-03-19 21:50:37,0.0,0,0,6982823,2019-03-19 21:50:37,btc,0.14155809404650171,0.0,0,btc,10794800.77743647,0.0,0.0,36
0.0000000003447919,[],27,[],2019-03-19 21:50:49,992184.46325,3.447919e-18,1.381222559724e-22,6982824,2019-03-19 21:50:49,eth,223.74951049924783,0.0,0.00000001,"ltc,eth",12177368.61058689,0.0,1.4629991334616768e-12,36
1,[],17,[],2019-03-19 20:32:23,1752.74075282,0.00000025,0.00000000001001605,6982436,2019-03-19 20:32:23,btc,0.05548492398637168,0.0,0.00000025,btc,1387.19918473,0.0,0.00043818518820499993,37
1,[],4,[],2019-03-19 21:50:50,276797.13459092,0.00000060,0.00000000002403576,6982825,2019-03-19 21:50:50,btc,19772.462139584688,0.0,0.00000060,btc,576147.01331278,0.01704385,0.1237942648815745,37
1,[],12,[],2019-03-19 21:50:51,505580.30115249,0.0000006,0.00000000002403576,6982826,2019-03-19 21:50:51,btc,21.664521661994044,0.0,0.0000006,btc,412880.62269834,0.1105619237391465,0.1946957726452021,37
1,[],27,[],2019-03-19 21:51:00,16356.567,0.00000045,0.00000000001802682,6982827,2019-03-19 21:51:00,btc,24.23826413611233,0.0,0.00000045,btc,6515.38138508,0.0,0.00555227515,37
1,[],5,[],2019-03-19 21:51:03,0.0,0,0,6982828,2019-03-19 21:51:03,btc,0.0,0.00139079,0,btc,0.0,0.0,0.0,42
1,[],12,[],2019-03-19 21:25:11,258030.57830071,0.00000091,0.000000000036449413,6982632,2019-03-19 21:25:11,btc,5.580937932826757,0.0,0.00000091,btc,30280.17040567,0.0107543692903806,0.0196831699999885,42
0.0000000003449047,[],27,[],2019-03-19 21:25:22,2000.0,3.4490470000000005e-18,1.381491632521e-22,6982633,2019-03-19 21:25:22,eth,0.00315028,0.0,0.00000001,"btc,eth",11.007,0.0,6.898094000000001e-15,42
0,[],17,[],2019-03-19 20:32:54,0.0,0,0,6982442,2019-03-19 20:32:54,btc,0.0,0.0,0,btc,0.0,0.0,0.0,43
1,[],12,[],2019-03-13 09:13:29,1112112.0,0.00000001,0.000000000000386531,6919902,2019-03-13 09:13:29,btc,29058.00478931866,0.0,0.00000001,btc,5967681.93306694,9.99000999e-07,0.01112112,43
1,[],5,[],2019-03-19 21:25:32,0.0,0,0,6982634,2019-03-19 21:25:32,btc,0.0,0.00028751,0,btc,0.0,0.0,0.0,43
1,[],12,[],2019-03-05 01:54:08,639326.02,0.00000004,0.000000000001486676,6845775,2019-03-05 01:54:08,btc,11116042.728239931,0.0,0.00000004,btc,1103841.4595604,0.0003330765234764,0.014975410599999999,44
1,[],4,[],2019-03-19 21:25:34,298119438.73267287,0.00000002,0.000000000000801086,6982635,2019-03-19 21:25:34,btc,473.923996999734,0.0,0.00000002,"btc,ltc",12934718.59224693,0.001297,0.2833804199120677,49
0.0000000001474119,[],4,[],2019-03-19 21:25:35,448043482.62466913,1.4741189999999999e-18,5.90448046617e-23,6982636,2019-03-19 21:25:35,ltc,25.90165466917856,0.0,0.00000001,ltc,8584132878.0097275,0.0,6.604694105631947e-10,52
0,[],22,[],2019-03-19 21:25:49,0.0,0,0,6982637,2019-03-19 21:25:49,,4428.59026215,0.0,0,,305937213.5359664,0.0,0.0,57
0.0000000003449047,[],27,[],2019-03-19 21:25:59,2000.0,3.4490470000000005e-18,1.381491632521e-22,6982638,2019-03-19 21:25:59,eth,0.0,0.0,0.00000001,"btc,eth",0.0,0.0,6.898094000000001e-15,57
0,[],17,[],2019-03-19 20:33:32,0.0,0,0,6982449,2019-03-19 20:33:32,btc,1e+24,0.0,0,btc,49226522.0897055,0.0,0.0,58
0.0000000001474119,[],4,[],2019-03-19 21:26:00,718198188.4248182,2.9482379999999998e-18,1.180896093234e-22,6982639,2019-03-19 21:26:00,ltc,18.657617242746735,0.0,0.00000002,ltc,4665021416.967522,0.0,1.6192529555837864e-09,58
1,[],12,[],2019-03-19 21:26:01,1415490275.0,0.0000000003,0.00000000000001201629,6982640,2019-03-19 21:26:01,btc,5376425.009470382,0.0,0.0000000003,btc,1794086686.2847152,0.00147928727402598,0.3633957826,58
0.00000000013150729999999999,[],22,[],2019-03-19 21:26:15,137438.0,1.315073e-18,5.26743284639e-23,6982641,2019-03-19 21:26:15,XMR,69.1795942,0.0,0.00000001,XMR,9887963.0,0.0,0.00137438,58
1,[],5,[],2019-03-19 21:26:18,0.0,0,0,6982642,2019-03-19 21:26:18,btc,0.0,0.02420854,0,btc,0.0,0.0,0.0,61
1,[],22,[],2019-03-19 21:26:21,13656.0,0.00000012,0.000000000004806516,6982643,2019-03-19 21:26:21,BTC,1002.2960049,0.0,0.00000012,BTC,14976.68361146909,0.0,0.00153775,61
1,[],26,[],2019-03-19 21:26:22,0.0,0.00000800,0.0000000003204344,6982644,2019-03-19 21:26:22,btc,0.0,0.0,0.00000800,btc,0.0,0.0,0.0,61
1,[],27,[],2019-03-19 21:26:32,2058.72798,0.00000047,0.000000000018825521,6982645,2019-03-19 21:26:32,btc,2.884958570314132,0.0,0.00000047,"btc,eth",19782.59257617,0.0,0.00016081519350105662,61
1,[],28,[],2019-03-19 21:26:39,13880.304,0.0000005,0.00000000002002715,6982646,2019-03-19 21:26:39,btc,2.056812978300105,920.0,0.0000005,btc,10230.59500005,0.0,0.00566391304,61
1,[],4,[],2019-03-19 21:26:40,1262060.33156383,0.00000233,0.000000000093326519,6982647,2019-03-19 21:26:40,btc,8.893370711410345,0.0,0.00000233,btc,766818.22735935,0.27253829,0.9437422703533458,67
0.0,[],25,[],2019-03-19 21:26:42,0.0,0,0,6982648,2019-03-19 21:26:42,,0.0,0.0,0.0,btc,0.0,0.0,0.0,67
1,[],12,[],2019-03-19 21:26:43,760099.49942733,0.00000016,0.000000000006408688,6982649,2019-03-19 21:26:43,btc,1111615.2253620632,0.0,0.00000016,btc,984046.05007144,0.0102197413237092,0.056422804191817,71
,[],5,[],2018-11-20 23:02:39,1.5e-07,0.00000005,0.000000000002128045,4862160,2018-11-20 23:02:39,btc,2.84511358,0.0,,btc,0.00036572,0.0,0.07381892,74
1,[],5,[],2019-03-19 21:26:45,0.0,0,0,6982650,2019-03-19 21:26:45,btc,0.0,0.0,0,btc,0.0,0.0,0.0,75
0,[],20,[],2019-01-25 09:30:31,0.0,0,0,6495923,2019-01-25 09:30:31,btc,0.0,0.0,0,btc,0.0,0.0,0.0,81
1,[],4,[],2019-03-19 21:26:46,13382103.94481309,0.00000001,0.000000000000400543,6982651,2019-03-19 21:26:46,btc,11370.017332820591,0.0,0.00000001,btc,39841845.35132191,0.00148983,0.1338210394481309,81
1,[],4,[],2019-03-19 21:26:48,23542.25752668,0.00007973,0.000000003193529339,6982652,2019-03-19 21:26:48,btc,17.89410848626011,0.0,0.00007973,btc,12149.01337029,0.0649386,0.0732352401381889,82
1,[],21,[],2019-03-19 21:26:49,911662.664388,0.00007503999999999999982302351098,0.000000003005674672,6982653,2019-03-19 21:26:49,btc,2.6117225589576023,2148.35738267,0.000075039999999999999823023510980846140228095464408397674560546875,btc,29445.02152984,0.16275223,3.127008950868362,82
0,[],17,[],2019-03-19 19:24:07,0.0,0,0,6982074,2019-03-19 19:24:07,btc,0.0447233088476774,0.0,0,btc,999127.19588126,0.0,0.0,84
0.0000000001474119,[],4,[],2019-03-19 21:27:02,147889140.09334978,4.422357e-18,1.771344139851e-22,6982654,2019-03-19 21:27:02,ltc,1.6750569413320595,0.0,0.00000003,ltc,367252823.1737958,0.0,3.142334429597196e-10,85
,[],22,[],2018-11-20 23:09:34,3408.1,0.0000001,0.0000000000041895,4862324,2018-11-20 23:09:34,BTC,0.04624735,0.0,,BTC,4990.0,0.0,0.00033081,86
0,[],27,[],2019-03-19 21:27:10,0.0,0,0,6982656,2019-03-19 21:27:10,,0.0,0.0,0,,0.0,0.0,0.0,87
1,[],22,[],2019-03-19 21:27:04,110870.0,0.00000005,0.000000000002002715,6982655,2019-03-19 21:27:04,BTC,2.83246841,0.0,0.00000005,BTC,194278.94736842104,6e-05,0.0017035,87
,[],2,[],2018-11-20 23:10:47,0.0,0,0,4862359,2018-11-20 23:10:47,,0.0,0.0,,,0.0,0.0,0.0,88
1,[],11,[],2019-03-19 21:27:12,106274.33849716,0.0001502200000000000084700302327433973914594389498233795166015625,0.000000006016956946,6982657,2019-03-19 21:27:12,btc,613.1492458124327,861.95850059,0.0001502200000000000084700302327433973914594389498233795166015625,btc,105301.03045775,0.0,8.258152990968629,89
1,[],12,[],2019-03-19 21:27:13,313325.77709206997,0.00000091,0.000000000036449413,6982658,2019-03-19 21:27:13,btc,58.44310792727103,0.0,0.00000091,btc,87676.39121051,7.08714459524e-05,0.0315379986678556,91
0,[],17,[],2019-03-19 21:27:25,0.0,0,0,6982659,2019-03-19 21:27:25,btc,0.0,0.0,0,btc,0.0,0.0,0.0,91
1,[],22,[],2019-03-19 21:27:28,65900.0,0.00000001,0.000000000000400543,6982660,2019-03-19 21:27:28,BTC,3e-06,0.0,0.00000001,BTC,1.0,0.0,0.000659,91
0,[],2,[],2019-01-20 23:31:45,0.0,0,0,6477083,2019-01-20 23:31:45,,0.0,0.0,0,,0.0,0.0,0.0,91
0,[],22,[],2019-03-19 21:27:30,0.0,0,0,6982661,2019-03-19 21:27:30,,3.44097116,0.0,0,,46768900.1,0.0,0.0,95
0.0000000001474119,[],4,[],2019-03-19 21:27:32,543436447.814371,7.0757712e-17,2.8341506237616e-21,6982662,2019-03-19 21:27:32,ltc,11.887660051618525,0.0,0.00000048,ltc,134385540.3522542,0.0001,1.3078094418204068e-09,96
0,[],12,[],2019-03-19 21:27:34,0.0,0,0,6982663,2019-03-19 21:27:34,btc,20.929224305364635,0.0,0,btc,3213630.5364635,6.7132867133e-06,0.0,96
0,[],17,[],2019-03-19 20:39:12,0.0,0,0,6982472,2019-03-19 20:39:12,btc,0.0,0.0,0,btc,0.0,0.0,0.0,96
1,[],4,[],2019-03-19 21:27:36,2666317.02174568,0.00000049,0.000000000019626607,6982664,2019-03-19 21:27:36,btc,5.885316256883966,0.0,0.00000049,btc,3063325.44777134,0.10431741,0.6114062366839677,99
1,[],4,[],2019-03-19 21:27:38,286708.38101968,0.00003550,0.00000000142192765,6982665,2019-03-19 21:27:38,btc,12.281732795970953,0.0,0.00003550,btc,184822.50858119,0.56415279,1.2261687712240865,100
0,[],2,[],2019-01-20 23:23:55,0.0,0,0,6476914,2019-01-20 23:23:55,,0.0,0.0,0,,0.0,0.0,0.0,100
1,[],22,[],2019-03-19 21:27:41,120000.0,0.00000002,0.000000000000801086,6982666,2019-03-19 21:27:41,BTC,24.82891609,0.0,0.00000002,BTC,11877.22,0.0,0.0014,101
1,[],4,[],2019-03-19 21:27:42,1269703.83811683,0.00000085,0.000000000034046155,6982667,2019-03-19 21:27:42,btc,292.6090167662204,0.0,0.00000085,btc,562026.0557673,0.00401984,0.2207644774251401,103
1,[],12,[],2019-03-19 21:27:44,34743596.0,0.000000007,0.00000000000028038009999999997,6982668,2019-03-19 21:27:44,btc,3219028.6463792697,0.0,0.000000007,btc,68675751.99415302,0.02074843367243004,0.057772805,105
0,[],27,[],2019-03-19 21:27:55,0.0,0,0,6982669,2019-03-19 21:27:55,,36.610186235370406,207322.0,0,btc,1432769.78561724,0.00207322,0.0,105
1,[],22,[],2019-03-19 21:29:57,9328.0,0.00000001,0.000000000000400543,6982670,2019-03-19 21:29:57,BTC,51.10837004,0.0,0.00000001,BTC,470435.0,0.0,9.328e-05,107
1,[],26,[],2019-03-19 21:29:57,0.0,0.00000000,0,6982671,2019-03-19 21:29:57,btc,0.0,0.0,0.00000000,btc,0.0,0.0,0.0,107
1,[],5,[],2019-03-19 21:29:58,0.0,0,0,6982672,2019-03-19 21:29:58,btc,0.0,0.00065857,0,btc,0.0,0.0,0.0,112
0,[],22,[],2019-03-19 21:30:00,0.0,0,0,6982673,2019-03-19 21:30:00,,2.7812366,0.0,0,,926409.0833333334,0.0,0.0,112
0,[],27,[],2019-03-19 21:30:11,0.0,0,0,6982674,2019-03-19 21:30:11,,0.1688872,0.0,0,btc,648.0,0.0,0.0,112
1,[],4,[],2019-03-19 21:30:13,820345.81253244,0.00000193,0.00000000007730479899999999,6982675,2019-03-19 21:30:13,btc,4.0365566741640695,0.0,0.00000193,btc,412273.33009145,0.11764989,0.8483500453172725,113
1,[],5,[],2019-03-19 21:30:14,0.0,0,0,6982676,2019-03-19 21:30:14,btc,0.0,0.00118915,0,btc,0.0,0.0,0.0,113
0,[],27,[],2019-03-19 21:30:33,0.0,0,0,6982677,2019-03-19 21:30:33,,0.0,0.0,0,btc,0.0,0.0,0.0,116
1,[],17,[],2019-03-19 19:00:02,152738.278,0.00000004,0.0000000000016037040000000002,6981707,2019-03-19 19:00:02,btc,1.3368030274774954,0.0,0.00000004,btc,51896.221,0.0,0.0022095311199999998,116
1,[],4,[],2019-03-19 21:30:36,58560.83697937,0.00004728,0.000000001893767304,6982678,2019-03-19 21:30:36,btc,184.66495417027488,0.0,0.00004728,btc,57348.6551131,0.63728993,1.064634238325951,120
1,[],7,[],2019-03-19 21:30:38,23135.77698089,0.000031010000000000002948370714239700873804395087063312530517578125,0.000000001242083843,6982679,2019-03-19 21:30:38,btc,115655.54804600807,0.0,0.000031010000000000002948370714239700873804395087063312530517578125,btc,33311.04292594,0.0,0.057743749294120295,120
1,[],20,[],2019-03-19 21:30:41,1562127.0982,0.000000034,0.0000000000013618462,6982680,2019-03-19 21:30:41,btc,32.3019190406648,9355.159,0.000000034,btc,1028084.0986,0.000318075406,0.0117960626506,125
1,[],22,[],2019-03-19 21:30:44,3053.0,0.00000001,0.000000000000400543,6982681,2019-03-19 21:30:44,BTC,0.01444887,0.0,0.00000001,BTC,296263.5111111111,0.0,3.053e-05,126
1,[],4,[],2019-03-19 21:30:45,1328055.84881308,0.00001082,0.00000000043338752599999997,6982682,2019-03-19 21:30:45,btc,3.002213582516187,0.0,0.00001082,btc,126099.95426983,0.23849023,0.3285350842362315,131
0,[],17,[],2019-03-19 21:30:47,0.0,0,0,6982683,2019-03-19 21:30:47,btc,0.0953976503951408,0.0,0,btc,5037.62507334,0.0,0.0,131
0,[],2,[],2019-01-20 23:25:46,0.0,0,0,6476969,2019-01-20 23:25:46,,0.0,0.0,0,,0.0,0.0,0.0,131
1,[],4,[],2019-03-19 21:30:49,4833.71760848,0.00010299,0.000000004125192357,6982684,2019-03-19 21:30:49,btc,7.858624584121351,0.0,0.00010299,btc,268.02019984,0.01503913,0.0189186191005559,135
1,[],3,[],2019-03-07 00:20:44,877702.73244099,0.00000004,0.00000000000154846,6863392,2019-03-07 00:20:44,btc,0.119366241821405,0.0,0.00000004,btc,760637.99421222,0.0,0.023771231960604298,136
1,[],4,[],2019-03-19 21:30:50,279466.75592355,0.00000126,0.000000000050468418,6982685,2019-03-19 21:30:50,btc,38.753067581413504,0.0,0.00000126,btc,575742.57162998,0.79294497,0.0832359121934808,137
1,[],12,[],2019-03-19 21:30:51,151500.43376512,0.000001260000000000000006510091944689211373997750342823565006256103515625,0.000000000050468418,6982686,2019-03-19 21:30:51,btc,37.497970297468946,0.0,0.000001260000000000000006510091944689211373997750342823565006256103515625,btc,4277.92795149,0.0054278525691362,0.01160799143114,137
1,[],4,[],2019-03-19 21:30:52,39664.18634624,0.00003840,0.00000000153808512,6982687,2019-03-19 21:30:52,btc,28.954121773212563,0.0,0.00003840,btc,51905.18179346,0.7985092,0.4260309376306171,142
1,[],5,[],2019-03-19 21:30:54,0.0,0,0,6982688,2019-03-19 21:30:54,btc,0.0,0.01280406,0,btc,0.0,0.0,0.0,142
1,[],17,[],2019-03-19 21:31:06,22967.386363640002,0.00000088,0.000000000035247784,6982689,2019-03-19 21:31:06,btc,20.0699133484,0.0,0.00000088,btc,405.079105,0.0,0.0104613000000032,142
1,[],20,[],2019-03-19 21:31:08,141976.3056,0.000036001,0.0000000014419948543,6982690,2019-03-19 21:31:08,btc,0.3357914473812,3.1026,0.000036001,btc,2239.1774,0.0001146036829,0.312282146941,142
1,[],22,[],2019-03-19 21:31:12,1470.2803921568627,0.00001020,0.00000000040855386,6982691,2019-03-19 21:31:12,BTC,3.0054103,0.0,0.00001020,BTC,910.5995,0.0,0.00121106,142
0.0,[],25,[],2019-03-19 21:31:14,0.0,0,0,6982692,2019-03-19 21:31:14,,0.0,0.0,0.0,btc,0.0,0.0,0.0,142
1,[],28,[],2019-03-19 21:31:21,82320.0,0.00001450,0.00000000058078735,6982693,2019-03-19 21:31:21,btc,0.0725844444,604.0,0.00001450,btc,479.55993,0.0,0.0718054,142
0,[],22,[],2019-03-19 21:31:24,0.0,0,0,6982694,2019-03-19 21:31:24,,65.73454167,0.0,0,,1043215670.8,0.0,0.0,143
0,[],22,[],2019-02-25 15:42:22,0.0,0,0,6783783,2019-02-25 15:42:22,,4.2131946,0.0,0,,2322156.0,0.0,0.0,146
,[],22,[],2018-11-20 23:01:11,0.0,0,0,4862114,2018-11-20 23:01:11,,2.56807021,0.0,,,61828.4988236,0.0,0.0,147
1,[],12,[],2019-03-19 19:16:05,356783.21412708,0.00000224000000000000015274565466627532117627197294495999813079833984375,0.000000000089692736,6981919,2019-03-19 19:16:05,btc,9.689115830524743,0.0,0.00000224000000000000015274565466627532117627197294495999813079833984375,btc,107766.52426484,0.0,0.1733192278146311,148
1,[],4,[],2019-03-19 21:31:25,255810.0415942,0.00000029,0.000000000011615747,6982695,2019-03-19 21:31:25,btc,218.94922712414143,0.0,0.00000029,btc,793529.37642722,0.00117,0.0608347789473395,152
0,[],22,[],2019-03-19 21:31:27,0.0,0,0,6982696,2019-03-19 21:31:27,,0.0,0.0,0,,0.0,0.0,0.0,152
1,[],5,[],2019-03-19 21:31:31,0.0,0,0,6982697,2019-03-19 21:31:31,btc,0.0,0.0,0,btc,0.0,0.0,0.0,153
,[],16,[],2019-01-11 15:38:59,0.0,0,0,6366141,2019-01-11 15:38:59,btc,0.0,0.0,,btc,0.0,0.0,0.0,155
0,[],22,[],2019-03-19 21:31:33,0.0,0,0,6982698,2019-03-19 21:31:33,,6.74640151,0.0,0,,4675792.242592593,0.0,0.0,156
0,[],23,[],2019-01-20 23:24:29,0.0,0,0,6476932,2019-01-20 23:24:29,,0.0,0.0,0,,0.0,0.0,0.0,156
1,[],22,[],2019-03-19 21:31:36,7073.8,0.00005300,0.0000000021228778999999998,6982699,2019-03-19 21:31:36,BTC,1.79802465,0.0,0.00005300,BTC,802.6461988741639,0.0,0.00104336,157
0,[],22,[],2019-03-19 21:31:39,0.0,0,0,6982700,2019-03-19 21:31:39,,50175.67608608,0.0,0,,54079135.04179466,0.0,0.0,158
,[],17,[],2018-11-20 22:56:10,0.0,0,0,4861976,2018-11-20 22:56:10,btc,1.1265625,0.0,,btc,1000.0,0.0,0.0,159
,[],20,[],2018-11-20 22:56:12,0.0,0,0,4861977,2018-11-20 22:56:12,btc,11912.7940471,0.0,,btc,34413894.3617,0.0,0.0,159
1,[],12,[],2019-03-19 21:31:40,246989.49678513999,0.00000726999999999999985101327426573192269643186591565608978271484375,0.000000000291194761,6982701,2019-03-19 21:31:40,btc,12.66543052577558,0.0,0.00000726999999999999985101327426573192269643186591565608978271484375,btc,7661.9198549,0.0051219263534581,0.1170135878320855,168
1,[],17,[],2019-03-19 21:31:41,29784.95,0.000001,0.000000000040054299999999994,6982702,2019-03-19 21:31:41,btc,0.03026736251542,0.0,0.000001,btc,144.46171372,0.0,0.00716147,168
0,[],22,[],2019-03-19 21:31:44,0.0,0,0,6982703,2019-03-19 21:31:44,,45.65709131,0.0,0,,516897.19471078104,0.0,0.0,169
1,[],22,[],2019-03-19 21:32:03,216521.0,0.00000003,0.000000000001201629,6982704,2019-03-19 21:32:03,BTC,14.35315165,0.0,0.00000003,BTC,171077.10365968585,0.0,0.00260443,171
1,[],22,[],2019-03-19 21:32:07,224134.0,0.0000001,0.00000000000400543,6982705,2019-03-19 21:32:07,BTC,1.95513734,0.0,0.0000001,"BTC,LTC",309987.18517354876,2.38e-05,0.01094206,173
1,[],5,[],2019-03-19 21:32:09,0.0,0,0,6982706,2019-03-19 21:32:09,btc,0.0,0.08024297,0,btc,0.0,0.0,0.0,175
1,[],22,[],2019-03-19 21:32:12,130186.74545454545,0.00000011,0.000000000004405973,6982707,2019-03-19 21:32:12,BTC,0.6265795,0.0,0.00000011,BTC,151921.20308941446,0.00032962,0.01107594,176
1,[],7,[],2019-03-19 21:32:14,345239.68558268,0.00000001,0.000000000000400543,6982708,2019-03-19 21:32:14,btc,410194.1220309422,6305194.50855,0.00000001,btc,44209091.970273465,0.06342108,0.0034523968558268,178
0,[],22,[],2019-03-19 21:32:16,0.0,0,0,6982709,2019-03-19 21:32:16,,1.00242438,0.0,0,,57522.0,0.0,0.0,178
0,[],2,[],2019-01-20 23:28:34,0.0,0,0,6477001,2019-01-20 23:28:34,,0.0,0.0,0,,0.0,0.0,0.0,178
1,[],5,[],2019-03-19 21:32:18,0.0,0,0,6982710,2019-03-19 21:32:18,btc,0.0,0.04294352,0,btc,0.0,0.0,0.0,179
1,[],22,[],2019-03-19 21:32:22,6505928.0,0.00000001,0.000000000000400543,6982711,2019-03-19 21:32:22,BTC,5.64119724,0.0,0.00000001,"BTC,LTC",17665669.489868753,0.00397474,0.36505928,179
0,[],23,[],2019-01-20 23:25:08,0.0,0,0,6476952,2019-01-20 23:25:08,,0.0,0.0,0,,0.0,0.0,0.0,179
1,[],17,[],2019-03-19 21:32:34,10504.725,0.0000001,0.0000000000040054299999999994,6982712,2019-03-19 21:32:34,btc,5.2010695838170005,0.0,0.0000001,btc,4994.45945,0.0,0.0010504725,180
1,[],22,[],2019-03-19 21:32:38,665504.7090909091,0.00000160,0.00000000006408688,6982713,2019-03-19 21:32:38,BTC,38.00996914,0.0,0.00000160,"BTC,LTC",109245.09613087121,0.002556,0.57071238,180
1,[],26,[],2019-03-19 21:32:38,0.0,0.00000125,0.000000000050067874999999996,6982714,2019-03-19 21:32:38,btc,0.0,0.0,0.00000125,btc,0.0,0.0,0.0,180
,[],7,[],2018-11-20 22:58:01,562227.975654,0.00000085,0.000000000036176765,4862015,2018-11-20 22:58:01,btc,21836.6059674,2491.87645172,,btc,749999.041456,0.00211021,0.127565380455,183
,[],5,[],2019-01-10 08:11:41,0.0,0,0,6347036,2019-01-10 08:11:41,btc,82.15055501,0.00261,,btc,1.19002445,0.0,0.0,187
1,[],24,[],2019-03-19 21:32:38,0.0,0.000000000001,4.00543e-17,6982715,2019-03-19 21:32:38,btc,0.0,0.0,0.000000000001,btc,0.0,0.0,0.0,187
,[],17,[],2018-11-16 20:58:10,4062536.27273,0.00000001,0.000000000000550501,4708775,2018-11-16 20:58:10,btc,3.36492563466,0.195460381006,,"btc,eth",110697919.549,0.0,0.0157628953496,187
1,[],22,[],2019-03-18 18:17:00,13812.0,0.00000001,0.00000000000039819,6968124,2019-03-18 18:17:00,BTC,7.56699454,0.0,0.00000001,BTC,79361.7243344055,0.0,0.00013812,191
0,[],22,[],2019-03-19 21:32:43,0.0,0,0,6982716,2019-03-19 21:32:43,,0.0,0.0,0,,0.0,0.0,0.0,197
0,[],23,[],2019-01-20 23:31:41,0.0,0,0,6477079,2019-01-20 23:31:41,,0.0,0.0,0,,0.0,0.0,0.0,199
0,[],22,[],2019-03-19 21:32:45,0.0,0,0,6982717,2019-03-19 21:32:45,,5.2941966,0.0,0,,24038399.0,0.0,0.0,199
1,[],26,[],2019-03-19 21:32:46,0.0,0.00000000,0,6982718,2019-03-19 21:32:46,btc,0.0,130803.0,0.00000000,btc,0.0,0.0,0.0,199
0,[],2,[],2019-01-20 23:30:49,0.0,0,0,6477059,2019-01-20 23:30:49,,0.0,0.0,0,,0.0,0.0,0.0,201
1,[],4,[],2019-01-25 15:51:35,2084389.58565343,0.00000936,0.000000000333526752,6499557,2019-01-25 15:51:35,btc,2.0092503037378524,0.0,0.00000936,btc,160195.80207885,0.19272417,1.242687955921835,211
1,[],7,[],2019-03-19 21:32:49,4187851.84105901,0.0000010600000000000000155604695795119596368749625980854034423828125,0.000000000042457558,6982719,2019-03-19 21:32:49,btc,15476707.350526582,309105.953771,0.0000010600000000000000155604695795119596368749625980854034423828125,btc,13353181.74712833,0.0,3.345426773502575,212
1,[],5,[],2019-03-19 21:32:51,0.0,0,0,6982720,2019-03-19 21:32:51,btc,0.0,0.04971667,0,btc,0.0,0.0,0.0,213
1,[],24,[],2019-03-19 21:32:52,0.0,0.000000220000,0.000000000008811946,6982721,2019-03-19 21:32:52,btc,0.0,0.0,0.000000220000,btc,0.0,0.0,0.0,213
1,[],26,[],2019-03-19 21:32:52,0.0,0.00000040,0.00000000001602172,6982722,2019-03-19 21:32:52,btc,0.0,0.0,0.00000040,btc,0.0,0.0,0.0,213
1,[],12,[],2019-01-25 02:44:32,207462.42853209,0.000001080000000000000035831255497387193287295303889550268650054931640625,0.000000000038610756000000006,6493050,2019-01-25 02:44:32,btc,85023.03793723314,0.0,0.000001080000000000000035831255497387193287295303889550268650054931640625,btc,43675.73520027,0.000146250909087,0.0348620860622024,213
1,[],22,[],2019-03-19 21:32:55,3660.0,0.00000001,0.000000000000400543,6982723,2019-03-19 21:32:55,BTC,2.32345803,0.0,0.00000001,BTC,725573.3373982582,0.00025049,3.66e-05,216
1,[],27,[],2019-03-19 21:33:06,1233122.0,0.00000003,0.000000000001201629,6982724,2019-03-19 21:33:06,btc,316.9730370247724,0.0,0.00000003,"btc,ltc",239308.924324,0.0,0.0337576400000737,216
1,[],22,[],2019-03-19 21:33:09,198362.0,0.00000170,0.00000000006809231,6982725,2019-03-19 21:33:09,BTC,12543.57691248,0.0,0.00000170,BTC,409716.08593835315,0.12184274,0.19184977,217
1,[],7,[],2019-03-19 21:33:10,0.0,0,0,6982726,2019-03-19 21:33:10,btc,77969.38155952141,1450.0,0,btc,136810478.93791,1.45e-05,0.0,219
0,[],27,[],2019-03-19 21:33:19,0.0,0,0,6982727,2019-03-19 21:33:19,,0.03997288,0.0,0,btc,2007233.0,0.0,0.0,219
0.0000000000000051,[],28,[],2019-03-19 21:33:21,170813849.72,2.55102e-18,1.02179320386e-22,6982728,2019-03-19 21:33:21,doge,147882.12182513502,26828.0,0.00050020,"btc,doge",10030448.03261,0.0,1.725253976517327e-11,219
1,[],22,[],2019-03-19 21:33:40,400890.0,0.00000008,0.000000000003204344,6982729,2019-03-19 21:33:40,BTC,18.12597145,0.0,0.00000008,BTC,100266.74459740352,0.0,0.01882465,221
1,[],24,[],2019-03-19 21:33:40,0.0,0.000000200000,0.00000000000801086,6982730,2019-03-19 21:33:40,btc,0.0,0.0,0.000000200000,btc,0.0,0.0,0.0,221
1,[],20,[],2019-03-19 21:33:42,46750604.2169,0.000000006,0.0000000000002403258,6982731,2019-03-19 21:33:42,btc,506.0558975946776,697342.7063,0.000000006,btc,18453557.4169,0.0087780791392,0.0638884705351,224
0,[],22,[],2019-03-19 21:33:45,0.0,0,0,6982732,2019-03-19 21:33:45,,0.0,0.0,0,,0.0,0.0,0.0,224
1,[],26,[],2019-03-19 21:33:45,0.0,0.00000022,0.000000000008811946,6982733,2019-03-19 21:33:45,btc,0.0,0.0,0.00000022,btc,0.0,0.0,0.0,231
1,[],26,[],2019-03-19 21:33:45,0.0,0.00000005,0.000000000002002715,6982734,2019-03-19 21:33:45,btc,0.0,0.0,0.00000005,btc,0.0,0.0,0.0,234
0.0000000003449047,[],27,[],2019-03-19 21:33:54,2000.0,3.4490470000000005e-18,1.381491632521e-22,6982735,2019-03-19 21:33:54,eth,0.01134836604,0.0,0.00000001,"btc,eth",11462.996,0.0,6.898094000000001e-15,234
1,[],4,[],2019-03-19 21:33:56,974994.56187146,0.00000106,0.000000000042457558,6982736,2019-03-19 21:33:56,btc,4.516684945431851,0.0,0.00000106,btc,1065429.28461515,0.14490309,0.412722210568498,236
1,[],24,[],2019-03-19 21:33:56,0.0,0.000000500000,0.00000000002002715,6982737,2019-03-19 21:33:56,btc,0.0,0.0,0.000000500000,btc,0.0,0.0,0.0,236
1,[],20,[],2019-03-19 21:33:59,220678197.6523,0.00000003,0.000000000001201629,6982738,2019-03-19 21:33:59,btc,94.4400522973407,33475482.92,0.00000003,btc,34870247.0559,1.2922186566455,0.3712496137478,237
0.0000000001474119,[],22,[],2019-03-19 21:34:02,751594.9,2.5060023e-17,1.0037616792489e-21,6982739,2019-03-19 21:34:02,LTC,1.20370855,0.0,0.00000017,LTC,18673.0,0.0,0.12541949,237
1,[],4,[],2019-03-19 21:34:03,10529562.49394307,0.00000039,0.000000000015621177,6982740,2019-03-19 21:34:03,btc,5.456780715397099,0.0,0.00000039,btc,8105100.44353845,0.23575585,3.0239058536232384,238
1,[],5,[],2019-03-19 21:34:05,0.0,0,0,6982741,2019-03-19 21:34:05,btc,0.0,0.06585644,0,btc,0.0,0.0,0.0,238
0,[],22,[],2019-03-12 16:49:32,0.0,0,0,6914458,2019-03-12 16:49:32,,0.40415746,0.0,0,,526736.5639027493,0.0,0.0,249
0.0000000001474119,[],22,[],2019-03-19 21:34:07,48086691.666666664,4.422357e-18,1.771344139851e-22,6982742,2019-03-19 21:34:07,LTC,0.95711324,0.0,0.00000003,LTC,18565111.353636365,0.0,1.04160377,252
1,[],28,[],2019-03-19 21:34:10,1849204.661,0.00000071,0.000000000028438553,6982743,2019-03-19 21:34:10,btc,164753.6373843647,198806.11,0.00000071,btc,482378.8352,0.0,0.5588914855,256
1,[],22,[],2019-03-19 21:34:14,1306953.3333333333,0.00000003,0.000000000001201629,6982744,2019-03-19 21:34:14,BTC,33.99719602,0.0,0.00000003,BTC,765670.602203122,0.0005385,0.01814152,258
1,[],22,[],2019-03-13 00:07:30,47146.0,0.00000001,0.000000000000387233,6917028,2019-03-13 00:07:30,BTC,2.415167,0.0,0.00000001,BTC,157.0,0.0,0.00047146,259
1,[],5,[],2019-03-19 21:34:15,0.0,0,0,6982745,2019-03-19 21:34:15,btc,0.0,0.2532753,0,btc,0.0,0.0,0.0,264
1,[],20,[],2019-03-19 21:34:17,1270737.2395,0.00000151,0.000000000060481993,6982746,2019-03-19 21:34:17,btc,4.7971801130135,4487.7046,0.00000151,btc,98056.1521,0.008357911886,0.023062922795,264
0,[],22,[],2019-03-19 21:34:19,0.0,0,0,6982747,2019-03-19 21:34:19,,8.75641439,0.0,0,,455745.2241309945,0.0,0.0,271
0,[],22,[],2019-03-19 21:34:22,0.0,0,0,6982748,2019-03-19 21:34:22,,111841.37121834,0.0,0,,14248217297.692,0.0,0.0,272
0.0000000000000051,[],28,[],2019-03-19 21:34:24,197006973790.671,3.672e-21,1.470793896e-25,6982749,2019-03-19 21:34:24,doge,146101320.22593078,4404825151.6358,0.00000072,doge,247926254244.0246,0.0,4.869565237380784e-10,272
1,[],22,[],2019-03-19 21:34:30,189445.74,0.0000006,0.00000000002403258,6982750,2019-03-19 21:34:30,BTC,276.1961879,0.0,0.0000006,"BTC,LTC",193137.27372169192,5.959e-05,0.04811946,281
1,[],22,[],2019-03-19 21:34:33,314296.0,0.00000006,0.000000000002403258,6982751,2019-03-19 21:34:33,BTC,1.32490333,0.0,0.00000006,BTC,427468.9105343139,0.00047087,0.01006978,286
0,[],22,[],2019-03-19 21:34:36,0.0,0,0,6982752,2019-03-19 21:34:36,,1044639.47241442,0.0,0,,766976285.0,0.0,0.0,294
