pairValue,buyBook,exchangeId,sellBook,updated,buyTotal,satoshiPrice,usdPrice,exchangeLogId,created,bestPair,sellTotalBtc,volume,pairPrice,activePairs,sellTotal,volumeBtc,buyTotalBtc,coinId
1,[],3,[],2019-05-22 18:07:34,1123.259330580089,0.01114142000000000083670403938640447449870407581329345703125,0.0000008809019430100001,7669457,2019-05-22 18:07:34,btc,1.846938727610729,30.8730799403,0.01114142000000000083670403938640447449870407581329345703125,btc,27.179280298868,0.0,0.2238721862652316,1
0,[],2,[],2019-01-20 23:28:45,0.0,0,0,6477011,2019-01-20 23:28:45,,0.0,0.0,0,,0.0,0.0,0.0,1
1,[],4,[],2019-05-23 16:47:50,207673.28322708,0.01077051,0.0000008427579418680001,7674085,2019-05-23 16:47:50,btc,8.259804980941883,0.0,0.01077051,btc,345.61662581,0.80826772,0.5118334321882194,1
1,[],5,[],2019-05-23 16:47:52,0.0,0,0,7674086,2019-05-23 16:47:52,btc,0.0,0.02051615,0,btc,0.0,0.0,0.0,1
1,[],10,[],2019-05-23 16:47:54,255904.79602974,0.00750466,0.0000005872156300880001,7674087,2019-05-23 16:47:54,btc,6524.170419638832,1212.85272643,0.00750466,btc,1450.13548058,0.0,2.4430987185826964,1
1,[],12,[],2019-05-23 16:47:57,46.01549539,0.010829999999999999349409307569658267311751842498779296875,0.000000847412844,7674088,2019-05-23 16:47:57,btc,0.1820454672862,0.0,0.010829999999999999349409307569658267311751842498779296875,btc,16.14887899,0.0768001290125,0.3054860180114,1
1,[],20,[],2019-05-23 16:47:59,972.7434,0.01026283,0.0000008030336064440001,7674089,2019-05-23 16:47:59,btc,0.2186158562924,0.1012,0.01026283,btc,16.7104,0.0011400531634,0.1003442297939,1
1,[],21,[],2019-05-23 16:48:00,1764.01229255,0.01080432999999999914286785696,0.0000008454042486439999,7674090,2019-05-23 16:48:00,btc,11.729545669899565,5551.26954852,0.01080432999999999914286785696049264515750110149383544921875,"btc,eth",1430.73993433,59.82456653524451,16.28240733226716,1
1,[],22,[],2019-05-23 16:48:05,0.0025666666666666667,0.00900000,0.0000007042212,7674091,2019-05-23 16:48:05,BTC,0.31629903,0.0,0.00900000,BTC,0.2505752479991019,0.0,2.31e-05,1
1,[],24,[],2019-05-23 16:48:06,0.0,0.000000000000,0,7674092,2019-05-23 16:48:06,btc,0.0,0.0,0.000000000000,btc,0.0,0.0,0.0,1
0.0,[],25,[],2019-05-23 16:48:07,0.0,0,0,7674093,2019-05-23 16:48:07,btc,43.54999999845116,6643.66249699,0.0,btc,3940.92963157,73.7,0.0,1
1,[],26,[],2019-05-23 16:48:08,0.0,0,0,7674094,2019-05-23 16:48:08,,0.0,0.0,0,,0.0,0.0,0.0,1
0,[],28,[],2019-05-23 16:48:43,0.0,0,0,7674095,2019-05-23 16:48:43,,0.0,360806.4702,0,,0.0,0.0,0.0,1
1,[],5,[],2019-05-23 16:48:44,0.0,0,0,7674096,2019-05-23 16:48:44,btc,0.0,0.00088183,0,btc,0.0,0.0,0.0,2
1,[],22,[],2019-05-23 16:48:48,11638.0,0.0000002,0.00000000001564936,7674097,2019-05-23 16:48:48,BTC,21.00897301,0.0,0.0000002,"BTC,XMR",20678.87287795317,0.0,0.00145435,2
1,[],5,[],2019-05-23 16:48:50,0.0,0,0,7674098,2019-05-23 16:48:50,btc,0.0,0.02370138,0,btc,0.0,0.0,0.0,3
1,[],12,[],2019-05-23 16:48:51,3123695.07976,0.000000119,0.0000000000093113692,7674099,2019-05-23 16:48:51,btc,4611.318197038123,0.0,0.000000119,btc,1568400.99065625,0.04344892723668677,0.28302924249144,3
0,[],28,[],2019-05-23 16:48:54,0.0,0,0,7674100,2019-05-23 16:48:54,,0.0,0.0,0,,0.0,0.0,0.0,3
0,[],2,[],2019-01-20 23:31:32,0.0,0,0,6477077,2019-01-20 23:31:32,,0.0,0.0,0,,0.0,0.0,0.0,4
1,[],4,[],2019-05-18 21:29:50,562734.9206932,0.00000010,0.000000000007298720000000001,7650946,2019-05-18 21:29:50,btc,41.9347137769675,0.0,0.00000010,btc,1123702.32192634,0.00052462,0.029254593370966,4
0,[],12,[],2019-05-23 14:18:28,0.0,0,0,7673474,2019-05-23 14:18:28,btc,0.38590181,0.0,0,btc,951906.0,0.0,0.0,5
0,[],2,[],2019-01-20 23:31:51,0.0,0,0,6477087,2019-01-20 23:31:51,,0.0,0.0,0,,0.0,0.0,0.0,6
1,[],11,[],2019-05-23 16:48:56,7800289.776736,0.00000002,0.0000000000015649360000000001,7674101,2019-05-23 16:48:56,btc,9578.367112108535,1353926.0,0.00000002,btc,57818630.70519443,0.0,0.10437137276736,6
1,[],3,[],2019-05-22 18:08:48,11992.400030575094,0.00011500000000000000347812056933349822429590858519077301025390625,0.0000000090925325,7669475,2019-05-22 18:08:48,btc,1.1612001845741802,131.533509258,0.00011500000000000000347812056933349822429590858519077301025390625,btc,282.094355724518,0.0,0.024071946207221296,7
1,[],4,[],2019-05-23 16:48:57,3196466.75940454,0.00010700,0.0000000083724076,7674102,2019-05-23 16:48:57,btc,9.108655041208193,0.0,0.00010700,btc,50637.26416558,1.22915563,2.268080823636169,7
1,[],5,[],2019-05-23 16:48:59,0.0,0,0,7674103,2019-05-23 16:48:59,btc,0.0,0.36073343,0,btc,0.0,0.0,0.0,7
1,[],20,[],2019-04-07 22:06:50,3201475.0482,0.000000001,0.000000000000051590000000000004,7213932,2019-04-07 22:06:50,btc,30.8005781811902,0.0,0.000000001,btc,23077405.3926,0.0,0.0032014750482,8
0,[],2,[],2019-01-20 23:22:42,0.0,0,0,6476876,2019-01-20 23:22:42,,0.0,0.0,0,,0.0,0.0,0.0,9
0,[],23,[],2019-01-20 23:22:48,0.0,0,0,6476878,2019-01-20 23:22:48,,0.0,0.0,0,,0.0,0.0,0.0,9
1,[],1,[],2019-02-17 23:31:42,1822507.21,0.00000181000000000000003456111265232042484285557293333113193511962890625,0.000000000066086901,6701244,2019-02-17 23:31:42,btc,3.6990969245,17153386.5,0.00000181000000000000003456111265232042484285557293333113193511962890625,btc,1997391.71,31.11772986,3.2610482446,9
1,[],4,[],2019-05-23 16:49:03,21172132.01532323,0.00000055,0.000000000043035740000000004,7674104,2019-05-23 16:49:03,btc,4.294121456847519,0.0,0.00000055,btc,3986551.54359442,0.44075449,0.7956857481652482,9
0,[],28,[],2019-05-23 16:49:49,0.0,0,0,7674105,2019-05-23 16:49:49,,0.0,3520806.0,0,,0.0,0.0,0.0,9
1,[],4,[],2019-02-17 11:22:43,4341674.27126056,0.00000002,0.0000000000007272960000000001,6696112,2019-02-17 11:22:43,btc,0.1997230937751353,0.0,0.00000002,btc,4109766.79808031,0.00215132,0.0479381022052112,10
0,[],2,[],2019-01-20 23:23:08,0.0,0,0,6476890,2019-01-20 23:23:08,,0.0,0.0,0,,0.0,0.0,0.0,12
1,[],4,[],2019-05-23 16:49:51,4789350.40448989,0.00000069,0.000000000053990292000000006,7674106,2019-05-23 16:49:51,btc,4.826376755827965,0.0,0.00000069,btc,4336201.97442895,2.09932461,1.5342214599457562,12
1,[],5,[],2019-05-23 16:49:52,0.0,0,0,7674107,2019-05-23 16:49:52,btc,0.0,0.03334929,0,btc,0.0,0.0,0.0,12
0.0,[],25,[],2019-05-23 16:49:55,0.0,0,0,7674108,2019-05-23 16:49:55,,0.0,0.0,0.0,btc,0.0,0.0,0.0,12
1,[],4,[],2019-05-23 16:49:56,351191.57647007,0.00000640,0.00000000050077952,7674109,2019-05-23 16:49:56,btc,2.1488659615331334,0.0,0.00000640,btc,257651.14720362,0.37150817,0.5665579667024514,13
1,[],10,[],2019-05-23 16:49:59,573763.47390065,0.00000624,0.000000000488260032,7674110,2019-05-23 16:49:59,btc,666802.6472617572,6543.72244064,0.00000624,btc,848734.09513757,0.0,0.310384110126026,13
1,[],21,[],2019-05-23 16:50:00,1675144.175375,0.000006389999999999999806131641134,0.000000000499997052,7674111,2019-05-23 16:50:00,btc,5.297069999192612,880633.35370464,0.000006389999999999999806131641133521981146259349770843982696533203125,btc,715786.20641767,5.90275515,8.696571030018744,13
1,[],4,[],2019-05-23 16:50:01,920158.53628861,0.00000072,0.000000000056337696000000004,7674112,2019-05-23 16:50:01,btc,4.19883899660084,0.0,0.00000072,btc,815986.67943123,0.00611441,0.1357875774409429,14
1,[],12,[],2019-05-23 16:50:02,132377.96744622,0.00000057,0.00000000004460067600000001,7674113,2019-05-23 16:50:02,btc,0.0147326541497891,0.0,0.00000057,btc,3222.79953077,0.0,0.0129932299999834,14
1,[],26,[],2019-05-23 16:52:02,0.0,0.00000050,0.0000000000391234,7674114,2019-05-23 16:52:02,btc,0.0,0.0,0.00000050,btc,0.0,0.0,0.0,14
0,[],17,[],2019-05-03 00:53:32,0.0,0,0,7558876,2019-05-03 00:53:32,btc,0.0,0.0,0,btc,0.0,0.0,0.0,14
0,[],4,[],2019-05-23 16:52:04,0.0,0,0,7674115,2019-05-23 16:52:04,,0.0,0.0,0,,0.0,0.0,0.0,15
,[],12,[],2018-12-01 15:15:48,204241.84496,0.00000489,0.000000000202473384,5260204,2018-12-01 15:15:48,btc,49.5475654835,0.0,,btc,35763.2193806,0.0163153972027625,0.0203389899998,15
1,[],4,[],2019-05-23 16:52:06,39325.63116229,0.00001276,0.000000000998429168,7674116,2019-05-23 16:52:06,btc,1.0840328455009873,0.0,0.00001276,btc,17234.62719944,0.02429444,0.1333579215133707,18
1,[],10,[],2019-05-23 16:52:08,308929.3669579,0.00001204,0.000000000942091472,7674117,2019-05-23 16:52:08,btc,15.308957505472275,8412.02782351,0.00001204,btc,10801.78946176,0.0,0.0781076185558202,18
1,[],12,[],2019-05-23 16:52:09,5752.26667352,0.0000107700000000000002220272576902715400137822143733501434326171875,0.000000000842718036,7674118,2019-05-23 16:52:09,btc,0.0200478497651557,0.0,0.0000107700000000000002220272576902715400137822143733501434326171875,btc,1084.244085,0.0011764079507669,0.010540706536646901,18
0,[],2,[],2019-01-20 23:23:38,0.0,0,0,6476906,2019-01-20 23:23:38,,0.0,0.0,0,,0.0,0.0,0.0,18
0,[],17,[],2019-05-03 00:53:39,0.0,0,0,7558882,2019-05-03 00:53:39,btc,0.0,0.0,0,btc,0.0,0.0,0.0,18
1,[],4,[],2019-05-23 16:54:10,161135.24750735,0.00001020,0.0000000007981173600000001,7674119,2019-05-23 16:54:10,btc,3.8052652856764793,0.0,0.00001020,btc,166967.18997291,0.24919305,0.6807023659200749,19
1,[],5,[],2019-05-23 16:54:11,0.0,0,0,7674120,2019-05-23 16:54:11,btc,0.0,0.00019823,0,btc,0.0,0.0,0.0,19
1,[],12,[],2019-05-23 16:54:13,13042.331813,0.0000066200000000000001451247975958747105096335872076451778411865234375,0.0000000005179938160000001,7674121,2019-05-23 16:54:13,btc,0.035017892428335896,0.0,0.0000066200000000000001451247975958747105096335872076451778411865234375,btc,1163.22383734,0.00097348,0.0126707299996393,19
0,[],27,[],2019-05-23 16:54:22,0.0,0,0,7674122,2019-05-23 16:54:22,,0.0,0.0,0,btc,0.0,0.0,0.0,19
1,[],3,[],2019-05-23 12:54:51,156766.51797800077,0.00000931000000000000064808401700755524643682292662560939788818359375,0.0000000007091966980000001,7673172,2019-05-23 12:54:51,btc,0.23320582175359217,3571.32820087,0.00000931000000000000064808401700755524643682292662560939788818359375,btc,5250.788950421293,0.0,0.04758336177432609,19
0,[],2,[],2019-01-20 23:24:19,0.0,0,0,6476924,2019-01-20 23:24:19,,0.0,0.0,0,,0.0,0.0,0.0,19
1,[],4,[],2019-05-23 16:54:23,10230128.96144766,0.00000007,0.000000000005477276,7674123,2019-05-23 16:54:23,btc,6.4313432301095155,0.0,0.00000007,btc,2333934.3516984,0.0,0.1275941297203162,20
1,[],4,[],2019-05-23 16:54:25,73141616.72337481,0.00000001,0.0000000000007824680000000001,7674124,2019-05-23 16:54:25,btc,4029.5867670782536,0.0,0.00000001,btc,61885606.12581323,0.0,0.7314161672337481,21
1,[],12,[],2019-05-23 16:12:28,2260333.0,0.00000001,0.0000000000007791770000000001,7673965,2019-05-23 16:12:28,btc,0.20038737002996998,0.0,0.00000001,btc,1717949.000999,1.787997003e-05,0.02260333,21
0,[],17,[],2019-05-03 00:53:51,0.0,0,0,7558891,2019-05-03 00:53:51,btc,0.0,0.0,0,btc,0.0,0.0,0.0,21
1,[],12,[],2019-05-23 16:58:27,5854189472.0,0.0000000004,0.00000000000003129872,7674125,2019-05-23 16:58:27,btc,859980.8325802515,0.0,0.0000000004,btc,1272434198.5924075,0.15841132833866134,1.1467991597,23
0.00000000031157500000000003,[],27,[],2019-05-23 16:58:38,103891649.0,6.2315e-18,4.8759493420000005e-22,7674126,2019-05-23 16:58:38,eth,1173.64419953712,2028520661.658,0.00000002,eth,44210787.856,1.264072650213725e-08,3.8539225537175003e-10,23
1,[],4,[],2019-05-23 16:58:39,1864018.31370074,0.00000019,0.000000000014866892000000002,7674127,2019-05-23 16:58:39,btc,13.46676192498863,0.0,0.00000019,btc,2047591.48629392,0.00068488,0.0603283763044511,24
1,[],22,[],2019-05-23 16:58:43,21.76,0.00000100,0.0000000000782468,7674128,2019-05-23 16:58:43,BTC,7.415e-05,0.0,0.00000100,BTC,23.919354838709676,0.0,1.186e-05,24
0.0,[],25,[],2019-05-23 16:58:44,0.0,0,0,7674129,2019-05-23 16:58:44,,0.0,0.0,0.0,btc,0.0,0.0,0.0,24
1,[],4,[],2019-05-23 16:58:45,310754.43152631,0.00000418,0.000000000327071624,7674130,2019-05-23 16:58:45,btc,9.959129568724855,0.0,0.00000418,btc,270509.36795262,0.12864265,0.1752295326061353,26
1,[],10,[],2019-05-23 16:58:48,159719.75654741,0.0000044,0.00000000034428592000000003,7674131,2019-05-23 16:58:48,btc,25.51314686670571,5042.66485221,0.0000044,btc,23068.24580036,0.0,0.031603689607216,26
0,[],2,[],2019-01-20 23:25:56,0.0,0,0,6476976,2019-01-20 23:25:56,,0.0,0.0,0,,0.0,0.0,0.0,26
1,[],11,[],2019-05-23 16:58:51,1069867.58157834,0.00000001,0.0000000000007824680000000001,7674132,2019-05-23 16:58:51,btc,67503.038056662,12744.4184217,0.00000001,btc,6639900.67919713,0.0,0.0106986758157834,27
1,[],3,[],2019-05-23 12:57:31,7011104.62200389,0.00000001,0.000000000000761758,7673187,2019-05-23 12:57:31,btc,3.3214552111007274,4596166.57489,0.00000001,btc,24195530.02325085,0.0,0.0701110462200389,27
1,[],5,[],2019-04-26 09:47:06,0.0,0,0,7465326,2019-04-26 09:47:06,btc,0.0,0.0,0,btc,0.0,0.0,0.0,27
1,[],4,[],2019-05-23 16:58:52,1218159141.011155,0.00000001,0.0000000000007824680000000001,7674133,2019-05-23 16:58:52,btc,4.679030290314826,0.0,0.00000001,"btc,ltc",291994299.9839474,0.00274323,8.342278688453995,29
1,[],7,[],2019-05-23 16:58:54,112446064.34806745,0.00000001,0.0000000000007824680000000001,7674134,2019-05-23 16:58:54,btc,46548272.132747106,78543.9,0.00000001,btc,35213241.72532668,0.00078544,1.1244606434806745,29
1,[],4,[],2019-05-23 16:58:55,15215828.75180043,0.00000006,0.000000000004694808,7674135,2019-05-23 16:58:55,btc,2.6522962913089216,0.0,0.00000006,btc,2155685.11037628,0.00173371,0.1685568564056756,30
0,[],17,[],2019-05-03 01:11:25,0.0,0,0,7559066,2019-05-03 01:11:25,btc,0.0,0.0,0,btc,0.0,0.0,0.0,30
1,[],4,[],2019-05-23 17:00:58,100513.89878213,0.00004922,0.000000003851307496,7674136,2019-05-23 17:00:58,btc,3.7721493737496474,0.0,0.00004922,btc,44595.72620171,1.86225408,0.3451400783851672,31
1,[],21,[],2019-05-23 17:01:00,112489.13626015,0.00005009999999999999805051775770,0.00000000392016468,7674137,2019-05-23 17:01:00,btc,4.930234443937756,250394.34829674,0.00005009999999999999805051775769726418729987926781177520751953125,btc,88038.06336462,12.73049437,4.717803299882969,31
0,[],2,[],2019-01-20 23:28:43,0.0,0,0,6477009,2019-01-20 23:28:43,,0.0,0.0,0,,0.0,0.0,0.0,32
0,[],4,[],2019-05-23 17:01:02,0.0,0,0,7674138,2019-05-23 17:01:02,,0.0,0.0,0,,0.0,0.0,0.0,33
1,[],12,[],2019-03-30 07:55:10,40641173.964,0.00000003,0.000000000001228359,7108785,2019-03-30 07:55:10,btc,4233210.82356125,0.0,0.00000003,btc,28378394.68333462,0.0126927883965248,0.90752895892,33
0.0000000001130187,[],4,[],2019-05-23 17:01:04,29313999.77320329,5.7639537e-17,4.510109323731601e-21,7674139,2019-05-23 17:01:04,ltc,3.517125066338565,0.0,0.00000051,ltc,154794200.18894443,0.0,1.370907407315136e-10,34
1,[],5,[],2019-05-23 17:01:06,0.0,0,0,7674140,2019-05-23 17:01:06,btc,0.0,0.0,0,btc,0.0,0.0,0.0,34
0.0000000001130187,[],4,[],2019-05-23 17:01:06,9746182.60911783,1.1301870000000001e-18,8.843351615160001e-23,7674141,2019-05-23 17:01:06,ltc,4.094550222918291e-08,0.0,0.00000001,ltc,7493227762.067634,0.0,1.1015008884451054e-11,36
1,[],5,[],2019-05-23 17:01:08,0.0,0,0,7674142,2019-05-23 17:01:08,btc,0.0,0.0,0,btc,0.0,0.0,0.0,36
0.0000000002926451,[],17,[],2019-05-02 18:17:47,200000.0,2.9264510000000002e-18,1.596703856561e-22,7556430,2019-05-02 18:17:47,eth,0.20942468735267253,0.0,0.00000001,"btc,eth",1018272.20243647,0.0,5.852902e-13,36
0.0000000003121193,[],27,[],2019-05-23 16:19:10,129131667.004,6.242386e-18,4.863923596322e-22,7673984,2019-05-23 16:19:10,eth,1671.19985018,3490661145.164,0.00000002,"ltc,eth",17325469.0,1.4595103231619673e-08,4.674921273800838e-10,36
1,[],4,[],2019-05-23 16:19:13,10090687.61572333,0.00000019,0.000000000014804363,7673985,2019-05-23 16:19:13,btc,19772.598165931617,0.0,0.00000019,btc,786122.41727162,0.00871754,0.1504508384972832,37
1,[],12,[],2019-05-23 16:19:14,3609284.52500001,0.00000017,0.000000000013246009,7673986,2019-05-23 16:19:14,btc,5.4505601290566466,0.0,0.00000017,btc,881898.23309622,0.0189519564188494,0.1985558392500017,37
1,[],27,[],2019-05-23 16:21:22,1600.0,0.00000015,0.000000000011687655,7673987,2019-05-23 16:21:22,btc,24.12156123602533,0.0,0.00000015,btc,5842.04443503,0.0,3e-05,37
1,[],17,[],2019-05-03 01:11:36,211752.74075282,0.00000025,0.000000000013700074999999998,7559074,2019-05-03 01:11:36,btc,0.055484923955058496,0.0,0.00000025,"btc,eth",1387.19918473,0.0,0.0005381851887916605,37
1,[],5,[],2019-05-23 16:21:24,0.0,0,0,7673988,2019-05-23 16:21:24,btc,0.0,0.00215726,0,btc,0.0,0.0,0.0,42
1,[],12,[],2019-05-23 16:21:26,26635.94750145,0.00000101000000000000007076262319161141789436442195437848567962646484375,0.00000000007869687700000001,7673989,2019-05-23 16:21:26,btc,24.399112197327288,0.0,0.00000101000000000000007076262319161141789436442195437848567962646484375,btc,44851.17567773,0.025335731767341,0.014756499999967001,42
1,[],27,[],2019-05-23 16:21:32,806.0,0.00000100,0.0000000000779177,7673990,2019-05-23 16:21:32,btc,0.5699845831768,0.0,0.00000100,"btc,eth",1183.4448157,0.0,0.00020600000048553278,42
1,[],12,[],2019-03-13 09:13:29,1112112.0,0.00000001,0.000000000000386531,6919902,2019-03-13 09:13:29,btc,29058.00478931866,0.0,0.00000001,btc,5967681.93306694,9.99000999e-07,0.01112112,43
1,[],5,[],2019-04-26 22:38:52,0.0,0,0,7474154,2019-04-26 22:38:52,btc,0.0,0.02638891,0,btc,0.0,0.0,0.0,43
0,[],17,[],2019-04-26 22:38:53,0.0,0,0,7474155,2019-04-26 22:38:53,btc,0.0,0.0,0,btc,0.0,0.0,0.0,43
1,[],12,[],2019-03-05 01:54:08,639326.02,0.00000004,0.000000000001486676,6845775,2019-03-05 01:54:08,btc,11116042.728239931,0.0,0.00000004,btc,1103841.4595604,0.0003330765234764,0.014975410599999999,44
1,[],4,[],2019-05-23 16:21:32,113763575.83481912,0.00000001,0.0000000000007791770000000001,7673991,2019-05-23 16:21:32,btc,291324.22036877886,0.0,0.00000001,"btc,ltc",26168675.90369327,0.00100081,0.10775006817652344,49
0.0000000001134441,[],4,[],2019-05-23 16:21:33,96943979.10407342,4.9915404e-17,3.8892934742508e-21,7673992,2019-05-23 16:21:33,ltc,21909.461136940958,0.0,0.00000044,ltc,152579372.49856114,0.00011021,5.50278737468174e-10,52
0,[],22,[],2019-05-23 16:23:35,0.0,0,0,7673993,2019-05-23 16:23:35,,4411.95225454,0.0,0,,248656303.92,0.0,0.0,57
0,[],27,[],2019-05-23 16:23:41,0.0,0,0,7673994,2019-05-23 16:23:41,,0.0,0.0,0,"btc,eth",0.0,0.0,0.0,57
0.0000000001134441,[],4,[],2019-05-23 16:23:42,3029399175.677031,1.134441e-18,8.83930335057e-23,7673995,2019-05-23 16:23:42,ltc,19.263868159507773,0.0,0.00000001,ltc,6016416500.175698,0.0,3.4366746302542265e-09,58
1,[],12,[],2019-05-23 16:23:43,1313804025.0,0.0000000001,0.00000000000000779177,7673996,2019-05-23 16:23:43,btc,734211.2346940195,0.0,0.0000000001,btc,1981685787.6113887,0.02171662882397602,0.1313804025,58
0.0000000001085412,[],22,[],2019-05-23 16:25:47,126877.0,1.085412e-18,8.457280659240001e-23,7673997,2019-05-23 16:25:47,XMR,68.17454206,0.0,0.00000001,XMR,9626402.6,0.0,0.00126877,58
1,[],17,[],2019-05-03 01:12:09,1200000.0,0.0000000001,0.00000000000000548003,7559085,2019-05-03 01:12:09,btc,1e+24,0.0,0.0000000001,"btc,eth",39516342.31952568,0.0,0.00010000000058666061,58
1,[],5,[],2019-05-23 16:25:52,0.0,0,0,7673998,2019-05-23 16:25:52,btc,0.0,0.00012026,0,btc,0.0,0.0,0.0,61
1,[],22,[],2019-05-23 16:25:55,13613.833333333334,0.00000012,0.000000000009350124000000001,7673999,2019-05-23 16:25:55,BTC,1002.29590883,0.0,0.00000012,BTC,15092.180177125656,0.0,0.00153269,61
1,[],26,[],2019-05-23 16:25:55,0.0,0.00000050,0.00000000003895885,7674000,2019-05-23 16:25:55,btc,0.0,0.0,0.00000050,btc,0.0,0.0,0.0,61
1,[],27,[],2019-05-23 16:26:04,107138.0,0.0000002,0.00000000001558354,7674001,2019-05-23 16:26:04,btc,1.9501982264346656,0.0,0.0000002,"btc,eth",12657.40563696,0.0,0.0013812200003121193,61
0,[],28,[],2019-05-23 16:26:05,0.0,0,0,7674002,2019-05-23 16:26:05,,0.0,661.0,0,,0.0,0.0,0.0,61
1,[],4,[],2019-05-23 16:26:07,1078220.74343529,0.00000082,0.000000000063892514,7674003,2019-05-23 16:26:07,btc,2.585212539396455,0.0,0.00000082,btc,833152.47437419,0.17356111,0.6576792257783446,67
0.0,[],25,[],2019-05-23 16:26:08,0.0,0,0,7674004,2019-05-23 16:26:08,,0.0,0.0,0.0,btc,0.0,0.0,0.0,67
1,[],12,[],2019-05-23 16:26:09,627912.0,0.00000006,0.000000000004675062,7674005,2019-05-23 16:26:09,btc,3.8107969248231837,0.0,0.00000006,btc,751295.17292716,0.0002361426873164,0.01219317,71
,[],5,[],2018-11-20 23:02:39,1.5e-07,0.00000005,0.000000000002128045,4862160,2018-11-20 23:02:39,btc,2.84511358,0.0,,btc,0.00036572,0.0,0.07381892,74
1,[],5,[],2019-05-23 16:26:10,0.0,0,0,7674006,2019-05-23 16:26:10,btc,0.0,0.03017508,0,btc,0.0,0.0,0.0,75
0,[],4,[],2019-05-23 16:26:12,0.0,0,0,7674007,2019-05-23 16:26:12,,133656.87703970782,0.0,0,,33424209.5909442,0.0,0.0,81
0,[],20,[],2019-01-25 09:30:31,0.0,0,0,6495923,2019-01-25 09:30:31,btc,0.0,0.0,0,btc,0.0,0.0,0.0,81
1,[],4,[],2019-05-23 16:26:14,28913.17595955,0.00006194,0.000000004826222338,7674008,2019-05-23 16:26:14,btc,18.597954400365637,0.0,0.00006194,btc,26424.61965098,0.12126352,0.5184235820620241,82
1,[],21,[],2019-05-23 16:26:15,60412.556850220004,0.00006203000000000000071880001951,0.000000004833234931,7674009,2019-05-23 16:26:15,btc,3.8550959301688636,4069.10775995,0.00006203000000000000071880001950574978764052502810955047607421875,btc,52557.23232192,0.2540919,1.5743966796523017,82
0,[],17,[],2019-03-25 22:42:34,0.0,0,0,7038780,2019-03-25 22:42:34,btc,0.0445064681804024,0.0,0,btc,995513.18476001,0.0,0.0,84
0.0000000001161485,[],4,[],2019-05-20 13:09:39,216715621.0206096,1.161485e-18,9.0533806701e-23,7657228,2019-05-20 13:09:39,ltc,1.6511566870244727,0.0,0.00000001,ltc,471032407.9048656,0.0,2.5171194308112273e-10,85
,[],22,[],2018-11-20 23:09:34,3408.1,0.0000001,0.0000000000041895,4862324,2018-11-20 23:09:34,BTC,0.04624735,0.0,,BTC,4990.0,0.0,0.00033081,86
1,[],22,[],2019-05-23 16:26:18,85999.0,0.00000001,0.0000000000007791770000000001,7674010,2019-05-23 16:26:18,BTC,1.45832026,0.0,0.00000001,BTC,335430.29736842104,0.0,0.00085999,87
0,[],27,[],2019-05-23 16:26:27,0.0,0,0,7674011,2019-05-23 16:26:27,,4.961871848776,0.0,0,btc,25830.03041,0.0,0.0,87
,[],2,[],2018-11-20 23:10:47,0.0,0,0,4862359,2018-11-20 23:10:47,,0.0,0.0,,,0.0,0.0,0.0,88
1,[],11,[],2019-05-23 16:26:29,83477.26726128,0.00011526999999999999919897408773294955608434975147247314453125,0.000000008981573279,7674012,2019-05-23 16:26:29,btc,179.53107163428967,3204.24660075,0.00011526999999999999919897408773294955608434975147247314453125,btc,196683.73649835,0.0,4.568244477674381,89
0,[],2,[],2019-01-20 23:31:45,0.0,0,0,6477083,2019-01-20 23:31:45,,0.0,0.0,0,,0.0,0.0,0.0,91
1,[],12,[],2019-05-23 16:26:30,184384.79,0.00000026,0.000000000020258602,7674013,2019-05-23 16:26:30,btc,84.64209261245412,0.0,0.00000026,btc,50244.93151743,0.0004867637966503,0.020705555100000002,91
1,[],22,[],2019-05-23 16:28:35,75910.55,0.0000002,0.00000000001558354,7674014,2019-05-23 16:28:35,BTC,0.495,0.0,0.0000002,"BTC,LTC",4.95,0.0,0.00165931,91
0,[],17,[],2019-05-03 01:12:26,0.0,0,0,7559096,2019-05-03 01:12:26,btc,0.0,0.0,0,btc,0.0,0.0,0.0,91
1,[],22,[],2019-04-09 20:17:52,374949.73333333334,0.00000015,0.000000000007771935,7235704,2019-04-09 20:17:52,BTC,6.87372503,0.0,0.00000015,"BTC,LTC",159980.01196797504,1.1e-05,0.80510266,95
0.0000000001134441,[],4,[],2019-05-23 16:28:36,540712091.9899222,5.5587609e-17,4.3312586417793e-21,7674015,2019-05-23 16:28:36,ltc,11.355554194827882,0.0,0.00000049,ltc,148675175.643136,0.00014948,7.854765797771581e-10,96
0,[],12,[],2019-05-23 16:28:37,0.0,0,0,7674016,2019-05-23 16:28:37,btc,2.46420895,0.0,0,btc,4836953.0,0.0001998102,0.0,96
0,[],17,[],2019-05-03 01:12:32,0.0,0,0,7559100,2019-05-03 01:12:32,btc,0.0,0.0,0,btc,0.0,0.0,0.0,96
1,[],4,[],2019-04-14 03:32:46,1039404.33283278,0.00000038,0.000000000019245518,7293458,2019-04-14 03:32:46,btc,4.170086055365747,0.0,0.00000038,btc,3097704.34561074,0.06260606,0.1859928211030784,99
0,[],2,[],2019-01-20 23:23:55,0.0,0,0,6476914,2019-01-20 23:23:55,,0.0,0.0,0,,0.0,0.0,0.0,100
1,[],4,[],2019-05-23 16:30:40,183207.56726102,0.00002390,0.0000000018622330300000001,7674017,2019-05-23 16:30:40,btc,7.190270728713654,0.0,0.00002390,btc,138677.95546619,0.06457145,0.5842771679793443,100
1,[],22,[],2019-05-23 16:30:43,150000.0,0.00000002,0.0000000000015583540000000002,7674018,2019-05-23 16:30:43,BTC,24.83526409,0.0,0.00000002,BTC,11187.719,0.0,0.0017,101
1,[],4,[],2019-05-23 16:30:45,683662.50144173,0.00000181,0.000000000141031037,7674019,2019-05-23 16:30:45,btc,362.9624957716058,0.0,0.00000181,btc,641833.30091649,0.10763856,0.3387908954691568,103
1,[],12,[],2019-05-23 16:30:51,24094068.0,0.000000004,0.00000000000031167080000000003,7674020,2019-05-23 16:30:51,btc,549.6857951086901,0.0,0.000000004,btc,30473503.95430567,0.03704545865694022,0.03764261,105
0,[],27,[],2019-05-23 16:30:58,0.0,0,0,7674021,2019-05-23 16:30:58,,0.2584268173531397,39279.36513457,0,btc,614451.85947933,0.00039279,0.0,105
1,[],22,[],2019-04-21 00:17:26,21333.0,0.00000001,0.000000000000532493,7385819,2019-04-21 00:17:26,BTC,51.38182867,0.0,0.00000001,BTC,470435.0,0.0,0.00021333,107
1,[],26,[],2019-04-21 00:17:26,0.0,0.00000000,0,7385820,2019-04-21 00:17:26,btc,0.0,0.0,0.00000000,btc,0.0,0.0,0.0,107
1,[],5,[],2019-05-23 16:30:59,0.0,0,0,7674022,2019-05-23 16:30:59,btc,0.0,0.0,0,btc,0.0,0.0,0.0,112
0,[],22,[],2019-05-23 16:31:01,0.0,0,0,7674023,2019-05-23 16:31:01,,2.79635781,0.0,0,,3274992.0833333335,0.0,0.0,112
1,[],27,[],2019-05-23 16:31:12,1.0,0.00000001,0.0000000000007791770000000001,7674024,2019-05-23 16:31:12,btc,1.25032588,0.0,0.00000001,"btc,eth",1819.0,0.0,1e-08,112
1,[],4,[],2019-05-23 16:31:13,593205.69144001,0.00000102,0.000000000079476054,7674025,2019-05-23 16:31:13,btc,4.297318016203442,0.0,0.00000102,btc,534378.3470429,0.01973047,0.3306645730370811,113
1,[],5,[],2019-05-23 16:31:15,0.0,0,0,7674026,2019-05-23 16:31:15,btc,0.0,3.58e-06,0,btc,0.0,0.0,0.0,113
1,[],17,[],2019-04-26 02:17:47,162738.278,0.00000004,0.0000000000021069000000000002,7461287,2019-04-26 02:17:47,btc,1.3331140273775473,0.0,0.00000004,btc,51796.221,0.0,0.00230953112,116
1,[],27,[],2019-05-22 05:13:01,210000.0,0.00000001,0.00000000000079145,7666372,2019-05-22 05:13:01,btc,3919.0005001478,0.0,0.00000001,btc,128660.871,0.0,0.0021,116
1,[],4,[],2019-05-21 22:31:11,138169.03963019,0.00000701,0.000000000558364025,7664793,2019-05-21 22:31:11,btc,150.95388250938234,0.0,0.00000701,btc,344631.17141974,0.07552974,0.4288357684941946,120
1,[],7,[],2019-05-21 22:31:12,3901.07750076,0.000010679999999999999389654892212320191902108490467071533203125,0.0000000008506887,7664794,2019-05-21 22:31:12,btc,231188.94669936574,0.0,0.000010679999999999999389654892212320191902108490467071533203125,btc,4133.83151364,0.0,0.0113888422364489,120
1,[],20,[],2019-04-07 18:42:29,1914137.0852,0.000000035,0.0000000000017871910000000002,7211992,2019-04-07 18:42:29,btc,32.2497668025648,25528.85,0.000000035,btc,1001975.4986,0.00089350975,0.0152723574729,125
1,[],22,[],2019-05-23 16:31:19,10000.0,0.00000001,0.0000000000007791770000000001,7674027,2019-05-23 16:31:19,BTC,0.032061,0.0,0.00000001,BTC,299316.7611111111,0.0,0.0001,126
0,[],2,[],2019-01-20 23:25:46,0.0,0,0,6476969,2019-01-20 23:25:46,,0.0,0.0,0,,0.0,0.0,0.0,131
1,[],4,[],2019-05-23 16:31:20,2191335.11585684,0.00000550,0.00000000042854735,7674028,2019-05-23 16:31:20,btc,3.255364721261967,0.0,0.00000550,btc,181016.83414889,0.04808898,0.4077022877604986,131
1,[],17,[],2019-05-03 01:13:10,10000.0,0.00000001,0.000000000000548003,7559115,2019-05-03 01:13:10,btc,0.0953976503951408,0.0,0.00000001,btc,5037.62507334,0.0,0.0001,131
1,[],4,[],2019-05-23 16:33:22,4759.2433356,0.00008000,0.0000000062334160000000006,7674029,2019-05-23 16:33:22,btc,5.032889221561924,0.0,0.00008000,btc,203.84599175,0.0,0.008516234529011,135
1,[],3,[],2019-05-22 20:57:20,456341.0025,0.00000002,0.0000000000015658540000000001,7670196,2019-05-22 20:57:20,btc,0.2168360115270351,986846.107254,0.00000002,btc,1789524.65154488,0.0,0.004663410025,136
1,[],4,[],2019-05-23 16:33:24,2451380.8505206,0.00000188,0.00000000014648527600000002,7674030,2019-05-23 16:33:24,btc,106.77169340726854,0.0,0.00000188,btc,443920.64535713,0.00561052,0.5310554499149621,137
1,[],12,[],2019-05-23 16:33:25,76411.63747869,0.00000067,0.000000000052204859000000005,7674031,2019-05-23 16:33:25,btc,0.0031198807055225998,0.0,0.00000067,btc,672.06534894,5.21e-05,0.0087964099999687,137
1,[],4,[],2019-05-23 16:33:27,88744.33249403,0.00001700,0.0000000013246009,7674032,2019-05-23 16:33:27,btc,8.214467110435816,0.0,0.00001700,btc,138133.66089112,0.4999158,0.9190852575937949,142
1,[],5,[],2019-05-23 16:33:28,0.0,0,0,7674033,2019-05-23 16:33:28,btc,0.0,0.00749259,0,btc,0.0,0.0,0.0,142
1,[],20,[],2019-05-23 16:35:30,219650.3954,0.000015,0.0000000011687655000000001,7674034,2019-05-23 16:35:30,btc,1.6083155953124,0.03,0.000015,btc,9788.8796,4.6533e-07,0.0259943760347,142
1,[],22,[],2019-05-23 16:35:33,11028.645,0.00001000,0.0000000007791770000000001,7674035,2019-05-23 16:35:33,BTC,3.2754788,0.0,0.00001000,BTC,1133.9993657797618,0.0,0.00745365,142
0.0,[],25,[],2019-05-23 16:35:35,0.0,0,0,7674036,2019-05-23 16:35:35,,0.0,0.0,0.0,btc,0.0,0.0,0.0,142
0,[],28,[],2019-05-23 16:35:36,0.0,0,0,7674037,2019-05-23 16:35:36,,0.0,0.0,0,,0.0,0.0,0.0,142
1,[],17,[],2019-05-03 01:13:16,32967.38636364,0.00000088,0.000000000048224264,7559122,2019-05-03 01:13:16,btc,20.06976206696776,0.0,0.00000088,btc,2746.079105,0.0,0.0105613000000032,142
0,[],22,[],2019-05-23 16:35:40,0.0,0,0,7674038,2019-05-23 16:35:40,,65.7671051,0.0,0,,846980922.8,0.0,0.0,143
0,[],22,[],2019-02-25 15:42:22,0.0,0,0,6783783,2019-02-25 15:42:22,,4.2131946,0.0,0,,2322156.0,0.0,0.0,146
,[],22,[],2018-11-20 23:01:11,0.0,0,0,4862114,2018-11-20 23:01:11,,2.56807021,0.0,,,61828.4988236,0.0,0.0,147
1,[],12,[],2019-04-21 06:38:04,193091.5971266,0.00000071,0.000000000037635183,7388679,2019-04-21 06:38:04,btc,2.301232411611175,0.0,0.00000071,btc,9957.48302385,0.00023528,0.0313308199999888,148
1,[],4,[],2019-03-19 21:31:25,255810.0415942,0.00000029,0.000000000011615747,6982695,2019-03-19 21:31:25,btc,218.94922712414143,0.0,0.00000029,btc,793529.37642722,0.00117,0.0608347789473395,152
0,[],22,[],2019-03-19 21:31:27,0.0,0,0,6982696,2019-03-19 21:31:27,,0.0,0.0,0,,0.0,0.0,0.0,152
1,[],5,[],2019-04-26 09:36:59,0.0,0,0,7465040,2019-04-26 09:36:59,btc,0.0,0.0,0,btc,0.0,0.0,0.0,153
,[],16,[],2019-01-11 15:38:59,0.0,0,0,6366141,2019-01-11 15:38:59,btc,0.0,0.0,,btc,0.0,0.0,0.0,155
0,[],23,[],2019-01-20 23:24:29,0.0,0,0,6476932,2019-01-20 23:24:29,,0.0,0.0,0,,0.0,0.0,0.0,156
0,[],22,[],2019-05-23 16:35:45,0.0,0,0,7674039,2019-05-23 16:35:45,,6.80428744,0.0,0,,4677994.942592593,0.0,0.0,156
1,[],22,[],2019-05-23 16:35:49,7066.0,0.00000800,0.0000000006233416,7674040,2019-05-23 16:35:49,BTC,1.79802465,0.0,0.00000800,BTC,802.6461988741639,0.0,0.00062996,157
0,[],22,[],2019-05-21 23:40:32,0.0,0,0,7665049,2019-05-21 23:40:32,,50234.60468402,0.0,0,,54786159.03179465,0.0,0.0,158
,[],17,[],2018-11-20 22:56:10,0.0,0,0,4861976,2018-11-20 22:56:10,btc,1.1265625,0.0,,btc,1000.0,0.0,0.0,159
,[],20,[],2018-11-20 22:56:12,0.0,0,0,4861977,2018-11-20 22:56:12,btc,11912.7940471,0.0,,btc,34413894.3617,0.0,0.0,159
1,[],12,[],2019-05-23 16:35:50,9810.25517406,0.00000154000000000000007854285798136739771280190325342118740081787109375,0.00000000011999325800000002,7674041,2019-05-23 16:35:50,btc,1.6904905031000002,0.0,0.00000154000000000000007854285798136739771280190325342118740081787109375,btc,1864.8899999999999,0.0181761578297135,0.0109965584999317,168
1,[],17,[],2019-05-03 01:13:36,42852.0,0.00000002,0.000000000001096006,7559132,2019-05-03 01:13:36,btc,0.04279856251542,0.0,0.00000002,btc,274.46171372,0.0,0.00052852,168
1,[],22,[],2019-05-17 03:01:52,10.0,0.00000001,0.000000000000778341,7642059,2019-05-17 03:01:52,BTC,41.95893009,0.0,0.00000001,BTC,1753972.7737547632,0.0,1e-07,169
1,[],22,[],2019-05-23 16:37:55,288172.6,0.00000005,0.000000000003895885,7674042,2019-05-23 16:37:55,BTC,27.86161946,0.0,0.00000005,BTC,449991.58519413596,0.00014242,0.00561483,171
1,[],22,[],2019-05-23 16:37:59,389395.0,0.00000002,0.0000000000015583540000000002,7674043,2019-05-23 16:37:59,BTC,24.3997339,0.0,0.00000002,"BTC,LTC",1038934.9936183414,1.09e-05,0.0054799,173
1,[],5,[],2019-05-23 16:38:01,0.0,0,0,7674044,2019-05-23 16:38:01,btc,0.0,0.02004933,0,btc,0.0,0.0,0.0,175
1,[],22,[],2019-05-23 16:38:04,90671.0,0.00000001,0.0000000000007791770000000001,7674045,2019-05-23 16:38:04,BTC,394.35459412,0.0,0.00000001,BTC,136275.61833431243,0.0,0.00090671,176
1,[],7,[],2019-05-23 16:38:05,0.0,0,0,7674046,2019-05-23 16:38:05,btc,522274.27920252585,1999.90881093,0,btc,28611394.38495738,0.0,0.0,178
0,[],22,[],2019-05-23 16:38:08,0.0,0,0,7674047,2019-05-23 16:38:08,,1.00242428,0.0,0,,57512.0,0.0,0.0,178
0,[],2,[],2019-01-20 23:28:34,0.0,0,0,6477001,2019-01-20 23:28:34,,0.0,0.0,0,,0.0,0.0,0.0,178
0,[],23,[],2019-01-20 23:25:08,0.0,0,0,6476952,2019-01-20 23:25:08,,0.0,0.0,0,,0.0,0.0,0.0,179
1,[],5,[],2019-05-23 16:38:09,0.0,0,0,7674048,2019-05-23 16:38:09,btc,0.0,0.03411121,0,btc,0.0,0.0,0.0,179
0,[],22,[],2019-05-23 16:38:11,0.0,0,0,7674049,2019-05-23 16:38:11,,5.31386491,0.0,0,,13362087.311946675,0.0,0.0,179
1,[],22,[],2019-05-23 16:40:14,660377.4649350649,0.00000120,0.00000000009350124,7674050,2019-05-23 16:40:14,BTC,39.28448181,0.0,0.00000120,"BTC,LTC",145561.2539508663,0.00653315,0.56019796,180
1,[],26,[],2019-05-23 16:40:15,0.0,0.00000250,0.00000000019479425000000002,7674051,2019-05-23 16:40:15,btc,0.0,50.0,0.00000250,btc,0.0,0.0,0.0,180
1,[],17,[],2019-05-03 01:13:56,20504.725000000002,0.0000001,0.00000000000548003,7559141,2019-05-03 01:13:56,btc,5.2010695838400265,0.0,0.0000001,btc,5033.45945,0.0,0.0011504725,180
,[],7,[],2018-11-20 22:58:01,562227.975654,0.00000085,0.000000000036176765,4862015,2018-11-20 22:58:01,btc,21836.6059674,2491.87645172,,btc,749999.041456,0.00211021,0.127565380455,183
,[],5,[],2019-01-10 08:11:41,0.0,0,0,6347036,2019-01-10 08:11:41,btc,82.15055501,0.00261,,btc,1.19002445,0.0,0.0,187
,[],17,[],2018-11-16 20:58:10,4062536.27273,0.00000001,0.000000000000550501,4708775,2018-11-16 20:58:10,btc,3.36492563466,0.195460381006,,"btc,eth",110697919.549,0.0,0.0157628953496,187
1,[],24,[],2019-05-22 21:04:52,0.0,0.000000000014,0.0000000000000010960978,7670219,2019-05-22 21:04:52,btc,0.0,0.0,0.000000000014,btc,0.0,0.0,0.0,187
0,[],22,[],2019-04-25 02:54:07,0.0,0,0,7447896,2019-04-25 02:54:07,,7.54794454,0.0,0,,76361.7243344055,0.0,0.0,191
0,[],22,[],2019-05-23 16:40:20,0.0,0,0,7674052,2019-05-23 16:40:20,,0.0,0.0,0,,0.0,0.0,0.0,197
0,[],23,[],2019-01-20 23:31:41,0.0,0,0,6477079,2019-01-20 23:31:41,,0.0,0.0,0,,0.0,0.0,0.0,199
0,[],22,[],2019-05-23 16:40:22,0.0,0,0,7674053,2019-05-23 16:40:22,,10.22019194,0.0,0,,85003964.0,0.0,0.0,199
1,[],26,[],2019-05-23 16:40:22,0.0,0.00000000,0,7674054,2019-05-23 16:40:22,btc,0.0,0.0,0.00000000,btc,0.0,0.0,0.0,199
0,[],2,[],2019-01-20 23:30:49,0.0,0,0,6477059,2019-01-20 23:30:49,,0.0,0.0,0,,0.0,0.0,0.0,201
1,[],4,[],2019-01-25 15:51:35,2084389.58565343,0.00000936,0.000000000333526752,6499557,2019-01-25 15:51:35,btc,2.0092503037378524,0.0,0.00000936,btc,160195.80207885,0.19272417,1.242687955921835,211
1,[],7,[],2019-05-23 16:40:26,16939501.73805219,0.00000047,0.000000000036621319000000004,7674055,2019-05-23 16:40:26,btc,15200507.960557172,2033399.85307,0.00000047,btc,10159184.46337786,0.0,0.8312511606634432,212
1,[],12,[],2019-01-25 02:44:32,207462.42853209,0.000001080000000000000035831255497387193287295303889550268650054931640625,0.000000000038610756000000006,6493050,2019-01-25 02:44:32,btc,85023.03793723314,0.0,0.000001080000000000000035831255497387193287295303889550268650054931640625,btc,43675.73520027,0.000146250909087,0.0348620860622024,213
1,[],5,[],2019-05-23 16:40:29,0.0,0,0,7674056,2019-05-23 16:40:29,btc,0.0,0.06811624,0,btc,0.0,0.0,0.0,213
1,[],24,[],2019-05-23 16:40:29,0.0,0.000000090000,0.000000000007012593,7674057,2019-05-23 16:40:29,btc,0.0,0.0,0.000000090000,btc,0.0,0.0,0.0,213
1,[],26,[],2019-05-23 16:40:29,0.0,0.00000040,0.00000000003116708,7674058,2019-05-23 16:40:29,btc,0.0,9.8,0.00000040,btc,0.0,0.0,0.0,213
0,[],22,[],2019-05-23 16:40:32,0.0,0,0,7674059,2019-05-23 16:40:32,,9.61235386,0.0,0,,3451587.094064925,0.0,0.0,216
0,[],27,[],2019-05-23 16:40:47,0.0,0,0,7674060,2019-05-23 16:40:47,,64.7974591180052,100.0,0,"btc,ltc",404700.40768,1e-06,0.0,216
1,[],22,[],2019-05-23 16:40:50,287214.9,0.0000002,0.00000000001558354,7674061,2019-05-23 16:40:50,BTC,12054.77277008,0.0,0.0000002,BTC,444529.10244196607,0.00020662,0.03097322,217
1,[],7,[],2019-05-23 16:40:52,0.0,0,0,7674062,2019-05-23 16:40:52,btc,123414.17454441472,0.0,0,btc,162511130.92083928,0.0,0.0,219
0,[],27,[],2019-05-23 16:40:59,0.0,0,0,7674063,2019-05-23 16:40:59,,0.105466823472,0.0,0,btc,3058319.8967,0.0,0.0,219
0,[],28,[],2019-05-23 16:41:01,0.0,0,0,7674064,2019-05-23 16:41:01,,0.0,16510.0,0,,0.0,0.0,0.0,219
1,[],22,[],2019-05-23 16:41:05,172069.0,0.00000004,0.0000000000031167080000000004,7674065,2019-05-23 16:41:05,BTC,56.76466137,0.0,0.00000004,BTC,127061.6482738741,0.0,0.00393676,221
1,[],24,[],2019-05-23 16:41:05,0.0,0.000000010000,0.0000000000007791770000000001,7674066,2019-05-23 16:41:05,btc,0.0,0.0,0.000000010000,btc,0.0,0.0,0.0,221
1,[],20,[],2019-05-23 16:41:08,18195268.4812,0.000000003,0.0000000000002337531,7674067,2019-05-23 16:41:08,btc,100050.30245895586,1502933.7818,0.000000003,btc,40592582.7616,0.0058800752789,0.0207005882712,224
0,[],22,[],2019-05-23 16:41:10,0.0,0,0,7674068,2019-05-23 16:41:10,,0.0,0.0,0,,0.0,0.0,0.0,224
1,[],26,[],2019-05-23 16:41:11,0.0,0.00000026,0.000000000020258602,7674069,2019-05-23 16:41:11,btc,0.0,0.0,0.00000026,btc,0.0,0.0,0.0,231
1,[],26,[],2019-05-23 16:41:12,0.0,0.00000006,0.0000000000046750620000000004,7674070,2019-05-23 16:41:12,btc,0.0,100.0,0.00000006,btc,0.0,0.0,0.0,234
0,[],27,[],2019-05-23 16:41:23,0.0,0,0,7674071,2019-05-23 16:41:23,,0.01134836604,0.0,0,"btc,eth",11462.996,0.0,0.0,234
1,[],4,[],2019-05-22 17:06:12,91780.56053785,0.00000078,0.000000000061977552,7669277,2019-05-22 17:06:12,btc,5.573372450018177,0.0,0.00000078,btc,729173.93529783,0.0,0.0307060663355679,236
1,[],24,[],2019-05-22 17:06:12,0.0,0.000000010000,0.000000000000794584,7669278,2019-05-22 17:06:12,btc,0.0,0.0,0.000000010000,btc,0.0,0.0,0.0,236
1,[],5,[],2019-05-23 16:41:25,0.0,0,0,7674072,2019-05-23 16:41:25,btc,0.0,0.0399431,0,btc,0.0,0.0,0.0,237
1,[],20,[],2019-05-23 16:41:27,120180171.1906,0.000000043,0.0000000000033504611,7674073,2019-05-23 16:41:27,btc,58793.17333101126,13106767.463,0.000000043,btc,42572943.5679,0.5971490630859,0.4511440772847,237
1,[],22,[],2019-05-23 16:41:32,318000.0,0.00000003,0.0000000000023375310000000002,7674074,2019-05-23 16:41:32,BTC,1.20267422,0.0,0.00000003,BTC,17930.94871794872,0.0,0.00934,237
1,[],4,[],2019-05-23 16:41:33,27999054.15674944,0.00000012,0.000000000009350124000000001,7674075,2019-05-23 16:41:33,btc,2.930139323766516,0.0,0.00000012,btc,9683226.53804082,0.07580804,0.6625338429488516,238
1,[],5,[],2019-05-23 16:41:35,0.0,0,0,7674076,2019-05-23 16:41:35,btc,0.0,0.00104734,0,btc,0.0,0.0,0.0,238
0,[],22,[],2019-03-12 16:49:32,0.0,0,0,6914458,2019-03-12 16:49:32,,0.40415746,0.0,0,,526736.5639027493,0.0,0.0,249
0,[],22,[],2019-05-23 15:26:14,0.0,0,0,7673762,2019-05-23 15:26:14,,13.39451957,0.0,0,,40944503.3426455,0.0,0.0,252
0,[],28,[],2019-05-23 16:41:38,0.0,0,0,7674077,2019-05-23 16:41:38,,0.0,241584.7965,0,,0.0,0.0,0.0,256
1,[],22,[],2019-05-23 16:41:41,1052904.0,0.00000001,0.0000000000007791770000000001,7674078,2019-05-23 16:41:41,BTC,21.85885958,0.0,0.00000001,BTC,542925.7509808998,0.0,0.01052904,258
1,[],22,[],2019-05-19 18:12:02,400.0,0.00000001,0.0000000000007957800000000001,7653905,2019-05-19 18:12:02,BTC,2.415167,0.0,0.00000001,BTC,157.0,0.0,4e-06,259
1,[],5,[],2019-05-23 16:41:43,0.0,0,0,7674079,2019-05-23 16:41:43,btc,0.0,0.05822471,0,btc,0.0,0.0,0.0,264
1,[],20,[],2019-05-23 16:41:45,904907.4875,0.000000477,0.0000000000371667429,7674080,2019-05-23 16:41:45,btc,1.0297637526486,2192.6,0.000000477,btc,122975.0288,0.0012557142,0.0085114623169,264
0,[],22,[],2019-04-12 17:57:27,0.0,0,0,7278186,2019-04-12 17:57:27,,66.37522201,0.0,0,,677842.4169881374,0.0,0.0,271
0,[],22,[],2019-05-23 16:41:48,0.0,0,0,7674081,2019-05-23 16:41:48,,33050467.4724609,0.0,0,,14361462970.7,0.0,0.0,272
0,[],28,[],2019-05-23 16:41:51,0.0,0,0,7674082,2019-05-23 16:41:51,,0.0,21962255711.0,0,,0.0,0.0,0.0,272
1,[],22,[],2019-05-23 07:12:29,219930.0,0.00000004,0.000000000003048688,7671985,2019-05-23 07:12:29,BTC,426.77835217,0.0,0.00000004,BTC,248664.3325962929,0.0,0.00739728,281
1,[],22,[],2019-05-23 16:41:56,1101926.4333333333,0.00000003,0.0000000000023375310000000002,7674083,2019-05-23 16:41:56,BTC,2.64898128,0.0,0.00000003,"BTC,LTC",839570.03032866,4.03e-06,0.0368192,286
0,[],22,[],2019-05-23 16:42:00,0.0,0,0,7674084,2019-05-23 16:42:00,,7337890.5475411,0.0,0,,1584356788.7797825,0.0,0.0,294
