pairValue,buyBook,exchangeId,sellBook,updated,buyTotal,satoshiPrice,usdPrice,exchangeLogId,created,bestPair,sellTotalBtc,volume,pairPrice,activePairs,sellTotal,volumeBtc,buyTotalBtc,coinId
1,[],10,[],2019-02-15 00:02:12,414352.2598961,0.01100002,0.000000394863317932,6670643,2019-02-15 00:02:12,btc,6525.722377671144,1380.25605563,0.01100002,btc,1091.00489483,0.0,5.294471157528787,1
1,[],12,[],2019-02-15 00:02:14,10430.603857,0.0128500000000000003108624468950438313186168670654296875,0.00000046127131,6670644,2019-02-15 00:02:14,btc,0.2699492816696,0.0,0.0128500000000000003108624468950438313186168670654296875,btc,13.68188084,2.5062233797429,0.1430904339112,1
1,[],20,[],2019-02-15 00:02:16,1152.1903,0.010500212,0.00000037692191007919997,6670645,2019-02-15 00:02:16,btc,0.0573537536243,0.0,0.010500212,btc,2.5253,0.0,0.1009221821981,1
1,[],21,[],2019-02-15 00:02:16,2587.87850371,0.01289974999999999975830444754,0.00000046305716585,6670646,2019-02-15 00:02:16,btc,27.90586112399297,4963.99403284,0.01289974999999999975830444753910342114977538585662841796875,"btc,eth",2660.34314784,57.50357871585462,23.28472950677217,1
1,[],22,[],2019-02-15 00:02:22,0.0280576,0.01350000,0.0000004846041,6670647,2019-02-15 00:02:22,BTC,0.3139634,0.0,0.01350000,BTC,0.10070366666666666,0.0,0.00036518,1
1,[],24,[],2019-02-15 00:02:22,0.0,0.000000000000,0,6670648,2019-02-15 00:02:22,btc,0.0,0.0,0.000000000000,btc,0.0,0.0,0.0,1
0.0,[],25,[],2019-02-15 00:02:24,0.0,0,0,6670649,2019-02-15 00:02:24,btc,25.649999997736277,544.18868729,0.0,btc,1953.79237823,7.1793,0.0,1
1,[],26,[],2019-02-15 00:02:36,0.0,0,0,6670650,2019-02-15 00:02:36,,0.0,0.0,0,,0.0,0.0,0.0,1
1,[],28,[],2019-02-15 00:02:39,992.968,0.01231000,0.00000044188714599999997,6670651,2019-02-15 00:02:39,btc,0.162839806,17849.0,0.01231000,btc,8.9,0.0,0.086870176,1
0,[],2,[],2019-01-20 23:28:45,0.0,0,0,6477011,2019-01-20 23:28:45,,0.0,0.0,0,,0.0,0.0,0.0,1
1,[],3,[],2019-02-15 00:39:30,140.027789195041,0.0127652400000000006141664954384395969100296497344970703125,0.000000459451624176,6670829,2019-02-15 00:39:30,btc,107.09450463180701,0.96346156,0.0127652400000000006141664954384395969100296497344970703125,btc,23.708525215951003,0.0,0.3985579345179954,1
1,[],4,[],2019-02-15 00:39:31,141.34704812,0.01320000,0.00000047509967999999996,6670830,2019-02-15 00:39:31,btc,0.8980833789878592,0.0,0.01320000,btc,64.55101625,1.07833704,1.7629412510147167,1
1,[],5,[],2019-02-15 00:39:35,0.27205952,0.01291979,0.000000465014249596,6670831,2019-02-15 00:39:35,btc,14578.74621283,0.88506253,0.01291979,btc,35555556.21917679,0.0,2.29662705,1
1,[],5,[],2019-02-15 00:02:41,1.838e-05,0.00000071,0.000000000025486586,6670652,2019-02-15 00:02:41,btc,0.1271207,0.00989068,0.00000071,btc,6.37e-05,0.0,0.27547064,2
0,[],22,[],2019-02-15 00:02:51,0.0,0,0,6670653,2019-02-15 00:02:51,,0.0,0.0,0,,0.0,0.0,0.0,2
1,[],5,[],2019-02-15 00:02:52,1.29e-06,0.00000017,0.000000000006102422,6670654,2019-02-15 00:02:52,btc,4.31646634,0.02555764,0.00000017,btc,2.278e-05,0.0,3.60431824,3
1,[],12,[],2019-02-15 00:02:54,12375621.95424995,0.000000169,0.0000000000060665254,6670655,2019-02-15 00:02:54,btc,924229.9940611542,0.0,0.000000169,btc,7921841.2956688,0.04648551573075883,0.5352578094468248,3
0,[],28,[],2019-02-15 00:02:57,0.0,0,0,6670656,2019-02-15 00:02:57,,0.0,0.0,0,,0.0,0.0,0.0,3
0,[],2,[],2019-01-20 23:31:32,0.0,0,0,6477077,2019-01-20 23:31:32,,0.0,0.0,0,,0.0,0.0,0.0,4
1,[],4,[],2019-02-14 23:51:42,404429.91903058,0.00000034,0.00000000001221076,6670464,2019-02-14 23:51:42,btc,0.3811963047291536,0.0,0.00000034,btc,338397.24047577,0.0,0.0560319400652495,4
1,[],12,[],2019-02-14 17:26:54,1405077.5219999999,0.00000004,0.000000000001441592,6666503,2019-02-14 17:26:54,btc,11113878.38315974,0.0,0.00000004,btc,1084186.13790569,0.0004039437362635,0.02355927044,5
0,[],2,[],2019-01-20 23:31:51,0.0,0,0,6477087,2019-01-20 23:31:51,,0.0,0.0,0,,0.0,0.0,0.0,6
1,[],11,[],2019-02-15 00:02:59,2564085.5,0.00000002,0.000000000000717932,6670657,2019-02-15 00:02:59,btc,9433.275211330583,658096.333333,0.00000002,btc,39464987.81962851,0.0,0.042791405,6
1,[],3,[],2019-02-15 00:03:00,1076.337247173154,0.00014526000000000000174880943060173876801854930818080902099609375,0.000000005214340116,6670658,2019-02-15 00:03:00,btc,28.399990609446498,0.0,0.00014526000000000000174880943060173876801854930818080902099609375,btc,235.145665820227,0.0,0.03183197781773475,7
1,[],4,[],2019-02-15 00:03:01,28193.36711705,0.00023708,0.000000008510365928,6670659,2019-02-15 00:03:01,btc,1.4794111644083243,0.0,0.00023708,btc,5497.59660898,10.72749578,5.738031738147759,7
1,[],5,[],2019-02-15 00:03:03,0.00666579,0.00021249,0.000000007627668534,6670660,2019-02-15 00:03:03,btc,2.03658248,0.518596,0.00021249,btc,0.01365552,0.0,2.27750241,7
1,[],20,[],2019-02-15 00:03:06,43516494.8418,0.000000001,0.0000000000000358966,6670661,2019-02-15 00:03:06,btc,116.5827776391263,20000.0,0.000000001,btc,29035064.8892,2e-05,0.0435164948418,8
1,[],1,[],2019-02-15 00:03:07,2373549.85,0.000001799999999999999918546601286595265634105089702643454074859619140625,0.00000000006461388,6670662,2019-02-15 00:03:07,btc,1.271715163,21717919.41,0.000001799999999999999918546601286595265634105089702643454074859619140625,btc,693830.99,39.44037088,4.2272318498,9
1,[],4,[],2019-02-15 00:03:08,211004.98415085,0.00000182,0.000000000065331812,6670663,2019-02-15 00:03:08,btc,0.7672786246857334,0.0,0.00000182,btc,401562.6238391,1.39600585,0.3552192071384895,9
1,[],28,[],2019-02-15 00:03:10,43335.0,0.00000167,0.000000000059947322,6670664,2019-02-15 00:03:10,btc,2708.76119522,3632531.0,0.00000167,btc,11732.68,0.0,0.04320645,9
0,[],2,[],2019-01-20 23:22:42,0.0,0,0,6476876,2019-01-20 23:22:42,,0.0,0.0,0,,0.0,0.0,0.0,9
0,[],23,[],2019-01-20 23:22:48,0.0,0,0,6476878,2019-01-20 23:22:48,,0.0,0.0,0,,0.0,0.0,0.0,9
1,[],4,[],2019-02-10 09:54:02,5828483.02026053,0.00000002,0.000000000000726692,6623074,2019-02-10 09:54:02,btc,0.2014004865591215,0.0,0.00000002,btc,4198675.28035349,0.00021932,0.0653957035452106,10
1,[],4,[],2019-02-15 00:03:11,1623493.32405916,0.00000173,0.000000000062101118,6670665,2019-02-15 00:03:11,btc,1.4797496758079536,0.0,0.00000173,btc,785117.01418697,6.95562436,2.58083244265251,12
1,[],5,[],2019-02-15 00:03:13,3.099e-05,0.00000152,0.000000000054562832,6670666,2019-02-15 00:03:13,btc,0.42015292,0.77282655,0.00000152,btc,0.00012149,0.0,0.18227215,12
0.0,[],25,[],2019-02-15 00:03:15,0.0,0,0,6670667,2019-02-15 00:03:15,,0.0,0.0,0.0,btc,0.0,0.0,0.0,12
0,[],2,[],2019-01-20 23:23:08,0.0,0,0,6476890,2019-01-20 23:23:08,,0.0,0.0,0,,0.0,0.0,0.0,12
1,[],4,[],2019-02-15 00:03:16,1352634.30433011,0.00000660,0.00000000023691756,6670668,2019-02-15 00:03:16,btc,0.9558973685389567,0.0,0.00000660,btc,134313.99481332,0.78060615,1.6111135726054098,13
1,[],21,[],2019-02-15 00:03:19,929878.2478683001,0.000006700000000000000226207941267,0.00000000024050722,6670669,2019-02-15 00:03:19,btc,8.653493730901424,2481623.06064057,0.000006700000000000000226207941267375645111314952373504638671875,btc,1091787.3195355,17.19400668,5.654920313155947,13
1,[],10,[],2019-02-14 21:39:58,452013.28563076,0.00000611,0.000000000219502361,6669136,2019-02-14 21:39:58,btc,666805.4430007756,8280.53556538,0.00000611,btc,724656.88246115,0.0,0.4080345061773576,13
1,[],4,[],2019-02-15 00:03:21,1001287.07744813,0.00000143,0.000000000051332138,6670670,2019-02-15 00:03:21,btc,0.1530326024182426,0.0,0.00000143,btc,77414.60241446,0.03144323,0.4301747621561101,14
1,[],12,[],2019-02-15 00:03:24,85552.2231405,0.000001260000000000000006510091944689211373997750342823565006256103515625,0.000000000045229716,6670671,2019-02-15 00:03:24,btc,2.7764617938480725,0.0,0.000001260000000000000006510091944689211373997750342823565006256103515625,btc,30207.37033352,1.764e-05,0.009355660000005,14
1,[],26,[],2019-02-15 00:03:35,0.0,0.00000050,0.0000000000179483,6670672,2019-02-15 00:03:35,btc,0.0,0.0,0.00000050,btc,0.0,0.0,0.0,14
0,[],17,[],2019-02-14 23:52:13,0.0,0,0,6670480,2019-02-14 23:52:13,btc,0.0,0.0,0,btc,0.0,0.0,0.0,14
0,[],4,[],2019-02-15 00:03:37,0.0,0,0,6670673,2019-02-15 00:03:37,,0.0,0.0,0,,0.0,0.0,0.0,15
,[],12,[],2018-12-01 15:15:48,204241.84496,0.00000489,0.000000000202473384,5260204,2018-12-01 15:15:48,btc,49.5475654835,0.0,,btc,35763.2193806,0.0163153972027625,0.0203389899998,15
1,[],4,[],2019-02-15 00:03:38,27626.30446481,0.00001816,0.000000000651882256,6670674,2019-02-15 00:03:38,btc,2.211911393208184,0.0,0.00001816,btc,7359.65610066,0.0103347,0.1129792393620972,18
1,[],10,[],2019-02-15 00:03:41,790623.6609495,0.00001769,0.0000000006350108539999999,6670675,2019-02-15 00:03:41,btc,15.534651342856288,7931.12005423,0.00001769,btc,10380.70076343,0.0,0.3103314142989398,18
1,[],12,[],2019-02-15 00:03:42,204517.20224964,0.0000180099999999999986662058137909525612485595047473907470703125,0.0000000006464977659999999,6670676,2019-02-15 00:03:42,btc,22.612015797544554,0.0,0.0000180099999999999986662058137909525612485595047473907470703125,btc,1865.92947713,0.0024086527624812,0.0378004143450576,18
0,[],2,[],2019-01-20 23:23:38,0.0,0,0,6476906,2019-01-20 23:23:38,,0.0,0.0,0,,0.0,0.0,0.0,18
0,[],17,[],2019-02-14 23:40:28,0.0,0,0,6670287,2019-02-14 23:40:28,btc,0.0,0.0,0,btc,0.0,0.0,0.0,18
1,[],3,[],2019-02-15 00:04:09,132676.6358053398,0.00002638999999999999974812682490554749392686062492430210113525390625,0.000000000947311274,6670677,2019-02-15 00:04:09,btc,0.5557920841850755,25.2229796154,0.00002638999999999999974812682490554749392686062492430210113525390625,btc,5750.707121982506,0.0,0.1785601915791026,19
1,[],4,[],2019-02-15 00:04:36,264512.06754804,0.00002830,0.00000000101587378,6670678,2019-02-15 00:04:36,btc,0.2906488848509559,0.0,0.00002830,btc,9370.62829213,1.53812278,2.2886985654504453,19
1,[],5,[],2019-02-15 00:04:44,0.00022675,0.00002405,0.00000000086331323,6670679,2019-02-15 00:04:44,btc,0.23821343,3.995e-05,0.00002405,btc,0.00298085,0.0,0.07709546,19
1,[],12,[],2019-02-15 00:04:45,134950.51136364,0.00002288000000000000116692246143745848030448541976511478424072265625,0.000000000821314208,6670680,2019-02-15 00:04:45,btc,0.0295153923556628,0.0,0.00002288000000000000116692246143745848030448541976511478424072265625,btc,294.66393647,0.0,0.0326010100000832,19
0,[],27,[],2019-02-15 00:04:47,0.0,0,0,6670681,2019-02-15 00:04:47,,0.0,0.0,0,btc,0.0,0.0,0.0,19
0,[],2,[],2019-01-20 23:24:19,0.0,0,0,6476924,2019-01-20 23:24:19,,0.0,0.0,0,,0.0,0.0,0.0,19
1,[],4,[],2019-02-15 00:04:48,8105964.88270166,0.00000014,0.000000000005025524,6670682,2019-02-15 00:04:48,btc,0.7661869636079469,0.0,0.00000014,btc,1592129.81470972,0.00115096,0.2633208437753649,20
1,[],4,[],2019-02-15 00:04:49,112550122.70223545,0.00000002,0.000000000000717932,6670683,2019-02-15 00:04:49,btc,0.5333931577140325,0.0,0.00000002,btc,15205243.25737738,0.02025835,1.2888428979253495,21
1,[],12,[],2019-02-15 00:04:51,17376826.0,0.00000002,0.000000000000717932,6670684,2019-02-15 00:04:51,btc,669.7041376091021,0.0,0.00000002,btc,8561386.84915352,0.00616771994006,0.2197768,21
0,[],17,[],2019-02-14 23:52:30,0.0,0,0,6670494,2019-02-14 23:52:30,btc,0.0,0.0,0,btc,0.0,0.0,0.0,21
1,[],12,[],2019-02-15 00:05:03,2951306568.043896,0.0000000002,0.00000000000000717932,6670685,2019-02-15 00:05:03,btc,830864729357.1537,0.0,0.0000000002,btc,4246633757.1001015,0.004055598500299988,0.3409443538555898,23
0,[],27,[],2019-02-15 00:05:06,0.0,0,0,6670686,2019-02-15 00:05:06,,0.7240921565934114,0.0,0,eth,727098.85514486,0.0,0.0,23
1,[],4,[],2019-02-15 00:05:07,380647.95190758,0.00000064,0.000000000022973824,6670687,2019-02-15 00:05:07,btc,0.1984439862469703,0.0,0.00000064,btc,191592.48038631,0.0,0.1915544977308909,24
1,[],22,[],2019-02-15 00:05:11,11.76,0.00000100,0.0000000000358966,6670688,2019-02-15 00:05:11,BTC,7.415e-05,0.0,0.00000100,BTC,23.919354838709676,0.0,1.176e-05,24
0.0,[],25,[],2019-02-15 00:05:13,0.0,0,0,6670689,2019-02-15 00:05:13,,0.0,0.0,0.0,btc,0.0,0.0,0.0,24
1,[],4,[],2019-02-15 00:05:14,26995172.91080779,0.00000604,0.000000000216815464,6670690,2019-02-15 00:05:14,btc,0.511071901030573,0.0,0.00000604,btc,41053.90652925,0.07106395,0.4225524578322219,26
1,[],10,[],2019-02-15 00:05:16,736961.09396857,0.0000054,0.00000000019384164,6670691,2019-02-15 00:05:16,btc,25.9358729019698,0.0,0.0000054,btc,15824.17466294,0.0,0.2264879136744379,26
0,[],2,[],2019-01-20 23:25:56,0.0,0,0,6476976,2019-01-20 23:25:56,,0.0,0.0,0,,0.0,0.0,0.0,26
1,[],3,[],2019-02-15 00:05:17,5689817.95913569,0.00000001,0.000000000000358966,6670692,2019-02-15 00:05:17,btc,2.6998142562093017,927920.026732,0.00000001,btc,17268102.61059958,0.0,0.0568981795913569,27
1,[],5,[],2019-02-15 00:05:18,1e-08,0.00000001,0.000000000000358966,6670693,2019-02-15 00:05:18,btc,1.5983649,0.00015547,0.00000001,btc,4.345e-05,0.0,0.09881521,27
1,[],11,[],2019-02-15 00:05:19,10063976.7912115,0.00000005,0.00000000000179483,6670694,2019-02-15 00:05:19,btc,370.6338154222541,8080.0,0.00000005,btc,8170841.5693934,0.0,0.4660996184459823,27
1,[],4,[],2019-02-15 00:05:21,607081688.1683841,0.00000002,0.000000000000717932,6670695,2019-02-15 00:05:21,btc,0.296658990594246,0.0,0.00000002,"btc,ltc",21899300.49571992,0.23788176,8.653441895112934,29
1,[],7,[],2019-02-15 00:05:23,28994923.22404746,0.00000002,0.000000000000717932,6670696,2019-02-15 00:05:23,btc,44465226.10141032,75224.2470436,0.00000002,btc,55559193.57204453,0.00154333,0.4250735280447115,29
1,[],4,[],2019-02-15 00:05:24,1526971.41759723,0.00000027,0.000000000009692081999999999,6670697,2019-02-15 00:05:24,btc,0.1632113472506646,0.0,0.00000027,btc,388160.75669272,0.00479513,0.1194540885919166,30
0,[],17,[],2019-02-15 00:05:26,0.0,0,0,6670698,2019-02-15 00:05:26,btc,0.0,0.0,0,btc,0.0,0.0,0.0,30
1,[],4,[],2019-02-15 00:05:28,36035.16044749,0.00007294,0.000000002618298004,6670699,2019-02-15 00:05:28,btc,1.7255400573422426,0.0,0.00007294,btc,21490.20599479,1.63492626,2.2666621987961113,31
1,[],21,[],2019-02-15 00:05:29,55502.16401328,0.00007364000000000000645088149565,0.0000000026434256240000004,6670700,2019-02-15 00:05:29,btc,3.83190445894982,126778.79282098,0.00007364000000000000645088149564543300584773533046245574951171875,btc,47406.07383507,9.25438084,3.8515047297801637,31
0,[],2,[],2019-01-20 23:28:43,0.0,0,0,6477009,2019-01-20 23:28:43,,0.0,0.0,0,,0.0,0.0,0.0,32
1,[],4,[],2019-02-15 00:05:30,147527456.1944469,0.00000005,0.00000000000179483,6670701,2019-02-15 00:05:30,btc,2.1937775517335414,0.0,0.00000005,"btc,ltc",46165073.96144517,0.65070734,2.6151523892247166,33
1,[],12,[],2019-02-15 00:05:31,12134654.0,0.00000005,0.00000000000179483,6670702,2019-02-15 00:05:31,btc,34509922.112881884,0.0,0.00000005,btc,89082635.07892089,0.0018314699795714,0.37099673,33
1,[],4,[],2019-02-15 00:05:32,134811518.37513936,0.00000001,0.000000000000358966,6670703,2019-02-15 00:05:32,btc,1.0402712026403031,0.0,0.00000001,btc,41639911.23332942,0.00555472,1.3481151837513936,34
1,[],5,[],2019-02-15 00:05:34,1e-08,0.00000001,0.000000000000358966,6670704,2019-02-15 00:05:34,btc,5.07970883,0.00254099,0.00000001,btc,1.343e-05,0.0,0.85476575,34
0.00000000011528470000000001,[],4,[],2019-02-15 00:05:35,1060942158.7767,2.3056940000000002e-18,8.276657524040001e-23,6670705,2019-02-15 00:05:35,ltc,1.1065897780325374e-08,0.0,0.00000002,ltc,2275167877.0760617,0.0,1.8211606722411576e-09,36
1,[],5,[],2019-02-15 00:05:36,0.0,0,0,6670706,2019-02-15 00:05:36,btc,197.5385629,0.0,0,btc,1.325e-05,0.0,0.0,36
0,[],27,[],2019-02-15 00:05:50,0.0,0,0,6670707,2019-02-15 00:05:50,,230.02189618271,48.0,0,"ltc,eth",3708919.3029,8.0792041968e-14,0.0,36
0,[],17,[],2019-02-14 23:41:36,0.0,0,0,6670317,2019-02-14 23:41:36,btc,0.14155809871041394,0.0,0,btc,10796613.27743647,0.0,0.0,36
1,[],4,[],2019-02-15 00:05:51,272453.72960019,0.00000107,0.000000000038409362,6670708,2019-02-15 00:05:51,btc,0.4141043310716667,0.0,0.00000107,btc,247263.67511126,0.03584122,0.1430982113300915,37
1,[],12,[],2019-02-15 00:05:52,405822.98715647,0.00000119999999999999994569773419106351042273672646842896938323974609375,0.00000000004307592,6670709,2019-02-15 00:05:52,btc,1364.03615739746,0.0,0.00000119999999999999994569773419106351042273672646842896938323974609375,btc,681320.7940028,0.1427991395183832,0.1754257877686207,37
1,[],27,[],2019-02-15 00:06:05,14852.0,0.0000005,0.0000000000179483,6670710,2019-02-15 00:06:05,btc,26.73595537911233,0.0,0.0000005,btc,6579.81438508,0.0,0.00488022,37
1,[],17,[],2019-02-14 22:33:46,1752.74075282,0.00000025,0.00000000000899595,6669756,2019-02-14 22:33:46,btc,0.055484923777095005,0.0,0.00000025,btc,1319.19918473,0.0,0.00043818518820499993,37
1,[],5,[],2019-02-15 00:06:07,1.474e-05,0.00000096,0.000000000034460736,6670711,2019-02-15 00:06:07,btc,0.09647745,0.11950099,0.00000096,btc,9.975e-05,0.0,0.04381049,42
1,[],12,[],2019-02-15 00:06:09,125704.40590328,0.00000089,0.000000000031947974,6670712,2019-02-15 00:06:09,btc,92.91256674717967,0.0,0.00000089,btc,93272.75753696,0.00831070691375,0.0436401364367826,42
0,[],27,[],2019-02-15 00:06:11,0.0,0,0,6670713,2019-02-15 00:06:11,,0.00315028,0.0,0,"btc,eth",11.007,0.0,0.0,42
1,[],5,[],2019-02-15 00:06:13,3e-08,0.00000002,0.000000000000717932,6670714,2019-02-15 00:06:13,btc,6.16328141,0.0502192,0.00000002,btc,1.375e-05,0.0,0.5744076,43
1,[],12,[],2019-02-15 00:06:14,3873669.0,0.00000001,0.000000000000358966,6670715,2019-02-15 00:06:14,btc,20007457.492715273,0.0,0.00000001,btc,38975764.459940016,4.9150849154e-06,0.038736690000000004,43
0,[],17,[],2019-02-14 22:33:55,0.0,0,0,6669763,2019-02-14 22:33:55,btc,0.0,0.0,0,btc,0.0,0.0,0.0,43
1,[],12,[],2019-02-15 00:06:26,704178.0,0.00000005,0.00000000000179483,6670716,2019-02-15 00:06:26,btc,11115166.86189185,0.0,0.00000005,btc,1000888.14385612,0.0039531235064942,0.01845145,44
1,[],4,[],2019-02-15 00:06:27,225345901.45256406,0.00000002,0.000000000000717932,6670717,2019-02-15 00:06:27,btc,0.17703390607047542,0.0,0.00000002,"btc,ltc",4432601.13877993,0.00299403,0.4308451450301111,49
0.00000000011528470000000001,[],4,[],2019-02-15 00:06:28,1702458651.6184578,1.1528470000000001e-18,4.1383287620200004e-23,6670718,2019-02-15 00:06:28,ltc,4.645173508554963,0.0,0.00000001,ltc,3769439558.9474792,0.0,1.9626743491423845e-09,52
0,[],22,[],2019-02-15 00:06:30,0.0,0,0,6670719,2019-02-15 00:06:30,,8108.82526305,0.0,0,,262741443.67882353,0.0,0.0,57
0,[],27,[],2019-02-15 00:06:34,0.0,0,0,6670720,2019-02-15 00:06:34,,0.0,0.0,0,"btc,eth",0.0,0.0,0.0,57
0,[],17,[],2019-02-14 22:52:53,0.0,0,0,6670149,2019-02-14 22:52:53,btc,1e+24,0.0,0,btc,41401875.8285055,0.0,0.0,58
0.00000000011528470000000001,[],4,[],2019-02-15 00:06:35,1143858999.174188,4.6113880000000004e-18,1.6553315048080002e-22,6670721,2019-02-15 00:06:35,ltc,3.272209001806114,0.0,0.00000004,ltc,799377028.4358559,0.005,3.2908688519944916e-09,58
1,[],12,[],2019-02-15 00:06:36,1882958850.843957,0.0000000005,0.000000000000017948300000000002,6670722,2019-02-15 00:06:36,btc,724045490499.4823,0.0,0.0000000005,btc,3700337106.9004045,0.002252862305694312,0.6565373185011392,58
0.0000000001289003,[],22,[],2019-02-15 00:06:40,137438.0,1.2890030000000001e-18,4.62708250898e-23,6670723,2019-02-15 00:06:40,XMR,69.8835922,0.0,0.00000001,XMR,9887963.0,0.0,0.00137438,58
1,[],5,[],2019-02-15 00:06:42,7.52e-06,0.00000073,0.000000000026204517999999998,6670724,2019-02-15 00:06:42,btc,0.17648789,0.12470526,0.00000073,btc,6.843e-05,0.0,0.18267388,61
1,[],22,[],2019-02-15 00:06:45,5149.5,0.00000011,0.000000000003948626,6670725,2019-02-15 00:06:45,BTC,1002.29598212,0.0,0.00000011,BTC,14957.700278135757,0.0,0.00051596,61
1,[],26,[],2019-02-15 00:06:45,0.0,0.00000800,0.0000000002871728,6670726,2019-02-15 00:06:45,btc,0.0,0.0,0.00000800,btc,0.0,0.0,0.0,61
1,[],27,[],2019-02-15 00:06:48,10403.8823,0.00000034,0.000000000012204844,6670727,2019-02-15 00:06:48,btc,9.940816276931693,600.57125583,0.00000034,"btc,eth",15657.09679279,2.4009081843564003e-11,0.0006378899836914669,61
1,[],28,[],2019-02-15 00:06:49,19894.304,0.00000091,0.000000000032665906,6670728,2019-02-15 00:06:49,btc,2.056370093700105,819.89,0.00000091,btc,9767.52450005,0.0,0.00993521304,61
1,[],4,[],2019-02-14 16:29:13,423586.62355624,0.00000280,0.00000000010071712000000001,6665987,2019-02-14 16:29:13,btc,1.198498264941767,0.0,0.00000280,btc,292634.72753987,0.06799725,0.8161931156508594,67
0.0,[],25,[],2019-02-14 16:29:15,0.0,0,0,6665988,2019-02-14 16:29:15,,0.0,0.0,0.0,btc,0.0,0.0,0.0,67
1,[],12,[],2019-02-15 00:06:50,3861287.23207189,0.00000017,0.000000000006102421999999999,6670729,2019-02-15 00:06:50,btc,11116066.454451028,0.0,0.00000017,btc,1962211.25999196,0.006449008671333,0.1848002264411108,71
,[],5,[],2018-11-20 23:02:39,1.5e-07,0.00000005,0.000000000002128045,4862160,2018-11-20 23:02:39,btc,2.84511358,0.0,,btc,0.00036572,0.0,0.07381892,74
1,[],5,[],2019-02-15 00:06:51,3.049e-05,0.00000156,0.000000000055998696,6670730,2019-02-15 00:06:51,btc,1.5424315,0.0,0.00000156,btc,0.00016981,0.0,0.30484564,75
1,[],4,[],2019-02-15 00:06:53,29738604.75692337,0.00000001,0.000000000000358966,6670731,2019-02-15 00:06:53,btc,0.7668881456247842,0.0,0.00000001,btc,14615939.68425178,0.0,0.2973860475692337,81
0,[],20,[],2019-01-25 09:30:31,0.0,0,0,6495923,2019-01-25 09:30:31,btc,0.0,0.0,0,btc,0.0,0.0,0.0,81
1,[],4,[],2019-02-15 00:06:55,24019.45327608,0.00007700,0.0000000027640382,6670732,2019-02-15 00:06:55,btc,1.3365109134451139,0.0,0.00007700,btc,11401.97190419,0.02498148,0.1068539619120993,82
1,[],21,[],2019-02-15 00:06:56,139176.49504129,0.00007532999999999999874052136750,0.000000002704090878,6670733,2019-02-15 00:06:56,btc,2.919775170898659,21408.64200539,0.00007532999999999999874052136750179897717316634953022003173828125,btc,32437.75651073,1.64596889,2.5466101311344884,82
0,[],17,[],2019-02-15 00:06:57,0.0,0,0,6670734,2019-02-15 00:06:57,btc,0.0447233088476774,0.0,0,btc,999127.19588126,0.0,0.0,84
0.00000000011528470000000001,[],4,[],2019-02-15 00:06:58,154173770.4368578,8.069929e-18,2.896830133414e-22,6670735,2019-02-15 00:06:58,ltc,0.19569063268739087,0.0,0.00000007,ltc,104330765.39226724,0.0,7.054482838753261e-10,85
,[],22,[],2018-11-20 23:09:34,3408.1,0.0000001,0.0000000000041895,4862324,2018-11-20 23:09:34,BTC,0.04624735,0.0,,BTC,4990.0,0.0,0.00033081,86
0,[],22,[],2019-02-15 00:07:01,0.0,0,0,6670736,2019-02-15 00:07:01,,2.0760781,0.0,0,,140622.94736842104,0.0,0.0,87
0,[],27,[],2019-02-15 00:07:03,0.0,0,0,6670737,2019-02-15 00:07:03,,0.0,0.0,0,btc,0.0,0.0,0.0,87
,[],2,[],2018-11-20 23:10:47,0.0,0,0,4862359,2018-11-20 23:10:47,,0.0,0.0,,,0.0,0.0,0.0,88
1,[],11,[],2019-02-15 00:07:05,97046.9976747,0.00014710999999999999250654969529250593041069805622100830078125,0.000000005280748825999999,6670738,2019-02-15 00:07:05,btc,609.4670904795086,2197.20461263,0.00014710999999999999250654969529250593041069805622100830078125,btc,91302.28908273,0.0,6.587116141338505,89
0,[],2,[],2019-01-20 23:31:45,0.0,0,0,6477083,2019-01-20 23:31:45,,0.0,0.0,0,,0.0,0.0,0.0,91
1,[],12,[],2019-02-15 00:07:06,437756.57545028,0.00000207000000000000008632309277112337753123938455246388912200927734375,0.000000000074305962,6670739,2019-02-15 00:07:06,btc,4.198970258712438,0.0,0.00000207000000000000008632309277112337753123938455246388912200927734375,btc,46207.53813847,0.0056671210033971,0.0614684900000231,91
0,[],17,[],2019-02-15 00:07:08,0.0,0,0,6670740,2019-02-15 00:07:08,btc,0.0,0.0,0,btc,0.0,0.0,0.0,91
0.00000000011528470000000001,[],22,[],2019-02-15 00:07:22,4525000.0,4.6113880000000004e-18,1.6553315048080002e-22,6670741,2019-02-15 00:07:22,LTC,8.12129807,0.0,0.00000004,LTC,66745238.1,6.5712279e-16,0.14575,95
0.00000000011528470000000001,[],4,[],2019-02-15 00:07:23,138139612.11587644,9.4533454e-17,3.3934295848564e-21,6670742,2019-02-15 00:07:23,ltc,0.5988937993279653,0.0,0.00000082,ltc,35570770.61606412,0.0021,1.2478205879236322e-09,96
1,[],12,[],2019-02-15 00:07:25,518219.0,0.00000001,0.000000000000358966,6670743,2019-02-15 00:07:25,btc,255061.99737593989,0.0,0.00000001,btc,8743218.54676297,0.00054169,0.00518219,96
0,[],17,[],2019-02-14 23:54:55,0.0,0,0,6670551,2019-02-14 23:54:55,btc,0.0,0.0,0,btc,0.0,0.0,0.0,96
1,[],4,[],2019-02-15 00:07:26,1728093.77191452,0.00000033,0.000000000011845878,6670744,2019-02-15 00:07:26,btc,0.2964723638903756,0.0,0.00000033,btc,571208.45464625,0.04463471,0.1982113470264781,99
0,[],2,[],2019-01-20 23:23:55,0.0,0,0,6476914,2019-01-20 23:23:55,,0.0,0.0,0,,0.0,0.0,0.0,100
1,[],4,[],2019-02-15 00:07:27,202339.78246266,0.00003990,0.00000000143227434,6670745,2019-02-15 00:07:27,btc,1.1903732627442019,0.0,0.00003990,btc,25794.99323121,0.74202612,1.468559562446656,100
1,[],22,[],2019-02-15 00:07:39,50000.0,0.00000001,0.000000000000358966,6670746,2019-02-15 00:07:39,BTC,23.49896609,0.0,0.00000001,BTC,10277.22,0.0,0.0005,101
1,[],4,[],2019-02-15 00:07:40,318843.49932376,0.00000108,0.000000000038768327999999997,6670747,2019-02-15 00:07:40,btc,0.4066298393061707,0.0,0.00000108,btc,144470.67859586,0.02415915,0.1607681489919325,103
1,[],12,[],2019-02-15 00:07:43,49553412.4663887,0.000000016,0.0000000000005743456000000001,6670748,2019-02-15 00:07:43,btc,137278864.51041368,0.0,0.000000016,btc,121519784.2194474,0.05333721591962666,0.2605381714622192,105
1,[],27,[],2019-02-15 00:07:46,4009342.89,0.00000001,0.000000000000358966,6670749,2019-02-15 00:07:46,btc,0.3614577513692299,0.0,0.00000001,btc,323444.42860553,0.0,0.0400934289,105
0,[],22,[],2019-02-15 00:07:48,0.0,0,0,6670750,2019-02-15 00:07:48,,51.10825004,0.0,0,,468935.0,0.0,0.0,107
1,[],26,[],2019-02-15 00:07:48,0.0,0.00000000,0,6670751,2019-02-15 00:07:48,btc,0.0,0.0,0.00000000,btc,0.0,0.0,0.0,107
1,[],5,[],2019-02-15 00:07:50,1e-08,0.00000001,0.000000000000358966,6670752,2019-02-15 00:07:50,btc,2.89710887,0.00188837,0.00000001,btc,1.571e-05,0.0,0.08590175,112
1,[],22,[],2019-02-15 00:07:54,167093.0,0.00000001,0.000000000000358966,6670753,2019-02-15 00:07:54,BTC,2.81183288,0.0,0.00000001,BTC,808524.0833333334,0.0,0.00167093,112
0,[],27,[],2019-02-15 00:07:56,0.0,0,0,6670754,2019-02-15 00:07:56,,1.35132491849924,0.0,0,"btc,eth",1328.641654,0.0,0.0,112
1,[],4,[],2019-02-15 00:07:56,450146.27808665,0.00000318,0.000000000114151188,6670755,2019-02-15 00:07:56,btc,0.2448893305633963,0.0,0.00000318,btc,57982.35935678,0.09946162,0.207361898988768,113
1,[],5,[],2019-02-15 00:07:58,1.551e-05,0.00000320,0.00000000011486912,6670756,2019-02-15 00:07:58,btc,0.81322352,0.00074537,0.00000320,btc,0.00141484,0.0,0.21473762,113
1,[],17,[],2019-02-14 22:53:57,152738.278,0.00000004,0.000000000001436764,6670179,2019-02-14 22:53:57,btc,1.3368030274621543,0.0,0.00000004,btc,51896.221,0.0,0.0022095311199999998,116
0,[],27,[],2019-02-15 00:08:01,0.0,0,0,6670757,2019-02-15 00:08:01,,0.0,0.0,0,btc,0.0,0.0,0.0,116
1,[],4,[],2019-02-15 00:08:02,28691.84479999,0.00002976,0.000000001068282816,6670758,2019-02-15 00:08:02,btc,0.6121912003275072,0.0,0.00002976,btc,18263.8682784,5.31224027,0.7028256626844608,120
1,[],7,[],2019-02-15 00:08:03,18506.47366771,0.00003025000000000000006049848122469114741761586628854274749755859375,0.00000000108587215,6670759,2019-02-15 00:08:03,btc,115647.29378777594,190.01469852,0.00003025000000000000006049848122469114741761586628854274749755859375,btc,29544.38626924,0.00615504,0.082824128727364,120
1,[],20,[],2019-02-15 00:08:06,1093445.8166,0.000000014,0.0000000000005025524,6670760,2019-02-15 00:08:06,btc,33.8691165036599,0.0,0.000000014,btc,1150552.4764,0.0,0.0052654043171,125
1,[],22,[],2019-02-15 00:10:08,3053.0,0.00000001,0.000000000000358966,6670761,2019-02-15 00:10:08,BTC,0.01444889,0.0,0.00000001,BTC,296264.5111111111,0.0,3.053e-05,126
0,[],2,[],2019-01-20 23:25:46,0.0,0,0,6476969,2019-01-20 23:25:46,,0.0,0.0,0,,0.0,0.0,0.0,131
1,[],4,[],2019-02-15 00:10:10,138682.26068859,0.00001605,0.00000000057614043,6670762,2019-02-15 00:10:10,btc,0.7854490629187169,0.0,0.00001605,btc,38418.74352774,0.65782527,0.9271545949720951,131
0,[],17,[],2019-02-15 00:10:12,0.0,0,0,6670763,2019-02-15 00:10:12,btc,0.0009561751951600001,0.0,0,btc,35.42829368,0.0,0.0,131
1,[],4,[],2019-02-15 00:10:13,4623.17561949,0.00016126,0.0000000057886857159999996,6670764,2019-02-15 00:10:13,btc,1.6422153282645506,0.0,0.00016126,btc,308.40189166,0.0,0.0089827348856674,135
1,[],3,[],2019-02-15 00:10:14,1934872.20571841,0.00000005,0.00000000000179483,6670765,2019-02-15 00:10:14,btc,0.12044643471173849,58921.4532222,0.00000005,btc,423865.42080471996,0.0,0.073089765113701,136
1,[],4,[],2019-02-15 00:10:15,46588.69492145,0.00000174,0.000000000062460084,6670766,2019-02-15 00:10:15,btc,0.047613009853629,0.0,0.00000174,btc,23669.7773258,0.10045416,0.0477467908713981,137
1,[],12,[],2019-02-15 00:10:15,296749.19656744,0.000001769999999999999994019540816569957542014890350401401519775390625,0.000000000063536982,6670767,2019-02-15 00:10:15,btc,11982.948120979368,0.0,0.000001769999999999999994019540816569957542014890350401401519775390625,btc,159168.07304899,0.0410412396403821,0.027427860239729998,137
1,[],4,[],2019-02-15 00:10:18,728751.27046622,0.00004639,0.000000001665243274,6670768,2019-02-15 00:10:18,btc,0.5344519957462414,0.0,0.00004639,btc,9719.05408209,0.39814931,0.6591818466238509,142
1,[],5,[],2019-02-15 00:10:19,0.00122469,0.00004530,0.00000000162611598,6670769,2019-02-15 00:10:19,btc,1.07733375,0.44257564,0.00004530,btc,0.00292111,0.0,0.67094065,142
1,[],17,[],2019-02-15 00:10:21,22967.386363640002,0.00000088,0.000000000031589008,6670770,2019-02-15 00:10:21,btc,20.0699133484,0.0,0.00000088,btc,405.079105,0.0,0.0104613000000032,142
1,[],20,[],2019-02-15 00:10:23,134029.6378,0.000032817,0.0000000011780187222,6670771,2019-02-15 00:10:23,btc,0.4393648468046,170.6263,0.000032817,btc,4305.1639,0.007799350191,0.2563493857709,142
1,[],22,[],2019-02-15 00:10:27,1610.354305200341,0.00003220,0.00000000115587052,6670772,2019-02-15 00:10:27,BTC,3.00917232,0.0,0.00003220,BTC,917.9383601288407,1.322e-05,0.0019657,142
0.0,[],25,[],2019-02-15 00:10:28,0.0,0,0,6670773,2019-02-15 00:10:28,,0.0,0.0,0.0,btc,0.0,0.0,0.0,142
1,[],28,[],2019-02-15 00:10:31,77743.0,0.00004500,0.0000000016153469999999999,6670774,2019-02-15 00:10:31,btc,0.057261322,650.0,0.00004500,btc,356.4989,0.0,0.0519372,142
0,[],22,[],2019-02-15 00:10:34,0.0,0,0,6670775,2019-02-15 00:10:34,,67.4285069,0.0,0,,834770972.3,0.0,0.0,143
1,[],21,[],2019-02-15 00:10:35,37392470.09672366,0.00000028,0.000000000010051048000000001,6670776,2019-02-15 00:10:35,btc,39.877753047632794,4691009.03377511,0.00000028,btc,77425334.86112665,1.32926034,6.035634069182396,145
0,[],22,[],2019-02-15 00:10:38,0.0,0,0,6670777,2019-02-15 00:10:38,,4.24982284,0.0,0,,1814156.0,0.0,0.0,146
,[],22,[],2018-11-20 23:01:11,0.0,0,0,4862114,2018-11-20 23:01:11,,2.56807021,0.0,,,61828.4988236,0.0,0.0,147
1,[],12,[],2019-02-14 23:47:23,8679066.94037635,0.00000302999999999999978877139594768408414893201552331447601318359375,0.000000000108832752,6670387,2019-02-14 23:47:23,btc,16.584177911593994,0.0,0.00000302999999999999978877139594768408414893201552331447601318359375,btc,122519.66449333,0.0003480864,0.10872104360001421,148
1,[],4,[],2019-02-15 00:10:40,269607.50039002,0.00000030,0.00000000001076898,6670778,2019-02-15 00:10:40,btc,0.7785159823072849,0.0,0.00000030,btc,591310.33703653,0.00161398,0.0635157791167278,152
0,[],22,[],2019-02-15 00:10:43,0.0,0,0,6670779,2019-02-15 00:10:43,,0.0,0.0,0,,0.0,0.0,0.0,152
1,[],5,[],2019-02-15 00:10:44,0.0,0,0,6670780,2019-02-15 00:10:44,btc,10.61570492,0.0,0,btc,0.00092785,0.0,0.0,153
,[],16,[],2019-01-11 15:38:59,0.0,0,0,6366141,2019-01-11 15:38:59,btc,0.0,0.0,,btc,0.0,0.0,0.0,155
0,[],23,[],2019-01-20 23:24:29,0.0,0,0,6476932,2019-01-20 23:24:29,,0.0,0.0,0,,0.0,0.0,0.0,156
0,[],22,[],2019-02-15 00:10:55,0.0,0,0,6670781,2019-02-15 00:10:55,,6.74608761,0.0,0,,4644402.242592593,0.0,0.0,156
1,[],22,[],2019-02-15 00:10:58,7063.8,0.00005300,0.0000000019025198,6670782,2019-02-15 00:10:58,BTC,43.78801181,0.0,0.00005300,BTC,1067.5805334758436,0.0,0.00104326,157
0,[],22,[],2019-02-15 00:11:04,0.0,0,0,6670783,2019-02-15 00:11:04,,50175.67558609,0.0,0,,54029136.04179466,0.0,0.0,158
,[],17,[],2018-11-20 22:56:10,0.0,0,0,4861976,2018-11-20 22:56:10,btc,1.1265625,0.0,,btc,1000.0,0.0,0.0,159
,[],20,[],2018-11-20 22:56:12,0.0,0,0,4861977,2018-11-20 22:56:12,btc,11912.7940471,0.0,,btc,34413894.3617,0.0,0.0,159
1,[],17,[],2019-02-14 22:55:11,29784.95,0.000001,0.000000000035919099999999995,6670199,2019-02-14 22:55:11,btc,0.03026736251542,0.0,0.000001,btc,144.46171372,0.0,0.00716147,168
1,[],12,[],2019-02-15 00:11:05,178908.34402844,0.00000770000000000000081623076353398715809817076660692691802978515625,0.00000000027640382,6670784,2019-02-15 00:11:05,btc,6.661942562252336,0.0,0.00000770000000000000081623076353398715809817076660692691802978515625,btc,14831.956970340001,0.0030636876564686,0.0839358051999984,168
0,[],22,[],2019-02-15 00:11:20,0.0,0,0,6670785,2019-02-15 00:11:20,,1.14776715,0.0,0,,721548.0900917595,0.0,0.0,169
1,[],22,[],2019-02-15 00:11:24,236276.0,0.00000011,0.000000000003948626,6670786,2019-02-15 00:11:24,BTC,11.32641449,0.0,0.00000011,BTC,122417.33368472014,0.00095976,0.02144036,171
1,[],22,[],2019-02-15 00:11:29,218916.0,0.00000017,0.000000000006102422,6670787,2019-02-15 00:11:29,BTC,2.65094263,0.0,0.00000017,BTC,248846.574080494,0.0,0.01634888,173
1,[],5,[],2019-02-15 00:11:31,2.526e-05,0.00000190,0.00000000006820354,6670788,2019-02-15 00:11:31,btc,0.25883907,0.00224332,0.00000190,btc,0.0002566,0.0,0.24041222,175
1,[],22,[],2019-02-15 00:11:34,37015.0,0.00000042,0.000000000015076572,6670789,2019-02-15 00:11:34,BTC,0.53291232,0.0,0.00000042,BTC,140958.47031396697,0.02654293,0.00995175,176
1,[],7,[],2019-02-15 00:11:36,0.0,0,0,6670790,2019-02-15 00:11:36,btc,410973.9169089935,0.0,0,btc,115465110.28145695,0.0,0.0,178
0,[],22,[],2019-02-15 00:11:40,0.0,0,0,6670791,2019-02-15 00:11:40,,1.00242428,0.0,0,,57512.0,0.0,0.0,178
0,[],2,[],2019-01-20 23:28:34,0.0,0,0,6477001,2019-01-20 23:28:34,,0.0,0.0,0,,0.0,0.0,0.0,178
0,[],23,[],2019-01-20 23:25:08,0.0,0,0,6476952,2019-01-20 23:25:08,,0.0,0.0,0,,0.0,0.0,0.0,179
1,[],5,[],2019-02-15 00:12:03,6e-08,0.00000003,0.000000000001076898,6670792,2019-02-15 00:12:03,btc,30.20179185,0.48827661,0.00000003,btc,2.285e-05,0.0,0.74918741,179
1,[],22,[],2019-02-15 00:12:08,8148785.0,0.00000002,0.000000000000717932,6670793,2019-02-15 00:12:08,BTC,5.48629708,0.0,0.00000002,"BTC,LTC",17843614.676989965,0.00073976,0.39023554,179
1,[],17,[],2019-02-14 23:57:26,10504.725,0.0000001,0.0000000000035914,6670598,2019-02-14 23:57:26,btc,5.201913593534363,0.0,0.0000001,btc,5466.1328087,0.0,0.0010504725,180
1,[],22,[],2019-02-15 00:12:24,129206.04571428572,0.00000175,0.00000000006281905,6670794,2019-02-15 00:12:24,BTC,0.11453991,0.0,0.00000175,"BTC,LTC",17838.93196841273,0.00017387,0.00160657,180
1,[],26,[],2019-02-15 00:12:24,0.0,0.00000300,0.00000000010768979999999999,6670795,2019-02-15 00:12:24,btc,0.0,766.00139996,0.00000300,btc,0.0,0.0,0.0,180
,[],7,[],2018-11-20 22:58:01,562227.975654,0.00000085,0.000000000036176765,4862015,2018-11-20 22:58:01,btc,21836.6059674,2491.87645172,,btc,749999.041456,0.00211021,0.127565380455,183
,[],5,[],2019-01-10 08:11:41,0.0,0,0,6347036,2019-01-10 08:11:41,btc,82.15055501,0.00261,,btc,1.19002445,0.0,0.0,187
,[],17,[],2018-11-16 20:58:10,4062536.27273,0.00000001,0.000000000000550501,4708775,2018-11-16 20:58:10,btc,3.36492563466,0.195460381006,,"btc,eth",110697919.549,0.0,0.0157628953496,187
1,[],24,[],2019-02-15 00:12:24,0.0,0.000000000001,3.58966e-17,6670796,2019-02-15 00:12:24,btc,0.0,0.0,0.000000000001,btc,0.0,0.0,0.0,187
0,[],22,[],2019-02-15 00:12:27,0.0,0,0,6670797,2019-02-15 00:12:27,,1.19377283,0.0,0,,16434.10286773884,0.0,0.0,191
0,[],22,[],2019-02-15 00:12:32,0.0,0,0,6670798,2019-02-15 00:12:32,,0.0,0.0,0,,0.0,0.0,0.0,197
0,[],23,[],2019-01-20 23:31:41,0.0,0,0,6477079,2019-01-20 23:31:41,,0.0,0.0,0,,0.0,0.0,0.0,199
0,[],22,[],2019-02-15 00:12:34,0.0,0,0,6670799,2019-02-15 00:12:34,,5.15195517,0.0,0,,19804684.0,0.0,0.0,199
1,[],26,[],2019-02-15 00:12:35,0.0,0.00000000,0,6670800,2019-02-15 00:12:35,btc,0.0,762734.0,0.00000000,btc,0.0,0.0,0.0,199
0,[],17,[],2019-01-30 16:32:01,0.0,0,0,6540827,2019-01-30 16:32:01,btc,6.802544163788159,0.0,0,btc,105897.55575295,0.0,0.0,200
0,[],2,[],2019-01-20 23:30:49,0.0,0,0,6477059,2019-01-20 23:30:49,,0.0,0.0,0,,0.0,0.0,0.0,201
1,[],4,[],2019-01-25 15:51:35,2084389.58565343,0.00000936,0.000000000333526752,6499557,2019-01-25 15:51:35,btc,2.0092503037378524,0.0,0.00000936,btc,160195.80207885,0.19272417,1.242687955921835,211
1,[],7,[],2019-02-15 00:12:38,5608419.88437111,0.000001359999999999999896105784720490294859018831630237400531768798828125,0.000000000048819375999999994,6670801,2019-02-15 00:12:38,btc,15450814.351216514,248829.811751,0.000001359999999999999896105784720490294859018831630237400531768798828125,btc,11078834.28839008,0.32005746,3.9377571684732335,212
1,[],5,[],2019-02-14 23:58:06,3.35e-06,0.00000033,0.000000000011851620000000001,6670607,2019-02-14 23:58:06,btc,1.00749225,0.18296369,0.00000033,btc,3.063e-05,0.0,0.13374766,213
1,[],24,[],2019-02-14 23:58:06,0.0,0.000000050000,0.0000000000017957000000000001,6670608,2019-02-14 23:58:06,btc,0.0,0.0,0.000000050000,btc,0.0,0.0,0.0,213
1,[],26,[],2019-02-14 23:58:06,0.0,0.00000009,0.0000000000032322600000000002,6670609,2019-02-14 23:58:06,btc,0.0,0.0,0.00000009,btc,0.0,0.0,0.0,213
1,[],12,[],2019-01-25 02:44:32,207462.42853209,0.000001080000000000000035831255497387193287295303889550268650054931640625,0.000000000038610756000000006,6493050,2019-01-25 02:44:32,btc,85023.03793723314,0.0,0.000001080000000000000035831255497387193287295303889550268650054931640625,btc,43675.73520027,0.000146250909087,0.0348620860622024,213
1,[],22,[],2019-02-15 00:12:42,84099.0,0.00000002,0.000000000000717932,6670802,2019-02-15 00:12:42,BTC,2.19180044,0.0,0.00000002,BTC,147809.63137942314,0.00073976,0.00086798,216
1,[],27,[],2019-02-15 00:12:44,5203657.5615,0.00000004,0.000000000001435864,6670803,2019-02-15 00:12:44,btc,257.4737088006,3940.334,0.00000004,"btc,ltc",272841.575,0.00015761,0.05469726246,216
1,[],22,[],2019-02-15 00:12:49,239697.07925832886,0.00000208,0.00000000007466492799999999,6670804,2019-02-15 00:12:49,BTC,12677.07394544,0.0,0.00000208,BTC,430542.2281818062,0.01539808,0.28949723,217
1,[],7,[],2019-02-15 00:12:51,0.0,0,0,6670805,2019-02-15 00:12:51,btc,77970.05589791511,0.0,0,btc,137100858.32140028,0.0,0.0,219
0,[],27,[],2019-02-15 00:14:52,0.0,0,0,6670806,2019-02-15 00:14:52,,0.0,0.0,0,,0.0,0.0,0.0,219
0.0000000000000053,[],28,[],2019-02-15 00:14:54,169952566.853,6.915705e-18,2.48250296103e-22,6670807,2019-02-15 00:14:54,doge,88712.3748390675,14530.0,0.00130485,"btc,doge",4987338.69631,0.0,1.614555083715278e-11,219
1,[],22,[],2019-02-14 23:58:30,376103.6,0.00000021,0.000000000007541940000000001,6670616,2019-02-14 23:58:30,BTC,3.07079346,0.0,0.00000021,BTC,110214.97041875875,0.0005156,0.04718856,221
1,[],24,[],2019-02-14 23:58:31,0.0,0.000000210000,0.000000000007541940000000001,6670617,2019-02-14 23:58:31,btc,0.0,326.57505,0.000000210000,btc,0.0,0.00032373,0.0,221
1,[],20,[],2019-02-15 00:14:56,51927227.288,0.000000003,0.00000000000010768979999999999,6670808,2019-02-15 00:14:56,btc,49.8567892589503,222241.8138,0.000000003,btc,10281277.1359,0.0006667254414,0.0539913140806,224
0,[],22,[],2019-02-15 00:14:59,0.0,0,0,6670809,2019-02-15 00:14:59,,0.0,0.0,0,,0.0,0.0,0.0,224
1,[],26,[],2019-02-15 00:14:59,0.0,0.00000033,0.000000000011845878,6670810,2019-02-15 00:14:59,btc,0.0,16646.5099998,0.00000033,btc,0.0,0.0,0.0,231
1,[],26,[],2019-02-15 00:14:59,0.0,0.00000005,0.00000000000179483,6670811,2019-02-15 00:14:59,btc,0.0,100.0,0.00000005,btc,0.0,0.0,0.0,234
0,[],27,[],2019-02-15 00:15:02,0.0,0,0,6670812,2019-02-15 00:15:02,,0.0113483662182,0.0,0,"btc,eth",11462.99618,0.0,0.0,234
0,[],22,[],2019-02-14 23:58:48,0.0,0,0,6670623,2019-02-14 23:58:48,,2.80242205,0.0,0,,93486896.06349206,0.0,0.0,235
1,[],4,[],2019-02-15 00:15:03,1234409.60779731,0.00000122,0.000000000043793852,6670813,2019-02-15 00:15:03,btc,0.4865896017920197,0.0,0.00000122,btc,258967.44932795,0.43230203,0.5808882457344029,236
1,[],24,[],2019-02-15 00:15:03,0.0,0.000000020010,0.000000000000718290966,6670814,2019-02-15 00:15:03,btc,0.0,0.0,0.000000020010,btc,0.0,0.0,0.0,236
1,[],20,[],2019-02-15 00:15:05,71219810.2226,0.000000076,0.0000000000027281416,6670815,2019-02-15 00:15:05,btc,14.8768886356646,21682326.9704,0.000000076,btc,25506817.8121,1.6029210775147,0.6956906124302,237
1,[],22,[],2019-02-15 00:15:10,136267.0,0.00000004,0.000000000001435864,6670816,2019-02-15 00:15:10,BTC,0.04209605,0.0,0.00000004,"BTC,LTC",22179.0,0.0,0.00541601,237
1,[],4,[],2019-02-15 00:15:11,4311120.10840943,0.00000033,0.000000000011845878,6670817,2019-02-15 00:15:11,btc,0.655045341716189,0.0,0.00000033,btc,1742332.83588303,0.15777244,1.300884700396109,238
1,[],5,[],2019-02-15 00:15:12,4.25e-06,0.00000033,0.000000000011845878,6670818,2019-02-15 00:15:12,btc,0.75555557,0.0064102,0.00000033,btc,2.957e-05,0.0,0.25960684,238
0,[],22,[],2019-02-15 00:15:16,0.0,0,0,6670819,2019-02-15 00:15:16,,6404.65978688,0.0,0,,370860.0639027493,0.0,0.0,249
0.00000000011529660000000001,[],22,[],2019-02-14 23:50:02,7025765.666666667,3.4588980000000003e-18,1.2423808192320002e-22,6670437,2019-02-14 23:50:02,LTC,0.53185688,0.0,0.00000003,LTC,14450581.09,0.0,0.20977599,252
1,[],28,[],2019-02-15 00:15:18,3309218.286,0.00000011,0.000000000003948626,6670820,2019-02-15 00:15:18,btc,164693.68465852007,32189.907,0.00000011,btc,982884.2751,0.0,0.1899703563,256
1,[],22,[],2019-02-15 00:15:22,1159858.5,0.00000002,0.000000000000717932,6670821,2019-02-15 00:15:22,BTC,30.15851006,0.0,0.00000002,BTC,409844.92423192423,0.00206032,0.02205115,258
1,[],22,[],2019-01-26 20:58:41,368451.0,0.00000001,0.000000000000356135,6510120,2019-01-26 20:58:41,BTC,2.642917,0.0,0.00000001,"BTC,LTC",1862.0,0.0,0.02488451,259
1,[],22,[],2019-02-15 00:15:27,9832.824734726793,0.00001511,0.000000000542397626,6670822,2019-02-15 00:15:27,BTC,1292.9993382,0.0,0.00001511,"BTC,LTC",4912.257881508058,0.03686724,0.00724666,262
1,[],5,[],2019-02-15 00:15:30,9.49e-06,0.00000198,0.000000000071075268,6670823,2019-02-15 00:15:30,btc,0.83164706,0.12883064,0.00000198,btc,0.00031214,0.0,0.14448964,264
1,[],20,[],2019-02-15 00:15:32,1165498.7474,0.000001801,0.0000000000646497766,6670824,2019-02-15 00:15:32,btc,4.969128226581,58467.989,0.000001801,btc,99076.1742,0.179276377104,0.0176428412769,264
1,[],22,[],2019-02-15 00:15:36,95356.5,0.00000002,0.000000000000717932,6670825,2019-02-15 00:15:36,BTC,8.3934754,0.0,0.00000002,BTC,377286.0417119935,0.0,0.0014095,271
0,[],22,[],2019-02-15 00:15:38,0.0,0,0,6670826,2019-02-15 00:15:38,,385.44178703,0.0,0,,15173097515.9,0.0,0.0,272
0.0000000000000053,[],28,[],2019-02-15 00:15:41,183442197117.206,3.71e-21,1.33176386e-25,6670827,2019-02-15 00:15:41,doge,440782501.31437373,18607949705.995,0.0000007,doge,238503712394.8661,0.0,4.516369299838656e-10,272
1,[],22,[],2019-02-15 00:15:46,13485.5,0.00002000,0.0000000007179319999999999,6670828,2019-02-15 00:15:46,BTC,74.09108527,0.0,0.00002000,"BTC,LTC",1486.4875854920265,0.06181519,0.05146133,281
