pairValue,buyBook,exchangeId,sellBook,updated,buyTotal,satoshiPrice,usdPrice,exchangeLogId,created,bestPair,sellTotalBtc,volume,pairPrice,activePairs,sellTotal,volumeBtc,buyTotalBtc,coinId
1,[],3,[],2019-02-13 16:02:02,137.273334615321,0.01365949999999999976696418713117964216507971286773681640625,0.00000049144285695,6654978,2019-02-13 16:02:02,btc,106.98893410623921,0.21127235,0.01365949999999999976696418713117964216507971286773681640625,btc,15.411780997951,0.0,0.38793026540313413,1
1,[],4,[],2019-02-13 16:02:03,91.58363786,0.01357906,0.000000488548778586,6654979,2019-02-13 16:02:03,btc,0.7596481750206062,0.0,0.01357906,btc,52.16830249,0.78860289,1.10574643629224,1
1,[],5,[],2019-02-13 16:02:06,0.33862739,0.01337001,0.000000481027556781,6654980,2019-02-13 16:02:06,btc,14578.65648336,0.03794108,0.01337001,btc,35555556.1784615,0.0,3.16179966,1
1,[],10,[],2019-02-13 16:02:09,414224.45809804,0.0120303,0.00000043282733643000005,6654981,2019-02-13 16:02:09,btc,6533.067469015463,1836.75403372,0.0120303,btc,1018.85702493,0.0,4.758748981291148,1
1,[],12,[],2019-02-13 16:02:15,10437.73273723,0.01365000000000000067446048745978259830735623836517333984375,0.000000491101065,6654982,2019-02-13 16:02:15,btc,0.3845371123648,0.0,0.01365000000000000067446048745978259830735623836517333984375,btc,21.38534247,3.7308613160403,0.391814578316,1
1,[],20,[],2019-02-13 16:02:17,1151.8471,0.010500104,0.0000003777737917224,6654983,2019-02-13 16:02:17,btc,0.0573537536243,0.0,0.010500104,btc,2.5253,0.0,0.0973184857115,1
1,[],21,[],2019-02-13 16:02:18,2487.34814774,0.01380785999999999992537969007,0.000000496780567866,6654984,2019-02-13 16:02:18,btc,24.743539413032025,3815.73126064,0.01380785999999999992537969006889397860504686832427978515625,"btc,eth",2294.58317545,49.0752632267289,22.603242218573303,1
1,[],22,[],2019-02-13 16:02:22,0.0280576,0.01350000,0.00000048570435,6654985,2019-02-13 16:02:22,BTC,0.3139634,0.0,0.01350000,BTC,0.10070366666666666,0.0,0.00036518,1
1,[],24,[],2019-02-13 16:02:23,0.0,0.000000000000,0,6654986,2019-02-13 16:02:23,btc,0.0,0.0,0.000000000000,btc,0.0,0.0,0.0,1
0.0,[],25,[],2019-02-13 16:02:24,0.0,0,0,6654987,2019-02-13 16:02:24,btc,27.81999999647607,2814.12971439,0.0,btc,1972.98026467,38.2418,0.0,1
1,[],26,[],2019-02-13 16:02:34,0.0,0,0,6654988,2019-02-13 16:02:34,,0.0,0.0,0,,0.0,0.0,0.0,1
1,[],28,[],2019-02-13 16:02:40,992.992,0.01250000,0.00000044972625,6654989,2019-02-13 16:02:40,btc,0.162839806,18039.8,0.01250000,btc,8.9,0.0,0.087170176,1
0,[],2,[],2019-01-20 23:28:45,0.0,0,0,6477011,2019-01-20 23:28:45,,0.0,0.0,0,,0.0,0.0,0.0,1
1,[],5,[],2019-02-13 15:22:36,1.092e-05,0.00000057,0.000000000020552319,6654799,2019-02-13 15:22:36,btc,0.14371134,0.00244761,0.00000057,btc,5.556e-05,0.0,0.23676809,2
0,[],22,[],2019-02-13 15:22:39,0.0,0,0,6654800,2019-02-13 15:22:39,,0.0,0.0,0,,0.0,0.0,0.0,2
1,[],5,[],2019-02-13 15:22:41,1.29e-06,0.00000017,0.000000000006129639,6654801,2019-02-13 15:22:41,btc,4.31800948,0.35901412,0.00000017,btc,2.278e-05,0.0,3.52041422,3
1,[],12,[],2019-02-13 15:22:44,12081762.67871119,0.000000172,0.0000000000062017524000000005,6654802,2019-02-13 15:22:44,btc,924192.9905810503,0.0,0.000000172,btc,8416461.91426369,0.07587422118092162,0.48886350305429,3
0,[],28,[],2019-02-13 15:22:45,0.0,0,0,6654803,2019-02-13 15:22:45,,0.0,0.0,0,,0.0,0.0,0.0,3
0,[],2,[],2019-01-20 23:31:32,0.0,0,0,6477077,2019-01-20 23:31:32,,0.0,0.0,0,,0.0,0.0,0.0,4
1,[],4,[],2019-02-13 15:22:46,369014.76211527,0.00000033,0.000000000011898711000000001,6654804,2019-02-13 15:22:46,btc,0.3422135821870764,0.0,0.00000033,btc,323903.63275106,0.0,0.0446654067140441,4
1,[],12,[],2019-02-13 15:22:47,1377838.5219999999,0.00000004,0.0000000000014422680000000001,6654805,2019-02-13 15:22:47,btc,11113878.379887104,0.0,0.00000004,btc,1064298.4126309599,0.0015548657242748,0.02282868044,5
0,[],2,[],2019-01-20 23:31:51,0.0,0,0,6477087,2019-01-20 23:31:51,,0.0,0.0,0,,0.0,0.0,0.0,6
1,[],11,[],2019-02-13 15:22:49,4852550.0,0.00000002,0.0000000000007211340000000001,6654806,2019-02-13 15:22:49,btc,9433.355250227747,288000.0,0.00000002,btc,40881390.32265751,0.0,0.068360695,6
1,[],3,[],2019-02-13 15:22:50,1074.273146428111,0.00014521000000000000053346216333238771767355501651763916015625,0.000000005235793407,6654807,2019-02-13 15:22:50,btc,28.399990609446498,0.0,0.00014521000000000000053346216333238771767355501651763916015625,btc,235.145665820227,0.0,0.031531977816658056,7
1,[],4,[],2019-02-13 15:22:51,13783.43920097,0.00020035,0.000000007223959845,6654808,2019-02-13 15:22:51,btc,2.241387163659161,0.0,0.00020035,btc,9917.56207118,7.31021672,2.45108433825914,7
1,[],5,[],2019-02-13 15:22:52,0.00583426,0.00019601,0.000000007067473767,6654809,2019-02-13 15:22:52,btc,1.90623818,0.47361443,0.00019601,btc,0.0125531,0.0,1.65647254,7
1,[],20,[],2019-02-13 15:22:54,44226494.8418,0.000000001,0.0000000000000360567,6654810,2019-02-13 15:22:54,btc,116.5824581611263,14554640.7279,0.000000001,btc,28715325.8892,0.0145546407279,0.0442264948418,8
0,[],2,[],2019-01-20 23:22:42,0.0,0,0,6476876,2019-01-20 23:22:42,,0.0,0.0,0,,0.0,0.0,0.0,9
0,[],23,[],2019-01-20 23:22:48,0.0,0,0,6476878,2019-01-20 23:22:48,,0.0,0.0,0,,0.0,0.0,0.0,9
1,[],1,[],2019-02-13 15:22:55,2645682.8699999996,0.00000181999999999999993881738720447049928452543099410831928253173828125,0.000000000065623194,6654811,2019-02-13 15:22:55,btc,1.1595955659000001,28153429.59,0.00000181999999999999993881738720447049928452543099410831928253173828125,btc,623504.23,52.03931469,4.7583090626999995,9
1,[],4,[],2019-02-13 15:22:55,423952.09516465,0.00000181,0.000000000065262627,6654812,2019-02-13 15:22:55,btc,0.6674218483744473,0.0,0.00000181,btc,345216.75950285,1.70949351,0.7239684106098015,9
1,[],28,[],2019-02-13 15:22:57,44885.0,0.00000167,0.000000000060214689,6654813,2019-02-13 15:22:57,btc,2708.76119522,3606113.157,0.00000167,btc,11732.68,0.0,0.04579495,9
1,[],4,[],2019-02-10 09:54:02,5828483.02026053,0.00000002,0.000000000000726692,6623074,2019-02-10 09:54:02,btc,0.2014004865591215,0.0,0.00000002,btc,4198675.28035349,0.00021932,0.0653957035452106,10
0,[],2,[],2019-01-20 23:23:08,0.0,0,0,6476890,2019-01-20 23:23:08,,0.0,0.0,0,,0.0,0.0,0.0,12
1,[],4,[],2019-02-13 15:22:58,1948297.26978428,0.00000143,0.000000000051561081000000004,6654814,2019-02-13 15:22:58,btc,1.4953082223163578,0.0,0.00000143,btc,991696.26020121,4.0212357,1.637306318182852,12
1,[],5,[],2019-02-13 15:23:00,1.788e-05,0.00000137,0.000000000049397679,6654815,2019-02-13 15:23:00,btc,0.42744484,0.11779167,0.00000137,btc,0.00010596,0.0,0.16982649,12
0.0,[],25,[],2019-02-13 15:23:01,0.0,0,0,6654816,2019-02-13 15:23:01,,0.0,0.0,0.0,btc,0.0,0.0,0.0,12
1,[],4,[],2019-02-13 15:23:02,1314965.71421072,0.00000613,0.000000000221027571,6654817,2019-02-13 15:23:02,btc,0.3836059128947001,0.0,0.00000613,btc,57297.82762706,0.27254709,1.369268204858031,13
1,[],21,[],2019-02-13 15:23:05,588934.7834503601,0.000006199999999999999931196530134,0.00000000022355154,6654818,2019-02-13 15:23:05,btc,5.780278823864887,334138.55823219,0.000006199999999999999931196530134069888617887045256793498992919921875,btc,820541.60987289,2.08760375,3.324070183567541,13
1,[],10,[],2019-02-13 15:13:40,444063.20905186,0.00000585,0.000000000210602925,6654617,2019-02-13 15:13:40,btc,666806.4679220492,12439.1076164,0.00000585,btc,750090.67376137,0.0,0.3615067099867945,13
1,[],4,[],2019-02-13 15:23:06,997279.5030304,0.00000135,0.000000000048676545,6654819,2019-02-13 15:23:06,btc,0.1126584328197388,0.0,0.00000135,btc,63200.11245542,0.00489215,0.4237575181992564,14
1,[],12,[],2019-02-13 15:23:07,87691.2231405,0.000001219999999999999965968520108938744073157067759893834590911865234375,0.000000000043989174,6654820,2019-02-13 15:23:07,btc,2.7741059530432595,0.0,0.000001219999999999999965968520108938744073157067759893834590911865234375,btc,29589.33636749,0.0,0.009208740000005,14
0,[],17,[],2019-02-13 15:23:09,0.0,0,0,6654821,2019-02-13 15:23:09,btc,0.0,0.0,0,btc,0.0,0.0,0.0,14
1,[],26,[],2019-02-13 15:23:09,0.0,0.00000050,0.000000000018028350000000002,6654822,2019-02-13 15:23:09,btc,0.0,0.0,0.00000050,btc,0.0,0.0,0.0,14
0,[],4,[],2019-02-13 15:23:09,0.0,0,0,6654823,2019-02-13 15:23:09,,0.0,0.0,0,,0.0,0.0,0.0,15
,[],12,[],2018-12-01 15:15:48,204241.84496,0.00000489,0.000000000202473384,5260204,2018-12-01 15:15:48,btc,49.5475654835,0.0,,btc,35763.2193806,0.0163153972027625,0.0203389899998,15
1,[],4,[],2019-02-13 15:23:11,27879.03424906,0.00001828,0.0000000006591164760000001,6654824,2019-02-13 15:23:11,btc,2.194090129344021,0.0,0.00001828,btc,6463.42394832,0.26818922,0.1174455216299617,18
1,[],10,[],2019-02-13 15:23:12,789643.6010888,0.00001754,0.000000000632434518,6654825,2019-02-13 15:23:12,btc,15.543903629988362,438.68653913,0.00001754,btc,10882.63792481,0.0,0.2950617449221179,18
1,[],12,[],2019-02-13 15:23:14,204562.39228052,0.0000179000000000000014134526882259024205268360674381256103515625,0.0000000006454149300000001,6654826,2019-02-13 15:23:14,btc,22.612885848099257,0.0,0.0000179000000000000014134526882259024205268360674381256103515625,btc,1865.95517713,0.000723641288,0.0385655107809038,18
0,[],2,[],2019-01-20 23:23:38,0.0,0,0,6476906,2019-01-20 23:23:38,,0.0,0.0,0,,0.0,0.0,0.0,18
0,[],17,[],2019-02-13 15:23:15,0.0,0,0,6654827,2019-02-13 15:23:15,btc,0.0,0.0,0,btc,0.0,0.0,0.0,18
1,[],3,[],2019-02-13 15:23:16,129649.60007673103,0.0000250099999999999994082337806400317958832602016627788543701171875,0.000000000901778067,6654828,2019-02-13 15:23:16,btc,0.5028570610993872,0.057352941176,0.0000250099999999999994082337806400317958832602016627788543701171875,btc,5208.732147171352,0.0,0.09980304493181615,19
1,[],4,[],2019-02-13 15:23:17,212784.19825494,0.00002865,0.0000000010330244550000001,6654829,2019-02-13 15:23:17,btc,0.34103087642463,0.0,0.00002865,btc,10983.59241819,0.42139178,2.1802809451145913,19
1,[],5,[],2019-02-13 15:23:18,0.00014393,0.00001742,0.000000000628107714,6654830,2019-02-13 15:23:18,btc,0.27283241,0.01476586,0.00001742,btc,0.00307958,0.0,0.06054345,19
1,[],12,[],2019-02-13 15:23:19,134798.34890966,0.0000224700000000000000102175212735033937860862351953983306884765625,0.0000000008101940490000001,6654831,2019-02-13 15:23:19,btc,0.030510769655894002,0.0,0.0000224700000000000000102175212735033937860862351953983306884765625,btc,318.23121755,0.000826023976131,0.0322032500000602,19
0,[],27,[],2019-02-13 15:23:20,0.0,0,0,6654832,2019-02-13 15:23:20,,0.0,0.0,0,btc,0.0,0.0,0.0,19
0,[],2,[],2019-01-20 23:24:19,0.0,0,0,6476924,2019-01-20 23:24:19,,0.0,0.0,0,,0.0,0.0,0.0,19
1,[],4,[],2019-02-13 16:02:42,8114186.09293738,0.00000014,0.000000000005036934,6654990,2019-02-13 16:02:42,btc,0.7707827932436357,0.0,0.00000014,btc,1592783.19386541,0.0,0.2644718132083657,20
1,[],4,[],2019-02-13 15:23:24,113878735.57123545,0.00000002,0.0000000000007211340000000001,6654834,2019-02-13 15:23:24,btc,0.6120240603113652,0.0,0.00000002,btc,17187247.5223107,0.00744387,1.3154151553053495,21
1,[],12,[],2019-02-13 15:23:25,17644700.0,0.00000002,0.0000000000007211340000000001,6654835,2019-02-13 15:23:25,btc,669.7027676690421,0.0,0.00000002,btc,8844608.84715552,0.0010799400599397,0.22593428000000002,21
0,[],17,[],2019-02-13 15:23:26,0.0,0,0,6654836,2019-02-13 15:23:26,btc,0.0,0.0,0,btc,0.0,0.0,0.0,21
1,[],12,[],2019-02-13 15:23:28,2965809467.043896,0.0000000002,0.00000000000000721134,6654837,2019-02-13 15:23:28,btc,825864718762.1829,0.0,0.0000000002,btc,4332537946.071132,0.02323469932947053,0.3449569633555898,23
0,[],27,[],2019-02-13 15:23:30,0.0,0,0,6654838,2019-02-13 15:23:30,,0.7240921565934114,0.0,0,eth,727098.85514486,0.0,0.0,23
1,[],4,[],2019-02-13 15:23:30,383730.58525944,0.00000068,0.000000000024518556,6654839,2019-02-13 15:23:30,btc,0.1801261957625814,0.0,0.00000068,btc,172271.34157467,0.0001024,0.1943076078659579,24
1,[],22,[],2019-02-13 15:23:34,11.76,0.00000100,0.000000000036056700000000004,6654840,2019-02-13 15:23:34,BTC,7.415e-05,0.0,0.00000100,BTC,23.919354838709676,0.0,1.176e-05,24
0.0,[],25,[],2019-02-13 15:23:35,0.0,0,0,6654841,2019-02-13 15:23:35,,0.0,0.0,0.0,btc,0.0,0.0,0.0,24
1,[],4,[],2019-02-13 15:23:36,29732207.32227281,0.00000651,0.000000000234729117,6654842,2019-02-13 15:23:36,btc,0.5548036033098009,0.0,0.00000651,btc,42862.75822592,0.31281344,0.4526049540385315,26
1,[],10,[],2019-02-13 15:23:38,734632.76484546,0.000005,0.00000000018028350000000003,6654843,2019-02-13 15:23:38,btc,25.935043776364235,5293.58062127,0.000005,btc,15724.17466294,0.0,0.2059701656209105,26
0,[],2,[],2019-01-20 23:25:56,0.0,0,0,6476976,2019-01-20 23:25:56,,0.0,0.0,0,,0.0,0.0,0.0,26
1,[],3,[],2019-02-13 15:23:39,4399338.98586802,0.00000001,0.00000000000036056700000000003,6654844,2019-02-13 15:23:39,btc,2.458159906730297,1500533.01413,0.00000001,btc,16224062.7786409,0.0,0.043993389858680204,27
1,[],5,[],2019-02-13 15:23:41,1e-08,0.00000001,0.00000000000036056700000000003,6654845,2019-02-13 15:23:41,btc,1.59852033,0.0,0.00000001,btc,4.345e-05,0.0,0.1193779,27
1,[],11,[],2019-02-13 15:23:43,10063976.7912115,0.00000005,0.000000000001802835,6654846,2019-02-13 15:23:43,btc,370.6330924447541,20.0,0.00000005,btc,8170857.7193934005,0.0,0.4660996184459823,27
1,[],4,[],2019-02-13 15:23:43,539264596.14401,0.00000002,0.0000000000007211340000000001,6654847,2019-02-13 15:23:43,btc,0.3826418167328434,0.0,0.00000002,"btc,ltc",23838382.93066273,0.07419028,8.868279536262152,29
1,[],7,[],2019-02-13 15:23:44,29046359.920641497,0.00000002,0.0000000000007211340000000001,6654848,2019-02-13 15:23:44,btc,44465225.09601177,12618.2921512,0.00000002,btc,52378989.42593035,0.00032758,0.4261022619765923,29
1,[],4,[],2019-02-13 16:02:43,1520562.29488398,0.00000028,0.000000000010073868,6654991,2019-02-13 16:02:43,btc,0.1707638719568624,0.0,0.00000028,btc,370632.45400042,0.00677864,0.1178334860588402,30
0,[],17,[],2019-02-13 16:02:46,0.0,0,0,6654992,2019-02-13 16:02:46,btc,0.0,0.0,0,btc,0.0,0.0,0.0,30
1,[],4,[],2019-02-13 15:23:48,1142234.39443035,0.00007002,0.000000002524690134,6654851,2019-02-13 15:23:48,btc,0.6915687788790355,0.0,0.00007002,btc,8501.47428834,1.98585046,3.113473119274258,31
1,[],21,[],2019-02-13 15:23:48,75076.68777624,0.00006954999999999999648215426307,0.000000002507743485,6654852,2019-02-13 15:23:48,btc,6.03966385408871,253915.03225332,0.000069549999999999996482154263066632893242058344185352325439453125,btc,78647.74496822,18.12745458,4.9660935634790295,31
0,[],2,[],2019-01-20 23:28:43,0.0,0,0,6477009,2019-01-20 23:28:43,,0.0,0.0,0,,0.0,0.0,0.0,32
1,[],4,[],2019-02-13 16:02:47,140893678.90621284,0.00000004,0.000000000001439124,6654993,2019-02-13 16:02:47,btc,2.2105714226096698,0.0,0.00000004,"btc,ltc",46454719.3352247,0.70521465,2.357544404061021,33
1,[],12,[],2019-02-13 16:02:48,12119306.991,0.00000005,0.000000000001798905,6654994,2019-02-13 16:02:48,btc,34508869.30511772,0.0,0.00000005,btc,89096076.00299683,0.0051707776950058,0.37024959955,33
1,[],4,[],2019-02-13 16:02:49,138910935.881503,0.00000001,0.000000000000359781,6654995,2019-02-13 16:02:49,btc,1.1149567704779262,0.0,0.00000001,btc,44355494.52899628,0.16459591,1.3891093588150298,34
1,[],5,[],2019-02-13 16:02:51,1e-08,0.00000001,0.000000000000359781,6654996,2019-02-13 16:02:51,btc,5.08401177,0.17776622,0.00000001,btc,1.343e-05,0.0,0.85369072,34
0.000000000114083,[],4,[],2019-02-13 16:02:51,920427559.4727,2.28166e-18,8.2089791646e-23,6654997,2019-02-13 16:02:51,ltc,1.0951437460814192e-08,0.0,0.00000002,ltc,2278955555.764728,0.0,1.4730316779768395e-09,36
1,[],5,[],2019-02-13 16:02:52,0.0,0,0,6654998,2019-02-13 16:02:52,btc,197.5393601,0.0,0,btc,1.325e-05,0.0,0.0,36
0,[],17,[],2019-02-13 16:02:54,0.0,0,0,6654999,2019-02-13 16:02:54,btc,0.14155809872040312,0.0,0,btc,10796613.27743647,0.0,0.0,36
0,[],27,[],2019-02-13 16:02:56,0.0,0,0,6655000,2019-02-13 16:02:56,,240.2503276744,0.0,0,"ltc,eth",3711879.06,0.0,0.0,36
1,[],4,[],2019-02-13 15:23:58,262865.69199061,0.00000124,0.000000000044710308000000003,6654861,2019-02-13 15:23:58,btc,0.4671153667631887,0.0,0.00000124,btc,283251.13293418,0.01415693,0.144968223821474,37
1,[],12,[],2019-02-13 15:24:00,504292.65523058,0.000001269999999999999910766366496839285815667608403600752353668212890625,0.000000000045792009,6654862,2019-02-13 15:24:00,btc,1364.2371787857371,0.0,0.000001269999999999999910766366496839285815667608403600752353668212890625,btc,737134.36654111,0.0692618690130819,0.30387382776860317,37
1,[],17,[],2019-02-13 15:24:02,1752.74075282,0.00000025,0.000000000009014175,6654863,2019-02-13 15:24:02,btc,0.055484923981305494,0.0,0.00000025,btc,1387.19918473,0.0,0.00043818518820499993,37
1,[],27,[],2019-02-13 15:24:04,16052.0,0.00000052,0.000000000018749484,6654864,2019-02-13 15:24:04,btc,26.73595537911233,0.0,0.00000052,btc,6579.81438508,0.0,0.00550422,37
1,[],5,[],2019-02-13 16:02:59,1.48e-05,0.00000098,0.000000000035258538,6655001,2019-02-13 16:02:59,btc,0.09803984,0.08868663,0.00000098,btc,0.0001076,0.0,0.04380075,42
1,[],12,[],2019-02-13 16:03:01,125549.89075177,0.00000089,0.000000000032020509,6655002,2019-02-13 16:03:01,btc,92.9262639650922,0.0,0.00000089,btc,101376.11384713001,0.0150429065734294,0.0438042200000052,42
0,[],27,[],2019-02-13 16:03:03,0.0,0,0,6655003,2019-02-13 16:03:03,,0.00315028,0.0,0,"btc,eth",11.007,0.0,0.0,42
1,[],5,[],2019-02-13 16:03:05,3e-08,0.00000002,0.000000000000719562,6655004,2019-02-13 16:03:05,btc,6.19128493,0.0106922,0.00000002,btc,1.425e-05,0.0,0.61326268,43
1,[],12,[],2019-02-13 16:03:06,3866366.0,0.00000001,0.00000000000035978100000000003,6655005,2019-02-13 16:03:06,btc,20007457.492720265,0.0,0.00000001,btc,38976014.21018979,1.5984016e-07,0.03866366,43
0,[],17,[],2019-02-13 16:03:08,0.0,0,0,6655006,2019-02-13 16:03:08,btc,0.0,0.0,0,btc,0.0,0.0,0.0,43
1,[],12,[],2019-02-13 16:03:10,742468.0,0.00000005,0.000000000001798905,6655007,2019-02-13 16:03:10,btc,11115166.868410323,0.0,0.00000005,btc,1031673.70229769,0.0003356096903098,0.0203802,44
1,[],4,[],2019-02-13 16:03:10,225275542.00856274,0.00000002,0.000000000000719562,6655008,2019-02-13 16:03:10,btc,0.18369271433880155,0.0,0.00000002,"btc,ltc",4535093.98561652,0.00035111,0.42792367503367157,49
0.000000000114083,[],4,[],2019-02-13 16:03:11,1908699313.7717342,1.14083e-18,4.1044895823e-23,6655009,2019-02-13 16:03:11,ltc,4.645173508645974,0.0,0.00000001,ltc,3821127129.9474792,0.0,2.1775014381302076e-09,52
0,[],22,[],2019-02-13 05:54:27,0.0,0,0,6650710,2019-02-13 05:54:27,,8109.06443955,0.0,0,,266275513.67882353,0.0,0.0,57
0,[],27,[],2019-02-13 05:54:30,0.0,0,0,6650711,2019-02-13 05:54:30,,0.0,0.0,0,"btc,eth",0.0,0.0,0.0,57
0.000000000114083,[],4,[],2019-02-13 16:03:12,1284861737.6032786,5.70415e-18,2.05224479115e-22,6655010,2019-02-13 16:03:12,ltc,3.2772090077231644,0.0,0.00000005,ltc,973076191.2925123,0.0,4.053077285750859e-09,58
1,[],12,[],2019-02-13 16:03:13,1885858782.843957,0.0000000005,0.00000000000001798905,6655011,2019-02-13 16:03:13,btc,224005491147.02408,0.0,0.0000000005,btc,3687880181.9173875,0.026169690512987002,0.6579820345011391,58
0,[],17,[],2019-02-13 16:03:16,0.0,0,0,6655012,2019-02-13 16:03:16,btc,1e+24,0.0,0,btc,41481695.95832568,0.0,0.0,58
0.0000000001368831,[],22,[],2019-02-13 16:03:19,137438.0,1.368831e-18,4.92479386011e-23,6655013,2019-02-13 16:03:19,XMR,69.8835922,0.0,0.00000001,XMR,9887963.0,0.0,0.00137438,58
1,[],5,[],2019-02-13 16:03:22,1.449e-05,0.00000084,0.000000000030221604,6655014,2019-02-13 16:03:22,btc,0.21140137,0.00411858,0.00000084,btc,8.153e-05,0.0,0.13186821,61
1,[],22,[],2019-02-13 16:03:37,5149.5,0.00000011,0.000000000003957591,6655015,2019-02-13 16:03:37,BTC,1002.29598212,0.0,0.00000011,BTC,14957.700278135757,0.0,0.00051596,61
1,[],26,[],2019-02-13 16:03:37,0.0,0.00000800,0.0000000002878248,6655016,2019-02-13 16:03:37,btc,0.0,0.0,0.00000800,btc,0.0,0.0,0.0,61
1,[],27,[],2019-02-13 16:03:40,9954.3559,0.00000059,0.000000000021227079,6655017,2019-02-13 16:03:40,btc,10.660677388947013,0.0,0.00000059,"btc,eth",15252.75055623,0.0,0.0007863899826978685,61
1,[],28,[],2019-02-13 16:03:41,19894.304,0.00000091,0.000000000032740071,6655018,2019-02-13 16:03:41,btc,2.056375543700105,792.0,0.00000091,btc,9772.52450005,0.0,0.00993521304,61
1,[],4,[],2019-02-13 16:03:42,404392.36782481,0.00000263,0.000000000094622403,6655019,2019-02-13 16:03:42,btc,1.1648049545027055,0.0,0.00000263,btc,288989.16685367,0.14567723,0.7090993780206817,67
0.0,[],25,[],2019-02-13 16:03:44,0.0,0,0,6655020,2019-02-13 16:03:44,,0.0,0.0,0.0,btc,0.0,0.0,0.0,67
1,[],12,[],2019-02-13 16:03:45,2596968.56088033,0.00000015,0.000000000005396715,6655021,2019-02-13 16:03:45,btc,11115896.139509179,0.0,0.00000015,btc,1765865.07484377,0.0138808611118314,0.0736510964411098,71
,[],5,[],2018-11-20 23:02:39,1.5e-07,0.00000005,0.000000000002128045,4862160,2018-11-20 23:02:39,btc,2.84511358,0.0,,btc,0.00036572,0.0,0.07381892,74
1,[],5,[],2019-01-25 15:53:51,3.303e-05,0.00000156,0.000000000055588884,6499610,2019-01-25 15:53:51,btc,1.42844212,0.0,0.00000156,btc,0.00015937,0.0,0.49487621,75
1,[],4,[],2019-02-13 16:03:46,32822324.95692337,0.00000001,0.000000000000359781,6655022,2019-02-13 16:03:46,btc,0.7668881456247842,0.0,0.00000001,btc,14615939.68425178,0.0,0.3282232495692337,81
0,[],20,[],2019-01-25 09:30:31,0.0,0,0,6495923,2019-01-25 09:30:31,btc,0.0,0.0,0,btc,0.0,0.0,0.0,81
1,[],4,[],2019-02-13 16:03:48,24123.91183266,0.00007597,0.000000002733256257,6655023,2019-02-13 16:03:48,btc,1.3260465784357574,0.0,0.00007597,btc,11286.94764549,0.02621691,0.1128484705004244,82
1,[],21,[],2019-02-13 16:03:48,143366.09991977,0.00007511999999999999905707370740,0.000000002702674872,6655024,2019-02-13 16:03:48,btc,3.7186173053561515,4695.16373176,0.00007511999999999999905707370739804673576145432889461517333984375,btc,43423.86501189,0.35419633,2.865039906849737,82
0,[],17,[],2019-02-07 10:02:39,0.0,0,0,6611495,2019-02-07 10:02:39,btc,0.0447233088476774,0.0,0,btc,999127.19588126,0.0,0.0,84
0.000000000114083,[],4,[],2019-02-13 16:03:50,152764698.8703472,7.98581e-18,2.87314270761e-22,6655025,2019-02-13 16:03:50,ltc,0.1956906326388059,0.0,0.00000007,ltc,99321145.95372713,0.0,6.626047262032825e-10,85
,[],22,[],2018-11-20 23:09:34,3408.1,0.0000001,0.0000000000041895,4862324,2018-11-20 23:09:34,BTC,0.04624735,0.0,,BTC,4990.0,0.0,0.00033081,86
0,[],22,[],2019-02-13 16:03:53,0.0,0,0,6655026,2019-02-13 16:03:53,,2.0760781,0.0,0,,140622.94736842104,0.0,0.0,87
0,[],27,[],2019-02-13 16:03:55,0.0,0,0,6655027,2019-02-13 16:03:55,,0.0,0.0,0,btc,0.0,0.0,0.0,87
,[],2,[],2018-11-20 23:10:47,0.0,0,0,4862359,2018-11-20 23:10:47,,0.0,0.0,,,0.0,0.0,0.0,88
1,[],11,[],2019-02-13 16:03:57,100236.97201993,0.000145009999999999995672073094254983516293577849864959716796875,0.000000005217184281,6655028,2019-02-13 16:03:57,btc,702.8153324230827,4416.94938855,0.000145009999999999995672073094254983516293577849864959716796875,btc,190493.36563646,0.0,6.998992781503152,89
0,[],2,[],2019-01-20 23:31:45,0.0,0,0,6477083,2019-01-20 23:31:45,,0.0,0.0,0,,0.0,0.0,0.0,91
1,[],12,[],2019-02-13 16:03:58,441233.62614047,0.000003009999999999999980258846843383935265592299401760101318359375,0.000000000108294081,6655029,2019-02-13 16:03:58,btc,4.133756392211905,0.0,0.000003009999999999999980258846843383935265592299401760101318359375,btc,42079.16696639,0.0031527883774244,0.0725329492192031,91
0,[],17,[],2019-02-13 16:04:00,0.0,0,0,6655030,2019-02-13 16:04:00,btc,0.0,0.0,0,btc,0.0,0.0,0.0,91
0.000000000114083,[],22,[],2019-02-13 16:04:04,23273459.4,5.70415e-18,2.05224479115e-22,6655031,2019-02-13 16:04:04,LTC,8.17576354,0.0,0.00000005,LTC,67492261.1,0.0,0.89586509,95
1,[],4,[],2019-02-13 16:04:05,134130066.88600124,0.00000001,0.000000000000359781,6655032,2019-02-13 16:04:05,btc,0.9760204761714467,0.0,0.00000001,"btc,ltc",47722791.76820188,0.01268242,0.00033548391528343956,96
1,[],12,[],2019-02-13 16:04:06,572407.0,0.00000001,0.00000000000035978100000000003,6655033,2019-02-13 16:04:06,btc,255061.99736885988,0.0,0.00000001,btc,8742799.54676297,0.00055134,0.00572407,96
0,[],17,[],2019-02-13 16:04:08,0.0,0,0,6655034,2019-02-13 16:04:08,btc,0.0,0.0,0,btc,0.0,0.0,0.0,96
1,[],4,[],2019-02-13 16:04:09,1735398.46388921,0.00000032,0.000000000011512992,6655035,2019-02-13 16:04:09,btc,0.1527439665561,0.0,0.00000032,btc,330629.48021223,0.01392121,0.2007027272462577,99
1,[],4,[],2019-02-13 16:04:11,202399.99055473,0.00004012,0.000000001443441372,6655036,2019-02-13 16:04:11,btc,0.9427550522230048,0.0,0.00004012,btc,21431.74872358,0.9919321,1.462194141754115,100
0,[],2,[],2019-01-20 23:23:55,0.0,0,0,6476914,2019-01-20 23:23:55,,0.0,0.0,0,,0.0,0.0,0.0,100
1,[],22,[],2019-02-13 16:04:15,50000.0,0.00000001,0.000000000000359781,6655037,2019-02-13 16:04:15,BTC,23.49896609,0.0,0.00000001,BTC,10277.22,0.0,0.0005,101
1,[],4,[],2019-02-13 16:04:15,197059.5062014,0.00000094,0.000000000033819414,6655038,2019-02-13 16:04:15,btc,0.400791391363597,0.0,0.00000094,btc,155114.98006655,0.01501027,0.0941818443402434,103
1,[],12,[],2019-02-13 16:04:19,52830269.4663887,0.000000016,0.0000000000005756496,6655039,2019-02-13 16:04:19,btc,137278875.35465094,0.0,0.000000016,btc,123682016.1553983,0.16048267893993667,0.3129308154622192,105
1,[],27,[],2019-02-13 16:04:21,4109342.89,0.00000001,0.000000000000359781,6655040,2019-02-13 16:04:21,btc,0.3614577513692299,0.0,0.00000001,btc,323444.42860553,0.0,0.0410934289,105
1,[],22,[],2019-02-13 16:04:25,271183.5714285714,0.00000007,0.000000000002518467,6655041,2019-02-13 16:04:25,BTC,51.12453289,0.0,0.00000007,BTC,669300.0,0.002,0.01628285,107
1,[],26,[],2019-02-13 16:04:25,0.0,0.00000000,0,6655042,2019-02-13 16:04:25,btc,0.0,0.0,0.00000000,btc,0.0,0.0,0.0,107
1,[],5,[],2019-02-13 16:04:27,1e-08,0.00000001,0.000000000000359781,6655043,2019-02-13 16:04:27,btc,2.91007562,0.00617759,0.00000001,btc,1.571e-05,0.0,0.08599723,112
1,[],22,[],2019-02-13 16:04:30,167093.0,0.00000001,0.000000000000359781,6655044,2019-02-13 16:04:30,BTC,2.81183288,0.0,0.00000001,BTC,808524.0833333334,0.0,0.00167093,112
0.0000000003372132,[],27,[],2019-02-13 16:04:32,500000.0,3.372132e-18,1.213229023092e-22,6655045,2019-02-13 16:04:32,eth,1.35132491849924,0.0,0.00000001,"btc,eth",1328.641654,0.0,1.686066e-12,112
1,[],4,[],2019-02-13 16:04:34,440447.5796934,0.00000332,0.000000000119447292,6655046,2019-02-13 16:04:34,btc,0.2461181904915673,0.0,0.00000332,btc,54536.01324397,0.06714243,0.1835953253545575,113
1,[],5,[],2019-02-13 16:04:36,1.554e-05,0.00000325,0.000000000116928825,6655047,2019-02-13 16:04:36,btc,0.81323477,0.00032643,0.00000325,btc,0.00141486,0.0,0.2218672,113
1,[],17,[],2019-02-13 16:04:38,152738.278,0.00000004,0.0000000000014391240000000001,6655048,2019-02-13 16:04:38,btc,1.3368030274624925,0.0,0.00000004,btc,51896.221,0.0,0.0022095311199999998,116
0,[],27,[],2019-02-13 16:04:39,0.0,0,0,6655049,2019-02-13 16:04:39,,0.0,0.0,0,btc,0.0,0.0,0.0,116
1,[],4,[],2019-02-13 16:04:41,28553.24002731,0.00002831,0.000000001018540011,6655050,2019-02-13 16:04:41,btc,0.4872453392665405,0.0,0.00002831,btc,16481.76333464,7.64012111,0.6514315228594086,120
1,[],7,[],2019-02-13 16:04:42,16348.83482014,0.00002741000000000000014666219627645915579705615527927875518798828125,0.000000000986159721,6655051,2019-02-13 16:04:42,btc,115647.30031549586,87.04675369,0.00002741000000000000014666219627645915579705615527927875518798828125,btc,29739.21367551,0.00238692,0.0560788042624082,120
1,[],20,[],2019-02-13 16:04:45,1093445.8166,0.000000014,0.0000000000005036934,6655052,2019-02-13 16:04:45,btc,33.8691165036599,1088.85,0.000000014,btc,1150552.4764,1.52439e-05,0.0052654043171,125
1,[],22,[],2019-02-13 16:04:49,3053.0,0.00000001,0.000000000000359781,6655053,2019-02-13 16:04:49,BTC,0.01444889,0.0,0.00000001,BTC,296264.5111111111,0.0,3.053e-05,126
1,[],4,[],2019-02-13 16:04:50,98579.65227842,0.00001453,0.000000000522761793,6655054,2019-02-13 16:04:50,btc,0.5532339831337977,0.0,0.00001453,btc,29901.74012307,0.3944079,0.5988776083200321,131
0,[],17,[],2019-02-13 16:04:52,0.0,0,0,6655055,2019-02-13 16:04:52,btc,0.0009561751951600001,0.0,0,btc,35.42829368,0.0,0.0,131
0,[],2,[],2019-01-20 23:25:46,0.0,0,0,6476969,2019-01-20 23:25:46,,0.0,0.0,0,,0.0,0.0,0.0,131
1,[],4,[],2019-02-13 16:04:52,4618.72218179,0.00016014,0.000000005761532934,6655056,2019-02-13 16:04:52,btc,1.6397450704738545,0.0,0.00016014,btc,295.92689166,0.0,0.0082576416574413,135
1,[],3,[],2019-02-13 16:04:53,1962854.3256073,0.00000006,0.0000000000021586859999999997,6655057,2019-02-13 16:04:53,btc,0.1113942229479952,94220.0,0.00000006,btc,358919.48998015,0.0,0.0757088177748121,136
1,[],4,[],2019-02-13 16:04:54,50308.8754056,0.00000175,0.000000000062961675,6655058,2019-02-13 16:04:54,btc,0.0502251502685668,0.0,0.00000175,btc,24432.4634482,0.06954189,0.0583996135626737,137
1,[],12,[],2019-02-13 16:04:55,307242.87898665,0.00000176000000000000008976326626441988310034503228962421417236328125,0.00000000006332145600000001,6655059,2019-02-13 16:04:55,btc,11982.946403236201,0.0,0.00000176000000000000008976326626441988310034503228962421417236328125,btc,158098.64120849,0.0408687636954518,0.04569338066993,137
1,[],4,[],2019-02-13 16:04:56,713526.73261833,0.00004863,0.000000001749615003,6655060,2019-02-13 16:04:56,btc,0.8338166759689754,0.0,0.00004863,btc,12016.85935325,2.00611848,0.4236925958024225,142
1,[],5,[],2019-02-13 16:04:57,0.00155689,0.00004854,0.000000001746376974,6655061,2019-02-13 16:04:57,btc,1.41590276,0.71988033,0.00004854,btc,0.00321739,0.0,1.17929221,142
1,[],17,[],2019-02-13 16:04:59,22967.386363640002,0.00000088,0.000000000031660728000000004,6655062,2019-02-13 16:04:59,btc,20.069913352610715,0.0,0.00000088,btc,2746.079105,0.0,0.0104613000000032,142
1,[],20,[],2019-02-13 16:05:00,138311.7606,0.00005,0.000000001798905,6655063,2019-02-13 16:05:00,btc,0.4497068940252,7504.3384,0.00005,btc,4423.8196,0.5768325302148,0.2483166976737,142
1,[],22,[],2019-02-13 16:05:06,1602.4,0.00001020,0.00000000036697662,6655064,2019-02-13 16:05:06,BTC,3.00910435,0.0,0.00001020,BTC,917.058396139644,0.0,0.00170694,142
0.0,[],25,[],2019-02-13 16:05:07,0.0,0,0,6655065,2019-02-13 16:05:07,,0.0,0.0,0.0,btc,0.0,0.0,0.0,142
1,[],28,[],2019-02-13 16:05:09,77893.0,0.00004500,0.0000000016190145,6655066,2019-02-13 16:05:09,btc,0.048809112,1953.0,0.00004500,btc,249.5089,0.0,0.0586872,142
0,[],22,[],2019-02-13 16:05:12,0.0,0,0,6655067,2019-02-13 16:05:12,,67.4285069,0.0,0,,834770972.3,0.0,0.0,143
1,[],21,[],2019-02-13 16:05:13,40388617.28362289,0.00000028,0.000000000010073868,6655068,2019-02-13 16:05:13,btc,39.68481105349756,3264264.31102753,0.00000028,btc,77897964.34060483,0.91824465,6.357908564891567,145
0,[],22,[],2019-02-13 16:05:17,0.0,0,0,6655069,2019-02-13 16:05:17,,4.25424284,0.0,0,,2256156.0,0.0,0.0,146
,[],22,[],2018-11-20 23:01:11,0.0,0,0,4862114,2018-11-20 23:01:11,,2.56807021,0.0,,,61828.4988236,0.0,0.0,147
1,[],12,[],2019-02-13 16:05:18,8679298.14267804,0.00000302999999999999978877139594768408414893201552331447601318359375,0.000000000109013643,6655070,2019-02-13 16:05:18,btc,16.558642032698742,0.0,0.00000302999999999999978877139594768408414893201552331447601318359375,btc,121949.66449333,0.0016109946726708,0.1094160700000099,148
1,[],4,[],2019-02-13 16:05:19,273630.62047982,0.00000041,0.000000000014751021,6655071,2019-02-13 16:05:19,btc,0.7778362901479712,0.0,0.00000041,btc,586529.57485546,0.0,0.0653122107310207,152
0,[],22,[],2019-02-13 16:05:21,0.0,0,0,6655072,2019-02-13 16:05:21,,0.0,0.0,0,,0.0,0.0,0.0,152
1,[],5,[],2019-02-13 16:05:23,0.0,0,0,6655073,2019-02-13 16:05:23,btc,4.35601725,0.0,0,btc,0.0021126,0.0,0.0,153
,[],16,[],2019-01-11 15:38:59,0.0,0,0,6366141,2019-01-11 15:38:59,btc,0.0,0.0,,btc,0.0,0.0,0.0,155
0,[],22,[],2019-02-13 16:05:26,0.0,0,0,6655074,2019-02-13 16:05:26,,6.74608761,0.0,0,,4644402.242592593,0.0,0.0,156
0,[],23,[],2019-01-20 23:24:29,0.0,0,0,6476932,2019-01-20 23:24:29,,0.0,0.0,0,,0.0,0.0,0.0,156
1,[],22,[],2019-02-13 16:05:29,7063.8,0.00005300,0.0000000019068393,6655075,2019-02-13 16:05:29,BTC,43.78801181,0.0,0.00005300,BTC,1067.5805334758436,0.0,0.00104326,157
0,[],22,[],2019-02-13 16:05:32,0.0,0,0,6655076,2019-02-13 16:05:32,,50175.67558609,0.0,0,,54029136.04179466,0.0,0.0,158
,[],17,[],2018-11-20 22:56:10,0.0,0,0,4861976,2018-11-20 22:56:10,btc,1.1265625,0.0,,btc,1000.0,0.0,0.0,159
,[],20,[],2018-11-20 22:56:12,0.0,0,0,4861977,2018-11-20 22:56:12,btc,11912.7940471,0.0,,btc,34413894.3617,0.0,0.0,159
1,[],12,[],2019-02-13 16:05:33,180260.14460939,0.000008110000000000000278869809189341566479924949817359447479248046875,0.000000000291782391,6655077,2019-02-13 16:05:33,btc,6.661884364151131,0.0,0.000008110000000000000278869809189341566479924949817359447479248046875,btc,14781.396304310001,0.0059078751595675,0.0937521764000328,168
1,[],17,[],2019-02-13 16:05:35,29784.95,0.000001,0.000000000035978099999999997,6655078,2019-02-13 16:05:35,btc,0.03026736251542,0.0,0.000001,btc,144.46171372,0.0,0.00716147,168
0,[],22,[],2019-02-13 16:05:38,0.0,0,0,6655079,2019-02-13 16:05:38,,1.14776715,0.0,0,,721548.0900917595,0.0,0.0,169
1,[],22,[],2019-02-13 16:05:43,245000.0,0.00000011,0.000000000003957591,6655080,2019-02-13 16:05:43,BTC,11.33112555,0.0,0.00000011,BTC,131141.7766476831,4.225e-05,0.0224,171
1,[],22,[],2019-02-13 16:05:46,218930.66666666666,0.00000018,0.000000000006476058,6655081,2019-02-13 16:05:46,BTC,2.64988515,0.0,0.00000018,BTC,243336.36821454257,5.343e-05,0.01635152,173
1,[],5,[],2019-02-13 16:05:48,2.22e-05,0.00000196,0.000000000070517076,6655082,2019-02-13 16:05:48,btc,0.23767141,0.00312474,0.00000196,btc,0.00024959,0.0,0.25669318,175
1,[],22,[],2019-02-13 16:05:52,24534.52380952381,0.00000063,0.000000000022666203,6655083,2019-02-13 16:05:52,BTC,0.50172101,0.0,0.00000063,BTC,128186.47031396699,0.0,0.01142508,176
1,[],7,[],2019-02-13 16:05:53,0.0,0,0,6655084,2019-02-13 16:05:53,btc,410974.1987511513,0.0,0,btc,115535570.82091746,0.0,0.0,178
0,[],22,[],2019-02-13 16:05:56,0.0,0,0,6655085,2019-02-13 16:05:56,,1.00242428,0.0,0,,57512.0,0.0,0.0,178
0,[],2,[],2019-01-20 23:28:34,0.0,0,0,6477001,2019-01-20 23:28:34,,0.0,0.0,0,,0.0,0.0,0.0,178
1,[],5,[],2019-02-13 16:05:58,3e-08,0.00000002,0.000000000000719562,6655086,2019-02-13 16:05:58,btc,31.47632789,0.06715371,0.00000002,btc,2.088e-05,0.0,0.52776295,179
1,[],22,[],2019-02-13 16:06:04,7780285.0,0.00000002,0.000000000000719562,6655087,2019-02-13 16:06:04,BTC,5.92824511,0.0,0.00000002,"BTC,LTC",17868273.399292473,0.00079998,0.38286554,179
0,[],23,[],2019-01-20 23:25:08,0.0,0,0,6476952,2019-01-20 23:25:08,,0.0,0.0,0,,0.0,0.0,0.0,179
1,[],17,[],2019-02-13 16:06:05,10504.725,0.0000001,0.00000000000359781,6655088,2019-02-13 16:06:05,btc,5.201913593534422,0.0,0.0000001,btc,5466.1328087,0.0,0.0010504725,180
1,[],22,[],2019-02-13 16:06:10,13654.4,0.0000005,0.00000000001798905,6655089,2019-02-13 16:06:10,BTC,0.09143332,0.0,0.0000005,"BTC,LTC",6337.240674120756,0.00501523,0.00160544,180
1,[],26,[],2019-02-13 16:06:10,0.0,0.00000150,0.00000000005396715,6655090,2019-02-13 16:06:10,btc,0.0,50.0,0.00000150,btc,0.0,0.0,0.0,180
,[],7,[],2018-11-20 22:58:01,562227.975654,0.00000085,0.000000000036176765,4862015,2018-11-20 22:58:01,btc,21836.6059674,2491.87645172,,btc,749999.041456,0.00211021,0.127565380455,183
,[],5,[],2019-01-10 08:11:41,0.0,0,0,6347036,2019-01-10 08:11:41,btc,82.15055501,0.00261,,btc,1.19002445,0.0,0.0,187
1,[],24,[],2019-02-13 16:06:10,0.0,0.000000000001,3.59781e-17,6655091,2019-02-13 16:06:10,btc,0.0,0.0,0.000000000001,btc,0.0,0.0,0.0,187
,[],17,[],2018-11-16 20:58:10,4062536.27273,0.00000001,0.000000000000550501,4708775,2018-11-16 20:58:10,btc,3.36492563466,0.195460381006,,"btc,eth",110697919.549,0.0,0.0157628953496,187
0,[],22,[],2019-02-13 16:06:13,0.0,0,0,6655092,2019-02-13 16:06:13,,1.19370255,0.0,0,,14406.10286773884,0.0,0.0,191
0,[],22,[],2019-02-13 16:06:21,0.0,0,0,6655093,2019-02-13 16:06:21,,0.0,0.0,0,,0.0,0.0,0.0,197
0,[],23,[],2019-01-20 23:31:41,0.0,0,0,6477079,2019-01-20 23:31:41,,0.0,0.0,0,,0.0,0.0,0.0,199
0,[],22,[],2019-02-13 16:06:25,0.0,0,0,6655094,2019-02-13 16:06:25,,5.15195517,0.0,0,,19804684.0,0.0,0.0,199
1,[],26,[],2019-02-13 16:06:25,0.0,0.00000000,0,6655095,2019-02-13 16:06:25,btc,0.0,766625.0,0.00000000,btc,0.0,0.0,0.0,199
0,[],17,[],2019-01-30 16:32:01,0.0,0,0,6540827,2019-01-30 16:32:01,btc,6.802544163788159,0.0,0,btc,105897.55575295,0.0,0.0,200
0,[],2,[],2019-01-20 23:30:49,0.0,0,0,6477059,2019-01-20 23:30:49,,0.0,0.0,0,,0.0,0.0,0.0,201
1,[],4,[],2019-01-25 15:51:35,2084389.58565343,0.00000936,0.000000000333526752,6499557,2019-01-25 15:51:35,btc,2.0092503037378524,0.0,0.00000936,btc,160195.80207885,0.19272417,1.242687955921835,211
1,[],7,[],2019-02-13 16:06:28,5636122.03126867,0.000001359999999999999896105784720490294859018831630237400531768798828125,0.000000000048930215999999995,6655096,2019-02-13 16:06:28,btc,15450813.647558942,865016.228038,0.000001359999999999999896105784720490294859018831630237400531768798828125,btc,10887106.7252678,0.0,3.970967481640614,212
1,[],5,[],2019-02-13 16:06:30,4.01e-06,0.00000032,0.000000000011512992,6655097,2019-02-13 16:06:30,btc,1.18825045,0.25063564,0.00000032,btc,3.059e-05,0.0,0.1585274,213
1,[],12,[],2019-01-25 02:44:32,207462.42853209,0.000001080000000000000035831255497387193287295303889550268650054931640625,0.000000000038610756000000006,6493050,2019-01-25 02:44:32,btc,85023.03793723314,0.0,0.000001080000000000000035831255497387193287295303889550268650054931640625,btc,43675.73520027,0.000146250909087,0.0348620860622024,213
1,[],24,[],2019-02-13 16:06:30,0.0,0.000000050000,0.000000000001798905,6655098,2019-02-13 16:06:30,btc,0.0,0.0,0.000000050000,btc,0.0,0.0,0.0,213
1,[],26,[],2019-02-13 16:06:30,0.0,0.00000009,0.000000000003238029,6655099,2019-02-13 16:06:30,btc,0.0,0.0,0.00000009,btc,0.0,0.0,0.0,213
1,[],22,[],2019-02-13 16:06:35,121087.0,0.00000002,0.000000000000719562,6655100,2019-02-13 16:06:35,BTC,2.19288044,0.0,0.00000002,BTC,153809.63137942314,0.0002891,0.00160774,216
1,[],27,[],2019-02-13 16:06:38,5203157.5555,0.00000004,0.000000000001439124,6655101,2019-02-13 16:06:38,btc,256.82994371176,0.0,0.00000004,"btc,ltc",272101.909,0.0,0.05469726222,216
1,[],22,[],2019-02-13 16:06:41,248712.63035082762,0.00000210,0.00000000007555401,6655102,2019-02-13 16:06:41,BTC,12677.06610476,0.0,0.00000210,BTC,429523.22980773513,0.14633132,0.30876909,217
1,[],7,[],2019-02-13 16:06:42,0.0,0,0,6655103,2019-02-13 16:06:42,btc,77970.0557979151,0.0,0,btc,137090858.32140028,0.0,0.0,219
0,[],27,[],2019-02-13 16:06:45,0.0,0,0,6655104,2019-02-13 16:06:45,,5.341893788316972,0.0,0,btc,1605140.99226595,0.0,0.0,219
0.0000000000000053,[],28,[],2019-02-13 16:06:47,169956223.952,6.8905300000000004e-18,2.4790817739300002e-22,6655105,2019-02-13 16:06:47,doge,88712.3748390675,14532.0,0.00130010,"btc,doge",4987338.69631,0.0,1.6148723187159016e-11,219
1,[],22,[],2019-02-13 16:06:52,316680.6,0.0000005,0.00000000001798905,6655106,2019-02-13 16:06:52,BTC,3.03262434,0.0,0.0000005,BTC,99855.07001039218,0.00892876,0.03519916,221
1,[],24,[],2019-02-13 16:06:52,0.0,0.000000201200,0.00000000000723879372,6655107,2019-02-13 16:06:52,btc,0.0,0.0,0.000000201200,btc,0.0,0.0,0.0,221
1,[],20,[],2019-02-13 16:06:55,52269469.1018,0.000000003,0.0000000000001079343,6655108,2019-02-13 16:06:55,btc,49.8568239773503,113294.6168,0.000000003,btc,10281219.2359,0.0004148838504,0.054898039522,224
0,[],22,[],2019-02-13 16:06:58,0.0,0,0,6655109,2019-02-13 16:06:58,,0.0,0.0,0,,0.0,0.0,0.0,224
1,[],26,[],2019-02-13 16:06:58,0.0,0.00000035,0.000000000012592335,6655110,2019-02-13 16:06:58,btc,0.0,0.0,0.00000035,btc,0.0,0.0,0.0,231
1,[],26,[],2019-02-13 16:06:58,0.0,0.00000005,0.000000000001798905,6655111,2019-02-13 16:06:58,btc,0.0,200.0,0.00000005,btc,0.0,0.0,0.0,234
0,[],27,[],2019-02-13 16:07:01,0.0,0,0,6655112,2019-02-13 16:07:01,,0.0113483662182,0.0,0,"btc,eth",11462.99618,0.0,0.0,234
0,[],22,[],2019-02-13 16:07:04,0.0,0,0,6655113,2019-02-13 16:07:04,,2.76542139,0.0,0,,92332288.06349206,0.0,0.0,235
1,[],4,[],2019-02-13 16:07:05,1103294.78416361,0.00000103,0.000000000037057443,6655114,2019-02-13 16:07:05,btc,0.3277774114824197,0.0,0.00000103,btc,227974.93224957,0.24035598,0.3993839846400302,236
1,[],24,[],2019-02-13 16:07:05,0.0,0.000000020010,0.0000000000007199217810000001,6655115,2019-02-13 16:07:05,btc,0.0,0.0,0.000000020010,btc,0.0,0.0,0.0,236
1,[],20,[],2019-02-13 16:07:07,66498963.9388,0.000000066,0.0000000000023745546,6655116,2019-02-13 16:07:07,btc,14.940451185581,22264269.2845,0.000000066,btc,26838485.7793,1.4796244670905,0.4038746171197,237
1,[],22,[],2019-02-13 16:07:11,136267.0,0.00000004,0.000000000001439124,6655117,2019-02-13 16:07:11,BTC,0.04209605,0.0,0.00000004,"BTC,LTC",22179.0,0.0,0.00541601,237
1,[],4,[],2019-02-13 16:07:12,4257176.52546206,0.00000033,0.000000000011872773,6655118,2019-02-13 16:07:12,btc,0.70289910357878,0.0,0.00000033,btc,1879313.67026682,0.23743167,1.2977920616208396,238
1,[],5,[],2019-02-13 16:07:14,4.25e-06,0.00000033,0.000000000011872773,6655119,2019-02-13 16:07:14,btc,0.85050633,0.0041341,0.00000033,btc,3.008e-05,0.0,0.25968371,238
0,[],22,[],2019-02-13 16:07:17,0.0,0,0,6655120,2019-02-13 16:07:17,,15.41678688,0.0,0,,370860.0639027493,0.0,0.0,249
0.000000000114083,[],22,[],2019-02-13 16:07:21,7025765.666666667,3.42249e-18,1.23134687469e-22,6655121,2019-02-13 16:07:21,LTC,0.46265531,0.0,0.00000003,LTC,12972210.09,3.3741758495e-13,0.20977599,252
1,[],28,[],2019-02-13 16:07:23,3363335.286,0.00000012,0.000000000004317372,6655122,2019-02-13 16:07:23,btc,164693.6746169401,167739.6,0.00000012,btc,903638.2751,0.0,0.1964643963,256
1,[],22,[],2019-02-13 16:07:28,176118.66666666666,0.00000003,0.000000000001079343,6655123,2019-02-13 16:07:28,BTC,30.15138355,0.0,0.00000003,BTC,320640.92423192423,0.01227841,0.00299152,258
1,[],22,[],2019-01-26 20:58:41,368451.0,0.00000001,0.000000000000356135,6510120,2019-01-26 20:58:41,BTC,2.642917,0.0,0.00000001,"BTC,LTC",1862.0,0.0,0.02488451,259
1,[],22,[],2019-02-13 16:07:32,13569.624375624375,0.00001300,0.0000000004677153,6655124,2019-02-13 16:07:32,BTC,1293.00616578,0.0,0.00001300,"BTC,LTC",5425.135737336502,0.03654727,0.04136286,262
1,[],5,[],2019-02-13 16:07:33,1.925e-05,0.00000204,0.000000000073395324,6655125,2019-02-13 16:07:33,btc,0.68308264,0.14632206,0.00000204,btc,0.00024765,0.0,0.15840639,264
1,[],20,[],2019-02-13 16:07:35,1264711.417,0.00000195,0.000000000070157295,6655126,2019-02-13 16:07:35,btc,4.968657295545,58773.9191,0.00000195,btc,99047.728,0.1801347703778,0.0211013589335,264
1,[],22,[],2019-02-13 16:07:40,95356.5,0.00000002,0.000000000000719562,6655127,2019-02-13 16:07:40,BTC,8.27980096,0.0,0.00000002,BTC,227209.31707431233,0.0,0.0014095,271
0,[],22,[],2019-02-13 16:07:43,0.0,0,0,6655128,2019-02-13 16:07:43,,384.77798703,0.0,0,,15106717515.9,0.0,0.0,272
0.0000000000000053,[],28,[],2019-02-13 16:07:45,176230916756.474,4.611e-21,1.658950191e-25,6655129,2019-02-13 16:07:45,doge,441816592.01218307,37201138619.1472,0.00000087,doge,219719772440.38168,0.0,4.447868910014258e-10,272
1,[],22,[],2019-02-13 16:07:51,12779.0,0.00001501,0.000000000540031281,6655130,2019-02-13 16:07:51,BTC,74.06579281,0.0,0.00001501,"BTC,LTC",1308.582716680558,0.01211587,0.03508994,281
