pairValue,buyBook,exchangeId,sellBook,updated,buyTotal,satoshiPrice,usdPrice,exchangeLogId,created,bestPair,sellTotalBtc,volume,pairPrice,activePairs,sellTotal,volumeBtc,buyTotalBtc,coinId
1,[],3,[],2019-01-29 17:11:34,108.951251260961,0.0126968099999999993465760184108148678205907344818115234375,0.00000043403918016899994,6530391,2019-01-29 17:11:34,btc,107.00539361002012,0.03788713,0.0126968099999999993465760184108148678205907344818115234375,btc,13.900225752123001,0.0,0.1893739286329438,1
1,[],4,[],2019-01-29 17:11:35,25074.1116405,0.01275643,0.000000436077283907,6530392,2019-01-29 17:11:35,btc,1.1063548734724873,0.0,0.01275643,btc,79.78387645,0.39547744,1.1897712574383654,1
1,[],5,[],2019-01-29 17:11:37,0.25223406,0.01252340,0.00000042811117666,6530393,2019-01-29 17:11:37,btc,14578.44797989,0.00385465,0.01252340,btc,35555556.29113319,0.0,1.42507286,1
1,[],10,[],2019-01-29 17:11:39,272466.5188587,0.01238,0.000000423209062,6530394,2019-01-29 17:11:39,btc,6536.521432171126,1596.12594366,0.01238,btc,932.05868731,0.0,4.464244821991442,1
1,[],12,[],2019-01-29 17:11:42,10413.8790735,0.01169000000000000073774319986341652111150324344635009765625,0.000000399621481,6530395,2019-01-29 17:11:42,btc,0.394765355537,0.0,0.01169000000000000073774319986341652111150324344635009765625,btc,25.36668862,0.0384890320071,0.07517531412600001,1
1,[],20,[],2019-01-29 17:11:44,1352.3226,0.010500101,0.0000003589449026749,6530396,2019-01-29 17:11:44,btc,0.0564711704203,0.0,0.010500101,btc,2.4781,0.0,0.1065417742299,1
1,[],21,[],2019-01-29 17:11:45,2402.4920225,0.01265699999999999984801046793,0.0000004326782793,6530397,2019-01-29 17:11:45,btc,19.19945033056448,3547.2355717200003,0.01265699999999999984801046792881606961600482463836669921875,"btc,eth",2083.84123289,40.10409101395969,24.76317649553299,1
1,[],22,[],2019-01-29 17:12:13,0.03636045714285714,0.01400000,0.0000004785886,6530398,2019-01-29 17:12:13,BTC,0.31380731,0.0,0.01400000,BTC,0.09124366666666667,6.261e-05,0.00048448,1
1,[],24,[],2019-01-29 17:12:13,0.0,0.000000000000,0,6530399,2019-01-29 17:12:13,btc,0.0,0.0,0.000000000000,btc,0.0,0.0,0.0,1
0.0,[],25,[],2019-01-29 17:12:14,0.0,0,0,6530400,2019-01-29 17:12:14,btc,32.076199996802075,427.7336745,0.0,btc,2440.23714623,5.4174,0.0,1
1,[],26,[],2019-01-29 17:05:06,0.0,0,0,6530198,2019-01-29 17:05:06,,0.0,0.0,0,,0.0,0.0,0.0,1
1,[],28,[],2019-01-29 17:05:19,987.9,0.01131000,0.00000038747833800000003,6530199,2019-01-29 17:05:19,btc,0.162839806,11422.7,0.01131000,btc,8.9,0.0,0.024551096,1
0,[],2,[],2019-01-20 23:28:45,0.0,0,0,6477011,2019-01-20 23:28:45,,0.0,0.0,0,,0.0,0.0,0.0,1
1,[],5,[],2019-01-29 17:05:21,2.13e-05,0.00000080,0.00000000002740784,6530200,2019-01-29 17:05:21,btc,0.13573291,0.11892584,0.00000080,btc,7.548e-05,0.0,0.46118679,2
1,[],22,[],2019-01-29 17:05:26,1754.625335862178,0.0000004,0.00000000001370392,6530201,2019-01-29 17:05:26,BTC,0.0231601,0.0,0.0000004,"BTC,XMR",14562.72385,0.0,0.00111682,2
1,[],5,[],2019-01-29 17:05:27,1.42e-06,0.00000017,0.000000000005824166,6530202,2019-01-29 17:05:27,btc,3.87944183,0.04760365,0.00000017,btc,2.267e-05,0.0,3.76995542,3
1,[],12,[],2019-01-29 17:05:28,12364130.2098364,0.000000171,0.0000000000058584258000000005,6530203,2019-01-29 17:05:28,btc,921359.5618139397,0.0,0.000000171,btc,7988929.79445099,0.04991911723448389,0.5293873996330999,3
0,[],28,[],2019-01-29 17:05:33,0.0,0,0,6530204,2019-01-29 17:05:33,,0.0,0.0,0,,0.0,0.0,0.0,3
0,[],2,[],2019-01-20 23:31:32,0.0,0,0,6477077,2019-01-20 23:31:32,,0.0,0.0,0,,0.0,0.0,0.0,4
1,[],4,[],2019-01-29 17:05:33,267827.83455839,0.00000034,0.000000000011648332,6530205,2019-01-29 17:05:33,btc,0.4106005463580376,0.0,0.00000034,btc,322505.97081654,0.00066555,0.0232404079658847,4
1,[],12,[],2019-01-25 15:53:49,1222127.5219999999,0.00000003,0.000000000001069017,6499609,2019-01-25 15:53:49,btc,11013867.817925906,0.0,0.00000003,btc,969763.77092902,0.0,0.01617509044,5
0,[],2,[],2019-01-20 23:31:51,0.0,0,0,6477087,2019-01-20 23:31:51,,0.0,0.0,0,,0.0,0.0,0.0,6
1,[],11,[],2019-01-29 17:05:35,3797151.54,0.00000002,0.0000000000006851960000000001,6530206,2019-01-29 17:05:35,btc,9432.52948991705,23799.96,0.00000002,btc,41801268.13837939,0.0,0.0409712308,6
1,[],3,[],2019-01-29 17:05:36,1056.379415503993,0.00015054000000000000540623101841219977359287440776824951171875,0.000000005157470292,6530207,2019-01-29 17:05:36,btc,29.308530157485784,0.0,0.00015054000000000000540623101841219977359287440776824951171875,btc,230.077492617847,0.0,0.028994113718921508,7
1,[],4,[],2019-01-29 17:05:38,21249.16084316,0.00016401,0.000000005618949798,6530208,2019-01-29 17:05:38,btc,2.8501749889574652,0.0,0.00016401,btc,15888.91497052,3.25108918,3.180024614918059,7
1,[],5,[],2019-01-29 17:05:39,0.00522108,0.00015663,0.0000000053661124740000004,6530209,2019-01-29 17:05:39,btc,1.550308,0.17480529,0.00015663,btc,0.01069842,0.0,1.45478907,7
1,[],20,[],2019-01-29 17:05:41,62771509.8802,0.000000001,0.0000000000000342598,6530210,2019-01-29 17:05:41,btc,121.1972869211072,28537.5,0.000000001,btc,28005456.1818,5.7075e-05,0.0627715098802,8
0,[],2,[],2019-01-20 23:22:42,0.0,0,0,6476876,2019-01-20 23:22:42,,0.0,0.0,0,,0.0,0.0,0.0,9
0,[],23,[],2019-01-20 23:22:48,0.0,0,0,6476878,2019-01-20 23:22:48,,0.0,0.0,0,,0.0,0.0,0.0,9
1,[],1,[],2019-01-29 17:05:43,4261181.5,0.000001799999999999999918546601286595265634105089702643454074859619140625,0.00000000006166764,6530211,2019-01-29 17:05:43,btc,3.6618686455,24694829.32,0.000001799999999999999918546601286595265634105089702643454074859619140625,btc,1992202.0,44.99489684,7.6068033372,9
1,[],4,[],2019-01-29 17:05:44,1463906.66633908,0.00000180,0.00000000006166764,6530212,2019-01-29 17:05:44,btc,1.0492190042438554,0.0,0.00000180,btc,543754.25313695,0.77644964,0.6938203690393238,9
1,[],28,[],2019-01-29 17:05:48,49500.0,0.00000190,0.00000000006509362,6530213,2019-01-29 17:05:48,btc,2708.75001072,2192343.0,0.00000190,btc,7762.68,0.0,0.05704,9
1,[],4,[],2019-01-29 16:35:34,7405546.16126053,0.00000002,0.000000000000686944,6530079,2019-01-29 16:35:34,btc,0.208529857257948,0.0,0.00000002,btc,4265975.57665305,0.00077764,0.0768234138452106,10
0,[],2,[],2019-01-20 23:23:08,0.0,0,0,6476890,2019-01-20 23:23:08,,0.0,0.0,0,,0.0,0.0,0.0,12
1,[],4,[],2019-01-29 17:05:49,1412397.39664634,0.00000134,0.000000000045908132,6530214,2019-01-29 17:05:49,btc,1.2624989364759427,0.0,0.00000134,btc,869763.00580979,3.71045568,1.0634759268607945,12
1,[],5,[],2019-01-29 17:05:50,9.21e-06,0.00000130,0.00000000004453774,6530215,2019-01-29 17:05:50,btc,0.32603161,0.76530002,0.00000130,btc,0.00011354,0.0,0.12271925,12
0.0,[],25,[],2019-01-29 17:05:51,0.0,0,0,6530216,2019-01-29 17:05:51,,0.0,0.0,0.0,btc,0.0,0.0,0.0,12
1,[],4,[],2019-01-29 17:05:53,368283.97297523,0.00000672,0.000000000230225856,6530217,2019-01-29 17:05:53,btc,0.7306784456776205,0.0,0.00000672,btc,103985.50260007,0.46656178,1.744987478416889,13
1,[],10,[],2019-01-29 17:05:54,569944.85314488,0.00000675,0.00000000023125365,6530218,2019-01-29 17:05:54,btc,666807.8730725105,5431.72636692,0.00000675,btc,835658.62129635,0.0,0.8082263478227639,13
1,[],21,[],2019-01-29 17:05:56,1469787.53604855,0.000006770000000000000403034810387,0.00000000023193884600000002,6530219,2019-01-29 17:05:56,btc,6.274782493761946,385396.89815835,0.0000067700000000000004030348103867265052713264594785869121551513671875,btc,830690.96269914,2.62688814,8.791974786497637,13
1,[],4,[],2019-01-29 17:05:56,859752.52112998,0.00000142,0.000000000048648916,6530220,2019-01-29 17:05:56,btc,0.1594813897331124,0.0,0.00000142,btc,74908.81150047,0.00733282,0.1683798885274869,14
1,[],12,[],2019-01-29 17:05:58,86672.42857143,0.000001170000000000000021170673721038202330646527116186916828155517578125,0.000000000040083966,6530221,2019-01-29 17:05:58,btc,1.786952696651691,0.0,0.000001170000000000000021170673721038202330646527116186916828155517578125,btc,38507.61958427,0.0017939233201288,0.0101734100000016,14
0,[],17,[],2019-01-29 17:05:59,0.0,0,0,6530222,2019-01-29 17:05:59,btc,0.0,0.0,0,btc,0.0,0.0,0.0,14
1,[],26,[],2019-01-29 17:05:59,0.0,0.00000020,0.00000000000685196,6530223,2019-01-29 17:05:59,btc,0.0,0.0,0.00000020,btc,0.0,0.0,0.0,14
,[],12,[],2018-12-01 15:15:48,204241.84496,0.00000489,0.000000000202473384,5260204,2018-12-01 15:15:48,btc,49.5475654835,0.0,,btc,35763.2193806,0.0163153972027625,0.0203389899998,15
0,[],4,[],2019-01-29 17:06:00,0.0,0,0,6530224,2019-01-29 17:06:00,,0.0,0.0,0,,0.0,0.0,0.0,15
0,[],2,[],2019-01-20 23:23:38,0.0,0,0,6476906,2019-01-20 23:23:38,,0.0,0.0,0,,0.0,0.0,0.0,18
1,[],4,[],2019-01-29 17:06:01,24291.6489562,0.00001776,0.0000000006084540480000001,6530225,2019-01-29 17:06:01,btc,1.229335457645918,0.0,0.00001776,btc,7514.28238671,0.0182473,0.0684211107642077,18
1,[],10,[],2019-01-29 17:06:03,390963.74085244,0.00001793,0.000000000614278214,6530226,2019-01-29 17:06:03,btc,15.569811419215752,2504.35501156,0.00001793,btc,11324.53004875,0.0,0.2020337053226858,18
1,[],12,[],2019-01-29 17:06:06,200811.09834466,0.0000180999999999999994985781792689039093602332286536693572998046875,0.00000000062010238,6530227,2019-01-29 17:06:06,btc,0.1960174633306532,0.0,0.0000180999999999999994985781792689039093602332286536693572998046875,btc,2000.26081061,0.0076717518118323,0.017266968759464,18
0,[],17,[],2019-01-29 17:06:07,0.0,0,0,6530228,2019-01-29 17:06:07,btc,0.0,0.0,0,btc,0.0,0.0,0.0,18
0,[],2,[],2019-01-20 23:24:19,0.0,0,0,6476924,2019-01-20 23:24:19,,0.0,0.0,0,,0.0,0.0,0.0,19
1,[],3,[],2019-01-29 17:06:10,108847.38970198091,0.000038080000000000001326126708445229951394139789044857025146484375,0.000000001304613184,6530229,2019-01-29 17:06:10,btc,1.1939096911847706,21.3389447236,0.000038080000000000001326126708445229951394139789044857025146484375,btc,8294.84560202841,0.0,0.10398332493169819,19
1,[],4,[],2019-01-29 17:06:11,64502.82677178,0.00003651,0.000000001250825298,6530230,2019-01-29 17:06:11,btc,0.5914647696418357,0.0,0.00003651,btc,14618.34470486,0.40452628,1.3508939608030868,19
1,[],5,[],2019-01-29 17:06:13,0.00035287,0.00003152,0.000000001079868896,6530231,2019-01-29 17:06:13,btc,0.3089876,0.0,0.00003152,btc,0.00345974,0.0,0.19304106,19
1,[],12,[],2019-01-29 17:06:14,133686.06270832,0.0000373799999999999978637921227431206716573797166347503662109375,0.000000001280631324,6530232,2019-01-29 17:06:14,btc,1.9935633617457014,0.0,0.0000373799999999999978637921227431206716573797166347503662109375,btc,447.49251023,0.00029338,0.0341582340370016,19
0,[],27,[],2019-01-29 17:06:16,0.0,0,0,6530233,2019-01-29 17:06:16,,0.0,0.0,0,btc,0.0,0.0,0.0,19
1,[],4,[],2019-01-29 17:06:17,9444496.12922804,0.00000013,0.000000000004453774,6530234,2019-01-29 17:06:17,btc,0.810961884877746,0.0,0.00000013,btc,1591908.38687793,0.00239938,0.39521100822114,20
1,[],4,[],2019-01-29 17:06:18,119572044.57023025,0.00000002,0.0000000000006851960000000001,6530235,2019-01-29 17:06:18,btc,0.6344428424754742,0.0,0.00000002,btc,14856879.27904538,0.1172072,1.4012204756144453,21
1,[],12,[],2019-01-29 17:06:19,19406794.0,0.00000002,0.0000000000006851960000000001,6530236,2019-01-29 17:06:19,btc,668.032249692189,0.0,0.00000002,btc,8135390.95205063,1.2887112888e-05,0.2610724,21
0,[],17,[],2019-01-29 17:06:20,0.0,0,0,6530237,2019-01-29 17:06:20,btc,0.0,0.0,0,btc,0.0,0.0,0.0,21
1,[],12,[],2019-01-29 17:06:22,4524381827.531896,0.0000000001,0.00000000000000342598,6530238,2019-01-29 17:06:22,btc,1721704713908.0286,0.0,0.0000000001,btc,6917569876.805427,5.7088141358642e-05,0.4524381827531896,23
0,[],27,[],2019-01-29 17:06:23,0.0,0,0,6530239,2019-01-29 17:06:23,,0.424699,0.0,0,eth,424699.0,0.0,0.0,23
1,[],4,[],2019-01-29 17:06:24,951977.80616272,0.00000088,0.000000000030148624,6530240,2019-01-29 17:06:24,btc,0.0939542410750084,0.0,0.00000088,btc,75881.14338793,0.00422413,0.4083377275794345,24
1,[],22,[],2019-01-29 17:06:28,11.76,0.00000100,0.0000000000342598,6530241,2019-01-29 17:06:28,BTC,7.415e-05,0.0,0.00000100,BTC,23.919354838709676,0.0,1.176e-05,24
0.0,[],25,[],2019-01-29 17:06:29,0.0,0,0,6530242,2019-01-29 17:06:29,,0.0,0.0,0.0,btc,0.0,0.0,0.0,24
0,[],2,[],2019-01-20 23:25:56,0.0,0,0,6476976,2019-01-20 23:25:56,,0.0,0.0,0,,0.0,0.0,0.0,26
1,[],4,[],2019-01-29 17:06:30,28206837.46454725,0.00000625,0.00000000021412375,6530243,2019-01-29 17:06:30,btc,0.2563530593379301,0.0,0.00000625,btc,27165.66949302,0.10785853,0.3761823830650599,26
1,[],10,[],2019-01-29 17:06:32,727084.56496074,0.00000722,0.000000000247355756,6530244,2019-01-29 17:06:32,btc,27.970685529835187,1445.32137705,0.00000722,btc,12090.73698977,0.0,0.1962667816733395,26
1,[],3,[],2019-01-29 17:06:32,8442149.03885143,0.00000001,0.00000000000034259800000000003,6530245,2019-01-29 17:06:32,btc,2.95464073540808,789182.0,0.00000001,btc,17464263.23411028,0.0,0.0844214903885143,27
1,[],5,[],2019-01-29 17:06:34,3e-08,0.00000002,0.0000000000006851960000000001,6530246,2019-01-29 17:06:34,btc,1.46818827,0.16581714,0.00000002,btc,5.219e-05,0.0,0.08746446,27
1,[],11,[],2019-01-29 17:06:36,10597882.41182718,0.00000005,0.00000000000171299,6530247,2019-01-29 17:06:36,btc,370.53275036350783,1000.0,0.00000005,btc,8220964.80991447,0.0,0.4932896594767663,27
1,[],4,[],2019-01-29 17:06:36,173426367.62464187,0.00000003,0.000000000001027794,6530248,2019-01-29 17:06:36,btc,3.9612483725025713,0.0,0.00000003,"btc,ltc",149251731.59135062,0.10608252,1.948343319779875,29
1,[],7,[],2019-01-29 17:06:37,39631066.44755349,0.00000003,0.0000000000010277939999999999,6530249,2019-01-29 17:06:37,btc,44465206.1528563,2760.23976023,0.00000003,btc,39444409.3887605,0.0,0.7211332981554628,29
1,[],4,[],2019-01-29 17:06:38,500676.04832914,0.00000035,0.000000000011990930000000001,6530250,2019-01-29 17:06:38,btc,0.2739886976563869,0.0,0.00000035,btc,485428.06077426,0.00929607,0.1030372723370982,30
0,[],17,[],2019-01-29 17:06:39,0.0,0,0,6530251,2019-01-29 17:06:39,btc,0.0,0.0,0,btc,0.0,0.0,0.0,30
1,[],4,[],2019-01-29 17:06:40,132762.44820236,0.00008250,0.0000000028264335,6530252,2019-01-29 17:06:40,btc,1.1249123050526335,0.0,0.00008250,btc,11843.44819982,1.07497765,2.550326130055268,31
1,[],21,[],2019-01-29 17:06:41,50688.64506321,0.00008449999999999999395275396274,0.0000000028949531,6530253,2019-01-29 17:06:41,btc,3.6556922866954684,227749.22557879,0.0000844999999999999939527539627448504688800312578678131103515625,btc,40234.36601508,19.04710204,4.0335530319729695,31
0,[],2,[],2019-01-20 23:28:43,0.0,0,0,6477009,2019-01-20 23:28:43,,0.0,0.0,0,,0.0,0.0,0.0,32
1,[],4,[],2019-01-29 17:06:42,140801247.11734524,0.00000005,0.00000000000171299,6530254,2019-01-29 17:06:42,btc,3.3255064354044825,0.0,0.00000005,"btc,ltc",52524004.75616463,1.00784423,2.1135384777192194,33
1,[],12,[],2019-01-29 17:06:43,21218872.0,0.00000006,0.0000000000020555879999999998,6530255,2019-01-29 17:06:43,btc,17261783.131906357,0.0,0.00000006,btc,88916821.60039945,0.0164150060139862,0.84609181,33
1,[],4,[],2019-01-29 17:06:43,108885882.00213857,0.00000002,0.0000000000006851960000000001,6530256,2019-01-29 17:06:43,btc,0.8477882719107684,0.0,0.00000002,btc,28259609.06369228,0.00798637,1.132796740021192,34
1,[],5,[],2019-01-29 17:06:45,3e-08,0.00000002,0.0000000000006851960000000001,6530257,2019-01-29 17:06:45,btc,3.80066896,4.19905532,0.00000002,btc,1.394e-05,0.0,0.79812883,34
0.0000000000905551,[],4,[],2019-01-29 17:06:45,2250202059.4804263,3.6222039999999995e-18,1.240959845992e-22,6530258,2019-01-29 17:06:45,ltc,5.927148345191996e-09,0.0,0.00000004,ltc,1218885734.088983,0.0,5.193435313302971e-09,36
1,[],5,[],2019-01-29 17:06:47,0.0,0,0,6530259,2019-01-29 17:06:47,btc,202.46915736,0.0,0,btc,1.295e-05,0.0,0.0,36
0,[],17,[],2019-01-29 17:06:48,0.0,0,0,6530260,2019-01-29 17:06:48,btc,0.14892131548393525,0.0,0,btc,12533924.99083647,0.0,0.0,36
0.0000000000905551,[],27,[],2019-01-29 17:06:50,2000000.0,1.8111019999999997e-18,6.20479922996e-23,6530261,2019-01-29 17:06:50,ltc,448.586156645,0.0,0.00000002,"ltc,eth",3710972.58,0.0,2.716653e-12,36
1,[],4,[],2019-01-29 17:06:51,461913.74794663,0.00000142,0.000000000048648916,6530262,2019-01-29 17:06:51,btc,0.4673052564034789,0.0,0.00000142,btc,250883.06157226,0.05407023,0.4302724024017003,37
1,[],12,[],2019-01-29 17:06:52,424094.2168584,0.000001410000000000000052661867921965921368609997443854808807373046875,0.000000000048306318000000006,6530263,2019-01-29 17:06:52,btc,1335.9744796227442,0.0,0.000001410000000000000052661867921965921368609997443854808807373046875,btc,808990.9543423,0.1174766231137498,0.290837123098589,37
1,[],17,[],2019-01-29 17:06:53,1752.74075282,0.00000025,0.00000000000856495,6530264,2019-01-29 17:06:53,btc,0.05548731396437896,0.0,0.00000025,btc,1388.79251806,0.0,0.00043818518820499993,37
1,[],27,[],2019-01-29 17:06:55,3640.0,0.00000001,0.00000000000034259800000000003,6530265,2019-01-29 17:06:55,btc,26.22219764371233,0.0619024,0.00000001,btc,3719.711875,0.00031007,3.64e-05,37
1,[],5,[],2019-01-29 17:06:57,8.45e-06,0.00000076,0.000000000026037448,6530266,2019-01-29 17:06:57,btc,0.09999254,0.03358826,0.00000076,btc,9.833e-05,0.0,0.03946077,42
1,[],12,[],2019-01-29 17:06:57,126389.40647849,0.00000088,0.000000000030148624,6530267,2019-01-29 17:06:57,btc,109.35365138909584,0.0,0.00000088,btc,107383.85245699,0.0636274982189985,0.0310817099999223,42
0,[],27,[],2019-01-29 17:07:00,0.0,0,0,6530268,2019-01-29 17:07:00,,0.00315028,0.0,0,"btc,eth",11.007,0.0,0.0,42
1,[],5,[],2019-01-29 17:07:01,3e-08,0.00000002,0.0000000000006851960000000001,6530269,2019-01-29 17:07:01,btc,6.16293358,0.0,0.00000002,btc,1.425e-05,0.0,0.52020855,43
1,[],12,[],2019-01-29 17:07:03,6479720.0,0.00000002,0.0000000000006851960000000001,6530270,2019-01-29 17:07:03,btc,20007433.359969333,0.0,0.00000002,btc,39909576.74765234,0.0,0.06526906,43
0,[],17,[],2019-01-29 17:07:04,0.0,0,0,6530271,2019-01-29 17:07:04,btc,0.0,0.0,0,btc,0.0,0.0,0.0,43
1,[],12,[],2019-01-29 17:07:05,979155.0,0.00000012,0.0000000000041111759999999996,6530272,2019-01-29 17:07:05,btc,11114794.396009492,0.0,0.00000012,btc,873667.93706292,0.08849299695814,0.03797076,44
1,[],4,[],2019-01-29 17:07:06,261120702.51427352,0.00000003,0.000000000001027794,6530273,2019-01-29 17:07:06,btc,0.2053312148985023,0.0,0.00000003,"btc,ltc",3995810.08022566,0.00120025,0.5511251832570491,49
0.0000000000905551,[],4,[],2019-01-29 17:07:07,3577741210.12319,9.055509999999999e-19,3.10239961498e-23,6530274,2019-01-29 17:07:07,ltc,4.9943946343725765,0.0,0.00000001,ltc,2166113770.1067634,0.0,3.239827130568264e-09,52
0,[],22,[],2019-01-29 17:07:09,0.0,0,0,6530275,2019-01-29 17:07:09,,3693.79765476,0.0,0,,264395955.90882352,0.0,0.0,57
0,[],27,[],2019-01-29 17:07:11,0.0,0,0,6530276,2019-01-29 17:07:11,,0.0,0.0,0,"btc,eth",0.0,0.0,0.0,57
0.0000000000905551,[],4,[],2019-01-29 17:07:12,1594167255.879148,6.338857e-18,2.171679730486e-22,6530277,2019-01-29 17:07:12,ltc,3.3366770147003155,0.0,0.00000007,ltc,1201609670.7390692,0.0,7.990220501970283e-09,58
1,[],12,[],2019-01-29 17:07:13,2511150661.932997,0.0000000007,0.00000000000002398186,6530278,2019-01-29 17:07:13,btc,684074799762.4067,0.0,0.0000000007,btc,3183812030.656443,0.010702940444255769,1.0297583606195633,58
0,[],17,[],2019-01-29 17:07:14,0.0,0,0,6530279,2019-01-29 17:07:14,btc,1e+24,0.0,0,btc,41616695.95832568,0.0,0.0,58
0.00000000012689010000000002,[],22,[],2019-01-29 17:07:17,137438.0,1.2689010000000001e-18,4.34722944798e-23,6530280,2019-01-29 17:07:17,XMR,69.8835922,0.0,0.00000001,XMR,9887963.0,0.0,0.00137438,58
1,[],5,[],2019-01-29 17:07:18,3.14e-06,0.00000035,0.000000000011990930000000001,6530281,2019-01-29 17:07:18,btc,0.43377237,0.02994817,0.00000035,btc,7.658e-05,0.0,0.02741927,61
1,[],22,[],2019-01-29 17:07:22,5111.5,0.00000011,0.000000000003768578,6530282,2019-01-29 17:07:22,BTC,1002.29606732,0.0,0.00000011,BTC,15028.700278135757,0.0,0.00051178,61
1,[],26,[],2019-01-29 17:07:22,0.0,0.00000800,0.0000000002740784,6530283,2019-01-29 17:07:22,btc,0.0,0.0,0.00000800,btc,0.0,0.0,0.0,61
0,[],27,[],2019-01-29 17:07:24,0.0,0,0,6530284,2019-01-29 17:07:24,,0.0,0.0,0,"btc,eth",0.0,0.0,0.0,61
1,[],28,[],2019-01-29 17:07:28,6900.304,0.00000210,0.00000000007194558,6530285,2019-01-29 17:07:28,btc,2.064440110600106,532.0,0.00000210,btc,11198.17500005,0.0,0.00218431304,61
1,[],4,[],2019-01-29 17:07:29,1301459.44734111,0.00000169,0.000000000057899062,6530286,2019-01-29 17:07:29,btc,0.5293924052094131,0.0,0.00000169,btc,194544.82312093,0.11351943,0.9509976965153947,67
0.0,[],25,[],2019-01-29 17:07:31,0.0,0,0,6530287,2019-01-29 17:07:31,,0.0,0.0,0.0,btc,0.0,0.0,0.0,67
1,[],12,[],2019-01-29 17:07:32,3029682.96825398,0.00000009,0.000000000003083382,6530288,2019-01-29 17:07:32,btc,16893709.129353665,0.0,0.00000009,btc,2008188.10780326,0.0045637536563445,0.0779302788888898,71
,[],5,[],2018-11-20 23:02:39,1.5e-07,0.00000005,0.000000000002128045,4862160,2018-11-20 23:02:39,btc,2.84511358,0.0,,btc,0.00036572,0.0,0.07381892,74
1,[],5,[],2019-01-25 15:53:51,3.303e-05,0.00000156,0.000000000055588884,6499610,2019-01-25 15:53:51,btc,1.42844212,0.0,0.00000156,btc,0.00015937,0.0,0.49487621,75
0,[],20,[],2019-01-25 09:30:31,0.0,0,0,6495923,2019-01-25 09:30:31,btc,0.0,0.0,0,btc,0.0,0.0,0.0,81
1,[],4,[],2019-01-29 17:07:33,71575975.25787337,0.00000001,0.00000000000034259800000000003,6530289,2019-01-29 17:07:33,btc,0.8144650091483037,0.0,0.00000001,btc,15000789.10300357,0.00010516,0.7157597525787337,81
1,[],4,[],2019-01-29 17:07:35,23625.47510222,0.00007366,0.000000002523576868,6530290,2019-01-29 17:07:35,btc,1.418862457944158,0.0,0.00007366,btc,12345.81350148,0.02313238,0.0779432012361722,82
1,[],21,[],2019-01-29 17:07:35,94865.08799792,0.00008084000000000000527803495354,0.000000002769562232,6530291,2019-01-29 17:07:35,btc,3.968868463510559,1225.91035965,0.000080840000000000005278034953537513729315833188593387603759765625,btc,43642.71476745,0.09877387,5.294353543663196,82
0,[],17,[],2019-01-29 17:07:37,0.0,0,0,6530292,2019-01-29 17:07:37,btc,0.0447233088476774,0.0,0,btc,999127.19588126,0.0,0.0,84
0.0000000000905551,[],4,[],2019-01-29 17:07:38,183506075.00435603,1.2677714e-17,4.343359460972e-22,6530293,2019-01-29 17:07:38,ltc,0.19754182504824938,0.0,0.00000014,ltc,74917343.77173288,0.0,1.3075032020362034e-09,85
,[],22,[],2018-11-20 23:09:34,3408.1,0.0000001,0.0000000000041895,4862324,2018-11-20 23:09:34,BTC,0.04624735,0.0,,BTC,4990.0,0.0,0.00033081,86
0,[],22,[],2019-01-29 17:07:41,0.0,0,0,6530294,2019-01-29 17:07:41,,2.07810912,0.0,0,,154826.94736842104,0.0,0.0,87
0,[],27,[],2019-01-29 17:07:43,0.0,0,0,6530295,2019-01-29 17:07:43,,0.0,0.0,0,btc,0.0,0.0,0.0,87
,[],2,[],2018-11-20 23:10:47,0.0,0,0,4862359,2018-11-20 23:10:47,,0.0,0.0,,,0.0,0.0,0.0,88
1,[],11,[],2019-01-29 17:07:45,100531.4674682,0.00019249999999999998991258298719486674599465914070606231689453125,0.0000000065950115,6530296,2019-01-29 17:07:45,btc,235.53744292402678,6692.95593664,0.00019249999999999998991258298719486674599465914070606231689453125,btc,185196.22958153,0.0,7.448864831222474,89
0,[],2,[],2019-01-20 23:31:45,0.0,0,0,6477083,2019-01-20 23:31:45,,0.0,0.0,0,,0.0,0.0,0.0,91
1,[],12,[],2019-01-29 17:07:46,507075.70610814,0.000007809999999999999763049783607637976956539205275475978851318359375,0.000000000267569038,6530297,2019-01-29 17:07:46,btc,2.79976681035801,0.0,0.000007809999999999999763049783607637976956539205275475978851318359375,btc,10693.29368802,0.022271761756407,0.0951772328999589,91
0,[],17,[],2019-01-29 17:07:46,0.0,0,0,6530298,2019-01-29 17:07:46,btc,0.0,0.0,0,btc,0.0,0.0,0.0,91
0.0000000000905551,[],22,[],2019-01-29 17:07:51,39057501.0,5.4333059999999996e-18,1.861439768988e-22,6530299,2019-01-29 17:07:51,LTC,8.48431395,0.0,0.00000006,LTC,73790734.1,4.8512178172e-14,1.47543645,95
1,[],4,[],2019-01-29 17:07:52,133709747.23680288,0.00000001,0.00000000000034259800000000003,6530300,2019-01-29 17:07:52,btc,1.4300930839860706,0.0,0.00000001,"btc,ltc",70121683.12937064,0.00264807,0.008712943014607366,96
1,[],12,[],2019-01-29 17:07:53,1221086.0,0.00000001,0.00000000000034259800000000003,6530301,2019-01-29 17:07:53,btc,255060.8716200856,0.0,0.00000001,btc,7913743.33297676,0.0006882512287712,0.01221086,96
0,[],17,[],2019-01-29 17:07:54,0.0,0,0,6530302,2019-01-29 17:07:54,btc,0.0,0.0,0,btc,0.0,0.0,0.0,96
1,[],4,[],2019-01-28 01:29:03,1472892.19429314,0.00000039,0.000000000013841295,6517118,2019-01-28 01:29:03,btc,0.30363706505258,0.0,0.00000039,btc,473598.41813208,0.02260545,0.1322524391209234,99
0,[],2,[],2019-01-20 23:23:55,0.0,0,0,6476914,2019-01-20 23:23:55,,0.0,0.0,0,,0.0,0.0,0.0,100
1,[],4,[],2019-01-29 17:07:56,134067.22311771,0.00004104,0.000000001406022192,6530303,2019-01-29 17:07:56,btc,1.668912377225341,0.0,0.00004104,btc,33773.9429032,2.27693845,3.090979510079101,100
1,[],22,[],2019-01-29 17:07:59,50000.0,0.00000001,0.00000000000034259800000000003,6530304,2019-01-29 17:07:59,BTC,23.50383609,0.0,0.00000001,BTC,11277.22,0.0,0.0005,101
1,[],4,[],2019-01-29 17:08:00,151356.06761638,0.00000089,0.000000000030491222000000004,6530305,2019-01-29 17:08:00,btc,0.3995039394851899,0.0,0.00000089,btc,158403.00685897,0.0073503,0.0641851218594797,103
1,[],12,[],2019-01-29 17:08:03,72316430.77474426,0.000000019,0.0000000000006509362000000001,6530306,2019-01-29 17:08:03,btc,9138279201.226862,0.0,0.000000019,btc,147730508.54256114,0.03819638865448873,0.4797179129453967,105
1,[],27,[],2019-01-29 17:08:05,463254.46811249,0.00000001,0.00000000000034259800000000003,6530307,2019-01-29 17:08:05,btc,0.5565305755148419,14478.0,0.00000001,btc,635722.67435029,0.00028956,0.0046325446811249,105
0,[],22,[],2019-01-29 17:08:08,0.0,0,0,6530308,2019-01-29 17:08:08,,1.07253299,0.0,0,,94300.0,0.0,0.0,107
1,[],26,[],2019-01-29 17:08:09,0.0,0.00000000,0,6530309,2019-01-29 17:08:09,btc,0.0,0.0,0.00000000,btc,0.0,0.0,0.0,107
1,[],5,[],2019-01-29 17:08:10,1e-08,0.00000001,0.00000000000034259800000000003,6530310,2019-01-29 17:08:10,btc,3.28489098,0.00608889,0.00000001,btc,1.512e-05,0.0,0.04423744,112
1,[],22,[],2019-01-29 17:08:13,1966.0,0.00000001,0.00000000000034259800000000003,6530311,2019-01-29 17:08:13,BTC,2.84243449,0.0,0.00000001,BTC,977103.5833333334,0.0,1.966e-05,112
0,[],27,[],2019-01-29 17:08:16,0.0,0,0,6530312,2019-01-29 17:08:16,,1.25356065,0.0,0,"btc,eth",1328.0,0.0,0.0,112
1,[],4,[],2019-01-29 17:08:17,454744.97661147,0.00000423,0.000000000144918954,6530313,2019-01-29 17:08:17,btc,0.6125273944314554,0.0,0.00000423,btc,96728.60535585,0.76674214,0.4459494841258176,113
1,[],5,[],2019-01-29 17:08:18,2.467e-05,0.00000367,0.000000000125733466,6530314,2019-01-29 17:08:18,btc,2.15927982,0.00464198,0.00000367,btc,0.00309421,0.0,0.2021008,113
1,[],17,[],2019-01-29 17:08:20,233369.0,0.00000004,0.0000000000013703920000000001,6530315,2019-01-29 17:08:20,btc,1.3376290575647862,0.0,0.00000004,btc,72546.975,0.0,0.00543476,116
0,[],27,[],2019-01-29 17:08:22,0.0,0,0,6530316,2019-01-29 17:08:22,,0.0,0.0,0,btc,0.0,0.0,0.0,116
1,[],4,[],2019-01-29 17:08:24,54208.4969821,0.00001741,0.000000000596463118,6530317,2019-01-29 17:08:24,btc,0.4616167830117547,0.0,0.00001741,btc,21554.90640209,0.23803184,0.5837261625509336,120
1,[],7,[],2019-01-29 17:08:24,2397.04441727,0.00002108999999999999967032447700798769574248581193387508392333984375,0.000000000722539182,6530318,2019-01-29 17:08:24,btc,94.8892808911726,0.33377837,0.00002108999999999999967032447700798769574248581193387508392333984375,btc,25637.59615529,1e-05,0.0230316838322996,120
1,[],20,[],2019-01-29 17:08:26,1165301.6608,0.000000013,0.00000000000044537740000000003,6530319,2019-01-29 17:08:26,btc,33.7489442370083,12543.5,0.000000013,btc,1074422.3317,0.0001630655,0.0061929111866,125
1,[],22,[],2019-01-29 17:08:31,68433.0,0.00000001,0.00000000000034259800000000003,6530320,2019-01-29 17:08:31,BTC,0.01415863,0.0,0.00000001,BTC,293039.4,0.0,0.00068433,126
1,[],4,[],2019-01-29 17:08:32,75719.50531336,0.00001596,0.000000000546786408,6530321,2019-01-29 17:08:32,btc,0.8204091566330066,0.0,0.00001596,btc,41373.63335728,0.34754636,0.3279306731809651,131
0,[],17,[],2019-01-29 17:08:33,0.0,0,0,6530322,2019-01-29 17:08:33,btc,0.0008451375975800001,0.0,0,btc,30.89614684,0.0,0.0,131
0,[],2,[],2019-01-20 23:25:46,0.0,0,0,6476969,2019-01-20 23:25:46,,0.0,0.0,0,,0.0,0.0,0.0,131
1,[],4,[],2019-01-29 17:08:34,4562.18048559,0.00018451,0.000000006321275698,6530323,2019-01-29 17:08:34,btc,1.6368540985989644,0.0,0.00018451,btc,284.34476376,0.00135757,0.0093874177088354,135
1,[],3,[],2019-01-29 17:08:35,1825019.51685175,0.00000006,0.0000000000020555879999999998,6530324,2019-01-29 17:08:35,btc,0.12847485038215709,28380.63877,0.00000006,btc,293247.77644818,0.0,0.0646620273370348,136
1,[],4,[],2019-01-29 17:08:36,128428.58612793,0.00000190,0.00000000006509362,6530325,2019-01-29 17:08:36,btc,0.4879907485138098,0.0,0.00000190,btc,188255.13143951,0.13593396,0.1963349740027698,137
1,[],12,[],2019-01-29 17:08:37,322684.21010028,0.000001769999999999999994019540816569957542014890350401401519775390625,0.000000000060639846,6530326,2019-01-29 17:08:37,btc,11972.819816416752,0.0,0.000001769999999999999994019540816569957542014890350401401519775390625,btc,131653.26663232,0.0758068709987718,0.0724501104409452,137
1,[],5,[],2019-01-29 17:08:39,0.00110976,0.00003420,0.00000000117168516,6530327,2019-01-29 17:08:39,btc,2.68453774,1.17480669,0.00003420,btc,0.00240626,0.0,1.10748062,142
1,[],17,[],2019-01-29 17:08:40,12500.0,0.0000001,0.00000000000342598,6530328,2019-01-29 17:08:40,btc,0.680950003854689,0.0,0.0000001,btc,5932.0,0.0,0.00125,142
1,[],20,[],2019-01-29 17:08:42,151973.846,0.000032041,0.0000000010977182518,6530329,2019-01-29 17:08:42,btc,2.7922245847001,16991.83,0.000032041,btc,11807.1805,0.70204017323,0.2756572602523,142
1,[],22,[],2019-01-29 17:08:45,990.0,0.00001880,0.00000000064408424,6530330,2019-01-29 17:08:45,BTC,0.00073414,0.0,0.00001880,BTC,10.000500375281462,0.0,0.00022106,142
0.0,[],25,[],2019-01-29 17:08:47,0.0,0,0,6530331,2019-01-29 17:08:47,,0.0,0.0,0.0,btc,0.0,0.0,0.0,142
1,[],28,[],2019-01-29 17:08:52,78710.0,0.00002500,0.000000000856495,6530332,2019-01-29 17:08:52,btc,0.15112850002,1600.7228,0.00002500,btc,3009.998,0.0,0.0312247,142
0,[],22,[],2019-01-28 18:33:43,0.0,0,0,6521842,2019-01-28 18:33:43,,61.27958297,0.0,0,,815366265.8,0.0,0.0,143
1,[],21,[],2019-01-29 17:08:53,37812472.33149024,0.00000028,0.000000000009592744000000002,6530333,2019-01-29 17:08:53,btc,50.71075016975553,6364251.86050616,0.00000028,btc,87159282.9001545,1.85764477,5.7411514487096476,145
0,[],22,[],2019-01-28 15:47:49,0.0,0,0,6520545,2019-01-28 15:47:49,,4.31668284,0.0,0,,1427838.5,0.0,0.0,146
,[],22,[],2018-11-20 23:01:11,0.0,0,0,4862114,2018-11-20 23:01:11,,2.56807021,0.0,,,61828.4988236,0.0,0.0,147
1,[],12,[],2019-01-29 16:20:33,8694886.39775139,0.0000031099999999999998698545396191850187506133806891739368438720703125,0.000000000106441616,6529800,2019-01-29 16:20:33,btc,17.07686672118574,0.0,0.0000031099999999999998698545396191850187506133806891739368438720703125,btc,111834.72407238,0.001208116187101,0.1308070700000091,148
1,[],4,[],2019-01-29 17:08:54,239012.74707854,0.00000031,0.000000000010620538,6530334,2019-01-29 17:08:54,btc,0.6883198823139511,0.0,0.00000031,btc,504193.68314126,0.0,0.049432558906786,152
0,[],22,[],2019-01-29 17:08:56,0.0,0,0,6530335,2019-01-29 17:08:56,,0.0,0.0,0,,0.0,0.0,0.0,152
1,[],5,[],2019-01-29 17:08:58,0.0,0,0,6530336,2019-01-29 17:08:58,btc,4.37024355,0.0,0,btc,0.00161275,0.0,0.0,153
,[],16,[],2019-01-11 15:38:59,0.0,0,0,6366141,2019-01-11 15:38:59,btc,0.0,0.0,,btc,0.0,0.0,0.0,155
0,[],22,[],2019-01-29 17:09:03,0.0,0,0,6530337,2019-01-29 17:09:03,,6.73308927,0.0,0,,4561867.742592593,0.0,0.0,156
0,[],23,[],2019-01-20 23:24:29,0.0,0,0,6476932,2019-01-20 23:24:29,,0.0,0.0,0,,0.0,0.0,0.0,156
1,[],22,[],2019-01-29 17:09:06,7906.0,0.00000801,0.000000000274420998,6530338,2019-01-29 17:09:06,BTC,43.78801181,0.0,0.00000801,BTC,1067.5805334758436,0.0,0.00743836,157
0,[],22,[],2019-01-29 17:09:10,0.0,0,0,6530339,2019-01-29 17:09:10,,50175.6753658,0.0,0,,54007107.04179466,0.0,0.0,158
,[],17,[],2018-11-20 22:56:10,0.0,0,0,4861976,2018-11-20 22:56:10,btc,1.1265625,0.0,,btc,1000.0,0.0,0.0,159
,[],20,[],2018-11-20 22:56:12,0.0,0,0,4861977,2018-11-20 22:56:12,btc,11912.7940471,0.0,,btc,34413894.3617,0.0,0.0,159
1,[],12,[],2019-01-29 17:09:12,195157.84713487,0.000010000000000000000818030539140313095458623138256371021270751953125,0.000000000342598,6530340,2019-01-29 17:09:12,btc,6.65412570401402,0.0,0.000010000000000000000818030539140313095458623138256371021270751953125,btc,14161.92454267,0.0013541916,0.10189465000001549,168
1,[],17,[],2019-01-29 17:09:13,29784.95,0.000001,0.0000000000342598,6530341,2019-01-29 17:09:13,btc,0.0353989844335,0.0,0.000001,btc,196.82520268,0.0,0.00716147,168
1,[],22,[],2019-01-29 17:09:17,1433447.0,0.00000001,0.00000000000034259800000000003,6530342,2019-01-29 17:09:17,BTC,1.13380276,0.0,0.00000001,BTC,689102.5537281231,0.0,0.01433447,169
1,[],22,[],2019-01-29 17:09:20,49726.93214285714,0.0000004,0.00000000001370392,6530343,2019-01-29 17:09:20,BTC,2.4640808,0.0,0.0000004,BTC,55222.205822391494,0.00056028,0.01578505,171
1,[],22,[],2019-01-29 17:09:24,183669.8245614035,0.0000003,0.00000000001027794,6530344,2019-01-29 17:09:24,BTC,2.84941497,0.0,0.0000003,BTC,248722.88009479616,0.0,0.01009653,173
1,[],5,[],2019-01-29 17:09:25,8.553e-05,0.00000455,0.00000000015588209000000001,6530345,2019-01-29 17:09:25,btc,0.42286149,0.01571033,0.00000455,btc,0.00036552,0.0,0.85064743,175
1,[],22,[],2019-01-29 17:09:29,40554.0,0.0000007,0.000000000023981860000000002,6530346,2019-01-29 17:09:29,BTC,0.64856239,0.0,0.0000007,BTC,158526.57822767255,0.00576128,0.01480313,176
1,[],7,[],2019-01-29 17:09:30,0.0,0,0,6530347,2019-01-29 17:09:30,btc,10965.679379442512,1249.0,0,btc,122500128.45418899,1.249e-05,0.0,178
0,[],22,[],2019-01-29 17:09:32,0.0,0,0,6530348,2019-01-29 17:09:32,,1.00242428,0.0,0,,57512.0,0.0,0.0,178
0,[],2,[],2019-01-20 23:28:34,0.0,0,0,6477001,2019-01-20 23:28:34,,0.0,0.0,0,,0.0,0.0,0.0,178
1,[],5,[],2019-01-29 17:09:34,1e-07,0.00000004,0.0000000000013703920000000001,6530349,2019-01-29 17:09:34,btc,15.75291455,1.20754282,0.00000004,btc,2.498e-05,0.0,1.70821981,179
1,[],22,[],2019-01-29 17:09:39,8023225.038095238,0.00000003,0.000000000001027794,6530350,2019-01-29 17:09:39,BTC,5.47045387,0.0,0.00000003,"BTC,LTC",16489330.651989967,0.0070545,0.39522065,179
0,[],23,[],2019-01-20 23:25:08,0.0,0,0,6476952,2019-01-20 23:25:08,,0.0,0.0,0,,0.0,0.0,0.0,179
1,[],17,[],2019-01-29 17:09:41,10504.725,0.0000001,0.00000000000342598,6530351,2019-01-29 17:09:41,btc,5.206877489877184,0.0,0.0000001,btc,7465.6174587,0.0,0.0010504725,180
1,[],22,[],2019-01-29 17:09:45,5785.4,0.00000001,0.00000000000034259800000000003,6530352,2019-01-29 17:09:45,BTC,0.09613315,0.0,0.00000001,"BTC,LTC",16616.37037600151,0.0002482400000002599,7.724e-05,180
1,[],26,[],2019-01-29 17:09:45,0.0,0.00000020,0.00000000000685196,6530353,2019-01-29 17:09:45,btc,0.0,3056.0,0.00000020,btc,0.0,0.0,0.0,180
,[],7,[],2018-11-20 22:58:01,562227.975654,0.00000085,0.000000000036176765,4862015,2018-11-20 22:58:01,btc,21836.6059674,2491.87645172,,btc,749999.041456,0.00211021,0.127565380455,183
,[],5,[],2019-01-10 08:11:41,0.0,0,0,6347036,2019-01-10 08:11:41,btc,82.15055501,0.00261,,btc,1.19002445,0.0,0.0,187
1,[],24,[],2019-01-29 17:09:46,0.0,0.000000000001,3.42598e-17,6530354,2019-01-29 17:09:46,btc,0.0,0.0,0.000000000001,btc,0.0,0.0,0.0,187
,[],17,[],2018-11-16 20:58:10,4062536.27273,0.00000001,0.000000000000550501,4708775,2018-11-16 20:58:10,btc,3.36492563466,0.195460381006,,"btc,eth",110697919.549,0.0,0.0157628953496,187
0,[],22,[],2019-01-29 17:09:49,0.0,0,0,6530355,2019-01-29 17:09:49,,1.19382741,0.0,0,,13380.036201072173,0.0,0.0,191
0,[],22,[],2019-01-29 02:57:02,0.0,0,0,6524994,2019-01-29 02:57:02,,0.0,0.0,0,,0.0,0.0,0.0,197
0,[],23,[],2019-01-20 23:31:41,0.0,0,0,6477079,2019-01-20 23:31:41,,0.0,0.0,0,,0.0,0.0,0.0,199
1,[],26,[],2019-01-29 17:09:50,0.0,0.00000000,0,6530356,2019-01-29 17:09:50,btc,0.0,756242.0,0.00000000,btc,0.0,0.0,0.0,199
0,[],17,[],2019-01-29 17:09:51,0.0,0,0,6530357,2019-01-29 17:09:51,btc,6.802544163762841,0.0,0,btc,105897.55575295,0.0,0.0,200
0,[],2,[],2019-01-20 23:30:49,0.0,0,0,6477059,2019-01-20 23:30:49,,0.0,0.0,0,,0.0,0.0,0.0,201
1,[],4,[],2019-01-25 15:51:35,2084389.58565343,0.00000936,0.000000000333526752,6499557,2019-01-25 15:51:35,btc,2.0092503037378524,0.0,0.00000936,btc,160195.80207885,0.19272417,1.242687955921835,211
1,[],7,[],2019-01-29 17:09:54,19654664.9684391,0.000001250000000000000102253817392539136932327892282046377658843994140625,0.00000000004282475,6530358,2019-01-29 17:09:54,btc,16567814.561300656,712414.286161,0.000001250000000000000102253817392539136932327892282046377658843994140625,btc,12176842.991316989,0.0,7.635201522954255,212
1,[],5,[],2019-01-29 17:09:55,5.23e-06,0.00000035,0.000000000011990930000000001,6530359,2019-01-29 17:09:55,btc,0.93383019,0.0232039,0.00000035,btc,3.134e-05,0.0,0.34563901,213
1,[],24,[],2019-01-29 17:09:55,0.0,0.000000050000,0.00000000000171299,6530360,2019-01-29 17:09:55,btc,0.0,0.0,0.000000050000,btc,0.0,0.0,0.0,213
1,[],26,[],2019-01-29 17:09:55,0.0,0.00000003,0.000000000001027794,6530361,2019-01-29 17:09:55,btc,0.0,0.0,0.00000003,btc,0.0,0.0,0.0,213
1,[],12,[],2019-01-25 02:44:32,207462.42853209,0.000001080000000000000035831255497387193287295303889550268650054931640625,0.000000000038610756000000006,6493050,2019-01-25 02:44:32,btc,85023.03793723314,0.0,0.000001080000000000000035831255497387193287295303889550268650054931640625,btc,43675.73520027,0.000146250909087,0.0348620860622024,213
1,[],22,[],2019-01-29 17:09:59,276400.0,0.00000002,0.0000000000006851960000000001,6530362,2019-01-29 17:09:59,BTC,70.22563965,0.0,0.00000002,BTC,269624.63907173084,0.0,0.004714,216
1,[],27,[],2019-01-29 17:10:01,5077845.0,0.00000011,0.000000000003768578,6530363,2019-01-29 17:10:01,btc,698.85574826316,42830.041,0.00000011,"btc,ltc",267561.13311,0.021415020000000905,0.0524925,216
1,[],22,[],2019-01-29 17:10:06,271474.482503991,0.00000231,0.000000000079140138,6530364,2019-01-29 17:10:06,BTC,12677.83318205,0.0,0.00000231,BTC,377648.25183781894,0.06399463,0.369381,217
1,[],7,[],2019-01-29 17:10:07,0.0,0,0,6530365,2019-01-29 17:10:07,btc,302.63931663911063,0.0,0,btc,140340320.6214003,0.0,0.0,219
0,[],27,[],2019-01-29 17:10:09,0.0,0,0,6530366,2019-01-29 17:10:09,,0.0747309448198,0.0,0,btc,1605140.29226592,0.0,0.0,219
0.0000000000000056,[],28,[],2019-01-29 17:10:19,202434014.518,4.76e-18,1.6307664800000003e-22,6530367,2019-01-29 17:10:19,doge,84554.0293717675,29933.997,0.00085000,"btc,doge",4419437.84751,0.0,1.4338668935283785e-11,219
1,[],22,[],2019-01-29 17:10:22,203718.0,0.00000055,0.00000000001884289,6530368,2019-01-29 17:10:22,BTC,2.38898712,0.0,0.00000055,BTC,30954.905658528754,0.00183632,0.02094473,221
1,[],24,[],2019-01-29 17:10:23,0.0,0.000000550000,0.00000000001884289,6530369,2019-01-29 17:10:23,btc,0.0,0.0,0.000000550000,btc,0.0,0.0,0.0,221
1,[],26,[],2019-01-29 17:10:23,0.0,0.00000002,0.0000000000006851960000000001,6530370,2019-01-29 17:10:23,btc,0.0,11193.0,0.00000002,btc,0.0,0.0,0.0,231
1,[],26,[],2019-01-29 17:10:23,0.0,0.00000004,0.0000000000013703920000000001,6530371,2019-01-29 17:10:23,btc,0.0,273.0,0.00000004,btc,0.0,0.0,0.0,234
0,[],27,[],2019-01-29 17:10:26,0.0,0,0,6530372,2019-01-29 17:10:26,,0.0113483662182,0.0,0,"btc,eth",11462.99618,0.0,0.0,234
0.0000000000905551,[],22,[],2019-01-29 17:10:29,7995883.5,1.8111019999999997e-18,6.20479922996e-23,6530373,2019-01-29 17:10:29,LTC,3.50576403,0.0,0.00000002,LTC,93931285.71349207,9.963303144276e-12,0.07995903,235
1,[],4,[],2019-01-29 17:10:30,2262383.5521429,0.00000077,0.000000000026380046,6530374,2019-01-29 17:10:30,btc,0.1413437135665219,0.0,0.00000077,btc,122445.57641163,0.02323012,0.2063108442015269,236
1,[],24,[],2019-01-29 17:10:30,0.0,0.000000010000,0.00000000000034259800000000003,6530375,2019-01-29 17:10:30,btc,0.0,0.0,0.000000010000,btc,0.0,0.0,0.0,236
1,[],20,[],2019-01-29 17:10:32,183289399.9711,0.000000065,0.000000000002226887,6530376,2019-01-29 17:10:32,btc,14.2332798293163,22212018.0694,0.000000065,btc,23867463.8193,1.453116463567,0.4380749048799,237
1,[],22,[],2019-01-29 17:10:36,10000.0,0.00000001,0.00000000000034259800000000003,6530377,2019-01-29 17:10:36,BTC,0.04134357,0.0,0.00000001,BTC,9254.2,0.0,0.0001,237
1,[],4,[],2019-01-29 17:10:37,4264994.68534467,0.00000032,0.000000000010963136000000001,6530378,2019-01-29 17:10:37,btc,0.4133338552512476,0.0,0.00000032,btc,1181280.95962777,0.18788668,1.242685493246401,238
1,[],5,[],2019-01-29 17:10:38,3.64e-06,0.00000031,0.000000000010620538,6530379,2019-01-29 17:10:38,btc,0.75896337,0.00247343,0.00000031,btc,2.855e-05,0.0,0.31000704,238
1,[],22,[],2019-01-29 17:10:42,261262.85,0.00000005,0.00000000000171299,6530380,2019-01-29 17:10:42,BTC,15.41036372,0.0,0.00000005,BTC,242601.34828947368,0.0,0.00866469,249
0.0000000000905551,[],22,[],2019-01-29 17:10:45,1803042.0,9.055509999999999e-19,3.10239961498e-23,6530381,2019-01-29 17:10:45,LTC,0.67522372,0.0,0.00000001,LTC,15272245.015,1.368283938796e-12,0.01803042,252
1,[],28,[],2019-01-29 17:10:50,2048897.319,0.00000008,0.0000000000027407840000000002,6530382,2019-01-29 17:10:50,btc,164692.84104679496,12532.7,0.00000008,btc,1291178.2807,0.0,0.07545856627,256
0,[],27,[],2019-01-29 17:10:52,0.0,0,0,6530383,2019-01-29 17:10:52,,4.96668,0.0,0,"btc,eth",90.59,0.0,0.0,257
1,[],22,[],2019-01-29 17:10:56,189785.0,0.00000004,0.0000000000013703920000000001,6530384,2019-01-29 17:10:56,BTC,35605.55906772,0.0,0.00000004,BTC,479227.71026957524,0.001205,0.00238085,258
1,[],22,[],2019-01-26 20:58:41,368451.0,0.00000001,0.000000000000356135,6510120,2019-01-26 20:58:41,BTC,2.642917,0.0,0.00000001,"BTC,LTC",1862.0,0.0,0.02488451,259
1,[],22,[],2019-01-29 17:11:00,3440.8449032258063,0.00000775,0.00000000026551345,6530385,2019-01-29 17:11:00,BTC,4.68663743,0.0,0.00000775,BTC,6070.145866142444,0.00016149,0.02375359,262
1,[],5,[],2019-01-29 17:11:02,0.00019307,0.00000590,0.00000000020213282,6530386,2019-01-29 17:11:02,btc,34.05784029,1.66399321,0.00000590,btc,0.01566473,0.0,0.37365158,264
1,[],20,[],2019-01-29 17:11:03,1201063.0529,0.000002112,0.0000000000723566976,6530387,2019-01-29 17:11:03,btc,5.6836015269711,43332.1544,0.000002112,btc,94925.9248,0.292731616544,0.0387761060594,264
1,[],22,[],2019-01-29 17:11:08,164704.0,0.00000003,0.000000000001027794,6530388,2019-01-29 17:11:08,BTC,2094.99124196,0.0,0.00000003,BTC,244760.0959888626,1.5e-06,0.00394586,271
0,[],22,[],2019-01-29 17:11:10,0.0,0,0,6530389,2019-01-29 17:11:10,,242.59396368,0.0,0,,12792025291.9,0.0,0.0,272
0.0000000000000056,[],28,[],2019-01-29 17:11:15,214797489646.683,5.3200000000000004e-21,1.8226213600000001e-25,6530390,2019-01-29 17:11:15,doge,51991903.72514868,34700581697.0552,0.00000095,doge,150152149886.56198,0.0,5.805294736240074e-10,272
