pairValue,buyBook,exchangeId,sellBook,updated,buyTotal,satoshiPrice,usdPrice,exchangeLogId,created,bestPair,sellTotalBtc,volume,pairPrice,activePairs,sellTotal,volumeBtc,buyTotalBtc,coinId
1,[],3,[],2019-02-01 14:53:29,133.115610070721,0.01269679999999999940596406844406374148093163967132568359375,0.00000044045707072,6558504,2019-02-01 14:53:29,btc,107.00252984231551,0.037429019608,0.01269679999999999940596406844406374148093163967132568359375,btc,13.689770527064,0.0,0.4891505571088683,1
1,[],4,[],2019-02-01 14:53:30,25073.39223714,0.01250002,0.000000433630693808,6558505,2019-02-01 14:53:30,btc,0.9161760614752017,0.0,0.01250002,btc,68.67089834,0.26586028,1.1801648282399193,1
1,[],5,[],2019-02-01 14:53:31,0.22742023,0.01260149,0.000000437150728696,6558506,2019-02-01 14:53:31,btc,14578.4272724,0.04654948,0.01260149,btc,35555556.26533338,0.0,1.42596267,1
1,[],10,[],2019-02-01 14:53:35,272730.85872747,0.01218199,0.000000422598105896,6558507,2019-02-01 14:53:35,btc,6536.952268594132,1050.82573917,0.01218199,btc,969.84580274,0.0,5.187836196870454,1
1,[],12,[],2019-02-01 14:53:38,10418.87335874,0.0125199999999999998789856903158579370938241481781005859375,0.000000434323808,6558508,2019-02-01 14:53:38,btc,0.5549660526833,0.0,0.0125199999999999998789856903158579370938241481781005859375,btc,37.79551561,0.7849879267162,0.1372627016944,1
1,[],20,[],2019-02-01 14:53:43,1352.3278,0.010500101,0.0000003642527037304,6558509,2019-02-01 14:53:43,btc,0.0564711704203,0.0,0.010500101,btc,2.4781,0.0,0.1036263430751,1
1,[],21,[],2019-02-01 14:53:44,2250.25296387,0.01253301000000000067768901602,0.000000434775130104,6558510,2019-02-01 14:53:44,btc,15.415407737586794,5544.95342714,0.0125330100000000006776890160153925535269081592559814453125,"btc,eth",1708.9227465,66.85146936158668,20.894073678904885,1
1,[],22,[],2019-02-01 14:53:50,0.0263776,0.01350000,0.0000004683204,6558511,2019-02-01 14:53:50,BTC,0.31397231,0.0,0.01350000,BTC,0.10124366666666666,0.0,0.00034472,1
1,[],24,[],2019-02-01 14:53:50,0.0,0.000000000000,0,6558512,2019-02-01 14:53:50,btc,0.0,0.0,0.000000000000,btc,0.0,0.0,0.0,1
0.0,[],25,[],2019-02-01 14:53:51,0.0,0,0,6558513,2019-02-01 14:53:51,btc,21.862099997638886,1047.77339904,0.0,btc,1677.63018248,13.29,0.0,1
1,[],26,[],2019-02-01 14:55:13,0.0,0,0,6558514,2019-02-01 14:55:13,,0.0,0.0,0,,0.0,0.0,0.0,1
1,[],28,[],2019-02-01 14:55:20,987.9,0.01131000,0.000000392348424,6558515,2019-02-01 14:55:20,btc,0.162839806,17738.0,0.01131000,btc,8.9,0.0,0.024551096,1
0,[],2,[],2019-01-20 23:28:45,0.0,0,0,6477011,2019-01-20 23:28:45,,0.0,0.0,0,,0.0,0.0,0.0,1
1,[],5,[],2019-02-01 14:55:21,1.856e-05,0.00000067,0.000000000023242568,6558516,2019-02-01 14:55:21,btc,0.15270896,0.03929428,0.00000067,btc,7.078e-05,0.0,0.45017501,2
0,[],22,[],2019-02-01 14:55:32,0.0,0,0,6558517,2019-02-01 14:55:32,,0.0,0.0,0,,0.0,0.0,0.0,2
1,[],5,[],2019-02-01 14:55:33,1.42e-06,0.00000017,0.000000000005897368,6558518,2019-02-01 14:55:33,btc,3.84839543,0.1545889,0.00000017,btc,2.267e-05,0.0,3.63131235,3
1,[],12,[],2019-02-01 14:55:34,12412608.82393346,0.000000169,0.0000000000058626776,6558519,2019-02-01 14:55:34,btc,921319.8982193783,0.0,0.000000169,btc,7940422.30933175,0.04644269672199263,0.534475779838619,3
0,[],28,[],2019-02-01 14:55:39,0.0,0,0,6558520,2019-02-01 14:55:39,,0.0,0.0,0,,0.0,0.0,0.0,3
0,[],2,[],2019-01-20 23:31:32,0.0,0,0,6477077,2019-01-20 23:31:32,,0.0,0.0,0,,0.0,0.0,0.0,4
1,[],4,[],2019-02-01 14:55:40,389166.71216858,0.00000035,0.00000000001214164,6558521,2019-02-01 14:55:40,btc,0.3989155828286965,0.0,0.00000035,btc,331261.60471303,0.00281198,0.0496484976148748,4
1,[],12,[],2019-02-01 12:36:34,1565348.34018182,0.00000011,0.000000000003823754,6557537,2019-02-01 12:36:34,btc,11049256.061877057,0.0,0.00000011,btc,841172.64554192,1.028437514715614,0.0337578504400002,5
0,[],2,[],2019-01-20 23:31:51,0.0,0,0,6477087,2019-01-20 23:31:51,,0.0,0.0,0,,0.0,0.0,0.0,6
1,[],11,[],2019-02-01 14:55:42,4108955.5,0.00000001,0.000000000000346904,6558522,2019-02-01 14:55:42,btc,9433.354690630316,300000.0,0.00000001,btc,41722490.45717939,0.0,0.041089555,6
1,[],3,[],2019-02-01 14:55:43,1069.652384675756,0.000150559999999999995050348200464895853656344115734100341796875,0.000000005222986624,6558523,2019-02-01 14:55:43,btc,28.510202753279106,0.0,0.000150559999999999995050348200464895853656344115734100341796875,btc,234.145665820227,0.0,0.030997767816609203,7
1,[],4,[],2019-02-01 14:55:44,26317.73726779,0.00017130,0.00000000594246552,6558524,2019-02-01 14:55:44,btc,2.037411370817612,0.0,0.00017130,btc,10653.2518541,5.38840315,4.068426022939038,7
1,[],5,[],2019-02-01 14:55:46,0.00526801,0.00017026,0.000000005906387504,6558525,2019-02-01 14:55:46,btc,1.11124542,0.3785669,0.00017026,btc,0.0112147,0.0,1.69036646,7
1,[],20,[],2019-02-01 14:55:51,62771509.8802,0.000000001,0.0000000000000346904,6558526,2019-02-01 14:55:51,btc,136.3892062542774,0.0,0.000000001,btc,29825029.7669,0.0,0.0627715098802,8
1,[],1,[],2019-02-01 14:55:52,1203019.56,0.0000018500000000000000751026844880708921436962555162608623504638671875,0.00000000006417724,6558527,2019-02-01 14:55:52,btc,2.177935865,15256178.05,0.0000018500000000000000751026844880708921436962555162608623504638671875,btc,1154150.18,27.68523011,2.1744450633,9
1,[],4,[],2019-02-01 14:55:52,1166736.40024574,0.00000181,0.000000000062789624,6558528,2019-02-01 14:55:52,btc,0.9351438957360941,0.0,0.00000181,btc,484685.32208446,0.76371396,0.4798647399723821,9
1,[],28,[],2019-02-01 14:55:57,34500.0,0.00000165,0.00000000005723916,6558529,2019-02-01 14:55:57,btc,2708.75028702,3583164.0,0.00000165,btc,7642.68,0.0,0.02854,9
0,[],2,[],2019-01-20 23:22:42,0.0,0,0,6476876,2019-01-20 23:22:42,,0.0,0.0,0,,0.0,0.0,0.0,9
0,[],23,[],2019-01-20 23:22:48,0.0,0,0,6476878,2019-01-20 23:22:48,,0.0,0.0,0,,0.0,0.0,0.0,9
1,[],4,[],2019-02-01 14:55:58,7671282.56126053,0.00000002,0.000000000000693808,6558530,2019-02-01 14:55:58,btc,0.2016722631640986,0.0,0.00000002,btc,4035993.99941361,0.00016824,0.0821381418452106,10
1,[],4,[],2019-02-01 14:56:00,4190271.69098792,0.00000136,0.000000000047178944,6558531,2019-02-01 14:56:00,btc,1.6276847363866493,0.0,0.00000136,btc,1146905.61053205,1.21858268,2.4140701898668486,12
1,[],5,[],2019-02-01 14:56:02,1.545e-05,0.00000134,0.000000000046485136,6558532,2019-02-01 14:56:02,btc,0.4910644,0.88406978,0.00000134,btc,0.00011691,0.0,0.39767351,12
0.0,[],25,[],2019-02-01 14:56:04,0.0,0,0,6558533,2019-02-01 14:56:04,,0.0,0.0,0.0,btc,0.0,0.0,0.0,12
0,[],2,[],2019-01-20 23:23:08,0.0,0,0,6476890,2019-01-20 23:23:08,,0.0,0.0,0,,0.0,0.0,0.0,12
1,[],4,[],2019-02-01 14:56:05,341682.08765666,0.00000642,0.000000000222712368,6558534,2019-02-01 14:56:05,btc,0.3887081329106412,0.0,0.00000642,btc,55680.12782586,0.72412153,1.5413755794362516,13
1,[],21,[],2019-02-01 14:56:08,1376783.6476924,0.000006459999999999999982958510253,0.000000000224099984,6558535,2019-02-01 14:56:08,btc,6.006627630959542,307335.4975028,0.0000064599999999999999829585102528728413062708568759262561798095703125,btc,843493.97088506,2.0166286,7.391062760079629,13
1,[],10,[],2019-02-01 14:46:26,560676.55463004,0.00000623,0.00000000021575113,6558342,2019-02-01 14:46:26,btc,666809.556551917,8570.53452875,0.00000623,btc,726011.52467063,0.0,0.7905665327058653,13
1,[],4,[],2019-02-01 14:56:09,1061011.72588611,0.00000168,0.000000000058279872,6558536,2019-02-01 14:56:09,btc,0.1320842178006631,0.0,0.00000168,btc,58351.81711153,0.06910361,0.3490331407965699,14
1,[],12,[],2019-02-01 14:56:10,88413.42857143,0.000001599999999999999927596978921418013896982301957905292510986328125,0.00000000005550464,6558537,2019-02-01 14:56:10,btc,1.7849179549918974,0.0,0.000001599999999999999927596978921418013896982301957905292510986328125,btc,37481.02790298,0.0013512540635479,0.0130296400000016,14
1,[],26,[],2019-02-01 14:56:10,0.0,0,0,6558538,2019-02-01 14:56:10,,0.0,0.0,0,,0.0,0.0,0.0,14
0,[],17,[],2019-02-01 14:46:31,0.0,0,0,6558346,2019-02-01 14:46:31,btc,0.0,0.0,0,btc,0.0,0.0,0.0,14
0,[],4,[],2019-02-01 14:56:11,0.0,0,0,6558539,2019-02-01 14:56:11,,0.0,0.0,0,,0.0,0.0,0.0,15
,[],12,[],2018-12-01 15:15:48,204241.84496,0.00000489,0.000000000202473384,5260204,2018-12-01 15:15:48,btc,49.5475654835,0.0,,btc,35763.2193806,0.0163153972027625,0.0203389899998,15
1,[],4,[],2019-02-01 14:56:12,23734.40465122,0.00001782,0.000000000618182928,6558540,2019-02-01 14:56:12,btc,1.2346373118628138,0.0,0.00001782,btc,7810.6012157,0.0402596,0.0578564246908909,18
1,[],10,[],2019-02-01 14:56:14,398494.34376819,0.00001693,0.000000000587308472,6558541,2019-02-01 14:56:14,btc,15.540558318785054,12826.6235177,0.00001693,btc,10161.92180912,0.0,0.3223313683182806,18
1,[],12,[],2019-02-01 14:56:15,201411.92600033,0.0000176000000000000008976326626441988310034503228962421417236328125,0.00000000061055104,6558542,2019-02-01 14:56:15,btc,0.1840905349728679,0.0,0.0000176000000000000008976326626441988310034503228962421417236328125,btc,1626.89904917,0.0,0.0284013372031067,18
0,[],17,[],2019-02-01 14:56:17,0.0,0,0,6558543,2019-02-01 14:56:17,btc,0.0,0.0,0,btc,0.0,0.0,0.0,18
0,[],2,[],2019-01-20 23:23:38,0.0,0,0,6476906,2019-01-20 23:23:38,,0.0,0.0,0,,0.0,0.0,0.0,18
1,[],3,[],2019-02-01 14:56:18,108656.40270791356,0.00003049999999999999936097123953704368659600731916725635528564453125,0.0000000010580572,6558544,2019-02-01 14:56:18,btc,0.5053485461280083,0.0,0.00003049999999999999936097123953704368659600731916725635528564453125,btc,5470.223200813632,0.0,0.09718100493169825,19
1,[],4,[],2019-02-01 14:56:18,59964.91157463,0.00003232,0.000000001121193728,6558545,2019-02-01 14:56:18,btc,0.4491879637032998,0.0,0.00003232,btc,12387.38869636,0.41165528,1.1885647348667938,19
1,[],5,[],2019-02-01 14:56:20,0.00041293,0.00003156,0.000000001094829024,6558546,2019-02-01 14:56:20,btc,0.30868617,0.0,0.00003156,btc,0.00341288,0.0,0.23877223,19
1,[],12,[],2019-02-01 14:56:20,133620.58795901,0.0000270100000000000005882794251732548218569718301296234130859375,0.000000000936987704,6558547,2019-02-01 14:56:20,btc,1.9915753591495362,0.0,0.0000270100000000000005882794251732548218569718301296234130859375,btc,453.27457877,0.0005314985016975,0.0323713200000142,19
0,[],27,[],2019-02-01 14:56:22,0.0,0,0,6558548,2019-02-01 14:56:22,,0.0,0.0,0,btc,0.0,0.0,0.0,19
0,[],2,[],2019-01-20 23:24:19,0.0,0,0,6476924,2019-01-20 23:24:19,,0.0,0.0,0,,0.0,0.0,0.0,19
1,[],4,[],2019-02-01 14:56:24,9013799.43885938,0.00000013,0.000000000004509752,6558549,2019-02-01 14:56:24,btc,0.8119940963808697,0.0,0.00000013,btc,1597393.93239221,0.0,0.3454124081715698,20
1,[],4,[],2019-02-01 14:56:24,118902898.57822224,0.00000002,0.000000000000693808,6558550,2019-02-01 14:56:24,btc,0.6235259353252864,0.0,0.00000002,btc,14973932.01093911,0.01002004,1.3878375557742852,21
1,[],12,[],2019-02-01 14:56:26,18807726.0,0.00000002,0.000000000000693808,6558551,2019-02-01 14:56:26,btc,668.0412868135277,0.0,0.00000002,btc,8451312.66333932,0.0115407495104895,0.24909104,21
0,[],17,[],2019-02-01 14:46:53,0.0,0,0,6558361,2019-02-01 14:46:53,btc,0.0,0.0,0,btc,0.0,0.0,0.0,21
1,[],12,[],2019-02-01 14:56:28,2486863247.531895,0.0000000001,0.00000000000000346904,6558552,2019-02-01 14:56:28,btc,1729404715475.8184,0.0,0.0000000001,btc,5042350124.744487,0.0047344241,0.24868632475318952,23
0,[],27,[],2019-02-01 14:56:30,0.0,0,0,6558553,2019-02-01 14:56:30,,0.424699,0.0,0,eth,424699.0,0.0,0.0,23
1,[],4,[],2019-02-01 14:56:31,880174.11130916,0.00000079,0.000000000027405416,6558554,2019-02-01 14:56:31,btc,0.0832894609828065,0.0,0.00000079,btc,71581.58528049,0.00291726,0.3691791297779411,24
1,[],22,[],2019-02-01 14:56:34,11.76,0.00000100,0.000000000034690400000000003,6558555,2019-02-01 14:56:34,BTC,7.415e-05,0.0,0.00000100,BTC,23.919354838709676,0.0,1.176e-05,24
0.0,[],25,[],2019-02-01 14:56:36,0.0,0,0,6558556,2019-02-01 14:56:36,,0.0,0.0,0.0,btc,0.0,0.0,0.0,24
1,[],4,[],2019-02-01 14:56:36,27066092.90095139,0.00000624,0.000000000216468096,6558557,2019-02-01 14:56:36,btc,0.2447810498106336,0.0,0.00000624,btc,24809.65270191,0.07701958,0.4217252032169011,26
1,[],10,[],2019-02-01 14:56:38,726180.82270329,0.00000658,0.000000000228262832,6558558,2019-02-01 14:56:38,btc,27.983532760280873,388.8110388,0.00000658,btc,13249.47153674,0.0,0.2090003942556441,26
0,[],2,[],2019-01-20 23:25:56,0.0,0,0,6476976,2019-01-20 23:25:56,,0.0,0.0,0,,0.0,0.0,0.0,26
1,[],3,[],2019-02-01 14:47:09,10128562.74619233,0.00000002,0.00000000000069262,6558369,2019-02-01 14:47:09,btc,3.021080152516787,378235.459326,0.00000002,btc,17210572.17644055,0.0,0.1237449545353323,27
1,[],5,[],2019-02-01 14:47:11,3e-08,0.00000002,0.00000000000069262,6558370,2019-02-01 14:47:11,btc,1.51863984,0.07076906,0.00000002,btc,4.69e-05,0.0,0.13304424,27
1,[],11,[],2019-02-01 14:47:13,10615374.41182718,0.00000005,0.0000000000017315499999999998,6558371,2019-02-01 14:47:13,btc,370.5931920764931,1000.0,0.00000005,btc,8220964.80991447,0.0,0.4936394994767663,27
1,[],4,[],2019-02-01 14:47:14,168913512.5706421,0.00000003,0.0000000000010389299999999999,6558372,2019-02-01 14:47:14,btc,3.8929562643768745,0.0,0.00000003,"btc,ltc",145763669.4172974,0.23603724,1.8241693115090185,29
1,[],7,[],2019-02-01 14:47:16,37851661.22245931,0.00000003,0.0000000000010389299999999999,6558373,2019-02-01 14:47:16,btc,44465206.164387055,1065830.03007,0.00000003,btc,39560647.66978831,0.0,0.6675125753292476,29
1,[],4,[],2019-02-01 14:56:40,1381457.814211,0.00000030,0.00000000001040712,6558559,2019-02-01 14:56:40,btc,0.278932137175071,0.0,0.00000030,btc,567414.78154317,0.02805678,0.0826324033510662,30
0,[],17,[],2019-02-01 14:56:41,0.0,0,0,6558560,2019-02-01 14:56:41,btc,0.0,0.0,0,btc,0.0,0.0,0.0,30
1,[],4,[],2019-02-01 14:56:43,1136390.49419628,0.00007645,0.00000000265208108,6558561,2019-02-01 14:56:43,btc,2.2283326978811333,0.0,0.00007645,btc,25268.18393781,1.21238705,2.4838361385497754,31
1,[],21,[],2019-02-01 14:56:44,49489.47451427,0.00007650999999999999760715713171,0.000000002654162504,6558562,2019-02-01 14:56:44,btc,2.5390799577779566,113432.56981396,0.000076509999999999997607157131707111830110079608857631683349609375,btc,31383.88056868,8.67717454,3.4012308362608072,31
0,[],2,[],2019-01-20 23:28:43,0.0,0,0,6477009,2019-01-20 23:28:43,,0.0,0.0,0,,0.0,0.0,0.0,32
1,[],4,[],2019-02-01 14:56:46,148489659.18229815,0.00000006,0.000000000002081424,6558563,2019-02-01 14:56:46,btc,3.2256189901411774,0.0,0.00000006,"btc,ltc",54945700.47465917,0.40977098,2.193168801061603,33
1,[],12,[],2019-02-01 14:56:48,20020868.0,0.00000006,0.0000000000020814239999999997,6558564,2019-02-01 14:56:48,btc,17261782.155523982,0.0,0.00000006,btc,88438611.83716267,0.00161629986014,0.77364357,33
1,[],4,[],2019-02-01 14:47:23,109456890.63915794,0.00000002,0.00000000000069262,6558378,2019-02-01 14:47:23,btc,0.7635704372908659,0.0,0.00000002,btc,25452347.90969553,0.81352357,1.0947193269315794,34
1,[],5,[],2019-02-01 14:47:25,1e-08,0.00000001,0.00000000000034631,6558379,2019-02-01 14:47:25,btc,3.96122894,0.07962609,0.00000001,btc,1.394e-05,0.0,0.78648773,34
0.00000000009333839999999999,[],4,[],2019-02-01 14:56:48,1497571227.0152063,3.7335359999999996e-18,1.295178572544e-22,6558565,2019-02-01 14:56:48,ltc,7.986101832896042e-09,0.0,0.00000004,ltc,1650141465.621473,0.0,2.4444732526261973e-09,36
1,[],5,[],2019-02-01 14:56:51,0.0,0,0,6558566,2019-02-01 14:56:51,btc,203.09660883,0.0,0,btc,1.295e-05,0.0,0.0,36
0,[],17,[],2019-02-01 14:56:53,0.0,0,0,6558567,2019-02-01 14:56:53,btc,0.08200904473500588,0.0,0,btc,5842697.91583647,0.0,0.0,36
0.00000000009333839999999999,[],27,[],2019-02-01 14:56:55,2000000.0,1.8667679999999998e-18,6.47589286272e-23,6558568,2019-02-01 14:56:55,ltc,447.7310973004,0.0,0.00000002,"ltc,eth",3711879.16,0.0,2.800152e-12,36
1,[],4,[],2019-02-01 14:56:57,446564.88274385,0.00000153,0.000000000053076312,6558569,2019-02-01 14:56:57,btc,0.3487147004759898,0.0,0.00000153,btc,184029.18186887,0.12240575,0.4134737333524337,37
1,[],12,[],2019-02-01 14:56:59,491004.98736528,0.000001529999999999999962528346615642238504051420022733509540557861328125,0.000000000053076311999999996,6558570,2019-02-01 14:56:59,btc,1337.7039557537832,0.0,0.000001529999999999999962528346615642238504051420022733509540557861328125,btc,749754.06453491,0.1752438479252994,0.4061240304933323,37
1,[],17,[],2019-02-01 14:57:00,1752.74075282,0.00000025,0.0000000000086726,6558571,2019-02-01 14:57:00,btc,0.05548731396442556,0.0,0.00000025,btc,1388.79251806,0.0,0.00043818518820499993,37
1,[],27,[],2019-02-01 14:57:02,16843.0,0.00000046,0.000000000015957584,6558572,2019-02-01 14:57:02,btc,24.48470116075057,0.0,0.00000046,btc,5273.48447516,0.0,0.00561124,37
1,[],5,[],2019-02-01 14:57:05,1.285e-05,0.00000090,0.00000000003122136,6558573,2019-02-01 14:57:05,btc,0.10890081,0.06411955,0.00000090,btc,0.00010618,0.0,0.04737963,42
1,[],12,[],2019-02-01 14:57:06,154901.6623085,0.00000110000000000000005610204141526242693771564518101513385772705078125,0.00000000003815944,6558574,2019-02-01 14:57:06,btc,85.09403495635138,0.0,0.00000110000000000000005610204141526242693771564518101513385772705078125,btc,55721.987145,0.1739463485885175,0.0552114400000003,42
0,[],27,[],2019-02-01 14:57:08,0.0,0,0,6558575,2019-02-01 14:57:08,,0.00315028,0.0,0,"btc,eth",11.007,0.0,0.0,42
1,[],5,[],2019-02-01 14:47:45,6e-08,0.00000003,0.0000000000010389299999999999,6558391,2019-02-01 14:47:45,btc,6.10276067,4.06e-06,0.00000003,btc,1.425e-05,0.0,0.53368313,43
1,[],12,[],2019-02-01 14:47:46,6545118.0,0.00000002,0.00000000000069262,6558392,2019-02-01 14:47:46,btc,20007456.464662522,0.0,0.00000002,btc,38831663.74765234,0.0,0.06548279,43
0,[],17,[],2019-02-01 14:47:48,0.0,0,0,6558393,2019-02-01 14:47:48,btc,0.0,0.0,0,btc,0.0,0.0,0.0,43
1,[],12,[],2019-02-01 14:57:09,947355.0,0.00000009,0.000000000003122136,6558576,2019-02-01 14:57:09,btc,11115205.9855424,0.0,0.00000009,btc,975125.49850148,0.0409027523476682,0.03189356,44
1,[],4,[],2019-02-01 14:57:10,261298804.5300096,0.00000003,0.000000000001040712,6558577,2019-02-01 14:57:10,btc,0.181593824811554,0.0,0.00000003,"btc,ltc",3731798.20244636,0.00560796,0.5492446155562375,49
0.00000000009333839999999999,[],4,[],2019-02-01 14:57:12,4380520675.230071,9.333839999999999e-19,3.23794643136e-23,6558578,2019-02-01 14:57:12,ltc,4.994394634648357,0.0,0.00000001,ltc,2175555815.911643,0.0,4.088707909928945e-09,52
0,[],22,[],2019-02-01 14:57:16,0.0,0,0,6558579,2019-02-01 14:57:16,,3693.709799,0.0,0,,259802666.90882352,0.0,0.0,57
0,[],27,[],2019-02-01 14:57:19,0.0,0,0,6558580,2019-02-01 14:57:19,,0.0,0.0,0,"btc,eth",0.0,0.0,0.0,57
0.00000000009333839999999999,[],4,[],2019-02-01 14:57:20,1400722704.0636563,5.600304e-18,1.942767858816e-22,6558581,2019-02-01 14:57:20,ltc,3.3101653429304942,0.0,0.00000006,ltc,1062516340.9318557,0.00062181,6.751759423332866e-09,58
1,[],12,[],2019-02-01 14:57:21,2286522813.282997,0.0000000006,0.00000000000002081424,6558582,2019-02-01 14:57:21,btc,685179811991.868,0.0,0.0000000006,btc,3147448394.33976,0.03749588485454546,0.8827564428645631,58
0.00000000012394010000000002,[],22,[],2019-02-01 14:57:26,137438.0,1.239401e-18,4.2995316450400005e-23,6558583,2019-02-01 14:57:26,XMR,69.8835922,0.0,0.00000001,XMR,9887963.0,0.0,0.00137438,58
0,[],17,[],2019-02-01 14:48:00,0.0,0,0,6558401,2019-02-01 14:48:00,btc,1e+24,0.0,0,btc,41461875.8285055,0.0,0.0,58
1,[],5,[],2019-02-01 14:57:27,6.94e-06,0.00000060,0.00000000002081424,6558584,2019-02-01 14:57:27,btc,0.46425477,0.01623085,0.00000060,btc,0.00014208,0.0,0.09175929,61
1,[],22,[],2019-02-01 14:57:31,5111.5,0.00000011,0.000000000003815944,6558585,2019-02-01 14:57:31,BTC,1002.29606732,0.0,0.00000011,BTC,15028.700278135757,0.0,0.00051178,61
1,[],26,[],2019-02-01 14:57:31,0.0,0,0,6558586,2019-02-01 14:57:31,,0.0,0.0,0,,0.0,0.0,0.0,61
0,[],27,[],2019-02-01 14:57:34,0.0,0,0,6558587,2019-02-01 14:57:34,,0.1550356,0.0,0,"btc,eth",155.72848,0.0,0.0,61
1,[],28,[],2019-02-01 14:57:36,6898.304,0.00000130,0.00000000004509752,6558588,2019-02-01 14:57:36,btc,2.064424118300105,780.0,0.00000130,btc,11198.17500005,0.0,0.00218011304,61
1,[],4,[],2019-02-01 14:57:37,1303547.80078033,0.00000177,0.000000000061402008,6558589,2019-02-01 14:57:37,btc,0.4970201053379989,0.0,0.00000177,btc,199477.90926031,0.08100893,0.96014135913387,67
0.0,[],25,[],2019-02-01 14:57:38,0.0,0,0,6558590,2019-02-01 14:57:38,,0.0,0.0,0.0,btc,0.0,0.0,0.0,67
1,[],12,[],2019-02-01 14:57:40,3100824.68300001,0.0000001,0.00000000000346904,6558591,2019-02-01 14:57:40,btc,16893710.22570976,0.0,0.0000001,btc,2195080.48111885,0.0009913775724287,0.0850054328411122,71
,[],5,[],2018-11-20 23:02:39,1.5e-07,0.00000005,0.000000000002128045,4862160,2018-11-20 23:02:39,btc,2.84511358,0.0,,btc,0.00036572,0.0,0.07381892,74
1,[],5,[],2019-01-25 15:53:51,3.303e-05,0.00000156,0.000000000055588884,6499610,2019-01-25 15:53:51,btc,1.42844212,0.0,0.00000156,btc,0.00015937,0.0,0.49487621,75
0,[],20,[],2019-01-25 09:30:31,0.0,0,0,6495923,2019-01-25 09:30:31,btc,0.0,0.0,0,btc,0.0,0.0,0.0,81
1,[],4,[],2019-02-01 14:48:35,70986551.36292337,0.00000001,0.00000000000034631,6558409,2019-02-01 14:48:35,btc,0.8204883517247847,0.0,0.00000001,btc,15308970.37745218,0.00299418,0.7098655136292337,81
1,[],4,[],2019-02-01 14:57:41,23725.86962387,0.00007400,0.0000000025670896,6558592,2019-02-01 14:57:41,btc,0.9297975838567034,0.0,0.00007400,btc,8530.66952527,0.00229861,0.0851575877389331,82
1,[],21,[],2019-02-01 14:57:41,87070.17749927,0.00007517999999999999509447956569,0.000000002608024272,6558593,2019-02-01 14:57:41,btc,3.7124666493194636,3921.53071577,0.00007517999999999999509447956569374582613818347454071044921875,btc,42214.009270200004,0.30328211,4.545462832018172,82
0,[],17,[],2019-02-01 14:57:43,0.0,0,0,6558594,2019-02-01 14:57:43,btc,0.0447233088476774,0.0,0,btc,999127.19588126,0.0,0.0,84
0.00000000009318419999999999,[],4,[],2019-02-01 14:48:39,180088435.23709792,1.3045787999999998e-17,4.51788684228e-22,6558413,2019-02-01 14:48:39,ltc,0.1975418248813328,0.0,0.00000014,ltc,69856852.98296177,0.0,1.24537625517528e-09,85
,[],22,[],2018-11-20 23:09:34,3408.1,0.0000001,0.0000000000041895,4862324,2018-11-20 23:09:34,BTC,0.04624735,0.0,,BTC,4990.0,0.0,0.00033081,86
0,[],22,[],2019-02-01 14:57:45,0.0,0,0,6558595,2019-02-01 14:57:45,,2.07810912,0.0,0,,154826.94736842104,0.0,0.0,87
0,[],27,[],2019-02-01 14:57:47,0.0,0,0,6558596,2019-02-01 14:57:47,,0.0,0.0,0,btc,0.0,0.0,0.0,87
,[],2,[],2018-11-20 23:10:47,0.0,0,0,4862359,2018-11-20 23:10:47,,0.0,0.0,,,0.0,0.0,0.0,88
1,[],11,[],2019-02-01 14:48:46,106652.24266976,0.00018684999999999998810361334644625230794190429151058197021484375,0.0000000064708023499999995,6558416,2019-02-01 14:48:46,btc,235.66126554581902,321.7,0.00018684999999999998810361334644625230794190429151058197021484375,btc,184991.39558278,0.0,8.299587480901204,89
0,[],2,[],2019-01-20 23:31:45,0.0,0,0,6477083,2019-01-20 23:31:45,,0.0,0.0,0,,0.0,0.0,0.0,91
1,[],12,[],2019-02-01 14:57:48,519040.95202033,0.00000319999999999999985519395784283602779396460391581058502197265625,0.00000000011100928,6558597,2019-02-01 14:57:48,btc,4.605049406716332,0.0,0.00000319999999999999985519395784283602779396460391581058502197265625,btc,24315.17621534,0.02775828983714,0.1547199270587639,91
0,[],17,[],2019-02-01 14:57:50,0.0,0,0,6558598,2019-02-01 14:57:50,btc,0.0,0.0,0,btc,0.0,0.0,0.0,91
0.00000000009333839999999999,[],22,[],2019-02-01 14:57:54,27704795.57142857,6.533688e-18,2.266562501952e-22,6558599,2019-02-01 14:57:54,LTC,8.48382787,0.0,0.00000007,LTC,73749658.1,5.74697596176e-13,1.42417449,95
0.00000000009318419999999999,[],4,[],2019-02-01 14:48:54,132683582.44372287,9.9707094e-17,3.452956372314e-21,6558420,2019-02-01 14:48:54,ltc,1.3476708238332498,0.0,0.00000107,ltc,67776075.38868108,0.00153323,6.847651335211317e-10,96
1,[],12,[],2019-02-01 14:48:55,335159.0,0.00000001,0.00000000000034631,6558421,2019-02-01 14:48:55,btc,255063.39983959563,0.0,0.00000001,btc,7838370.33297676,0.00885799,0.00335159,96
0,[],17,[],2019-02-01 14:48:56,0.0,0,0,6558422,2019-02-01 14:48:56,btc,0.0,0.0,0,btc,0.0,0.0,0.0,96
1,[],4,[],2019-01-28 01:29:03,1472892.19429314,0.00000039,0.000000000013841295,6517118,2019-01-28 01:29:03,btc,0.30363706505258,0.0,0.00000039,btc,473598.41813208,0.02260545,0.1322524391209234,99
0,[],2,[],2019-01-20 23:23:55,0.0,0,0,6476914,2019-01-20 23:23:55,,0.0,0.0,0,,0.0,0.0,0.0,100
1,[],4,[],2019-02-01 14:57:55,203375.11649018,0.00005008,0.000000001737295232,6558600,2019-02-01 14:57:55,btc,1.494394387091958,0.0,0.00005008,btc,22878.85336912,5.52739022,1.8807379107093074,100
1,[],22,[],2019-02-01 14:49:01,50000.0,0.00000001,0.00000000000034631,6558424,2019-02-01 14:49:01,BTC,23.50383609,0.0,0.00000001,BTC,11277.22,0.0,0.0005,101
1,[],4,[],2019-02-01 14:49:02,134546.03347792,0.00000085,0.00000000002943635,6558425,2019-02-01 14:49:02,btc,0.397807868895353,0.0,0.00000085,btc,148707.52306498,0.00964005,0.063558069995723,103
1,[],12,[],2019-02-01 14:57:56,76400313.976,0.000000017,0.0000000000005897368,6558601,2019-02-01 14:57:56,btc,9138279102.390884,0.0,0.000000017,btc,146106435.91050878,0.11691137345573135,0.46022324264,105
1,[],27,[],2019-02-01 14:57:59,16282.89,0.00000001,0.000000000000346904,6558602,2019-02-01 14:57:59,btc,0.6918890613760939,0.0,0.00000001,btc,652681.93781977,0.0,0.0001628289,105
0,[],22,[],2019-02-01 14:58:01,0.0,0,0,6558603,2019-02-01 14:58:01,,1.07253299,0.0,0,,94300.0,0.0,0.0,107
1,[],26,[],2019-02-01 14:58:01,0.0,0,0,6558604,2019-02-01 14:58:01,,0.0,0.0,0,,0.0,0.0,0.0,107
1,[],5,[],2019-02-01 14:49:13,1e-08,0.00000001,0.00000000000034631,6558430,2019-02-01 14:49:13,btc,3.15989183,0.09691779,0.00000001,btc,1.589e-05,0.0,0.06660971,112
1,[],22,[],2019-02-01 14:49:18,1966.0,0.00000001,0.00000000000034631,6558431,2019-02-01 14:49:18,BTC,2.84243449,0.0,0.00000001,BTC,977103.5833333334,0.0,1.966e-05,112
0.0000000003087517,[],27,[],2019-02-01 14:49:21,500000.0,3.087517e-18,1.06923801227e-22,6558432,2019-02-01 14:49:21,eth,1.25356065,0.0,0.00000001,"btc,eth",1328.0,0.0,1.5437585e-12,112
1,[],4,[],2019-02-01 14:58:03,467911.5954514,0.00000376,0.000000000130435904,6558605,2019-02-01 14:58:03,btc,0.4999643308347734,0.0,0.00000376,btc,91484.28246299,0.08975696,0.2473489274751105,113
1,[],5,[],2019-02-01 14:58:04,2.707e-05,0.00000366,0.000000000126966864,6558606,2019-02-01 14:58:04,btc,2.15030551,0.0021892,0.00000366,btc,0.00294935,0.0,0.2020857,113
1,[],17,[],2019-02-01 14:49:24,212548.72400000002,0.00000004,0.00000000000138524,6558435,2019-02-01 14:49:24,btc,1.3368030274048888,0.00083281104,0.00000004,btc,51896.221,0.0,0.00460194896,116
0,[],27,[],2019-02-01 14:49:26,0.0,0,0,6558436,2019-02-01 14:49:26,,0.0,0.0,0,btc,0.0,0.0,0.0,116
1,[],4,[],2019-02-01 14:58:05,16723.93361737,0.00001890,0.00000000065564856,6558607,2019-02-01 14:58:05,btc,0.0984267708745846,0.0,0.00001890,btc,4404.62671323,0.08674291,0.2475693958350383,120
1,[],7,[],2019-02-01 14:58:06,2213.65981151,0.00001805000000000000167136270101675421528852893970906734466552734375,0.00000000062616172,6558608,2019-02-01 14:58:06,btc,90.08367788940953,0.0,0.00001805000000000000167136270101675421528852893970906734466552734375,btc,22523.05691053,0.0,0.0213357544121069,120
1,[],20,[],2019-02-01 14:49:32,1607251.0096,0.000000013,0.000000000000450203,6558439,2019-02-01 14:49:32,btc,33.7489478021123,0.0,0.000000013,btc,1074645.1507,0.0,0.0088351098642,125
1,[],22,[],2019-02-01 14:49:37,3053.0,0.00000001,0.00000000000034631,6558440,2019-02-01 14:49:37,BTC,0.01444889,0.0,0.00000001,BTC,296264.5111111111,0.0,3.053e-05,126
0,[],2,[],2019-01-20 23:25:46,0.0,0,0,6476969,2019-01-20 23:25:46,,0.0,0.0,0,,0.0,0.0,0.0,131
1,[],4,[],2019-02-01 14:49:38,102909.01727087,0.00001495,0.00000000051773345,6558441,2019-02-01 14:49:38,btc,0.5761307761266081,0.0,0.00001495,btc,29356.99747668,0.35064402,0.7523093921535036,131
0,[],17,[],2019-02-01 14:49:39,0.0,0,0,6558442,2019-02-01 14:49:39,btc,0.0008451375975800001,0.0,0,btc,30.89614684,0.0,0.0,131
1,[],4,[],2019-02-01 14:58:07,4632.76131905,0.00016003,0.000000005551504712,6558609,2019-02-01 14:58:07,btc,1.6404662814626652,0.0,0.00016003,btc,302.35845559,0.00040005,0.0147573233159675,135
1,[],3,[],2019-02-01 14:49:41,1880134.6140739701,0.00000008,0.00000000000277048,6558444,2019-02-01 14:49:41,btc,0.1653730275802762,4150.22777779,0.00000008,btc,377775.11296990997,0.0,0.0680524106703678,136
1,[],4,[],2019-02-01 14:49:42,105972.04103171,0.00000204,0.00000000007064724,6558445,2019-02-01 14:49:42,btc,0.4556862288500638,0.0,0.00000204,btc,172195.89119669,0.1668977,0.1542471706151796,137
1,[],12,[],2019-02-01 14:49:43,311363.08401297,0.000002120000000000000031120939159023919273749925196170806884765625,0.00000000007341772,6558446,2019-02-01 14:49:43,btc,11982.846341439905,0.0,0.000002120000000000000031120939159023919273749925196170806884765625,btc,125352.53004713,0.1426151733457232,0.0576175383546644,137
1,[],5,[],2019-02-01 14:58:09,0.00114116,0.00003601,0.000000001249201304,6558610,2019-02-01 14:58:09,btc,1.75826563,2.09985363,0.00003601,btc,0.00212993,0.0,1.30502982,142
1,[],17,[],2019-02-01 14:58:11,12500.0,0.0000001,0.00000000000346904,6558611,2019-02-01 14:58:11,btc,20.260986025855647,0.0,0.0000001,btc,5932.0,0.0,0.00125,142
1,[],22,[],2019-02-01 14:58:19,990.0,0.00001880,0.00000000065217952,6558612,2019-02-01 14:58:19,BTC,3.00453575,0.0,0.00001880,BTC,900.098,0.0,0.00022106,142
0.0,[],25,[],2019-02-01 14:58:20,0.0,0,0,6558613,2019-02-01 14:58:20,,0.0,0.0,0.0,btc,0.0,0.0,0.0,142
1,[],28,[],2019-02-01 14:58:25,78610.0,0.00002500,0.00000000086726,6558614,2019-02-01 14:58:25,btc,0.03619767585,1053.0,0.00002500,btc,722.8325,0.0,0.0293237,142
1,[],20,[],2019-02-01 14:49:48,149989.0201,0.000031002,0.000000001073630262,6558448,2019-02-01 14:49:48,btc,2.8044970912253,0.0,0.000031002,btc,12106.5227,0.0,0.2571908337273,142
0,[],22,[],2019-01-28 18:33:43,0.0,0,0,6521842,2019-01-28 18:33:43,,61.27958297,0.0,0,,815366265.8,0.0,0.0,143
1,[],21,[],2019-02-01 14:58:26,34134908.11679072,0.00000027,0.000000000009366408,6558615,2019-02-01 14:58:26,btc,52.56258818282947,4144199.91995753,0.00000027,btc,90541056.26741019,1.13653323,4.830998438004651,145
0,[],22,[],2019-02-01 14:50:00,0.0,0,0,6558453,2019-02-01 14:50:00,,4.31833784,0.0,0,,1417838.5,0.0,0.0,146
,[],22,[],2018-11-20 23:01:11,0.0,0,0,4862114,2018-11-20 23:01:11,,2.56807021,0.0,,,61828.4988236,0.0,0.0,147
1,[],12,[],2019-02-01 14:40:41,8692338.32669323,0.00000312000000000000019762728779848526272644448908977210521697998046875,0.00000000010809084,6558258,2019-02-01 14:40:41,btc,16.567913405676496,0.0,0.00000312000000000000019762728779848526272644448908977210521697998046875,btc,112830.83189148,0.0,0.1269873000000073,148
1,[],4,[],2019-02-01 14:50:01,209200.19053155,0.00000027,0.00000000000935037,6558454,2019-02-01 14:50:01,btc,0.6884510752891355,0.0,0.00000027,btc,503150.08636268,0.00026329,0.0421574566747385,152
0,[],22,[],2019-02-01 14:50:06,0.0,0,0,6558455,2019-02-01 14:50:06,,0.0,0.0,0,,0.0,0.0,0.0,152
1,[],5,[],2019-02-01 14:50:08,0.0,0,0,6558456,2019-02-01 14:50:08,btc,4.41264381,0.0,0,btc,0.00161275,0.0,0.0,153
,[],16,[],2019-01-11 15:38:59,0.0,0,0,6366141,2019-01-11 15:38:59,btc,0.0,0.0,,btc,0.0,0.0,0.0,155
0,[],23,[],2019-01-20 23:24:29,0.0,0,0,6476932,2019-01-20 23:24:29,,0.0,0.0,0,,0.0,0.0,0.0,156
0,[],22,[],2019-02-01 14:58:29,0.0,0,0,6558616,2019-02-01 14:58:29,,6.73310957,0.0,0,,4562882.742592593,0.0,0.0,156
1,[],22,[],2019-02-01 14:58:33,7906.0,0.00000801,0.000000000277870104,6558617,2019-02-01 14:58:33,BTC,43.78801181,0.0,0.00000801,BTC,1067.5805334758436,0.0,0.00743836,157
0,[],22,[],2019-02-01 14:50:20,0.0,0,0,6558459,2019-02-01 14:50:20,,50175.6753658,0.0,0,,54007107.04179466,0.0,0.0,158
,[],17,[],2018-11-20 22:56:10,0.0,0,0,4861976,2018-11-20 22:56:10,btc,1.1265625,0.0,,btc,1000.0,0.0,0.0,159
,[],20,[],2018-11-20 22:56:12,0.0,0,0,4861977,2018-11-20 22:56:12,btc,11912.7940471,0.0,,btc,34413894.3617,0.0,0.0,159
1,[],12,[],2019-02-01 14:58:35,189204.05713487,0.000009989999999999999219708370079562342880308278836309909820556640625,0.00000000034655709599999997,6558618,2019-02-01 14:58:35,btc,6.685380734018311,0.0,0.000009989999999999999219708370079562342880308278836309909820556640625,btc,14667.0499096,0.0043220625,0.09002237470001549,168
1,[],17,[],2019-02-01 14:58:37,29784.95,0.000001,0.0000000000346904,6558619,2019-02-01 14:58:37,btc,0.0353989844335,0.0,0.000001,btc,196.82520268,0.0,0.00716147,168
0,[],22,[],2019-02-01 14:50:25,0.0,0,0,6558462,2019-02-01 14:50:25,,1.13380276,0.0,0,,689102.5537281231,0.0,0.0,169
1,[],22,[],2019-02-01 14:50:29,74717.8,0.0000004,0.0000000000138524,6558463,2019-02-01 14:50:29,BTC,10.21746033,0.0,0.0000004,BTC,51331.33709954681,0.00648831,0.01342314,171
1,[],22,[],2019-02-01 14:50:48,158599.0,0.0000001,0.0000000000034631,6558464,2019-02-01 14:50:48,BTC,2.61876625,0.0,0.0000001,BTC,241507.5674200973,0.00263444,0.00769999,173
1,[],5,[],2019-02-01 14:41:12,4.4e-05,0.00000390,0.00000000013511355,6558269,2019-02-01 14:41:12,btc,0.42270482,0.00790369,0.00000390,btc,0.00033826,0.0,0.69831796,175
1,[],22,[],2019-02-01 14:58:42,142554.25714285715,0.00000037,0.000000000012835448,6558620,2019-02-01 14:58:42,BTC,0.6250375,0.0,0.00000037,BTC,161012.17417750834,0.00517251,0.01517392,176
1,[],7,[],2019-02-01 14:51:13,0.0,0,0,6558466,2019-02-01 14:51:13,btc,10965.659150693702,2118.88111887,0,btc,122977465.68292761,2.119e-05,0.0,178
0,[],22,[],2019-02-01 14:51:17,0.0,0,0,6558467,2019-02-01 14:51:17,,1.00242428,0.0,0,,57512.0,0.0,0.0,178
0,[],2,[],2019-01-20 23:28:34,0.0,0,0,6477001,2019-01-20 23:28:34,,0.0,0.0,0,,0.0,0.0,0.0,178
1,[],5,[],2019-02-01 14:51:18,6e-08,0.00000003,0.0000000000010389299999999999,6558468,2019-02-01 14:51:18,btc,16.86474753,0.20957497,0.00000003,btc,2.285e-05,0.0,1.38846561,179
1,[],22,[],2019-02-01 14:51:23,7842183.0,0.00000003,0.0000000000010389299999999999,6558469,2019-02-01 14:51:23,BTC,5.47650498,0.0,0.00000003,"BTC,LTC",17037933.401989967,0.00017,0.38978517,179
0,[],23,[],2019-01-20 23:25:08,0.0,0,0,6476952,2019-01-20 23:25:08,,0.0,0.0,0,,0.0,0.0,0.0,179
1,[],17,[],2019-02-01 14:41:27,10504.725,0.0000001,0.00000000000346445,6558275,2019-02-01 14:41:27,btc,5.206877489877199,0.0,0.0000001,btc,7465.6174587,0.0,0.0010504725,180
1,[],22,[],2019-02-01 14:41:32,8515.4,0.0000001,0.00000000000346445,6558276,2019-02-01 14:41:32,BTC,0.09633436,0.0,0.0000001,"BTC,LTC",16823.80336569223,0.0,0.00085154,180
1,[],26,[],2019-02-01 14:41:32,0.0,0,0,6558277,2019-02-01 14:41:32,,0.0,0.0,0,,0.0,0.0,0.0,180
,[],7,[],2018-11-20 22:58:01,562227.975654,0.00000085,0.000000000036176765,4862015,2018-11-20 22:58:01,btc,21836.6059674,2491.87645172,,btc,749999.041456,0.00211021,0.127565380455,183
1,[],24,[],2019-02-01 14:51:23,0.0,0.000000000001,3.4631e-17,6558470,2019-02-01 14:51:23,btc,0.0,0.0,0.000000000001,btc,0.0,0.0,0.0,187
,[],5,[],2019-01-10 08:11:41,0.0,0,0,6347036,2019-01-10 08:11:41,btc,82.15055501,0.00261,,btc,1.19002445,0.0,0.0,187
,[],17,[],2018-11-16 20:58:10,4062536.27273,0.00000001,0.000000000000550501,4708775,2018-11-16 20:58:10,btc,3.36492563466,0.195460381006,,"btc,eth",110697919.549,0.0,0.0157628953496,187
0,[],22,[],2019-02-01 14:51:26,0.0,0,0,6558471,2019-02-01 14:51:26,,1.19382741,0.0,0,,13380.036201072173,0.0,0.0,191
0,[],22,[],2019-01-29 02:57:02,0.0,0,0,6524994,2019-01-29 02:57:02,,0.0,0.0,0,,0.0,0.0,0.0,197
1,[],26,[],2019-02-01 14:51:27,0.0,0,0,6558472,2019-02-01 14:51:27,,0.0,0.0,0,,0.0,0.0,0.0,199
0,[],23,[],2019-01-20 23:31:41,0.0,0,0,6477079,2019-01-20 23:31:41,,0.0,0.0,0,,0.0,0.0,0.0,199
0,[],17,[],2019-01-30 16:32:01,0.0,0,0,6540827,2019-01-30 16:32:01,btc,6.802544163788159,0.0,0,btc,105897.55575295,0.0,0.0,200
0,[],2,[],2019-01-20 23:30:49,0.0,0,0,6477059,2019-01-20 23:30:49,,0.0,0.0,0,,0.0,0.0,0.0,201
1,[],4,[],2019-01-25 15:51:35,2084389.58565343,0.00000936,0.000000000333526752,6499557,2019-01-25 15:51:35,btc,2.0092503037378524,0.0,0.00000936,btc,160195.80207885,0.19272417,1.242687955921835,211
1,[],7,[],2019-02-01 14:51:30,19975274.12777096,0.000001340000000000000087593235616190145975679115508683025836944580078125,0.00000000004640554,6558473,2019-02-01 14:51:30,btc,16567793.264192108,1376911.41054,0.000001340000000000000087593235616190145975679115508683025836944580078125,btc,11760740.40378441,0.0,6.153466783356437,212
1,[],5,[],2019-02-01 14:51:31,5.19e-06,0.00000035,0.00000000001212085,6558474,2019-02-01 14:51:31,btc,1.00440066,0.15063938,0.00000035,btc,3.204e-05,0.0,0.29370516,213
1,[],24,[],2019-02-01 14:51:31,0.0,0.000000050000,0.00000000000173155,6558475,2019-02-01 14:51:31,btc,0.0,0.0,0.000000050000,btc,0.0,0.0,0.0,213
1,[],26,[],2019-02-01 14:51:32,0.0,0,0,6558476,2019-02-01 14:51:32,,0.0,0.0,0,,0.0,0.0,0.0,213
1,[],12,[],2019-01-25 02:44:32,207462.42853209,0.000001080000000000000035831255497387193287295303889550268650054931640625,0.000000000038610756000000006,6493050,2019-01-25 02:44:32,btc,85023.03793723314,0.0,0.000001080000000000000035831255497387193287295303889550268650054931640625,btc,43675.73520027,0.000146250909087,0.0348620860622024,213
1,[],22,[],2019-02-01 14:51:35,276400.0,0.00000002,0.00000000000069262,6558477,2019-02-01 14:51:35,BTC,70.20243801,0.0,0.00000002,BTC,241693.63137942314,0.00116487,0.004714,216
1,[],27,[],2019-02-01 14:51:38,5094545.0,0.0000001,0.0000000000034631,6558478,2019-02-01 14:51:38,btc,313.97459420316,500.0,0.0000001,"btc,ltc",267019.13411,0.000215,0.0537135,216
1,[],22,[],2019-02-01 14:51:42,333622.15970671055,0.00000295,0.00000000010216145,6558479,2019-02-01 14:51:42,BTC,12677.70572545,0.0,0.00000295,BTC,433076.3925755737,0.06833675,0.54253312,217
1,[],7,[],2019-02-01 14:51:44,0.0,0,0,6558480,2019-02-01 14:51:44,btc,302.57931663911063,0.0,0,btc,134740320.6214003,0.0,0.0,219
0,[],27,[],2019-02-01 14:51:46,0.0,0,0,6558481,2019-02-01 14:51:46,,0.0741038339680918,0.0,0,btc,1542429.2070951,0.0,0.0,219
0.0000000000000055,[],28,[],2019-02-01 14:51:48,205527104.412,5.500055e-18,1.9047240470500002e-22,6558482,2019-02-01 14:51:48,doge,88554.0318717675,114229.0,0.00100001,"btc,doge",4969437.84751,0.0,3.062683916288942e-11,219
1,[],22,[],2019-02-01 14:52:16,202618.0,0.00000055,0.00000000001904705,6558483,2019-02-01 14:52:16,BTC,2.39211741,0.0,0.00000055,BTC,33805.55212317522,0.000572,0.02032573,221
1,[],24,[],2019-02-01 14:52:16,0.0,0.000000100000,0.0000000000034631,6558484,2019-02-01 14:52:16,btc,0.0,435.83775,0.000000100000,btc,0.0,0.00021792,0.0,221
1,[],26,[],2019-02-01 14:52:17,0.0,0,0,6558485,2019-02-01 14:52:17,,0.0,0.0,0,,0.0,0.0,0.0,231
1,[],26,[],2019-02-01 14:52:17,0.0,0,0,6558486,2019-02-01 14:52:17,,0.0,0.0,0,,0.0,0.0,0.0,234
0,[],27,[],2019-02-01 14:52:20,0.0,0,0,6558487,2019-02-01 14:52:20,,0.0113483662182,0.0,0,"btc,eth",11462.99618,0.0,0.0,234
0.00000000009318419999999999,[],22,[],2019-02-01 14:52:24,8720000.0,9.318419999999998e-19,3.2270620302e-23,6558488,2019-02-01 14:52:24,LTC,3.63435837,0.0,0.00000001,LTC,98030044.01551227,4.789403236872e-12,0.0872,235
1,[],4,[],2019-02-01 14:52:25,733393.21163852,0.00000073,0.00000000002528063,6558489,2019-02-01 14:52:25,btc,0.1595438619405527,0.0,0.00000073,btc,141859.98666594,0.0421339,0.1642626819383078,236
1,[],24,[],2019-02-01 14:52:25,0.0,0.000000010000,0.00000000000034631,6558490,2019-02-01 14:52:25,btc,0.0,0.0,0.000000010000,btc,0.0,0.0,0.0,236
1,[],20,[],2019-02-01 14:52:28,12088484.817,0.000000059,0.0000000000020432289999999998,6558491,2019-02-01 14:52:28,btc,14.4690851838817,25953819.2834,0.000000059,btc,26280955.6008,1.6682036475705,0.3534637213952,237
1,[],22,[],2019-02-01 14:52:32,10000.0,0.00000001,0.00000000000034631,6558492,2019-02-01 14:52:32,BTC,0.04144357,0.0,0.00000001,BTC,10254.2,0.0,0.0001,237
1,[],4,[],2019-02-01 14:52:33,3650640.90811905,0.00000033,0.00000000001142823,6558493,2019-02-01 14:52:33,btc,0.3970349727911601,0.0,0.00000033,btc,1107558.96904798,0.27746868,1.0978692181013812,238
1,[],5,[],2019-02-01 14:52:34,4.29e-06,0.00000033,0.00000000001142823,6558494,2019-02-01 14:52:34,btc,0.81875342,0.00055835,0.00000033,btc,2.957e-05,0.0,0.3723472,238
1,[],22,[],2019-02-01 14:42:56,257468.0,0.00000004,0.00000000000138578,6558302,2019-02-01 14:42:56,BTC,15.4127443,0.0,0.00000004,BTC,271810.8139027493,9.219e-05,0.00829884,249
0.00000000009318419999999999,[],22,[],2019-02-01 14:52:39,5916263.0,2.795526e-18,9.681186090599999e-23,6558495,2019-02-01 14:52:39,LTC,0.80014831,0.0,0.00000003,LTC,14497140.815,3.585298436838e-12,0.14142705,252
1,[],28,[],2019-02-01 14:52:40,2289264.286,0.00000008,0.00000000000277048,6558496,2019-02-01 14:52:40,btc,164692.29364341125,108628.34,0.00000008,btc,796648.6695,0.0,0.0761193563,256
1,[],22,[],2019-02-01 14:52:45,107687.57142857143,0.00000008,0.00000000000277048,6558497,2019-02-01 14:52:45,BTC,35605.56361489,0.0,0.00000008,BTC,500141.29945876444,0.00034627,0.00340419,258
1,[],22,[],2019-01-26 20:58:41,368451.0,0.00000001,0.000000000000356135,6510120,2019-01-26 20:58:41,BTC,2.642917,0.0,0.00000001,"BTC,LTC",1862.0,0.0,0.02488451,259
1,[],22,[],2019-02-01 14:52:48,2299.8434677419355,0.00000800,0.000000000277048,6558498,2019-02-01 14:52:48,BTC,4.68960145,0.0,0.00000800,BTC,6366.988399675977,0.00081928,0.01602867,262
1,[],5,[],2019-02-01 14:52:50,6.811e-05,0.00000339,0.00000000011739909,6558499,2019-02-01 14:52:50,btc,1.23455151,0.54552591,0.00000339,btc,0.00116392,0.0,0.324503,264
1,[],20,[],2019-02-01 14:52:53,1180386.1689,0.0000035,0.0000000001212085,6558500,2019-02-01 14:52:53,btc,5.1072571757964,20016.0679,0.0000035,btc,105526.6964,0.0874463182358,0.0522413530228,264
1,[],22,[],2019-02-01 14:52:58,143431.0,0.00000002,0.00000000000069262,6558501,2019-02-01 14:52:58,BTC,8.65643669,0.0,0.00000002,BTC,330779.0934647885,4.4e-06,0.00237099,271
0,[],22,[],2019-02-01 14:53:01,0.0,0,0,6558502,2019-02-01 14:53:01,,365.48564614,0.0,0,,14203859303.9,0.0,0.0,272
0.0000000000000055,[],28,[],2019-02-01 14:53:06,215184743497.517,7.645e-21,2.64753995e-25,6558503,2019-02-01 14:53:06,doge,75099460.81280817,16841424712.91,0.00000139,doge,176175016685.77698,0.0,7.480701901026262e-10,272
