pairValue,buyBook,exchangeId,sellBook,updated,buyTotal,satoshiPrice,usdPrice,exchangeLogId,created,bestPair,sellTotalBtc,volume,pairPrice,activePairs,sellTotal,volumeBtc,buyTotalBtc,coinId
1,[],3,[],2019-03-10 11:15:54,30543.975645752053,0.0125433999999999996888266906580611248500645160675048828125,0.00000049013210066,6894692,2019-03-10 11:15:54,btc,61.132288066472924,0.0,0.0125433999999999996888266906580611248500645160675048828125,btc,26.765999847705,0.0,0.2969693967105727,1
1,[],4,[],2019-03-10 11:15:55,207744.65320286,0.01289363,0.000000503817302887,6894693,2019-03-10 11:15:55,btc,10.16294699483862,0.0,0.01289363,btc,335.75209509,0.8028748,1.0120831558605516,1
1,[],5,[],2019-03-10 11:15:57,0.0,0,0,6894694,2019-03-10 11:15:57,btc,0.0,0.01047073,0,btc,0.0,0.0,0.0,1
1,[],10,[],2019-03-10 11:16:00,413921.16722842,0.01051976,0.00000041105857002399997,6894695,2019-03-10 11:16:00,btc,6521.977102854967,1803.47721852,0.01051976,btc,1079.77949375,0.0,5.023332427781044,1
1,[],12,[],2019-03-10 11:16:03,113.13360989,0.01255999999999999998390176614293523016385734081268310546875,0.000000490780744,6894696,2019-03-10 11:16:03,btc,0.3059629722034,0.0,0.01255999999999999998390176614293523016385734081268310546875,btc,22.95577917,0.0476425211635,0.3950770511676,1
1,[],20,[],2019-03-10 11:16:05,1152.477,0.010500222,0.00000041029512462779997,6894697,2019-03-10 11:16:05,btc,0.0554564832443,0.0,0.010500222,btc,2.4799,0.0,0.0959756605529,1
1,[],21,[],2019-03-10 11:16:06,2133.02222432,0.01260001000000000002942979194,0.000000492344130749,6894698,2019-03-10 11:16:06,btc,27.041843794439103,5134.76485176,0.01260001000000000002942979193676364957354962825775146484375,"btc,eth",2881.2792734600002,57.44804921024192,18.12775669426455,1
1,[],22,[],2019-03-10 11:16:11,0.0059712,0.01250000,0.00000048843625,6894699,2019-03-10 11:16:11,BTC,0.31439419,0.0,0.01250000,BTC,0.12751438772928525,0.0,7.464e-05,1
1,[],24,[],2019-03-10 11:16:11,0.0,0.000000000000,0,6894700,2019-03-10 11:16:11,btc,0.0,0.0,0.000000000000,btc,0.0,0.0,0.0,1
0.0,[],25,[],2019-03-10 11:16:12,0.0,0,0,6894701,2019-03-10 11:16:12,btc,14.917399998881653,9.68326,0.0,btc,1148.77978389,0.1225,0.0,1
1,[],26,[],2019-03-10 11:16:21,0.0,0,0,6894702,2019-03-10 11:16:21,,0.0,0.0,0,,0.0,0.0,0.0,1
1,[],28,[],2019-03-10 11:16:23,993.142,0.01323000,0.000000516960927,6894703,2019-03-10 11:16:23,btc,0.147901439075,17569.8,0.01323000,btc,7.9421,0.0,0.089302756,1
0,[],2,[],2019-01-20 23:28:45,0.0,0,0,6477011,2019-01-20 23:28:45,,0.0,0.0,0,,0.0,0.0,0.0,1
1,[],5,[],2019-03-10 11:16:25,0.0,0,0,6894704,2019-03-10 11:16:25,btc,0.0,0.00521906,0,btc,0.0,0.0,0.0,2
0,[],22,[],2019-03-10 11:16:27,0.0,0,0,6894705,2019-03-10 11:16:27,,0.0,0.0,0,,0.0,0.0,0.0,2
1,[],5,[],2019-03-10 04:07:52,0.0,0,0,6892279,2019-03-10 04:07:52,btc,0.0,1.45026677,0,btc,0.0,0.0,0.0,3
1,[],12,[],2019-03-10 04:07:54,1905698.94485,0.000000177,0.0000000000069428781000000005,6892280,2019-03-10 04:07:54,btc,22810.248596901045,0.0,0.000000177,btc,949405.88852,0.05158974707818944,0.27589331233845,3
0,[],28,[],2019-03-10 04:07:56,0.0,0,0,6892281,2019-03-10 04:07:56,,0.0,0.0,0,,0.0,0.0,0.0,3
0,[],2,[],2019-01-20 23:31:32,0.0,0,0,6477077,2019-01-20 23:31:32,,0.0,0.0,0,,0.0,0.0,0.0,4
1,[],4,[],2019-03-09 19:03:36,394362.28616607,0.00000032,0.000000000012569280000000001,6889097,2019-03-09 19:03:36,btc,32.15548375957025,0.0,0.00000032,btc,707361.31512647,0.00109114,0.0476374485302292,4
1,[],12,[],2019-03-10 11:16:30,363807.0,0.00000002,0.000000000000781498,6894706,2019-03-10 11:16:30,btc,1111742.13265605,0.0,0.00000002,btc,566521.0,0.0,0.0047358800000000005,5
0,[],2,[],2019-01-20 23:31:51,0.0,0,0,6477087,2019-01-20 23:31:51,,0.0,0.0,0,,0.0,0.0,0.0,6
1,[],11,[],2019-03-10 11:16:32,4641654.6305,0.00000002,0.000000000000781498,6894707,2019-03-10 11:16:32,btc,9568.121445321885,100324.0,0.00000002,btc,42508537.853213936,0.0,0.06030792761,6
1,[],3,[],2019-03-10 11:16:32,1088.781965724546,0.00015452000000000000456967796935714432038366794586181640625,0.000000006037853548,6894708,2019-03-10 11:16:32,btc,29.634085403952064,0.0,0.00015452000000000000456967796935714432038366794586181640625,btc,239.122414578101,0.0,0.03449805817178191,7
1,[],4,[],2019-03-10 11:16:34,99897.31480144,0.00024733,0.000000009664395016999999,6894709,2019-03-10 11:16:34,btc,9.763261967447022,0.0,0.00024733,btc,30588.87768317,3.25148567,6.893661245264763,7
1,[],5,[],2019-03-10 11:16:36,0.0,0,0,6894710,2019-03-10 11:16:36,btc,0.0,0.52717199,0,btc,0.0,0.0,0.0,7
1,[],20,[],2019-02-20 02:16:17,39399275.8418,0.000000001,0.0000000000000390183,6728586,2019-02-20 02:16:17,btc,116.9737569154545,525.0,0.000000001,btc,56932965.8895,5.25e-07,0.0393992758418,8
0,[],2,[],2019-01-20 23:22:42,0.0,0,0,6476876,2019-01-20 23:22:42,,0.0,0.0,0,,0.0,0.0,0.0,9
0,[],23,[],2019-01-20 23:22:48,0.0,0,0,6476878,2019-01-20 23:22:48,,0.0,0.0,0,,0.0,0.0,0.0,9
1,[],4,[],2019-03-10 11:16:39,1029627.08665966,0.00000147,0.000000000057440103,6894711,2019-03-10 11:16:39,btc,5.539154956712346,0.0,0.00000147,btc,2963371.47485646,1.14315133,0.6701136193761228,9
1,[],28,[],2019-03-10 11:16:41,37353.0,0.00000165,0.00000000006447358499999999,6894712,2019-03-10 11:16:41,btc,2708.782203270583,3640319.77,0.00000165,btc,24261.1497,0.0,0.0328195,9
1,[],1,[],2019-02-17 23:31:42,1822507.21,0.00000181000000000000003456111265232042484285557293333113193511962890625,0.000000000066086901,6701244,2019-02-17 23:31:42,btc,3.6990969245,17153386.5,0.00000181000000000000003456111265232042484285557293333113193511962890625,btc,1997391.71,31.11772986,3.2610482446,9
1,[],4,[],2019-02-17 11:22:43,4341674.27126056,0.00000002,0.0000000000007272960000000001,6696112,2019-02-17 11:22:43,btc,0.1997230937751353,0.0,0.00000002,btc,4109766.79808031,0.00215132,0.0479381022052112,10
0,[],2,[],2019-01-20 23:23:08,0.0,0,0,6476890,2019-01-20 23:23:08,,0.0,0.0,0,,0.0,0.0,0.0,12
1,[],4,[],2019-03-10 11:16:42,5906903.66212054,0.00000120,0.00000000004688988,6894713,2019-03-10 11:16:42,btc,7.7881404494058195,0.0,0.00000120,btc,4512551.72283687,1.04498121,3.4292615580654537,12
1,[],5,[],2019-03-10 11:16:44,0.0,0,0,6894714,2019-03-10 11:16:44,btc,0.0,0.13286125,0,btc,0.0,0.0,0.0,12
0.0,[],25,[],2019-03-10 11:16:45,0.0,0,0,6894715,2019-03-10 11:16:45,,0.0,0.0,0.0,btc,0.0,0.0,0.0,12
1,[],4,[],2019-03-10 11:16:46,32024939.52822193,0.00000584,0.00000000022819741599999998,6894716,2019-03-10 11:16:46,btc,2.797649655004975,0.0,0.00000584,btc,383206.76861605,0.26519029,1.2541334588073965,13
1,[],10,[],2019-03-10 11:16:48,394577.68896377,0.00000579,0.00000000022624367099999997,6894717,2019-03-10 11:16:48,btc,666801.3229874938,12457.4811256,0.00000579,btc,717361.20324432,0.0,0.2457253720377441,13
1,[],21,[],2019-03-10 11:16:50,643798.28820769,0.000005910000000000000166665726359,0.000000000230932659,6894718,2019-03-10 11:16:50,btc,4.181518408879124,783188.78514716,0.0000059100000000000001666657263588167126044936594553291797637939453125,btc,634943.28266194,4.59397534,3.4572835108450266,13
1,[],4,[],2019-03-10 11:16:51,735364.65302754,0.00000130,0.000000000050797369999999996,6894719,2019-03-10 11:16:51,btc,5.949386053893103,0.0,0.00000130,btc,863523.88532799,0.00585729,0.1552438468043098,14
1,[],12,[],2019-03-10 11:16:52,275251.0,0.0000015000000000000000380012861456169304119612206704914569854736328125,0.00000000005861235,6894720,2019-03-10 11:16:52,btc,0.1045417886168679,0.0,0.0000015000000000000000380012861456169304119612206704914569854736328125,btc,8847.87091065,7.84215784215e-05,0.0343543,14
0,[],17,[],2019-03-10 11:17:03,0.0,0,0,6894721,2019-03-10 11:17:03,btc,0.0,0.0,0,btc,0.0,0.0,0.0,14
1,[],26,[],2019-03-10 11:17:04,0.0,0.00000050,0.00000000001953745,6894722,2019-03-10 11:17:04,btc,0.0,0.0,0.00000050,btc,0.0,0.0,0.0,14
0,[],4,[],2019-03-10 11:17:04,0.0,0,0,6894723,2019-03-10 11:17:04,,0.0,0.0,0,,0.0,0.0,0.0,15
,[],12,[],2018-12-01 15:15:48,204241.84496,0.00000489,0.000000000202473384,5260204,2018-12-01 15:15:48,btc,49.5475654835,0.0,,btc,35763.2193806,0.0163153972027625,0.0203389899998,15
0,[],2,[],2019-01-20 23:23:38,0.0,0,0,6476906,2019-01-20 23:23:38,,0.0,0.0,0,,0.0,0.0,0.0,18
1,[],4,[],2019-03-10 11:17:05,36930.80904778,0.00001704,0.0000000006658362959999999,6894724,2019-03-10 11:17:05,btc,4.193282454846453,0.0,0.00001704,btc,18851.49441542,0.02182116,0.1163154975239498,18
1,[],10,[],2019-03-10 11:17:07,792051.6476991,0.00001714,0.000000000669743786,6894725,2019-03-10 11:17:07,btc,15.320901078893755,1485.77528414,0.00001714,btc,9816.66383204,0.0,0.2678964879874093,18
1,[],12,[],2019-03-10 11:17:09,363499.93118336,0.00001673000000000000075700730406413896389494766481220722198486328125,0.000000000653723077,6894726,2019-03-10 11:17:09,btc,33008.93342699647,0.0,0.00001673000000000000075700730406413896389494766481220722198486328125,btc,570.35641909,0.0046733452524964,0.0258453089059047,18
0,[],17,[],2019-03-10 11:17:10,0.0,0,0,6894727,2019-03-10 11:17:10,btc,0.0,0.0,0,btc,0.0,0.0,0.0,18
0,[],2,[],2019-01-20 23:24:19,0.0,0,0,6476924,2019-01-20 23:24:19,,0.0,0.0,0,,0.0,0.0,0.0,19
1,[],3,[],2019-03-10 11:17:11,117279.62111793179,0.000018559999999999998482498597685008689950336702167987823486328125,0.000000000725230144,6894728,2019-03-10 11:17:11,btc,0.5176006915835822,52.0437098696,0.000018559999999999998482498597685008689950336702167987823486328125,btc,9394.208834904759,0.0,0.015847968285990176,19
1,[],4,[],2019-03-10 11:17:12,244798.16637559,0.00002134,0.000000000833858366,6894729,2019-03-10 11:17:12,btc,3.2316626968827267,0.0,0.00002134,btc,91357.32613136,0.86770577,2.6634146547945354,19
1,[],5,[],2019-03-10 11:17:14,0.0,0,0,6894730,2019-03-10 11:17:14,btc,0.0,0.01227275,0,btc,0.0,0.0,0.0,19
1,[],12,[],2019-03-10 11:17:15,171003.07801965,0.0000160199999999999990844823383184802878531627357006072998046875,0.0000000006259798979999999,6894731,2019-03-10 11:17:15,btc,0.208631342862742,0.0,0.0000160199999999999990844823383184802878531627357006072998046875,btc,362.56500624,6.35364636e-05,0.0292901099999455,19
0,[],27,[],2019-03-10 11:17:16,0.0,0,0,6894732,2019-03-10 11:17:16,,0.0,0.0,0,btc,0.0,0.0,0.0,19
1,[],4,[],2019-03-10 11:17:18,2769550.98210011,0.00000012,0.0000000000046889879999999994,6894733,2019-03-10 11:17:18,btc,7.383042289760813,0.0,0.00000012,btc,2876583.25385408,0.00023941,0.0767187845231285,20
1,[],4,[],2019-03-10 11:17:19,103815793.72147027,0.00000002,0.000000000000781498,6894734,2019-03-10 11:17:19,btc,1852.945155259571,0.0,0.00000002,btc,54305021.8278267,0.0,1.1630563175500457,21
1,[],12,[],2019-03-10 11:17:20,1359458.0,0.00000001,0.000000000000390749,6894735,2019-03-10 11:17:20,btc,1247.5070061495405,0.0,0.00000001,btc,2425596.97702298,0.0,0.01359458,21
0,[],17,[],2019-03-10 11:08:35,0.0,0,0,6894543,2019-03-10 11:08:35,btc,0.0,0.0,0,btc,0.0,0.0,0.0,21
1,[],12,[],2019-03-10 11:17:22,1984140368.0,0.0000000001,0.00000000000000390749,6894736,2019-03-10 11:17:22,btc,1122581.7914479782,0.0,0.0000000001,btc,1631682134.5418472,0.044009397306293704,0.1984140368,23
0,[],27,[],2019-03-10 11:17:24,0.0,0,0,6894737,2019-03-10 11:17:24,,13.821146136593411,0.0,0,eth,4599354.35514486,0.0,0.0,23
1,[],4,[],2019-03-10 11:17:25,579583.1974568,0.00000049,0.000000000019146701,6894738,2019-03-10 11:17:25,btc,9.682548357385938,0.0,0.00000049,btc,1618511.32408874,0.00966789,0.1522946620343508,24
1,[],22,[],2019-03-10 11:17:29,11.76,0.00000100,0.0000000000390749,6894739,2019-03-10 11:17:29,BTC,7.415e-05,0.0,0.00000100,BTC,23.919354838709676,0.0,1.176e-05,24
0.0,[],25,[],2019-03-10 11:17:30,0.0,0,0,6894740,2019-03-10 11:17:30,,0.0,0.0,0.0,btc,0.0,0.0,0.0,24
1,[],4,[],2019-03-10 11:17:31,26581884.68158971,0.00000635,0.000000000248125615,6894741,2019-03-10 11:17:31,btc,135.96516453849188,0.0,0.00000635,btc,254838.40251278,0.17133242,0.4666423120293003,26
1,[],10,[],2019-03-10 11:17:34,686097.89861326,0.00000601,0.000000000234840149,6894742,2019-03-10 11:17:34,btc,26.127615485266944,4095.2464844,0.00000601,btc,14082.23878667,0.0,0.2137617411445378,26
0,[],2,[],2019-01-20 23:25:56,0.0,0,0,6476976,2019-01-20 23:25:56,,0.0,0.0,0,,0.0,0.0,0.0,26
1,[],3,[],2019-03-10 11:17:34,8436759.19501412,0.00000001,0.000000000000390749,6894743,2019-03-10 11:17:34,btc,2.2746846243272705,374.0,0.00000001,btc,17866078.11152067,0.0,0.0843675919501412,27
1,[],5,[],2019-03-10 11:17:36,0.0,0,0,6894744,2019-03-10 11:17:36,btc,0.0,0.00013829,0,btc,0.0,0.0,0.0,27
1,[],11,[],2019-03-10 11:17:37,9461840.38103613,0.00000005,0.0000000000019537449999999998,6894745,2019-03-10 11:17:37,btc,67506.32843704063,170.63047893,0.00000005,btc,7972152.75036371,0.0,0.44099231334143857,27
1,[],4,[],2019-03-10 11:17:38,2203024544.3662043,0.00000001,0.000000000000390749,6894746,2019-03-10 11:17:38,btc,3.205085238823561,0.0,0.00000001,"btc,ltc",219927844.68021733,0.18539612,9.96193023124809,29
1,[],7,[],2019-03-10 11:17:40,35580600.71560571,0.00000001,0.000000000000390749,6894747,2019-03-10 11:17:40,btc,44461616.56949179,5000.0,0.00000001,btc,46779319.45179288,0.0001,0.35580600715605715,29
1,[],4,[],2019-03-10 11:17:41,2374755.83949448,0.00000024,0.000000000009377975999999999,6894748,2019-03-10 11:17:41,btc,2.6449669368076822,0.0,0.00000024,btc,1982218.23494468,0.01251201,0.1117166374340178,30
0,[],17,[],2019-03-10 11:09:05,0.0,0,0,6894557,2019-03-10 11:09:05,btc,0.0,0.0,0,btc,0.0,0.0,0.0,30
1,[],4,[],2019-03-10 11:17:43,196379.05848744,0.00005670,0.00000000221554683,6894749,2019-03-10 11:17:43,btc,10.4512226915486,0.0,0.00005670,btc,133355.75644341,1.42168626,1.847586062374198,31
1,[],21,[],2019-03-10 11:17:43,81366.07235244,0.00005648000000000000134052491330,0.000000002206950352,6894750,2019-03-10 11:17:43,btc,5.536600647656532,250727.51469171,0.00005648000000000000134052491329583745027775876224040985107421875,btc,87994.71110606,14.2208549,4.340961614652987,31
0,[],2,[],2019-01-20 23:28:43,0.0,0,0,6477009,2019-01-20 23:28:43,,0.0,0.0,0,,0.0,0.0,0.0,32
1,[],4,[],2019-03-10 11:17:44,424785694.68973446,0.00000004,0.000000000001562996,6894751,2019-03-10 11:17:44,btc,10.629188572765369,0.0,0.00000004,"btc,ltc",199313306.18153346,0.05811464,10.185716766938475,33
1,[],12,[],2019-03-10 11:17:45,25732864.961,0.00000004,0.000000000001562996,6894752,2019-03-10 11:17:45,btc,1321852.641817058,0.0,0.00000004,btc,15745870.9580419,0.026904688251749,0.5963585388,33
1,[],4,[],2019-03-10 11:17:46,110897400.98842524,0.00000001,0.000000000000390749,6894753,2019-03-10 11:17:46,btc,3.4083872270178106,0.0,0.00000001,btc,98472071.34861183,0.04559699,1.1089740098842524,34
1,[],5,[],2019-03-10 11:18:18,0.0,0,0,6894754,2019-03-10 11:18:18,btc,0.0,0.03191575,0,btc,0.0,0.0,0.0,34
0.0000000001449697,[],4,[],2019-03-10 11:18:18,3507601551.0370126,1.449697e-18,5.66467653053e-23,6894755,2019-03-10 11:18:18,ltc,4.1998925845813806e-08,0.0,0.00000001,ltc,6342619096.469583,0.0,5.084959445733704e-09,36
1,[],5,[],2019-03-10 11:18:20,0.0,0,0,6894756,2019-03-10 11:18:20,btc,0.0,0.0,0,btc,0.0,0.0,0.0,36
0,[],17,[],2019-03-10 11:18:22,0.0,0,0,6894757,2019-03-10 11:18:22,btc,0.07464582809763026,0.0,0,btc,4105386.20243647,0.0,0.0,36
0.0000000003463924,[],27,[],2019-03-10 11:18:24,1088163.16325,3.4639240000000003e-18,1.353524839076e-22,6894758,2019-03-10 11:18:24,eth,222.55781431551742,1836.83675,0.00000001,"ltc,eth",11163573.47351039,6.363228388e-15,1.708308251097593e-12,36
1,[],4,[],2019-03-10 11:18:26,254320.57902048,0.00000059,0.000000000023054191,6894759,2019-03-10 11:18:26,btc,19772.477010790393,0.0,0.00000059,btc,557868.85593249,0.00010993,0.1108460104431204,37
1,[],12,[],2019-03-10 11:18:26,475194.41532798,0.0000006,0.000000000023444939999999997,6894760,2019-03-10 11:18:26,btc,9.734276000933106,0.0,0.0000006,btc,297305.86150995,0.0846224613793995,0.11843303999999019,37
1,[],17,[],2019-03-10 11:18:28,1752.74075282,0.00000025,0.000000000009768725,6894761,2019-03-10 11:18:28,btc,0.05548492398725127,0.0,0.00000025,btc,1387.19918473,0.0,0.00043818518820499993,37
1,[],27,[],2019-03-10 11:18:31,14685.567,0.00000045,0.000000000017583705,6894762,2019-03-10 11:18:31,btc,24.25536383611233,0.0,0.00000045,btc,6518.38138508,0.0,0.00480032515,37
1,[],5,[],2019-03-10 11:18:32,0.0,0,0,6894763,2019-03-10 11:18:32,btc,0.0,0.04689878,0,btc,0.0,0.0,0.0,42
1,[],12,[],2019-03-10 11:18:34,254325.67062175,0.00000097,0.000000000037902653,6894764,2019-03-10 11:18:34,btc,0.2912477658466724,0.0,0.00000097,btc,32422.84991145,0.0583687073057582,0.019241409999976,42
0.0000000003463924,[],27,[],2019-03-10 11:18:36,2000.0,3.4639240000000003e-18,1.353524839076e-22,6894765,2019-03-10 11:18:36,eth,0.00315028,0.0,0.00000001,"btc,eth",11.007,0.0,6.927848e-15,42
0,[],17,[],2019-03-10 10:07:24,0.0,0,0,6894208,2019-03-10 10:07:24,btc,0.0,0.0,0,btc,0.0,0.0,0.0,43
1,[],5,[],2019-03-10 11:09:46,0.0,0,0,6894573,2019-03-10 11:09:46,btc,0.0,0.01156911,0,btc,0.0,0.0,0.0,43
1,[],12,[],2019-03-10 11:09:47,1221333.0,0.00000001,0.00000000000039018400000000005,6894574,2019-03-10 11:09:47,btc,1.8600863194405597,0.0,0.00000001,btc,4484175.97202798,9e-08,0.01221333,43
1,[],12,[],2019-03-05 01:54:08,639326.02,0.00000004,0.000000000001486676,6845775,2019-03-05 01:54:08,btc,11116042.728239931,0.0,0.00000004,btc,1103841.4595604,0.0003330765234764,0.014975410599999999,44
1,[],4,[],2019-03-10 11:18:37,299303842.91105115,0.00000004,0.000000000001562996,6894766,2019-03-10 11:18:37,btc,473.7505038979268,0.0,0.00000004,"btc,ltc",11594480.85159567,0.05224748,0.28580505846947335,49
0,[],4,[],2019-03-10 11:18:38,0.0,0,0,6894767,2019-03-10 11:18:38,,25.936059461581948,0.0,0,,10006467558.084637,0.0,0.0,52
0.0000000001261425,[],22,[],2019-03-10 11:18:43,80646562.0,1.261425e-18,4.92900557325e-23,6894768,2019-03-10 11:18:43,XMR,4367.51564137,0.0,0.00000001,XMR,261837734.67882353,2.652776775e-13,0.80646562,57
0.0000000003463924,[],27,[],2019-03-10 11:18:45,2000.0,3.4639240000000003e-18,1.353524839076e-22,6894769,2019-03-10 11:18:45,eth,0.0,0.0,0.00000001,"btc,eth",0.0,0.0,6.927848e-15,57
0.0000000001449697,[],4,[],2019-03-10 11:18:46,454002707.5319616,2.899394e-18,1.132935306106e-22,6894770,2019-03-10 11:18:46,ltc,18.807189214159685,0.0,0.00000002,ltc,4864980275.997357,0.0,8.726074921598855e-10,58
1,[],12,[],2019-03-10 11:18:47,1064864786.0,0.0000000003,0.00000000000001172247,6894771,2019-03-10 11:18:47,btc,2911896.6100191656,0.0,0.0000000003,btc,1695133725.8171828,0.005267166419180832,0.2681805647,58
0,[],17,[],2019-03-10 11:18:49,0.0,0,0,6894772,2019-03-10 11:18:49,btc,1e+24,0.0,0,btc,49306342.21952568,0.0,0.0,58
0.0000000001261425,[],22,[],2019-03-10 11:18:53,137438.0,1.261425e-18,4.92900557325e-23,6894773,2019-03-10 11:18:53,XMR,69.8835922,0.0,0.00000001,XMR,9887963.0,0.0,0.00137438,58
1,[],5,[],2019-03-10 11:18:54,0.0,0,0,6894774,2019-03-10 11:18:54,btc,0.0,0.00022657,0,btc,0.0,0.0,0.0,61
1,[],22,[],2019-03-10 11:18:58,13757.0,0.00000012,0.0000000000046889879999999994,6894775,2019-03-10 11:18:58,BTC,1002.2960049,0.0,0.00000012,BTC,14976.68361146909,0.0,0.00154987,61
1,[],26,[],2019-03-10 11:18:59,0.0,0.00000800,0.0000000003125992,6894776,2019-03-10 11:18:59,btc,0.0,0.0,0.00000800,btc,0.0,0.0,0.0,61
1,[],27,[],2019-03-10 11:19:01,4411.22008,0.00000047,0.000000000018365203,6894777,2019-03-10 11:19:01,btc,2.8990263703141324,0.0,0.00000047,"btc,eth",19485.01257617,0.0,0.00124375995951357,61
1,[],28,[],2019-03-10 11:19:03,13880.304,0.0000005,0.00000000001953745,6894778,2019-03-10 11:19:03,btc,2.056312978300105,2344.2744,0.0000005,btc,9730.59500005,0.0,0.00566391304,61
1,[],4,[],2019-03-10 11:19:04,1363557.57921702,0.00000212,0.00000000008283878799999999,6894779,2019-03-10 11:19:04,btc,9.096885781942259,0.0,0.00000212,btc,771312.92757905,0.19610717,1.1079338872770392,67
0.0,[],25,[],2019-03-10 11:19:05,0.0,0,0,6894780,2019-03-10 11:19:05,,0.0,0.0,0.0,btc,0.0,0.0,0.0,67
1,[],12,[],2019-03-10 11:19:06,283215.32512256,0.00000027,0.000000000010550223,6894781,2019-03-10 11:19:06,btc,1111115.6507964546,0.0,0.00000027,btc,1108110.63976992,0.0061744611690428,0.0577654199343986,71
,[],5,[],2018-11-20 23:02:39,1.5e-07,0.00000005,0.000000000002128045,4862160,2018-11-20 23:02:39,btc,2.84511358,0.0,,btc,0.00036572,0.0,0.07381892,74
1,[],5,[],2019-03-10 11:19:08,0.0,0,0,6894782,2019-03-10 11:19:08,btc,0.0,0.0,0,btc,0.0,0.0,0.0,75
0,[],20,[],2019-01-25 09:30:31,0.0,0,0,6495923,2019-01-25 09:30:31,btc,0.0,0.0,0,btc,0.0,0.0,0.0,81
1,[],4,[],2019-03-10 11:19:09,13147768.81424166,0.00000001,0.000000000000390749,6894783,2019-03-10 11:19:09,btc,11388.985544584346,0.0,0.00000001,btc,40019471.49932191,0.0,0.1314776881424166,81
1,[],4,[],2019-03-10 11:19:11,24035.01007763,0.00007679,0.0000000030005615709999997,6894784,2019-03-10 11:19:11,btc,18.123776872998974,0.0,0.00007679,btc,12348.10265487,0.01935907,0.1042657608120967,82
1,[],21,[],2019-03-10 11:19:11,763290.48343307,0.00007454000000000000122207799436,0.000000002912643046,6894785,2019-03-10 11:19:11,btc,3.801794538524045,2567.19526882,0.000074540000000000001222077994356141061871312558650970458984375,btc,45865.32155997,0.19139407,2.763268338826526,82
0,[],17,[],2019-03-10 11:19:23,0.0,0,0,6894786,2019-03-10 11:19:23,btc,0.0447233088476774,0.0,0,btc,999127.19588126,0.0,0.0,84
0.0000000001449697,[],4,[],2019-03-10 11:19:25,207742814.46412548,4.349091e-18,1.699402959159e-22,6894787,2019-03-10 11:19:25,ltc,1.695642947764256,0.0,0.00000003,ltc,386107648.9116284,0.0,4.73631955664021e-10,85
,[],22,[],2018-11-20 23:09:34,3408.1,0.0000001,0.0000000000041895,4862324,2018-11-20 23:09:34,BTC,0.04624735,0.0,,BTC,4990.0,0.0,0.00033081,86
1,[],22,[],2019-03-10 11:19:29,122000.0,0.00000003,0.0000000000011722469999999999,6894788,2019-03-10 11:19:29,BTC,2.078122,0.0,0.00000003,BTC,169918.94736842104,0.0,0.00186,87
0,[],27,[],2019-03-10 11:19:32,0.0,0,0,6894789,2019-03-10 11:19:32,,0.0,0.0,0,btc,0.0,0.0,0.0,87
,[],2,[],2018-11-20 23:10:47,0.0,0,0,4862359,2018-11-20 23:10:47,,0.0,0.0,,,0.0,0.0,0.0,88
1,[],11,[],2019-03-10 11:19:33,97057.21773706,0.00014817000000000001285090089897522602768731303513050079345703125,0.000000005789727933,6894790,2019-03-10 11:19:33,btc,610.9779905812923,678.50120606,0.00014817000000000001285090089897522602768731303513050079345703125,btc,95949.78995526,0.0,6.8718407690739385,89
0,[],2,[],2019-01-20 23:31:45,0.0,0,0,6477083,2019-01-20 23:31:45,,0.0,0.0,0,,0.0,0.0,0.0,91
0,[],17,[],2019-03-10 10:19:14,0.0,0,0,6894423,2019-03-10 10:19:14,btc,0.0,0.0,0,btc,0.0,0.0,0.0,91
1,[],12,[],2019-03-10 11:19:34,247791.25032976,0.00000098,0.000000000038293402,6894791,2019-03-10 11:19:34,btc,61.095072487261135,0.0,0.00000098,btc,117631.89907348,0.0080381704802289,0.0336363864999658,91
1,[],22,[],2019-03-10 11:19:48,65900.0,0.00000001,0.000000000000390749,6894792,2019-03-10 11:19:48,BTC,3e-06,0.0,0.00000001,BTC,1.0,0.0,0.000659,91
0,[],22,[],2019-03-10 11:19:51,0.0,0,0,6894793,2019-03-10 11:19:51,,7.50307462,0.0,0,,70597140.95714286,0.0,0.0,95
0.0000000001449697,[],4,[],2019-03-10 11:19:52,646849596.8276336,7.5384244e-17,2.9456317958756e-21,6894794,2019-03-10 11:19:52,ltc,11.89475907703344,0.0,0.00000052,ltc,136343495.56165135,0.0,1.81463946211269e-09,96
0,[],12,[],2019-03-10 11:19:54,0.0,0,0,6894795,2019-03-10 11:19:54,btc,10.18925887,0.0,0,btc,3015999.0,0.00069933,0.0,96
0,[],17,[],2019-03-10 11:19:56,0.0,0,0,6894796,2019-03-10 11:19:56,btc,0.0,0.0,0,btc,0.0,0.0,0.0,96
1,[],4,[],2019-03-10 11:19:57,1614753.28758713,0.00000021,0.000000000008205729,6894797,2019-03-10 11:19:57,btc,2.536293055891623,0.0,0.00000021,btc,2569594.05153073,0.00584473,0.1306629308678604,99
0,[],2,[],2019-01-20 23:23:55,0.0,0,0,6476914,2019-01-20 23:23:55,,0.0,0.0,0,,0.0,0.0,0.0,100
1,[],4,[],2019-03-10 11:19:57,288822.60243879,0.00003908,0.000000001527047092,6894798,2019-03-10 11:19:57,btc,11.374907320536089,0.0,0.00003908,btc,161690.17279164,1.62558707,1.698930215038346,100
1,[],22,[],2019-03-10 11:20:01,50000.0,0.00000001,0.000000000000390749,6894799,2019-03-10 11:20:01,BTC,23.49896609,0.0,0.00000001,BTC,10277.22,0.0,0.0005,101
1,[],4,[],2019-03-10 11:20:02,367713.01743556,0.00000085,0.000000000033213665,6894800,2019-03-10 11:20:02,btc,308.0371311587084,0.0,0.00000085,btc,493431.32974006,0.00871124,0.1970081481350982,103
1,[],12,[],2019-03-10 11:20:05,21000043.19700003,0.000000009,0.00000000000035167409999999995,6894801,2019-03-10 11:20:05,btc,3859729.549069066,0.0,0.000000009,btc,72434270.55548741,0.01209777861159823,0.04260092477300027,105
1,[],27,[],2019-03-10 11:20:07,223920.39,0.00000001,0.000000000000390749,6894802,2019-03-10 11:20:07,btc,36.60591030491341,0.0,0.00000001,btc,1301440.23571724,0.0,0.0022392039,105
1,[],22,[],2019-03-10 11:20:12,9328.0,0.00000001,0.000000000000390749,6894803,2019-03-10 11:20:12,BTC,51.10837004,0.0,0.00000001,BTC,470435.0,0.0,9.328e-05,107
1,[],26,[],2019-03-10 11:20:12,0.0,0.00000000,0,6894804,2019-03-10 11:20:12,btc,0.0,91290.0,0.00000000,btc,0.0,0.0,0.0,107
1,[],5,[],2019-03-10 11:20:14,0.0,0,0,6894805,2019-03-10 11:20:14,btc,0.0,0.07580194,0,btc,0.0,0.0,0.0,112
1,[],22,[],2019-03-10 11:20:18,1966.0,0.00000001,0.000000000000390749,6894806,2019-03-10 11:20:18,BTC,2.7975128,0.0,0.00000001,BTC,826524.0833333334,0.0,1.966e-05,112
0.0000000003463924,[],27,[],2019-03-10 11:20:21,2000.0,3.4639240000000003e-18,1.353524839076e-22,6894807,2019-03-10 11:20:21,eth,1.24996908,0.0,0.00000001,"btc,eth",1289.0,0.0,6.927848e-15,112
1,[],4,[],2019-03-10 11:20:21,1272920.61809383,0.00000193,0.000000000075414557,6894808,2019-03-10 11:20:21,btc,85.08790359993162,0.0,0.00000193,btc,326657.0021834,0.04451082,0.9610394755291441,113
1,[],5,[],2019-03-10 11:20:23,0.0,0,0,6894809,2019-03-10 11:20:23,btc,0.0,0.0,0,btc,0.0,0.0,0.0,113
0,[],27,[],2019-03-10 01:00:49,0.0,0,0,6891072,2019-03-10 01:00:49,,0.0,0.0,0,btc,0.0,0.0,0.0,116
1,[],17,[],2019-03-09 23:08:14,152738.278,0.00000004,0.0000000000015702200000000001,6890671,2019-03-09 23:08:14,btc,1.3368030274857574,0.0,0.00000004,btc,51896.221,0.0,0.0022095311199999998,116
1,[],4,[],2019-03-10 11:20:24,72916.44383384,0.00002487,0.000000000971792763,6894810,2019-03-10 11:20:24,btc,93.8809116665594,0.0,0.00002487,btc,87667.3754125,1.03258133,1.0129558964659668,120
1,[],7,[],2019-03-10 11:20:26,20949.44970257,0.0000212500000000000015265566588595902430824935436248779296875,0.000000000830341625,6894811,2019-03-10 11:20:26,btc,115648.89480684382,0.0,0.0000212500000000000015265566588595902430824935436248779296875,btc,36709.119221220004,0.0,0.053176501013655904,120
1,[],20,[],2019-03-10 11:20:29,2950278.5305,0.000000034,0.0000000000013285465999999999,6894812,2019-03-10 11:20:29,btc,33.6158386038068,141.8,0.000000034,btc,1013047.029,4.8237e-06,0.0388328261376,125
1,[],22,[],2019-03-10 11:20:33,3053.0,0.00000001,0.000000000000390749,6894813,2019-03-10 11:20:33,BTC,0.01444887,0.0,0.00000001,BTC,296263.5111111111,0.0,3.053e-05,126
1,[],4,[],2019-03-10 11:11:58,136330.20334485,0.00001299,0.0000000005068490160000001,6894620,2019-03-10 11:11:58,btc,3.5771323705825715,0.0,0.00001299,btc,121296.42683691,0.10671834,0.5316597696035816,131
0,[],17,[],2019-03-10 11:12:00,0.0,0,0,6894621,2019-03-10 11:12:00,btc,0.0009561751951600001,0.0,0,btc,35.42829368,0.0,0.0,131
0,[],2,[],2019-01-20 23:25:46,0.0,0,0,6476969,2019-01-20 23:25:46,,0.0,0.0,0,,0.0,0.0,0.0,131
1,[],4,[],2019-03-10 11:20:34,4547.5171808,0.00016000,0.000000006251984,6894814,2019-03-10 11:20:34,btc,1.6191156081844857,0.0,0.00016000,btc,239.25503526,0.0,0.0068461669216931,135
1,[],3,[],2019-03-07 00:20:44,877702.73244099,0.00000004,0.00000000000154846,6863392,2019-03-07 00:20:44,btc,0.119366241821405,0.0,0.00000004,btc,760637.99421222,0.0,0.023771231960604298,136
1,[],4,[],2019-03-10 11:20:35,236553.88592459,0.00000151,0.000000000059003099,6894815,2019-03-10 11:20:35,btc,38.68323312575976,0.0,0.00000151,btc,522627.43020737,0.0021712,0.0572865764113755,137
1,[],12,[],2019-03-10 11:20:36,179202.16769194,0.000001399999999999999936647356556240762159859514213167130947113037109375,0.00000000005470486,6894816,2019-03-10 11:20:36,btc,5.06127418409542,0.0,0.000001399999999999999936647356556240762159859514213167130947113037109375,btc,4350.9186699,0.00056228998838,0.0069160099999773005,137
1,[],4,[],2019-03-10 11:20:37,9785.54683727,0.00003550,0.0000000013871589499999999,6894817,2019-03-10 11:20:37,btc,28.486223619638505,0.0,0.00003550,btc,47467.52925391,0.33474899,0.196943479900131,142
1,[],5,[],2019-03-10 11:20:39,0.0,0,0,6894818,2019-03-10 11:20:39,btc,0.0,0.41496525,0,btc,0.0,0.0,0.0,142
1,[],17,[],2019-03-10 11:20:51,22967.386363640002,0.00000088,0.000000000034385912,6894819,2019-03-10 11:20:51,btc,20.0699133484,0.0,0.00000088,btc,405.079105,0.0,0.0104613000000032,142
1,[],20,[],2019-03-10 11:20:53,139641.7707,0.0000331,0.00000000129337919,6894820,2019-03-10 11:20:53,btc,0.3385275771142,4.9487,0.0000331,btc,2290.4355,0.000197651986,0.3068547375309,142
1,[],22,[],2019-03-10 11:20:57,1470.8988921568628,0.00004000,0.000000001562996,6894821,2019-03-10 11:20:57,BTC,3.00385504,0.0,0.00004000,BTC,891.218,0.0,0.0012358,142
0.0,[],25,[],2019-03-10 11:20:58,0.0,0,0,6894822,2019-03-10 11:20:58,,0.0,0.0,0.0,btc,0.0,0.0,0.0,142
1,[],28,[],2019-03-10 11:21:00,76202.668,0.00002550,0.00000000099640995,6894823,2019-03-10 11:21:00,btc,0.067100461059305,1650.0,0.00002550,btc,552.61077999,0.0,0.005494562,142
0,[],22,[],2019-03-10 11:21:05,0.0,0,0,6894824,2019-03-10 11:21:05,,65.61831169,0.0,0,,1037691921.3,0.0,0.0,143
0,[],22,[],2019-02-25 15:42:22,0.0,0,0,6783783,2019-02-25 15:42:22,,4.2131946,0.0,0,,2322156.0,0.0,0.0,146
,[],22,[],2018-11-20 23:01:11,0.0,0,0,4862114,2018-11-20 23:01:11,,2.56807021,0.0,,,61828.4988236,0.0,0.0,147
1,[],12,[],2019-03-10 11:21:07,337394.49222778,0.00000224000000000000015274565466627532117627197294495999813079833984375,0.000000000087527776,6894825,2019-03-10 11:21:07,btc,1.7297460343090616,0.0,0.00000224000000000000015274565466627532117627197294495999813079833984375,btc,28334.32942272,5.63436564e-06,0.028431119999982102,148
1,[],4,[],2019-03-10 11:21:07,251471.4151406,0.00000029,0.000000000011331721,6894826,2019-03-10 11:21:07,btc,219.99888813067545,0.0,0.00000029,btc,841119.99512658,0.0,0.0597702236452566,152
0,[],22,[],2019-03-10 11:21:11,0.0,0,0,6894827,2019-03-10 11:21:11,,0.0,0.0,0,,0.0,0.0,0.0,152
1,[],5,[],2019-03-10 11:12:30,0.0,0,0,6894636,2019-03-10 11:12:30,btc,0.0,0.0,0,btc,0.0,0.0,0.0,153
,[],16,[],2019-01-11 15:38:59,0.0,0,0,6366141,2019-01-11 15:38:59,btc,0.0,0.0,,btc,0.0,0.0,0.0,155
0,[],23,[],2019-01-20 23:24:29,0.0,0,0,6476932,2019-01-20 23:24:29,,0.0,0.0,0,,0.0,0.0,0.0,156
0,[],22,[],2019-03-10 11:21:14,0.0,0,0,6894828,2019-03-10 11:21:14,,6.7463781,0.0,0,,4673397.242592593,0.0,0.0,156
1,[],22,[],2019-03-10 11:21:17,7073.8,0.00005300,0.0000000020709697,6894829,2019-03-10 11:21:17,BTC,1.79802465,0.0,0.00005300,BTC,802.6461988741639,0.00541234,0.00104336,157
0,[],22,[],2019-03-10 11:21:20,0.0,0,0,6894830,2019-03-10 11:21:20,,50175.67608608,0.0,0,,54079135.04179466,0.0,0.0,158
,[],17,[],2018-11-20 22:56:10,0.0,0,0,4861976,2018-11-20 22:56:10,btc,1.1265625,0.0,,btc,1000.0,0.0,0.0,159
,[],20,[],2018-11-20 22:56:12,0.0,0,0,4861977,2018-11-20 22:56:12,btc,11912.7940471,0.0,,btc,34413894.3617,0.0,0.0,159
1,[],12,[],2019-03-10 11:21:21,220516.20597821,0.0000068199999999999999243161831474768774796757497824728488922119140625,0.00000000026649081799999997,6894831,2019-03-10 11:21:21,btc,0.7785257692413821,0.0,0.0000068199999999999999243161831474768774796757497824728488922119140625,btc,8636.12642149,0.0022806023831213,0.094035169899552,168
1,[],17,[],2019-03-10 11:21:33,29784.95,0.000001,0.0000000000390749,6894832,2019-03-10 11:21:33,btc,0.03026736251542,0.0,0.000001,btc,144.46171372,0.0,0.00716147,168
0,[],22,[],2019-03-07 13:06:36,0.0,0,0,6867364,2019-03-07 13:06:36,,1.1339604,0.0,0,,520283.17470714403,0.0,0.0,169
1,[],22,[],2019-03-10 11:21:36,222628.08333333334,0.00000012,0.0000000000046889879999999994,6894833,2019-03-10 11:21:36,BTC,14.35049674,0.0,0.00000012,BTC,156152.1439341018,0.00013086,0.00300837,171
1,[],22,[],2019-03-10 11:21:41,929614.6916666667,0.00000012,0.0000000000046889879999999994,6894834,2019-03-10 11:21:41,BTC,2.25422752,0.0,0.00000012,"BTC,LTC",285645.90484243806,0.00012628,0.03145914,173
1,[],5,[],2019-03-05 01:59:40,0.0,0,0,6845846,2019-03-05 01:59:40,btc,0.0,0.00384852,0,btc,0.0,0.0,0.0,175
1,[],22,[],2019-03-10 11:21:44,35500.0,0.00000012,0.0000000000046889879999999994,6894835,2019-03-10 11:21:44,BTC,0.54559973,0.0,0.00000012,BTC,137776.41444619838,0.0,0.00206,176
0,[],2,[],2019-01-20 23:28:34,0.0,0,0,6477001,2019-01-20 23:28:34,,0.0,0.0,0,,0.0,0.0,0.0,178
1,[],7,[],2019-03-10 11:21:47,0.0,0,0,6894836,2019-03-10 11:21:47,btc,408082.77918085374,17509.4905095,0,btc,115663731.27961002,0.00017509,0.0,178
0,[],22,[],2019-03-10 11:21:49,0.0,0,0,6894837,2019-03-10 11:21:49,,1.00242438,0.0,0,,57522.0,0.0,0.0,178
0,[],23,[],2019-01-20 23:25:08,0.0,0,0,6476952,2019-01-20 23:25:08,,0.0,0.0,0,,0.0,0.0,0.0,179
1,[],5,[],2019-03-10 11:21:50,0.0,0,0,6894838,2019-03-10 11:21:50,btc,0.0,0.02860969,0,btc,0.0,0.0,0.0,179
1,[],22,[],2019-03-10 11:21:55,6870884.5,0.00000002,0.000000000000781498,6894839,2019-03-10 11:21:55,BTC,5.65179987,0.0,0.00000002,"BTC,LTC",17776028.756535422,9.882e-05,0.37235841,179
1,[],17,[],2019-03-10 11:22:07,10504.725,0.0000001,0.0000000000039074899999999995,6894840,2019-03-10 11:22:07,btc,5.2010695838170005,0.0,0.0000001,btc,4994.45945,0.0,0.0010504725,180
1,[],22,[],2019-03-10 11:22:20,667666.7090909091,0.00000178,0.000000000069553322,6894841,2019-03-10 11:22:20,BTC,0.20952313,0.0,0.00000178,"BTC,LTC",59060.756131308655,0.01743884,0.57462798,180
1,[],26,[],2019-03-10 11:22:21,0.0,0.00000125,0.000000000048843625,6894842,2019-03-10 11:22:21,btc,0.0,194.0,0.00000125,btc,0.0,0.0,0.0,180
,[],7,[],2018-11-20 22:58:01,562227.975654,0.00000085,0.000000000036176765,4862015,2018-11-20 22:58:01,btc,21836.6059674,2491.87645172,,btc,749999.041456,0.00211021,0.127565380455,183
,[],5,[],2019-01-10 08:11:41,0.0,0,0,6347036,2019-01-10 08:11:41,btc,82.15055501,0.00261,,btc,1.19002445,0.0,0.0,187
,[],17,[],2018-11-16 20:58:10,4062536.27273,0.00000001,0.000000000000550501,4708775,2018-11-16 20:58:10,btc,3.36492563466,0.195460381006,,"btc,eth",110697919.549,0.0,0.0157628953496,187
1,[],24,[],2019-03-10 11:22:21,0.0,0.000000000001,3.90749e-17,6894843,2019-03-10 11:22:21,btc,0.0,0.0,0.000000000001,btc,0.0,0.0,0.0,187
0,[],22,[],2019-03-10 11:22:23,0.0,0,0,6894844,2019-03-10 11:22:23,,7.54797454,0.0,0,,79361.7243344055,0.0,0.0,191
0,[],22,[],2019-03-10 11:22:29,0.0,0,0,6894845,2019-03-10 11:22:29,,0.0,0.0,0,,0.0,0.0,0.0,197
0,[],23,[],2019-01-20 23:31:41,0.0,0,0,6477079,2019-01-20 23:31:41,,0.0,0.0,0,,0.0,0.0,0.0,199
0,[],22,[],2019-03-10 11:13:49,0.0,0,0,6894654,2019-03-10 11:13:49,,5.19076992,0.0,0,,21057923.0,0.0,0.0,199
1,[],26,[],2019-03-10 11:13:49,0.0,0.00000000,0,6894655,2019-03-10 11:13:49,btc,0.0,129381.0,0.00000000,btc,0.0,0.0,0.0,199
0,[],17,[],2019-01-30 16:32:01,0.0,0,0,6540827,2019-01-30 16:32:01,btc,6.802544163788159,0.0,0,btc,105897.55575295,0.0,0.0,200
0,[],2,[],2019-01-20 23:30:49,0.0,0,0,6477059,2019-01-20 23:30:49,,0.0,0.0,0,,0.0,0.0,0.0,201
1,[],4,[],2019-01-25 15:51:35,2084389.58565343,0.00000936,0.000000000333526752,6499557,2019-01-25 15:51:35,btc,2.0092503037378524,0.0,0.00000936,btc,160195.80207885,0.19272417,1.242687955921835,211
1,[],7,[],2019-03-10 11:22:34,2537881.34090265,0.00000101000000000000007076262319161141789436442195437848567962646484375,0.000000000039465649,6894846,2019-03-10 11:22:34,btc,15476653.213808428,495828.285552,0.00000101000000000000007076262319161141789436442195437848567962646484375,btc,13246007.35624412,0.0,1.0998495895717582,212
1,[],24,[],2019-03-10 11:22:36,0.0,0.000000120000,0.0000000000046889879999999994,6894848,2019-03-10 11:22:36,btc,0.0,0.0,0.000000120000,btc,0.0,0.0,0.0,213
1,[],26,[],2019-03-10 11:22:36,0.0,0.00000010,0.0000000000039074899999999995,6894849,2019-03-10 11:22:36,btc,0.0,0.0,0.00000010,btc,0.0,0.0,0.0,213
1,[],12,[],2019-01-25 02:44:32,207462.42853209,0.000001080000000000000035831255497387193287295303889550268650054931640625,0.000000000038610756000000006,6493050,2019-01-25 02:44:32,btc,85023.03793723314,0.0,0.000001080000000000000035831255497387193287295303889550268650054931640625,btc,43675.73520027,0.000146250909087,0.0348620860622024,213
1,[],5,[],2019-03-10 11:22:36,0.0,0,0,6894847,2019-03-10 11:22:36,btc,0.0,0.24972308,0,btc,0.0,0.0,0.0,213
1,[],22,[],2019-03-10 11:13:58,65000.0,0.00000002,0.0000000000007803680000000001,6894660,2019-03-10 11:13:58,BTC,2.28062382,0.0,0.00000002,BTC,675757.3963726171,0.0,0.00105,216
1,[],27,[],2019-03-10 11:14:00,1298122.0,0.00000003,0.000000000001170552,6894661,2019-03-10 11:14:00,btc,317.9840534547724,480.0,0.00000003,"btc,ltc",240763.990324,1.44e-05,0.0337576400002606,216
1,[],22,[],2019-03-10 11:22:41,155757.52409638555,0.00000170,0.00000000006642733,6894850,2019-03-10 11:22:41,BTC,12673.62809053,0.0,0.00000170,BTC,432676.7848329881,0.03028843,0.15742261,217
1,[],7,[],2019-03-10 11:22:43,0.0,0,0,6894851,2019-03-10 11:22:43,btc,77969.38822110009,1000.0,0,btc,135864036.11822966,1e-05,0.0,219
0,[],27,[],2019-03-10 11:22:46,0.0,0,0,6894852,2019-03-10 11:22:46,,0.0404796,0.0,0,btc,2057905.0,0.0,0.0,219
0.000000000000005,[],28,[],2019-03-10 11:22:48,168602693.387,7.5e-18,2.9306175e-22,6894853,2019-03-10 11:22:48,doge,85152.2106148375,14682.962,0.00150000,"btc,doge",3763918.34751,0.0,1.43534945916935e-11,219
1,[],22,[],2019-03-10 11:22:53,348339.0,0.00000006,0.0000000000023444939999999997,6894854,2019-03-10 11:22:53,BTC,2.76235014,0.0,0.00000006,BTC,86245.24541875876,0.0,0.01427961,221
1,[],24,[],2019-03-10 11:22:53,0.0,0.000000200000,0.000000000007814979999999999,6894855,2019-03-10 11:22:53,btc,0.0,0.0,0.000000200000,btc,0.0,0.0,0.0,221
1,[],20,[],2019-03-10 11:14:22,41239292.6303,0.000000002,0.00000000000007803680000000001,6894668,2019-03-10 11:14:22,btc,48.4442602981303,372036.895,0.000000002,btc,16017729.9079,0.00074407379,0.0433732557353,224
0,[],22,[],2019-03-10 11:14:25,0.0,0,0,6894669,2019-03-10 11:14:25,,0.0,0.0,0,,0.0,0.0,0.0,224
1,[],26,[],2019-03-10 11:22:53,0.0,0.00000035,0.000000000013676215,6894856,2019-03-10 11:22:53,btc,0.0,0.0,0.00000035,btc,0.0,0.0,0.0,231
1,[],26,[],2019-03-10 11:22:54,0.0,0.00000005,0.0000000000019537449999999998,6894857,2019-03-10 11:22:54,btc,0.0,100.0,0.00000005,btc,0.0,0.0,0.0,234
0.0000000003463924,[],27,[],2019-03-10 11:22:56,2000.0,3.4639240000000003e-18,1.353524839076e-22,6894858,2019-03-10 11:22:56,eth,0.01134836604,0.0,0.00000001,"btc,eth",11462.996,0.0,6.927848e-15,234
1,[],4,[],2019-03-10 11:14:29,771509.75251038,0.00000072,0.000000000028093248,6894673,2019-03-10 11:14:29,btc,4.226728244254254,0.0,0.00000072,btc,1225575.37203978,0.02621315,0.1921689543452521,236
1,[],24,[],2019-03-10 11:14:29,0.0,0.000000500000,0.000000000019509200000000003,6894674,2019-03-10 11:14:29,btc,0.0,0.0,0.000000500000,btc,0.0,0.0,0.0,236
1,[],20,[],2019-03-10 11:14:31,199020901.2982,0.000000055,0.000000000002146012,6894675,2019-03-10 11:14:31,btc,13.4741159135239,21896940.3695,0.000000055,btc,37062770.4856,1.2086916117625,0.3200521417665,237
0.0000000001447784,[],22,[],2019-03-10 11:14:35,751594.9,2.4612328e-17,9.603336588352001e-22,6894676,2019-03-10 11:14:35,LTC,0.0405823,0.0,0.00000017,LTC,3164.0,0.0,0.12541949,237
1,[],4,[],2019-03-10 11:22:57,8572443.13838067,0.00000035,0.000000000013676215,6894859,2019-03-10 11:22:57,btc,9.738159830152371,0.0,0.00000035,btc,11715446.22720886,0.50745655,2.1600685092933536,238
1,[],5,[],2019-03-10 11:23:00,0.0,0,0,6894860,2019-03-10 11:23:00,btc,0.0,0.03320208,0,btc,0.0,0.0,0.0,238
0,[],22,[],2019-03-10 11:23:03,0.0,0,0,6894861,2019-03-10 11:23:03,,0.40415746,0.0,0,,526736.5639027493,0.0,0.0,249
0.0000000001449697,[],22,[],2019-03-10 11:23:06,49087200.666666664,5.798788e-18,2.265870612212e-22,6894862,2019-03-10 11:23:06,LTC,0.90188236,0.0,0.00000004,LTC,17061399.253636364,0.0,1.18162413,252
1,[],28,[],2019-03-10 11:23:08,2789461.713,0.00000037,0.000000000014457712999999999,6894863,2019-03-10 11:23:08,btc,164735.3137161558,8770.5,0.00000037,btc,3219214.1177,0.0,0.57356634182,256
1,[],22,[],2019-03-10 11:14:56,1370473.8333333333,0.00000004,0.0000000000015607360000000002,6894682,2019-03-10 11:14:56,BTC,31.45362817,0.0,0.00000004,BTC,644307.8791200279,0.0002403,0.02036077,258
1,[],22,[],2019-03-10 11:15:04,48751.0,0.00000001,0.00000000000039018400000000005,6894683,2019-03-10 11:15:04,BTC,2.4175745,0.0,0.00000001,BTC,1762.0,0.0,0.00048751,259
1,[],5,[],2019-03-10 11:23:10,0.0,0,0,6894864,2019-03-10 11:23:10,btc,0.0,0.02410666,0,btc,0.0,0.0,0.0,264
1,[],20,[],2019-03-10 11:23:12,1215809.7357,0.0000018,0.00000000007033482,6894865,2019-03-10 11:23:12,btc,7.4574572255704,48520.2484,0.0000018,btc,101736.531,0.1349144181156,0.0168540528618,264
0,[],22,[],2019-03-10 11:15:11,0.0,0,0,6894686,2019-03-10 11:15:11,,8.75643939,0.0,0,,466495.2241309945,0.0,0.0,271
0,[],22,[],2019-03-10 11:23:17,0.0,0,0,6894866,2019-03-10 11:23:17,,266.36893303,0.0,0,,13949488766.692,0.0,0.0,272
0.000000000000005,[],28,[],2019-03-10 11:23:20,219865356712.905,5.05e-21,1.9732824499999999e-25,6894867,2019-03-10 11:23:20,doge,37979053.42345403,13489823065.8214,0.00000101,doge,207882438814.86688,0.0,6.040132249454133e-10,272
1,[],22,[],2019-03-10 11:23:25,179098.74,0.0000007,0.00000000002735243,6894868,2019-03-10 11:23:25,BTC,177.40763731,0.0,0.0000007,"BTC,LTC",30499.421119091923,0.0,0.06950825,281
1,[],22,[],2019-03-10 11:15:32,863197.0,0.00000003,0.000000000001170552,6894690,2019-03-10 11:15:32,BTC,1.357992,0.0,0.00000003,BTC,317677.0865933163,0.03505326,0.02563187,286
0,[],22,[],2019-03-10 11:23:28,0.0,0,0,6894869,2019-03-10 11:23:28,,43638.82491513,0.0,0,,700126356.0,0.0,0.0,294
