pairValue,buyBook,exchangeId,sellBook,updated,buyTotal,satoshiPrice,usdPrice,exchangeLogId,created,bestPair,sellTotalBtc,volume,pairPrice,activePairs,sellTotal,volumeBtc,buyTotalBtc,coinId
1,[],3,[],2019-03-12 15:41:11,30547.922955631762,0.01273206999999999984585219436894476530142128467559814453125,0.000000494876462795,6914094,2019-03-12 15:41:11,btc,61.10649204041918,0.183428193017,0.01273206999999999984585219436894476530142128467559814453125,btc,24.586796609329,0.0,0.35211754624106373,1
1,[],4,[],2019-03-12 15:41:12,207746.00660601,0.01258000,0.00000048896573,6914095,2019-03-12 15:41:12,btc,9.93314298011709,0.0,0.01258000,btc,323.10144734,1.54643027,1.0343989312923865,1
1,[],5,[],2019-03-12 15:41:15,0.0,0,0,6914096,2019-03-12 15:41:15,btc,0.0,0.14482998,0,btc,0.0,0.0,0.0,1
1,[],10,[],2019-03-12 15:41:17,413766.2099226,0.01010363,0.00000039271294265500005,6914097,2019-03-12 15:41:17,btc,6522.422216128868,1069.09751143,0.01010363,btc,1129.02157661,0.0,4.528474050753041,1
1,[],12,[],2019-03-12 15:41:20,114.41929504,0.01272000000000000040356606945124440244399011135101318359375,0.0000004944073200000001,6914098,2019-03-12 15:41:20,btc,0.2808833458955,0.0,0.01272000000000000040356606945124440244399011135101318359375,btc,20.9382623,0.0449068501218,0.3890190641273,1
1,[],20,[],2019-03-12 15:41:23,1152.4737,0.01050023,0.000000408128189755,6914099,2019-03-12 15:41:23,btc,0.0551639868997,0.0234,0.01050023,btc,2.4565,0.0002924953786,0.0959759649271,1
1,[],21,[],2019-03-12 15:41:25,2224.39762381,0.01278085999999999979037657027,0.00000049677285691,6914100,2019-03-12 15:41:25,btc,25.168963472084073,12421.69837849,0.01278085999999999979037657027447494328953325748443603515625,"btc,eth",2809.74538825,130.6280733570371,21.140496629823648,1
1,[],22,[],2019-03-12 15:41:29,0.0059712,0.01250000,0.00000048585625,6914101,2019-03-12 15:41:29,BTC,0.31439419,0.0,0.01250000,BTC,0.12751438772928525,0.0,7.464e-05,1
1,[],24,[],2019-03-12 15:41:30,0.0,0.000000000000,0,6914102,2019-03-12 15:41:30,btc,0.0,0.0,0.000000000000,btc,0.0,0.0,0.0,1
0.0,[],25,[],2019-03-12 15:41:31,0.0,0,0,6914103,2019-03-12 15:41:31,btc,30.523499997713618,9.75496181,0.0,btc,2330.52519883,0.1262,0.0,1
1,[],26,[],2019-03-12 15:41:40,0.0,0,0,6914104,2019-03-12 15:41:40,,0.0,0.0,0,,0.0,0.0,0.0,1
1,[],28,[],2019-03-12 15:41:42,992.9,0.01231000,0.000000478471235,6914105,2019-03-12 15:41:42,btc,0.147901439075,17661.15,0.01231000,btc,7.9421,0.0,0.086101096,1
0,[],2,[],2019-01-20 23:28:45,0.0,0,0,6477011,2019-01-20 23:28:45,,0.0,0.0,0,,0.0,0.0,0.0,1
1,[],5,[],2019-03-12 15:41:44,0.0,0,0,6914106,2019-03-12 15:41:44,btc,0.0,0.07357823,0,btc,0.0,0.0,0.0,2
0,[],22,[],2019-03-12 15:41:46,0.0,0,0,6914107,2019-03-12 15:41:46,,0.0,0.0,0,,0.0,0.0,0.0,2
1,[],5,[],2019-03-12 15:41:49,0.0,0,0,6914108,2019-03-12 15:41:49,btc,0.0,0.00298592,0,btc,0.0,0.0,0.0,3
1,[],12,[],2019-03-12 15:41:50,2769507.3828076,0.000000185,0.0000000000071906725,6914109,2019-03-12 15:41:50,btc,22811.472321725654,0.0,0.000000185,btc,1019424.1594832,0.02730680344954958,0.3755369339570276,3
0,[],28,[],2019-03-12 15:41:52,0.0,0,0,6914110,2019-03-12 15:41:52,,0.0,0.0,0,,0.0,0.0,0.0,3
0,[],2,[],2019-01-20 23:31:32,0.0,0,0,6477077,2019-01-20 23:31:32,,0.0,0.0,0,,0.0,0.0,0.0,4
1,[],4,[],2019-03-09 19:03:36,394362.28616607,0.00000032,0.000000000012569280000000001,6889097,2019-03-09 19:03:36,btc,32.15548375957025,0.0,0.00000032,btc,707361.31512647,0.00109114,0.0476374485302292,4
1,[],12,[],2019-03-12 15:33:22,438200.0,0.00000002,0.0000000000007731479999999999,6913917,2019-03-12 15:33:22,btc,1111742.1545516,0.0,0.00000002,btc,727568.0,0.0031458,0.00522374,5
0,[],2,[],2019-01-20 23:31:51,0.0,0,0,6477087,2019-01-20 23:31:51,,0.0,0.0,0,,0.0,0.0,0.0,6
1,[],11,[],2019-03-12 15:41:53,4588642.39882,0.00000002,0.00000000000077737,6914111,2019-03-12 15:41:53,btc,9568.17211851299,15935.0,0.00000002,btc,42715547.275313936,0.0,0.0587117913342,6
1,[],3,[],2019-03-12 15:41:54,1087.833962084558,0.000154759999999999988719301402539940681890584528446197509765625,0.00000000601528906,6914112,2019-03-12 15:41:54,btc,29.634085403952064,0.0,0.000154759999999999988719301402539940681890584528446197509765625,btc,239.122414578101,0.0,0.03439493781756314,7
1,[],4,[],2019-03-12 15:41:55,89179.10699827,0.00023903,0.000000009290737555,6914113,2019-03-12 15:41:55,btc,8.995729790413158,0.0,0.00023903,btc,30027.04173824,5.92182867,7.555570197296234,7
1,[],5,[],2019-03-12 15:41:57,0.0,0,0,6914114,2019-03-12 15:41:57,btc,0.0,1.04748841,0,btc,0.0,0.0,0.0,7
1,[],20,[],2019-02-20 02:16:17,39399275.8418,0.000000001,0.0000000000000390183,6728586,2019-02-20 02:16:17,btc,116.9737569154545,525.0,0.000000001,btc,56932965.8895,5.25e-07,0.0393992758418,8
1,[],4,[],2019-03-12 15:41:59,1522249.20382991,0.00000148,0.00000000005752538,6914115,2019-03-12 15:41:59,btc,4.9347875566388035,0.0,0.00000148,btc,2542706.74414139,1.54654934,1.3674404575147858,9
1,[],28,[],2019-03-12 15:42:00,26353.0,0.00000159,0.000000000061800915,6914116,2019-03-12 15:42:00,btc,2708.770107851883,3659361.85,0.00000159,btc,17176.9197,0.0,0.0147295,9
0,[],2,[],2019-01-20 23:22:42,0.0,0,0,6476876,2019-01-20 23:22:42,,0.0,0.0,0,,0.0,0.0,0.0,9
0,[],23,[],2019-01-20 23:22:48,0.0,0,0,6476878,2019-01-20 23:22:48,,0.0,0.0,0,,0.0,0.0,0.0,9
1,[],1,[],2019-02-17 23:31:42,1822507.21,0.00000181000000000000003456111265232042484285557293333113193511962890625,0.000000000066086901,6701244,2019-02-17 23:31:42,btc,3.6990969245,17153386.5,0.00000181000000000000003456111265232042484285557293333113193511962890625,btc,1997391.71,31.11772986,3.2610482446,9
1,[],4,[],2019-02-17 11:22:43,4341674.27126056,0.00000002,0.0000000000007272960000000001,6696112,2019-02-17 11:22:43,btc,0.1997230937751353,0.0,0.00000002,btc,4109766.79808031,0.00215132,0.0479381022052112,10
1,[],4,[],2019-03-12 15:42:02,5731941.77728489,0.00000122,0.00000000004741957,6914117,2019-03-12 15:42:02,btc,8.143831542822081,0.0,0.00000122,btc,4596051.41494654,1.37533273,3.2790853936170814,12
1,[],5,[],2019-03-12 15:42:04,0.0,0,0,6914118,2019-03-12 15:42:04,btc,0.0,0.08704959,0,btc,0.0,0.0,0.0,12
0.0,[],25,[],2019-03-12 15:42:05,0.0,0,0,6914119,2019-03-12 15:42:05,,0.0,0.0,0.0,btc,0.0,0.0,0.0,12
0,[],2,[],2019-01-20 23:23:08,0.0,0,0,6476890,2019-01-20 23:23:08,,0.0,0.0,0,,0.0,0.0,0.0,12
1,[],4,[],2019-03-12 15:42:05,32067311.71180734,0.00000633,0.000000000246037605,6914120,2019-03-12 15:42:05,btc,2.6976163767487527,0.0,0.00000633,btc,317064.08184819,1.09343063,1.5284883448485131,13
1,[],10,[],2019-03-12 15:42:09,441632.2045102,0.00000603,0.000000000234377055,6914121,2019-03-12 15:42:09,btc,666802.2777522939,13029.1006883,0.00000603,btc,709924.1763952,0.0,0.2839563229116569,13
1,[],21,[],2019-03-12 15:42:11,1545584.87806263,0.000006319999999999999629304772014,0.00000000024564891999999997,6914122,2019-03-12 15:42:11,btc,5.842175961998416,1720392.58309229,0.0000063199999999999996293047720141711209862478426657617092132568359375,btc,818186.75854663,10.67503122,9.127133895859782,13
1,[],4,[],2019-03-12 15:42:11,728552.75732371,0.00000127,0.000000000049362995,6914123,2019-03-12 15:42:11,btc,5.819134521014789,0.0,0.00000127,btc,867676.12124264,0.00139494,0.1452810687557714,14
1,[],12,[],2019-03-12 15:42:13,267481.0,0.000001300000000000000047051663780439678674838432925753295421600341796875,0.00000000005052905,6914124,2019-03-12 15:42:13,btc,0.0535923116137877,0.0,0.000001300000000000000047051663780439678674838432925753295421600341796875,btc,8932.48329661,0.0,0.02170078,14
0,[],17,[],2019-03-12 15:42:15,0.0,0,0,6914125,2019-03-12 15:42:15,btc,0.0,0.0,0,btc,0.0,0.0,0.0,14
1,[],26,[],2019-03-12 15:42:15,0.0,0.00000050,0.00000000001943425,6914126,2019-03-12 15:42:15,btc,0.0,0.0,0.00000050,btc,0.0,0.0,0.0,14
0,[],4,[],2019-03-12 15:42:16,0.0,0,0,6914127,2019-03-12 15:42:16,,0.0,0.0,0,,0.0,0.0,0.0,15
,[],12,[],2018-12-01 15:15:48,204241.84496,0.00000489,0.000000000202473384,5260204,2018-12-01 15:15:48,btc,49.5475654835,0.0,,btc,35763.2193806,0.0163153972027625,0.0203389899998,15
1,[],4,[],2019-03-12 15:42:18,36193.57585099,0.00001704,0.00000000066231924,6914128,2019-03-12 15:42:18,btc,4.176020775071722,0.0,0.00001704,btc,17906.17468388,0.02701285,0.1038602984916923,18
1,[],10,[],2019-03-12 15:42:20,781636.0932163,0.00001711,0.0000000006650400350000001,6914129,2019-03-12 15:42:20,btc,15.407125711274668,1954.31758449,0.00001711,btc,13302.36440746,0.0,0.1113682038747933,18
1,[],12,[],2019-03-12 15:42:21,314083.68579554,0.0000165299999999999992837500240039361187882605008780956268310546875,0.000000000642496305,6914130,2019-03-12 15:42:21,btc,33214.72672548568,0.0,0.0000165299999999999992837500240039361187882605008780956268310546875,btc,802.39536098,0.0238366991064197,0.033387737846881704,18
0,[],17,[],2019-03-12 15:42:23,0.0,0,0,6914131,2019-03-12 15:42:23,btc,0.0,0.0,0,btc,0.0,0.0,0.0,18
0,[],2,[],2019-01-20 23:23:38,0.0,0,0,6476906,2019-01-20 23:23:38,,0.0,0.0,0,,0.0,0.0,0.0,18
1,[],3,[],2019-03-12 15:42:24,117176.61814972539,0.0000174999999999999984669381281054967303134617395699024200439453125,0.0000000006801987499999999,6914132,2019-03-12 15:42:24,btc,0.6541586085714393,301.7,0.0000174999999999999984669381281054967303134617395699024200439453125,btc,14655.171468174085,0.0,0.013703351272369574,19
1,[],4,[],2019-03-12 15:42:24,214906.26444156,0.00001984,0.00000000077115104,6914133,2019-03-12 15:42:24,btc,2.458804894323803,0.0,0.00001984,btc,86527.46982562,0.14302106,2.121552016622322,19
1,[],5,[],2019-03-12 15:42:26,0.0,0,0,6914134,2019-03-12 15:42:26,btc,0.0,0.01825324,0,btc,0.0,0.0,0.0,19
1,[],12,[],2019-03-12 15:42:27,192237.77199281,0.0000167100000000000009484947549598388150116079486906528472900390625,0.0000000006494926350000001,6914135,2019-03-12 15:42:27,btc,0.199017870884537,0.0,0.0000167100000000000009484947549598388150116079486906528472900390625,btc,389.56600524,0.0,0.0399858599998551,19
0,[],27,[],2019-03-12 15:42:30,0.0,0,0,6914136,2019-03-12 15:42:30,,0.0,0.0,0,btc,0.0,0.0,0.0,19
0,[],2,[],2019-01-20 23:24:19,0.0,0,0,6476924,2019-01-20 23:24:19,,0.0,0.0,0,,0.0,0.0,0.0,19
1,[],4,[],2019-03-12 15:42:33,2769134.31543344,0.00000012,0.00000000000466422,6914137,2019-03-12 15:42:33,btc,7.3883038778920955,0.0,0.00000012,btc,2888450.60266467,0.00023941,0.0766687845231281,20
1,[],4,[],2019-03-12 15:42:33,103651191.22647026,0.00000002,0.0000000000007773699999999999,6914138,2019-03-12 15:42:33,btc,1899.6037010020632,0.0,0.00000002,btc,54060427.3328267,0.0013,1.1587642676500456,21
1,[],12,[],2019-03-12 15:42:35,1375286.0,0.00000001,0.000000000000388685,6914139,2019-03-12 15:42:35,btc,1247.5321035092009,0.0,0.00000001,btc,2589651.9600399598,0.0001998001998,0.01375286,21
0,[],17,[],2019-03-12 15:34:19,0.0,0,0,6913947,2019-03-12 15:34:19,btc,0.0,0.0,0,btc,0.0,0.0,0.0,21
1,[],12,[],2019-03-12 15:42:47,3217838681.0,0.0000000001,0.0000000000000038868500000000004,6914140,2019-03-12 15:42:47,btc,1933717.0074328869,0.0,0.0000000001,btc,1736304754.443945,0.00275888091708292,0.32178386810000004,23
0,[],27,[],2019-03-12 15:42:49,0.0,0,0,6914141,2019-03-12 15:42:49,,13.823034242813412,0.0,0,eth,4620333.31314486,0.0,0.0,23
1,[],4,[],2019-03-12 15:42:50,626375.11280323,0.00000041,0.000000000015936085,6914142,2019-03-12 15:42:50,btc,9.147786414626985,0.0,0.00000041,btc,1596542.0104425,0.00676822,0.1502937567114519,24
1,[],22,[],2019-03-12 15:42:53,11.76,0.00000100,0.0000000000388685,6914143,2019-03-12 15:42:53,BTC,7.415e-05,0.0,0.00000100,BTC,23.919354838709676,0.0,1.176e-05,24
0.0,[],25,[],2019-03-12 15:42:55,0.0,0,0,6914144,2019-03-12 15:42:55,,0.0,0.0,0.0,btc,0.0,0.0,0.0,24
1,[],4,[],2019-03-12 15:42:55,26579538.96328143,0.00000632,0.00000000024564892,6914145,2019-03-12 15:42:55,btc,135.50393050412788,0.0,0.00000632,btc,254677.7269339,0.06560729,0.4513693062337334,26
1,[],10,[],2019-03-12 15:42:57,686453.64890644,0.00000602,0.00000000023398837,6914146,2019-03-12 15:42:57,btc,26.12730415325388,4332.23838532,0.00000602,btc,14081.99315372,0.0,0.215901713884087,26
0,[],2,[],2019-01-20 23:25:56,0.0,0,0,6476976,2019-01-20 23:25:56,,0.0,0.0,0,,0.0,0.0,0.0,26
1,[],3,[],2019-03-12 15:42:59,8415347.59501412,0.00000001,0.000000000000388685,6914147,2019-03-12 15:42:59,btc,2.035925771038287,1062552.19301,0.00000001,btc,14386817.73160952,0.0,0.0841534759501412,27
1,[],5,[],2019-03-12 15:43:00,0.0,0,0,6914148,2019-03-12 15:43:00,btc,0.0,0.00036173,0,btc,0.0,0.0,0.0,27
1,[],11,[],2019-03-12 15:43:02,8489638.24590115,0.00000006,0.00000000000233211,6914149,2019-03-12 15:43:02,btc,67506.32807964063,5956.66666667,0.00000006,btc,7966196.08369704,0.0,0.4689379049180229,27
1,[],4,[],2019-03-12 15:43:04,2117521527.7782295,0.00000001,0.00000000000038868499999999997,6914150,2019-03-12 15:43:04,btc,5.224667886665917,0.0,0.00000001,"btc,ltc",341291473.797596,0.24311143,9.531355793350233,29
1,[],7,[],2019-03-12 15:43:05,35606551.76455675,0.00000001,0.000000000000388685,6914151,2019-03-12 15:43:05,btc,44461616.82460031,1374.7002997,0.00000001,btc,52080211.18075525,2.749e-05,0.3560655176455675,29
1,[],4,[],2019-03-12 15:43:05,1461298.75397874,0.00000020,0.0000000000077737,6914152,2019-03-12 15:43:05,btc,2.684666584611082,0.0,0.00000020,btc,2074241.27259286,0.03636338,0.0770587134599971,30
0,[],17,[],2019-03-12 15:34:40,0.0,0,0,6913961,2019-03-12 15:34:40,btc,0.0,0.0,0,btc,0.0,0.0,0.0,30
1,[],4,[],2019-03-12 15:43:17,190250.02516647,0.00005500,0.0000000021377675,6914153,2019-03-12 15:43:17,btc,10.001036109235136,0.0,0.00005500,btc,128505.25530361,0.89267749,2.1923582946562052,31
1,[],21,[],2019-03-12 15:43:17,44571.9563826,0.00005500000000000000195806912351,0.0000000021377675,6914154,2019-03-12 15:43:17,btc,2.9006870312583177,187004.07477793,0.0000550000000000000019580691235088210078174597583711147308349609375,btc,46916.1982559,10.23868502,2.322243896067386,31
0,[],2,[],2019-01-20 23:28:43,0.0,0,0,6477009,2019-01-20 23:28:43,,0.0,0.0,0,,0.0,0.0,0.0,32
1,[],4,[],2019-03-12 15:43:19,510086050.9565596,0.00000004,0.0000000000015547399999999999,6914155,2019-03-12 15:43:19,btc,9.594953395294961,0.0,0.00000004,"btc,ltc",185022159.44079188,0.26794671,10.186831361654416,33
1,[],12,[],2019-03-12 15:43:20,25780382.964,0.00000004,0.00000000000155474,6914156,2019-03-12 15:43:20,btc,2322981.7526318445,0.0,0.00000004,btc,17911590.89110884,0.0018179445753045,0.59833219892,33
1,[],4,[],2019-03-12 15:43:21,109891699.46021807,0.00000001,0.00000000000038868499999999997,6914157,2019-03-12 15:43:21,btc,3.405191344824696,0.0,0.00000001,btc,98555439.97761182,0.0216697,1.0989169946021806,34
1,[],5,[],2019-03-12 15:43:23,0.0,0,0,6914158,2019-03-12 15:43:23,btc,0.0,0.02605183,0,btc,0.0,0.0,0.0,34
0.0000000001444792,[],4,[],2019-03-12 15:43:24,3848364032.6210127,1.444792e-18,5.6156897852e-23,6914159,2019-03-12 15:43:24,ltc,4.507145807449554e-08,0.0,0.00000001,ltc,6120733349.88917,0.0,5.560085567418578e-09,36
1,[],5,[],2019-03-12 15:43:25,0.0,0,0,6914160,2019-03-12 15:43:25,btc,0.0,0.0,0,btc,0.0,0.0,0.0,36
0,[],17,[],2019-03-12 15:43:26,0.0,0,0,6914161,2019-03-12 15:43:26,btc,0.0746458280556666,0.0,0,btc,4105386.20243647,0.0,0.0,36
0.0000000003433648,[],27,[],2019-03-12 15:43:29,1088163.16325,3.4336480000000004e-18,1.3346074728800001e-22,6914162,2019-03-12 15:43:29,eth,222.5593908357632,0.0,0.00000001,"ltc,eth",11165406.63658689,0.0,1.702525221167036e-12,36
1,[],17,[],2019-03-12 14:53:15,1752.74075282,0.00000025,0.0000000000097279,6913604,2019-03-12 14:53:15,btc,0.0554849239854626,0.0,0.00000025,btc,1387.19918473,0.0,0.00043818518820499993,37
1,[],4,[],2019-03-12 15:24:01,225629.28332687,0.00000059,0.00000000002294451,6913770,2019-03-12 15:24:01,btc,19772.477169423237,0.0,0.00000059,btc,556251.12148199,0.00700511,0.0956062967425059,37
1,[],12,[],2019-03-12 15:24:02,467843.63491979,0.00000061,0.00000000002372229,6913771,2019-03-12 15:24:02,btc,20.396311657088898,0.0,0.00000061,btc,485985.60146513,0.0508138573677049,0.14770172339242518,37
1,[],27,[],2019-03-12 15:24:04,14685.567,0.00000045,0.00000000001750005,6913772,2019-03-12 15:24:04,btc,24.25536383611233,0.0,0.00000045,btc,6518.38138508,0.0,0.00480032515,37
1,[],5,[],2019-03-12 15:43:30,0.0,0,0,6914163,2019-03-12 15:43:30,btc,0.0,0.11252954,0,btc,0.0,0.0,0.0,42
1,[],12,[],2019-03-12 15:43:31,259413.93379539,0.000001049999999999999899545958213786800428124479367397725582122802734375,0.000000000040811925,6914164,2019-03-12 15:43:31,btc,5.376001216829186,0.0,0.000001049999999999999899545958213786800428124479367397725582122802734375,btc,31502.02038385,0.0577913555928463,0.023829519822482,42
0.0000000003433648,[],27,[],2019-03-12 15:43:33,2000.0,3.4336480000000004e-18,1.3346074728800001e-22,6914165,2019-03-12 15:43:33,eth,0.00315028,0.0,0.00000001,"btc,eth",11.007,0.0,6.867296000000001e-15,42
1,[],5,[],2019-03-12 15:35:12,0.0,0,0,6913974,2019-03-12 15:35:12,btc,0.0,0.02299556,0,btc,0.0,0.0,0.0,43
1,[],12,[],2019-03-12 15:35:13,1621233.0,0.00000001,0.00000000000038657399999999997,6913975,2019-03-12 15:35:13,btc,29044.00289611786,0.0,0.00000001,btc,5967581.8931069,2.6973026974e-06,0.01621233,43
0,[],17,[],2019-03-12 15:35:25,0.0,0,0,6913976,2019-03-12 15:35:25,btc,0.0,0.0,0,btc,0.0,0.0,0.0,43
1,[],12,[],2019-03-05 01:54:08,639326.02,0.00000004,0.000000000001486676,6845775,2019-03-05 01:54:08,btc,11116042.728239931,0.0,0.00000004,btc,1103841.4595604,0.0003330765234764,0.014975410599999999,44
1,[],4,[],2019-03-12 15:43:33,299062893.7506843,0.00000002,0.0000000000007773699999999999,6914166,2019-03-12 15:43:33,btc,946.4893795082702,0.0,0.00000002,"btc,ltc",16816911.58768139,0.00611993,0.2779942702985205,49
0.0000000001444792,[],4,[],2019-03-12 15:43:34,791973467.549984,1.444792e-18,5.6156897852e-23,6914167,2019-03-12 15:43:34,ltc,25.866299556878463,0.0,0.00000001,ltc,10686682336.83858,0.0,1.1442369301284764e-09,52
0.0000000001267736,[],22,[],2019-03-12 15:43:38,80645562.0,1.2677360000000001e-18,4.9274996716e-23,6914168,2019-03-12 15:43:38,XMR,4368.67077283,0.0,0.00000001,XMR,279827473.5359664,0.0,0.80645562,57
0.0000000003433648,[],27,[],2019-03-12 15:43:40,2000.0,3.4336480000000004e-18,1.3346074728800001e-22,6914169,2019-03-12 15:43:40,eth,0.0,0.0,0.00000001,"btc,eth",0.0,0.0,6.867296000000001e-15,57
0.0000000001444792,[],4,[],2019-03-12 15:43:41,432981857.03396165,2.889584e-18,1.12313795704e-22,6914170,2019-03-12 15:43:41,ltc,18.657416705840035,0.0,0.00000002,ltc,4773934074.050395,0.0,7.204117195607863e-10,58
1,[],12,[],2019-03-12 15:43:42,1225092075.0,0.0000000003,0.00000000000001166055,6914171,2019-03-12 15:43:42,btc,4023098.989702136,0.0,0.0000000003,btc,1666670432.6723275,0.008647103026473537,0.3152487466,58
0,[],22,[],2019-03-12 15:45:54,137438.0,0,0,6914172,2019-03-12 15:45:54,,69.8835922,0.0,0,,9887963.0,0.0,0.00137438,58
0,[],17,[],2019-03-12 15:24:29,0.0,0,0,6913785,2019-03-12 15:24:29,btc,1e+24,0.0,0,btc,49306342.21952568,0.0,0.0,58
1,[],5,[],2019-03-12 15:45:56,0.0,0,0,6914173,2019-03-12 15:45:56,btc,0.0,0.00215979,0,btc,0.0,0.0,0.0,61
1,[],22,[],2019-03-12 15:45:59,13757.0,0.00000012,0.00000000000466422,6914174,2019-03-12 15:45:59,BTC,1002.2960049,0.0,0.00000012,BTC,14976.68361146909,0.0,0.00154987,61
1,[],26,[],2019-03-12 15:45:59,0.0,0.00000800,0.000000000310948,6914175,2019-03-12 15:45:59,btc,0.0,0.0,0.00000800,btc,0.0,0.0,0.0,61
1,[],27,[],2019-03-12 15:46:02,4411.22008,0.00000047,0.000000000018268195,6914176,2019-03-12 15:46:02,btc,2.8990263703141324,0.0,0.00000047,"btc,eth",19485.01257617,0.0,0.0012437599594881043,61
1,[],28,[],2019-03-12 15:46:04,13880.304,0.0000005,0.00000000001943425,6914177,2019-03-12 15:46:04,btc,2.056312978300105,821.0,0.0000005,btc,9730.59500005,0.0,0.00566391304,61
1,[],4,[],2019-03-12 15:46:05,1256624.36543458,0.00000200,0.000000000077737,6914178,2019-03-12 15:46:05,btc,9.571997337510425,0.0,0.00000200,btc,806854.53206497,0.08241493,0.9186196284963337,67
0.0,[],25,[],2019-03-12 15:46:06,0.0,0,0,6914179,2019-03-12 15:46:06,,0.0,0.0,0.0,btc,0.0,0.0,0.0,67
1,[],12,[],2019-03-12 15:46:07,1937376.17948717,0.00000013,0.000000000005052905,6914180,2019-03-12 15:46:07,btc,1111215.0123018918,0.0,0.00000013,btc,940548.839447,0.0343724851698697,0.0907463399999988,71
,[],5,[],2018-11-20 23:02:39,1.5e-07,0.00000005,0.000000000002128045,4862160,2018-11-20 23:02:39,btc,2.84511358,0.0,,btc,0.00036572,0.0,0.07381892,74
1,[],5,[],2019-03-12 15:46:10,0.0,0,0,6914181,2019-03-12 15:46:10,btc,0.0,0.0,0,btc,0.0,0.0,0.0,75
1,[],4,[],2019-03-12 15:46:11,13122677.09824166,0.00000001,0.00000000000038868499999999997,6914182,2019-03-12 15:46:11,btc,11388.984771024567,0.0,0.00000001,btc,39980793.51032191,0.00077355,0.1312267709824166,81
0,[],20,[],2019-01-25 09:30:31,0.0,0,0,6495923,2019-01-25 09:30:31,btc,0.0,0.0,0,btc,0.0,0.0,0.0,81
1,[],4,[],2019-03-12 15:46:13,24445.34278553,0.00007370,0.00000000286460845,6914183,2019-03-12 15:46:13,btc,18.156430738298166,0.0,0.00007370,btc,12761.94254342,0.05881738,0.1336598387721436,82
1,[],21,[],2019-03-12 15:46:13,943518.1888616,0.00007401000000000000460242954858,0.000000002876657685,6914184,2019-03-12 15:46:13,btc,3.499576055603697,9261.44563402,0.00007401000000000000460242954858358643832616508007049560546875,btc,42030.67995487,0.67498989,3.4505600907752934,82
0,[],17,[],2019-03-12 15:46:25,0.0,0,0,6914185,2019-03-12 15:46:25,btc,0.0447233088476774,0.0,0,btc,999127.19588126,0.0,0.0,84
0.0000000001444792,[],4,[],2019-03-12 15:46:26,192915063.72890335,4.334376e-18,1.68470693556e-22,6914186,2019-03-12 15:46:26,ltc,1.6816215240000214,0.0,0.00000003,ltc,391775574.6521779,0.00050898,4.6231894367290763e-10,85
,[],22,[],2018-11-20 23:09:34,3408.1,0.0000001,0.0000000000041895,4862324,2018-11-20 23:09:34,BTC,0.04624735,0.0,,BTC,4990.0,0.0,0.00033081,86
1,[],22,[],2019-03-12 15:46:30,110870.0,0.00000005,0.000000000001943425,6914187,2019-03-12 15:46:30,BTC,2.07858175,0.0,0.00000005,BTC,170145.94736842104,0.00046282,0.0017035,87
1,[],27,[],2019-03-12 15:46:32,55.0,0.00000001,0.00000000000038868499999999997,6914188,2019-03-12 15:46:32,btc,10.036181760234012,0.32659,0.00000001,btc,8809.9236248,0.00037218,5.5e-07,87
,[],2,[],2018-11-20 23:10:47,0.0,0,0,4862359,2018-11-20 23:10:47,,0.0,0.0,,,0.0,0.0,0.0,88
1,[],11,[],2019-03-12 15:46:33,95284.50061367,0.00014791000000000001195210597160212273593060672283172607421875,0.0000000057490398350000004,6914189,2019-03-12 15:46:33,btc,611.5150289391765,1853.50376796,0.00014791000000000001195210597160212273593060672283172607421875,btc,97757.45850999,0.0,6.609525014072505,89
0,[],2,[],2019-01-20 23:31:45,0.0,0,0,6477083,2019-01-20 23:31:45,,0.0,0.0,0,,0.0,0.0,0.0,91
1,[],12,[],2019-03-12 15:46:35,266661.25249996,0.0000009,0.00000000003498165,6914190,2019-03-12 15:46:35,btc,61.00696758309671,0.0,0.0000009,btc,118043.85210378,0.022235791,0.0487971910999875,91
1,[],22,[],2019-03-12 15:46:49,65900.0,0.00000001,0.00000000000038868499999999997,6914191,2019-03-12 15:46:49,BTC,3e-06,0.0,0.00000001,BTC,1.0,0.0,0.000659,91
0,[],17,[],2019-03-12 15:36:21,0.0,0,0,6914002,2019-03-12 15:36:21,btc,0.0,0.0,0,btc,0.0,0.0,0.0,91
0,[],22,[],2019-03-12 15:46:52,0.0,0,0,6914192,2019-03-12 15:46:52,,2.79348959,0.0,0,,45638637.95714286,0.0,0.0,95
0.0000000001444792,[],4,[],2019-03-12 15:46:54,634094082.3097469,7.6573976e-17,2.976315586156e-21,6914193,2019-03-12 15:46:54,ltc,11.894590678910586,0.0,0.00000053,ltc,135843086.5154975,0.00025948,1.598979978405023e-09,96
0,[],12,[],2019-03-12 15:46:56,0.0,0,0,6914194,2019-03-12 15:46:56,btc,10.189766683176822,0.0,0,btc,3076055.31768231,3.1268731269e-06,0.0,96
0,[],17,[],2019-03-12 15:46:58,0.0,0,0,6914195,2019-03-12 15:46:58,btc,0.0,0.0,0,btc,0.0,0.0,0.0,96
1,[],4,[],2019-03-12 10:13:14,2544101.88493427,0.00000025,0.0000000000097174,6911574,2019-03-12 10:13:14,btc,2.5031007307816195,0.0,0.00000025,btc,2555984.39269018,0.04718357,0.3381776086135513,99
0,[],2,[],2019-01-20 23:23:55,0.0,0,0,6476914,2019-01-20 23:23:55,,0.0,0.0,0,,0.0,0.0,0.0,100
1,[],4,[],2019-03-12 15:46:59,272484.66614191,0.00003514,0.00000000136583909,6914196,2019-03-12 15:46:59,btc,11.845718112321073,0.0,0.00003514,btc,181433.44388108,2.36064114,1.0507894173561196,100
1,[],22,[],2019-03-12 15:47:03,50000.0,0.00000001,0.00000000000038868499999999997,6914197,2019-03-12 15:47:03,BTC,23.49896609,0.0,0.00000001,BTC,10277.22,0.0,0.0005,101
1,[],4,[],2019-03-12 15:47:04,457155.13459289,0.00000086,0.00000000003342691,6914198,2019-03-12 15:47:04,btc,308.0825668582365,0.0,0.00000086,btc,506489.44816453,0.00408576,0.2265929432857297,103
1,[],12,[],2019-03-12 15:47:08,21271141.3914937,0.000000009,0.00000000000034981649999999997,6914199,2019-03-12 15:47:08,btc,1419146.0112599058,0.0,0.000000009,btc,75265240.41163126,0.00767701374283575,0.04433265358564286,105
1,[],27,[],2019-03-12 15:47:10,223920.39,0.00000001,0.00000000000038868499999999997,6914200,2019-03-12 15:47:10,btc,36.605890344913405,998.0,0.00000001,btc,1300442.23571724,1.996e-05,0.0022392039,105
1,[],22,[],2019-03-12 15:47:15,9328.0,0.00000001,0.00000000000038868499999999997,6914201,2019-03-12 15:47:15,BTC,51.10837004,0.0,0.00000001,BTC,470435.0,0.0,9.328e-05,107
1,[],26,[],2019-03-12 15:47:15,0.0,0.00000000,0,6914202,2019-03-12 15:47:15,btc,0.0,0.0,0.00000000,btc,0.0,0.0,0.0,107
1,[],5,[],2019-03-12 15:47:18,0.0,0,0,6914203,2019-03-12 15:47:18,btc,0.0,0.01391287,0,btc,0.0,0.0,0.0,112
1,[],22,[],2019-03-12 15:47:21,1966.0,0.00000001,0.00000000000038868499999999997,6914204,2019-03-12 15:47:21,BTC,2.7975128,0.0,0.00000001,BTC,826524.0833333334,0.0,1.966e-05,112
0.0000000003433648,[],27,[],2019-03-12 15:47:24,2000.0,3.4336480000000004e-18,1.3346074728800001e-22,6914205,2019-03-12 15:47:24,eth,1.24996908,0.0,0.00000001,"btc,eth",1289.0,0.0,6.867296000000001e-15,112
1,[],4,[],2019-03-12 15:47:26,1289087.74501233,0.00000182,0.00000000007074067,6914206,2019-03-12 15:47:26,btc,5.415675485323606,0.0,0.00000182,btc,372221.14930203,0.0171316,0.9747899134032316,113
1,[],5,[],2019-03-12 15:47:28,0.0,0,0,6914207,2019-03-12 15:47:28,btc,0.0,0.00215117,0,btc,0.0,0.0,0.0,113
1,[],17,[],2019-03-12 15:37:01,152738.278,0.00000004,0.0000000000015462959999999999,6914018,2019-03-12 15:37:01,btc,1.33680302678,0.0,0.00000004,btc,50696.221,0.0,0.0022095311199999998,116
0,[],27,[],2019-03-12 15:37:03,0.0,0,0,6914019,2019-03-12 15:37:03,,0.0,0.0,0,btc,0.0,0.0,0.0,116
1,[],4,[],2019-03-12 15:47:29,111468.63371305,0.00004320,0.0000000016791192,6914208,2019-03-12 15:47:29,btc,82.01314294429827,0.0,0.00004320,btc,11385.96103681,7.29310594,2.311278787003544,120
1,[],7,[],2019-03-12 15:47:30,21023.18370184,0.0000373799999999999978637921227431206716573797166347503662109375,0.00000000145290453,6914209,2019-03-12 15:47:30,btc,121183.01437979992,29844.3379838,0.0000373799999999999978637921227431206716573797166347503662109375,btc,26005.40804976,0.94704585,0.061746929196571605,120
1,[],20,[],2019-03-12 15:47:33,2936495.1447,0.000000034,0.000000000001321529,6914210,2019-03-12 15:47:33,btc,33.6158440906568,4295.05,0.000000034,btc,1013150.479,0.0001460317,0.0383630481636,125
1,[],22,[],2019-03-12 15:47:36,3053.0,0.00000001,0.00000000000038868499999999997,6914211,2019-03-12 15:47:36,BTC,0.01444887,0.0,0.00000001,BTC,296263.5111111111,0.0,3.053e-05,126
0,[],17,[],2019-03-12 15:28:27,0.0,0,0,6913829,2019-03-12 15:28:27,btc,0.0009561751951600001,0.0,0,btc,35.42829368,0.0,0.0,131
1,[],4,[],2019-03-12 15:47:37,131723.09139484,0.00001302,0.00000000050606787,6914212,2019-03-12 15:47:37,btc,3.5092718448511313,0.0,0.00001302,btc,115073.78885836,0.12343394,0.4666947048843019,131
0,[],2,[],2019-01-20 23:25:46,0.0,0,0,6476969,2019-01-20 23:25:46,,0.0,0.0,0,,0.0,0.0,0.0,131
1,[],4,[],2019-03-12 15:47:39,4635.22971958,0.00016674,0.00000000648093369,6914213,2019-03-12 15:47:39,btc,1.6076329053900376,0.0,0.00016674,btc,199.65667936,0.01014376,0.0216006408185251,135
1,[],3,[],2019-03-07 00:20:44,877702.73244099,0.00000004,0.00000000000154846,6863392,2019-03-07 00:20:44,btc,0.119366241821405,0.0,0.00000004,btc,760637.99421222,0.0,0.023771231960604298,136
1,[],4,[],2019-03-12 15:47:40,256176.91610642,0.00000150,0.00000000005830275,6914214,2019-03-12 15:47:40,btc,38.61880110760757,0.0,0.00000150,btc,538977.28288746,0.02529427,0.0256694093752238,137
1,[],12,[],2019-03-12 15:47:42,142540.90049751,0.000001480000000000000017730500227741696761540879379026591777801513671875,0.00000000005752538,6914215,2019-03-12 15:47:42,btc,5.046765273956137,0.0,0.000001480000000000000017730500227741696761540879379026591777801513671875,btc,4168.83407345,2.511e-05,0.0093706099999968,137
1,[],4,[],2019-03-12 15:47:43,12080.11507123,0.00003536,0.00000000137439016,6914216,2019-03-12 15:47:43,btc,28.700875407351024,0.0,0.00003536,btc,51075.02188602,0.22454553,0.2383769969663053,142
1,[],5,[],2019-03-12 15:47:44,0.0,0,0,6914217,2019-03-12 15:47:44,btc,0.0,0.11613392,0,btc,0.0,0.0,0.0,142
1,[],17,[],2019-03-12 15:47:46,22967.386363640002,0.00000088,0.000000000034204280000000004,6914218,2019-03-12 15:47:46,btc,20.06991335268753,0.0,0.00000088,btc,2746.079105,0.0,0.0104613000000032,142
1,[],20,[],2019-03-12 15:47:48,153053.1981,0.000033,0.0000000012826605,6914219,2019-03-12 15:47:48,btc,0.3361564156272,0.06,0.000033,btc,2245.1871,1.98e-06,0.3093601933177,142
1,[],22,[],2019-03-12 15:47:51,1470.8988921568628,0.00004000,0.00000000155474,6914220,2019-03-12 15:47:51,BTC,3.00385504,0.0,0.00004000,BTC,891.218,0.0,0.0012358,142
0.0,[],25,[],2019-03-12 15:47:53,0.0,0,0,6914221,2019-03-12 15:47:53,,0.0,0.0,0.0,btc,0.0,0.0,0.0,142
1,[],28,[],2019-03-12 15:47:54,76600.0,0.00002270,0.00000000088231495,6914222,2019-03-12 15:47:54,btc,0.067100461059305,1376.0,0.00002270,btc,552.61077999,0.0,0.0154572,142
0,[],22,[],2019-03-12 15:47:57,0.0,0,0,6914223,2019-03-12 15:47:57,,65.83990167,0.0,0,,1043231670.8,0.0,0.0,143
0,[],22,[],2019-02-25 15:42:22,0.0,0,0,6783783,2019-02-25 15:42:22,,4.2131946,0.0,0,,2322156.0,0.0,0.0,146
,[],22,[],2018-11-20 23:01:11,0.0,0,0,4862114,2018-11-20 23:01:11,,2.56807021,0.0,,,61828.4988236,0.0,0.0,147
1,[],12,[],2019-03-12 15:47:58,347901.87303364,0.00000209999999999999979909191642757360085624895873479545116424560546875,0.00000000008162385,6914224,2019-03-12 15:47:58,btc,7.931978452605939,0.0,0.00000209999999999999979909191642757360085624895873479545116424560546875,btc,101341.33942272,0.0052937130697453,0.0815129499998114,148
1,[],4,[],2019-03-12 15:47:59,248582.82816903,0.00000030,0.00000000001166055,6914225,2019-03-12 15:47:59,btc,219.9981163332034,0.0,0.00000030,btc,839391.71915744,0.0,0.0589442000901679,152
0,[],22,[],2019-03-12 15:48:01,0.0,0,0,6914226,2019-03-12 15:48:01,,0.0,0.0,0,,0.0,0.0,0.0,152
1,[],5,[],2019-03-12 15:48:04,0.0,0,0,6914227,2019-03-12 15:48:04,btc,0.0,0.0,0,btc,0.0,0.0,0.0,153
,[],16,[],2019-01-11 15:38:59,0.0,0,0,6366141,2019-01-11 15:38:59,btc,0.0,0.0,,btc,0.0,0.0,0.0,155
0,[],23,[],2019-01-20 23:24:29,0.0,0,0,6476932,2019-01-20 23:24:29,,0.0,0.0,0,,0.0,0.0,0.0,156
0,[],22,[],2019-03-12 15:48:07,0.0,0,0,6914228,2019-03-12 15:48:07,,6.7463781,0.0,0,,4673397.242592593,0.0,0.0,156
1,[],22,[],2019-03-12 15:48:10,7073.8,0.00005300,0.0000000020600305,6914229,2019-03-12 15:48:10,BTC,1.79802465,0.0,0.00005300,BTC,802.6461988741639,0.0,0.00104336,157
0,[],22,[],2019-03-12 15:38:17,0.0,0,0,6914041,2019-03-12 15:38:17,,50175.67608608,0.0,0,,54079135.04179466,0.0,0.0,158
,[],17,[],2018-11-20 22:56:10,0.0,0,0,4861976,2018-11-20 22:56:10,btc,1.1265625,0.0,,btc,1000.0,0.0,0.0,159
,[],20,[],2018-11-20 22:56:12,0.0,0,0,4861977,2018-11-20 22:56:12,btc,11912.7940471,0.0,,btc,34413894.3617,0.0,0.0,159
1,[],12,[],2019-03-12 15:48:12,211966.46725582,0.00000785999999999999928433115636838834916488849557936191558837890625,0.00000000030550641,6914230,2019-03-12 15:48:12,btc,1.7042927706243596,0.0,0.00000785999999999999928433115636838834916488849557936191558837890625,btc,9521.74151851,0.0019436139316204,0.0964100410999143,168
1,[],17,[],2019-03-12 15:38:30,29784.95,0.000001,0.0000000000386574,6914043,2019-03-12 15:38:30,btc,0.03026736251542,0.0,0.000001,btc,144.46171372,0.0,0.00716147,168
0,[],22,[],2019-03-12 15:48:47,0.0,0,0,6914231,2019-03-12 15:48:47,,1.1340533,0.0,0,,524928.174707144,0.0,0.0,169
1,[],22,[],2019-03-12 15:48:51,204847.95238095237,0.00000021,0.000000000008162385,6914232,2019-03-12 15:48:51,BTC,14.34913623,0.0,0.00000021,BTC,151917.1303658541,0.0001201,0.00252801,171
1,[],22,[],2019-03-12 15:48:55,739708.25,0.00000008,0.0000000000031094799999999998,6914233,2019-03-12 15:48:55,BTC,2.59720135,0.0,0.00000008,"BTC,LTC",329803.10019289755,0.0084834,0.02724822,173
1,[],5,[],2019-03-05 01:59:40,0.0,0,0,6845846,2019-03-05 01:59:40,btc,0.0,0.00384852,0,btc,0.0,0.0,0.0,175
1,[],22,[],2019-03-12 15:48:59,35500.0,0.00000012,0.00000000000466422,6914234,2019-03-12 15:48:59,BTC,0.54559973,0.0,0.00000012,BTC,137776.41444619838,0.0,0.00206,176
1,[],7,[],2019-03-12 15:49:00,0.0,0,0,6914235,2019-03-12 15:49:00,btc,408082.77102362673,696370.629371,0,btc,114863618.23151591,0.0,0.0,178
0,[],22,[],2019-03-12 15:49:03,0.0,0,0,6914236,2019-03-12 15:49:03,,1.00242438,0.0,0,,57522.0,0.0,0.0,178
0,[],2,[],2019-01-20 23:28:34,0.0,0,0,6477001,2019-01-20 23:28:34,,0.0,0.0,0,,0.0,0.0,0.0,178
0,[],23,[],2019-01-20 23:25:08,0.0,0,0,6476952,2019-01-20 23:25:08,,0.0,0.0,0,,0.0,0.0,0.0,179
1,[],5,[],2019-03-12 15:49:05,0.0,0,0,6914237,2019-03-12 15:49:05,btc,0.0,0.21720277,0,btc,0.0,0.0,0.0,179
1,[],22,[],2019-03-12 15:49:09,6867106.0,0.00000002,0.0000000000007773699999999999,6914238,2019-03-12 15:49:09,BTC,5.65174896,0.0,0.00000002,"BTC,LTC",17774331.756535422,0.0,0.37228284,179
1,[],17,[],2019-03-12 15:49:11,10504.725,0.0000001,0.00000000000388685,6914239,2019-03-12 15:49:11,btc,5.201069583843954,0.0,0.0000001,btc,5033.45945,0.0,0.0010504725,180
1,[],22,[],2019-03-12 15:49:16,667032.4435541859,0.00000177,0.000000000068797245,6914240,2019-03-12 15:49:16,BTC,0.21232706,0.0,0.00000177,"BTC,LTC",60537.70591793739,0.00087432,0.57350033,180
1,[],26,[],2019-03-12 15:49:16,0.0,0.00000125,0.000000000048585625,6914241,2019-03-12 15:49:16,btc,0.0,0.0,0.00000125,btc,0.0,0.0,0.0,180
,[],7,[],2018-11-20 22:58:01,562227.975654,0.00000085,0.000000000036176765,4862015,2018-11-20 22:58:01,btc,21836.6059674,2491.87645172,,btc,749999.041456,0.00211021,0.127565380455,183
,[],5,[],2019-01-10 08:11:41,0.0,0,0,6347036,2019-01-10 08:11:41,btc,82.15055501,0.00261,,btc,1.19002445,0.0,0.0,187
,[],17,[],2018-11-16 20:58:10,4062536.27273,0.00000001,0.000000000000550501,4708775,2018-11-16 20:58:10,btc,3.36492563466,0.195460381006,,"btc,eth",110697919.549,0.0,0.0157628953496,187
1,[],24,[],2019-03-12 15:49:16,0.0,0.000000000001,3.88685e-17,6914242,2019-03-12 15:49:16,btc,0.0,0.0,0.000000000001,btc,0.0,0.0,0.0,187
0,[],22,[],2019-03-12 15:39:17,0.0,0,0,6914055,2019-03-12 15:39:17,,7.54797454,0.0,0,,79361.7243344055,0.0,0.0,191
0,[],22,[],2019-03-12 15:39:23,0.0,0,0,6914056,2019-03-12 15:39:23,,0.0,0.0,0,,0.0,0.0,0.0,197
0,[],22,[],2019-03-12 15:39:26,0.0,0,0,6914057,2019-03-12 15:39:26,,5.19581047,0.0,0,,21561978.0,0.0,0.0,199
1,[],26,[],2019-03-12 15:39:26,0.0,0.00000000,0,6914058,2019-03-12 15:39:26,btc,0.0,130633.0,0.00000000,btc,0.0,0.0,0.0,199
0,[],23,[],2019-01-20 23:31:41,0.0,0,0,6477079,2019-01-20 23:31:41,,0.0,0.0,0,,0.0,0.0,0.0,199
0,[],17,[],2019-01-30 16:32:01,0.0,0,0,6540827,2019-01-30 16:32:01,btc,6.802544163788159,0.0,0,btc,105897.55575295,0.0,0.0,200
0,[],2,[],2019-01-20 23:30:49,0.0,0,0,6477059,2019-01-20 23:30:49,,0.0,0.0,0,,0.0,0.0,0.0,201
1,[],4,[],2019-01-25 15:51:35,2084389.58565343,0.00000936,0.000000000333526752,6499557,2019-01-25 15:51:35,btc,2.0092503037378524,0.0,0.00000936,btc,160195.80207885,0.19272417,1.242687955921835,211
1,[],7,[],2019-03-12 15:49:19,5980046.77499826,0.000001039999999999999995289683661636725986454621306620538234710693359375,0.00000000004042324,6914243,2019-03-12 15:49:19,btc,15476655.813598095,438717.268049,0.000001039999999999999995289683661636725986454621306620538234710693359375,btc,14826461.48545444,0.0,2.8988205993755627,212
1,[],5,[],2019-03-12 15:39:30,0.0,0,0,6914060,2019-03-12 15:39:30,btc,0.0,0.1979155,0,btc,0.0,0.0,0.0,213
1,[],24,[],2019-03-12 15:39:30,0.0,0.000000150000,0.00000000000579861,6914061,2019-03-12 15:39:30,btc,0.0,0.0,0.000000150000,btc,0.0,0.0,0.0,213
1,[],26,[],2019-03-12 15:39:30,0.0,0.00000010,0.00000000000386574,6914062,2019-03-12 15:39:30,btc,0.0,0.0,0.00000010,btc,0.0,0.0,0.0,213
1,[],12,[],2019-01-25 02:44:32,207462.42853209,0.000001080000000000000035831255497387193287295303889550268650054931640625,0.000000000038610756000000006,6493050,2019-01-25 02:44:32,btc,85023.03793723314,0.0,0.000001080000000000000035831255497387193287295303889550268650054931640625,btc,43675.73520027,0.000146250909087,0.0348620860622024,213
1,[],22,[],2019-03-12 15:49:22,49000.0,0.00000002,0.0000000000007773699999999999,6914244,2019-03-12 15:49:22,BTC,2.27972134,0.0,0.00000002,BTC,650798.3963726171,0.00100164,0.00073,216
1,[],27,[],2019-03-12 15:49:25,1298122.0,0.00000003,0.000000000001166055,6914245,2019-03-12 15:49:25,btc,317.9840526547724,0.0,0.00000003,"btc,ltc",240753.990324,0.0,0.03375764000026006,216
1,[],22,[],2019-03-12 15:49:28,186927.0,0.00000170,0.00000000006607645,6914246,2019-03-12 15:49:28,BTC,12673.60339645,0.0,0.00000170,BTC,428618.9847912904,0.00012078,0.20640381,217
1,[],7,[],2019-03-12 15:49:29,0.0,0,0,6914247,2019-03-12 15:49:29,btc,77971.81411323446,0.0,0,btc,135963412.7426053,0.0,0.0,219
0,[],27,[],2019-03-12 15:49:31,0.0,0,0,6914248,2019-03-12 15:49:31,,0.0404796,0.0,0,btc,2057905.0,0.0,0.0,219
0.0000000000000052,[],28,[],2019-03-12 15:49:33,168498989.876,9.100000000000001e-18,3.5370335e-22,6914249,2019-03-12 15:49:33,doge,83813.6359944575,687864.937,0.00175000,"btc,doge",3632668.34751,0.0,1.668793242526124e-11,219
1,[],22,[],2019-03-12 15:39:49,436133.0,0.00000008,0.0000000000030925919999999998,6914069,2019-03-12 15:39:49,BTC,18.0683074,0.0,0.00000008,BTC,93423.54541875875,0.0,0.02056713,221
1,[],24,[],2019-03-12 15:39:49,0.0,0.000000200000,0.00000000000773148,6914070,2019-03-12 15:39:49,btc,0.0,0.0,0.000000200000,btc,0.0,0.0,0.0,221
1,[],20,[],2019-03-12 15:39:51,42294460.0253,0.000000002,0.0000000000000773148,6914071,2019-03-12 15:39:51,btc,48.4372276041303,1934140.0,0.000000002,btc,14614659.9079,0.008692184,0.0454835905253,224
0,[],22,[],2019-03-12 15:39:53,0.0,0,0,6914072,2019-03-12 15:39:53,,0.0,0.0,0,,0.0,0.0,0.0,224
1,[],26,[],2019-03-12 15:49:34,0.0,0.00000035,0.000000000013603975,6914250,2019-03-12 15:49:34,btc,0.0,0.0,0.00000035,btc,0.0,0.0,0.0,231
1,[],26,[],2019-03-12 15:49:34,0.0,0.00000005,0.000000000001943425,6914251,2019-03-12 15:49:34,btc,0.0,0.0,0.00000005,btc,0.0,0.0,0.0,234
0.0000000003433648,[],27,[],2019-03-12 15:49:36,2000.0,3.4336480000000004e-18,1.3346074728800001e-22,6914252,2019-03-12 15:49:36,eth,0.01134836604,0.0,0.00000001,"btc,eth",11462.996,0.0,6.867296000000001e-15,234
1,[],4,[],2019-03-12 15:49:37,804393.76341362,0.00000068,0.00000000002643058,6914253,2019-03-12 15:49:37,btc,4.331600965048807,0.0,0.00000068,btc,1201706.25866216,0.30302253,0.203013610620464,236
1,[],24,[],2019-03-12 15:49:37,0.0,0.000000500000,0.00000000001943425,6914254,2019-03-12 15:49:37,btc,0.0,0.0,0.000000500000,btc,0.0,0.0,0.0,236
1,[],20,[],2019-03-12 15:49:39,224584654.0487,0.000000048,0.000000000001865688,6914255,2019-03-12 15:49:39,btc,12.9724996899513,19189639.044,0.000000048,btc,35302314.7354,1.0335979729156,0.2685552150147,237
0.0000000001444792,[],22,[],2019-03-12 15:49:42,751594.9,2.4561464e-17,9.54667263484e-22,6914256,2019-03-12 15:49:42,LTC,0.0405823,0.0,0.00000017,LTC,3164.0,0.0,0.12541949,237
1,[],4,[],2019-03-12 15:49:43,7532043.13806925,0.00000034,0.00000000001321529,6914257,2019-03-12 15:49:43,btc,7.1887900653814585,0.0,0.00000034,btc,10806509.04736231,0.2910166,1.8134115019696,238
1,[],5,[],2019-03-12 15:49:44,0.0,0,0,6914258,2019-03-12 15:49:44,btc,0.0,0.0591654,0,btc,0.0,0.0,0.0,238
0,[],22,[],2019-03-12 15:49:47,0.0,0,0,6914259,2019-03-12 15:49:47,,0.40415746,0.0,0,,526736.5639027493,0.0,0.0,249
0.0000000001444792,[],22,[],2019-03-12 15:49:50,49087200.666666664,5.779168e-18,2.24627591408e-22,6914260,2019-03-12 15:49:50,LTC,0.93198307,0.0,0.00000004,LTC,18333276.253636364,0.0,1.18162413,252
1,[],28,[],2019-03-12 15:49:52,2536712.164,0.00000043,0.000000000016713455,6914261,2019-03-12 15:49:52,btc,164780.33791025,627363.019,0.00000043,btc,248949.88,0.0,0.67571103157,256
1,[],22,[],2019-03-12 15:40:21,1369689.3333333333,0.00000004,0.0000000000015462959999999999,6914085,2019-03-12 15:40:21,BTC,31.44571227,0.0,0.00000004,BTC,586880.2568978056,0.00019047,0.02029577,258
1,[],22,[],2019-03-12 15:40:24,47146.0,0.00000001,0.00000000000038657399999999997,6914086,2019-03-12 15:40:24,BTC,2.415167,0.0,0.00000001,BTC,157.0,0.0,0.00047146,259
1,[],5,[],2019-03-12 15:49:55,0.0,0,0,6914262,2019-03-12 15:49:55,btc,0.0,0.26785796,0,btc,0.0,0.0,0.0,264
1,[],20,[],2019-03-12 15:49:57,1216075.6591,0.0000021,0.00000000008162385,6914263,2019-03-12 15:49:57,btc,7.1898533681368,141949.3607,0.0000021,btc,99223.5203,0.2996074664908,0.0176371305849,264
0,[],22,[],2019-03-12 14:29:09,0.0,0,0,6913172,2019-03-12 14:29:09,,8.75660439,0.0,0,,474745.2241309945,0.0,0.0,271
0,[],22,[],2019-03-12 15:50:00,0.0,0,0,6914264,2019-03-12 15:50:00,,111821.04152134,0.0,0,,13992847597.692,0.0,0.0,272
0.0000000000000052,[],28,[],2019-03-12 15:50:02,213241056712.905,5.096e-21,1.98073876e-25,6914265,2019-03-12 15:50:02,doge,38471161.34966302,18772720532.0,0.00000098,doge,240034807325.4759,0.0,5.880682079432298e-10,272
1,[],22,[],2019-03-12 15:50:09,269925.08,0.00000250,0.00000000009717125,6914266,2019-03-12 15:50:09,BTC,234.95095649,0.0,0.00000250,"BTC,LTC",42054.41778575859,0.00109704,0.1129699,281
1,[],22,[],2019-03-12 15:50:13,1254502.4630252102,0.00000018,0.00000000000699633,6914267,2019-03-12 15:50:13,BTC,1.33363506,0.0,0.00000018,BTC,164423.62946872733,0.01002534,0.06581557,286
0,[],22,[],2019-03-12 15:50:16,0.0,0,0,6914268,2019-03-12 15:50:16,,1044638.83848451,0.0,0,,703583294.0,0.0,0.0,294
