pairValue,buyBook,exchangeId,sellBook,updated,buyTotal,satoshiPrice,usdPrice,exchangeLogId,created,bestPair,sellTotalBtc,volume,pairPrice,activePairs,sellTotal,volumeBtc,buyTotalBtc,coinId
1,[],10,[],2019-07-13 08:58:05,251434.9725798,0.00271069,0.00000031407274150500003,7812232,2019-07-13 08:58:05,btc,6515.317158446701,1686.04548878,0.00271069,btc,2002.66956917,0.0,1.2639712180673435,1
1,[],5,[],2019-07-06 00:27:44,0.0,0,0,7800775,2019-07-06 00:27:44,btc,0.0,0.00190933,0,btc,0.0,0.0,0.0,1
0,[],2,[],2019-01-20 23:28:45,0.0,0,0,6477011,2019-01-20 23:28:45,,0.0,0.0,0,,0.0,0.0,0.0,1
1,[],3,[],2019-09-06 10:54:22,965.343583932171,0.007286019999999999822992702291912792134098708629608154296875,0.000000783063542296,7996895,2019-09-06 10:54:22,btc,9.328813097938482,0.0,0.007286019999999999822992702291912792134098708629608154296875,btc,34.741712541011005,0.0,0.28860093237279133,1
1,[],4,[],2019-09-06 10:54:24,24977.90282741,0.00723113,0.000000777164250524,7996896,2019-09-06 10:54:24,btc,5.263593701864192,0.0,0.00723113,btc,402.61722483,0.56869221,0.508804772337142,1
1,[],12,[],2019-09-06 10:54:28,228.72204591000002,0.0073299999999999997102317905728341429494321346282958984375,0.0000007877902839999999,7996897,2019-09-06 10:54:28,btc,0.281636594801,0.0,0.0073299999999999997102317905728341429494321346282958984375,btc,27.7672687,0.446148699855,0.2934391373484,1
1,[],20,[],2019-09-06 10:54:30,1932.3301,0.00710168,0.000000763251637664,7996898,2019-09-06 10:54:30,btc,0.227218186944,0.6144,0.00710168,btc,19.2312,0.004563585538,0.1294933427326,1
1,[],21,[],2019-09-06 10:54:31,2228.85491986,0.007373919999999999953799179053,0.0000007925105772159999,7996899,2019-09-06 10:54:31,btc,8.66160948330237,1359.0212813199998,0.007373919999999999953799179053248735726810991764068603515625,"btc,eth",1675.04405769,9.260406845189472,13.682969713164097,1
1,[],22,[],2019-09-06 10:54:34,0.5198816666666667,0.00600000,0.0000006448487999999999,7996900,2019-09-06 10:54:34,BTC,0.01700334,0.0,0.00600000,BTC,0.283670650841137,0.0,0.00302178,1
1,[],24,[],2019-09-06 10:54:34,0.0,0.000000000000,0,7996901,2019-09-06 10:54:34,btc,0.0,0.0,0.000000000000,btc,0.0,0.0,0.0,1
0.0,[],25,[],2019-09-06 10:54:36,0.0,0,0,7996902,2019-09-06 10:54:36,btc,38.502099999057855,23191.76070068,0.0,btc,5085.4582027,169.0199,0.0,1
1,[],26,[],2019-09-06 11:16:16,0.0,0,0,7996903,2019-09-06 11:16:16,,0.0,0.0,0,,0.0,0.0,0.0,1
1,[],28,[],2019-09-06 11:16:17,1037.3,0.007000000000,0.0000007523235999999999,7996904,2019-09-06 11:16:17,btc,0.379748033,2553.062,0.007000000000,btc,23.7751,0.0,0.248706096,1
1,[],22,[],2019-09-06 10:51:28,9495.2,0.0000002,0.00000000002148894,7996818,2019-09-06 10:51:28,BTC,21.00878619,0.0,0.0000002,"BTC,XMR",19931.59287795317,0.0,0.00102579,2
1,[],5,[],2019-07-06 00:28:14,0.0,0,0,7800785,2019-07-06 00:28:14,btc,0.0,0.00208797,0,btc,0.0,0.0,0.0,2
1,[],12,[],2019-08-28 21:17:40,5010914.74249396,0.000000058,0.000000000005696249600000001,7978048,2019-08-28 21:17:40,btc,43110.2619967908,0.0,0.000000058,btc,9228654.41588682,0.002779447687,0.20908922188989368,3
0,[],28,[],2019-08-28 21:17:42,0.0,0,0,7978049,2019-08-28 21:17:42,,0.0,0.0,0,,0.0,0.0,0.0,3
1,[],5,[],2019-06-03 14:48:58,0.0,0,0,7731126,2019-06-03 14:48:58,btc,0.0,0.05905545,0,btc,0.0,0.0,0.0,3
0,[],2,[],2019-01-20 23:31:32,0.0,0,0,6477077,2019-01-20 23:31:32,,0.0,0.0,0,,0.0,0.0,0.0,4
1,[],4,[],2019-08-19 07:13:39,5576051.9095195,0.00000012,0.000000000012681852,7911861,2019-08-19 07:13:39,btc,25.86361324985451,0.0,0.00000012,btc,1094878.27526979,0.00024951,0.0793524101309535,4
0,[],2,[],2019-01-20 23:31:51,0.0,0,0,6477087,2019-01-20 23:31:51,,0.0,0.0,0,,0.0,0.0,0.0,6
1,[],11,[],2019-08-15 15:27:29,324074.0,0.00000001,0.0000000000010065590000000001,7900084,2019-08-15 15:27:29,btc,9583.47119397936,4910218.0,0.00000001,btc,78345418.50750598,0.0,0.00324074,6
1,[],3,[],2019-09-06 10:51:30,11395.483443330051,0.00005852999999999999695965424706400881404988467693328857421875,0.000000006288738291,7996819,2019-09-06 10:51:30,btc,1026.299696323474,191.149834002,0.00005852999999999999695965424706400881404988467693328857421875,btc,499.497756089976,0.0,0.01927907655414797,7
1,[],4,[],2019-09-06 10:51:31,86763.05268468,0.00006314,0.000000006784058358,7996820,2019-09-06 10:51:31,btc,11.117798920582164,0.0,0.00006314,btc,74606.63759336,0.56402768,1.4831246102726594,7
1,[],5,[],2019-07-06 00:28:21,0.0,0,0,7800789,2019-07-06 00:28:21,btc,0.0,0.38662001,0,btc,0.0,0.0,0.0,7
1,[],5,[],2019-07-05 17:50:59,0.0,0,0,7799863,2019-07-05 17:50:59,btc,0.0,0.04857279,0,btc,0.0,0.0,0.0,12
0,[],2,[],2019-01-20 23:23:08,0.0,0,0,6476890,2019-01-20 23:23:08,,0.0,0.0,0,,0.0,0.0,0.0,12
1,[],4,[],2019-09-06 10:51:33,7401314.25065461,0.00000014,0.000000000015042258,7996821,2019-09-06 10:51:33,btc,5.118883866359864,0.0,0.00000014,btc,10876175.54168398,0.43973123,0.5321531053262742,12
0.0,[],25,[],2019-09-06 10:51:35,0.0,0,0,7996822,2019-09-06 10:51:35,,0.0,0.0,0.0,btc,0.0,0.0,0.0,12
1,[],4,[],2019-09-06 10:51:36,925809.60311248,0.00000100,0.00000000010744469999999999,7996823,2019-09-06 10:51:36,btc,2.5340536454187825,0.0,0.00000100,btc,746936.15846936,0.12479282,0.2750576480200147,13
1,[],10,[],2019-09-06 10:51:39,702644.7223082,0.00000099,0.000000000106370253,7996824,2019-09-06 10:51:39,btc,666828.3227115696,28637.3003338,0.00000099,btc,1009834.63088409,0.0,0.0938843562250929,13
1,[],21,[],2019-09-06 10:51:40,4505464.25891401,0.000001039999999999999995289683662,0.000000000111742488,7996825,2019-09-06 10:51:40,btc,3.663351344337019,459257.73922223,0.000001039999999999999995289683661636725986454621306620538234710693359375,btc,1954553.90964241,0.49076471,1.6997447953246703,13
0,[],17,[],2019-08-21 20:54:35,0.0,0,0,7923253,2019-08-21 20:54:35,btc,0.0,0.0,0,btc,0.0,0.0,0.0,14
1,[],4,[],2019-09-06 10:51:41,1012506.72382789,0.00000056,0.000000000060169032,7996826,2019-09-06 10:51:41,btc,1.954467633529188,0.0,0.00000056,btc,809637.40112001,0.02481984,0.1332302516705572,14
1,[],12,[],2019-09-06 10:51:43,210504.14273665,0.00000052,0.000000000055871244,7996827,2019-09-06 10:51:43,btc,182.00237090490378,0.0,0.00000052,btc,37671.34485173,0.000309678531,0.012642519999995,14
1,[],26,[],2019-09-06 10:51:43,0.0,0,0,7996828,2019-09-06 10:51:43,,0.0,0.0,0,,0.0,0.0,0.0,14
0,[],4,[],2019-09-06 10:51:44,0.0,0,0,7996829,2019-09-06 10:51:44,,0.0,0.0,0,,0.0,0.0,0.0,15
,[],12,[],2018-12-01 15:15:48,204241.84496,0.00000489,0.000000000202473384,5260204,2018-12-01 15:15:48,btc,49.5475654835,0.0,,btc,35763.2193806,0.0163153972027625,0.0203389899998,15
0,[],17,[],2019-08-21 20:54:42,0.0,0,0,7923259,2019-08-21 20:54:42,btc,0.0,0.0,0,btc,0.0,0.0,0.0,18
0,[],2,[],2019-01-20 23:23:38,0.0,0,0,6476906,2019-01-20 23:23:38,,0.0,0.0,0,,0.0,0.0,0.0,18
1,[],4,[],2019-09-06 10:51:45,27838.0828857,0.00000643,0.000000000690869421,7996830,2019-09-06 10:51:45,btc,2.4680655320119165,0.0,0.00000643,btc,28801.37617499,0.01523412,0.0279437430361332,18
1,[],10,[],2019-09-06 10:51:48,375543.65618775,0.00000518,0.000000000556563546,7996831,2019-09-06 10:51:48,btc,15.047810512416302,25632.3563425,0.00000518,btc,27622.87055338,0.0,0.1441286331245503,18
1,[],12,[],2019-09-06 10:51:49,22315.17259384,0.0000059699999999999995922033736717171592545128078199923038482666015625,0.0000000006414448589999999,7996832,2019-09-06 10:51:49,btc,0.5716997682835648,0.0,0.0000059699999999999995922033736717171592545128078199923038482666015625,btc,2863.65864447,0.012256262431,0.0151029753951307,18
0,[],27,[],2019-08-12 16:48:42,0.0,0,0,7891818,2019-08-12 16:48:42,,0.0,0.0,0,btc,0.0,0.0,0.0,19
0,[],2,[],2019-01-20 23:24:19,0.0,0,0,6476924,2019-01-20 23:24:19,,0.0,0.0,0,,0.0,0.0,0.0,19
1,[],3,[],2019-09-06 10:51:50,155016.9727221952,0.000004930000000000000232188400450805687569300062023103237152099609375,0.000000000529702371,7996833,2019-09-06 10:51:50,btc,190.44564010351436,0.0,0.000004930000000000000232188400450805687569300062023103237152099609375,btc,36371.163773179214,0.0,0.051448984602996496,19
1,[],4,[],2019-09-06 10:51:51,445414.1908931,0.00000451,0.000000000484575597,7996834,2019-09-06 10:51:51,btc,3.0230863697625603,0.0,0.00000451,btc,288162.69083592,0.03642858,1.0726583550511255,19
1,[],12,[],2019-09-06 10:51:52,129698.10728429,0.0000044700000000000004012350347804005679108740878291428089141845703125,0.000000000480277809,7996835,2019-09-06 10:51:52,btc,0.3191045285934415,0.0,0.0000044700000000000004012350347804005679108740878291428089141845703125,btc,3325.31508773,0.0,0.019462689999867302,19
1,[],5,[],2019-07-06 02:01:19,0.0,0,0,7800799,2019-07-06 02:01:19,btc,0.0,0.0,0,btc,0.0,0.0,0.0,19
1,[],4,[],2019-08-19 09:56:57,10479102.32813501,0.00000006,0.00000000000640596,7912317,2019-08-19 09:56:57,btc,4.984292824562718,0.0,0.00000006,btc,2305413.8842246,0.0,0.1263090499480169,20
0,[],17,[],2019-08-21 20:54:51,0.0,0,0,7923265,2019-08-21 20:54:51,btc,0.0,0.0,0,btc,0.0,0.0,0.0,21
0,[],4,[],2019-09-06 10:51:53,0.0,0,0,7996836,2019-09-06 10:51:53,,235026.7844503308,0.0,0,,176690731.7334771,0.0,0.0,21
0,[],12,[],2019-09-06 10:51:54,0.0,0,0,7996837,2019-09-06 10:51:54,btc,2617.132190890949,0.0,0,btc,8914397.89310687,0.0,0.0,21
0.0000000002204393,[],27,[],2019-07-29 17:24:02,79794022.5,8.5971327e-17,8.21370058158e-21,7852364,2019-07-29 17:24:02,eth,1253.5830452782222,787155.0,0.00000039,eth,2317982.66147653,6.7672759904685e-11,2.1948587434632156e-09,23
1,[],12,[],2019-09-06 10:51:55,2872611291.0,0.0000000018,0.00000000000019340045999999998,7996838,2019-09-06 10:51:55,btc,167285767603.2776,0.0,0.0000000018,btc,1899044345.6224074,0.172506829346,0.8069615975,23
1,[],4,[],2019-09-06 10:51:56,5836022.31813811,0.00000016,0.000000000017191152,7996839,2019-09-06 10:51:56,btc,4.395885965458698,0.0,0.00000016,btc,2111208.93282348,0.00820281,0.0989235797752964,24
0,[],22,[],2019-09-06 10:52:00,0.0,0,0,7996840,2019-09-06 10:52:00,,2.9367775,0.0,0,,2936.7775,0.0,0.0,24
0.0,[],25,[],2019-09-06 10:52:03,0.0,0,0,7996841,2019-09-06 10:52:03,,0.0,0.0,0.0,btc,0.0,0.0,0.0,24
1,[],4,[],2019-09-06 10:52:04,27528992.85081516,0.00000350,0.00000000037605645,7996842,2019-09-06 10:52:04,btc,110.7267192663245,0.0,0.00000350,btc,1049390.52813423,0.08408198,0.5358437730228329,26
1,[],10,[],2019-09-06 10:52:06,214410.50939274,0.00000356,0.00000000038250313199999994,7996843,2019-09-06 10:52:06,btc,25.713716907464004,7992.04022871,0.00000356,btc,19695.75415987,0.0,0.0336907021407399,26
0,[],2,[],2019-01-20 23:25:56,0.0,0,0,6476976,2019-01-20 23:25:56,,0.0,0.0,0,,0.0,0.0,0.0,26
0.0000000000631402,[],4,[],2019-09-06 10:52:06,952231280.3373827,3.3464306e-17,3.5955623188782e-21,7996844,2019-09-06 10:52:06,ltc,11.535745411717848,0.0,0.00000053,ltc,1011333509.015895,0.0,6.644709781679164e-09,29
1,[],7,[],2019-09-06 10:52:07,0.0,0,0,7996845,2019-09-06 10:52:07,btc,13538.447201857698,0.0,0,btc,40501336.46936437,0.0,0.0,29
0,[],17,[],2019-08-21 20:55:05,0.0,0,0,7923275,2019-08-21 20:55:05,btc,0.0,0.0,0,btc,0.0,0.0,0.0,30
1,[],4,[],2019-09-06 10:52:08,14082781.75891151,0.00000007,0.000000000007521129,7996846,2019-09-06 10:52:08,btc,2.495827124682325,0.0,0.00000007,btc,1932606.46675203,0.0,0.1646808168930549,30
1,[],4,[],2019-09-06 10:52:09,200747.74564738,0.00002231,0.000000002397091257,7996847,2019-09-06 10:52:09,btc,1.8525452755894525,0.0,0.00002231,btc,46920.36134959,0.21156794,0.1461347500215934,31
1,[],21,[],2019-09-06 10:52:10,7436763.9518504,0.00002351999999999999842745582179,0.000000002527099344,7996848,2019-09-06 10:52:10,btc,2.2217055047292713,46829.76378364,0.0000235199999999999984274558217922646008446463383734226226806640625,btc,75087.63167693,1.13310087,3.160931290275147,31
0,[],2,[],2019-01-20 23:28:43,0.0,0,0,6477009,2019-01-20 23:28:43,,0.0,0.0,0,,0.0,0.0,0.0,32
0,[],4,[],2019-09-06 10:52:11,0.0,0,0,7996849,2019-09-06 10:52:11,,0.0,0.0,0,,0.0,0.0,0.0,33
1,[],12,[],2019-03-30 07:55:10,40641173.964,0.00000003,0.000000000001228359,7108785,2019-03-30 07:55:10,btc,4233210.82356125,0.0,0.00000003,btc,28378394.68333462,0.0126927883965248,0.90752895892,33
0.0000000000631402,[],4,[],2019-09-06 10:52:12,41187449.13389057,2.525608e-17,2.713631938776e-21,7996850,2019-09-06 10:52:12,ltc,6.137327080791973,0.0,0.0000004,ltc,191184370.21928352,0.0,3.354946961820302e-10,34
1,[],5,[],2019-07-06 02:03:46,0.0,0,0,7800811,2019-07-06 02:03:46,btc,0.0,0.0,0,btc,0.0,0.0,0.0,34
1,[],27,[],2019-08-12 16:26:17,6255.0,0.00000019,0.000000000021630303,7891745,2019-08-12 16:26:17,btc,22.61101824371233,0.0,0.00000019,btc,4198.924835,0.0,0.00091445,37
1,[],17,[],2019-08-21 20:55:15,210000.45146899,0.00000025,0.000000000025489949999999998,7923282,2019-08-21 20:55:15,btc,0.003138923777095,0.0,0.00000025,"btc,eth",803.94918473,0.0,0.0001001128676138302,37
1,[],4,[],2019-09-06 10:52:13,10979123.57135382,0.00000011,0.000000000011818917,7996851,2019-09-06 10:52:13,btc,19773.219701028273,0.0,0.00000011,btc,2416108.95700698,0.00170596,0.1613737855175706,37
1,[],12,[],2019-09-06 10:52:14,8007440.18181817,0.00000012,0.000000000012893363999999999,7996852,2019-09-06 10:52:14,btc,1679.2933720838498,0.0,0.00000012,btc,2346122.22656746,0.008222521648,0.220624778181817,37
0,[],27,[],2019-08-12 16:26:27,0.0,0,0,7891747,2019-08-12 16:26:27,,0.001005,0.0,0,"btc,eth",3.0,0.0,0.0,42
1,[],12,[],2019-09-06 10:52:15,310058.89646326,0.00000074,0.000000000079509078,7996853,2019-09-06 10:52:15,btc,486.6754565534124,0.0,0.00000074,btc,163178.28842433,0.011577119951,0.0505376735910169,42
1,[],5,[],2019-07-06 02:03:47,0.0,0,0,7800812,2019-07-06 02:03:47,btc,0.0,0.14382058,0,btc,0.0,0.0,0.0,42
1,[],12,[],2019-03-13 09:13:29,1112112.0,0.00000001,0.000000000000386531,6919902,2019-03-13 09:13:29,btc,29058.00478931866,0.0,0.00000001,btc,5967681.93306694,9.99000999e-07,0.01112112,43
1,[],5,[],2019-04-26 22:38:52,0.0,0,0,7474154,2019-04-26 22:38:52,btc,0.0,0.02638891,0,btc,0.0,0.0,0.0,43
0,[],17,[],2019-04-26 22:38:53,0.0,0,0,7474155,2019-04-26 22:38:53,btc,0.0,0.0,0,btc,0.0,0.0,0.0,43
0.0000000000631402,[],4,[],2019-09-06 10:52:16,111633645.44251339,3.8515522e-17,4.1382887066334e-21,7996854,2019-09-06 10:52:16,ltc,8614.741115464225,0.0,0.00000061,ltc,27046830.90040059,0.0,4.4982295040231533e-10,49
0.0000000000673771,[],4,[],2019-09-01 13:37:52,277776288.3690458,1.4149191e-17,1.3535738675004002e-21,7981780,2019-09-01 13:37:52,ltc,31254.223411918138,0.0,0.00000021,ltc,165508145.920071,0.0,2.8136254903293817e-10,52
0,[],27,[],2019-08-12 16:26:37,0.0,0,0,7891750,2019-08-12 16:26:37,,0.0,0.0,0,"btc,eth",0.0,0.0,0.0,57
0,[],22,[],2019-09-06 10:52:20,0.0,0,0,7996855,2019-09-06 10:52:20,,10290.06395626,0.0,0,,285312171.3316013,0.0,0.0,57
1,[],17,[],2019-08-21 20:55:25,1200000.0,0.0000000001,0.00000000000001019598,7923289,2019-08-21 20:55:25,btc,1e+24,0.0,0.0000000001,"btc,eth",39506342.31952568,0.0,0.00010000000036633021,58
0.0000000000631402,[],4,[],2019-09-06 10:52:20,1151289779.3299024,6.3140200000000005e-19,6.78407984694e-23,7996856,2019-09-06 10:52:20,ltc,19.71302045668898,0.0,0.00000001,ltc,5297757042.266811,0.00019319,7.269266692484591e-10,58
1,[],12,[],2019-09-06 10:52:21,106953660.925572,0.0000000001,0.00000000000001074447,7996857,2019-09-06 10:52:21,btc,71937265.82391043,0.0,0.0000000001,btc,5120795195.56647,0.015007397212,0.0106953660925572,58
0.0000000000734497,[],22,[],2019-09-06 10:52:25,626877.0,7.34497e-19,7.89178098159e-23,7996858,2019-09-06 10:52:25,XMR,68.17454206,0.0,0.00000001,XMR,9626402.6,0.0,0.00626877,58
0,[],27,[],2019-07-29 19:34:56,0.0,0,0,7852673,2019-07-29 19:34:56,,1.97314195,0.0,0,"btc,eth",10936.9,0.0,0.0,61
0,[],22,[],2019-08-22 14:00:27,0.0,0,0,7929496,2019-08-22 14:00:27,,1000.95212109,0.0,0,,9656.689066014545,0.0,0.0,61
1,[],26,[],2019-08-22 14:00:27,0.0,0,0,7929497,2019-08-22 14:00:27,,0.0,0.0,0,,0.0,0.0,0.0,61
1,[],28,[],2019-08-22 14:00:41,40000.0,0.00000004,0.000000000004031476,7929498,2019-08-22 14:00:41,btc,0.242343945415105,338.0,0.00000004,btc,8016.46650005,0.0,0.001,61
1,[],5,[],2019-06-17 14:31:27,0.0,0,0,7740135,2019-06-17 14:31:27,btc,0.0,0.00079154,0,btc,0.0,0.0,0.0,61
1,[],4,[],2019-09-06 10:52:26,1961870.25539012,0.00000069,0.000000000074136843,7996859,2019-09-06 10:52:26,btc,3.0459159698886955,0.0,0.00000069,btc,1323705.47639533,0.01580748,0.91281480678253,67
0.0,[],25,[],2019-09-06 10:52:29,0.0,0,0,7996860,2019-09-06 10:52:29,,0.0,0.0,0.0,btc,0.0,0.0,0.0,67
1,[],12,[],2019-06-02 06:23:14,910048.355,0.00000006,0.000000000005154929999999999,7725270,2019-06-02 06:23:14,btc,5.167005424215783,0.0,0.00000006,btc,738530.60239759,0.003159757462,0.0187188113,71
,[],5,[],2018-11-20 23:02:39,1.5e-07,0.00000005,0.000000000002128045,4862160,2018-11-20 23:02:39,btc,2.84511358,0.0,,btc,0.00036572,0.0,0.07381892,74
1,[],5,[],2019-07-06 00:15:01,0.0,0,0,7800749,2019-07-06 00:15:01,btc,0.0,0.01883861,0,btc,0.0,0.0,0.0,75
1,[],4,[],2019-09-06 10:52:30,139396.548825,0.00005227,0.000000005616134469,7996861,2019-09-06 10:52:30,btc,55.75878815993453,0.0,0.00005227,btc,127188.56633769,1.23057893,0.542144728603969,82
1,[],21,[],2019-09-06 10:52:31,788512.4447055,0.00005499000000000000035974695445,0.0000000059083840529999995,7996862,2019-09-06 10:52:31,btc,3.5201436305535765,14745.72841298,0.000054990000000000000359746954448070255239144898951053619384765625,btc,46204.19808344,0.806477,1.7244793611734932,82
0,[],4,[],2019-07-23 20:51:52,0.0,0,0,7830376,2019-07-23 20:51:52,,1.6413985531662756,0.0,0,,620289065.5915176,0.0,0.0,85
,[],22,[],2018-11-20 23:09:34,3408.1,0.0000001,0.0000000000041895,4862324,2018-11-20 23:09:34,BTC,0.04624735,0.0,,BTC,4990.0,0.0,0.00033081,86
1,[],27,[],2019-08-06 12:06:36,100155.0,0.00000003,0.000000000003516594,7875448,2019-08-06 12:06:36,btc,7.177196150774,345.0,0.00000003,btc,287406.89336,1.035e-05,0.00300465,87
1,[],22,[],2019-09-06 10:52:35,628409.5,0.00000002,0.000000000002148894,7996863,2019-09-06 10:52:35,BTC,1.79959271,0.0,0.00000002,BTC,971733.4764823451,0.0019506,0.00638831,87
,[],2,[],2018-11-20 23:10:47,0.0,0,0,4862359,2018-11-20 23:10:47,,0.0,0.0,,,0.0,0.0,0.0,88
0,[],2,[],2019-01-20 23:31:45,0.0,0,0,6477083,2019-01-20 23:31:45,,0.0,0.0,0,,0.0,0.0,0.0,91
1,[],12,[],2019-08-21 08:36:52,425737.18747014,0.00000027,0.00000000002755863,7920587,2019-08-21 08:36:52,btc,589.0196553122464,0.0,0.00000027,btc,329461.8088511,0.000457377432,0.0207804367963476,91
0,[],17,[],2019-08-21 08:36:53,0.0,0,0,7920588,2019-08-21 08:36:53,btc,0.0,0.0,0,btc,0.0,0.0,0.0,91
1,[],22,[],2019-08-21 08:36:57,54200.0,0.00000003,0.00000000000306207,7920589,2019-08-21 08:36:57,BTC,1.05335,0.0,0.00000003,"BTC,LTC",1839.95,0.0,0.002326,91
0,[],17,[],2019-08-21 20:55:48,0.0,0,0,7923301,2019-08-21 20:55:48,btc,0.0,0.0,0,btc,0.0,0.0,0.0,96
0.0000000000631402,[],4,[],2019-09-06 10:52:36,591146203.167669,8.839628e-18,9.497711785716e-22,7996864,2019-09-06 10:52:36,ltc,18.439418636835498,0.0,0.00000014,ltc,219022751.1564109,0.0,6.30849473456024e-10,96
0,[],12,[],2019-09-06 10:52:37,0.0,0,0,7996865,2019-09-06 10:52:37,btc,109.43164571456543,0.0,0,btc,12010419.45654345,0.0,0.0,96
0,[],2,[],2019-01-20 23:23:55,0.0,0,0,6476914,2019-01-20 23:23:55,,0.0,0.0,0,,0.0,0.0,0.0,100
1,[],4,[],2019-09-06 10:52:39,126367.64136105,0.00001256,0.000000001349505432,7996866,2019-09-06 10:52:39,btc,8.128474925947968,0.0,0.00001256,btc,187163.22532745,0.07923781,0.4752549571176429,100
1,[],22,[],2019-09-02 01:52:50,146000.0,0.00000002,0.0000000000019461180000000003,7985214,2019-09-02 01:52:50,BTC,26.50623849,0.0,0.00000002,BTC,10383.92,0.0,0.00162,101
1,[],27,[],2019-08-12 16:30:59,2050161.9,0.00000005,0.0000000000056921850000000005,7891762,2019-08-12 16:30:59,btc,261.32824567561846,0.0,0.00000005,btc,285690.80442935,0.0,0.060251537,105
1,[],12,[],2019-08-26 10:09:37,94297270.0,0.000000001,0.00000000000010357180000000001,7965278,2019-08-26 10:09:37,btc,339276.63475285517,0.0,0.000000001,btc,137493066.90169865,0.002908079082,0.09429727,105
1,[],27,[],2019-08-12 16:31:06,1.0,0.00000001,0.000000000001138437,7891764,2019-08-12 16:31:06,btc,0.0,0.0,0.00000001,"btc,eth",0.0,0.0,1e-08,112
1,[],5,[],2019-07-06 00:19:31,0.0,0,0,7800761,2019-07-06 00:19:31,btc,0.0,0.0,0,btc,0.0,0.0,0.0,112
0,[],22,[],2019-09-06 10:52:43,0.0,0,0,7996867,2019-09-06 10:52:43,,6.8000547,0.0,0,,3881260.0833333335,0.0,0.0,112
1,[],5,[],2019-07-06 00:19:43,0.0,0,0,7800765,2019-07-06 00:19:43,btc,0.0,0.0,0,btc,0.0,0.0,0.0,113
1,[],4,[],2019-08-23 18:16:44,371097.09099114,0.00000094,0.000000000097689594,7938037,2019-08-23 18:16:44,btc,6.337079582375524,0.0,0.00000094,btc,946945.41992512,0.00337055,0.1031406582583925,113
1,[],17,[],2019-08-21 20:55:59,212000.0,0.00000004,0.000000000004078392,7923307,2019-08-21 20:55:59,btc,1.3335225243619424,1.12e-06,0.00000004,btc,55804.73574154,0.0,0.00218,116
1,[],27,[],2019-08-02 18:48:59,95525.16595526,0.00000001,0.000000000001045936,7866367,2019-08-02 18:48:59,btc,3918.96487209,0.0,0.00000001,btc,88497.69,0.0,0.0009552516595526,116
1,[],4,[],2019-09-06 10:52:44,20377260.24605222,0.00000123,0.000000000132156981,7996868,2019-09-06 10:52:44,btc,129.91739089709523,0.0,0.00000123,btc,1604416.98000724,1.01873509,1.506623906504676,120
1,[],7,[],2019-09-06 10:52:45,15353.03437011,0.000007960000000000000020959796398489771718232077546417713165283203125,0.000000000855259812,7996869,2019-09-06 10:52:45,btc,60.76041818878411,0.0,0.000007960000000000000020959796398489771718232077546417713165283203125,btc,4537.13059959,0.0,0.004925631506764,120
1,[],17,[],2019-08-21 20:56:04,10000.0,0.00000001,0.000000000001019598,7923311,2019-08-21 20:56:04,btc,0.0953976503951408,0.0,0.00000001,btc,5037.62507334,0.0,0.0001,131
0,[],2,[],2019-01-20 23:25:46,0.0,0,0,6476969,2019-01-20 23:25:46,,0.0,0.0,0,,0.0,0.0,0.0,131
1,[],4,[],2019-09-06 10:52:47,169134.90923523,0.00000190,0.00000000020414493,7996870,2019-09-06 10:52:47,btc,2.3779617840775553,0.0,0.00000190,btc,346998.79785943,0.04713452,0.108639092943519,131
1,[],4,[],2019-08-20 14:43:19,8549.6097675,0.00005121,0.0000000054409242329999995,7915998,2019-08-20 14:43:19,btc,0.2921428325204394,0.0,0.00005121,btc,235.83446249,0.0,0.0027602632940558,135
1,[],3,[],2019-07-13 16:51:20,187.26592867,0.00000001,0.000000000001140965,7813490,2019-07-13 16:51:20,btc,419.77407087449336,1935513.62324,0.00000001,btc,3179086.72005867,0.0,1.8726592866999999e-06,136
1,[],4,[],2019-09-06 10:52:48,494526.43174511,0.00000308,0.000000000330929676,7996871,2019-09-06 10:52:48,btc,19.37045834908582,0.0,0.00000308,btc,443619.36847641,0.20000047,0.804223285101509,137
1,[],12,[],2019-09-06 10:52:49,102573.7565749,0.00000371000000000000005446164352829185872906236909329891204833984375,0.000000000398619837,7996872,2019-09-06 10:52:49,btc,38.545328186703586,0.0,0.00000371000000000000005446164352829185872906236909329891204833984375,btc,40293.9124819,0.006045666812,0.028662501486036197,137
1,[],20,[],2019-09-06 09:56:47,108839.0751,0.000023601,0.0000000025249223037000003,7996777,2019-09-06 09:56:47,btc,1.27501009441,0.0,0.000023601,btc,3548.8199,0.0,0.0031032692821,142
1,[],17,[],2019-08-21 20:56:08,32967.38636364,0.00000088,0.00000000008972462400000001,7923315,2019-08-21 20:56:08,btc,20.069762065592148,0.0,0.00000088,btc,2746.079105,0.0,0.0105613000000032,142
1,[],4,[],2019-09-06 10:52:50,302119.95041927,0.00002868,0.000000003081513996,7996873,2019-09-06 10:52:50,btc,3.1167678370780885,0.0,0.00002868,btc,69174.63147208,0.8667918,1.1183616441990742,142
1,[],22,[],2019-09-06 10:52:55,10619.88,0.00000200,0.00000000021488939999999998,7996874,2019-09-06 10:52:55,BTC,1.55898515,0.0,0.00000200,BTC,835.8398331062671,0.0,0.00416696,142
0.0,[],25,[],2019-09-06 10:52:58,0.0,0,0,7996875,2019-09-06 10:52:58,,0.0,0.0,0.0,btc,0.0,0.0,0.0,142
1,[],28,[],2019-09-06 10:53:11,10095430.0,0.000030310000,0.0000000032566488569999998,7996876,2019-09-06 10:53:11,btc,0.4106740529,780.0,0.000030310000,btc,2152.382,0.0,1.4395783,142
1,[],5,[],2019-07-06 02:06:10,0.0,0,0,7800822,2019-07-06 02:06:10,btc,0.0,0.00140707,0,btc,0.0,0.0,0.0,142
0,[],22,[],2019-08-21 15:01:35,0.0,0,0,7922332,2019-08-21 15:01:35,,68.14027224,0.0,0,,718000153.5744588,0.0,0.0,143
0,[],22,[],2019-02-25 15:42:22,0.0,0,0,6783783,2019-02-25 15:42:22,,4.2131946,0.0,0,,2322156.0,0.0,0.0,146
,[],22,[],2018-11-20 23:01:11,0.0,0,0,4862114,2018-11-20 23:01:11,,2.56807021,0.0,,,61828.4988236,0.0,0.0,147
1,[],12,[],2019-04-21 06:38:04,193091.5971266,0.00000071,0.000000000037635183,7388679,2019-04-21 06:38:04,btc,2.301232411611175,0.0,0.00000071,btc,9957.48302385,0.00023528,0.0313308199999888,148
1,[],5,[],2019-04-26 09:36:59,0.0,0,0,7465040,2019-04-26 09:36:59,btc,0.0,0.0,0,btc,0.0,0.0,0.0,153
0,[],23,[],2019-01-20 23:24:29,0.0,0,0,6476932,2019-01-20 23:24:29,,0.0,0.0,0,,0.0,0.0,0.0,156
0,[],22,[],2019-09-06 10:53:14,0.0,0,0,7996877,2019-09-06 10:53:14,,6.87813965,0.0,0,,4570228.592592592,0.0,0.0,156
1,[],22,[],2019-09-06 10:53:17,6996.0,0.00000001,0.000000000001074447,7996878,2019-09-06 10:53:17,BTC,1.7547719,0.0,0.00000001,BTC,64.8,0.0,6.996e-05,157
0,[],22,[],2019-08-17 00:05:41,0.0,0,0,7905012,2019-08-17 00:05:41,,50234.60468402,0.0,0,,54786159.03179465,0.0,0.0,158
,[],17,[],2018-11-20 22:56:10,0.0,0,0,4861976,2018-11-20 22:56:10,btc,1.1265625,0.0,,btc,1000.0,0.0,0.0,159
,[],20,[],2018-11-20 22:56:12,0.0,0,0,4861977,2018-11-20 22:56:12,btc,11912.7940471,0.0,,btc,34413894.3617,0.0,0.0,159
1,[],22,[],2019-09-06 10:53:20,4610.318181818182,0.00000001,0.000000000001074447,7996879,2019-09-06 10:53:20,BTC,22.8347312,0.0,0.00000001,"BTC,LTC",293247.6604070517,0.0,0.00046386,171
0.0000000000644549,[],22,[],2019-09-03 05:10:10,94000.0,6.44549e-19,6.64851004402e-23,7989885,2019-09-03 05:10:10,LTC,17.607944,0.0,0.00000001,LTC,1473441.0846050987,0.0,0.00094,173
1,[],5,[],2019-07-06 02:08:45,0.0,0,0,7800830,2019-07-06 02:08:45,btc,0.0,0.00700197,0,btc,0.0,0.0,0.0,175
0,[],22,[],2019-08-19 04:17:22,0.0,0,0,7911532,2019-08-19 04:17:22,,393.97295672,0.0,0,,135375.61833431243,0.0,0.0,176
1,[],7,[],2019-07-01 10:15:32,0.0,0,0,7783526,2019-07-01 10:15:32,btc,521516.2326888725,0.0,0,btc,26809253.73522063,0.0,0.0,178
0,[],2,[],2019-01-20 23:28:34,0.0,0,0,6477001,2019-01-20 23:28:34,,0.0,0.0,0,,0.0,0.0,0.0,178
0,[],22,[],2019-09-06 10:53:24,0.0,0,0,7996880,2019-09-06 10:53:24,,1.00205534,0.0,0,,62828.0,0.0,0.0,178
1,[],5,[],2019-07-06 02:08:50,0.0,0,0,7800832,2019-07-06 02:08:50,btc,0.0,6.904e-05,0,btc,0.0,0.0,0.0,179
0,[],23,[],2019-01-20 23:25:08,0.0,0,0,6476952,2019-01-20 23:25:08,,0.0,0.0,0,,0.0,0.0,0.0,179
0.0000000000631402,[],22,[],2019-09-06 10:53:27,685749.7,1.894206e-17,2.035223954082e-21,7996881,2019-09-06 10:53:27,LTC,10.20937404,0.0,0.0000003,LTC,14612113.811946675,0.0,0.20572491,179
1,[],17,[],2019-08-21 20:57:03,32504.725000000002,0.00000015,0.00000000001529397,7923326,2019-08-21 20:57:03,btc,5.201614863967379,8e-06,0.00000015,btc,5020.40125,0.0,0.0029504724999999997,180
1,[],22,[],2019-09-06 10:53:31,748719.2863636364,0.00000035,0.000000000037605645,7996882,2019-09-06 10:53:31,BTC,2.96647879,0.0,0.00000035,"BTC,LTC",251818.19936367098,0.0001029,0.60360303,180
1,[],26,[],2019-09-06 10:53:31,0.0,0,0,7996883,2019-09-06 10:53:31,,0.0,0.0,0,,0.0,0.0,0.0,180
,[],7,[],2018-11-20 22:58:01,562227.975654,0.00000085,0.000000000036176765,4862015,2018-11-20 22:58:01,btc,21836.6059674,2491.87645172,,btc,749999.041456,0.00211021,0.127565380455,183
,[],5,[],2019-01-10 08:11:41,0.0,0,0,6347036,2019-01-10 08:11:41,btc,82.15055501,0.00261,,btc,1.19002445,0.0,0.0,187
,[],17,[],2018-11-16 20:58:10,4062536.27273,0.00000001,0.000000000000550501,4708775,2018-11-16 20:58:10,btc,3.36492563466,0.195460381006,,"btc,eth",110697919.549,0.0,0.0157628953496,187
1,[],24,[],2019-05-22 21:04:52,0.0,0.000000000014,0.0000000000000010960978,7670219,2019-05-22 21:04:52,btc,0.0,0.0,0.000000000014,btc,0.0,0.0,0.0,187
0,[],23,[],2019-01-20 23:31:41,0.0,0,0,6477079,2019-01-20 23:31:41,,0.0,0.0,0,,0.0,0.0,0.0,199
0,[],22,[],2019-09-06 10:53:34,0.0,0,0,7996884,2019-09-06 10:53:34,,6.97417052,0.0,0,,108405779.0,0.0,0.0,199
1,[],26,[],2019-09-06 10:53:34,0.0,0,0,7996885,2019-09-06 10:53:34,,0.0,0.0,0,,0.0,0.0,0.0,199
1,[],4,[],2019-01-25 15:51:35,2084389.58565343,0.00000936,0.000000000333526752,6499557,2019-01-25 15:51:35,btc,2.0092503037378524,0.0,0.00000936,btc,160195.80207885,0.19272417,1.242687955921835,211
1,[],7,[],2019-07-01 02:21:28,1170054124.6898527,0.00000018,0.000000000019815389999999997,7782694,2019-07-01 02:21:28,btc,1346735.6331920293,0.0,0.00000018,btc,5516233.71348162,0.0,11.954344045954047,212
0,[],22,[],2019-08-19 07:38:07,0.0,0,0,7911940,2019-08-19 07:38:07,,6.8412543,0.0,0,,3272264.174064925,0.0,0.0,216
1,[],27,[],2019-08-12 16:37:52,320029.088,0.00000001,0.000000000001138437,7891783,2019-08-12 16:37:52,btc,176.0318120012664,0.0,0.00000001,"btc,ltc",485496.05456794,0.0,0.00320029088,216
1,[],22,[],2019-09-06 10:53:39,1300349.6500457874,0.00000016,0.000000000017191152,7996886,2019-09-06 10:53:39,BTC,12055.78029578,0.0,0.00000016,BTC,537696.9075498007,4.8e-05,0.05490883,217
0,[],22,[],2019-08-29 16:52:21,0.0,0,0,7978120,2019-08-29 16:52:21,,4.69007484,0.0,0,,180254.70709740353,0.0,0.0,221
1,[],24,[],2019-08-29 16:52:22,0.0,0.000000010000,0.000000000000950592,7978121,2019-08-29 16:52:22,btc,0.0,0.0,0.000000010000,btc,0.0,0.0,0.0,221
1,[],26,[],2019-09-06 10:53:39,0.0,0,0,7996887,2019-09-06 10:53:39,,0.0,0.0,0,,0.0,0.0,0.0,231
0.0000000001859265,[],27,[],2019-08-12 16:38:10,100.0,1.859265e-18,2.1166560688050002e-22,7891787,2019-08-12 16:38:10,eth,0.0,0.0,0.00000001,"btc,eth",0.0,0.0,1.8592649999999999e-16,234
1,[],26,[],2019-09-06 10:53:39,0.0,0,0,7996888,2019-09-06 10:53:39,,0.0,0.0,0,,0.0,0.0,0.0,234
1,[],5,[],2019-07-06 02:11:21,0.0,0,0,7800842,2019-07-06 02:11:21,btc,0.0,0.10652887,0,btc,0.0,0.0,0.0,237
1,[],20,[],2019-09-06 10:53:41,40413588.2105,0.000000029,0.0000000000031158963,7996889,2019-09-06 10:53:41,btc,521.5399631851105,379859.1679,0.000000029,btc,34079579.0144,0.0111604448691,0.2613988817129,237
1,[],22,[],2019-09-06 10:53:45,1837861.0,0.00000001,0.000000000001074447,7996890,2019-09-06 10:53:45,BTC,1.20569942,0.0,0.00000001,"BTC,LTC",60432.94871794872,0.0,0.01837861,237
1,[],5,[],2019-07-06 02:11:32,0.0,0,0,7800846,2019-07-06 02:11:32,btc,0.0,0.05525444,0,btc,0.0,0.0,0.0,238
1,[],4,[],2019-08-18 21:55:28,28766182.9187235,0.00000006,0.0000000000062177580000000004,7910606,2019-08-18 21:55:28,btc,2.1262004590211685,0.0,0.00000006,btc,15667280.40051822,0.02567584,0.5811165339764514,238
0.0000000000711565,[],22,[],2019-08-17 13:20:25,419253.0,7.115650000000001e-19,7.3700771814e-23,7906682,2019-08-17 13:20:25,LTC,0.40427224,0.0,0.00000001,LTC,496363.0639027493,0.0,0.00419253,249
0,[],22,[],2019-09-06 10:53:47,0.0,0,0,7996891,2019-09-06 10:53:47,,13.4488406,0.0,0,,43819581.3426455,0.0,0.0,252
1,[],28,[],2019-09-06 10:53:58,2244146.0,0.00000048,0.000000000051573456,7996892,2019-09-06 10:53:58,btc,2665161.310153271,138487.0,0.00000048,btc,1723967.4842,0.0,0.36880228,256
0.0000000000916764,[],22,[],2019-07-23 20:12:22,1517.0,9.16764e-19,9.31930943616e-23,7830286,2019-07-23 20:12:22,LTC,31474.63788373,0.0,0.00000001,LTC,1024398.9185893413,0.0,1.517e-05,258
1,[],5,[],2019-07-02 14:44:15,0.0,0,0,7788374,2019-07-02 14:44:15,btc,0.0,0.02775788,0,btc,0.0,0.0,0.0,264
1,[],20,[],2019-09-06 10:54:00,938904.2953,0.00000032,0.000000000034382304,7996893,2019-09-06 10:54:00,btc,0.4705973141416,13099.0638,0.00000032,btc,49393.1013,0.0049185467059,0.0169148902415,264
0,[],22,[],2019-08-27 11:47:19,0.0,0,0,7977618,2019-08-27 11:47:19,,33050469.74148113,0.0,0,,14261527780.7,0.0,0.0,272
0.0000000000000025860000000000002,[],28,[],2019-08-27 11:47:30,139196263259.852,3.1032000000000002e-22,3.1535059752e-26,7977619,2019-08-27 11:47:30,doge,1708945031879160.8,7392150085.764,0.00000012,doge,49126229218.319,0.0,3.124217329408538e-11,272
0,[],22,[],2019-09-06 10:54:03,0.0,0,0,7996894,2019-09-06 10:54:03,,73.4668573,0.0,0,,1523613.3487135023,0.0,0.0,286
