pairValue,buyBook,exchangeId,sellBook,updated,buyTotal,satoshiPrice,usdPrice,exchangeLogId,created,bestPair,sellTotalBtc,volume,pairPrice,activePairs,sellTotal,volumeBtc,buyTotalBtc,coinId
1,[],3,[],2019-03-03 18:59:41,30533.76046195544,0.0126892800000000006976907940270393737591803073883056640625,0.00000048315702528,6835577,2019-03-03 18:59:41,btc,61.11031677671959,0.0,0.0126892800000000006976907940270393737591803073883056640625,btc,25.036402340169,0.0,0.2310122009733832,1
1,[],4,[],2019-03-03 18:59:42,208075.53179142,0.01273729,0.00000048498505404,6835578,2019-03-03 18:59:42,btc,9.3669716912893,0.0,0.01273729,btc,274.06514722,0.87955097,3.230883537650309,1
1,[],5,[],2019-03-03 18:59:45,0.0,0,0,6835579,2019-03-03 18:59:45,btc,0.0,0.05253653,0,btc,0.0,0.0,0.0,1
1,[],10,[],2019-03-03 18:59:47,414692.72093015,0.01100003,0.00000041883714227999994,6835580,2019-03-03 18:59:47,btc,6523.096670655144,954.16147809,0.01100003,btc,1175.91009735,0.0,5.72719251207888,1
1,[],12,[],2019-03-03 18:59:49,10506.89910349,0.012689999999999999891198143586734659038484096527099609375,0.00000048318444,6835581,2019-03-03 18:59:49,btc,0.4925918450752,0.0,0.012689999999999999891198143586734659038484096527099609375,btc,29.756494840000002,0.1188059946603,0.5785817787454,1
1,[],20,[],2019-03-03 18:59:52,1151.0583,0.010500212,0.000000399806072112,6835582,2019-03-03 18:59:52,btc,0.067162260316,0.0347,0.010500212,btc,3.0899,0.00043722,0.0899620500051,1
1,[],21,[],2019-03-03 18:59:53,2066.48190001,0.01271874999999999915345494372,0.0000004842791249999999,6835583,2019-03-03 18:59:53,btc,16.73847415090103,2313.66457883,0.01271874999999999915345494372331813792698085308074951171875,"btc,eth",1952.1654294300001,27.56721185877113,20.19026123960974,1
1,[],22,[],2019-03-03 18:59:58,0.006382215384615385,0.01300000,0.000000494988,6835584,2019-03-03 18:59:58,BTC,0.31439419,0.0,0.01300000,BTC,0.12751438772928525,0.0,7.978e-05,1
1,[],24,[],2019-03-03 18:59:58,0.0,0.000000000000,0,6835585,2019-03-03 18:59:58,btc,0.0,0.0,0.000000000000,btc,0.0,0.0,0.0,1
0.0,[],25,[],2019-03-03 19:00:00,0.0,0,0,6835586,2019-03-03 19:00:00,btc,31.087499997870232,379.44336231,0.0,btc,2391.42857294,4.8607,0.0,1
1,[],26,[],2019-03-03 19:00:09,0.0,0,0,6835587,2019-03-03 19:00:09,,0.0,0.0,0,,0.0,0.0,0.0,1
1,[],28,[],2019-03-03 19:00:17,993.142,0.01323000,0.00000050374548,6835588,2019-03-03 19:00:17,btc,0.162839806,17705.9,0.01323000,btc,8.9,0.0,0.089302756,1
0,[],2,[],2019-01-20 23:28:45,0.0,0,0,6477011,2019-01-20 23:28:45,,0.0,0.0,0,,0.0,0.0,0.0,1
1,[],5,[],2019-03-03 19:51:20,0.0,0,0,6835757,2019-03-03 19:51:20,btc,0.0,0.01839976,0,btc,0.0,0.0,0.0,2
0.00000000012678200000000002,[],22,[],2019-03-03 19:51:23,1148.0,1.3946020000000002e-16,5.313824108560001e-21,6835758,2019-03-03 19:51:23,XMR,21.01373823,0.0,0.00000110,XMR,14319.12581,0.0,0.00087635,2
1,[],5,[],2019-03-03 19:00:22,0.0,0,0,6835591,2019-03-03 19:00:22,btc,0.0,2.92688546,0,btc,0.0,0.0,0.0,3
1,[],12,[],2019-03-03 19:00:23,13106297.58763,0.000000178,0.000000000006777528,6835592,2019-03-03 19:00:23,btc,924384.5247207475,0.0,0.000000178,btc,7962107.64203601,0.10569992955897806,0.68354300676591,3
0,[],28,[],2019-03-03 19:00:29,0.0,0,0,6835593,2019-03-03 19:00:29,,0.0,0.0,0,,0.0,0.0,0.0,3
0,[],2,[],2019-01-20 23:31:32,0.0,0,0,6477077,2019-01-20 23:31:32,,0.0,0.0,0,,0.0,0.0,0.0,4
1,[],4,[],2019-03-03 19:51:25,377013.45143067,0.00000032,0.000000000012192896000000002,6835759,2019-03-03 19:51:25,btc,31.987078666479317,0.0,0.00000032,btc,710818.67186142,0.0,0.0479187894946875,4
1,[],12,[],2019-03-03 08:44:09,1180125.33333333,0.00000003,0.000000000001145421,6831890,2019-03-03 08:44:09,btc,11013925.646093752,0.0,0.00000003,btc,1477604.32371984,0.000140961988012,0.0166964599999999,5
0,[],2,[],2019-01-20 23:31:51,0.0,0,0,6477087,2019-01-20 23:31:51,,0.0,0.0,0,,0.0,0.0,0.0,6
1,[],11,[],2019-03-03 19:51:27,6476884.5,0.00000002,0.0000000000007620560000000001,6835760,2019-03-03 19:51:27,btc,9568.212630782815,482490.0,0.00000002,btc,41952632.07452957,0.0,0.097012525,6
1,[],3,[],2019-03-03 19:51:28,1072.856293592546,0.0001510899999999999916699966462374504772014915943145751953125,0.000000005756952052,6835761,2019-03-03 19:51:28,btc,28.402034233092024,0.0,0.0001510899999999999916699966462374504772014915943145751953125,btc,243.122414578101,0.0,0.03202593781665577,7
1,[],4,[],2019-03-03 19:51:29,98696.66116226,0.00024500,0.000000009335186,6835762,2019-03-03 19:51:29,btc,14.927635388819107,0.0,0.00024500,btc,40391.48657947,6.30457143,6.476461425498743,7
1,[],5,[],2019-03-03 19:51:30,0.0,0,0,6835763,2019-03-03 19:51:30,btc,0.0,1.00861109,0,btc,0.0,0.0,0.0,7
1,[],20,[],2019-02-20 02:16:17,39399275.8418,0.000000001,0.0000000000000390183,6728586,2019-02-20 02:16:17,btc,116.9737569154545,525.0,0.000000001,btc,56932965.8895,5.25e-07,0.0393992758418,8
0,[],2,[],2019-01-20 23:22:42,0.0,0,0,6476876,2019-01-20 23:22:42,,0.0,0.0,0,,0.0,0.0,0.0,9
0,[],23,[],2019-01-20 23:22:48,0.0,0,0,6476878,2019-01-20 23:22:48,,0.0,0.0,0,,0.0,0.0,0.0,9
1,[],4,[],2019-03-03 19:00:37,2308593.03100067,0.00000167,0.00000000006358692,6835599,2019-03-03 19:00:37,btc,6.582089221370111,0.0,0.00000167,btc,2903910.63406469,1.39836562,1.219390635380473,9
1,[],28,[],2019-03-03 19:00:49,47563.15,0.00000166,0.00000000006320616,6835600,2019-03-03 19:00:49,btc,2708.758575531383,3576476.04,0.00000166,btc,10576.7167,0.0,0.050224829,9
1,[],1,[],2019-02-17 23:31:42,1822507.21,0.00000181000000000000003456111265232042484285557293333113193511962890625,0.000000000066086901,6701244,2019-02-17 23:31:42,btc,3.6990969245,17153386.5,0.00000181000000000000003456111265232042484285557293333113193511962890625,btc,1997391.71,31.11772986,3.2610482446,9
1,[],4,[],2019-02-17 11:22:43,4341674.27126056,0.00000002,0.0000000000007272960000000001,6696112,2019-02-17 11:22:43,btc,0.1997230937751353,0.0,0.00000002,btc,4109766.79808031,0.00215132,0.0479381022052112,10
1,[],4,[],2019-03-03 19:51:32,5154059.86929027,0.00000117,0.000000000044580276,6835764,2019-03-03 19:51:32,btc,10.598715943915517,0.0,0.00000117,btc,5764938.34575134,1.79911507,2.4000457605561443,12
1,[],5,[],2019-03-03 19:51:34,0.0,0,0,6835765,2019-03-03 19:51:34,btc,0.0,0.0918061,0,btc,0.0,0.0,0.0,12
0.0,[],25,[],2019-03-03 19:51:35,0.0,0,0,6835766,2019-03-03 19:51:35,,0.0,0.0,0.0,btc,0.0,0.0,0.0,12
0,[],2,[],2019-01-20 23:23:08,0.0,0,0,6476890,2019-01-20 23:23:08,,0.0,0.0,0,,0.0,0.0,0.0,12
1,[],4,[],2019-03-03 19:00:54,31945788.68136131,0.00000557,0.00000000021208332,6835604,2019-03-03 19:00:54,btc,2.936957923130276,0.0,0.00000557,btc,410470.00567804,0.20248001,0.7746094845780392,13
1,[],10,[],2019-03-03 19:00:56,419282.1905769,0.0000055,0.000000000209418,6835605,2019-03-03 19:00:56,btc,666802.6110157497,11007.468499,0.0000055,btc,745974.70427133,0.0,0.2507364466242727,13
1,[],21,[],2019-03-03 19:00:57,808004.84263222,0.000005579999999999999938076877121,0.00000000021246407999999999,6835606,2019-03-03 19:00:57,btc,5.7666571808486005,578542.08282743,0.0000055799999999999999380768771206628997560983407311141490936279296875,btc,929990.11233641,3.26644195,4.211211329908526,13
1,[],4,[],2019-03-03 19:51:36,739432.53780635,0.00000148,0.000000000056392144,6835767,2019-03-03 19:51:36,btc,53.256624717451075,0.0,0.00000148,btc,896981.63295146,0.00542856,0.2000453585029065,14
1,[],12,[],2019-03-03 19:51:37,218095.8748086,0.000001349999999999999991849510168340220417348973569460213184356689453125,0.000000000051438780000000006,6835768,2019-03-03 19:51:37,btc,5.291274776387474,0.0,0.000001349999999999999991849510168340220417348973569460213184356689453125,btc,31238.09057434,0.0001485,0.027802769999874,14
1,[],26,[],2019-03-03 19:51:58,0.0,0.00000050,0.000000000019051400000000002,6835769,2019-03-03 19:51:58,btc,0.0,0.0,0.00000050,btc,0.0,0.0,0.0,14
0,[],17,[],2019-03-03 17:51:31,0.0,0,0,6835029,2019-03-03 17:51:31,btc,0.0,0.0,0,btc,0.0,0.0,0.0,14
0,[],4,[],2019-03-03 19:01:01,0.0,0,0,6835610,2019-03-03 19:01:01,,0.0,0.0,0,,0.0,0.0,0.0,15
,[],12,[],2018-12-01 15:15:48,204241.84496,0.00000489,0.000000000202473384,5260204,2018-12-01 15:15:48,btc,49.5475654835,0.0,,btc,35763.2193806,0.0163153972027625,0.0203389899998,15
1,[],4,[],2019-03-03 19:51:59,25167.62961192,0.00001761,0.000000000670990308,6835770,2019-03-03 19:51:59,btc,1.3519305132085928,0.0,0.00001761,btc,15491.01421249,0.01690249,0.0692864389277271,18
1,[],10,[],2019-03-03 19:52:02,782301.06383592,0.00001725,0.0000000006572733000000001,6835771,2019-03-03 19:52:02,btc,15.392079025788123,13785.0146791,0.00001725,btc,13593.11294839,0.0,0.121813244435599,18
1,[],12,[],2019-03-03 19:52:03,193411.69278026,0.000017039999999999999483017709689391949723358266055583953857421875,0.000000000649271712,6835772,2019-03-03 19:52:03,btc,23.630807320967726,0.0,0.000017039999999999999483017709689391949723358266055583953857421875,btc,1884.0434013,0.0002541515,0.0381955554767932,18
0,[],17,[],2019-03-03 19:52:04,0.0,0,0,6835773,2019-03-03 19:52:04,btc,0.0,0.0,0,btc,0.0,0.0,0.0,18
0,[],2,[],2019-01-20 23:23:38,0.0,0,0,6476906,2019-01-20 23:23:38,,0.0,0.0,0,,0.0,0.0,0.0,18
1,[],3,[],2019-03-03 19:52:05,118409.74535909743,0.0000200099999999999998462514583241755872222711332142353057861328125,0.000000000762437028,6835774,2019-03-03 19:52:05,btc,0.5053401800644072,0.0,0.0000200099999999999998462514583241755872222711332142353057861328125,btc,7948.096912413742,0.0,0.03202880859881746,19
1,[],4,[],2019-03-03 19:52:06,418506.89230841,0.00002136,0.000000000813875808,6835775,2019-03-03 19:52:06,btc,2.591170454939214,0.0,0.00002136,btc,76680.09037491,0.5253375,2.4791065549109965,19
1,[],5,[],2019-03-03 19:52:07,0.0,0,0,6835776,2019-03-03 19:52:07,btc,0.0,0.00078047,0,btc,0.0,0.0,0.0,19
1,[],12,[],2019-03-03 19:52:09,135166.04604003,0.000018400000000000000014398204850607498883618973195552825927734375,0.0000000007010915200000001,6835777,2019-03-03 19:52:09,btc,0.1108278159605879,0.0,0.000018400000000000000014398204850607498883618973195552825927734375,btc,380.56200924,0.002388503638107,0.1186351351150813,19
0,[],27,[],2019-03-03 19:52:11,0.0,0,0,6835778,2019-03-03 19:52:11,,0.0,0.0,0,btc,0.0,0.0,0.0,19
0,[],2,[],2019-01-20 23:24:19,0.0,0,0,6476924,2019-01-20 23:24:19,,0.0,0.0,0,,0.0,0.0,0.0,19
1,[],4,[],2019-03-03 19:52:12,2774085.15353403,0.00000013,0.0000000000049533640000000005,6835779,2019-03-03 19:52:12,btc,7.37869139072158,0.0,0.00000013,btc,2856404.97012105,0.0,0.0773367122838264,20
1,[],4,[],2019-03-03 19:52:13,103956136.13937023,0.00000002,0.0000000000007620560000000001,6835780,2019-03-03 19:52:13,btc,1807.3967621468282,0.0,0.00000002,btc,55484687.83039335,0.0,1.1668631666680451,21
1,[],12,[],2019-03-03 19:52:14,17916951.0,0.00000002,0.0000000000007620560000000001,6835781,2019-03-03 19:52:14,btc,670.8733402334847,0.0,0.00000002,btc,8127598.32857329,0.0,0.23057926,21
0,[],17,[],2019-03-03 19:52:16,0.0,0,0,6835782,2019-03-03 19:52:16,btc,0.0,0.0,0,btc,0.0,0.0,0.0,21
1,[],12,[],2019-03-03 19:52:18,3152683004.754895,0.0000000002,0.00000000000000762056,6835783,2019-03-03 19:52:18,btc,975865847219.6304,0.0,0.0000000002,btc,4991203283.79864,0.01850331674205794,0.3162998508977895,23
0,[],27,[],2019-03-03 19:52:20,0.0,0,0,6835784,2019-03-03 19:52:20,,13.503633221578426,0.0,0,eth,2004616.85364636,0.0,0.0,23
1,[],4,[],2019-03-03 19:52:22,468561.30928015,0.00000046,0.000000000017527288,6835785,2019-03-03 19:52:22,btc,8.621121981301219,0.0,0.00000046,btc,1522807.38184189,0.01305473,0.140148716429283,24
1,[],22,[],2019-03-03 19:52:30,11.76,0.00000100,0.000000000038102800000000004,6835786,2019-03-03 19:52:30,BTC,7.415e-05,0.0,0.00000100,BTC,23.919354838709676,0.0,1.176e-05,24
0.0,[],25,[],2019-03-03 19:52:31,0.0,0,0,6835787,2019-03-03 19:52:31,,0.0,0.0,0.0,btc,0.0,0.0,0.0,24
1,[],4,[],2019-03-03 19:52:32,26589210.880298,0.00000638,0.000000000243095864,6835788,2019-03-03 19:52:32,btc,163.26862115937644,0.0,0.00000638,btc,241280.91320706,0.07499555,0.5047618654607213,26
1,[],10,[],2019-03-03 19:52:34,686525.86912903,0.00000604,0.000000000230140912,6835789,2019-03-03 19:52:34,btc,26.126938613308116,3766.574118,0.00000604,btc,14153.67408507,0.0,0.2272773188788482,26
0,[],2,[],2019-01-20 23:25:56,0.0,0,0,6476976,2019-01-20 23:25:56,,0.0,0.0,0,,0.0,0.0,0.0,26
1,[],3,[],2019-03-03 19:52:34,5524918.88133568,0.00000001,0.00000000000038102800000000005,6835790,2019-03-03 19:52:34,btc,2.161285153509361,4650.908,0.00000001,btc,17601794.18684187,0.0,0.0552491888133568,27
1,[],5,[],2019-03-03 19:52:36,0.0,0,0,6835791,2019-03-03 19:52:36,btc,0.0,0.00013321,0,btc,0.0,0.0,0.0,27
1,[],11,[],2019-03-03 19:52:37,9470054.891515061,0.00000005,0.00000000000190514,6835792,2019-03-03 19:52:37,btc,67506.38088715188,21889.311987,0.00000005,btc,7980367.26084264,0.0,0.4414030388653851,27
1,[],4,[],2019-03-03 19:52:40,1512326947.1092682,0.00000002,0.0000000000007620560000000001,6835793,2019-03-03 19:52:40,btc,2.817551749691743,0.0,0.00000002,"btc,ltc",189754769.80250204,0.21032762,12.1957816628552,29
1,[],7,[],2019-03-03 19:52:41,35361805.85823195,0.00000002,0.0000000000007620560000000001,6835794,2019-03-03 19:52:41,btc,44462590.707900934,6640.45262844,0.00000002,btc,47124161.93444726,0.00017493,0.377049069029561,29
1,[],4,[],2019-03-03 19:52:42,2110124.95668484,0.00000023,0.000000000008763644,6835795,2019-03-03 19:52:42,btc,2.3422579929462897,0.0,0.00000023,btc,1578428.02939957,0.02810371,0.0732411929919763,30
0,[],17,[],2019-03-03 19:01:37,0.0,0,0,6835636,2019-03-03 19:01:37,btc,0.0,0.0,0,btc,0.0,0.0,0.0,30
1,[],4,[],2019-03-03 19:52:54,178681.71334987,0.00005971,0.000000002275118188,6835796,2019-03-03 19:52:54,btc,5.4989942744299505,0.0,0.00005971,btc,54041.59980814,3.15262767,1.7914138519339864,31
1,[],21,[],2019-03-03 19:52:55,127687.36850139,0.00006279999999999999504059905453,0.00000000239285584,6835797,2019-03-03 19:52:55,btc,6.205953416976457,580679.03795783,0.000062799999999999995040599054529906197785749100148677825927734375,btc,86927.84820439,34.40330048,7.0062013506464105,31
0,[],2,[],2019-01-20 23:28:43,0.0,0,0,6477009,2019-01-20 23:28:43,,0.0,0.0,0,,0.0,0.0,0.0,32
1,[],4,[],2019-03-03 19:52:57,422703550.8937566,0.00000004,0.0000000000015241120000000002,6835798,2019-03-03 19:52:57,btc,12.880445872306705,0.0,0.00000004,"btc,ltc",233787781.68174323,8.16965237,9.507416468372767,33
1,[],12,[],2019-03-03 19:52:59,5025538.66666667,0.00000003,0.0000000000011430839999999999,6835799,2019-03-03 19:52:59,btc,35634727.01811652,0.0,0.00000003,btc,93197021.12187803,0.4588600392607396,0.0956322200000001,33
1,[],4,[],2019-03-03 19:53:00,113681330.35625623,0.00000001,0.00000000000038102800000000005,6835800,2019-03-03 19:53:00,btc,3.649279677796467,0.0,0.00000001,btc,100424324.21173152,0.03992129,1.1368133035625623,34
1,[],5,[],2019-03-03 19:53:02,0.0,0,0,6835801,2019-03-03 19:53:02,btc,0.0,0.01209897,0,btc,0.0,0.0,0.0,34
0.000000000125705,[],4,[],2019-03-03 19:53:03,1778021383.5473332,2.5141e-18,9.579424948e-23,6835802,2019-03-03 19:53:03,ltc,5.4369302616460956e-08,0.0,0.00000002,ltc,7197683607.95981,0.0,2.4618411524892654e-09,36
1,[],5,[],2019-03-03 19:53:05,0.0,0,0,6835803,2019-03-03 19:53:05,btc,0.0,0.0,0,btc,0.0,0.0,0.0,36
0.00000000034500370000000004,[],27,[],2019-03-03 19:53:18,1090000.0,3.450037e-18,1.3145606980360002e-22,6835804,2019-03-03 19:53:18,eth,222.5997971062634,0.0,0.00000001,"ltc,eth",11163566.48751039,0.0,1.487704974e-12,36
0,[],17,[],2019-03-03 19:01:55,0.0,0,0,6835643,2019-03-03 19:01:55,btc,0.0746458232965017,0.0,0,btc,4103573.70243647,0.0,0.0,36
1,[],4,[],2019-03-03 19:53:19,235705.2306499,0.00000061,0.000000000023242708,6835805,2019-03-03 19:53:19,btc,19772.479738145546,0.0,0.00000061,btc,554804.56162561,0.01269321,0.105005279465356,37
1,[],12,[],2019-03-03 19:53:20,550929.76476337,0.00000062,0.000000000023623736000000003,6835806,2019-03-03 19:53:20,btc,1345.8249167009433,0.0,0.00000062,btc,961648.86167747,0.2180403863054077,0.1602326529082001,37
1,[],17,[],2019-03-03 19:53:32,1752.74075282,0.00000025,0.000000000009525700000000001,6835807,2019-03-03 19:53:32,btc,0.055484923777095005,0.0,0.00000025,btc,1319.19918473,0.0,0.00043818518820499993,37
1,[],27,[],2019-03-03 19:53:33,14685.567,0.00000045,0.00000000001714626,6835808,2019-03-03 19:53:33,btc,25.82160105111233,0.0,0.00000045,btc,6804.86438508,0.0,0.00480032515,37
1,[],5,[],2019-03-03 19:53:35,0.0,0,0,6835809,2019-03-03 19:53:35,btc,0.0,0.11333859,0,btc,0.0,0.0,0.0,42
1,[],12,[],2019-03-03 19:53:36,251037.19017308,0.00000095,0.00000000003619766,6835810,2019-03-03 19:53:36,btc,94.64765365334141,0.0,0.00000095,btc,99360.80358938,0.0137105625574038,0.057210537149843,42
0.00000000034500370000000004,[],27,[],2019-03-03 19:53:38,2000.0,3.450037e-18,1.3145606980360002e-22,6835811,2019-03-03 19:53:38,eth,0.00315028,0.0,0.00000001,"btc,eth",11.007,0.0,6.900074000000001e-15,42
1,[],5,[],2019-03-03 19:53:39,0.0,0,0,6835812,2019-03-03 19:53:39,btc,0.0,0.0,0,btc,0.0,0.0,0.0,43
1,[],12,[],2019-03-03 19:53:40,1209361.0,0.00000001,0.00000000000038102800000000005,6835813,2019-03-03 19:53:40,btc,3569.074552336114,0.0,0.00000001,btc,11768494.65174823,0.0,0.01209361,43
0,[],17,[],2019-03-03 19:02:07,0.0,0,0,6835650,2019-03-03 19:02:07,btc,0.0,0.0,0,btc,0.0,0.0,0.0,43
1,[],12,[],2019-03-03 19:53:52,647552.0,0.00000004,0.0000000000015241120000000002,6835814,2019-03-03 19:53:52,btc,11116042.728142656,0.0,0.00000004,btc,1103915.40261734,0.00024928,0.01530447,44
1,[],4,[],2019-03-03 19:53:54,290725113.18740726,0.00000002,0.0000000000007620560000000001,6835815,2019-03-03 19:53:54,btc,473.65124911786575,0.0,0.00000002,"btc,ltc",12387921.86525513,0.00092497,0.19803030806353428,49
0,[],4,[],2019-03-03 19:53:55,0.0,0,0,6835816,2019-03-03 19:53:55,,25.56813393947536,0.0,0,,9665111932.31585,0.0,0.0,52
0.00000000012678200000000002,[],22,[],2019-03-03 19:54:00,80845862.0,1.2678200000000002e-18,4.830749189600001e-23,6835817,2019-03-03 19:54:00,XMR,4366.97466637,0.0,0.00000001,XMR,255820234.67882353,0.0,0.80845862,57
0.00000000034500370000000004,[],27,[],2019-03-03 19:54:02,2000.0,3.450037e-18,1.3145606980360002e-22,6835818,2019-03-03 19:54:02,eth,0.0,0.0,0.00000001,"btc,eth",0.0,0.0,6.900074000000001e-15,57
0.000000000125705,[],4,[],2019-03-03 19:54:03,915635465.5973334,3.77115e-18,1.4369137422e-22,6835819,2019-03-03 19:54:03,ltc,18.80718574510475,0.0,0.00000003,ltc,4122137865.006152,0.0,2.211885761945137e-09,58
1,[],12,[],2019-03-03 19:54:04,1785756680.8439572,0.0000000004,0.00000000000001524112,6835820,2019-03-03 19:54:04,btc,224012809183.34833,0.0,0.0000000004,btc,3851959934.7925763,0.00366843002957043,0.5894485565011393,58
0,[],17,[],2019-03-03 19:54:06,0.0,0,0,6835821,2019-03-03 19:54:06,btc,1e+24,0.0,0,btc,49306342.21952568,0.0,0.0,58
0.00000000012678200000000002,[],22,[],2019-03-03 19:54:10,137438.0,1.2678200000000002e-18,4.830749189600001e-23,6835822,2019-03-03 19:54:10,XMR,69.8835922,0.0,0.00000001,XMR,9887963.0,0.0,0.00137438,58
1,[],5,[],2019-03-03 19:54:12,0.0,0,0,6835823,2019-03-03 19:54:12,btc,0.0,0.17494556,0,btc,0.0,0.0,0.0,61
1,[],22,[],2019-03-03 19:54:15,13759.5,0.00000012,0.000000000004572336,6835824,2019-03-03 19:54:15,BTC,1002.29597012,0.0,0.00000012,BTC,14947.700278135757,0.0,0.00155017,61
1,[],26,[],2019-03-03 19:54:15,0.0,0.00000800,0.00000000030482240000000003,6835825,2019-03-03 19:54:15,btc,0.0,0.0,0.00000800,btc,0.0,0.0,0.0,61
1,[],27,[],2019-03-03 19:54:18,4432.7701,0.00000046,0.000000000017527288,6835826,2019-03-03 19:54:18,btc,7.76072757961638,0.0,0.00000046,"btc,eth",19950.11257617,0.0,0.0012450174689018893,61
1,[],28,[],2019-03-03 19:54:23,13880.304,0.0000005,0.000000000019051400000000002,6835827,2019-03-03 19:54:23,btc,2.056312978300105,908.0,0.0000005,btc,9730.59500005,0.0,0.00566391304,61
1,[],4,[],2019-03-03 19:54:24,1428243.743052,0.00000280,0.00000000010668784,6835828,2019-03-03 19:54:24,btc,11.2557837211037,0.0,0.00000280,btc,796266.26668314,0.15901185,1.4287478877004995,67
0.0,[],25,[],2019-03-03 19:54:25,0.0,0,0,6835829,2019-03-03 19:54:25,,0.0,0.0,0.0,btc,0.0,0.0,0.0,67
1,[],12,[],2019-03-03 19:54:26,1790590.22568336,0.00000021,0.000000000008001588,6835830,2019-03-03 19:54:26,btc,11115899.043899458,0.0,0.00000021,btc,2218955.36133864,0.0005160117182826,0.08211896644110869,71
,[],5,[],2018-11-20 23:02:39,1.5e-07,0.00000005,0.000000000002128045,4862160,2018-11-20 23:02:39,btc,2.84511358,0.0,,btc,0.00036572,0.0,0.07381892,74
1,[],5,[],2019-03-03 19:54:28,0.0,0,0,6835831,2019-03-03 19:54:28,btc,0.0,0.0,0,btc,0.0,0.0,0.0,75
1,[],4,[],2019-03-03 19:54:29,15984338.899575,0.00000001,0.00000000000038102800000000005,6835832,2019-03-03 19:54:29,btc,11388.973061245848,0.0,0.00000001,btc,39359058.17822428,0.0,0.15984338899575,81
0,[],20,[],2019-01-25 09:30:31,0.0,0,0,6495923,2019-01-25 09:30:31,btc,0.0,0.0,0,btc,0.0,0.0,0.0,81
1,[],4,[],2019-03-03 19:54:31,28721.41102405,0.00007645,0.00000000291295906,6835833,2019-03-03 19:54:31,btc,17.735384651168747,0.0,0.00007645,btc,12515.13850904,0.03801944,0.2048869064473101,82
1,[],21,[],2019-03-03 19:54:32,293409.35701981,0.00007346000000000000478613676469,0.0000000027990316880000004,6835834,2019-03-03 19:54:32,btc,1.9873871675959656,1128.48539887,0.000073460000000000004786136764689530309624387882649898529052734375,btc,22365.4083459,0.0834876,4.553163982974187,82
0,[],17,[],2019-03-03 18:54:58,0.0,0,0,6835478,2019-03-03 18:54:58,btc,0.0447233088476774,0.0,0,btc,999127.19588126,0.0,0.0,84
0.000000000125705,[],4,[],2019-03-03 19:54:34,131548881.18262391,3.77115e-18,1.4369137422e-22,6835835,2019-03-03 19:54:34,ltc,1.7494931519518313,0.0,0.00000003,ltc,409254968.69234145,0.0,2.7035955798026073e-10,85
,[],22,[],2018-11-20 23:09:34,3408.1,0.0000001,0.0000000000041895,4862324,2018-11-20 23:09:34,BTC,0.04624735,0.0,,BTC,4990.0,0.0,0.00033081,86
0,[],22,[],2019-02-22 12:52:35,0.0,0,0,6758847,2019-02-22 12:52:35,,2.0760781,0.0,0,,140622.94736842104,0.0,0.0,87
0,[],27,[],2019-02-22 12:52:37,0.0,0,0,6758848,2019-02-22 12:52:37,,0.0,0.0,0,btc,0.0,0.0,0.0,87
,[],2,[],2018-11-20 23:10:47,0.0,0,0,4862359,2018-11-20 23:10:47,,0.0,0.0,,,0.0,0.0,0.0,88
1,[],11,[],2019-03-03 19:54:36,92438.93722476,0.00014107999999999999772397341057939001984777860343456268310546875,0.000000005375543024000001,6835836,2019-03-03 19:54:36,btc,608.5807890264073,568.97972294,0.00014107999999999999772397341057939001984777860343456268310546875,btc,95927.25995819,0.0,6.166902191211798,89
0,[],17,[],2019-03-03 18:55:04,0.0,0,0,6835482,2019-03-03 18:55:04,btc,0.0,0.0,0,btc,0.0,0.0,0.0,91
0,[],2,[],2019-01-20 23:31:45,0.0,0,0,6477083,2019-01-20 23:31:45,,0.0,0.0,0,,0.0,0.0,0.0,91
1,[],12,[],2019-03-03 19:54:37,468048.06117721,0.000001529999999999999962528346615642238504051420022733509540557861328125,0.000000000058297284,6835837,2019-03-03 19:54:37,btc,4.336246805847394,0.0,0.000001529999999999999962528346615642238504051420022733509540557861328125,btc,63901.60925501,0.0032836019,0.0824946740000065,91
0,[],22,[],2019-03-03 19:54:40,0.0,0,0,6835838,2019-03-03 19:54:40,,3e-06,0.0,0,,1.0,0.0,0.0,91
0.000000000125705,[],22,[],2019-03-03 19:54:44,1820000.0,6.2852500000000005e-18,2.394856237e-22,6835839,2019-03-03 19:54:44,LTC,8.53121199,0.0,0.00000005,LTC,71989912.1,0.0,0.091,95
0.000000000125705,[],4,[],2019-03-03 19:54:45,646643889.0099262,7.919415e-17,3.0175188586200004e-21,6835840,2019-03-03 19:54:45,ltc,11.894786844665589,0.0,0.00000063,ltc,136567866.30844912,0.0,1.96176486377876e-09,96
1,[],12,[],2019-03-03 19:54:45,1574.47400001,0.00000001,0.00000000000038102800000000005,6835841,2019-03-03 19:54:45,btc,378535.45687418786,0.0,0.00000001,btc,8740123.94636337,2.6e-07,1.5744740000100002e-05,96
0,[],17,[],2019-03-03 19:54:47,0.0,0,0,6835842,2019-03-03 19:54:47,btc,0.0,0.0,0,btc,0.0,0.0,0.0,96
1,[],4,[],2019-03-03 19:54:47,1867654.98562587,0.00000026,0.000000000009906728000000001,6835843,2019-03-03 19:54:47,btc,2.797804767219493,0.0,0.00000026,btc,2487278.36974563,0.01163712,0.1260334467816768,99
0,[],2,[],2019-01-20 23:23:55,0.0,0,0,6476914,2019-01-20 23:23:55,,0.0,0.0,0,,0.0,0.0,0.0,100
1,[],4,[],2019-03-03 19:54:48,362960.77638475,0.00004255,0.0000000016212741400000002,6835844,2019-03-03 19:54:48,btc,12.405830304317151,0.0,0.00004255,btc,178838.08849904,1.53042179,3.410894426578803,100
1,[],22,[],2019-03-03 19:54:52,50000.0,0.00000001,0.00000000000038102800000000005,6835845,2019-03-03 19:54:52,BTC,23.49896609,0.0,0.00000001,BTC,10277.22,0.0,0.0005,101
1,[],4,[],2019-03-03 19:54:53,477846.29291797,0.00000086,0.000000000032768408000000005,6835846,2019-03-03 19:54:53,btc,256.3005992041212,0.0,0.00000086,btc,500441.69074897,0.00166874,0.2445185218533499,103
1,[],12,[],2019-03-03 19:54:55,64996293.746,0.00000001,0.00000000000038102800000000005,6835847,2019-03-03 19:54:55,btc,137279914.43588027,0.0,0.00000001,btc,125401476.818219,0.03131167995888496,0.23466381446,105
1,[],27,[],2019-03-03 19:54:57,115397.89,0.00000001,0.00000000000038102800000000005,6835848,2019-03-03 19:54:57,btc,36.58509958047966,0.0,0.00000001,btc,575834.55393212,0.0,0.0011539789,105
1,[],22,[],2019-03-03 19:55:00,9328.0,0.00000001,0.00000000000038102800000000005,6835849,2019-03-03 19:55:00,BTC,51.10837004,0.0,0.00000001,BTC,470435.0,0.0,9.328e-05,107
1,[],26,[],2019-03-03 19:55:01,0.0,0.00000000,0,6835850,2019-03-03 19:55:01,btc,0.0,0.0,0.00000000,btc,0.0,0.0,0.0,107
1,[],5,[],2019-03-03 19:55:02,0.0,0,0,6835851,2019-03-03 19:55:02,btc,0.0,8.48e-06,0,btc,0.0,0.0,0.0,112
1,[],22,[],2019-03-03 19:55:08,1966.0,0.00000001,0.00000000000038102800000000005,6835852,2019-03-03 19:55:08,BTC,2.81183288,0.0,0.00000001,BTC,808524.0833333334,0.0,1.966e-05,112
0.00000000034500370000000004,[],27,[],2019-03-03 19:55:11,2000.0,3.450037e-18,1.3145606980360002e-22,6835853,2019-03-03 19:55:11,eth,1.35132491849924,0.0,0.00000001,"btc,eth",1328.641654,0.0,6.900074000000001e-15,112
1,[],4,[],2019-03-03 19:55:11,1260560.58542581,0.00000216,0.00000000008230204800000001,6835854,2019-03-03 19:55:11,btc,4.888210933178245,0.0,0.00000216,btc,331692.20768543,0.08549625,0.9431764604087776,113
1,[],5,[],2019-03-03 19:55:13,0.0,0,0,6835855,2019-03-03 19:55:13,btc,0.0,0.0,0,btc,0.0,0.0,0.0,113
0,[],27,[],2019-03-03 19:55:26,0.0,0,0,6835856,2019-03-03 19:55:26,,0.0,0.0,0,btc,0.0,0.0,0.0,116
1,[],17,[],2019-03-03 17:54:41,152738.278,0.00000004,0.000000000001523472,6835120,2019-03-03 17:54:41,btc,1.33680302678,0.0,0.00000004,btc,50696.221,0.0,0.0022095311199999998,116
1,[],4,[],2019-03-03 19:55:27,88697.11723278,0.00002390,0.0000000009106569200000001,6835857,2019-03-03 19:55:27,btc,28.868379641056876,0.0,0.00002390,btc,71459.81102101,1.41428147,1.1678961299033148,120
1,[],7,[],2019-03-03 19:55:29,22043.34067024,0.000019289999999999999963536112534967514875461347401142120361328125,0.000000000735003012,6835858,2019-03-03 19:55:29,btc,115751.16313870468,67.04635905,0.000019289999999999999963536112534967514875461347401142120361328125,btc,56083.53439059,0.00198847,0.0684270015459353,120
1,[],20,[],2019-03-03 19:55:35,1834057.8872,0.000000035,0.0000000000013335980000000002,6835859,2019-03-03 19:55:35,btc,32.295158822642,1001.7,0.000000035,btc,998991.2778,5.50715e-05,0.0215377193706,125
1,[],22,[],2019-03-03 19:55:39,3053.0,0.00000001,0.00000000000038102800000000005,6835860,2019-03-03 19:55:39,BTC,0.01444887,0.0,0.00000001,BTC,296263.5111111111,0.0,3.053e-05,126
1,[],4,[],2019-03-03 19:55:40,142403.77158464,0.00001112,0.00000000042370313600000005,6835861,2019-03-03 19:55:40,btc,4.087133335079101,0.0,0.00001112,btc,116456.70568466,0.14113316,0.590350714172628,131
0,[],17,[],2019-03-03 19:55:42,0.0,0,0,6835862,2019-03-03 19:55:42,btc,0.0009561751951600001,0.0,0,btc,35.42829368,0.0,0.0,131
0,[],2,[],2019-01-20 23:25:46,0.0,0,0,6476969,2019-01-20 23:25:46,,0.0,0.0,0,,0.0,0.0,0.0,131
1,[],4,[],2019-03-03 19:55:43,4553.72440393,0.00016001,0.000000006096829028,6835863,2019-03-03 19:55:43,btc,1.619979867062065,0.0,0.00016001,btc,238.12730989,0.0,0.0079138371762198,135
1,[],3,[],2019-03-03 16:01:04,958709.8877684299,0.00000004,0.0000000000015183040000000002,6834301,2019-03-03 16:01:04,btc,0.1162519575141759,53730.3554066,0.00000004,btc,667858.8600718,0.0,0.0304115181737019,136
1,[],4,[],2019-03-03 19:55:44,269426.08669587,0.00000167,0.000000000063631676,6835864,2019-03-03 19:55:44,btc,38.267181943836704,0.0,0.00000167,btc,510272.49929426,0.02932278,0.0835818226033503,137
1,[],12,[],2019-03-03 19:55:46,293582.28797438,0.0000016800000000000000086801225929189484986636671237647533416748046875,0.000000000064012704,6835865,2019-03-03 19:55:46,btc,11807.599468999455,0.0,0.0000016800000000000000086801225929189484986636671237647533416748046875,btc,124567.12400042,0.0034260541012015,0.0193857600000004,137
1,[],4,[],2019-03-03 19:55:47,106379.07921891,0.00004121,0.0000000015702163880000001,6835866,2019-03-03 19:55:47,btc,28.955403806809464,0.0,0.00004121,btc,45067.33440383,0.52776171,0.6857415734561647,142
1,[],5,[],2019-03-03 19:55:49,0.0,0,0,6835867,2019-03-03 19:55:49,btc,0.0,0.24198787,0,btc,0.0,0.0,0.0,142
1,[],20,[],2019-03-03 19:56:02,132695.2434,0.000025652,0.0000000009774130256,6835868,2019-03-03 19:56:02,btc,0.3256490109112,482.3521,0.000025652,btc,1844.2632,0.0178189079939,0.2193571825821,142
1,[],22,[],2019-03-03 19:56:05,1685.8988921568628,0.00004000,0.000000001524112,6835869,2019-03-03 19:56:05,BTC,3.00385504,0.0,0.00004000,BTC,891.218,0.0,0.00174536,142
0.0,[],25,[],2019-03-03 19:56:06,0.0,0,0,6835870,2019-03-03 19:56:06,,0.0,0.0,0.0,btc,0.0,0.0,0.0,142
1,[],28,[],2019-03-03 19:56:08,76100.0,0.00000817,0.000000000311299876,6835871,2019-03-03 19:56:08,btc,0.0639742472,115.0,0.00000817,btc,500.6113,0.0,0.0041072,142
1,[],17,[],2019-03-03 19:04:16,22967.386363640002,0.00000088,0.000000000033506880000000004,6835700,2019-03-03 19:04:16,btc,20.0699133484,0.0,0.00000088,btc,405.079105,0.0,0.0104613000000032,142
0,[],22,[],2019-03-03 19:56:11,0.0,0,0,6835872,2019-03-03 19:56:11,,60.70572865,0.0,0,,694633617.3,0.0,0.0,143
0,[],22,[],2019-02-25 15:42:22,0.0,0,0,6783783,2019-02-25 15:42:22,,4.2131946,0.0,0,,2322156.0,0.0,0.0,146
,[],22,[],2018-11-20 23:01:11,0.0,0,0,4862114,2018-11-20 23:01:11,,2.56807021,0.0,,,61828.4988236,0.0,0.0,147
1,[],12,[],2019-03-03 19:56:13,217126.37685993,0.00000199999999999999990949622365177251737122787744738161563873291015625,0.00000000007620560000000001,6835873,2019-03-03 19:56:13,btc,16.614058328575638,0.0,0.00000199999999999999990949622365177251737122787744738161563873291015625,btc,117104.95923083,0.0002129090401332,0.0244711599998569,148
1,[],4,[],2019-03-03 19:56:14,256183.64828986,0.00000030,0.000000000011430840000000001,6835874,2019-03-03 19:56:14,btc,219.99199938247835,0.0,0.00000030,btc,841688.3055046,0.0,0.0609752236393456,152
0,[],22,[],2019-03-03 19:56:17,0.0,0,0,6835875,2019-03-03 19:56:17,,0.0,0.0,0,,0.0,0.0,0.0,152
1,[],5,[],2019-03-03 19:56:19,0.0,0,0,6835876,2019-03-03 19:56:19,btc,0.0,0.0,0,btc,0.0,0.0,0.0,153
,[],16,[],2019-01-11 15:38:59,0.0,0,0,6366141,2019-01-11 15:38:59,btc,0.0,0.0,,btc,0.0,0.0,0.0,155
0,[],23,[],2019-01-20 23:24:29,0.0,0,0,6476932,2019-01-20 23:24:29,,0.0,0.0,0,,0.0,0.0,0.0,156
0,[],22,[],2019-03-03 19:56:40,0.0,0,0,6835877,2019-03-03 19:56:40,,6.7463875,0.0,0,,4674391.242592593,0.0,0.0,156
1,[],22,[],2019-03-03 19:56:44,7073.8,0.00005300,0.0000000020194484,6835878,2019-03-03 19:56:44,BTC,1.80343699,0.0,0.00005300,BTC,899.6422341958436,0.0,0.00104336,157
0,[],22,[],2019-03-03 19:56:46,0.0,0,0,6835879,2019-03-03 19:56:46,,50175.67608608,0.0,0,,54079135.04179466,0.0,0.0,158
,[],17,[],2018-11-20 22:56:10,0.0,0,0,4861976,2018-11-20 22:56:10,btc,1.1265625,0.0,,btc,1000.0,0.0,0.0,159
,[],20,[],2018-11-20 22:56:12,0.0,0,0,4861977,2018-11-20 22:56:12,btc,11912.7940471,0.0,,btc,34413894.3617,0.0,0.0,159
1,[],12,[],2019-03-03 19:56:47,181783.60151251,0.0000075299999999999999027752543845348753848156775347888469696044921875,0.000000000286914084,6835880,2019-03-03 19:56:47,btc,6.642560680552006,0.0,0.0000075299999999999999027752543845348753848156775347888469696044921875,btc,13654.8731152,0.0013396652,0.09351220738937349,168
1,[],17,[],2019-03-03 19:56:49,29784.95,0.000001,0.000000000038102800000000004,6835881,2019-03-03 19:56:49,btc,0.03026736251542,0.0,0.000001,btc,144.46171372,0.0,0.00716147,168
0,[],22,[],2019-03-03 19:56:51,0.0,0,0,6835882,2019-03-03 19:56:51,,1.1341504,0.0,0,,539283.174707144,0.0,0.0,169
1,[],22,[],2019-03-03 19:56:55,203600.0,0.00000002,0.0000000000007620560000000001,6835883,2019-03-03 19:56:55,BTC,13.2501524,0.0,0.00000002,BTC,144336.2939341018,0.0,0.002072,171
1,[],22,[],2019-03-03 19:56:59,808294.4285714285,0.00000008,0.0000000000030482240000000004,6835884,2019-03-03 19:56:59,BTC,2.19907674,0.0,0.00000008,"BTC,LTC",244869.85108324146,7.95e-05,0.0330212,173
1,[],5,[],2019-03-03 18:57:18,0.0,0,0,6835529,2019-03-03 18:57:18,btc,0.0,0.01737601,0,btc,0.0,0.0,0.0,175
1,[],22,[],2019-03-03 19:57:03,36494.833333333336,0.0000003,0.000000000011430840000000001,6835885,2019-03-03 19:57:03,BTC,0.54826403,0.0,0.0000003,BTC,138776.41384013777,0.0,0.00239205,176
1,[],7,[],2019-03-03 19:57:04,0.0,0,0,6835886,2019-03-03 19:57:04,btc,410932.5273358376,0.0,0,btc,117801559.31901672,0.0,0.0,178
0,[],22,[],2019-03-03 19:57:13,0.0,0,0,6835887,2019-03-03 19:57:13,,1.00242428,0.0,0,,57512.0,0.0,0.0,178
0,[],2,[],2019-01-20 23:28:34,0.0,0,0,6477001,2019-01-20 23:28:34,,0.0,0.0,0,,0.0,0.0,0.0,178
0,[],23,[],2019-01-20 23:25:08,0.0,0,0,6476952,2019-01-20 23:25:08,,0.0,0.0,0,,0.0,0.0,0.0,179
1,[],5,[],2019-03-03 19:57:15,0.0,0,0,6835888,2019-03-03 19:57:15,btc,0.0,0.17275225,0,btc,0.0,0.0,0.0,179
1,[],22,[],2019-03-03 19:57:19,6949180.5,0.00000002,0.0000000000007620560000000001,6835889,2019-03-03 19:57:19,BTC,5.66692569,0.0,0.00000002,"BTC,LTC",18277556.089868754,0.0,0.37392433,179
1,[],17,[],2019-03-03 18:10:45,10504.725,0.0000001,0.00000000000381356,6835347,2019-03-03 18:10:45,btc,5.2010695838170005,0.0,0.0000001,btc,4994.45945,0.0,0.0010504725,180
1,[],22,[],2019-03-03 19:57:25,144605.4,0.0000008,0.00000000003048224,6835890,2019-03-03 19:57:25,BTC,0.23744747,0.0,0.0000008,"BTC,LTC",80791.99835911435,0.02929254,0.00810544,180
1,[],26,[],2019-03-03 19:57:25,0.0,0.00000125,0.0000000000476285,6835891,2019-03-03 19:57:25,btc,0.0,2068.45,0.00000125,btc,0.0,0.0,0.0,180
,[],7,[],2018-11-20 22:58:01,562227.975654,0.00000085,0.000000000036176765,4862015,2018-11-20 22:58:01,btc,21836.6059674,2491.87645172,,btc,749999.041456,0.00211021,0.127565380455,183
,[],5,[],2019-01-10 08:11:41,0.0,0,0,6347036,2019-01-10 08:11:41,btc,82.15055501,0.00261,,btc,1.19002445,0.0,0.0,187
,[],17,[],2018-11-16 20:58:10,4062536.27273,0.00000001,0.000000000000550501,4708775,2018-11-16 20:58:10,btc,3.36492563466,0.195460381006,,"btc,eth",110697919.549,0.0,0.0157628953496,187
1,[],24,[],2019-03-03 19:57:26,0.0,0.000000000001,3.81028e-17,6835892,2019-03-03 19:57:26,btc,0.0,0.0,0.000000000001,btc,0.0,0.0,0.0,187
0,[],22,[],2019-03-03 19:57:29,0.0,0,0,6835893,2019-03-03 19:57:29,,7.42841024,0.0,0,,79361.7243078683,0.0,0.0,191
0,[],22,[],2019-03-01 00:51:27,0.0,0,0,6814858,2019-03-01 00:51:27,,0.0,0.0,0,,0.0,0.0,0.0,197
0,[],23,[],2019-01-20 23:31:41,0.0,0,0,6477079,2019-01-20 23:31:41,,0.0,0.0,0,,0.0,0.0,0.0,199
0,[],22,[],2019-03-03 19:57:32,0.0,0,0,6835894,2019-03-03 19:57:32,,5.19477622,0.0,0,,21058553.0,0.0,0.0,199
1,[],26,[],2019-03-03 19:57:32,0.0,0.00000000,0,6835895,2019-03-03 19:57:32,btc,0.0,101312.0,0.00000000,btc,0.0,0.0,0.0,199
0,[],17,[],2019-01-30 16:32:01,0.0,0,0,6540827,2019-01-30 16:32:01,btc,6.802544163788159,0.0,0,btc,105897.55575295,0.0,0.0,200
0,[],2,[],2019-01-20 23:30:49,0.0,0,0,6477059,2019-01-20 23:30:49,,0.0,0.0,0,,0.0,0.0,0.0,201
1,[],4,[],2019-01-25 15:51:35,2084389.58565343,0.00000936,0.000000000333526752,6499557,2019-01-25 15:51:35,btc,2.0092503037378524,0.0,0.00000936,btc,160195.80207885,0.19272417,1.242687955921835,211
1,[],7,[],2019-03-03 19:57:37,2677578.83249934,0.000001309999999999999951307938332589753116508290986530482769012451171875,0.000000000049914668,6835896,2019-03-03 19:57:37,btc,15476654.87513733,972652.289113,0.000001309999999999999951307938332589753116508290986530482769012451171875,btc,12626234.07784504,0.0,2.2189416404617135,212
1,[],12,[],2019-01-25 02:44:32,207462.42853209,0.000001080000000000000035831255497387193287295303889550268650054931640625,0.000000000038610756000000006,6493050,2019-01-25 02:44:32,btc,85023.03793723314,0.0,0.000001080000000000000035831255497387193287295303889550268650054931640625,btc,43675.73520027,0.000146250909087,0.0348620860622024,213
1,[],5,[],2019-03-03 19:57:39,0.0,0,0,6835897,2019-03-03 19:57:39,btc,0.0,0.11802902,0,btc,0.0,0.0,0.0,213
1,[],24,[],2019-03-03 19:57:39,0.0,0.000000120000,0.000000000004572336,6835898,2019-03-03 19:57:39,btc,0.0,0.0,0.000000120000,btc,0.0,0.0,0.0,213
1,[],26,[],2019-03-03 19:57:40,0.0,0.00000010,0.00000000000381028,6835899,2019-03-03 19:57:40,btc,0.0,0.0,0.00000010,btc,0.0,0.0,0.0,213
1,[],22,[],2019-03-03 19:57:43,39805.0,0.00000003,0.000000000001143084,6835900,2019-03-03 19:57:43,BTC,2.2359633,0.0,0.00000003,BTC,640475.3963726171,0.0,0.00061245,216
1,[],27,[],2019-03-03 19:57:46,1298602.0,0.00000003,0.000000000001143084,6835901,2019-03-03 19:57:46,btc,316.25858560644,0.0,0.00000003,"btc,ltc",237761.907,0.0,0.03377204000022627,216
1,[],22,[],2019-03-03 19:57:52,184716.06081954937,0.00000180,0.00000000006858504,6835902,2019-03-03 19:57:52,BTC,12673.42225636,0.0,0.00000180,BTC,383442.9547117608,0.06681322,0.21877012,217
1,[],7,[],2019-03-03 19:57:53,0.0,0,0,6835903,2019-03-03 19:57:53,btc,77969.66000746319,0.0,0,btc,136202804.64412785,0.0,0.0,219
0,[],27,[],2019-03-03 19:57:54,0.0,0,0,6835904,2019-03-03 19:57:54,,0.0171818,399845.0,0,btc,417825.0,0.00399845,0.0,219
0.0000000000000053,[],28,[],2019-03-03 19:57:56,178059489.917,2.8721230000000002e-18,1.094359282444e-22,6835905,2019-03-03 19:57:56,doge,84767.2507115525,632236.758,0.00054191,"btc,doge",3757997.84751,0.0,3.848886795981961e-11,219
1,[],22,[],2019-03-03 19:58:00,393951.5,0.00000002,0.0000000000007620560000000001,6835906,2019-03-03 19:58:00,BTC,2.81231073,0.0,0.00000002,BTC,88564.27041875875,0.0002925,0.00585226,221
1,[],24,[],2019-03-03 19:58:00,0.0,0.000000200000,0.00000000000762056,6835907,2019-03-03 19:58:00,btc,0.0,0.0,0.000000200000,btc,0.0,0.0,0.0,221
1,[],20,[],2019-03-03 19:58:02,40143368.6334,0.000000001,0.000000000000038102800000000004,6835908,2019-03-03 19:58:02,btc,48.2381347826935,134651.8343,0.000000001,btc,13449623.3232,0.0001346518343,0.0401433686334,224
0,[],22,[],2019-03-03 19:58:05,0.0,0,0,6835909,2019-03-03 19:58:05,,0.0,0.0,0,,0.0,0.0,0.0,224
1,[],26,[],2019-03-03 19:58:05,0.0,0.00000035,0.00000000001333598,6835910,2019-03-03 19:58:05,btc,0.0,0.0,0.00000035,btc,0.0,0.0,0.0,231
1,[],26,[],2019-03-03 19:58:06,0.0,0.00000005,0.00000000000190514,6835911,2019-03-03 19:58:06,btc,0.0,4400.0,0.00000005,btc,0.0,0.0,0.0,234
0.00000000034500370000000004,[],27,[],2019-03-03 19:58:08,2000.0,3.450037e-18,1.3145606980360002e-22,6835912,2019-03-03 19:58:08,eth,0.01134836604,0.0,0.00000001,"btc,eth",11462.996,0.0,6.900074000000001e-15,234
1,[],4,[],2019-03-03 19:58:10,824771.72372644,0.00000078,0.000000000029720184000000005,6835913,2019-03-03 19:58:10,btc,4.469432847660073,0.0,0.00000078,btc,1205341.05981091,0.03465339,0.2287513004616434,236
1,[],24,[],2019-03-03 19:58:10,0.0,0.000000300000,0.000000000011430840000000001,6835914,2019-03-03 19:58:10,btc,0.0,0.0,0.000000300000,btc,0.0,0.0,0.0,236
1,[],20,[],2019-03-03 19:58:12,175357003.6895,0.000000074,0.0000000000028196072000000003,6835915,2019-03-03 19:58:12,btc,13.2700704314567,27848386.1061,0.000000074,btc,40748650.2639,1.975880821434,0.6450325144475,237
0.000000000125705,[],22,[],2019-03-03 19:58:16,751594.9,2.1369850000000002e-17,8.142511205800001e-22,6835916,2019-03-03 19:58:16,LTC,0.0413973,0.0,0.00000017,LTC,7239.0,0.0,0.12541949,237
1,[],4,[],2019-03-03 19:58:17,9014134.18457406,0.00000033,0.000000000012573924000000002,6835917,2019-03-03 19:58:17,btc,6.935530688055699,0.0,0.00000033,btc,10720182.03835132,0.2663424,2.2667584486691985,238
1,[],5,[],2019-03-03 19:58:19,0.0,0,0,6835918,2019-03-03 19:58:19,btc,0.0,0.00398828,0,btc,0.0,0.0,0.0,238
0,[],22,[],2019-03-03 19:58:22,0.0,0,0,6835919,2019-03-03 19:58:22,,0.41339518,0.0,0,,316626.5639027493,0.0,0.0,249
0.000000000125705,[],22,[],2019-03-03 19:58:26,88086691.66666667,5.0282e-18,1.9158849896e-22,6835920,2019-03-03 19:58:26,LTC,1.53612508,0.0,0.00000004,LTC,20871847.070952382,5.95844566074e-11,2.74160377,252
1,[],28,[],2019-03-03 19:58:28,2174725.889,0.00000034,0.000000000012954952,6835921,2019-03-03 19:58:28,btc,164732.39695942478,44706.1,0.00000034,btc,2463394.9222,0.0,0.35308370947,256
1,[],22,[],2019-03-03 19:58:32,1073354.0,0.00000002,0.0000000000007620560000000001,6835922,2019-03-03 19:58:32,BTC,31.47160001,0.0,0.00000002,BTC,670687.0957866946,0.0,0.01093354,258
1,[],22,[],2019-03-03 19:58:36,48751.0,0.00000001,0.00000000000038102800000000005,6835923,2019-03-03 19:58:36,BTC,2.4175745,0.0,0.00000001,BTC,1762.0,0.0,0.00048751,259
1,[],5,[],2019-03-03 19:58:38,0.0,0,0,6835924,2019-03-03 19:58:38,btc,0.0,0.09399254,0,btc,0.0,0.0,0.0,264
1,[],20,[],2019-03-03 19:58:40,1259158.5765,0.000002121,0.0000000000808160388,6835925,2019-03-03 19:58:40,btc,7.4549894400594,53593.89,0.000002121,btc,104863.9168,0.1692022288674,0.0242696339648,264
0,[],22,[],2019-03-03 19:58:43,0.0,0,0,6835926,2019-03-03 19:58:43,,8.45802393,0.0,0,,433537.34411321935,0.0,0.0,271
0,[],22,[],2019-03-03 19:58:45,0.0,0,0,6835927,2019-03-03 19:58:45,,264.68187857,0.0,0,,13780784220.692,0.0,0.0,272
0.0000000000000053,[],28,[],2019-03-03 19:58:47,230211740380.905,5.0350000000000004e-21,1.9184759800000003e-25,6835928,2019-03-03 19:58:47,doge,35442333.0555708,15352742210.4004,0.00000095,doge,195339967446.0523,0.0,6.791055443389811e-10,272
1,[],22,[],2019-03-03 19:58:52,172119.74,0.00000300,0.00000000011430840000000001,6835929,2019-03-03 19:58:52,BTC,74.29641468,0.0,0.00000300,"BTC,LTC",8351.47763977319,0.01508,0.05932091,281
1,[],22,[],2019-03-03 19:58:57,1073558.761904762,0.00000007,0.0000000000026671960000000003,6835930,2019-03-03 19:58:57,BTC,1.18099624,0.0,0.00000007,BTC,113646.42110107285,0.00354098,0.03356942,286
0,[],22,[],2019-03-03 19:59:00,0.0,0,0,6835931,2019-03-03 19:59:00,,43639.57535768,0.0,0,,683030611.0,0.0,0.0,294
