pairValue,buyBook,exchangeId,sellBook,updated,buyTotal,satoshiPrice,usdPrice,exchangeLogId,created,bestPair,sellTotalBtc,volume,pairPrice,activePairs,sellTotal,volumeBtc,buyTotalBtc,coinId
1,[],28,[],2019-03-14 17:25:25,992.9,0.01231000,0.000000477472894,6930432,2019-03-14 17:25:25,btc,0.147901439075,18436.8,0.01231000,btc,7.9421,0.0,0.086101096,1
0,[],2,[],2019-01-20 23:28:45,0.0,0,0,6477011,2019-01-20 23:28:45,,0.0,0.0,0,,0.0,0.0,0.0,1
1,[],3,[],2019-03-14 17:24:27,30527.5681950484,0.01290110000000000041453507293454094906337559223175048828125,0.00000050040012614,6930421,2019-03-14 17:24:27,btc,61.16723732462525,0.0,0.01290110000000000041453507293454094906337559223175048828125,btc,28.82237309488,0.0,0.12803550352275392,1
1,[],4,[],2019-03-14 17:24:29,207763.8430611,0.01280009,0.000000496482210866,6930422,2019-03-14 17:24:29,btc,14.167699434297768,0.0,0.01280009,btc,298.44382453,1.41539647,1.2633373359207638,1
1,[],5,[],2019-03-14 17:24:32,0.0,0,0,6930423,2019-03-14 17:24:32,btc,0.0,0.0130317,0,btc,0.0,0.0,0.0,1
1,[],10,[],2019-03-14 17:24:34,413806.04363602,0.01041361,0.000000403916856514,6930424,2019-03-14 17:24:34,btc,6522.040770531457,1194.28420633,0.01041361,btc,1081.49593937,0.0,4.642675135205525,1
1,[],12,[],2019-03-14 17:24:38,108.30223022,0.01290999999999999960087482264725622371770441532135009765625,0.0000005007453339999999,6930425,2019-03-14 17:24:38,btc,0.2950115988404,0.0,0.01290999999999999960087482264725622371770441532135009765625,btc,21.9486204,0.1277541649749,0.3539354531612,1
1,[],20,[],2019-03-14 17:24:39,1152.4747,0.01050023,0.000000407276621102,6930426,2019-03-14 17:24:39,btc,0.0552085068997,0.0,0.01050023,btc,2.4565,0.0,0.0959864651571,1
1,[],21,[],2019-03-14 17:24:44,1926.99401404,0.01295371000000000022422952384,0.000000502440731254,6930427,2019-03-14 17:24:44,btc,20.82701120799833,15603.01641523,0.012953710000000000224229523837493616156280040740966796875,"btc,eth",2266.34475868,185.79307438619477,19.638696557759324,1
1,[],22,[],2019-03-14 17:25:16,0.07686088253968254,0.01260000,0.0000004887212399999999,6930428,2019-03-14 17:25:16,BTC,0.31439419,0.0,0.01260000,BTC,0.12751438772928525,0.0,0.00096785,1
1,[],24,[],2019-03-14 17:25:16,0.0,0.000000000000,0,6930429,2019-03-14 17:25:16,btc,0.0,0.0,0.000000000000,btc,0.0,0.0,0.0,1
0.0,[],25,[],2019-03-14 17:25:17,0.0,0,0,6930430,2019-03-14 17:25:17,btc,48.094799996545134,247.73467281,0.0,btc,3624.41874158,3.25,0.0,1
1,[],26,[],2019-03-14 17:25:18,0.0,0,0,6930431,2019-03-14 17:25:18,,0.0,0.0,0,,0.0,0.0,0.0,1
1,[],5,[],2019-03-14 17:25:27,0.0,0,0,6930433,2019-03-14 17:25:27,btc,0.0,0.02725484,0,btc,0.0,0.0,0.0,2
0,[],22,[],2019-03-14 17:25:41,0.0,0,0,6930434,2019-03-14 17:25:41,,0.0,0.0,0,,0.0,0.0,0.0,2
1,[],5,[],2019-03-14 17:25:43,0.0,0,0,6930435,2019-03-14 17:25:43,btc,0.0,0.06982048,0,btc,0.0,0.0,0.0,3
1,[],12,[],2019-03-14 17:25:44,2710345.98494782,0.000000199,0.0000000000077186926,6930436,2019-03-14 17:25:44,btc,22814.27593059935,0.0,0.000000199,btc,1109369.47674843,0.08060296627783653,0.3702079430168744,3
0,[],28,[],2019-03-14 17:25:46,0.0,0,0,6930437,2019-03-14 17:25:46,,0.0,0.0,0,,0.0,0.0,0.0,3
0,[],2,[],2019-01-20 23:31:32,0.0,0,0,6477077,2019-01-20 23:31:32,,0.0,0.0,0,,0.0,0.0,0.0,4
1,[],4,[],2019-03-09 19:03:36,394362.28616607,0.00000032,0.000000000012569280000000001,6889097,2019-03-09 19:03:36,btc,32.15548375957025,0.0,0.00000032,btc,707361.31512647,0.00109114,0.0476374485302292,4
1,[],12,[],2019-03-14 17:25:48,445440.0,0.00000002,0.000000000000775748,6930438,2019-03-14 17:25:48,btc,1111742.18134448,0.0,0.00000002,btc,753385.33266733,0.00060194,0.00486804,5
1,[],11,[],2019-03-14 17:25:50,4098960.39882,0.00000002,0.000000000000775748,6930439,2019-03-14 17:25:50,btc,9568.115477691588,418120.0,0.00000002,btc,42549212.926142,0.0,0.0489181513342,6
0,[],2,[],2019-01-20 23:31:51,0.0,0,0,6477087,2019-01-20 23:31:51,,0.0,0.0,0,,0.0,0.0,0.0,6
1,[],3,[],2019-03-14 17:25:50,1087.833962084558,0.000154759999999999988719301402539940681890584528446197509765625,0.0000000060027380239999995,6930440,2019-03-14 17:25:50,btc,29.634085403952064,0.0,0.000154759999999999988719301402539940681890584528446197509765625,btc,239.122414578101,0.0,0.03439493781756314,7
1,[],4,[],2019-03-14 17:25:52,88772.41239978,0.00022100,0.000000008572015399999999,6930441,2019-03-14 17:25:52,btc,9.86950413024914,0.0,0.00022100,btc,35169.2950051,7.04193849,7.4045392624185,7
1,[],5,[],2019-03-14 17:25:53,0.0,0,0,6930442,2019-03-14 17:25:53,btc,0.0,0.61146449,0,btc,0.0,0.0,0.0,7
1,[],20,[],2019-02-20 02:16:17,39399275.8418,0.000000001,0.0000000000000390183,6728586,2019-02-20 02:16:17,btc,116.9737569154545,525.0,0.000000001,btc,56932965.8895,5.25e-07,0.0393992758418,8
1,[],4,[],2019-03-14 17:25:57,1511438.29549469,0.00000174,0.000000000067490076,6930443,2019-03-14 17:25:57,btc,7.577578251980174,0.0,0.00000174,btc,3091023.74124651,5.25067605,1.3820457471653955,9
1,[],28,[],2019-03-14 17:25:59,26353.0,0.00000159,0.000000000061671966,6930444,2019-03-14 17:25:59,btc,2708.771108933583,3770707.9,0.00000159,btc,17073.9197,0.0,0.0147295,9
0,[],2,[],2019-01-20 23:22:42,0.0,0,0,6476876,2019-01-20 23:22:42,,0.0,0.0,0,,0.0,0.0,0.0,9
0,[],23,[],2019-01-20 23:22:48,0.0,0,0,6476878,2019-01-20 23:22:48,,0.0,0.0,0,,0.0,0.0,0.0,9
1,[],1,[],2019-02-17 23:31:42,1822507.21,0.00000181000000000000003456111265232042484285557293333113193511962890625,0.000000000066086901,6701244,2019-02-17 23:31:42,btc,3.6990969245,17153386.5,0.00000181000000000000003456111265232042484285557293333113193511962890625,btc,1997391.71,31.11772986,3.2610482446,9
1,[],4,[],2019-02-17 11:22:43,4341674.27126056,0.00000002,0.0000000000007272960000000001,6696112,2019-02-17 11:22:43,btc,0.1997230937751353,0.0,0.00000002,btc,4109766.79808031,0.00215132,0.0479381022052112,10
1,[],4,[],2019-03-14 17:26:00,6572762.7611176,0.00000161,0.000000000062447714,6930445,2019-03-14 17:26:00,btc,13.49871464233735,0.0,0.00000161,btc,5661439.06238234,7.69896245,4.8918525417073875,12
1,[],5,[],2019-03-14 17:26:01,0.0,0,0,6930446,2019-03-14 17:26:01,btc,0.0,0.22547704,0,btc,0.0,0.0,0.0,12
0.0,[],25,[],2019-03-14 17:26:03,0.0,0,0,6930447,2019-03-14 17:26:03,,0.0,0.0,0.0,btc,0.0,0.0,0.0,12
0,[],2,[],2019-01-20 23:23:08,0.0,0,0,6476890,2019-01-20 23:23:08,,0.0,0.0,0,,0.0,0.0,0.0,12
1,[],4,[],2019-03-14 17:26:04,32018946.67968197,0.00000726,0.00000000028159652399999997,6930448,2019-03-14 17:26:04,btc,3.4132364919034055,0.0,0.00000726,btc,331955.9526825,2.02826612,1.3830515910189214,13
1,[],10,[],2019-03-14 17:26:06,443487.33475786,0.00000715,0.00000000027732991,6930449,2019-03-14 17:26:06,btc,666802.1890989757,32720.4406197,0.00000715,btc,697855.5440272,0.0,0.3190168859097898,13
1,[],21,[],2019-03-14 17:26:08,1579802.32162048,0.000007430000000000000013179561609,0.000000000288190382,6930450,2019-03-14 17:26:08,btc,8.681924682701702,1724074.27657167,0.000007430000000000000013179561608733791899794596247375011444091796875,btc,1054923.57800394,12.62048591,10.785162113570658,13
1,[],4,[],2019-03-14 17:26:09,1113096.76676909,0.00000090,0.00000000003490866,6930451,2019-03-14 17:26:09,btc,5.626882463999287,0.0,0.00000090,btc,958735.97990252,0.03973618,0.2605486075747001,14
1,[],12,[],2019-03-14 17:26:11,278193.0,0.00000101999999999999997501889774376149233603428001515567302703857421875,0.000000000039563148,6930452,2019-03-14 17:26:11,btc,0.0528448357588858,0.0,0.00000101999999999999997501889774376149233603428001515567302703857421875,btc,9781.1985411,0.0,0.02133689,14
1,[],26,[],2019-03-14 17:26:12,0.0,0.00000050,0.0000000000193937,6930453,2019-03-14 17:26:12,btc,0.0,0.0,0.00000050,btc,0.0,0.0,0.0,14
0,[],17,[],2019-03-14 17:06:59,0.0,0,0,6930259,2019-03-14 17:06:59,btc,0.0,0.0,0,btc,0.0,0.0,0.0,14
0,[],4,[],2019-03-14 17:26:13,0.0,0,0,6930454,2019-03-14 17:26:13,,0.0,0.0,0,,0.0,0.0,0.0,15
,[],12,[],2018-12-01 15:15:48,204241.84496,0.00000489,0.000000000202473384,5260204,2018-12-01 15:15:48,btc,49.5475654835,0.0,,btc,35763.2193806,0.0163153972027625,0.0203389899998,15
1,[],4,[],2019-03-14 17:26:15,24837.3370474,0.00001652,0.000000000640767848,6930455,2019-03-14 17:26:15,btc,4.180708384181884,0.0,0.00001652,btc,18095.70432897,0.02680309,0.0575325335861034,18
1,[],10,[],2019-03-14 17:26:17,783700.35342647,0.00001621,0.000000000628743754,6930456,2019-03-14 17:26:17,btc,15.408421336391108,12155.7916409,0.00001621,btc,13448.47633436,0.0,0.1284367597971663,18
1,[],12,[],2019-03-14 17:26:19,314106.30373449,0.00001601000000000000087429195827493089154813787899911403656005859375,0.0000000006209862740000001,6930457,2019-03-14 17:26:19,btc,33214.72642314829,0.0,0.00001601000000000000087429195827493089154813787899911403656005859375,btc,730.14954321,0.0070571360883357,0.0315406632158858,18
0,[],17,[],2019-03-14 17:26:20,0.0,0,0,6930458,2019-03-14 17:26:20,btc,0.0,0.0,0,btc,0.0,0.0,0.0,18
0,[],2,[],2019-01-20 23:23:38,0.0,0,0,6476906,2019-01-20 23:23:38,,0.0,0.0,0,,0.0,0.0,0.0,18
1,[],3,[],2019-03-14 17:26:21,120775.99841051229,0.0000174999999999999984669381281054967303134617395699024200439453125,0.0000000006787795,6930459,2019-03-14 17:26:21,btc,0.6410332186470046,0.0,0.0000174999999999999984669381281054967303134617395699024200439453125,btc,14655.982436769738,0.0,0.053696953923289006,19
1,[],4,[],2019-03-14 17:26:22,224054.99109053,0.00001939,0.000000000752087686,6930460,2019-03-14 17:26:22,btc,2.437555729650859,0.0,0.00001939,btc,90405.93571286,0.45404874,2.3145679009412077,19
1,[],5,[],2019-03-14 17:26:24,0.0,0,0,6930461,2019-03-14 17:26:24,btc,0.0,0.0,0,btc,0.0,0.0,0.0,19
1,[],12,[],2019-03-14 17:26:26,192250.15217061,0.0000193800000000000007959084780129188629871350713074207305908203125,0.000000000751699812,6930462,2019-03-14 17:26:26,btc,0.7009084441004473,0.0,0.0000193800000000000007959084780129188629871350713074207305908203125,btc,494.65749871,0.0018890659639772,0.0405841200000056,19
0,[],27,[],2019-03-14 17:26:28,0.0,0,0,6930463,2019-03-14 17:26:28,,0.0,0.0,0,btc,0.0,0.0,0.0,19
0,[],2,[],2019-01-20 23:24:19,0.0,0,0,6476924,2019-01-20 23:24:19,,0.0,0.0,0,,0.0,0.0,0.0,19
1,[],4,[],2019-03-14 17:26:29,2778735.60194824,0.00000012,0.000000000004654488,6930464,2019-03-14 17:26:29,btc,7.382907576317832,0.0,0.00000012,btc,2875865.97746042,0.00047882,0.0776489389049041,20
0,[],4,[],2019-03-14 17:28:30,0.0,0,0,6930465,2019-03-14 17:28:30,,0.0,0.0,0,,0.0,0.0,0.0,21
1,[],12,[],2019-03-14 17:28:31,1424336.0,0.00000001,0.000000000000387874,6930466,2019-03-14 17:28:31,btc,1247.5339230893408,0.0,0.00000001,btc,2594643.96703296,0.0,0.01424336,21
0,[],17,[],2019-03-14 17:28:33,0.0,0,0,6930467,2019-03-14 17:28:33,btc,0.0,0.0,0,btc,0.0,0.0,0.0,21
1,[],12,[],2019-03-14 17:28:35,2737089558.0,0.0000000001,0.00000000000000387874,6930468,2019-03-14 17:28:35,btc,1933693.5941743236,0.0,0.0000000001,btc,1801978438.0523367,0.000234183673126872,0.2737089558,23
0,[],27,[],2019-03-14 17:28:37,0.0,0,0,6930469,2019-03-14 17:28:37,,13.836146978083411,0.0,0,eth,5931606.84014486,0.0,0.0,23
1,[],4,[],2019-03-14 17:28:38,1039405.42822143,0.00000053,0.000000000020557322,6930470,2019-03-14 17:28:38,btc,10.034379267359785,0.0,0.00000053,btc,1623345.58543844,0.04081844,0.2780888500539714,24
1,[],22,[],2019-03-14 17:29:11,11.76,0.00000100,0.0000000000387874,6930471,2019-03-14 17:29:11,BTC,7.415e-05,0.0,0.00000100,BTC,23.919354838709676,0.0,1.176e-05,24
0.0,[],25,[],2019-03-14 17:29:12,0.0,0,0,6930472,2019-03-14 17:29:12,,0.0,0.0,0.0,btc,0.0,0.0,0.0,24
1,[],4,[],2019-03-14 17:29:13,28197370.02518968,0.00000630,0.00000000024436062,6930473,2019-03-14 17:29:13,btc,57.03925614936603,0.0,0.00000630,btc,241479.10248001,0.17548318,0.549547937329744,26
1,[],10,[],2019-03-14 17:29:15,598772.35701371,0.00000602,0.000000000233500148,6930474,2019-03-14 17:29:15,btc,26.085699112991477,4223.37249153,0.00000602,btc,15156.53027449,0.0,0.1619017138840808,26
0,[],2,[],2019-01-20 23:25:56,0.0,0,0,6476976,2019-01-20 23:25:56,,0.0,0.0,0,,0.0,0.0,0.0,26
1,[],3,[],2019-03-14 17:29:16,8336092.54084747,0.00000001,0.000000000000387874,6930475,2019-03-14 17:29:16,btc,2.041821954480475,382.0,0.00000001,btc,14897132.84871883,0.0,0.0833609254084747,27
1,[],5,[],2019-03-14 17:29:17,0.0,0,0,6930476,2019-03-14 17:29:17,btc,0.0,0.00190164,0,btc,0.0,0.0,0.0,27
1,[],11,[],2019-03-14 17:29:19,8483578.24590115,0.00000006,0.0000000000023272439999999996,6930477,2019-03-14 17:29:19,btc,67506.1992155516,5956.66666667,0.00000006,btc,7966196.08369704,0.0,0.4686349049180229,27
1,[],4,[],2019-03-14 17:29:21,2157336506.8893733,0.00000001,0.000000000000387874,6930478,2019-03-14 17:29:21,btc,5.0577675196860525,0.0,0.00000001,"btc,ltc",363374305.1042095,0.2691,10.043998994150972,29
1,[],7,[],2019-03-14 17:29:24,35612380.93538591,0.00000001,0.000000000000387874,6930479,2019-03-14 17:29:24,btc,44461604.292301685,0.0,0.00000001,btc,52432961.8758189,0.0,0.3561238093538591,29
1,[],4,[],2019-03-14 17:29:25,1890498.41172194,0.00000019,0.000000000007369606,6930480,2019-03-14 17:29:25,btc,2.6783210686784464,0.0,0.00000019,btc,2132414.62177203,0.00803867,0.1198449864432529,30
0,[],17,[],2019-03-14 17:29:36,0.0,0,0,6930481,2019-03-14 17:29:36,btc,0.0,0.0,0,btc,0.0,0.0,0.0,30
1,[],4,[],2019-03-14 17:29:38,186165.10358396,0.00005430,0.00000000210615582,6930482,2019-03-14 17:29:38,btc,10.8436946539432,0.0,0.00005430,btc,141240.50736222,0.5864266,2.0300158177454053,31
1,[],21,[],2019-03-14 17:29:39,57122.67044922,0.00005506999999999999959379715087,0.000000002136022118,6930483,2019-03-14 17:29:39,btc,4.359110007435557,81698.6155941,0.0000550699999999999995937971508652708507725037634372711181640625,btc,71400.07061073,4.50979782,2.9942485814428057,31
0,[],2,[],2019-01-20 23:28:43,0.0,0,0,6477009,2019-01-20 23:28:43,,0.0,0.0,0,,0.0,0.0,0.0,32
1,[],4,[],2019-03-14 17:29:41,494382701.5282428,0.00000004,0.000000000001551496,6930484,2019-03-14 17:29:41,btc,8.99203313754899,0.0,0.00000004,"btc,ltc",178062300.32998568,0.31400285,9.463352145929791,33
1,[],12,[],2019-03-14 17:29:42,26119455.964,0.00000004,0.000000000001551496,6930485,2019-03-14 17:29:42,btc,2818230.381204958,0.0,0.00000004,btc,18463532.55844149,0.01108655976024,0.6042489689199999,33
1,[],4,[],2019-03-14 17:29:44,95465209.32431106,0.00000001,0.000000000000387874,6930486,2019-03-14 17:29:44,btc,3.4254404804690624,0.0,0.00000001,btc,102177555.79850414,0.02402284,0.9546520932431107,34
1,[],5,[],2019-03-14 17:29:46,0.0,0,0,6930487,2019-03-14 17:29:46,btc,0.0,0.01831812,0,btc,0.0,0.0,0.0,34
0.0000000001443037,[],4,[],2019-03-14 17:29:48,3901616982.0586705,1.443037e-18,5.59716533338e-23,6930488,2019-03-14 17:29:48,ltc,4.812107639455406e-08,0.0,0.00000001,ltc,6806678588.591669,0.0,5.630177664938997e-09,36
1,[],5,[],2019-03-14 17:29:50,0.0,0,0,6930489,2019-03-14 17:29:50,btc,0.0,0.0,0,btc,0.0,0.0,0.0,36
0,[],17,[],2019-03-14 17:30:01,0.0,0,0,6930490,2019-03-14 17:30:01,btc,0.0746458232965017,0.0,0,btc,4103573.70243647,0.0,0.0,36
0.00000000034075710000000003,[],27,[],2019-03-14 17:30:05,998000.16325,3.407571e-18,1.321708194054e-22,6930491,2019-03-14 17:30:05,eth,223.7071905147632,163.0,0.00000001,"ltc,eth",12165233.63658689,5.5543407300000005e-16,1.4401514822859657e-12,36
1,[],4,[],2019-03-14 17:30:06,220376.96397021,0.00000058,0.000000000022496692,6930492,2019-03-14 17:30:06,btc,19772.482045281806,0.0,0.00000058,btc,557675.2476142,0.00249449,0.0918164396723044,37
1,[],12,[],2019-03-14 17:30:08,438962.47036056,0.00000059,0.000000000022884566,6930493,2019-03-14 17:30:08,btc,22.247276920995088,0.0,0.00000059,btc,429424.70643319,0.0782355989690699,0.1279747860895139,37
1,[],27,[],2019-03-14 17:30:21,14685.567,0.00000045,0.00000000001745433,6930494,2019-03-14 17:30:21,btc,24.25536383611233,0.0,0.00000045,btc,6518.38138508,0.0,0.00480032515,37
1,[],17,[],2019-03-14 17:08:34,1752.74075282,0.00000025,0.000000000009690774999999999,6930300,2019-03-14 17:08:34,btc,0.055484923777095005,0.0,0.00000025,btc,1319.19918473,0.0,0.00043818518820499993,37
1,[],5,[],2019-03-14 17:30:23,0.0,0,0,6930495,2019-03-14 17:30:23,btc,0.0,0.12110067,0,btc,0.0,0.0,0.0,42
1,[],12,[],2019-03-14 17:30:24,254099.31285457,0.0000009,0.000000000034908659999999994,6930496,2019-03-14 17:30:24,btc,5.584042398323937,0.0,0.0000009,btc,32928.33407434,0.0072126849561736,0.0197341899999826,42
0.00000000034075710000000003,[],27,[],2019-03-14 17:30:27,2000.0,3.407571e-18,1.321708194054e-22,6930497,2019-03-14 17:30:27,eth,0.00315028,0.0,0.00000001,"btc,eth",11.007,0.0,6.815142e-15,42
1,[],5,[],2019-03-14 17:08:45,0.0,0,0,6930305,2019-03-14 17:08:45,btc,0.0,0.0,0,btc,0.0,0.0,0.0,43
0,[],17,[],2019-03-14 17:08:46,0.0,0,0,6930306,2019-03-14 17:08:46,btc,0.0,0.0,0,btc,0.0,0.0,0.0,43
1,[],12,[],2019-03-13 09:13:29,1112112.0,0.00000001,0.000000000000386531,6919902,2019-03-13 09:13:29,btc,29058.00478931866,0.0,0.00000001,btc,5967681.93306694,9.99000999e-07,0.01112112,43
1,[],12,[],2019-03-05 01:54:08,639326.02,0.00000004,0.000000000001486676,6845775,2019-03-05 01:54:08,btc,11116042.728239931,0.0,0.00000004,btc,1103841.4595604,0.0003330765234764,0.014975410599999999,44
1,[],4,[],2019-03-14 17:30:29,298330204.9096826,0.00000002,0.000000000000775748,6930498,2019-03-14 17:30:29,btc,941.2378674782719,0.0,0.00000002,"btc,ltc",16917871.14083951,0.00026344,0.27736775565202737,49
0.0000000001443037,[],4,[],2019-03-14 17:30:30,259288824.8073521,1.443037e-18,5.59716533338e-23,6930499,2019-03-14 17:30:30,ltc,25.90165468158163,0.0,0.00000001,ltc,10024567500.036127,0.0,3.74163367883527e-10,52
0,[],22,[],2019-03-14 17:30:39,0.0,0,0,6930500,2019-03-14 17:30:39,,4428.70035091,0.0,0,,311591651.5359664,0.0,0.0,57
0.00000000034075710000000003,[],27,[],2019-03-14 17:30:42,2000.0,3.407571e-18,1.321708194054e-22,6930501,2019-03-14 17:30:42,eth,0.0,0.0,0.00000001,"btc,eth",0.0,0.0,6.815142e-15,57
0.0000000001443037,[],4,[],2019-03-14 17:30:44,462020615.71995366,2.886074e-18,1.119433066676e-22,6930502,2019-03-14 17:30:44,ltc,18.65741667333957,0.0,0.00000002,ltc,4761845887.501402,0.0,6.876526535436498e-10,58
1,[],12,[],2019-03-14 17:30:45,1307904873.0,0.0000000003,0.000000000000011636219999999999,6930503,2019-03-14 17:30:45,btc,4023104.0147785163,0.0,0.0000000003,btc,1617276730.7602396,0.001389657693206808,0.309213456,58
0,[],17,[],2019-03-14 17:30:48,0.0,0,0,6930504,2019-03-14 17:30:48,btc,1e+24,0.0,0,btc,49226522.0897055,0.0,0.0,58
0.0000000001281784,[],22,[],2019-03-14 17:31:04,137438.0,1.2817840000000001e-18,4.97170687216e-23,6930505,2019-03-14 17:31:04,XMR,69.1795942,0.0,0.00000001,XMR,9887963.0,0.0,0.00137438,58
1,[],5,[],2019-03-14 17:31:07,0.0,0,0,6930506,2019-03-14 17:31:07,btc,0.0,0.03991373,0,btc,0.0,0.0,0.0,61
1,[],22,[],2019-03-14 17:31:20,13757.0,0.00000012,0.000000000004654488,6930507,2019-03-14 17:31:20,BTC,1002.2960049,0.0,0.00000012,BTC,14976.68361146909,0.0,0.00154987,61
1,[],26,[],2019-03-14 17:31:20,0.0,0,0,6930508,2019-03-14 17:31:20,,0.0,0.0,0,,0.0,0.0,0.0,61
1,[],27,[],2019-03-14 17:31:23,4411.22008,0.00000047,0.000000000018230077999999998,6930509,2019-03-14 17:31:23,btc,2.8846615703141323,0.0,0.00000047,"btc,eth",19452.59257617,0.0,0.0012437599594661705,61
1,[],28,[],2019-03-14 17:31:30,13880.304,0.0000005,0.0000000000193937,6930510,2019-03-14 17:31:30,btc,2.056312978300105,780.0,0.0000005,btc,9730.59500005,0.0,0.00566391304,61
1,[],4,[],2019-03-14 17:31:31,1492036.41807531,0.00000211,0.000000000081841414,6930511,2019-03-14 17:31:31,btc,9.60444095601333,0.0,0.00000211,btc,809399.20725519,0.18884898,1.4046105522851242,67
0.0,[],25,[],2019-03-14 17:31:33,0.0,0,0,6930512,2019-03-14 17:31:33,,0.0,0.0,0.0,btc,0.0,0.0,0.0,67
1,[],12,[],2019-03-14 17:31:35,2880980.3217161503,0.00000012,0.000000000004654487999999999,6930513,2019-03-14 17:31:35,btc,1111115.1576944927,0.0,0.00000012,btc,916909.14964858,0.0056024849495229,0.1444259441918169,71
,[],5,[],2018-11-20 23:02:39,1.5e-07,0.00000005,0.000000000002128045,4862160,2018-11-20 23:02:39,btc,2.84511358,0.0,,btc,0.00036572,0.0,0.07381892,74
1,[],5,[],2019-03-14 17:31:36,0.0,0,0,6930514,2019-03-14 17:31:36,btc,0.0,0.0,0,btc,0.0,0.0,0.0,75
1,[],4,[],2019-03-14 17:31:38,13407008.89224166,0.00000001,0.000000000000387874,6930515,2019-03-14 17:31:38,btc,11370.022068656366,0.0,0.00000001,btc,39949505.59932191,0.00036,0.1340700889224166,81
0,[],20,[],2019-01-25 09:30:31,0.0,0,0,6495923,2019-01-25 09:30:31,btc,0.0,0.0,0,btc,0.0,0.0,0.0,81
1,[],4,[],2019-03-14 17:31:40,24781.472628,0.00007436,0.000000002884231064,6930516,2019-03-14 17:31:40,btc,18.15932362091147,0.0,0.00007436,btc,12783.81263441,0.01562035,0.1577294994094811,82
1,[],21,[],2019-03-14 17:31:41,921201.19671078,0.00007631000000000000629829521870,0.000000002959866494,6930517,2019-03-14 17:31:41,btc,2.847689524799232,4524.63229638,0.0000763100000000000062982952186985130538232624530792236328125,btc,32638.74550587,0.34564232,3.8330749365157506,82
0,[],17,[],2019-03-14 17:31:44,0.0,0,0,6930518,2019-03-14 17:31:44,btc,0.0447233088476774,0.0,0,btc,999127.19588126,0.0,0.0,84
0.0000000001443037,[],4,[],2019-03-14 17:31:45,170264465.7835764,4.329111e-18,1.6791496000139999e-22,6930519,2019-03-14 17:31:45,ltc,1.6763338715202551,0.0,0.00000003,ltc,387290107.1709562,0.0003984,3.652057199596821e-10,85
,[],22,[],2018-11-20 23:09:34,3408.1,0.0000001,0.0000000000041895,4862324,2018-11-20 23:09:34,BTC,0.04624735,0.0,,BTC,4990.0,0.0,0.00033081,86
1,[],22,[],2019-03-14 17:31:55,110870.0,0.00000005,0.00000000000193937,6930520,2019-03-14 17:31:55,BTC,2.07858175,0.0,0.00000005,BTC,170145.94736842104,0.0,0.0017035,87
1,[],27,[],2019-03-14 17:31:57,55.0,0.00000001,0.000000000000387874,6930521,2019-03-14 17:31:57,btc,6.990243028036,0.0,0.00000001,btc,7031.67341,0.0,5.5e-07,87
,[],2,[],2018-11-20 23:10:47,0.0,0,0,4862359,2018-11-20 23:10:47,,0.0,0.0,,,0.0,0.0,0.0,88
1,[],11,[],2019-03-14 17:32:00,94321.04223662,0.00014589000000000000079915241091299549225368537008762359619140625,0.000000005658693786,6930522,2019-03-14 17:32:00,btc,611.7713670838315,174.7,0.00014589000000000000079915241091299549225368537008762359619140625,btc,99391.6204018,0.0,6.463602719060604,89
0,[],2,[],2019-01-20 23:31:45,0.0,0,0,6477083,2019-01-20 23:31:45,,0.0,0.0,0,,0.0,0.0,0.0,91
1,[],12,[],2019-03-14 17:12:40,255471.13379921,0.00000086,0.000000000033336266,6930331,2019-03-14 17:12:40,btc,61.0116050111887,0.0,0.00000086,btc,115751.39088573,0.0090673665454,0.042460382899987,91
1,[],22,[],2019-03-14 17:13:13,65900.0,0.00000001,0.000000000000387631,6930332,2019-03-14 17:13:13,BTC,3e-06,0.0,0.00000001,BTC,1.0,0.0,0.000659,91
0,[],17,[],2019-03-14 16:46:09,0.0,0,0,6930137,2019-03-14 16:46:09,btc,0.0,0.0,0,btc,0.0,0.0,0.0,91
0.0000000001443037,[],22,[],2019-03-14 17:32:12,52834053.0,1.443037e-18,5.59716533338e-23,6930523,2019-03-14 17:32:12,LTC,3.31498785,0.0,0.00000001,LTC,37200566.889473684,0.0,0.52834053,95
0.0000000001443037,[],4,[],2019-03-14 17:32:13,633307302.1406622,7.5037924e-17,2.9105259733576e-21,6930524,2019-03-14 17:32:13,ltc,11.889285556285145,0.0,0.00000052,ltc,136158297.0880396,0.00019392,1.543432392781341e-09,96
0,[],12,[],2019-03-14 17:32:15,0.0,0,0,6930525,2019-03-14 17:32:15,btc,10.665970526643356,0.0,0,btc,3189615.66433565,1.298701299e-07,0.0,96
0,[],17,[],2019-03-14 17:32:26,0.0,0,0,6930526,2019-03-14 17:32:26,btc,0.0,0.0,0,btc,0.0,0.0,0.0,96
1,[],4,[],2019-03-12 10:13:14,2544101.88493427,0.00000025,0.0000000000097174,6911574,2019-03-12 10:13:14,btc,2.5031007307816195,0.0,0.00000025,btc,2555984.39269018,0.04718357,0.3381776086135513,99
1,[],4,[],2019-03-14 17:32:27,312517.13628699,0.00003602,0.000000001397122148,6930527,2019-03-14 17:32:27,btc,12.395444031109673,0.0,0.00003602,btc,193932.77351778,3.07643281,2.4215445940302662,100
0,[],2,[],2019-01-20 23:23:55,0.0,0,0,6476914,2019-01-20 23:23:55,,0.0,0.0,0,,0.0,0.0,0.0,100
1,[],22,[],2019-03-14 17:32:41,120000.0,0.00000002,0.000000000000775748,6930528,2019-03-14 17:32:41,BTC,24.82891609,0.0,0.00000002,BTC,11877.22,0.0,0.0014,101
1,[],4,[],2019-03-14 17:32:43,455075.08355709,0.00000075,0.000000000029090549999999997,6930529,2019-03-14 17:32:43,btc,308.09259944009534,0.0,0.00000075,btc,518003.93842906,0.00346434,0.2263567899017161,103
1,[],12,[],2019-03-14 17:32:46,31459850.941473,0.000000008,0.0000000000003102992,6930530,2019-03-14 17:32:46,btc,3219150.4680293603,0.0,0.000000008,btc,79328646.38665621,0.00310743583075936,0.051298759531784005,105
1,[],27,[],2019-03-14 17:32:48,294987.0,0.00000001,0.000000000000387874,6930531,2019-03-14 17:32:48,btc,36.60958327597041,5012.61,0.00000001,btc,1423539.93761724,5.013e-05,0.00294987,105
1,[],22,[],2019-03-14 17:33:11,9328.0,0.00000001,0.000000000000387874,6930532,2019-03-14 17:33:11,BTC,51.10837004,0.0,0.00000001,BTC,470435.0,0.0,9.328e-05,107
1,[],26,[],2019-03-14 17:33:11,0.0,0.00000000,0,6930533,2019-03-14 17:33:11,btc,0.0,0.0,0.00000000,btc,0.0,0.0,0.0,107
1,[],5,[],2019-03-14 17:33:14,0.0,0,0,6930534,2019-03-14 17:33:14,btc,0.0,0.02431805,0,btc,0.0,0.0,0.0,112
1,[],22,[],2019-03-14 17:33:37,1966.0,0.00000001,0.000000000000387874,6930535,2019-03-14 17:33:37,BTC,2.7975128,0.0,0.00000001,BTC,826524.0833333334,0.0,1.966e-05,112
0.00000000034075710000000003,[],27,[],2019-03-14 17:33:40,2000.0,3.407571e-18,1.321708194054e-22,6930536,2019-03-14 17:33:40,eth,1.24996908,0.0,0.00000001,"btc,eth",1289.0,0.0,6.815142e-15,112
1,[],4,[],2019-03-14 17:33:42,1293760.52576117,0.00000190,0.00000000007369606,6930537,2019-03-14 17:33:42,btc,4.99314876171077,0.0,0.00000190,btc,378259.71964018,0.02092108,0.9861903371997234,113
1,[],5,[],2019-03-14 17:33:43,0.0,0,0,6930538,2019-03-14 17:33:43,btc,0.0,8.2e-06,0,btc,0.0,0.0,0.0,113
1,[],17,[],2019-03-13 20:25:14,152738.278,0.00000004,0.0000000000015450360000000002,6923601,2019-03-13 20:25:14,btc,1.3368030274703833,0.0,0.00000004,btc,51896.221,0.0,0.0022095311199999998,116
0,[],27,[],2019-03-13 20:25:16,0.0,0,0,6923602,2019-03-13 20:25:16,,0.0,0.0,0,btc,0.0,0.0,0.0,116
1,[],4,[],2019-03-14 17:33:44,85206.27730262,0.00004018,0.0000000015584777319999999,6930539,2019-03-14 17:33:44,btc,85.04370108762994,0.0,0.00004018,btc,32455.20911288,0.4039016,1.6701366107403115,120
1,[],7,[],2019-03-14 17:33:46,21065.98910332,0.0000288300000000000001035803387505751516073360107839107513427734375,0.000000001118240742,6930540,2019-03-14 17:33:46,btc,115653.17461850483,12.97148638,0.0000288300000000000001035803387505751516073360107839107513427734375,btc,33078.53235877,0.00046082,0.0552765460273635,120
1,[],20,[],2019-03-14 17:33:50,1617846.3388,0.000000034,0.0000000000013187716,6930541,2019-03-14 17:33:50,btc,32.2519317846648,2.0,0.000000034,btc,1028083.5986,6.8e-08,0.0136921099046,125
1,[],22,[],2019-03-14 17:34:03,3053.0,0.00000001,0.000000000000387874,6930542,2019-03-14 17:34:03,BTC,0.01444887,0.0,0.00000001,BTC,296263.5111111111,0.0,3.053e-05,126
1,[],4,[],2019-03-14 17:34:04,135024.18831575,0.00001185,0.00000000045963068999999997,6930543,2019-03-14 17:34:04,btc,3.4740548917726266,0.0,0.00001185,btc,123227.54072091,0.1319076,0.5003134252454102,131
0,[],2,[],2019-01-20 23:25:46,0.0,0,0,6476969,2019-01-20 23:25:46,,0.0,0.0,0,,0.0,0.0,0.0,131
0,[],17,[],2019-03-14 17:14:46,0.0,0,0,6930352,2019-03-14 17:14:46,btc,0.0009561751951600001,0.0,0,btc,35.42829368,0.0,0.0,131
1,[],4,[],2019-03-14 17:34:07,4613.98008505,0.00017471,0.000000006776546654,6930544,2019-03-14 17:34:07,btc,1.6101386098615853,0.0,0.00017471,btc,204.67722116,0.00011999,0.0182354281575221,135
1,[],3,[],2019-03-07 00:20:44,877702.73244099,0.00000004,0.00000000000154846,6863392,2019-03-07 00:20:44,btc,0.119366241821405,0.0,0.00000004,btc,760637.99421222,0.0,0.023771231960604298,136
1,[],4,[],2019-03-14 17:36:07,536979.63214987,0.00000135,0.00000000005236299,6930545,2019-03-14 17:36:07,btc,38.62728018733758,0.0,0.00000135,btc,543350.76073163,0.01382987,0.1199613461988979,137
1,[],12,[],2019-03-14 17:36:08,187522.99999999,0.000001349999999999999991849510168340220417348973569460213184356689453125,0.000000000052362989999999995,6930546,2019-03-14 17:36:08,btc,5.0506463758518425,0.0,0.000001349999999999999991849510168340220417348973569460213184356689453125,btc,5742.97292841,2.90925075e-05,0.0067446299999954,137
1,[],4,[],2019-03-14 17:36:10,8200.9827442,0.00003605,0.00000000139828577,6930547,2019-03-14 17:36:10,btc,28.45174943672241,0.0,0.00003605,btc,49393.87215288,0.22826633,0.1432901322720547,142
1,[],5,[],2019-03-14 17:36:12,0.0,0,0,6930548,2019-03-14 17:36:12,btc,0.0,0.33576467,0,btc,0.0,0.0,0.0,142
1,[],17,[],2019-03-14 17:36:16,22967.386363640002,0.00000088,0.000000000034132912000000003,6930549,2019-03-14 17:36:16,btc,20.0699133484,0.0,0.00000088,btc,405.079105,0.0,0.0104613000000032,142
1,[],20,[],2019-03-14 17:36:18,153107.893,0.00003002,0.000000001164397748,6930550,2019-03-14 17:36:18,btc,0.3369654547652,19.234,0.00003002,btc,2263.1971,0.000577117289,0.3109785725641,142
1,[],22,[],2019-03-14 17:36:27,1470.2803921568627,0.00001020,0.00000000039563148,6930551,2019-03-14 17:36:27,BTC,3.0054103,0.0,0.00001020,BTC,910.5995,0.0,0.00121106,142
0.0,[],25,[],2019-03-14 17:36:29,0.0,0,0,6930552,2019-03-14 17:36:29,,0.0,0.0,0.0,btc,0.0,0.0,0.0,142
1,[],28,[],2019-03-14 17:36:36,76600.0,0.00002270,0.00000000088047398,6930553,2019-03-14 17:36:36,btc,0.067100461059305,864.0,0.00002270,btc,552.61077999,0.0,0.0154572,142
0,[],22,[],2019-03-14 17:36:42,0.0,0,0,6930554,2019-03-14 17:36:42,,65.83990167,0.0,0,,1043231670.8,0.0,0.0,143
0,[],22,[],2019-02-25 15:42:22,0.0,0,0,6783783,2019-02-25 15:42:22,,4.2131946,0.0,0,,2322156.0,0.0,0.0,146
,[],22,[],2018-11-20 23:01:11,0.0,0,0,4862114,2018-11-20 23:01:11,,2.56807021,0.0,,,61828.4988236,0.0,0.0,147
1,[],12,[],2019-03-14 17:36:43,343414.08470244,0.00000176000000000000008976326626441988310034503228962421417236328125,0.00000000006826582400000001,6930555,2019-03-14 17:36:43,btc,7.933027004692207,0.0,0.00000176000000000000008976326626441988310034503228962421417236328125,btc,101722.33942272,0.0,0.07631507999989409,148
1,[],4,[],2019-03-14 17:36:45,222525.06639398,0.00000029,0.000000000011248346,6930556,2019-03-14 17:36:45,btc,218.95004326989778,0.0,0.00000029,btc,802317.16441471,0.01402441,0.051592119113927,152
0,[],22,[],2019-03-14 17:36:50,0.0,0,0,6930557,2019-03-14 17:36:50,,0.0,0.0,0,,0.0,0.0,0.0,152
1,[],5,[],2019-03-14 17:36:52,0.0,0,0,6930558,2019-03-14 17:36:52,btc,0.0,0.0,0,btc,0.0,0.0,0.0,153
,[],16,[],2019-01-11 15:38:59,0.0,0,0,6366141,2019-01-11 15:38:59,btc,0.0,0.0,,btc,0.0,0.0,0.0,155
0,[],22,[],2019-03-14 17:36:59,0.0,0,0,6930559,2019-03-14 17:36:59,,6.7463775,0.0,0,,4673391.242592593,0.0,0.0,156
0,[],23,[],2019-01-20 23:24:29,0.0,0,0,6476932,2019-01-20 23:24:29,,0.0,0.0,0,,0.0,0.0,0.0,156
1,[],22,[],2019-03-14 17:37:08,7073.8,0.00005300,0.0000000020557321999999998,6930560,2019-03-14 17:37:08,BTC,1.79802465,0.0,0.00005300,BTC,802.6461988741639,0.0,0.00104336,157
0,[],22,[],2019-03-14 17:37:16,0.0,0,0,6930561,2019-03-14 17:37:16,,50175.67608608,0.0,0,,54079135.04179466,0.0,0.0,158
,[],17,[],2018-11-20 22:56:10,0.0,0,0,4861976,2018-11-20 22:56:10,btc,1.1265625,0.0,,btc,1000.0,0.0,0.0,159
,[],20,[],2018-11-20 22:56:12,0.0,0,0,4861977,2018-11-20 22:56:12,btc,11912.7940471,0.0,,btc,34413894.3617,0.0,0.0,159
1,[],12,[],2019-03-14 17:37:17,258358.34093275,0.000007240000000000000138244450609281699371422291733324527740478515625,0.000000000280820776,6930562,2019-03-14 17:37:17,btc,1.5572173720033056,0.0,0.000007240000000000000138244450609281699371422291733324527740478515625,btc,7987.19702514,0.0150025961446803,0.0946946564912953,168
1,[],17,[],2019-03-14 17:37:19,29784.95,0.000001,0.000000000038787399999999994,6930563,2019-03-14 17:37:19,btc,0.03026736251542,0.0,0.000001,btc,144.46171372,0.0,0.00716147,168
0,[],22,[],2019-03-14 17:37:31,0.0,0,0,6930564,2019-03-14 17:37:31,,1.13364782,0.0,0,,524897.174707144,0.0,0.0,169
1,[],22,[],2019-03-14 17:37:47,195281.875,0.00000008,0.000000000003102992,6930565,2019-03-14 17:37:47,BTC,14.35180468,0.0,0.00000008,BTC,159093.5516531956,0.00110967,0.00200335,171
1,[],22,[],2019-03-14 17:38:07,724113.3333333334,0.00000007,0.000000000002715118,6930566,2019-03-14 17:38:07,BTC,1.92944954,0.0,0.00000007,"BTC,LTC",349845.56955956423,0.00180489,0.02292056,173
1,[],5,[],2019-03-05 01:59:40,0.0,0,0,6845846,2019-03-05 01:59:40,btc,0.0,0.00384852,0,btc,0.0,0.0,0.0,175
1,[],22,[],2019-03-14 17:38:19,35500.0,0.00000012,0.000000000004654488,6930567,2019-03-14 17:38:19,BTC,0.54559973,0.0,0.00000012,BTC,137776.41444619838,0.0,0.00206,176
1,[],7,[],2019-03-14 17:38:23,0.0,0,0,6930568,2019-03-14 17:38:23,btc,410194.6630037904,28849.1508491,0,btc,112765602.04328883,0.00028849,0.0,178
0,[],22,[],2019-03-14 17:38:31,0.0,0,0,6930569,2019-03-14 17:38:31,,1.00242438,0.0,0,,57522.0,0.0,0.0,178
0,[],2,[],2019-01-20 23:28:34,0.0,0,0,6477001,2019-01-20 23:28:34,,0.0,0.0,0,,0.0,0.0,0.0,178
1,[],5,[],2019-03-14 17:38:33,0.0,0,0,6930570,2019-03-14 17:38:33,btc,0.0,0.06214924,0,btc,0.0,0.0,0.0,179
1,[],22,[],2019-03-14 17:38:45,6867106.0,0.00000002,0.000000000000775748,6930571,2019-03-14 17:38:45,BTC,5.63100652,0.0,0.00000002,"BTC,LTC",17355770.756535422,0.0,0.37228284,179
0,[],23,[],2019-01-20 23:25:08,0.0,0,0,6476952,2019-01-20 23:25:08,,0.0,0.0,0,,0.0,0.0,0.0,179
1,[],17,[],2019-03-14 17:38:47,10504.725,0.0000001,0.00000000000387874,6930572,2019-03-14 17:38:47,btc,5.20106958384375,0.0,0.0000001,btc,5033.45945,0.0,0.0010504725,180
1,[],22,[],2019-03-14 17:39:06,665006.0130909091,0.00000125,0.00000000004848425,6930573,2019-03-14 17:39:06,BTC,0.23491135,0.0,0.00000125,"BTC,LTC",73146.91688416793,0.00123011,0.57001711,180
1,[],26,[],2019-03-14 17:39:06,0.0,0.00000125,0.00000000004848425,6930574,2019-03-14 17:39:06,btc,0.0,25.0,0.00000125,btc,0.0,0.0,0.0,180
,[],7,[],2018-11-20 22:58:01,562227.975654,0.00000085,0.000000000036176765,4862015,2018-11-20 22:58:01,btc,21836.6059674,2491.87645172,,btc,749999.041456,0.00211021,0.127565380455,183
,[],5,[],2019-01-10 08:11:41,0.0,0,0,6347036,2019-01-10 08:11:41,btc,82.15055501,0.00261,,btc,1.19002445,0.0,0.0,187
1,[],24,[],2019-03-14 17:39:07,0.0,0.000000000001,3.87874e-17,6930575,2019-03-14 17:39:07,btc,0.0,0.0,0.000000000001,btc,0.0,0.0,0.0,187
,[],17,[],2018-11-16 20:58:10,4062536.27273,0.00000001,0.000000000000550501,4708775,2018-11-16 20:58:10,btc,3.36492563466,0.195460381006,,"btc,eth",110697919.549,0.0,0.0157628953496,187
0,[],22,[],2019-03-14 17:39:24,0.0,0,0,6930576,2019-03-14 17:39:24,,7.54797454,0.0,0,,79361.7243344055,0.0,0.0,191
0,[],22,[],2019-03-14 17:41:10,0.0,0,0,6930577,2019-03-14 17:41:10,,0.0,0.0,0,,0.0,0.0,0.0,197
0,[],23,[],2019-01-20 23:31:41,0.0,0,0,6477079,2019-01-20 23:31:41,,0.0,0.0,0,,0.0,0.0,0.0,199
0,[],22,[],2019-03-14 17:41:19,0.0,0,0,6930578,2019-03-14 17:41:19,,5.19581047,0.0,0,,21561978.0,0.0,0.0,199
1,[],26,[],2019-03-14 17:41:19,0.0,0.00000000,0,6930579,2019-03-14 17:41:19,btc,0.0,127836.0,0.00000000,btc,0.0,0.0,0.0,199
0,[],17,[],2019-01-30 16:32:01,0.0,0,0,6540827,2019-01-30 16:32:01,btc,6.802544163788159,0.0,0,btc,105897.55575295,0.0,0.0,200
0,[],2,[],2019-01-20 23:30:49,0.0,0,0,6477059,2019-01-20 23:30:49,,0.0,0.0,0,,0.0,0.0,0.0,201
1,[],4,[],2019-01-25 15:51:35,2084389.58565343,0.00000936,0.000000000333526752,6499557,2019-01-25 15:51:35,btc,2.0092503037378524,0.0,0.00000936,btc,160195.80207885,0.19272417,1.242687955921835,211
1,[],7,[],2019-03-14 17:41:23,5404642.79960059,0.000001039999999999999995289683661636725986454621306620538234710693359375,0.000000000040338895999999996,6930580,2019-03-14 17:41:23,btc,15476654.57047477,414617.668424,0.000001039999999999999995289683661636725986454621306620538234710693359375,btc,13352350.81207209,0.0,2.8494442231605057,212
1,[],12,[],2019-01-25 02:44:32,207462.42853209,0.000001080000000000000035831255497387193287295303889550268650054931640625,0.000000000038610756000000006,6493050,2019-01-25 02:44:32,btc,85023.03793723314,0.0,0.000001080000000000000035831255497387193287295303889550268650054931640625,btc,43675.73520027,0.000146250909087,0.0348620860622024,213
1,[],5,[],2019-03-14 17:42:23,0.0,0,0,6930581,2019-03-14 17:42:23,btc,0.0,0.15275967,0,btc,0.0,0.0,0.0,213
1,[],24,[],2019-03-14 17:42:23,0.0,0.000000220000,0.000000000008533228,6930582,2019-03-14 17:42:23,btc,0.0,0.0,0.000000220000,btc,0.0,0.0,0.0,213
1,[],26,[],2019-03-14 17:42:23,0.0,0.00000010,0.00000000000387874,6930583,2019-03-14 17:42:23,btc,0.0,0.0,0.00000010,btc,0.0,0.0,0.0,213
1,[],22,[],2019-03-14 17:42:36,25000.0,0.00000001,0.000000000000387874,6930584,2019-03-14 17:42:36,BTC,2.2910283,0.0,0.00000001,BTC,748106.3963726171,0.00049,0.00025,216
1,[],27,[],2019-03-14 17:42:39,1298122.0,0.00000003,0.000000000001163622,6930585,2019-03-14 17:42:39,btc,317.9808126547724,0.0,0.00000003,"btc,ltc",240753.990324,0.0,0.03375764000025975,216
1,[],22,[],2019-03-14 17:42:52,162111.11184210525,0.00000154,0.000000000059732596,6930586,2019-03-14 17:42:52,BTC,12543.58271213,0.0,0.00000154,BTC,423873.814175613,0.00159505,0.16831322,217
1,[],7,[],2019-03-14 17:42:54,0.0,0,0,6930587,2019-03-14 17:42:54,btc,77971.81410323446,1000.0,0,btc,135962412.7426053,1e-05,0.0,219
0,[],27,[],2019-03-14 17:42:56,0.0,0,0,6930588,2019-03-14 17:42:56,,0.0404796,0.0,0,btc,2057905.0,0.0,0.0,219
0.0000000000000052,[],28,[],2019-03-14 17:42:58,171578396.705,9.1026e-18,3.5306618723999997e-22,6930589,2019-03-14 17:42:58,doge,96468.2108421225,14199.0,0.00175050,"btc,doge",5214491.80521,0.0,2.493544688178804e-11,219
1,[],22,[],2019-03-14 17:43:13,406759.0,0.00000008,0.000000000003102992,6930590,2019-03-14 17:43:13,BTC,18.1062752,0.0,0.00000008,BTC,102443.54541875875,0.0,0.01939217,221
1,[],24,[],2019-03-14 17:43:14,0.0,0.000000200000,0.00000000000775748,6930591,2019-03-14 17:43:14,btc,0.0,0.0,0.000000200000,btc,0.0,0.0,0.0,221
1,[],20,[],2019-03-14 17:43:16,39155329.5253,0.000000003,0.0000000000001163622,6930592,2019-03-14 17:43:16,btc,49.4027334016479,243061.8677,0.000000003,btc,15616165.7128,0.001295933757,0.0392553295253,224
0,[],22,[],2019-03-14 17:43:25,0.0,0,0,6930593,2019-03-14 17:43:25,,0.0,0.0,0,,0.0,0.0,0.0,224
1,[],26,[],2019-03-14 17:43:25,0.0,0.00000035,0.00000000001357559,6930594,2019-03-14 17:43:25,btc,0.0,0.0,0.00000035,btc,0.0,0.0,0.0,231
1,[],26,[],2019-03-14 17:43:25,0.0,0.00000005,0.00000000000193937,6930595,2019-03-14 17:43:25,btc,0.0,0.0,0.00000005,btc,0.0,0.0,0.0,234
0.00000000034075710000000003,[],27,[],2019-03-14 17:43:27,2000.0,3.407571e-18,1.321708194054e-22,6930596,2019-03-14 17:43:27,eth,0.01134836604,0.0,0.00000001,"btc,eth",11462.996,0.0,6.815142e-15,234
1,[],4,[],2019-03-14 17:43:29,851496.97640098,0.00000076,0.000000000029478424,6930597,2019-03-14 17:43:29,btc,4.2498510126233136,0.0,0.00000076,btc,1223581.9691604,0.07142232,0.2449881501302212,236
1,[],24,[],2019-03-14 17:43:29,0.0,0.000000500000,0.0000000000193937,6930598,2019-03-14 17:43:29,btc,0.0,0.0,0.000000500000,btc,0.0,0.0,0.0,236
1,[],20,[],2019-03-14 17:43:31,230370714.8088,0.000000041,0.0000000000015902834,6930599,2019-03-14 17:43:31,btc,10.5609799370573,2375037.1133,0.000000041,btc,32659804.2385,0.1080157799769,0.5248738987854,237
0.0000000001443037,[],22,[],2019-03-14 17:43:47,751594.9,2.4531629e-17,9.515181066746e-22,6930600,2019-03-14 17:43:47,LTC,1.2021423,0.0,0.00000017,LTC,14198.0,0.0,0.12541949,237
1,[],4,[],2019-03-14 17:43:49,7014157.1865035,0.00000033,0.000000000012799842,6930601,2019-03-14 17:43:49,btc,6.209299682785571,0.0,0.00000033,btc,10423823.14574609,0.17342511,1.645650645933897,238
1,[],5,[],2019-03-14 17:43:58,0.0,0,0,6930602,2019-03-14 17:43:58,btc,0.0,0.01572827,0,btc,0.0,0.0,0.0,238
0,[],22,[],2019-03-12 16:49:32,0.0,0,0,6914458,2019-03-12 16:49:32,,0.40415746,0.0,0,,526736.5639027493,0.0,0.0,249
0.0000000001443037,[],22,[],2019-03-14 17:44:25,47135735.916666664,5.772148e-18,2.238866133352e-22,6930603,2019-03-14 17:44:25,LTC,0.93019708,0.0,0.00000004,LTC,18228659.353636365,8.781352018099e-12,1.10356554,252
1,[],28,[],2019-03-14 17:44:32,1931579.917,0.00000059,0.000000000022884566,6930604,2019-03-14 17:44:32,btc,164780.3693416085,297892.7,0.00000059,btc,354517.836,0.0,0.5080319301,256
1,[],22,[],2019-03-14 17:44:50,1335610.3333333333,0.00000003,0.000000000001163622,6930605,2019-03-14 17:44:50,BTC,31.44660227,0.0,0.00000003,BTC,585817.8568978057,0.00020121,0.01900123,258
1,[],22,[],2019-03-13 00:07:30,47146.0,0.00000001,0.000000000000387233,6917028,2019-03-13 00:07:30,BTC,2.415167,0.0,0.00000001,BTC,157.0,0.0,0.00047146,259
1,[],5,[],2019-03-14 17:45:02,0.0,0,0,6930606,2019-03-14 17:45:02,btc,0.0,0.32162345,0,btc,0.0,0.0,0.0,264
1,[],20,[],2019-03-14 17:45:04,1247660.0996,0.0000015,0.000000000058181099999999995,6930607,2019-03-14 17:45:04,btc,7.1866200763283,70616.8428,0.0000015,btc,99778.3571,0.1537029579644,0.0210786819012,264
0,[],22,[],2019-03-14 17:45:15,0.0,0,0,6930608,2019-03-14 17:45:15,,8.75669439,0.0,0,,483745.2241309945,0.0,0.0,271
0,[],22,[],2019-03-14 17:45:24,0.0,0,0,6930609,2019-03-14 17:45:24,,111821.04152134,0.0,0,,13992847597.692,0.0,0.0,272
0.0000000000000052,[],28,[],2019-03-14 17:45:30,190914356712.905,4.16e-21,1.61355584e-25,6930610,2019-03-14 17:45:30,doge,147666882.2567421,24617597543.8703,0.0000008,doge,244691389521.1349,0.0,4.704008139432298e-10,272
1,[],22,[],2019-03-14 17:45:48,142046.78,0.00000053,0.000000000020557322,6930611,2019-03-14 17:45:48,BTC,383.70810851,0.0,0.00000053,"BTC,LTC",81279.72782823781,0.0737081,0.04763293,281
1,[],22,[],2019-03-14 17:46:02,474477.8068181818,0.00000011,0.000000000004266614,6930612,2019-03-14 17:46:02,BTC,1.28558832,0.0,0.00000011,BTC,240309.51415024497,0.00030227,0.03389319,286
0,[],22,[],2019-03-14 17:24:07,0.0,0,0,6930420,2019-03-14 17:24:07,,1044638.82491154,0.0,0,,702225997.0,0.0,0.0,294
