pairValue,buyBook,exchangeId,sellBook,updated,buyTotal,satoshiPrice,usdPrice,exchangeLogId,created,bestPair,sellTotalBtc,volume,pairPrice,activePairs,sellTotal,volumeBtc,buyTotalBtc,coinId
1,[],3,[],2019-02-04 13:45:20,110.768596031721,0.01222222000000000065311756003438858897425234317779541015625,0.00000042165436778000006,6580824,2019-02-04 13:45:20,btc,107.0871665044612,0.54072584,0.01222222000000000065311756003438858897425234317779541015625,btc,23.828097650772,0.0,0.2654405205520361,1
1,[],4,[],2019-02-04 13:45:21,25076.93288613,0.01232430,0.0000004251760257,6580825,2019-02-04 13:45:21,btc,1.103099345791767,0.0,0.01232430,btc,85.63301354,0.23096661,1.2145819075711588,1
1,[],5,[],2019-02-04 13:45:23,0.20941781,0.01220158,0.00000042094230842000003,6580826,2019-02-04 13:45:23,btc,14578.31560833,0.64227403,0.01220158,btc,35555556.13706556,0.0,1.55297403,1
1,[],10,[],2019-02-04 13:45:25,272818.96277728,0.01218399,0.00000042033547101,6580827,2019-02-04 13:45:25,btc,6533.470415161329,1806.06707054,0.01218399,btc,1056.9262847,0.0,4.930980479320406,1
1,[],12,[],2019-02-04 13:45:28,10426.99857605,0.01230000000000000016930901125533637241460382938385009765625,0.0000004243377,6580828,2019-02-04 13:45:28,btc,0.5080309488153,0.0,0.01230000000000000016930901125533637241460382938385009765625,btc,34.61817112,0.258851616562,0.2339024193226,1
1,[],20,[],2019-02-04 13:45:30,1149.1772,0.01200001,0.00000041398834499000003,6580829,2019-02-04 13:45:30,btc,0.0566246204203,0.0354,0.01200001,btc,2.488,0.000424800354,0.0843085388377,1
1,[],21,[],2019-02-04 13:45:31,2739.5676639,0.01222164000000000062817751001,0.00000042163435836000004,6580830,2019-02-04 13:45:31,btc,21.08616142920906,2149.04956222,0.01222164000000000062817751000920907245017588138580322265625,"btc,eth",2322.88845018,21.803698987447614,24.741860816199665,1
1,[],22,[],2019-02-04 13:45:58,0.0263776,0.01350000,0.0000004657365,6580831,2019-02-04 13:45:58,BTC,0.31397231,0.0,0.01350000,BTC,0.10124366666666666,0.0,0.00034472,1
1,[],24,[],2019-02-04 13:45:58,0.0,0.000000000000,0,6580832,2019-02-04 13:45:58,btc,0.0,0.0,0.000000000000,btc,0.0,0.0,0.0,1
0.0,[],25,[],2019-02-04 13:45:59,0.0,0,0,6580833,2019-02-04 13:45:59,btc,12.60339999785388,1538.89021242,0.0,btc,973.91283636,19.15,0.0,1
1,[],26,[],2019-02-04 13:46:09,0.0,0,0,6580834,2019-02-04 13:46:09,,0.0,0.0,0,,0.0,0.0,0.0,1
1,[],28,[],2019-02-04 13:46:15,987.9,0.01131000,0.00000039018369,6580835,2019-02-04 13:46:15,btc,0.162839806,17971.45,0.01131000,btc,8.9,0.0,0.024551096,1
0,[],2,[],2019-01-20 23:28:45,0.0,0,0,6477011,2019-01-20 23:28:45,,0.0,0.0,0,,0.0,0.0,0.0,1
1,[],5,[],2019-02-04 13:46:16,2.137e-05,0.00000072,0.000000000024839280000000003,6580836,2019-02-04 13:46:16,btc,0.14809607,0.00106683,0.00000072,btc,7.024e-05,0.0,0.47861573,2
1,[],22,[],2019-02-04 13:46:37,1648.0,0.0000004,0.0000000000137996,6580837,2019-02-04 13:46:37,BTC,4.2213561,0.0,0.0000004,"BTC,XMR",14604.70581,0.0,0.00107635,2
1,[],5,[],2019-02-04 13:46:39,1.42e-06,0.00000017,0.00000000000586483,6580838,2019-02-04 13:46:39,btc,3.31781135,0.02222932,0.00000017,btc,2.267e-05,0.0,3.92228578,3
1,[],12,[],2019-02-04 13:46:40,12652475.41288832,0.000000167,0.000000000005761333,6580839,2019-02-04 13:46:40,btc,921361.5590594558,0.0,0.000000167,btc,8285715.88481401,0.12652074941381536,0.5735764736548955,3
0,[],28,[],2019-02-04 13:46:41,0.0,0,0,6580840,2019-02-04 13:46:41,,0.0,0.0,0,,0.0,0.0,0.0,3
0,[],2,[],2019-01-20 23:31:32,0.0,0,0,6477077,2019-01-20 23:31:32,,0.0,0.0,0,,0.0,0.0,0.0,4
1,[],4,[],2019-02-04 13:46:42,359107.43913984,0.00000031,0.00000000001069469,6580841,2019-02-04 13:46:42,btc,0.3267676385734871,0.0,0.00000031,btc,333810.3998222,0.0,0.0398246231999024,4
1,[],12,[],2019-02-04 11:45:00,1455062.5219999999,0.00000006,0.000000000002067366,6580089,2019-02-04 11:45:00,btc,11014978.33387675,0.0,0.00000006,btc,913905.39031991,0.0043587519080919,0.03000872044,5
0,[],2,[],2019-01-20 23:31:51,0.0,0,0,6477087,2019-01-20 23:31:51,,0.0,0.0,0,,0.0,0.0,0.0,6
1,[],11,[],2019-02-04 13:46:44,9252109.4999525,0.00000002,0.0000000000006899800000000001,6580842,2019-02-04 13:46:44,btc,9433.374374118097,2216416.00005,0.00000002,btc,41218650.65169307,0.0,0.14860267499905,6
1,[],3,[],2019-02-04 13:46:45,1069.652384675756,0.000150559999999999995050348200464895853656344115734100341796875,0.0000000051941694400000005,6580843,2019-02-04 13:46:45,btc,28.510202753279106,0.0,0.000150559999999999995050348200464895853656344115734100341796875,btc,234.145665820227,0.0,0.030997767816609203,7
1,[],4,[],2019-02-04 13:46:46,27425.25420832,0.00019706,0.000000006798372940000001,6580844,2019-02-04 13:46:46,btc,3.1988051613725395,0.0,0.00019706,btc,14031.38437231,4.94572596,4.527788726990344,7
1,[],5,[],2019-02-04 13:46:47,0.00612201,0.00019150,0.0000000066065585,6580845,2019-02-04 13:46:47,btc,1.19183277,0.51532337,0.00019150,btc,0.01224735,0.0,1.48202198,7
1,[],20,[],2019-02-04 13:46:49,65771509.91,0.000000001,0.000000000000034499,6580846,2019-02-04 13:46:49,btc,116.1335270767722,0.0,0.000000001,btc,29825029.7669,0.0,0.06577150991,8
0,[],2,[],2019-01-20 23:22:42,0.0,0,0,6476876,2019-01-20 23:22:42,,0.0,0.0,0,,0.0,0.0,0.0,9
0,[],23,[],2019-01-20 23:22:48,0.0,0,0,6476878,2019-01-20 23:22:48,,0.0,0.0,0,,0.0,0.0,0.0,9
1,[],1,[],2019-02-04 13:46:50,3297197.96,0.000001959999999999999868954651816022050070387194864451885223388671875,0.00000000006761804,6580847,2019-02-04 13:46:50,btc,4.6439064243,12375274.2,0.000001959999999999999868954651816022050070387194864451885223388671875,btc,2316624.74,24.5166614,6.3431155178,9
1,[],4,[],2019-02-04 13:46:51,336006.49085395,0.00000194,0.00000000006692806,6580848,2019-02-04 13:46:51,btc,1.1450114464141585,0.0,0.00000194,btc,557994.1368303,0.75042825,0.6119484286119886,9
1,[],28,[],2019-02-04 13:46:53,34500.0,0.00000165,0.000000000056923350000000004,6580849,2019-02-04 13:46:53,btc,2708.7730959804,3648304.0,0.00000165,btc,15427.14,0.0,0.02854,9
1,[],4,[],2019-02-04 13:46:54,7341799.37826053,0.00000002,0.0000000000006899800000000001,6580850,2019-02-04 13:46:54,btc,0.1999615409270056,0.0,0.00000002,btc,4135980.29534268,0.00062922,0.0786653918652106,10
0,[],2,[],2019-01-20 23:23:08,0.0,0,0,6476890,2019-01-20 23:23:08,,0.0,0.0,0,,0.0,0.0,0.0,12
1,[],4,[],2019-02-04 13:46:54,2439517.93231271,0.00000138,0.00000000004760862,6580851,2019-02-04 13:46:54,btc,0.9433979610699638,0.0,0.00000138,btc,653618.84821809,2.03058627,3.13440762265139,12
1,[],5,[],2019-02-04 13:46:56,1.63e-05,0.00000136,0.00000000004691864,6580852,2019-02-04 13:46:56,btc,0.63968077,1.07967875,0.00000136,btc,0.00012475,0.0,0.24392421,12
0.0,[],25,[],2019-02-04 13:46:57,0.0,0,0,6580853,2019-02-04 13:46:57,,0.0,0.0,0.0,btc,0.0,0.0,0.0,12
1,[],10,[],2019-02-04 11:00:26,603175.07622775,0.00000612,0.000000000211175496,6580041,2019-02-04 11:00:26,btc,666809.6439089302,4037.29041995,0.00000612,btc,738170.10765806,0.0,0.7985276295912623,13
1,[],4,[],2019-02-04 13:46:57,277306.25158954,0.00000615,0.00000000021216885,6580854,2019-02-04 13:46:57,btc,0.5698839543723835,0.0,0.00000615,btc,84961.10089443,0.68898753,1.143547424635516,13
1,[],21,[],2019-02-04 13:47:01,961120.54163076,0.000006280000000000000012279673806,0.00000000021665372,6580855,2019-02-04 13:47:01,btc,4.322387146817192,485575.39943035,0.0000062800000000000000122796738055708232195684104226529598236083984375,btc,622986.53404211,3.05430272,4.698666404558959,13
1,[],4,[],2019-02-04 13:47:02,1125159.2256772,0.00000140,0.000000000048298600000000003,6580856,2019-02-04 13:47:02,btc,0.1667789542537639,0.0,0.00000140,btc,82667.25615922,0.01982608,0.417944364039272,14
1,[],12,[],2019-02-04 13:47:03,87669.9864082,0.00000137000000000000001212029608621545406776931486092507839202880859375,0.00000000004726363,6580857,2019-02-04 13:47:03,btc,1.7851168931737391,0.0,0.00000137000000000000001212029608621545406776931486092507839202880859375,btc,37457.00592497,1.256e-05,0.0117057200000004,14
0,[],17,[],2019-02-04 13:47:04,0.0,0,0,6580858,2019-02-04 13:47:04,btc,0.0,0.0,0,btc,0.0,0.0,0.0,14
1,[],26,[],2019-02-04 13:47:04,0.0,0.00000049,0.00000000001690451,6580859,2019-02-04 13:47:04,btc,0.0,0.0,0.00000049,btc,0.0,0.0,0.0,14
0,[],4,[],2019-02-04 13:47:05,0.0,0,0,6580860,2019-02-04 13:47:05,,0.0,0.0,0,,0.0,0.0,0.0,15
,[],12,[],2018-12-01 15:15:48,204241.84496,0.00000489,0.000000000202473384,5260204,2018-12-01 15:15:48,btc,49.5475654835,0.0,,btc,35763.2193806,0.0163153972027625,0.0203389899998,15
0,[],2,[],2019-01-20 23:23:38,0.0,0,0,6476906,2019-01-20 23:23:38,,0.0,0.0,0,,0.0,0.0,0.0,18
1,[],4,[],2019-02-04 13:47:07,25930.23136601,0.00001861,0.0000000006420263900000001,6580861,2019-02-04 13:47:07,btc,2.2173664520939314,0.0,0.00001861,btc,7528.05672798,0.02846223,0.0965469187601504,18
1,[],10,[],2019-02-04 13:47:08,406824.45142565,0.00001737,0.0000000005992476300000001,6580862,2019-02-04 13:47:08,btc,15.588677152443537,11823.0571278,0.00001737,btc,12562.502636,0.0,0.4699651437705526,18
1,[],12,[],2019-02-04 13:47:10,200841.68668547,0.000016149999999999999533879802005031933731515891849994659423828125,0.00000000055715885,6580863,2019-02-04 13:47:10,btc,0.185933576513228,0.0,0.000016149999999999999533879802005031933731515891849994659423828125,btc,1722.2210131,0.0039445203302419,0.0170406310930778,18
0,[],17,[],2019-02-04 13:47:11,0.0,0,0,6580864,2019-02-04 13:47:11,btc,0.0,0.0,0,btc,0.0,0.0,0.0,18
0,[],2,[],2019-01-20 23:24:19,0.0,0,0,6476924,2019-01-20 23:24:19,,0.0,0.0,0,,0.0,0.0,0.0,19
1,[],3,[],2019-02-04 13:47:12,114029.22023899008,0.000028500000000000001569057384021022016895585693418979644775390625,0.0000000009832215000000001,6580865,2019-02-04 13:47:12,btc,0.42712847328949655,929.301749793,0.000028500000000000001569057384021022016895585693418979644775390625,btc,5414.861765841854,0.0,0.2503190112245612,19
1,[],4,[],2019-02-04 13:47:13,127944.88611492,0.00002855,0.0000000009849464500000001,6580866,2019-02-04 13:47:13,btc,0.2698710486672315,0.0,0.00002855,btc,8697.69575499,0.44487325,0.626455082408664,19
1,[],5,[],2019-02-04 13:47:14,0.00021192,0.00002562,0.0000000008838643800000001,6580867,2019-02-04 13:47:14,btc,0.27667575,0.00742001,0.00002562,btc,0.00313879,0.0,0.17676059,19
1,[],12,[],2019-02-04 13:47:14,133588.0,0.00002799999999999999957998007837911558226551278494298458099365234375,0.000000000965972,6580868,2019-02-04 13:47:14,btc,1.9963005112588694,0.0,0.00002799999999999999957998007837911558226551278494298458099365234375,btc,536.9523619,0.0014567114187708,0.03163228,19
0,[],27,[],2019-02-04 13:47:19,0.0,0,0,6580869,2019-02-04 13:47:19,,0.0,0.0,0,btc,0.0,0.0,0.0,19
1,[],4,[],2019-02-04 13:47:20,8006180.3054235,0.00000013,0.0000000000044848700000000005,6580870,2019-02-04 13:47:20,btc,0.8116717874116198,0.0,0.00000013,btc,1595552.31051721,0.0,0.2554230874915714,20
1,[],4,[],2019-02-04 13:47:21,122921861.40022224,0.00000002,0.0000000000006899800000000001,6580871,2019-02-04 13:47:21,btc,0.6013585995760365,0.0,0.00000002,btc,14323200.04773079,0.0012638,1.468014812214285,21
1,[],12,[],2019-02-04 13:47:22,19029387.0,0.00000002,0.0000000000006899800000000001,6580872,2019-02-04 13:47:22,btc,668.5451868047564,0.0,0.00000002,btc,8549966.70429836,5.0585014985e-06,0.25352231000000003,21
0,[],17,[],2019-02-04 13:47:23,0.0,0,0,6580873,2019-02-04 13:47:23,btc,0.0,0.0,0,btc,0.0,0.0,0.0,21
1,[],12,[],2019-02-04 13:47:24,2163603467.5458817,0.0000000002,0.000000000000006899800000000001,6580874,2019-02-04 13:47:24,btc,1729404717665.165,0.0,0.0000000002,btc,5130308796.768446,0.2604790155384642,0.22308272795598685,23
0,[],27,[],2019-02-04 13:47:29,0.0,0,0,6580875,2019-02-04 13:47:29,,0.424699,0.0,0,eth,424699.0,0.0,0.0,23
1,[],4,[],2019-02-04 13:47:30,3581544.45828828,0.00000080,0.0000000000275992,6580876,2019-02-04 13:47:30,btc,0.077407188870194,0.0,0.00000080,btc,70194.71220237,0.00856567,0.4250235974113102,24
1,[],22,[],2019-02-04 13:47:35,11.76,0.00000100,0.000000000034499,6580877,2019-02-04 13:47:35,BTC,7.415e-05,0.0,0.00000100,BTC,23.919354838709676,0.0,1.176e-05,24
0.0,[],25,[],2019-02-04 13:47:37,0.0,0,0,6580878,2019-02-04 13:47:37,,0.0,0.0,0.0,btc,0.0,0.0,0.0,24
1,[],4,[],2019-02-04 13:47:38,27841849.89020142,0.00000696,0.00000000024011304,6580879,2019-02-04 13:47:38,btc,0.4363297042313737,0.0,0.00000696,btc,37136.62419441,0.12926387,0.4716900676066602,26
1,[],10,[],2019-02-04 13:47:40,730757.76812126,0.00000588,0.00000000020285412,6580880,2019-02-04 13:47:40,btc,25.975774463061523,0.0,0.00000588,btc,13118.16646401,0.0,0.2069550833237285,26
0,[],2,[],2019-01-20 23:25:56,0.0,0,0,6476976,2019-01-20 23:25:56,,0.0,0.0,0,,0.0,0.0,0.0,26
1,[],3,[],2019-02-04 13:47:40,7921535.64569884,0.00000002,0.0000000000006899800000000001,6580881,2019-02-04 13:47:40,btc,2.5138944429370285,9242.7871362,0.00000002,btc,16161784.97591972,0.0,0.0929621325254625,27
1,[],5,[],2019-02-04 13:47:41,3e-08,0.00000002,0.0000000000006899800000000001,6580882,2019-02-04 13:47:41,btc,1.5404561,0.00429169,0.00000002,btc,4.69e-05,0.0,0.10654669,27
1,[],11,[],2019-02-04 13:47:43,10615374.41182718,0.00000005,0.00000000000172495,6580883,2019-02-04 13:47:43,btc,370.6426334117441,1000.0,0.00000005,btc,8221035.4403934,0.0,0.4936394994767663,27
1,[],4,[],2019-02-04 13:47:43,308615394.2888668,0.00000003,0.00000000000103497,6580884,2019-02-04 13:47:43,btc,3.9797684941124762,0.0,0.00000003,"btc,ltc",119740376.23736806,0.60314693,3.6558740414254722,29
1,[],7,[],2019-02-04 13:47:44,39719460.44287711,0.00000003,0.00000000000103497,6580885,2019-02-04 13:47:44,btc,44465206.20744768,562121.40959,0.00000003,btc,40725346.49808779,0.0,0.7239454071361162,29
1,[],4,[],2019-02-04 13:47:47,1362347.40150612,0.00000026,0.000000000008969740000000001,6580886,2019-02-04 13:47:47,btc,0.2583829046983503,0.0,0.00000026,btc,551456.11564527,0.00138799,0.0782516772675146,30
0,[],17,[],2019-02-04 13:47:48,0.0,0,0,6580887,2019-02-04 13:47:48,btc,0.0,0.0,0,btc,0.0,0.0,0.0,30
1,[],4,[],2019-02-04 13:47:49,1134038.35996529,0.00006806,0.00000000234800194,6580888,2019-02-04 13:47:49,btc,1.4623657938759251,0.0,0.00006806,btc,17628.0340514,0.99365933,1.8131470286972353,31
1,[],21,[],2019-02-04 13:47:50,269706.06083527,0.00006999999999999999386775251242,0.00000000241493,6580889,2019-02-04 13:47:50,btc,1.3768202186785379,99130.66003456,0.00006999999999999999386775251242198692125384695827960968017578125,btc,18157.27885711,7.0650073,4.81120361408499,31
0,[],2,[],2019-01-20 23:28:43,0.0,0,0,6477009,2019-01-20 23:28:43,,0.0,0.0,0,,0.0,0.0,0.0,32
1,[],4,[],2019-02-04 13:47:50,149502898.91899714,0.00000005,0.00000000000172495,6580890,2019-02-04 13:47:50,btc,1.4898411936759626,0.0,0.00000005,"btc,ltc",28652057.36108621,0.59362159,2.6824561467186143,33
1,[],12,[],2019-02-04 13:47:52,18374395.0,0.00000006,0.00000000000206994,6580891,2019-02-04 13:47:52,btc,17261782.28459285,0.0,0.00000006,btc,89736193.76823159,0.0373288696170632,0.6802275,33
1,[],4,[],2019-02-04 13:47:53,110064808.97815792,0.00000002,0.0000000000006899800000000001,6580892,2019-02-04 13:47:53,btc,0.7714334331524844,0.0,0.00000002,btc,25714447.77174948,0.00490204,1.1021285158415792,34
1,[],5,[],2019-02-04 13:47:55,1e-08,0.00000001,0.00000000000034499000000000003,6580893,2019-02-04 13:47:55,btc,3.92062449,0.76751813,0.00000001,btc,1.394e-05,0.0,0.72889199,34
0.0000000000982923,[],4,[],2019-02-04 13:47:55,1095484572.8043332,2.9487689999999998e-18,1.01729581731e-22,6580894,2019-02-04 13:47:55,ltc,7.98706401404233e-09,0.0,0.00000003,ltc,1595912099.6807632,0.0,2.15678275639355e-09,36
1,[],5,[],2019-02-04 13:47:57,0.0,0,0,6580895,2019-02-04 13:47:57,btc,204.33336467,0.0,0,btc,1.295e-05,0.0,0.0,36
0,[],17,[],2019-02-04 13:47:58,0.0,0,0,6580896,2019-02-04 13:47:58,btc,0.0749404376087388,0.0,0,btc,4134847.20243647,0.0,0.0,36
0.0000000000982923,[],27,[],2019-02-04 13:48:04,1000000.0,1.965846e-18,6.7819721154e-23,6580897,2019-02-04 13:48:04,ltc,447.7307979714,0.0,0.00000002,"ltc,eth",3711879.16,0.0,1.965846e-12,36
1,[],4,[],2019-02-04 13:48:05,415516.34483327,0.00000143,0.000000000049333570000000005,6580898,2019-02-04 13:48:05,btc,0.3840268927719481,0.0,0.00000143,btc,202664.13585447,0.01579593,0.3677238236215735,37
1,[],12,[],2019-02-04 13:48:06,370455.60852497,0.00000145000000000000009320343975771638866945068002678453922271728515625,0.000000000050023550000000006,6580899,2019-02-04 13:48:06,btc,1331.0981267634627,0.0,0.00000145000000000000009320343975771638866945068002678453922271728515625,btc,796139.56976566,0.4143743985777504,0.226369299847986,37
1,[],17,[],2019-02-04 13:48:07,1752.74075282,0.00000025,0.00000000000862475,6580900,2019-02-04 13:48:07,btc,0.055484923965851383,0.0,0.00000025,btc,1387.19918473,0.0,0.00043818518820499993,37
1,[],27,[],2019-02-04 13:48:12,16843.0,0.00000046,0.000000000015869540000000002,6580901,2019-02-04 13:48:12,btc,43.30929497030353,0.0,0.00000046,btc,29579.81438508,0.0,0.00561124,37
1,[],5,[],2019-02-04 13:48:14,1.523e-05,0.00000100,0.000000000034499,6580902,2019-02-04 13:48:14,btc,0.10465363,0.10865133,0.00000100,btc,0.00011523,0.0,0.04384496,42
1,[],12,[],2019-02-04 13:48:15,149508.21467098,0.00000110000000000000005610204141526242693771564518101513385772705078125,0.00000000003794890000000001,6580903,2019-02-04 13:48:15,btc,85.06811944110379,0.0,0.00000110000000000000005610204141526242693771564518101513385772705078125,btc,97943.05057228,0.01352988882244,0.0512918699999984,42
0,[],27,[],2019-02-04 13:48:20,0.0,0,0,6580904,2019-02-04 13:48:20,,0.00315028,0.0,0,"btc,eth",11.007,0.0,0.0,42
1,[],5,[],2019-02-04 13:48:21,3e-08,0.00000002,0.0000000000006899800000000001,6580905,2019-02-04 13:48:21,btc,6.09448901,0.00770974,0.00000002,btc,1.425e-05,0.0,0.52678241,43
1,[],12,[],2019-02-04 13:48:22,6412130.0,0.00000002,0.0000000000006899800000000001,6580906,2019-02-04 13:48:22,btc,20007456.464722443,0.0,0.00000002,btc,38833161.74765234,0.0,0.06412145,43
0,[],17,[],2019-02-04 13:48:24,0.0,0,0,6580907,2019-02-04 13:48:24,btc,0.0,0.0,0,btc,0.0,0.0,0.0,43
1,[],12,[],2019-02-04 13:48:25,869422.0,0.00000007,0.00000000000241493,6580908,2019-02-04 13:48:25,btc,11115205.977735648,0.0,0.00000007,btc,992188.40359639,0.00114062955045,0.02604501,44
1,[],4,[],2019-02-04 13:48:26,234869407.6576435,0.00000002,0.0000000000006899800000000001,6580909,2019-02-04 13:48:26,btc,0.18088824146108615,0.0,0.00000002,"btc,ltc",8178707.99428555,0.00407247,0.5396767653745664,49
0.0000000000982923,[],4,[],2019-02-04 13:48:27,4905645923.90257,9.82923e-19,3.3909860577e-23,6580910,2019-02-04 13:48:27,ltc,4.645173504090487,0.0,0.00000001,ltc,1829032156.2967892,0.00011,4.8218722084600856e-09,52
0,[],22,[],2019-02-04 13:48:40,0.0,0,0,6580911,2019-02-04 13:48:40,,3693.16111,0.0,0,,247825727.90882352,0.0,0.0,57
0,[],27,[],2019-02-04 13:48:44,0.0,0,0,6580912,2019-02-04 13:48:44,,0.0,0.0,0,"btc,eth",0.0,0.0,0.0,57
0.0000000000982923,[],4,[],2019-02-04 13:48:45,1306465820.1321878,4.914615e-18,1.69549302885e-22,6580913,2019-02-04 13:48:45,ltc,3.288209342128944,0.0,0.00000005,ltc,1123592163.9058566,0.0,5.169821599593259e-09,58
1,[],12,[],2019-02-04 13:48:47,2016971911.843957,0.0000000005,0.0000000000000172495,6580914,2019-02-04 13:48:47,btc,625181486318.4448,0.0,0.0000000005,btc,3160308126.0030966,0.027743605151148855,0.7234528242011392,58
0,[],17,[],2019-02-04 13:48:48,0.0,0,0,6580915,2019-02-04 13:48:48,btc,1e+24,0.0,0,btc,41616695.95832568,0.0,0.0,58
0.0000000001213879,[],22,[],2019-02-04 13:49:17,137438.0,1.213879e-18,4.1877611621000004e-23,6580916,2019-02-04 13:49:17,XMR,69.8835922,0.0,0.00000001,XMR,9887963.0,0.0,0.00137438,58
1,[],5,[],2019-02-04 13:49:18,8.62e-06,0.00000068,0.00000000002345932,6580917,2019-02-04 13:49:18,btc,0.32960867,0.02294084,0.00000068,btc,0.00015928,0.0,0.04875449,61
1,[],22,[],2019-02-04 13:49:39,5111.5,0.00000011,0.00000000000379489,6580918,2019-02-04 13:49:39,BTC,1002.29606732,0.0,0.00000011,BTC,15028.700278135757,0.0,0.00051178,61
1,[],26,[],2019-02-04 13:49:39,0.0,0.00000800,0.000000000275992,6580919,2019-02-04 13:49:39,btc,0.0,0.0,0.00000800,btc,0.0,0.0,0.0,61
0,[],27,[],2019-02-04 13:49:43,0.0,0,0,6580920,2019-02-04 13:49:43,,0.1550356,0.0,0,"btc,eth",155.72848,0.0,0.0,61
1,[],28,[],2019-02-04 13:49:45,6884.304,0.0000006,0.0000000000206994,6580921,2019-02-04 13:49:45,btc,2.064635633700105,842.0,0.0000006,btc,11325.10450005,0.0,0.00216611304,61
1,[],4,[],2019-02-04 12:49:07,1414950.10903447,0.00000194,0.000000000066844834,6580561,2019-02-04 12:49:07,btc,0.9193860340513317,0.0,0.00000194,btc,300422.28487128,0.12057927,1.1606379878365833,67
0.0,[],25,[],2019-02-04 12:49:08,0.0,0,0,6580562,2019-02-04 12:49:08,,0.0,0.0,0.0,btc,0.0,0.0,0.0,67
1,[],12,[],2019-02-04 13:49:46,2413358.19411111,0.00000018,0.00000000000620982,6580922,2019-02-04 13:49:46,btc,11115895.604572678,0.0,0.00000018,btc,2237204.65694305,0.0330817694369635,0.0607497033211112,71
,[],5,[],2018-11-20 23:02:39,1.5e-07,0.00000005,0.000000000002128045,4862160,2018-11-20 23:02:39,btc,2.84511358,0.0,,btc,0.00036572,0.0,0.07381892,74
1,[],5,[],2019-01-25 15:53:51,3.303e-05,0.00000156,0.000000000055588884,6499610,2019-01-25 15:53:51,btc,1.42844212,0.0,0.00000156,btc,0.00015937,0.0,0.49487621,75
0,[],20,[],2019-01-25 09:30:31,0.0,0,0,6495923,2019-01-25 09:30:31,btc,0.0,0.0,0,btc,0.0,0.0,0.0,81
1,[],4,[],2019-02-04 13:49:48,70997797.82492337,0.00000001,0.00000000000034499000000000003,6580923,2019-02-04 13:49:48,btc,0.8164048853705091,0.0,0.00000001,btc,15307943.35273608,0.0,0.7099779782492337,81
1,[],4,[],2019-02-04 13:49:50,23669.09884047,0.00007016,0.00000000242044984,6580924,2019-02-04 13:49:50,btc,0.4784822972763097,0.0,0.00007016,btc,4839.89656941,0.06687278,0.079102277079532,82
1,[],21,[],2019-02-04 13:49:51,84500.26811458,0.00007514999999999999707577663655,0.00000000259259985,6580925,2019-02-04 13:49:51,btc,3.5468980251507203,2589.28322519,0.000075149999999999997075776636545896280949818901717662811279296875,btc,40377.93390387,0.1963398,4.29837801389456,82
0,[],17,[],2019-02-04 13:49:52,0.0,0,0,6580926,2019-02-04 13:49:52,btc,0.0447233088476774,0.0,0,btc,999127.19588126,0.0,0.0,84
0.0000000000982923,[],4,[],2019-02-04 13:49:53,336241611.4972593,1.1795075999999999e-17,4.06918326924e-22,6580927,2019-02-04 13:49:53,ltc,0.195790632277771,0.0,0.00000012,ltc,69911008.66557197,0.00831051,1.3404914352016988e-09,85
,[],22,[],2018-11-20 23:09:34,3408.1,0.0000001,0.0000000000041895,4862324,2018-11-20 23:09:34,BTC,0.04624735,0.0,,BTC,4990.0,0.0,0.00033081,86
0,[],22,[],2019-02-04 13:50:16,0.0,0,0,6580928,2019-02-04 13:50:16,,2.07810912,0.0,0,,154826.94736842104,0.0,0.0,87
0,[],27,[],2019-02-04 13:50:19,0.0,0,0,6580929,2019-02-04 13:50:19,,0.0,0.0,0,btc,0.0,0.0,0.0,87
,[],2,[],2018-11-20 23:10:47,0.0,0,0,4862359,2018-11-20 23:10:47,,0.0,0.0,,,0.0,0.0,0.0,88
1,[],11,[],2019-02-04 13:50:20,98312.55075416,0.00017700999999999998744774909464894108168664388358592987060546875,0.00000000610666799,6580930,2019-02-04 13:50:20,btc,245.74414545734297,3582.96892525,0.00017700999999999998744774909464894108168664388358592987060546875,btc,183299.84407169,0.0,6.847701345905747,89
0,[],2,[],2019-01-20 23:31:45,0.0,0,0,6477083,2019-01-20 23:31:45,,0.0,0.0,0,,0.0,0.0,0.0,91
1,[],12,[],2019-02-04 13:50:22,459003.06121979,0.00000371000000000000005446164352829185872906236909329891204833984375,0.00000000012799129,6580931,2019-02-04 13:50:22,btc,1115.7153845439577,0.0,0.00000371000000000000005446164352829185872906236909329891204833984375,btc,35229.68268241,0.0577642048540859,0.12116042794002091,91
0,[],17,[],2019-02-04 13:50:23,0.0,0,0,6580932,2019-02-04 13:50:23,btc,0.0,0.0,0,btc,0.0,0.0,0.0,91
0.0000000000982923,[],22,[],2019-02-04 13:50:41,25823826.0,4.914615e-18,1.69549302885e-22,6580933,2019-02-04 13:50:41,LTC,8.80623359,0.0,0.00000005,LTC,76324729.6,4.92444423e-16,0.95795662,95
0.0000000000982923,[],4,[],2019-02-04 13:50:42,132276194.15081397,9.82923e-17,3.3909860577e-21,6580934,2019-02-04 13:50:42,ltc,1.078668570286027,0.0,0.00000100,ltc,69098185.67305765,0.00020951,6.82353400159239e-10,96
1,[],12,[],2019-02-04 13:50:44,224428.0,0.00000001,0.00000000000034499000000000003,6580935,2019-02-04 13:50:44,btc,255063.42129318562,0.0,0.00000001,btc,8911157.33297676,6.25e-06,0.00224428,96
0,[],17,[],2019-02-04 13:50:45,0.0,0,0,6580936,2019-02-04 13:50:45,btc,0.0,0.0,0,btc,0.0,0.0,0.0,96
1,[],4,[],2019-02-04 13:50:46,1461043.91813965,0.00000035,0.000000000012074650000000001,6580937,2019-02-04 13:50:46,btc,0.1504621587747836,0.0,0.00000035,btc,305617.18506839,0.03204148,0.1249215921918081,99
0,[],2,[],2019-01-20 23:23:55,0.0,0,0,6476914,2019-01-20 23:23:55,,0.0,0.0,0,,0.0,0.0,0.0,100
1,[],4,[],2019-02-04 13:50:47,70543.1930307,0.00004379,0.00000000151071121,6580938,2019-02-04 13:50:47,btc,1.176181343172751,0.0,0.00004379,btc,23882.90771158,0.53728518,2.803616414695388,100
1,[],22,[],2019-02-04 13:50:58,50000.0,0.00000001,0.00000000000034499000000000003,6580939,2019-02-04 13:50:58,BTC,23.50383609,0.0,0.00000001,BTC,11277.22,0.0,0.0005,101
1,[],4,[],2019-02-04 13:50:59,169183.37463974,0.00000097,0.00000000003346403,6580940,2019-02-04 13:50:59,btc,0.3947666363913439,0.0,0.00000097,btc,151184.63758112,0.00639156,0.116064069420033,103
1,[],12,[],2019-02-04 13:51:01,99302031.18885863,0.000000016,0.000000000000551984,6580941,2019-02-04 13:51:01,btc,138279087.2144608,0.0,0.000000016,btc,136308767.4657018,14.501232179213579,0.8313941823632682,105
1,[],27,[],2019-02-04 13:51:04,10161405.89,0.00000001,0.00000000000034499000000000003,6580942,2019-02-04 13:51:04,btc,0.6930134677960939,0.0,0.00000001,btc,708890.78181977,0.0,0.1016140589,105
0,[],22,[],2019-02-04 13:51:14,0.0,0,0,6580943,2019-02-04 13:51:14,,1.07253299,0.0,0,,94300.0,0.0,0.0,107
1,[],26,[],2019-02-04 13:51:14,0.0,0.00000000,0,6580944,2019-02-04 13:51:14,btc,0.0,10000.0,0.00000000,btc,0.0,0.0,0.0,107
1,[],5,[],2019-02-04 13:51:16,3e-08,0.00000002,0.0000000000006899800000000001,6580945,2019-02-04 13:51:16,btc,2.92979515,0.00629993,0.00000002,btc,1.649e-05,0.0,0.13073873,112
1,[],22,[],2019-02-04 13:51:26,2229188.0,0.00000002,0.0000000000006899800000000001,6580946,2019-02-04 13:51:26,BTC,2.81683288,0.0,0.00000002,BTC,808529.0833333334,0.0,0.02960411,112
0.0000000003111198,[],27,[],2019-02-04 13:51:30,500000.0,3.1111980000000003e-18,1.07333219802e-22,6580947,2019-02-04 13:51:30,eth,1.25356065,0.0,0.00000001,"btc,eth",1328.0,0.0,1.555599e-12,112
1,[],4,[],2019-02-04 13:51:30,490990.99529081,0.00000413,0.00000000014248087,6580948,2019-02-04 13:51:30,btc,0.4246027290035426,0.0,0.00000413,btc,74228.1944503,0.04998993,0.3394106306620532,113
1,[],5,[],2019-02-04 13:51:33,2.897e-05,0.00000381,0.00000000013144119000000002,6580949,2019-02-04 13:51:33,btc,2.19727244,0.00270826,0.00000381,btc,0.00334105,0.0,0.21315139,113
1,[],17,[],2019-02-04 13:51:34,174538.724,0.00000004,0.0000000000013799600000000001,6580950,2019-02-04 13:51:34,btc,1.3368030274096816,0.0015204,0.00000004,btc,51896.221,0.0,0.00308154896,116
0,[],27,[],2019-02-04 13:51:37,0.0,0,0,6580951,2019-02-04 13:51:37,,0.0,0.0,0,btc,0.0,0.0,0.0,116
1,[],4,[],2019-02-04 13:51:38,50124.59413758,0.00002553,0.0000000008807594700000001,6580952,2019-02-04 13:51:38,btc,0.606105700391387,0.0,0.00002553,btc,18284.53605581,1.84549051,0.9193406476856401,120
1,[],7,[],2019-02-04 13:51:39,10974.571565190001,0.00001796000000000000083899033553880286717685521580278873443603515625,0.0000000006196020400000001,6580953,2019-02-04 13:51:39,btc,88979.22165348321,43.90594602,0.00001796000000000000083899033553880286717685521580278873443603515625,btc,29618.97722683,0.00157698,0.09728892058871891,120
1,[],20,[],2019-02-04 13:51:41,1617028.1906,0.000000014,0.0000000000004829860000000001,6580954,2019-02-04 13:51:41,btc,33.7487591931607,10640.1551,0.000000014,btc,1063782.1766,0.0001850438476,0.0089722132172,125
1,[],22,[],2019-02-04 13:51:53,3053.0,0.00000001,0.00000000000034499000000000003,6580955,2019-02-04 13:51:53,BTC,0.01444889,0.0,0.00000001,BTC,296264.5111111111,0.0,3.053e-05,126
0,[],2,[],2019-01-20 23:25:46,0.0,0,0,6476969,2019-01-20 23:25:46,,0.0,0.0,0,,0.0,0.0,0.0,131
1,[],4,[],2019-02-04 13:51:54,93832.54581769,0.00001673,0.00000000057716827,6580956,2019-02-04 13:51:54,btc,0.5004702686924414,0.0,0.00001673,btc,25309.33031032,0.44193581,0.618777856199151,131
0,[],17,[],2019-02-04 13:51:56,0.0,0,0,6580957,2019-02-04 13:51:56,btc,0.0009561751951600001,0.0,0,btc,35.42829368,0.0,0.0,131
1,[],4,[],2019-02-04 13:51:57,4610.09211608,0.00016000,0.00000000551984,6580958,2019-02-04 13:51:57,btc,1.6402364551949962,0.0,0.00016000,btc,302.35845559,0.0,0.0113649733205473,135
1,[],3,[],2019-02-04 13:51:57,1779211.66354937,0.00000007,0.00000000000241493,6580959,2019-02-04 13:51:57,btc,0.1402096782708961,72229.424825,0.00000007,btc,411544.73831899,0.0,0.0652396942725346,136
1,[],4,[],2019-02-04 13:51:58,92981.35942034,0.00000180,0.0000000000620982,6580960,2019-02-04 13:51:58,btc,0.0881924171727877,0.0,0.00000180,btc,38429.21655332,0.13042389,0.1282632752702295,137
1,[],12,[],2019-02-04 13:51:59,301173.03309853,0.000001830000000000000054831898570195658493275914224795997142791748046875,0.00000000006313317,6580961,2019-02-04 13:51:59,btc,11982.844729414734,0.0,0.000001830000000000000054831898570195658493275914224795997142791748046875,btc,124167.90188533,0.1374741443796993,0.0342181856072635,137
1,[],20,[],2019-02-04 13:03:42,151315.4721,0.00004101,0.000000001413762336,6580786,2019-02-04 13:03:42,btc,4.181039610925,18124.467,0.00004101,btc,10652.4407,0.756444296159,0.3016173037868,142
1,[],5,[],2019-02-04 13:52:01,0.00119258,0.00003800,0.000000001310962,6580962,2019-02-04 13:52:01,btc,3.30901618,2.70312026,0.00003800,btc,0.00318621,0.0,1.39151237,142
1,[],17,[],2019-02-04 13:52:02,12500.0,0.0000001,0.0000000000034499,6580963,2019-02-04 13:52:02,btc,20.261021579014546,0.0,0.0000001,btc,5931.99821453,0.0,0.00125,142
1,[],22,[],2019-02-04 13:52:20,962.0,0.00001800,0.0000000006209820000000001,6580964,2019-02-04 13:52:20,BTC,3.00449528,0.0,0.00001800,BTC,899.098,0.0,0.0001637,142
0.0,[],25,[],2019-02-04 13:52:21,0.0,0,0,6580965,2019-02-04 13:52:21,,0.0,0.0,0.0,btc,0.0,0.0,0.0,142
1,[],28,[],2019-02-04 13:52:22,78710.001,0.00004450,0.0000000015352055000000001,6580966,2019-02-04 13:52:22,btc,0.0403772,4099.77,0.00004450,btc,805.0,0.0,0.0352462445,142
0,[],22,[],2019-02-04 13:52:32,0.0,0,0,6580967,2019-02-04 13:52:32,,61.3429303,0.0,0,,799245528.8,0.0,0.0,143
1,[],21,[],2019-02-04 13:52:32,33073276.04691243,0.00000026,0.000000000008969740000000001,6580968,2019-02-04 13:52:32,btc,51.53860938575667,4407594.45286669,0.00000026,btc,89629730.42026699,1.17874924,4.8234490677024455,145
0,[],22,[],2019-02-04 13:52:37,0.0,0,0,6580969,2019-02-04 13:52:37,,4.57539719,0.0,0,,1920827.5,0.0,0.0,146
,[],22,[],2018-11-20 23:01:11,0.0,0,0,4862114,2018-11-20 23:01:11,,2.56807021,0.0,,,61828.4988236,0.0,0.0,147
1,[],12,[],2019-02-04 10:48:50,8687072.77430045,0.00000321000000000000018296670602213627176979571231640875339508056640625,0.00000000011080406400000001,6579772,2019-02-04 10:48:50,btc,16.500792703902214,0.0,0.00000321000000000000018296670602213627176979571231640875339508056640625,btc,112465.87998635,0.0019718605277224,0.1214725100000165,148
1,[],4,[],2019-02-04 13:52:37,305631.21508515,0.00000030,0.0000000000103497,6580970,2019-02-04 13:52:37,btc,0.6855237384478083,0.0,0.00000030,btc,497938.38139358,0.0025014,0.0674751672644916,152
0,[],22,[],2019-02-04 13:52:42,0.0,0,0,6580971,2019-02-04 13:52:42,,0.0,0.0,0,,0.0,0.0,0.0,152
1,[],5,[],2019-02-04 13:52:44,0.0,0,0,6580972,2019-02-04 13:52:44,btc,4.41744381,0.0,0,btc,0.00161275,0.0,0.0,153
,[],16,[],2019-01-11 15:38:59,0.0,0,0,6366141,2019-01-11 15:38:59,btc,0.0,0.0,,btc,0.0,0.0,0.0,155
0,[],23,[],2019-01-20 23:24:29,0.0,0,0,6476932,2019-01-20 23:24:29,,0.0,0.0,0,,0.0,0.0,0.0,156
0,[],22,[],2019-02-04 13:52:48,0.0,0,0,6580973,2019-02-04 13:52:48,,6.73312347,0.0,0,,4564272.742592593,0.0,0.0,156
1,[],22,[],2019-02-04 13:52:55,7906.0,0.00000801,0.00000000027633699000000003,6580974,2019-02-04 13:52:55,BTC,43.78801181,0.0,0.00000801,BTC,1067.5805334758436,0.0,0.00743836,157
0,[],22,[],2019-02-04 13:53:01,0.0,0,0,6580975,2019-02-04 13:53:01,,50175.6753658,0.0,0,,54007107.04179466,0.0,0.0,158
,[],17,[],2018-11-20 22:56:10,0.0,0,0,4861976,2018-11-20 22:56:10,btc,1.1265625,0.0,,btc,1000.0,0.0,0.0,159
,[],20,[],2018-11-20 22:56:12,0.0,0,0,4861977,2018-11-20 22:56:12,btc,11912.7940471,0.0,,btc,34413894.3617,0.0,0.0,159
1,[],12,[],2019-02-04 13:53:02,188794.73245949,0.0000075199999999999999985189798323848009431458194740116596221923828125,0.00000000025943248,6580976,2019-02-04 13:53:02,btc,6.684710700984151,0.0,0.0000075199999999999999985189798323848009431458194740116596221923828125,btc,14615.65828389,0.005414730977458,0.0848354767459061,168
1,[],17,[],2019-02-04 13:53:04,29784.95,0.000001,0.000000000034499,6580977,2019-02-04 13:53:04,btc,0.03026736251542,0.0,0.000001,btc,144.46171372,0.0,0.00716147,168
1,[],22,[],2019-02-04 13:53:23,3800.0,0.00000001,0.00000000000034499000000000003,6580978,2019-02-04 13:53:23,BTC,1.14964814,0.0,0.00000001,BTC,689592.4758060451,0.0,3.8e-05,169
1,[],22,[],2019-02-04 13:53:34,204444.9441532258,0.00000032,0.000000000011039680000000001,6580979,2019-02-04 13:53:34,BTC,10.32028013,0.0,0.00000032,BTC,105494.29221333799,0.00835111,0.0258135,171
1,[],22,[],2019-02-04 13:53:42,300234.7238095238,0.00000028,0.00000000000965972,6580980,2019-02-04 13:53:42,BTC,2.66392347,0.0,0.00000028,BTC,230690.5656621423,0.00779156,0.03112796,173
1,[],5,[],2019-02-04 13:53:43,4.712e-05,0.00000387,0.00000000013351113,6580981,2019-02-04 13:53:43,btc,0.36611848,0.00752006,0.00000387,btc,0.00030722,0.0,0.79561899,175
1,[],22,[],2019-02-04 13:53:54,49549.25714285715,0.0000004,0.0000000000137996,6580982,2019-02-04 13:53:54,BTC,0.63358303,0.0,0.0000004,BTC,155090.40184992214,0.0,0.01679357,176
0,[],2,[],2019-01-20 23:28:34,0.0,0,0,6477001,2019-01-20 23:28:34,,0.0,0.0,0,,0.0,0.0,0.0,178
1,[],7,[],2019-02-04 13:53:56,0.0,0,0,6580983,2019-02-04 13:53:56,btc,233208.5809029795,0.0,0,btc,115100187.61861145,0.0,0.0,178
0,[],22,[],2019-02-04 13:54:00,0.0,0,0,6580984,2019-02-04 13:54:00,,1.00242428,0.0,0,,57512.0,0.0,0.0,178
0,[],23,[],2019-01-20 23:25:08,0.0,0,0,6476952,2019-01-20 23:25:08,,0.0,0.0,0,,0.0,0.0,0.0,179
1,[],5,[],2019-02-04 13:54:02,3e-08,0.00000002,0.0000000000006899800000000001,6580985,2019-02-04 13:54:02,btc,17.14082528,0.060626,0.00000002,btc,2.088e-05,0.0,1.26807427,179
1,[],22,[],2019-02-04 13:54:13,8340773.0,0.00000002,0.0000000000006899800000000001,6580986,2019-02-04 13:54:13,BTC,5.53156482,0.0,0.00000002,"BTC,LTC",18591683.068656635,0.00010938,0.3940753,179
1,[],17,[],2019-02-04 13:54:15,10504.725,0.0000001,0.0000000000034499,6580987,2019-02-04 13:54:15,btc,5.206166879877373,0.0,0.0000001,btc,6755.0074587,0.0,0.0010504725,180
1,[],22,[],2019-02-04 13:54:25,39549.94545454546,0.00000011,0.00000000000379489,6580988,2019-02-04 13:54:25,BTC,0.09611861,0.0,0.00000011,"BTC,LTC",16601.39315481,0.00208654,0.00413695,180
1,[],26,[],2019-02-04 13:54:25,0.0,0.00000010,0.0000000000034499,6580989,2019-02-04 13:54:25,btc,0.0,100.0,0.00000010,btc,0.0,0.0,0.0,180
,[],7,[],2018-11-20 22:58:01,562227.975654,0.00000085,0.000000000036176765,4862015,2018-11-20 22:58:01,btc,21836.6059674,2491.87645172,,btc,749999.041456,0.00211021,0.127565380455,183
,[],5,[],2019-01-10 08:11:41,0.0,0,0,6347036,2019-01-10 08:11:41,btc,82.15055501,0.00261,,btc,1.19002445,0.0,0.0,187
,[],17,[],2018-11-16 20:58:10,4062536.27273,0.00000001,0.000000000000550501,4708775,2018-11-16 20:58:10,btc,3.36492563466,0.195460381006,,"btc,eth",110697919.549,0.0,0.0157628953496,187
1,[],24,[],2019-02-04 13:54:26,0.0,0.000000000001,3.4499e-17,6580990,2019-02-04 13:54:26,btc,0.0,0.0,0.000000000001,btc,0.0,0.0,0.0,187
0,[],22,[],2019-02-04 13:54:31,0.0,0,0,6580991,2019-02-04 13:54:31,,1.19382741,0.0,0,,13380.036201072173,0.0,0.0,191
0,[],22,[],2019-02-04 13:54:40,0.0,0,0,6580992,2019-02-04 13:54:40,,0.0,0.0,0,,0.0,0.0,0.0,197
1,[],26,[],2019-02-04 13:54:40,0.0,0.00000000,0,6580993,2019-02-04 13:54:40,btc,0.0,754059.0,0.00000000,btc,0.0,0.0,0.0,199
0,[],23,[],2019-01-20 23:31:41,0.0,0,0,6477079,2019-01-20 23:31:41,,0.0,0.0,0,,0.0,0.0,0.0,199
0,[],17,[],2019-01-30 16:32:01,0.0,0,0,6540827,2019-01-30 16:32:01,btc,6.802544163788159,0.0,0,btc,105897.55575295,0.0,0.0,200
0,[],2,[],2019-01-20 23:30:49,0.0,0,0,6477059,2019-01-20 23:30:49,,0.0,0.0,0,,0.0,0.0,0.0,201
1,[],4,[],2019-01-25 15:51:35,2084389.58565343,0.00000936,0.000000000333526752,6499557,2019-01-25 15:51:35,btc,2.0092503037378524,0.0,0.00000936,btc,160195.80207885,0.19272417,1.242687955921835,211
1,[],7,[],2019-02-04 13:54:44,16601937.80217275,0.00000145999999999999999745971430986646311112053808756172657012939453125,0.00000000005036854,6580994,2019-02-04 13:54:44,btc,16567795.381329643,283465.774761,0.00000145999999999999999745971430986646311112053808756172657012939453125,btc,12704329.35960617,0.0,8.554237148804962,212
1,[],5,[],2019-02-04 13:54:45,5.29e-06,0.00000035,0.000000000012074650000000001,6580995,2019-02-04 13:54:45,btc,1.12992024,0.1297381,0.00000035,btc,3.171e-05,0.0,0.22421972,213
1,[],24,[],2019-02-04 13:54:45,0.0,0.000000050000,0.00000000000172495,6580996,2019-02-04 13:54:45,btc,0.0,0.0,0.000000050000,btc,0.0,0.0,0.0,213
1,[],26,[],2019-02-04 13:54:45,0.0,0.00000009,0.0000000000031049100000000003,6580997,2019-02-04 13:54:45,btc,0.0,0.0,0.00000009,btc,0.0,0.0,0.0,213
1,[],12,[],2019-01-25 02:44:32,207462.42853209,0.000001080000000000000035831255497387193287295303889550268650054931640625,0.000000000038610756000000006,6493050,2019-01-25 02:44:32,btc,85023.03793723314,0.0,0.000001080000000000000035831255497387193287295303889550268650054931640625,btc,43675.73520027,0.000146250909087,0.0348620860622024,213
1,[],22,[],2019-02-04 13:55:04,276400.0,0.00000002,0.0000000000006899800000000001,6580998,2019-02-04 13:55:04,BTC,70.20492877,0.0,0.00000002,BTC,291693.63137942314,0.0,0.004714,216
1,[],27,[],2019-02-04 13:55:08,5054645.0,0.00000015,0.00000000000517485,6580999,2019-02-04 13:55:08,btc,313.98413178316,18000.0,0.00000015,"btc,ltc",287018.13411,0.00666,0.0516735,216
1,[],22,[],2019-02-04 13:55:38,252753.48250399102,0.00000233,0.00000000008038267,6581000,2019-02-04 13:55:38,BTC,12677.86101284,0.0,0.00000233,BTC,470857.19664164784,0.0,0.32536846,217
1,[],7,[],2019-02-04 13:55:40,0.0,0,0,6581001,2019-02-04 13:55:40,btc,77970.02600413912,0.0,0,btc,134531561.1214003,0.0,0.0,219
0,[],27,[],2019-02-04 13:55:43,0.0,0,0,6581002,2019-02-04 13:55:43,,0.0741038339680918,0.0,0,btc,1542429.2070951,0.0,0.0,219
0.0000000000000055,[],28,[],2019-02-04 13:55:48,205085365.436,6.1325e-18,2.1156511750000001e-22,6581003,2019-02-04 13:55:48,doge,88554.0318717675,14206.0,0.00111500,"btc,doge",4969437.84751,0.0,3.009060436423283e-11,219
1,[],22,[],2019-02-04 13:56:15,206701.0754716981,0.00000053,0.000000000018284470000000002,6581004,2019-02-04 13:56:15,BTC,3.00140129,0.0,0.00000053,BTC,35272.55212317522,0.0,0.02224742,221
1,[],24,[],2019-02-04 13:56:15,0.0,0.000000500000,0.0000000000172495,6581005,2019-02-04 13:56:15,btc,0.0,0.0,0.000000500000,btc,0.0,0.0,0.0,221
1,[],20,[],2019-02-04 13:56:17,9730354.696,0.000000008,0.000000000000275992,6581006,2019-02-04 13:56:17,btc,5.589273209184,130013.0,0.000000008,btc,7184971.3288,0.001220071,0.0166828676008,224
0,[],22,[],2019-02-04 13:56:40,0.0,0,0,6581007,2019-02-04 13:56:40,,0.0,0.0,0,,0.0,0.0,0.0,224
1,[],26,[],2019-02-04 13:56:40,0.0,0.00000022,0.00000000000758978,6581008,2019-02-04 13:56:40,btc,0.0,20.0,0.00000022,btc,0.0,0.0,0.0,231
1,[],26,[],2019-02-04 13:56:40,0.0,0.00000004,0.0000000000013799600000000001,6581009,2019-02-04 13:56:40,btc,0.0,100.0,0.00000004,btc,0.0,0.0,0.0,234
0,[],27,[],2019-02-04 13:56:44,0.0,0,0,6581010,2019-02-04 13:56:44,,0.0113483662182,0.0,0,"btc,eth",11462.99618,0.0,0.0,234
0.0000000000982923,[],22,[],2019-02-04 13:57:04,4920000.0,9.82923e-19,3.3909860577e-23,6581011,2019-02-04 13:57:04,LTC,2.80256691,0.0,0.00000001,LTC,97369440.06349206,0.0,0.0492,235
1,[],4,[],2019-02-04 13:57:05,738260.21775331,0.00000063,0.00000000002173437,6581012,2019-02-04 13:57:05,btc,0.1582546830547993,0.0,0.00000063,btc,142802.99622043,0.01644231,0.1551239107857693,236
1,[],24,[],2019-02-04 13:57:05,0.0,0.000000010000,0.00000000000034499000000000003,6581013,2019-02-04 13:57:05,btc,0.0,0.0,0.000000010000,btc,0.0,0.0,0.0,236
1,[],20,[],2019-02-04 13:57:07,12747389.3878,0.000000061,0.000000000002104439,6581014,2019-02-04 13:57:07,btc,16.2580663473419,12919624.3232,0.000000061,btc,26144985.9023,0.7950602141876,0.3757110056498,237
1,[],22,[],2019-02-04 13:57:24,10000.0,0.00000001,0.00000000000034499000000000003,6581015,2019-02-04 13:57:24,BTC,0.04083605,0.0,0.00000001,BTC,4179.0,0.0,0.0001,237
1,[],4,[],2019-02-04 13:57:25,4421053.31807714,0.00000035,0.000000000012074650000000001,6581016,2019-02-04 13:57:25,btc,0.5994049739724744,0.0,0.00000035,btc,1480418.24175696,0.54028292,1.4094096021330258,238
1,[],5,[],2019-02-04 13:57:26,4.29e-06,0.00000033,0.00000000001138467,6581017,2019-02-04 13:57:26,btc,0.72699455,0.04368277,0.00000033,btc,2.957e-05,0.0,0.30380564,238
1,[],22,[],2019-02-04 13:57:38,199984.0,0.00000003,0.00000000000103497,6581018,2019-02-04 13:57:38,BTC,15.41362805,0.0,0.00000003,BTC,291606.3139027493,0.0019103,0.00599952,249
0.0000000000982923,[],22,[],2019-02-04 13:57:52,1311049.0,2.9487689999999998e-18,1.01729581731e-22,6581019,2019-02-04 13:57:52,LTC,0.46385524,0.0,0.00000003,LTC,14489283.09,6.5218906896e-14,0.03833449,252
1,[],28,[],2019-02-04 13:57:56,2329675.778,0.0000001,0.0000000000034499,6581020,2019-02-04 13:57:56,btc,164692.26841830692,177055.111,0.0000001,btc,620749.1085,0.0,0.07983160099,256
1,[],22,[],2019-02-04 13:58:12,84283.66666666667,0.00000003,0.00000000000103497,6581021,2019-02-04 13:58:12,BTC,35605.55903929,0.0,0.00000003,BTC,506789.34188300685,0.00149116,0.00131203,258
1,[],22,[],2019-01-26 20:58:41,368451.0,0.00000001,0.000000000000356135,6510120,2019-01-26 20:58:41,BTC,2.642917,0.0,0.00000001,"BTC,LTC",1862.0,0.0,0.02488451,259
1,[],22,[],2019-02-04 13:58:19,35834.09428571429,0.00000700,0.00000000024149300000000004,6581022,2019-02-04 13:58:19,BTC,4.70992424,0.0,0.00000700,BTC,8475.446929624764,0.0009113,0.035059,262
1,[],5,[],2019-02-04 13:58:21,6.913e-05,0.00000286,0.00000000009866714000000001,6581023,2019-02-04 13:58:21,btc,1.06606489,0.59327675,0.00000286,btc,0.0008747,0.0,0.25063308,264
1,[],20,[],2019-02-04 13:58:23,1164995.9346,0.000003011,0.000000000103876489,6581024,2019-02-04 13:58:23,btc,4.9952432538931,16040.4276,0.000003011,btc,94264.3517,0.068684790533,0.0188050523638,264
1,[],22,[],2019-02-04 13:59:01,131617.0,0.00000002,0.0000000000006899800000000001,6581025,2019-02-04 13:59:01,BTC,8.61803716,0.0,0.00000002,BTC,341694.0960910512,6.8e-05,0.00213471,271
0,[],22,[],2019-02-04 13:59:09,0.0,0,0,6581026,2019-02-04 13:59:09,,369.26513139,0.0,0,,14581807828.9,0.0,0.0,272
0.0000000000000055,[],28,[],2019-02-04 14:01:11,252491812746.071,6.27e-21,2.1630873000000003e-25,6581027,2019-02-04 14:01:11,doge,299088870.1291309,21549567914.634,0.00000114,doge,154501136654.531,0.0,8.847689857210153e-10,272
0,[],22,[],2019-02-04 14:01:22,0.0,0,0,6581028,2019-02-04 14:01:22,,0.0,0.0,0,,0.0,0.0,0.0,281
