pairValue,buyBook,exchangeId,sellBook,updated,buyTotal,satoshiPrice,usdPrice,exchangeLogId,created,bestPair,sellTotalBtc,volume,pairPrice,activePairs,sellTotal,volumeBtc,buyTotalBtc,coinId
1,[],3,[],2019-03-05 00:51:59,30535.89990202086,0.0126145600000000003559907924000071943737566471099853515625,0.000000468407626288,6845500,2019-03-05 00:51:59,btc,61.11168361088168,0.24120148,0.0126145600000000003559907924000071943737566471099853515625,btc,25.291341185169,0.0,0.2553259522694086,1
1,[],4,[],2019-03-05 00:52:00,207890.96064872,0.01261701,0.000000468498600423,6845501,2019-03-05 00:52:00,btc,9.48377334693396,0.0,0.01261701,btc,282.19093743,0.69178178,2.830772840669066,1
1,[],5,[],2019-03-05 00:52:02,0.0,0,0,6845502,2019-03-05 00:52:02,btc,0.0,0.08619577,0,btc,0.0,0.0,0.0,1
1,[],10,[],2019-03-05 00:52:04,414651.12659007,0.01130581,0.000000419810728663,6845503,2019-03-05 00:52:04,btc,6521.079361865441,2105.80320754,0.01130581,btc,1002.94270341,0.0,5.542463673939301,1
1,[],12,[],2019-03-05 00:52:07,10494.63644371,0.0125900000000000004962696920074449735693633556365966796875,0.00000046749565700000005,6845504,2019-03-05 00:52:07,btc,0.4834320153272,0.0,0.0125900000000000004962696920074449735693633556365966796875,btc,28.94335994,0.1511666675041,0.4230818157826,1
1,[],20,[],2019-03-05 00:52:09,1152.0583,0.010500213,0.0000003898970591799,6845505,2019-03-05 00:52:09,btc,0.0625062184556,0.0,0.010500213,btc,3.0899,0.0,0.1004622630051,1
1,[],21,[],2019-03-05 00:52:10,2147.33902806,0.01258224999999999968447461640,0.000000467207881675,6845506,2019-03-05 00:52:10,btc,18.647005964089715,3174.4411163600003,0.0125822499999999996844746164015305112116038799285888671875,"btc,eth",2129.18445939,32.01271636112408,21.55846130945947,1
1,[],22,[],2019-03-05 00:52:14,0.006382215384615385,0.01300000,0.0000004827199,6845507,2019-03-05 00:52:14,BTC,0.31439419,0.0,0.01300000,BTC,0.12751438772928525,0.0,7.978e-05,1
1,[],24,[],2019-03-05 00:52:14,0.0,0.000000000000,0,6845508,2019-03-05 00:52:14,btc,0.0,0.0,0.000000000000,btc,0.0,0.0,0.0,1
0.0,[],25,[],2019-03-05 00:52:15,0.0,0,0,6845509,2019-03-05 00:52:15,btc,17.937499999225977,4933.28647225,0.0,btc,1396.5855837,63.1116,0.0,1
1,[],26,[],2019-03-05 00:52:24,0.0,0,0,6845510,2019-03-05 00:52:24,,0.0,0.0,0,,0.0,0.0,0.0,1
1,[],28,[],2019-03-05 00:52:27,993.142,0.01323000,0.000000491260329,6845511,2019-03-05 00:52:27,btc,0.162839806,17981.95,0.01323000,btc,8.9,0.0,0.089302756,1
0,[],2,[],2019-01-20 23:28:45,0.0,0,0,6477011,2019-01-20 23:28:45,,0.0,0.0,0,,0.0,0.0,0.0,1
1,[],5,[],2019-03-05 00:52:29,0.0,0,0,6845512,2019-03-05 00:52:29,btc,0.0,0.01076537,0,btc,0.0,0.0,0.0,2
0.0000000001264687,[],22,[],2019-03-05 00:52:32,1148.0,1.3911557e-16,5.165681079911e-21,6845513,2019-03-05 00:52:32,XMR,21.01373823,0.0,0.00000110,XMR,14319.12581,0.0,0.00087635,2
1,[],5,[],2019-03-05 00:52:34,0.0,0,0,6845514,2019-03-05 00:52:34,btc,0.0,0.98503189,0,btc,0.0,0.0,0.0,3
1,[],12,[],2019-03-05 00:52:35,13363102.6391,0.000000176,0.0000000000065352847999999995,6845515,2019-03-05 00:52:35,btc,924384.5403254705,0.0,0.000000176,btc,8034232.14297487,0.04512210380682086,0.7475924883259,3
0,[],28,[],2019-03-05 00:52:36,0.0,0,0,6845516,2019-03-05 00:52:36,,0.0,0.0,0,,0.0,0.0,0.0,3
0,[],2,[],2019-01-20 23:31:32,0.0,0,0,6477077,2019-01-20 23:31:32,,0.0,0.0,0,,0.0,0.0,0.0,4
1,[],4,[],2019-03-05 00:52:38,379313.1299221,0.00000032,0.000000000011882336,6845517,2019-03-05 00:52:38,btc,32.10772888956506,0.0,0.00000032,btc,715647.52175842,0.0,0.0485486592211668,4
1,[],12,[],2019-03-05 00:52:39,1379823.02,0.00000003,0.000000000001113969,6845518,2019-03-05 00:52:39,btc,11013925.647185193,0.0,0.00000003,btc,1487826.32371984,6.786e-05,0.0214373704,5
0,[],2,[],2019-01-20 23:31:51,0.0,0,0,6477087,2019-01-20 23:31:51,,0.0,0.0,0,,0.0,0.0,0.0,6
1,[],11,[],2019-03-05 00:52:40,5580884.5,0.00000002,0.0000000000007426460000000001,6845519,2019-03-05 00:52:40,btc,9568.207380782815,1296000.0,0.00000002,btc,41777632.07452957,0.0,0.079092525,6
1,[],3,[],2019-03-05 00:52:41,1084.100212236546,0.00015149000000000000139277478439225887996144592761993408203125,0.000000005625172127,6845520,2019-03-05 00:52:41,btc,28.402034233092024,0.0,0.00015149000000000000139277478439225887996144592761993408203125,btc,243.122414578101,0.0,0.03373079038816939,7
1,[],4,[],2019-03-05 00:52:42,98518.34134972,0.00024678,0.000000009163508994,6845521,2019-03-05 00:52:42,btc,21.10792561138183,0.0,0.00024678,btc,53294.63680303,3.92645724,6.479439036766891,7
1,[],5,[],2019-03-05 00:52:44,0.0,0,0,6845522,2019-03-05 00:52:44,btc,0.0,0.65765696,0,btc,0.0,0.0,0.0,7
1,[],20,[],2019-02-20 02:16:17,39399275.8418,0.000000001,0.0000000000000390183,6728586,2019-02-20 02:16:17,btc,116.9737569154545,525.0,0.000000001,btc,56932965.8895,5.25e-07,0.0393992758418,8
0,[],2,[],2019-01-20 23:22:42,0.0,0,0,6476876,2019-01-20 23:22:42,,0.0,0.0,0,,0.0,0.0,0.0,9
0,[],23,[],2019-01-20 23:22:48,0.0,0,0,6476878,2019-01-20 23:22:48,,0.0,0.0,0,,0.0,0.0,0.0,9
1,[],4,[],2019-03-05 00:52:46,1990959.72697339,0.00000164,0.000000000060896972,6845523,2019-03-05 00:52:46,btc,6.251685437601437,0.0,0.00000164,btc,2869043.06191249,1.14041143,0.7811432415337212,9
1,[],28,[],2019-03-05 00:52:48,47563.15,0.00000166,0.000000000061639618,6845524,2019-03-05 00:52:48,btc,2708.761281370583,3620505.29,0.00000166,btc,11954.1497,0.0,0.050224829,9
1,[],1,[],2019-02-17 23:31:42,1822507.21,0.00000181000000000000003456111265232042484285557293333113193511962890625,0.000000000066086901,6701244,2019-02-17 23:31:42,btc,3.6990969245,17153386.5,0.00000181000000000000003456111265232042484285557293333113193511962890625,btc,1997391.71,31.11772986,3.2610482446,9
1,[],4,[],2019-02-17 11:22:43,4341674.27126056,0.00000002,0.0000000000007272960000000001,6696112,2019-02-17 11:22:43,btc,0.1997230937751353,0.0,0.00000002,btc,4109766.79808031,0.00215132,0.0479381022052112,10
1,[],4,[],2019-03-05 00:52:50,6112422.57692281,0.00000118,0.000000000043816114,6845525,2019-03-05 00:52:50,btc,10.98146583918184,0.0,0.00000118,btc,5982351.78027464,4.60567319,3.536824592006582,12
1,[],5,[],2019-03-05 00:52:51,0.0,0,0,6845526,2019-03-05 00:52:51,btc,0.0,0.45048154,0,btc,0.0,0.0,0.0,12
0.0,[],25,[],2019-03-05 00:52:53,0.0,0,0,6845527,2019-03-05 00:52:53,,0.0,0.0,0.0,btc,0.0,0.0,0.0,12
0,[],2,[],2019-01-20 23:23:08,0.0,0,0,6476890,2019-01-20 23:23:08,,0.0,0.0,0,,0.0,0.0,0.0,12
1,[],4,[],2019-03-05 00:52:55,31941979.91997048,0.00000570,0.00000000021165411,6845528,2019-03-05 00:52:55,btc,2.9635884761798583,0.0,0.00000570,btc,413472.05340298,0.4375104,0.7779314891526731,13
1,[],21,[],2019-03-05 00:52:58,1013633.76898123,0.000005820000000000000181326308135,0.00000000021610998600000002,6845529,2019-03-05 00:52:58,btc,6.328370446300068,707510.90435238,0.000005820000000000000181326308135165703561142436228692531585693359375,btc,996360.29146137,4.06511849,5.384260296321531,13
1,[],10,[],2019-03-05 00:44:19,414774.21507987,0.00000531,0.000000000197605278,6845329,2019-03-05 00:44:19,btc,666802.4844046463,13176.3935631,0.00000531,btc,727864.95816849,0.0,0.2273309677696913,13
1,[],4,[],2019-03-05 00:52:59,717975.25517046,0.00000130,0.000000000048271990000000003,6845530,2019-03-05 00:52:59,btc,28.511210875964213,0.0,0.00000130,btc,911645.59096666,0.0622753,0.1679438266056921,14
1,[],12,[],2019-03-05 00:53:00,213660.43169654,0.000001359999999999999896105784720490294859018831630237400531768798828125,0.000000000050499928,6845531,2019-03-05 00:53:00,btc,5.29127308453475,0.0,0.000001359999999999999896105784720490294859018831630237400531768798828125,btc,31237.09625984,0.0001497868032,0.0227925199998559,14
1,[],26,[],2019-03-05 00:53:11,0.0,0.00000050,0.00000000001856615,6845532,2019-03-05 00:53:11,btc,0.0,0.0,0.00000050,btc,0.0,0.0,0.0,14
0,[],17,[],2019-03-05 00:44:34,0.0,0,0,6845333,2019-03-05 00:44:34,btc,0.0,0.0,0,btc,0.0,0.0,0.0,14
0,[],4,[],2019-03-05 00:53:13,0.0,0,0,6845533,2019-03-05 00:53:13,,0.0,0.0,0,,0.0,0.0,0.0,15
,[],12,[],2018-12-01 15:15:48,204241.84496,0.00000489,0.000000000202473384,5260204,2018-12-01 15:15:48,btc,49.5475654835,0.0,,btc,35763.2193806,0.0163153972027625,0.0203389899998,15
1,[],4,[],2019-03-05 00:53:14,25362.83862005,0.00001771,0.0000000006576130330000001,6845534,2019-03-05 00:53:14,btc,1.357738144790075,0.0,0.00001771,btc,15775.48953458,0.01576729,0.0727263995260506,18
1,[],10,[],2019-03-05 00:53:16,786460.28465139,0.00001728,0.000000000641646144,6845535,2019-03-05 00:53:16,btc,15.392773525192117,3867.46582003,0.00001728,btc,13627.07518291,0.0,0.1820854405488966,18
1,[],12,[],2019-03-05 00:53:17,193101.47575595998,0.00001650999999999999947523747489963596990492078475654125213623046875,0.000000000613054273,6845536,2019-03-05 00:53:17,btc,23.636476536067473,0.0,0.00001650999999999999947523747489963596990492078475654125213623046875,btc,2220.9563304499998,0.0248022335428069,0.0311264113411139,18
0,[],17,[],2019-03-05 00:53:28,0.0,0,0,6845537,2019-03-05 00:53:28,btc,0.0,0.0,0,btc,0.0,0.0,0.0,18
0,[],2,[],2019-01-20 23:23:38,0.0,0,0,6476906,2019-01-20 23:23:38,,0.0,0.0,0,,0.0,0.0,0.0,18
1,[],3,[],2019-03-05 00:53:30,118624.84913106654,0.000020100000000000000678623823802126935333944857120513916015625,0.0000000007463592300000001,6845538,2019-03-05 00:53:30,btc,0.5483373544727321,0.0,0.000020100000000000000678623823802126935333944857120513916015625,btc,9920.83263074671,0.0,0.03584673339884104,19
1,[],4,[],2019-03-05 00:53:31,402143.17863932,0.00001908,0.000000000708484284,6845539,2019-03-05 00:53:31,btc,2.250222340017342,0.0,0.00001908,btc,77923.14380391,0.40982408,2.2076669227723213,19
1,[],5,[],2019-03-05 00:53:32,0.0,0,0,6845540,2019-03-05 00:53:32,btc,0.0,0.00548902,0,btc,0.0,0.0,0.0,19
1,[],12,[],2019-03-05 00:53:33,134876.29243633,0.00001836999999999999860756348668555659742196439765393733978271484375,0.000000000682120351,6845541,2019-03-05 00:53:33,btc,0.11187289071027991,0.0,0.00001836999999999999860756348668555659742196439765393733978271484375,btc,417.56200924,0.00131037,0.1133963898985193,19
0,[],27,[],2019-03-05 00:53:35,0.0,0,0,6845542,2019-03-05 00:53:35,,0.0,0.0,0,btc,0.0,0.0,0.0,19
0,[],2,[],2019-01-20 23:24:19,0.0,0,0,6476924,2019-01-20 23:24:19,,0.0,0.0,0,,0.0,0.0,0.0,19
1,[],4,[],2019-03-05 00:53:37,2777931.30750687,0.00000013,0.0000000000048271990000000005,6845543,2019-03-05 00:53:37,btc,7.37859059072158,0.0,0.00000013,btc,2855684.97012105,0.0001008,0.0778367123002956,20
1,[],4,[],2019-03-05 00:53:38,104056136.21537024,0.00000002,0.000000000000742646,6845544,2019-03-05 00:53:38,btc,1799.0982216782281,0.0,0.00000002,btc,55494697.40039335,0.0,1.1678631674280453,21
1,[],12,[],2019-03-05 00:53:39,17916951.0,0.00000002,0.0000000000007426460000000001,6845545,2019-03-05 00:53:39,btc,670.8733402334847,0.0,0.00000002,btc,8127598.32857329,0.0,0.23057926,21
0,[],17,[],2019-03-05 00:53:42,0.0,0,0,6845546,2019-03-05 00:53:42,btc,0.0,0.0,0,btc,0.0,0.0,0.0,21
1,[],12,[],2019-03-05 00:53:43,3140439209.531895,0.0000000001,0.0000000000000037132300000000006,6845547,2019-03-05 00:53:43,btc,975866455574.2476,0.0,0.0000000001,btc,5106602565.822393,0.014991357650649347,0.3140439209531895,23
0,[],27,[],2019-03-05 00:53:45,0.0,0,0,6845548,2019-03-05 00:53:45,,13.503633221578426,0.0,0,eth,2004616.85364636,0.0,0.0,23
1,[],4,[],2019-03-05 00:53:46,483967.27166644,0.00000043,0.000000000015966889,6845549,2019-03-05 00:53:46,btc,8.438684150546646,0.0,0.00000043,btc,1524788.49044757,0.0,0.146103912272287,24
1,[],22,[],2019-03-05 00:53:49,11.76,0.00000100,0.0000000000371323,6845550,2019-03-05 00:53:49,BTC,7.415e-05,0.0,0.00000100,BTC,23.919354838709676,0.0,1.176e-05,24
0.0,[],25,[],2019-03-05 00:53:51,0.0,0,0,6845551,2019-03-05 00:53:51,,0.0,0.0,0.0,btc,0.0,0.0,0.0,24
1,[],4,[],2019-03-05 00:53:52,26583410.96235225,0.00000601,0.000000000223165123,6845552,2019-03-05 00:53:52,btc,62.17052067546983,0.0,0.00000601,btc,240479.74570094,0.08954991,0.4620906708283052,26
1,[],10,[],2019-03-05 00:53:54,686622.30697214,0.00000604,0.000000000224279092,6845553,2019-03-05 00:53:54,btc,26.127020343694557,4593.43598926,0.00000604,btc,14176.78962654,0.0,0.2283450327925614,26
0,[],2,[],2019-01-20 23:25:56,0.0,0,0,6476976,2019-01-20 23:25:56,,0.0,0.0,0,,0.0,0.0,0.0,26
1,[],3,[],2019-03-05 00:53:55,10350241.88133568,0.00000001,0.00000000000037132300000000004,6845554,2019-03-05 00:53:55,btc,2.1359312359862903,1654558.94107,0.00000001,btc,16336819.57687014,0.0,0.1035024188133568,27
1,[],5,[],2019-03-05 00:53:56,0.0,0,0,6845555,2019-03-05 00:53:56,btc,0.0,5.968e-05,0,btc,0.0,0.0,0.0,27
1,[],11,[],2019-03-05 00:53:57,9462011.01151506,0.00000005,0.000000000001856615,6845556,2019-03-05 00:53:57,btc,67506.37927837588,8043.88,0.00000005,btc,7972323.38084264,0.0,0.4410008448653851,27
1,[],4,[],2019-03-05 00:53:58,1362959035.2585268,0.00000002,0.000000000000742646,6845557,2019-03-05 00:53:58,btc,2.805789438370115,0.0,0.00000002,"btc,ltc",199313165.1625977,0.18819469,9.304943748403948,29
1,[],7,[],2019-03-05 00:54:00,35378168.81376059,0.00000002,0.0000000000007426460000000001,6845558,2019-03-05 00:54:00,btc,44462590.680427365,80306.5416409,0.00000002,btc,46327741.5737255,0.00183393,0.37665743203623775,29
1,[],4,[],2019-03-05 00:54:01,2329721.31849504,0.00000023,0.000000000008540429000000001,6845559,2019-03-05 00:54:01,btc,2.4335870366679173,0.0,0.00000023,btc,1689978.90733414,0.00470227,0.1000589781012165,30
0,[],17,[],2019-03-05 00:54:02,0.0,0,0,6845560,2019-03-05 00:54:02,btc,0.0,0.0,0,btc,0.0,0.0,0.0,30
1,[],4,[],2019-03-05 00:54:03,206350.12503164,0.00007034,0.000000002611885982,6845561,2019-03-05 00:54:03,btc,10.189920212958958,0.0,0.00007034,btc,92304.63040864,5.39817839,3.4287519686565573,31
1,[],21,[],2019-03-05 00:54:04,123689.38802741,0.00007708000000000000062009425372,0.000000002862157684,6845562,2019-03-05 00:54:04,btc,10.81301559192488,2021424.41586325,0.000077080000000000000620094253722669463968486525118350982666015625,btc,124376.68643562999,153.54198912,8.344825130952168,31
0,[],2,[],2019-01-20 23:28:43,0.0,0,0,6477009,2019-01-20 23:28:43,,0.0,0.0,0,,0.0,0.0,0.0,32
1,[],4,[],2019-03-05 00:54:05,441191468.4529672,0.00000004,0.000000000001485292,6845563,2019-03-05 00:54:05,btc,12.216957342159176,0.0,0.00000004,"btc,ltc",221994070.5219566,0.32462446,10.548504740257059,33
1,[],12,[],2019-03-05 00:54:06,16222592.35,0.00000004,0.0000000000014852920000000002,6845564,2019-03-05 00:54:06,btc,35634762.20920381,0.0,0.00000004,btc,96287558.45454533,0.001719670649351,0.3051694705,33
1,[],4,[],2019-03-05 00:54:07,112889012.02325623,0.00000001,0.000000000000371323,6845565,2019-03-05 00:54:07,btc,3.5863056817148684,0.0,0.00000001,btc,101269323.56602378,0.0193738,1.1288901202325623,34
1,[],5,[],2019-03-05 00:54:08,0.0,0,0,6845566,2019-03-05 00:54:08,btc,0.0,0.10734573,0,btc,0.0,0.0,0.0,34
0.0000000001232804,[],4,[],2019-03-05 00:54:08,2309722939.2333336,1.232804e-18,4.57768479692e-23,6845567,2019-03-05 00:54:08,ltc,6.143996515494638e-08,0.0,0.00000001,ltc,8397399196.532629,0.0,2.8474356783786102e-09,36
1,[],5,[],2019-03-05 00:54:09,0.0,0,0,6845568,2019-03-05 00:54:09,btc,0.0,0.0,0,btc,0.0,0.0,0.0,36
0,[],17,[],2019-03-05 00:54:20,0.0,0,0,6845569,2019-03-05 00:54:20,btc,0.0746458232965017,0.0,0,btc,4103573.70243647,0.0,0.0,36
0.000000000338797,[],27,[],2019-03-05 00:54:23,11290000.0,3.38797e-18,1.25803118431e-22,6845570,2019-03-05 00:54:23,eth,222.6013767858684,0.0,0.00000001,"ltc,eth",11165403.32426039,0.0,2.0320920252e-11,36
1,[],4,[],2019-03-05 00:45:49,195432.45786236,0.00000057,0.000000000021211866,6845372,2019-03-05 00:45:49,btc,19772.482666126198,0.0,0.00000057,btc,561421.65843876,0.02732216,0.0786997079125485,37
1,[],12,[],2019-03-05 00:45:50,488762.90321703,0.00000057,0.000000000021211866,6845373,2019-03-05 00:45:50,btc,1345.8090470663367,0.0,0.00000057,btc,941348.58338356,0.0703948127053464,0.1228930299999984,37
1,[],17,[],2019-03-05 00:45:52,1752.74075282,0.00000025,0.00000000000930345,6845374,2019-03-05 00:45:52,btc,0.05548492398263865,0.0,0.00000025,btc,1387.19918473,0.0,0.00043818518820499993,37
1,[],27,[],2019-03-05 00:45:54,14685.567,0.00000045,0.00000000001674621,6845375,2019-03-05 00:45:54,btc,25.82157785111233,0.0,0.00000045,btc,6804.86438508,0.0,0.00480032515,37
1,[],5,[],2019-03-05 00:54:25,0.0,0,0,6845571,2019-03-05 00:54:25,btc,0.0,0.00028325,0,btc,0.0,0.0,0.0,42
1,[],12,[],2019-03-05 00:54:26,262146.04857353,0.00000110000000000000005610204141526242693771564518101513385772705078125,0.000000000040845530000000004,6845572,2019-03-05 00:54:26,btc,94.6382271330987,0.0,0.00000110000000000000005610204141526242693771564518101513385772705078125,btc,90622.00461036,0.0772361351427731,0.068729074947561,42
0.000000000338797,[],27,[],2019-03-05 00:54:28,2000.0,3.38797e-18,1.25803118431e-22,6845573,2019-03-05 00:54:28,eth,0.00315028,0.0,0.00000001,"btc,eth",11.007,0.0,6.77594e-15,42
1,[],5,[],2019-03-05 00:54:30,0.0,0,0,6845574,2019-03-05 00:54:30,btc,0.0,0.00027471,0,btc,0.0,0.0,0.0,43
1,[],12,[],2019-03-05 00:54:31,1209361.0,0.00000001,0.00000000000037132300000000004,6845575,2019-03-05 00:54:31,btc,3569.074552336114,0.0,0.00000001,btc,11768494.65174823,0.0,0.01209361,43
0,[],17,[],2019-03-05 00:54:32,0.0,0,0,6845576,2019-03-05 00:54:32,btc,0.0,0.0,0,btc,0.0,0.0,0.0,43
1,[],12,[],2019-03-05 00:54:33,639326.02,0.00000004,0.0000000000014852920000000002,6845577,2019-03-05 00:54:33,btc,11116042.728239931,0.0,0.00000004,btc,1103841.4595604,0.0003330765234764,0.014975410599999999,44
1,[],4,[],2019-03-05 00:54:34,290657864.1324073,0.00000002,0.000000000000742646,6845578,2019-03-05 00:54:34,btc,473.6490854879832,0.0,0.00000002,"btc,ltc",12364630.06525513,0.00232157,0.19668532694539254,49
0.0000000001232804,[],4,[],2019-03-05 00:54:35,15000000.0,1.232804e-18,4.57768479692e-23,6845579,2019-03-05 00:54:35,ltc,25.80878385287138,0.0,0.00000001,ltc,9708123669.843403,0.0,1.849206e-11,52
0.0000000001264687,[],22,[],2019-03-05 00:54:39,80845862.0,1.2646869999999999e-18,4.69607370901e-23,6845580,2019-03-05 00:54:39,XMR,4366.97466637,0.0,0.00000001,XMR,255820234.67882353,0.0,0.80845862,57
0.000000000338797,[],27,[],2019-03-05 00:54:41,2000.0,3.38797e-18,1.25803118431e-22,6845581,2019-03-05 00:54:41,eth,0.0,0.0,0.00000001,"btc,eth",0.0,0.0,6.77594e-15,57
0.0000000001232804,[],4,[],2019-03-05 00:54:42,794976444.7423334,3.698412e-18,1.3733054390760002e-22,6845582,2019-03-05 00:54:42,ltc,18.80718529915643,0.0,0.00000003,ltc,4123359232.006152,0.0,1.7229761042425e-09,58
1,[],12,[],2019-03-05 00:54:43,1726681631.843957,0.0000000004,0.000000000000014852920000000002,6845583,2019-03-05 00:54:43,btc,224005953968.9417,0.0,0.0000000004,btc,3818149125.5989785,0.024868271417877716,0.5658185369011391,58
0,[],17,[],2019-03-05 00:54:46,0.0,0,0,6845584,2019-03-05 00:54:46,btc,1e+24,0.0,0,btc,49306342.21952568,0.0,0.0,58
0.0000000001264687,[],22,[],2019-03-05 00:54:49,137438.0,1.2646869999999999e-18,4.69607370901e-23,6845585,2019-03-05 00:54:49,XMR,69.8835922,0.0,0.00000001,XMR,9887963.0,0.0,0.00137438,58
1,[],5,[],2019-03-05 00:54:50,0.0,0,0,6845586,2019-03-05 00:54:50,btc,0.0,0.00589067,0,btc,0.0,0.0,0.0,61
1,[],22,[],2019-03-05 00:54:53,13759.5,0.00000012,0.000000000004455876,6845587,2019-03-05 00:54:53,BTC,1002.29597012,0.0,0.00000012,BTC,14947.700278135757,0.0,0.00155017,61
1,[],26,[],2019-03-05 00:54:54,0.0,0.00000800,0.0000000002970584,6845588,2019-03-05 00:54:54,btc,0.0,0.0,0.00000800,btc,0.0,0.0,0.0,61
1,[],27,[],2019-03-05 00:54:56,4413.2201,0.00000047,0.000000000017452181,6845589,2019-03-05 00:54:56,btc,7.76072757961638,0.0,0.00000047,"btc,eth",19950.11257617,0.0,0.0012446999688496836,61
1,[],28,[],2019-03-05 00:54:58,13880.304,0.0000005,0.00000000001856615,6845590,2019-03-05 00:54:58,btc,2.056312978300105,767.0,0.0000005,btc,9730.59500005,0.0,0.00566391304,61
1,[],4,[],2019-03-05 00:54:58,1305699.29961831,0.00000277,0.000000000102856471,6845591,2019-03-05 00:54:58,btc,11.158789343505793,0.0,0.00000277,btc,775475.56809762,0.17218043,1.0862925265426815,67
0.0,[],25,[],2019-03-05 00:55:00,0.0,0,0,6845592,2019-03-05 00:55:00,,0.0,0.0,0.0,btc,0.0,0.0,0.0,67
1,[],12,[],2019-03-05 00:55:01,1787149.21899999,0.0000002,0.00000000000742646,6845593,2019-03-05 00:55:01,btc,11115899.277120637,0.0,0.0000002,btc,2221802.18100562,0.0007185661238777,0.0816397664411098,71
,[],5,[],2018-11-20 23:02:39,1.5e-07,0.00000005,0.000000000002128045,4862160,2018-11-20 23:02:39,btc,2.84511358,0.0,,btc,0.00036572,0.0,0.07381892,74
1,[],5,[],2019-03-05 00:55:02,0.0,0,0,6845594,2019-03-05 00:55:02,btc,0.0,0.0,0,btc,0.0,0.0,0.0,75
1,[],4,[],2019-03-05 00:55:03,15824487.347575,0.00000001,0.000000000000371323,6845595,2019-03-05 00:55:03,btc,11388.971513954408,0.0,0.00000001,btc,39319058.17822428,0.0,0.15824487347575,81
0,[],20,[],2019-01-25 09:30:31,0.0,0,0,6495923,2019-01-25 09:30:31,btc,0.0,0.0,0,btc,0.0,0.0,0.0,81
1,[],4,[],2019-03-05 00:55:06,28196.20036322,0.00007710,0.00000000286290033,6845596,2019-03-05 00:55:06,btc,18.135118207183833,0.0,0.00007710,btc,12366.79390039,0.03782637,0.1666912804360736,82
1,[],21,[],2019-03-05 00:55:06,748484.82310115,0.00007312000000000000465329164090,0.0000000027151137760000003,6845597,2019-03-05 00:55:06,btc,2.257276967177308,5441.24119644,0.00007312000000000000465329164089922642233432270586490631103515625,btc,25866.72229038,0.39748842,1.7804011231282926,82
0,[],17,[],2019-03-05 00:55:08,0.0,0,0,6845598,2019-03-05 00:55:08,btc,0.0447233088476774,0.0,0,btc,999127.19588126,0.0,0.0,84
0.0000000001232804,[],4,[],2019-03-05 00:55:10,121090030.66553254,3.698412e-18,1.3733054390760002e-22,6845599,2019-03-05 00:55:10,ltc,1.7494930860123772,0.0,0.00000003,ltc,412172946.8867975,0.0,2.298014241731808e-10,85
,[],22,[],2018-11-20 23:09:34,3408.1,0.0000001,0.0000000000041895,4862324,2018-11-20 23:09:34,BTC,0.04624735,0.0,,BTC,4990.0,0.0,0.00033081,86
0,[],22,[],2019-02-22 12:52:35,0.0,0,0,6758847,2019-02-22 12:52:35,,2.0760781,0.0,0,,140622.94736842104,0.0,0.0,87
0,[],27,[],2019-02-22 12:52:37,0.0,0,0,6758848,2019-02-22 12:52:37,,0.0,0.0,0,btc,0.0,0.0,0.0,87
,[],2,[],2018-11-20 23:10:47,0.0,0,0,4862359,2018-11-20 23:10:47,,0.0,0.0,,,0.0,0.0,0.0,88
1,[],11,[],2019-03-05 00:55:12,91827.38423354,0.00014191000000000000163570545996805094546289183199405670166015625,0.000000005269444693,6845600,2019-03-05 00:55:12,btc,607.8127591079649,9611.86814423,0.00014191000000000000163570545996805094546289183199405670166015625,btc,92703.3113305,0.0,6.088197697456551,89
0,[],2,[],2019-01-20 23:31:45,0.0,0,0,6477083,2019-01-20 23:31:45,,0.0,0.0,0,,0.0,0.0,0.0,91
0,[],17,[],2019-03-04 22:56:26,0.0,0,0,6845011,2019-03-04 22:56:26,btc,0.0,0.0,0,btc,0.0,0.0,0.0,91
1,[],12,[],2019-03-05 00:55:12,474304.26600045,0.0000011599999999999999051561623553130431218960438854992389678955078125,0.000000000043073468,6845601,2019-03-05 00:55:12,btc,39.56196583725028,0.0,0.0000011599999999999999051561623553130431218960438854992389678955078125,btc,71176.40925501,0.0015155652,0.0867264810780089,91
1,[],22,[],2019-03-05 00:55:22,65900.0,0.00000001,0.000000000000371323,6845602,2019-03-05 00:55:22,BTC,3e-06,0.0,0.00000001,BTC,1.0,0.0,0.000659,91
0.0000000001232804,[],22,[],2019-03-05 00:55:26,1820000.0,6.16402e-18,2.28884239846e-22,6845603,2019-03-05 00:55:26,LTC,8.54731773,0.0,0.00000005,LTC,72219994.1,0.0,0.091,95
0.0000000001232804,[],4,[],2019-03-05 00:55:27,646558463.1947199,7.7666652e-17,2.8839414220596e-21,6845604,2019-03-05 00:55:27,ltc,11.89468600890266,0.0,0.00000063,ltc,136359063.75997812,0.00010079,1.9172915754367917e-09,96
1,[],12,[],2019-03-05 00:55:28,75309.47400001,0.00000001,0.00000000000037132300000000004,6845605,2019-03-05 00:55:28,btc,378535.46164871764,0.0,0.00000001,btc,8978849.42490483,0.0007340508291708,0.0007530947400001,96
0,[],17,[],2019-03-05 00:55:39,0.0,0,0,6845606,2019-03-05 00:55:39,btc,0.0,0.0,0,btc,0.0,0.0,0.0,96
1,[],4,[],2019-03-05 00:55:40,1863661.7713426,0.00000023,0.000000000008540429000000001,6845607,2019-03-05 00:55:40,btc,2.67842420701969,0.0,0.00000023,btc,2530812.47452511,0.04739962,0.1240940422608888,99
0,[],2,[],2019-01-20 23:23:55,0.0,0,0,6476914,2019-01-20 23:23:55,,0.0,0.0,0,,0.0,0.0,0.0,100
1,[],4,[],2019-03-05 00:55:41,335420.09733366,0.00004193,0.000000001556957339,6845608,2019-03-05 00:55:41,btc,11.203988476396537,0.0,0.00004193,btc,152644.00857326,2.81647716,2.4276209833855047,100
1,[],22,[],2019-03-05 00:47:29,50000.0,0.00000001,0.000000000000372138,6845413,2019-03-05 00:47:29,BTC,23.49896609,0.0,0.00000001,BTC,10277.22,0.0,0.0005,101
1,[],4,[],2019-03-05 00:55:42,468465.87691888,0.00000086,0.000000000031933778,6845609,2019-03-05 00:55:42,btc,256.29456499458104,0.0,0.00000086,btc,494738.66656613,0.01585227,0.2377082887504266,103
1,[],12,[],2019-03-05 00:55:44,65264604.746,0.000000009,0.0000000000003341907,6845610,2019-03-05 00:55:44,btc,137279914.4596934,0.0,0.000000009,btc,126632588.44559163,0.02956366900595418,0.23667305771400002,105
1,[],27,[],2019-03-05 00:55:46,115397.89,0.00000001,0.000000000000371323,6845611,2019-03-05 00:55:46,btc,36.59332814491341,1044311.50067673,0.00000001,btc,822331.73571724,0.02088623,0.0011539789,105
1,[],22,[],2019-03-05 00:55:50,9328.0,0.00000001,0.000000000000371323,6845612,2019-03-05 00:55:50,BTC,51.10837004,0.0,0.00000001,BTC,470435.0,0.0,9.328e-05,107
1,[],26,[],2019-03-05 00:55:50,0.0,0.00000000,0,6845613,2019-03-05 00:55:50,btc,0.0,0.0,0.00000000,btc,0.0,0.0,0.0,107
1,[],5,[],2019-03-05 00:55:51,0.0,0,0,6845614,2019-03-05 00:55:51,btc,0.0,1.826e-05,0,btc,0.0,0.0,0.0,112
1,[],22,[],2019-03-05 00:55:59,1966.0,0.00000001,0.000000000000371323,6845615,2019-03-05 00:55:59,BTC,2.81183288,0.0,0.00000001,BTC,808524.0833333334,0.0,1.966e-05,112
0.000000000338797,[],27,[],2019-03-05 00:56:02,22000.0,2.032782e-17,7.54818710586e-22,6845616,2019-03-05 00:56:02,eth,1.24892491849924,0.0,0.00000006,"btc,eth",1288.641654,0.0,4.1333233999999997e-13,112
1,[],4,[],2019-03-05 00:56:03,1245307.90072386,0.00000203,0.000000000075378569,6845617,2019-03-05 00:56:03,btc,4.840425262933641,0.0,0.00000203,btc,336334.17045567,0.03586127,0.9146645588763362,113
1,[],5,[],2019-03-05 00:56:04,0.0,0,0,6845618,2019-03-05 00:56:04,btc,0.0,0.0,0,btc,0.0,0.0,0.0,113
1,[],17,[],2019-03-04 22:46:28,152738.278,0.00000004,0.0000000000014864959999999999,6844832,2019-03-04 22:46:28,btc,1.33680302678,0.0,0.00000004,btc,50696.221,0.0,0.0022095311199999998,116
0,[],27,[],2019-03-05 00:56:17,0.0,0,0,6845619,2019-03-05 00:56:17,,0.0,0.0,0,btc,0.0,0.0,0.0,116
1,[],4,[],2019-03-05 00:56:19,95289.44360624,0.00002556,0.0000000009491015880000001,6845620,2019-03-05 00:56:19,btc,29.32602371842484,0.0,0.00002556,btc,85624.82681167,1.49632243,1.3196837615383905,120
1,[],7,[],2019-03-05 00:56:20,21254.19121953,0.00002633000000000000032258917759264704727684147655963897705078125,0.0000000009776934590000001,6845621,2019-03-05 00:56:20,btc,115647.98440054286,30.12407667,0.00002633000000000000032258917759264704727684147655963897705078125,btc,56503.4043448,0.00092773,0.0553898275849475,120
1,[],20,[],2019-03-05 00:56:23,1959846.0027,0.000000035,0.0000000000012996305,6845622,2019-03-05 00:56:23,btc,32.2957660501996,17539.3,0.000000035,btc,1009791.7699,0.000641806,0.0226779048566,125
1,[],22,[],2019-03-05 00:56:27,3053.0,0.00000001,0.000000000000371323,6845623,2019-03-05 00:56:27,BTC,0.01444887,0.0,0.00000001,BTC,296263.5111111111,0.0,3.053e-05,126
0,[],17,[],2019-03-04 22:46:47,0.0,0,0,6844839,2019-03-04 22:46:47,btc,0.0009561751951600001,0.0,0,btc,35.42829368,0.0,0.0,131
0,[],2,[],2019-01-20 23:25:46,0.0,0,0,6476969,2019-01-20 23:25:46,,0.0,0.0,0,,0.0,0.0,0.0,131
1,[],4,[],2019-03-05 00:56:28,154961.28170311,0.00001272,0.000000000472322856,6845624,2019-03-05 00:56:28,btc,4.101215567787898,0.0,0.00001272,btc,116905.3202825,0.18709254,0.7543729789499706,131
1,[],4,[],2019-03-05 00:56:40,4557.17244235,0.00016001,0.000000005941539323,6845625,2019-03-05 00:56:40,btc,1.6199331195667153,0.0,0.00016001,btc,238.12730989,0.0,0.0084138372322641,135
1,[],3,[],2019-03-04 23:53:52,1063515.28776843,0.00000004,0.000000000001486156,6845230,2019-03-04 23:53:52,btc,0.10322328207855509,23700.2,0.00000004,btc,531673.35144011,0.0,0.0312037341737019,136
1,[],4,[],2019-03-05 00:56:40,277355.49577241,0.00000160,0.00000000005941168,6845626,2019-03-05 00:56:40,btc,38.23418211220859,0.0,0.00000160,btc,516586.88876027,0.02236596,0.0785425873034865,137
1,[],12,[],2019-03-05 00:56:42,293063.04103312,0.00000154999999999999998279913253351747215447176131419837474822998046875,0.000000000057555065,6845627,2019-03-05 00:56:42,btc,11807.60044707881,0.0,0.00000154999999999999998279913253351747215447176131419837474822998046875,btc,125097.44127342,0.0024440197089904,0.0182885800000054,137
1,[],17,[],2019-03-04 23:54:09,22967.386363640002,0.00000088,0.000000000032695432,6845235,2019-03-04 23:54:09,btc,20.0699133484,0.0,0.00000088,btc,405.079105,0.0,0.0104613000000032,142
1,[],4,[],2019-03-05 00:56:43,109567.72973534,0.00004104,0.000000001523909592,6845628,2019-03-05 00:56:43,btc,28.984877956850077,0.0,0.00004104,btc,46154.8271509,0.1484933,0.8008399477918373,142
1,[],5,[],2019-03-05 00:56:44,0.0,0,0,6845629,2019-03-05 00:56:44,btc,0.0,0.18855963,0,btc,0.0,0.0,0.0,142
1,[],20,[],2019-03-05 00:56:47,132787.2097,0.000028061,0.0000000010419694703,6845630,2019-03-05 00:56:47,btc,0.3065065109112,0.0,0.000028061,btc,1594.2632,0.0,0.2221733438435,142
1,[],22,[],2019-03-05 00:56:50,1685.8988921568628,0.00004000,0.000000001485292,6845631,2019-03-05 00:56:50,BTC,3.00385504,0.0,0.00004000,BTC,891.218,0.0,0.00174536,142
0.0,[],25,[],2019-03-05 00:56:52,0.0,0,0,6845632,2019-03-05 00:56:52,,0.0,0.0,0.0,btc,0.0,0.0,0.0,142
1,[],28,[],2019-03-05 00:56:53,76144.0,0.00000820,0.00000000030448486,6845633,2019-03-05 00:56:53,btc,0.0639742472,1755.0,0.00000820,btc,500.6113,0.0,0.004468,142
0,[],22,[],2019-03-05 00:56:56,0.0,0,0,6845634,2019-03-05 00:56:56,,60.70572865,0.0,0,,694633617.3,0.0,0.0,143
0,[],22,[],2019-02-25 15:42:22,0.0,0,0,6783783,2019-02-25 15:42:22,,4.2131946,0.0,0,,2322156.0,0.0,0.0,146
,[],22,[],2018-11-20 23:01:11,0.0,0,0,4862114,2018-11-20 23:01:11,,2.56807021,0.0,,,61828.4988236,0.0,0.0,147
1,[],12,[],2019-03-05 00:56:58,224222.98167968,0.0000022100000000000000164603573826749283171011484228074550628662109375,0.000000000082062383,6845635,2019-03-05 00:56:58,btc,28.614973468610295,0.0,0.0000022100000000000000164603573826749283171011484228074550628662109375,btc,117332.98938791,2.18e-06,0.0350838399999049,148
1,[],4,[],2019-03-05 00:56:58,259574.14585705,0.00000033,0.000000000012253659,6845636,2019-03-05 00:56:58,btc,219.99195588756137,0.0,0.00000033,btc,840476.70556072,0.00589473,0.0619882257642824,152
0,[],22,[],2019-03-05 00:57:01,0.0,0,0,6845637,2019-03-05 00:57:01,,0.0,0.0,0,,0.0,0.0,0.0,152
1,[],5,[],2019-03-05 00:57:02,0.0,0,0,6845638,2019-03-05 00:57:02,btc,0.0,0.0,0,btc,0.0,0.0,0.0,153
,[],16,[],2019-01-11 15:38:59,0.0,0,0,6366141,2019-01-11 15:38:59,btc,0.0,0.0,,btc,0.0,0.0,0.0,155
0,[],23,[],2019-01-20 23:24:29,0.0,0,0,6476932,2019-01-20 23:24:29,,0.0,0.0,0,,0.0,0.0,0.0,156
0,[],22,[],2019-03-05 00:57:11,0.0,0,0,6845639,2019-03-05 00:57:11,,6.7463875,0.0,0,,4674391.242592593,0.0,0.0,156
1,[],22,[],2019-03-05 00:57:15,7073.8,0.00005300,0.0000000019680119,6845640,2019-03-05 00:57:15,BTC,1.80343699,0.0,0.00005300,BTC,899.6422341958436,0.0,0.00104336,157
0,[],22,[],2019-03-05 00:57:18,0.0,0,0,6845641,2019-03-05 00:57:18,,50175.67608608,0.0,0,,54079135.04179466,0.0,0.0,158
,[],17,[],2018-11-20 22:56:10,0.0,0,0,4861976,2018-11-20 22:56:10,btc,1.1265625,0.0,,btc,1000.0,0.0,0.0,159
,[],20,[],2018-11-20 22:56:12,0.0,0,0,4861977,2018-11-20 22:56:12,btc,11912.7940471,0.0,,btc,34413894.3617,0.0,0.0,159
1,[],12,[],2019-03-05 00:57:19,181021.80694287,0.0000071699999999999999614175814899308392114107846282422542572021484375,0.000000000266238591,6845642,2019-03-05 00:57:19,btc,6.64591947486243,0.0,0.0000071699999999999999614175814899308392114107846282422542572021484375,btc,14065.79619576,0.009982872293055,0.0881392000879693,168
1,[],17,[],2019-03-05 00:57:21,29784.95,0.000001,0.0000000000371323,6845643,2019-03-05 00:57:21,btc,0.03026736251542,0.0,0.000001,btc,144.46171372,0.0,0.00716147,168
0,[],22,[],2019-03-05 00:57:24,0.0,0,0,6845644,2019-03-05 00:57:24,,1.1341504,0.0,0,,539283.174707144,0.0,0.0,169
1,[],22,[],2019-03-05 00:57:27,203600.0,0.00000002,0.000000000000742646,6845645,2019-03-05 00:57:27,BTC,13.25047031,0.0,0.00000002,BTC,146217.2939341018,0.0,0.002072,171
1,[],22,[],2019-03-05 00:57:31,831727.6666666666,0.00000004,0.000000000001485292,6845646,2019-03-05 00:57:31,BTC,2.1938388,0.0,0.00000004,"BTC,LTC",236317.04593143624,2.36e-06,0.02490185,173
1,[],5,[],2019-03-05 00:57:32,0.0,0,0,6845647,2019-03-05 00:57:32,btc,0.0,0.00384852,0,btc,0.0,0.0,0.0,175
1,[],22,[],2019-03-05 00:57:36,36490.833333333336,0.0000003,0.00000000001113969,6845648,2019-03-05 00:57:36,BTC,0.54826403,0.0,0.0000003,BTC,138776.41384013777,0.0,0.00239125,176
0,[],2,[],2019-01-20 23:28:34,0.0,0,0,6477001,2019-01-20 23:28:34,,0.0,0.0,0,,0.0,0.0,0.0,178
1,[],7,[],2019-03-05 00:57:38,0.0,0,0,6845649,2019-03-05 00:57:38,btc,410918.84255256574,0.0,0,btc,117734633.84370454,0.0,0.0,178
0,[],22,[],2019-03-05 00:57:41,0.0,0,0,6845650,2019-03-05 00:57:41,,1.00242438,0.0,0,,57522.0,0.0,0.0,178
0,[],23,[],2019-01-20 23:25:08,0.0,0,0,6476952,2019-01-20 23:25:08,,0.0,0.0,0,,0.0,0.0,0.0,179
1,[],5,[],2019-03-05 00:57:42,0.0,0,0,6845651,2019-03-05 00:57:42,btc,0.0,0.12451137,0,btc,0.0,0.0,0.0,179
1,[],22,[],2019-03-05 00:57:47,6949180.5,0.00000002,0.000000000000742646,6845652,2019-03-05 00:57:47,BTC,5.66994705,0.0,0.00000002,"BTC,LTC",18378268.089868754,0.0,0.37392433,179
1,[],17,[],2019-03-05 00:57:48,10504.725,0.0000001,0.00000000000371323,6845653,2019-03-05 00:57:48,btc,5.201069583843596,0.0,0.0000001,btc,5033.45945,0.0,0.0010504725,180
1,[],22,[],2019-03-05 00:57:58,148605.4,0.00000100,0.0000000000371323,6845654,2019-03-05 00:57:58,BTC,0.24514472,0.0,0.00000100,"BTC,LTC",83009.47835911435,0.02170155,0.01180544,180
1,[],26,[],2019-03-05 00:57:58,0.0,0.00000125,0.000000000046415375,6845655,2019-03-05 00:57:58,btc,0.0,100.0,0.00000125,btc,0.0,0.0,0.0,180
,[],7,[],2018-11-20 22:58:01,562227.975654,0.00000085,0.000000000036176765,4862015,2018-11-20 22:58:01,btc,21836.6059674,2491.87645172,,btc,749999.041456,0.00211021,0.127565380455,183
,[],5,[],2019-01-10 08:11:41,0.0,0,0,6347036,2019-01-10 08:11:41,btc,82.15055501,0.00261,,btc,1.19002445,0.0,0.0,187
,[],17,[],2018-11-16 20:58:10,4062536.27273,0.00000001,0.000000000000550501,4708775,2018-11-16 20:58:10,btc,3.36492563466,0.195460381006,,"btc,eth",110697919.549,0.0,0.0157628953496,187
1,[],24,[],2019-03-05 00:57:59,0.0,0.000000000001,3.7132300000000004e-17,6845656,2019-03-05 00:57:59,btc,0.0,0.0,0.000000000001,btc,0.0,0.0,0.0,187
0,[],22,[],2019-03-04 23:55:24,0.0,0,0,6845261,2019-03-04 23:55:24,,7.42841024,0.0,0,,79361.7243078683,0.0,0.0,191
0,[],22,[],2019-03-05 00:58:04,0.0,0,0,6845657,2019-03-05 00:58:04,,0.0,0.0,0,,0.0,0.0,0.0,197
0,[],23,[],2019-01-20 23:31:41,0.0,0,0,6477079,2019-01-20 23:31:41,,0.0,0.0,0,,0.0,0.0,0.0,199
0,[],22,[],2019-03-05 00:58:07,0.0,0,0,6845658,2019-03-05 00:58:07,,5.19477622,0.0,0,,21058553.0,0.0,0.0,199
1,[],26,[],2019-03-05 00:58:07,0.0,0.00000000,0,6845659,2019-03-05 00:58:07,btc,0.0,153626.0,0.00000000,btc,0.0,0.0,0.0,199
0,[],17,[],2019-01-30 16:32:01,0.0,0,0,6540827,2019-01-30 16:32:01,btc,6.802544163788159,0.0,0,btc,105897.55575295,0.0,0.0,200
0,[],2,[],2019-01-20 23:30:49,0.0,0,0,6477059,2019-01-20 23:30:49,,0.0,0.0,0,,0.0,0.0,0.0,201
1,[],4,[],2019-01-25 15:51:35,2084389.58565343,0.00000936,0.000000000333526752,6499557,2019-01-25 15:51:35,btc,2.0092503037378524,0.0,0.00000936,btc,160195.80207885,0.19272417,1.242687955921835,211
1,[],7,[],2019-03-05 00:58:10,2410568.80719343,0.000001269999999999999910766366496839285815667608403600752353668212890625,0.000000000047158021,6845660,2019-03-05 00:58:10,btc,15476656.053629199,336882.021402,0.000001269999999999999910766366496839285815667608403600752353668212890625,btc,13459199.33955598,0.0,2.0197778276322182,212
1,[],12,[],2019-01-25 02:44:32,207462.42853209,0.000001080000000000000035831255497387193287295303889550268650054931640625,0.000000000038610756000000006,6493050,2019-01-25 02:44:32,btc,85023.03793723314,0.0,0.000001080000000000000035831255497387193287295303889550268650054931640625,btc,43675.73520027,0.000146250909087,0.0348620860622024,213
1,[],5,[],2019-03-05 00:58:12,0.0,0,0,6845661,2019-03-05 00:58:12,btc,0.0,0.11267692,0,btc,0.0,0.0,0.0,213
1,[],24,[],2019-03-05 00:58:12,0.0,0.000000120000,0.000000000004455876,6845662,2019-03-05 00:58:12,btc,0.0,0.0,0.000000120000,btc,0.0,0.0,0.0,213
1,[],26,[],2019-03-05 00:58:12,0.0,0.00000010,0.00000000000371323,6845663,2019-03-05 00:58:12,btc,0.0,0.0,0.00000010,btc,0.0,0.0,0.0,213
1,[],22,[],2019-03-05 00:58:16,45166.0,0.00000002,0.000000000000742646,6845664,2019-03-05 00:58:16,BTC,2.23272342,0.0,0.00000002,BTC,620045.3963726171,0.00038792,0.00061247,216
1,[],27,[],2019-03-05 00:58:19,1298602.0,0.00000003,0.000000000001113969,6845665,2019-03-05 00:58:19,btc,316.25863360644,0.0,0.00000003,"btc,ltc",238161.907,0.0,0.0337720400002219,216
1,[],22,[],2019-03-05 00:58:23,175439.06081954937,0.00000179,0.000000000066466817,6845666,2019-03-05 00:58:23,BTC,12673.42685365,0.0,0.00000179,BTC,387177.0407067686,0.01985056,0.20070715,217
1,[],7,[],2019-03-05 00:58:26,0.0,0,0,6845667,2019-03-05 00:58:26,btc,77969.65966620563,0.0,0,btc,136168678.88835862,0.0,0.0,219
0,[],27,[],2019-03-05 00:58:27,0.0,0,0,6845668,2019-03-05 00:58:27,,0.03997288,0.0,0,btc,2007233.0,0.0,0.0,219
0.0000000000000052,[],28,[],2019-03-05 00:58:29,175813631.973,5.200052e-18,1.930898908796e-22,6845669,2019-03-05 00:58:29,doge,84213.6327103825,445970.0,0.00100001,"btc,doge",3504260.84751,0.0,4.570802135021153e-11,219
1,[],22,[],2019-03-05 00:58:33,295713.6666666667,0.00000004,0.000000000001485292,6845670,2019-03-05 00:58:33,BTC,2.79594873,0.0,0.00000004,BTC,84264.27041875875,0.000172,0.00922585,221
1,[],24,[],2019-03-05 00:58:33,0.0,0.000000200000,0.00000000000742646,6845671,2019-03-05 00:58:33,btc,0.0,0.0,0.000000200000,btc,0.0,0.0,0.0,221
1,[],20,[],2019-03-05 00:58:35,39105329.5253,0.000000001,0.0000000000000371323,6845672,2019-03-05 00:58:35,btc,48.4412392087255,1038039.1081,0.000000001,btc,15726885.0042,0.0010380391081,0.0391053295253,224
0,[],22,[],2019-03-05 00:58:37,0.0,0,0,6845673,2019-03-05 00:58:37,,0.0,0.0,0,,0.0,0.0,0.0,224
1,[],26,[],2019-03-05 00:58:38,0.0,0.00000035,0.000000000012996305,6845674,2019-03-05 00:58:38,btc,0.0,0.0,0.00000035,btc,0.0,0.0,0.0,231
1,[],26,[],2019-03-05 00:58:38,0.0,0.00000005,0.000000000001856615,6845675,2019-03-05 00:58:38,btc,0.0,0.0,0.00000005,btc,0.0,0.0,0.0,234
0.000000000338797,[],27,[],2019-03-05 00:58:42,2000.0,3.38797e-18,1.25803118431e-22,6845676,2019-03-05 00:58:42,eth,0.01134836604,0.0,0.00000001,"btc,eth",11462.996,0.0,6.77594e-15,234
1,[],4,[],2019-03-05 00:58:43,775251.81554281,0.00000075,0.000000000027849225,6845677,2019-03-05 00:58:43,btc,4.746137181145671,0.0,0.00000075,btc,1228907.40802309,0.07303874,0.19437558722643,236
1,[],24,[],2019-03-05 00:58:43,0.0,0.000000300000,0.00000000001113969,6845678,2019-03-05 00:58:43,btc,0.0,0.0,0.000000300000,btc,0.0,0.0,0.0,236
1,[],20,[],2019-03-05 00:58:45,174219299.3823,0.000000061,0.0000000000022650703,6845679,2019-03-05 00:58:45,btc,13.1742147210022,29163609.4053,0.000000061,btc,41960303.087,1.9710528174504,0.6243717058243,237
0.0000000001232804,[],22,[],2019-03-05 00:58:49,751594.9,2.0957668e-17,7.782064154764e-22,6845680,2019-03-05 00:58:49,LTC,0.0413973,0.0,0.00000017,LTC,7239.0,0.0,0.12541949,237
1,[],4,[],2019-03-05 00:58:50,8809810.89070701,0.00000033,0.000000000012253659,6845681,2019-03-05 00:58:50,btc,6.668756110184545,0.0,0.00000033,btc,10537777.1101789,0.17510779,2.188373554082844,238
1,[],5,[],2019-03-05 00:58:52,0.0,0,0,6845682,2019-03-05 00:58:52,btc,0.0,0.00472009,0,btc,0.0,0.0,0.0,238
0,[],22,[],2019-03-05 00:58:55,0.0,0,0,6845683,2019-03-05 00:58:55,,0.41339518,0.0,0,,316626.5639027493,0.0,0.0,249
0.0000000001232804,[],22,[],2019-03-05 00:58:59,87163180.66666667,4.931216e-18,1.831073918768e-22,6845684,2019-03-05 00:58:59,LTC,0.99961926,0.0,0.00000004,LTC,17915189.09,1.5654327646992e-11,2.70466333,252
1,[],28,[],2019-03-05 00:59:01,2179924.628,0.00000035,0.000000000012996305,6845685,2019-03-05 00:59:01,btc,164732.4131642388,88310.3,0.00000035,btc,2534539.3222,0.0,0.35658183962,256
1,[],22,[],2019-03-05 00:59:04,1070354.0,0.00000002,0.000000000000742646,6845686,2019-03-05 00:59:04,BTC,31.47164001,0.0,0.00000002,BTC,671687.0957866946,0.0003,0.01087354,258
1,[],22,[],2019-03-05 00:51:08,48751.0,0.00000001,0.000000000000372138,6845491,2019-03-05 00:51:08,BTC,2.4175745,0.0,0.00000001,BTC,1762.0,0.0,0.00048751,259
1,[],5,[],2019-03-05 00:59:06,0.0,0,0,6845687,2019-03-05 00:59:06,btc,0.0,0.61527854,0,btc,0.0,0.0,0.0,264
1,[],20,[],2019-03-05 00:59:08,1253739.3152,0.00000221,0.000000000082062383,6845688,2019-03-05 00:59:08,btc,7.4521311672566,243621.6407,0.00000221,btc,104711.69,0.6020112831447,0.0182123059593,264
0,[],22,[],2019-03-05 00:59:10,0.0,0,0,6845689,2019-03-05 00:59:10,,8.45802393,0.0,0,,433537.34411321935,0.0,0.0,271
0,[],22,[],2019-03-05 00:59:13,0.0,0,0,6845690,2019-03-05 00:59:13,,264.68187857,0.0,0,,13780784220.692,0.0,0.0,272
0.0000000000000052,[],28,[],2019-03-05 00:59:16,216038877380.905,4.888e-21,1.815026824e-25,6845691,2019-03-05 00:59:16,doge,151020856.5396441,15636059740.1343,0.00000094,doge,191803175854.2923,0.0,5.959560802176418e-10,272
1,[],22,[],2019-03-05 00:59:21,159422.74,0.00000200,0.0000000000742646,6845692,2019-03-05 00:59:21,BTC,74.34381172,0.0,0.00000200,"BTC,LTC",9549.447639773189,0.0102506,0.0446675,281
1,[],22,[],2019-03-05 00:59:25,90772.0,0.00000004,0.000000000001485292,6845693,2019-03-05 00:59:25,BTC,1.18405159,0.0,0.00000004,BTC,129481.44086072838,0.00920085,0.00183452,286
0,[],22,[],2019-03-05 00:59:28,0.0,0,0,6845694,2019-03-05 00:59:28,,43641.05520291,0.0,0,,831015134.0,0.0,0.0,294
