pairValue,buyBook,exchangeId,sellBook,updated,buyTotal,satoshiPrice,usdPrice,exchangeLogId,created,bestPair,sellTotalBtc,volume,pairPrice,activePairs,sellTotal,volumeBtc,buyTotalBtc,coinId
1,[],3,[],2019-05-31 17:02:41,72.737733367323,0.01109451000000000013556711309092861483804881572723388671875,0.0000009342420602760001,7718478,2019-05-31 17:02:41,btc,1.7716202498603808,42.4468595883,0.01109451000000000013556711309092861483804881572723388671875,btc,21.700066978386,0.0,0.27210464712702925,1
1,[],4,[],2019-05-31 17:02:42,207693.08942802,0.01087280,0.0000009155723932800001,7718479,2019-05-31 17:02:42,btc,7.611501349487877,0.0,0.01087280,btc,298.62170399,1.1840157,0.6478864394437446,1
1,[],5,[],2019-05-31 17:02:44,0.0,0,0,7718480,2019-05-31 17:02:44,btc,0.0,0.00775939,0,btc,0.0,0.0,0.0,1
1,[],10,[],2019-05-31 17:02:47,312485.73544938,0.00691878,0.0000005826138587280001,7718481,2019-05-31 17:02:47,btc,6520.165114022749,1656.90498734,0.00691878,btc,1209.93569729,0.0,2.3666336459425743,1
1,[],12,[],2019-05-31 17:02:50,77.21745199,0.01093000000000000047906123512575504719279706478118896484375,0.0000009203890680000001,7718482,2019-05-31 17:02:50,btc,0.1797733066729,0.0,0.01093000000000000047906123512575504719279706478118896484375,btc,15.54294608,0.039184629477,0.3121865279706,1
1,[],20,[],2019-05-31 17:02:52,934.3553,0.00920886,0.000000775455999336,7718483,2019-05-31 17:02:52,btc,0.2238080820174,0.5116,0.00920886,btc,17.3543,0.0054077113918,0.1015779369544,1
1,[],21,[],2019-05-31 17:02:53,2234.55289721,0.01096630000000000000615063556,0.00000092344580388,7718484,2019-05-31 17:02:53,btc,10.225136898204042,6206.303359070001,0.01096630000000000000615063555642336723394691944122314453125,"btc,eth",1334.92374304,59.62774890945887,20.060514650773044,1
1,[],22,[],2019-05-31 17:02:57,0.0025666666666666667,0.00900000,0.0000007578684,7718485,2019-05-31 17:02:57,BTC,0.31629903,0.0,0.00900000,BTC,0.2505752479991019,0.0,2.31e-05,1
1,[],24,[],2019-05-31 17:02:59,0.0,0.000000000000,0,7718486,2019-05-31 17:02:59,btc,0.0,0.0,0.000000000000,btc,0.0,0.0,0.0,1
0.0,[],25,[],2019-05-31 17:03:00,0.0,0,0,7718487,2019-05-31 17:03:00,btc,41.89999999833881,2198.68563253,0.0,btc,3679.98932582,24.268,0.0,1
1,[],26,[],2019-05-31 17:03:04,0.0,0,0,7718488,2019-05-31 17:03:04,,0.0,0.0,0,,0.0,0.0,0.0,1
0,[],28,[],2019-05-31 17:03:06,0.0,0,0,7718489,2019-05-31 17:03:06,,0.0,323408.7,0,,0.0,0.0,0.0,1
0,[],2,[],2019-01-20 23:28:45,0.0,0,0,6477011,2019-01-20 23:28:45,,0.0,0.0,0,,0.0,0.0,0.0,1
1,[],5,[],2019-05-31 17:03:07,0.0,0,0,7718490,2019-05-31 17:03:07,btc,0.0,0.00791759,0,btc,0.0,0.0,0.0,2
0,[],22,[],2019-05-31 17:03:10,0.0,0,0,7718491,2019-05-31 17:03:10,,0.0,0.0,0,,0.0,0.0,0.0,2
1,[],5,[],2019-05-31 17:03:13,0.0,0,0,7718492,2019-05-31 17:03:13,btc,0.0,1.21314198,0,btc,0.0,0.0,0.0,3
1,[],12,[],2019-05-31 17:03:14,1594506.8711,0.000000122,0.000000000010273327200000002,7718493,2019-05-31 17:03:14,btc,169517.38660026414,0.0,0.000000122,btc,2828706.50681566,0.210353637456,0.134748922821,3
0,[],28,[],2019-05-31 17:03:15,0.0,0,0,7718494,2019-05-31 17:03:15,,0.0,0.0,0,,0.0,0.0,0.0,3
0,[],2,[],2019-01-20 23:31:32,0.0,0,0,6477077,2019-01-20 23:31:32,,0.0,0.0,0,,0.0,0.0,0.0,4
1,[],4,[],2019-05-18 21:29:50,562734.9206932,0.00000010,0.000000000007298720000000001,7650946,2019-05-18 21:29:50,btc,41.9347137769675,0.0,0.00000010,btc,1123702.32192634,0.00052462,0.029254593370966,4
0,[],12,[],2019-05-31 15:28:58,0.0,0,0,7718044,2019-05-31 15:28:58,btc,625.898585084995,0.0,0,btc,1199611.4995005,0.0,0.0,5
0,[],2,[],2019-01-20 23:31:51,0.0,0,0,6477087,2019-01-20 23:31:51,,0.0,0.0,0,,0.0,0.0,0.0,6
1,[],11,[],2019-05-31 17:03:18,9060347.776736,0.00000002,0.0000000000016841520000000002,7718495,2019-05-31 17:03:18,btc,9582.923594042944,15000.0,0.00000002,btc,68497546.46260394,0.0,0.13675210276736,6
1,[],3,[],2019-05-31 17:03:19,12221.87735978846,0.000088889999999999997661037642870951458462513983249664306640625,0.000000007485213564,7718496,2019-05-31 17:03:19,btc,0.050271296755463,176.533509258,0.000088889999999999997661037642870951458462513983249664306640625,btc,175.221058434518,0.0,0.023128944159076213,7
1,[],4,[],2019-05-31 17:03:20,321508.09724611,0.00009702,0.000000008169821352,7718497,2019-05-31 17:03:20,btc,9.597007025361036,0.0,0.00009702,btc,55921.46397106,3.58065485,2.0038255745407714,7
1,[],5,[],2019-05-31 17:03:21,0.0,0,0,7718498,2019-05-31 17:03:21,btc,0.0,0.3461952,0,btc,0.0,0.0,0.0,7
1,[],20,[],2019-04-07 22:06:50,3201475.0482,0.000000001,0.000000000000051590000000000004,7213932,2019-04-07 22:06:50,btc,30.8005781811902,0.0,0.000000001,btc,23077405.3926,0.0,0.0032014750482,8
0,[],2,[],2019-01-20 23:22:42,0.0,0,0,6476876,2019-01-20 23:22:42,,0.0,0.0,0,,0.0,0.0,0.0,9
0,[],23,[],2019-01-20 23:22:48,0.0,0,0,6476878,2019-01-20 23:22:48,,0.0,0.0,0,,0.0,0.0,0.0,9
1,[],4,[],2019-05-31 17:03:23,22055181.89335878,0.00000048,0.000000000040419648000000005,7718499,2019-05-31 17:03:23,btc,3.908532661444362,0.0,0.00000048,btc,3573470.86878263,0.29743772,0.494032885383285,9
0,[],28,[],2019-05-31 17:03:26,0.0,0,0,7718500,2019-05-31 17:03:26,,0.0,3641059.0,0,,0.0,0.0,0.0,9
1,[],1,[],2019-02-17 23:31:42,1822507.21,0.00000181000000000000003456111265232042484285557293333113193511962890625,0.000000000066086901,6701244,2019-02-17 23:31:42,btc,3.6990969245,17153386.5,0.00000181000000000000003456111265232042484285557293333113193511962890625,btc,1997391.71,31.11772986,3.2610482446,9
1,[],4,[],2019-02-17 11:22:43,4341674.27126056,0.00000002,0.0000000000007272960000000001,6696112,2019-02-17 11:22:43,btc,0.1997230937751353,0.0,0.00000002,btc,4109766.79808031,0.00215132,0.0479381022052112,10
0,[],2,[],2019-01-20 23:23:08,0.0,0,0,6476890,2019-01-20 23:23:08,,0.0,0.0,0,,0.0,0.0,0.0,12
1,[],4,[],2019-05-31 17:03:27,7168482.38056408,0.00000047,0.000000000039577572,7718501,2019-05-31 17:03:27,btc,4.639925739012414,0.0,0.00000047,btc,4766355.00835484,0.83231892,1.1882823365694957,12
1,[],5,[],2019-05-31 17:03:29,0.0,0,0,7718502,2019-05-31 17:03:29,btc,0.0,0.1699061,0,btc,0.0,0.0,0.0,12
0.0,[],25,[],2019-05-31 17:03:31,0.0,0,0,7718503,2019-05-31 17:03:31,,0.0,0.0,0.0,btc,0.0,0.0,0.0,12
1,[],4,[],2019-05-31 17:03:31,328087.90474945,0.00000554,0.000000000466510104,7718504,2019-05-31 17:03:31,btc,1.726948506285173,0.0,0.00000554,btc,222812.73629449,0.49315953,0.4383011225348909,13
1,[],10,[],2019-05-31 17:03:34,651268.16078222,0.00000536,0.00000000045135273600000003,7718505,2019-05-31 17:03:34,btc,666803.2900506968,19695.8722439,0.00000536,btc,871055.05687395,0.0,0.2385291773812432,13
1,[],21,[],2019-05-31 17:03:35,1974766.71543312,0.000005609999999999999650845700777,0.000000000472404636,7718506,2019-05-31 17:03:35,btc,2.4508999928384965,711921.9946022,0.0000056099999999999996508457007771131230811079149134457111358642578125,btc,385089.45668943,3.93209219,8.045064964284093,13
1,[],4,[],2019-05-31 17:03:36,882395.3225564,0.00000077,0.000000000064839852,7718507,2019-05-31 17:03:36,btc,4.6795042072937445,0.0,0.00000077,btc,815251.33460559,0.03269346,0.0622402296765586,14
1,[],12,[],2019-05-31 17:03:38,135782.67830045,0.00000073,0.000000000061471548,7718508,2019-05-31 17:03:38,btc,14.134150797843073,0.0,0.00000073,btc,21650.79261605,0.0,0.0151433299999594,14
1,[],26,[],2019-05-31 17:05:38,0.0,0.00000050,0.000000000042103800000000005,7718509,2019-05-31 17:05:38,btc,0.0,0.0,0.00000050,btc,0.0,0.0,0.0,14
0,[],17,[],2019-05-03 00:53:32,0.0,0,0,7558876,2019-05-03 00:53:32,btc,0.0,0.0,0,btc,0.0,0.0,0.0,14
0,[],4,[],2019-05-31 17:05:39,0.0,0,0,7718510,2019-05-31 17:05:39,,0.0,0.0,0,,0.0,0.0,0.0,15
,[],12,[],2018-12-01 15:15:48,204241.84496,0.00000489,0.000000000202473384,5260204,2018-12-01 15:15:48,btc,49.5475654835,0.0,,btc,35763.2193806,0.0163153972027625,0.0203389899998,15
0,[],2,[],2019-01-20 23:23:38,0.0,0,0,6476906,2019-01-20 23:23:38,,0.0,0.0,0,,0.0,0.0,0.0,18
1,[],4,[],2019-05-31 17:05:41,34519.58066606,0.00001168,0.000000000983544768,7718511,2019-05-31 17:05:41,btc,0.9795413552231775,0.0,0.00001168,btc,11646.62921452,0.03786393,0.0831785103927174,18
1,[],10,[],2019-05-31 17:05:43,498047.84032129,0.00001236,0.000000001040805936,7718512,2019-05-31 17:05:43,btc,15.338684958021503,2307.87875682,0.00001236,btc,13130.48058352,0.0,0.1521764990721132,18
1,[],12,[],2019-05-31 17:05:44,3298.36677636,0.000012310000000000000724086589298789107260745367966592311859130859375,0.000000001036595556,7718513,2019-05-31 17:05:44,btc,0.400770046740424,0.0,0.000012310000000000000724086589298789107260745367966592311859130859375,btc,1455.9362923,0.0002750471,0.0133828443116377,18
0,[],17,[],2019-05-03 00:53:39,0.0,0,0,7558882,2019-05-03 00:53:39,btc,0.0,0.0,0,btc,0.0,0.0,0.0,18
1,[],3,[],2019-05-31 17:07:45,150034.9720660235,0.000004570000000000000290830727556201651395895169116556644439697265625,0.000000000384828732,7718514,2019-05-31 17:07:45,btc,0.15687353775228444,3787.61204435,0.000004570000000000000290830727556201651395895169116556644439697265625,btc,4308.510073322293,0.0,0.0535535438882806,19
1,[],4,[],2019-05-31 17:07:46,526314.0887795,0.00000807,0.000000000679555332,7718515,2019-05-31 17:07:46,btc,3.7658776068121766,0.0,0.00000807,btc,164552.19404057,0.06927492,0.488632473521064,19
1,[],5,[],2019-05-31 17:07:47,0.0,0,0,7718516,2019-05-31 17:07:47,btc,0.0,1.2e-06,0,btc,0.0,0.0,0.0,19
1,[],12,[],2019-05-31 17:07:48,15044.49088271,0.000007109999999999999688846986922730053493069135583937168121337890625,0.000000000598716036,7718517,2019-05-31 17:07:48,btc,0.0591164566736571,0.0,0.000007109999999999999688846986922730053493069135583937168121337890625,btc,1949.55052991,0.0,0.0267746999995697,19
0,[],27,[],2019-05-31 17:07:53,0.0,0,0,7718518,2019-05-31 17:07:53,,0.0,0.0,0,btc,0.0,0.0,0.0,19
0,[],2,[],2019-01-20 23:24:19,0.0,0,0,6476924,2019-01-20 23:24:19,,0.0,0.0,0,,0.0,0.0,0.0,19
1,[],4,[],2019-05-31 17:07:54,10062076.88478525,0.00000007,0.000000000005894532000000001,7718519,2019-05-31 17:07:54,btc,6.411239436602338,0.0,0.00000007,btc,2322306.93095912,0.0,0.1174938176872809,20
1,[],4,[],2019-05-31 17:07:55,11986098.464,0.00000001,0.000000000000842076,7718520,2019-05-31 17:07:55,btc,1736.548875811071,0.0,0.00000001,btc,67583669.92851575,0.11687462,0.11986098464,21
1,[],12,[],2019-05-31 17:07:56,2225192.0,0.00000001,0.0000000000008420760000000001,7718521,2019-05-31 17:07:56,btc,2566.5970608253547,0.0,0.00000001,btc,4928879.76723275,0.012624147481,0.02225192,21
0,[],17,[],2019-05-03 00:53:51,0.0,0,0,7558891,2019-05-03 00:53:51,btc,0.0,0.0,0,btc,0.0,0.0,0.0,21
1,[],12,[],2019-05-31 17:09:57,5204212547.485008,0.0000000004,0.00000000000003368304,7718522,2019-05-31 17:09:57,btc,709129508.514157,0.0,0.0000000004,btc,3102589893.5454974,0.233843989711,1.1925949850940032,23
0.00000000030908390000000004,[],27,[],2019-05-31 17:10:02,66541868.5039447,9.272517e-18,7.808164025292001e-22,7718523,2019-05-31 17:10:02,eth,105173.3454381028,103764633.51253632,0.00000003,eth,21026226.028,1.282879104170026e-09,3.9032268236036515e-10,23
1,[],4,[],2019-05-31 17:10:03,1879914.80614978,0.00000028,0.000000000023578128000000003,7718524,2019-05-31 17:10:03,btc,10.62539590964341,0.0,0.00000028,btc,1712254.23538978,0.05574995,0.0618105738200061,24
1,[],22,[],2019-05-31 17:10:07,21.76,0.00000100,0.00000000008420760000000001,7718525,2019-05-31 17:10:07,BTC,7.415e-05,0.0,0.00000100,BTC,23.919354838709676,0.0,1.186e-05,24
0.0,[],25,[],2019-05-31 17:10:08,0.0,0,0,7718526,2019-05-31 17:10:08,,0.0,0.0,0.0,btc,0.0,0.0,0.0,24
1,[],4,[],2019-05-31 17:10:09,26942289.40728871,0.00000483,0.000000000406722708,7718527,2019-05-31 17:10:09,btc,13.388073657700323,0.0,0.00000483,btc,245892.479025,0.08355686,0.4744462445403184,26
1,[],10,[],2019-05-31 17:10:11,149724.11500959,0.00000422,0.00000000035535607200000006,7718528,2019-05-31 17:10:11,btc,25.587146078901785,5371.75740406,0.00000422,btc,23616.01286637,0.0,0.0355675594610318,26
0,[],2,[],2019-01-20 23:25:56,0.0,0,0,6476976,2019-01-20 23:25:56,,0.0,0.0,0,,0.0,0.0,0.0,26
1,[],5,[],2019-04-26 09:47:06,0.0,0,0,7465326,2019-04-26 09:47:06,btc,0.0,0.0,0,btc,0.0,0.0,0.0,27
1,[],3,[],2019-05-31 17:10:12,21943913.185043,0.00000001,0.0000000000008420760000000001,7718529,2019-05-31 17:10:12,btc,3.767003512255212,10187472.1857,0.00000001,btc,26161410.227760952,0.0,0.21943913185043,27
1,[],11,[],2019-05-31 17:10:14,2110243.08157834,0.00000002,0.0000000000016841520000000002,7718530,2019-05-31 17:10:14,btc,67503.04527066177,19676.5543251,0.00000002,btc,6588861.32608848,0.0,0.0211134458157834,27
1,[],4,[],2019-05-31 17:10:15,1085635493.7798743,0.00000001,0.000000000000842076,7718531,2019-05-31 17:10:15,btc,4.835578322602829,0.0,0.00000001,"btc,ltc",293928457.89314,0.01681385,7.483850850212461,29
1,[],7,[],2019-05-31 17:10:17,85451021.33155985,0.00000001,0.0000000000008420760000000001,7718532,2019-05-31 17:10:17,btc,46548272.130093,95984.0758483,0.00000001,btc,35155017.51653564,0.00095984,0.8545102133155985,29
1,[],4,[],2019-05-31 17:10:18,15257775.65063452,0.00000007,0.000000000005894532000000001,7718533,2019-05-31 17:10:18,btc,2.598792341939883,0.0,0.00000007,btc,2103132.23973194,0.0,0.1695992914765782,30
0,[],17,[],2019-05-03 01:11:25,0.0,0,0,7559066,2019-05-03 01:11:25,btc,0.0,0.0,0,btc,0.0,0.0,0.0,30
1,[],4,[],2019-05-31 17:12:18,105573.15727734,0.00004317,0.0000000036352420920000003,7718534,2019-05-31 17:12:18,btc,3.3831955373673814,0.0,0.00004317,btc,45795.59187451,1.12584704,0.4933114829831741,31
1,[],21,[],2019-05-31 17:12:19,166121.33740073,0.00004312000000000000050513412897,0.0000000036310317120000003,7718535,2019-05-31 17:12:19,btc,7.572554296993618,178085.67490067,0.0000431200000000000005051341289696864578218082897365093231201171875,btc,151672.36148300002,7.62827306,6.0110923068857485,31
0,[],2,[],2019-01-20 23:28:43,0.0,0,0,6477009,2019-01-20 23:28:43,,0.0,0.0,0,,0.0,0.0,0.0,32
0,[],4,[],2019-05-31 17:12:21,0.0,0,0,7718536,2019-05-31 17:12:21,,0.0,0.0,0,,0.0,0.0,0.0,33
1,[],12,[],2019-03-30 07:55:10,40641173.964,0.00000003,0.000000000001228359,7108785,2019-03-30 07:55:10,btc,4233210.82356125,0.0,0.00000003,btc,28378394.68333462,0.0126927883965248,0.90752895892,33
0.0000000001303394,[],4,[],2019-05-31 17:12:22,509810890.9193327,3.1281456000000004e-17,2.6341363342656002e-21,7718537,2019-05-31 17:12:22,ltc,3.696880188101059,0.0,0.00000024,ltc,155088280.84172115,0.00124777,2.0290562093745037e-09,34
1,[],5,[],2019-05-31 17:12:24,0.0,0,0,7718538,2019-05-31 17:12:24,btc,0.0,2e-05,0,btc,0.0,0.0,0.0,34
0.0000000002926451,[],17,[],2019-05-02 18:17:47,200000.0,2.9264510000000002e-18,1.596703856561e-22,7556430,2019-05-02 18:17:47,eth,0.20942468735267253,0.0,0.00000001,"btc,eth",1018272.20243647,0.0,5.852902e-13,36
0.0000000001311821,[],4,[],2019-05-31 13:28:19,2417517744.0607657,1.311821e-18,1.105058333085e-22,7717483,2019-05-31 13:28:19,ltc,5.019900492391546e-08,0.0,0.00000001,ltc,7102398142.262129,0.0,3.171350544531538e-09,36
1,[],5,[],2019-05-31 13:28:21,0.0,0,0,7717484,2019-05-31 13:28:21,btc,0.0,0.0,0,btc,0.0,0.0,0.0,36
0.0000000003108179,[],27,[],2019-05-31 13:30:34,10388811.226876,6.216358000000001e-18,5.236566733830001e-22,7717485,2019-05-31 13:30:34,eth,1569.8708019850988,761866.634299,0.00000002,"ltc,eth",5084024.2511555,4.736034912207001e-12,3.3251980286483705e-11,36
1,[],4,[],2019-05-31 17:12:25,9863238.37880113,0.00000015,0.00000000001263114,7718539,2019-05-31 17:12:25,btc,19772.520846569696,0.0,0.00000015,btc,730574.57933135,0.00704121,0.1196433714913695,37
1,[],12,[],2019-05-31 17:12:26,3603696.36528572,0.00000019,0.000000000015999444000000002,7718540,2019-05-31 17:12:26,btc,9.3666475312168,0.0,0.00000019,btc,1014258.12768069,0.016965925804,0.1630653661442866,37
1,[],27,[],2019-05-31 17:14:34,6137.0,0.00000016,0.000000000013473216,7718541,2019-05-31 17:14:34,btc,24.12337022903233,50.0,0.00000016,btc,5792.49438508,8e-06,0.00075592,37
1,[],17,[],2019-05-03 01:11:36,211752.74075282,0.00000025,0.000000000013700074999999998,7559074,2019-05-03 01:11:36,btc,0.055484923955058496,0.0,0.00000025,"btc,eth",1387.19918473,0.0,0.0005381851887916605,37
1,[],5,[],2019-05-31 17:14:35,0.0,0,0,7718542,2019-05-31 17:14:35,btc,0.0,0.00150739,0,btc,0.0,0.0,0.0,42
1,[],12,[],2019-05-31 17:14:36,141783.40443141,0.0000009,0.00000000007578684,7718543,2019-05-31 17:14:36,btc,24.79053452008881,0.0,0.0000009,btc,72319.88087489,0.002986581288,0.0547565099999524,42
1,[],27,[],2019-05-31 17:14:44,506.0,0.00000002,0.000000000001684152,7718544,2019-05-31 17:14:44,btc,0.07600425,0.0,0.00000002,"btc,eth",18.0,0.0,6.000000324723545e-06,42
1,[],12,[],2019-03-13 09:13:29,1112112.0,0.00000001,0.000000000000386531,6919902,2019-03-13 09:13:29,btc,29058.00478931866,0.0,0.00000001,btc,5967681.93306694,9.99000999e-07,0.01112112,43
1,[],5,[],2019-04-26 22:38:52,0.0,0,0,7474154,2019-04-26 22:38:52,btc,0.0,0.02638891,0,btc,0.0,0.0,0.0,43
0,[],17,[],2019-04-26 22:38:53,0.0,0,0,7474155,2019-04-26 22:38:53,btc,0.0,0.0,0,btc,0.0,0.0,0.0,43
1,[],12,[],2019-03-05 01:54:08,639326.02,0.00000004,0.000000000001486676,6845775,2019-03-05 01:54:08,btc,11116042.728239931,0.0,0.00000004,btc,1103841.4595604,0.0003330765234764,0.014975410599999999,44
1,[],4,[],2019-05-31 17:14:46,111868186.1988353,0.00000001,0.000000000000842076,7718545,2019-05-31 17:14:46,btc,303169.6058135849,0.0,0.00000001,"btc,ltc",28272947.90928054,0.00619838,0.040766487190085646,49
0.0000000001303394,[],4,[],2019-05-31 17:14:47,130781142.18563962,3.3888244e-17,2.8536476954544003e-21,7718546,2019-05-31 17:14:47,ltc,22049.959233015812,0.0,0.00000026,ltc,159302269.07371396,0.0,1.2786525334204556e-09,52
0,[],22,[],2019-05-31 17:14:50,0.0,0,0,7718547,2019-05-31 17:14:50,,10289.55991011,0.0,0,,308568058.4566013,0.0,0.0,57
1,[],27,[],2019-05-31 17:14:58,2297.0,0.0000003,0.00000000002526228,7718548,2019-05-31 17:14:58,btc,0.0,0.0,0.0000003,"btc,eth",0.0,0.0,0.0003891,57
0.0000000001303394,[],4,[],2019-05-31 17:14:59,3424648555.1191416,1.3033940000000002e-18,1.0975568059440002e-22,7718549,2019-05-31 17:14:59,ltc,19.341013250031722,0.0,0.00000001,ltc,5787888096.321104,0.0,4.463666378850959e-09,58
1,[],12,[],2019-05-31 17:15:00,656676001.0,0.0000000001,0.00000000000000842076,7718550,2019-05-31 17:15:00,btc,2233427.9151958004,0.0,0.0000000001,btc,3338609448.332624,0.002527972542,0.0656676001,58
0.0000000001104848,[],22,[],2019-05-31 17:17:04,126877.0,1.104848e-18,9.30365984448e-23,7718551,2019-05-31 17:17:04,XMR,68.17454206,0.0,0.00000001,XMR,9626402.6,0.0,0.00126877,58
1,[],17,[],2019-05-03 01:12:09,1200000.0,0.0000000001,0.00000000000000548003,7559085,2019-05-03 01:12:09,btc,1e+24,0.0,0.0000000001,"btc,eth",39516342.31952568,0.0,0.00010000000058666061,58
1,[],5,[],2019-05-31 17:17:05,0.0,0,0,7718552,2019-05-31 17:17:05,btc,0.0,0.00193113,0,btc,0.0,0.0,0.0,61
1,[],22,[],2019-05-31 17:17:08,13613.833333333334,0.00000012,0.000000000010104912000000001,7718553,2019-05-31 17:17:08,BTC,1002.29123003,0.0,0.00000012,BTC,15014.200177125656,0.0,0.00153269,61
1,[],26,[],2019-05-31 17:17:08,0.0,0.00000050,0.000000000042103800000000005,7718554,2019-05-31 17:17:08,btc,0.0,0.0,0.00000050,btc,0.0,0.0,0.0,61
1,[],27,[],2019-05-31 17:17:16,8450.0,0.0000002,0.000000000016841520000000002,7718555,2019-05-31 17:17:16,btc,1.9582485601246655,0.0,0.0000002,"btc,eth",11379.41563696,0.0,0.001522,61
0,[],28,[],2019-05-31 17:17:17,0.0,0,0,7718556,2019-05-31 17:17:17,,0.0,680.0,0,,0.0,0.0,0.0,61
1,[],4,[],2019-05-31 17:17:19,838619.13476158,0.00000076,0.00000000006399777600000001,7718557,2019-05-31 17:17:19,btc,3.020625089343682,0.0,0.00000076,btc,896429.31188607,0.11176529,0.4267637243853554,67
0.0,[],25,[],2019-05-31 17:17:21,0.0,0,0,7718558,2019-05-31 17:17:21,,0.0,0.0,0.0,btc,0.0,0.0,0.0,67
1,[],12,[],2019-05-31 17:17:22,806193.855,0.00000006,0.000000000005052456,7718559,2019-05-31 17:17:22,btc,5.17009981104895,0.0,0.00000006,btc,775593.27172826,8.316011e-05,0.0176967113,71
,[],5,[],2018-11-20 23:02:39,1.5e-07,0.00000005,0.000000000002128045,4862160,2018-11-20 23:02:39,btc,2.84511358,0.0,,btc,0.00036572,0.0,0.07381892,74
1,[],5,[],2019-05-31 17:17:24,0.0,0,0,7718560,2019-05-31 17:17:24,btc,0.0,0.10321641,0,btc,0.0,0.0,0.0,75
0,[],4,[],2019-05-25 21:33:44,0.0,0,0,7686249,2019-05-25 21:33:44,,133656.37989170782,0.0,0,,33439209.5909442,0.0,0.0,81
0,[],20,[],2019-01-25 09:30:31,0.0,0,0,6495923,2019-01-25 09:30:31,btc,0.0,0.0,0,btc,0.0,0.0,0.0,81
1,[],4,[],2019-05-31 17:17:25,36353.3303919,0.00010953,0.000000009223258428,7718561,2019-05-31 17:17:25,btc,55.549289834186844,0.0,0.00010953,btc,120333.61832571,0.40729014,0.7511474384680998,82
1,[],21,[],2019-05-31 17:17:26,69453.70167128,0.0001203400000000000031729480154,0.000000010133542584,7718562,2019-05-31 17:17:26,btc,20.411383747500775,80761.08026748,0.00012034000000000000317294801543965832024696283042430877685546875,btc,115396.80584661,8.66498113,5.864683391101846,82
0,[],17,[],2019-03-25 22:42:34,0.0,0,0,7038780,2019-03-25 22:42:34,btc,0.0445064681804024,0.0,0,btc,995513.18476001,0.0,0.0,84
0.0000000001161485,[],4,[],2019-05-20 13:09:39,216715621.0206096,1.161485e-18,9.0533806701e-23,7657228,2019-05-20 13:09:39,ltc,1.6511566870244727,0.0,0.00000001,ltc,471032407.9048656,0.0,2.5171194308112273e-10,85
,[],22,[],2018-11-20 23:09:34,3408.1,0.0000001,0.0000000000041895,4862324,2018-11-20 23:09:34,BTC,0.04624735,0.0,,BTC,4990.0,0.0,0.00033081,86
1,[],22,[],2019-05-31 17:17:29,62656.0,0.00000001,0.000000000000842076,7718563,2019-05-31 17:17:29,BTC,1.45391412,0.0,0.00000001,BTC,375863.04736842104,0.0,0.00062656,87
1,[],27,[],2019-05-31 17:17:34,97382.0,0.00000007,0.000000000005894532000000001,7718564,2019-05-31 17:17:34,btc,5.052674818036,396050.0,0.00000007,btc,46323.67341,0.5901145,0.00122414,87
,[],2,[],2018-11-20 23:10:47,0.0,0,0,4862359,2018-11-20 23:10:47,,0.0,0.0,,,0.0,0.0,0.0,88
1,[],11,[],2019-05-31 17:17:37,126348.67901098,0.0000800999999999999954224116915924014392658136785030364990234375,0.00000000674502876,7718565,2019-05-31 17:17:37,btc,167.3513382746645,398.88495228,0.0000800999999999999954224116915924014392658136785030364990234375,btc,200705.56421810001,0.0,2.1021523823813633,89
0,[],2,[],2019-01-20 23:31:45,0.0,0,0,6477083,2019-01-20 23:31:45,,0.0,0.0,0,,0.0,0.0,0.0,91
1,[],12,[],2019-05-31 17:17:38,265666.81961016,0.00000031,0.000000000026104356,7718566,2019-05-31 17:17:38,btc,87.692527288252,0.0,0.00000031,btc,146795.03496614,0.000150847552,0.0121795183999915,91
1,[],22,[],2019-05-31 17:19:42,75910.55,0.0000002,0.000000000016841520000000002,7718567,2019-05-31 17:19:42,BTC,0.495,0.0,0.0000002,"BTC,LTC",4.95,0.0,0.00165931,91
0,[],17,[],2019-05-03 01:12:26,0.0,0,0,7559096,2019-05-03 01:12:26,btc,0.0,0.0,0,btc,0.0,0.0,0.0,91
1,[],22,[],2019-04-09 20:17:52,374949.73333333334,0.00000015,0.000000000007771935,7235704,2019-04-09 20:17:52,BTC,6.87372503,0.0,0.00000015,"BTC,LTC",159980.01196797504,1.1e-05,0.80510266,95
0.0000000001303394,[],4,[],2019-05-31 17:19:43,543290765.8351129,2.7371274000000002e-17,2.3048692924824003e-21,7718568,2019-05-31 17:19:43,ltc,11.29892155665861,0.0,0.00000021,ltc,153573817.8970942,0.00247066,8.671626527320575e-10,96
0,[],12,[],2019-05-31 17:19:45,0.0,0,0,7718569,2019-05-31 17:19:45,btc,17.17668343048951,0.0,0,btc,9673399.04895105,0.0,0.0,96
0,[],17,[],2019-05-03 01:12:32,0.0,0,0,7559100,2019-05-03 01:12:32,btc,0.0,0.0,0,btc,0.0,0.0,0.0,96
1,[],4,[],2019-04-14 03:32:46,1039404.33283278,0.00000038,0.000000000019245518,7293458,2019-04-14 03:32:46,btc,4.170086055365747,0.0,0.00000038,btc,3097704.34561074,0.06260606,0.1859928211030784,99
0,[],2,[],2019-01-20 23:23:55,0.0,0,0,6476914,2019-01-20 23:23:55,,0.0,0.0,0,,0.0,0.0,0.0,100
1,[],4,[],2019-05-31 17:21:46,243683.59490788,0.00001691,0.000000001423950516,7718570,2019-05-31 17:21:46,btc,7.523940957119773,0.0,0.00001691,btc,160015.16699408,0.21142565,0.3620404294456766,100
1,[],22,[],2019-05-31 17:21:50,150000.0,0.00000002,0.000000000001684152,7718571,2019-05-31 17:21:50,BTC,24.83526409,0.0,0.00000002,BTC,11187.719,0.0,0.0017,101
1,[],4,[],2019-05-31 17:21:51,552574.58407163,0.00000181,0.000000000152415756,7718572,2019-05-31 17:21:51,btc,364.15760837056035,0.0,0.00000181,btc,621422.63218306,0.1124109,0.2013272984875348,103
1,[],12,[],2019-05-31 17:21:53,170334174.0,0.000000004,0.0000000000003368304,7718573,2019-05-31 17:21:53,btc,2404.290825531926,0.0,0.000000004,btc,68753490.77921364,0.065307001372,0.21814851400000002,105
1,[],27,[],2019-05-31 17:21:59,231577.0,0.00000001,0.000000000000842076,7718574,2019-05-31 17:21:59,btc,0.2851764,6546.0,0.00000001,btc,359904.0,6.546e-05,0.00231577,105
1,[],22,[],2019-04-21 00:17:26,21333.0,0.00000001,0.000000000000532493,7385819,2019-04-21 00:17:26,BTC,51.38182867,0.0,0.00000001,BTC,470435.0,0.0,0.00021333,107
1,[],26,[],2019-04-21 00:17:26,0.0,0.00000000,0,7385820,2019-04-21 00:17:26,btc,0.0,0.0,0.00000000,btc,0.0,0.0,0.0,107
1,[],5,[],2019-05-31 17:22:01,0.0,0,0,7718575,2019-05-31 17:22:01,btc,0.0,0.0,0,btc,0.0,0.0,0.0,112
0,[],22,[],2019-05-31 17:22:03,0.0,0,0,7718576,2019-05-31 17:22:03,,6.79500102,0.0,0,,3375892.0833333335,0.0,0.0,112
1,[],27,[],2019-05-31 17:22:16,1.0,0.00000001,0.000000000000842076,7718577,2019-05-31 17:22:16,btc,1.15032588,0.0,0.00000001,"btc,eth",1818.0,0.0,1e-08,112
1,[],4,[],2019-05-31 17:22:17,255679.48777083,0.00000084,0.00000000007073438400000001,7718578,2019-05-31 17:22:17,btc,5.5808678241140415,0.0,0.00000084,btc,639319.0962802,0.04022724,0.1536218427675102,113
1,[],5,[],2019-05-31 17:22:18,0.0,0,0,7718579,2019-05-31 17:22:18,btc,0.0,0.0,0,btc,0.0,0.0,0.0,113
1,[],17,[],2019-04-26 02:17:47,162738.278,0.00000004,0.0000000000021069000000000002,7461287,2019-04-26 02:17:47,btc,1.3331140273775473,0.0,0.00000004,btc,51796.221,0.0,0.00230953112,116
1,[],27,[],2019-05-22 05:13:01,210000.0,0.00000001,0.00000000000079145,7666372,2019-05-22 05:13:01,btc,3919.0005001478,0.0,0.00000001,btc,128660.871,0.0,0.0021,116
1,[],4,[],2019-05-21 22:31:11,138169.03963019,0.00000701,0.000000000558364025,7664793,2019-05-21 22:31:11,btc,150.95388250938234,0.0,0.00000701,btc,344631.17141974,0.07552974,0.4288357684941946,120
1,[],7,[],2019-05-21 22:31:12,3901.07750076,0.000010679999999999999389654892212320191902108490467071533203125,0.0000000008506887,7664794,2019-05-21 22:31:12,btc,231188.94669936574,0.0,0.000010679999999999999389654892212320191902108490467071533203125,btc,4133.83151364,0.0,0.0113888422364489,120
1,[],20,[],2019-04-07 18:42:29,1914137.0852,0.000000035,0.0000000000017871910000000002,7211992,2019-04-07 18:42:29,btc,32.2497668025648,25528.85,0.000000035,btc,1001975.4986,0.00089350975,0.0152723574729,125
1,[],22,[],2019-05-31 17:22:21,10000.0,0.00000001,0.000000000000842076,7718580,2019-05-31 17:22:21,BTC,0.032061,0.0,0.00000001,BTC,299316.7611111111,0.0,0.0001,126
0,[],2,[],2019-01-20 23:25:46,0.0,0,0,6476969,2019-01-20 23:25:46,,0.0,0.0,0,,0.0,0.0,0.0,131
1,[],4,[],2019-05-31 17:22:22,411892.85419663,0.00000921,0.000000000775551996,7718581,2019-05-31 17:22:22,btc,5.329935657377051,0.0,0.00000921,btc,160818.42231373,0.56399321,1.4301883859812197,131
1,[],17,[],2019-05-03 01:13:10,10000.0,0.00000001,0.000000000000548003,7559115,2019-05-03 01:13:10,btc,0.0953976503951408,0.0,0.00000001,btc,5037.62507334,0.0,0.0001,131
1,[],4,[],2019-05-31 17:24:23,4872.53723502,0.00007920,0.000000006669241920000001,7718582,2019-05-31 17:24:23,btc,5.03119766500819,0.0,0.00007920,btc,202.13055914,0.0,0.006721941009462,135
1,[],3,[],2019-05-31 17:24:24,596452.22392675,0.00000001,0.0000000000008420760000000001,7718583,2019-05-31 17:24:24,btc,0.2228441524104852,1605354.79937,0.00000001,btc,1910497.4316845,0.0,0.005964522239267501,136
1,[],4,[],2019-05-31 17:24:25,2102805.08015924,0.00000183,0.00000000015409990800000001,7718584,2019-05-31 17:24:25,btc,109.03391231936894,0.0,0.00000183,btc,527850.94874579,0.02798817,0.5067345338547725,137
1,[],12,[],2019-05-31 17:24:26,88423.8947462,0.000001749999999999999973748754898694723891594549058936536312103271484375,0.00000000014736330000000001,7718585,2019-05-31 17:24:26,btc,57.8412396912735,0.0,0.000001749999999999999973748754898694723891594549058936536312103271484375,btc,50710.8164856,0.00042186,0.0177831999999431,137
1,[],20,[],2019-05-31 16:55:53,209042.5229,0.000015001,0.0000000012577678456,7718437,2019-05-31 16:55:53,btc,1.6084727300573,0.0,0.000015001,btc,9872.8163,0.0,0.0187095600469,142
1,[],22,[],2019-05-31 16:55:55,11028.645,0.00001000,0.000000000838456,7718438,2019-05-31 16:55:55,BTC,3.2754788,0.0,0.00001000,BTC,1133.9993657797618,0.0,0.00745365,142
0.0,[],25,[],2019-05-31 16:55:57,0.0,0,0,7718439,2019-05-31 16:55:57,,0.0,0.0,0.0,btc,0.0,0.0,0.0,142
0,[],28,[],2019-05-31 16:56:50,0.0,0,0,7718440,2019-05-31 16:56:50,,0.0,0.0,0,,0.0,0.0,0.0,142
1,[],4,[],2019-05-31 17:24:27,101947.23341761,0.00001802,0.000000001517420952,7718586,2019-05-31 17:24:27,btc,8.569047950648725,0.0,0.00001802,btc,117550.38162385,0.36886859,0.9252682249621439,142
1,[],5,[],2019-05-31 17:24:28,0.0,0,0,7718587,2019-05-31 17:24:28,btc,0.0,0.04269025,0,btc,0.0,0.0,0.0,142
1,[],17,[],2019-05-03 01:13:16,32967.38636364,0.00000088,0.000000000048224264,7559122,2019-05-03 01:13:16,btc,20.06976206696776,0.0,0.00000088,btc,2746.079105,0.0,0.0105613000000032,142
0,[],22,[],2019-05-31 16:56:53,0.0,0,0,7718441,2019-05-31 16:56:53,,64.98618676,0.0,0,,787024755.3,0.0,0.0,143
0,[],22,[],2019-02-25 15:42:22,0.0,0,0,6783783,2019-02-25 15:42:22,,4.2131946,0.0,0,,2322156.0,0.0,0.0,146
,[],22,[],2018-11-20 23:01:11,0.0,0,0,4862114,2018-11-20 23:01:11,,2.56807021,0.0,,,61828.4988236,0.0,0.0,147
1,[],12,[],2019-04-21 06:38:04,193091.5971266,0.00000071,0.000000000037635183,7388679,2019-04-21 06:38:04,btc,2.301232411611175,0.0,0.00000071,btc,9957.48302385,0.00023528,0.0313308199999888,148
1,[],4,[],2019-03-19 21:31:25,255810.0415942,0.00000029,0.000000000011615747,6982695,2019-03-19 21:31:25,btc,218.94922712414143,0.0,0.00000029,btc,793529.37642722,0.00117,0.0608347789473395,152
0,[],22,[],2019-03-19 21:31:27,0.0,0,0,6982696,2019-03-19 21:31:27,,0.0,0.0,0,,0.0,0.0,0.0,152
1,[],5,[],2019-04-26 09:36:59,0.0,0,0,7465040,2019-04-26 09:36:59,btc,0.0,0.0,0,btc,0.0,0.0,0.0,153
,[],16,[],2019-01-11 15:38:59,0.0,0,0,6366141,2019-01-11 15:38:59,btc,0.0,0.0,,btc,0.0,0.0,0.0,155
0,[],22,[],2019-05-31 16:56:57,0.0,0,0,7718442,2019-05-31 16:56:57,,7.44455324,0.0,0,,5955762.942592593,0.0,0.0,156
0,[],23,[],2019-01-20 23:24:29,0.0,0,0,6476932,2019-01-20 23:24:29,,0.0,0.0,0,,0.0,0.0,0.0,156
1,[],22,[],2019-05-31 16:57:00,6996.0,0.00000001,0.000000000000838456,7718443,2019-05-31 16:57:00,BTC,1.7543039,0.0,0.00000001,BTC,57.0,0.0,6.996e-05,157
0,[],22,[],2019-05-21 23:40:32,0.0,0,0,7665049,2019-05-21 23:40:32,,50234.60468402,0.0,0,,54786159.03179465,0.0,0.0,158
,[],17,[],2018-11-20 22:56:10,0.0,0,0,4861976,2018-11-20 22:56:10,btc,1.1265625,0.0,,btc,1000.0,0.0,0.0,159
,[],20,[],2018-11-20 22:56:12,0.0,0,0,4861977,2018-11-20 22:56:12,btc,11912.7940471,0.0,,btc,34413894.3617,0.0,0.0,159
1,[],12,[],2019-05-24 02:51:20,9178.522006449999,0.00000191999999999999982841307998027158276954651228152215480804443359375,0.000000000151222656,7676256,2019-05-24 02:51:20,btc,149.80414728631675,0.0,0.00000191999999999999982841307998027158276954651228152215480804443359375,btc,1115.7451448499999,0.01783167678326,0.0120075778999181,168
1,[],17,[],2019-05-03 01:13:36,42852.0,0.00000002,0.000000000001096006,7559132,2019-05-03 01:13:36,btc,0.04279856251542,0.0,0.00000002,btc,274.46171372,0.0,0.00052852,168
1,[],22,[],2019-05-17 03:01:52,10.0,0.00000001,0.000000000000778341,7642059,2019-05-17 03:01:52,BTC,41.95893009,0.0,0.00000001,BTC,1753972.7737547632,0.0,1e-07,169
1,[],22,[],2019-05-30 08:38:18,202834.0,0.00000002,0.0000000000017416160000000001,7711049,2019-05-30 08:38:18,BTC,27.87002826,0.0,0.00000002,BTC,462189.5410507793,0.0,0.00211768,171
1,[],22,[],2019-05-29 08:05:18,349870.0,0.00000002,0.000000000001705894,7705265,2019-05-29 08:05:18,BTC,24.05907723,0.0,0.00000002,"BTC,LTC",1224285.4355616204,0.0,0.0039847,173
1,[],5,[],2019-05-31 16:57:02,0.0,0,0,7718444,2019-05-31 16:57:02,btc,0.0,0.10247866,0,btc,0.0,0.0,0.0,175
1,[],22,[],2019-05-31 16:57:08,90671.0,0.00000001,0.000000000000838456,7718445,2019-05-31 16:57:08,BTC,394.35459412,0.0,0.00000001,BTC,136275.61833431243,0.0,0.00090671,176
1,[],7,[],2019-05-31 16:57:09,0.0,0,0,7718446,2019-05-31 16:57:09,btc,522274.28208915493,0.0,0,btc,21993385.47972966,0.0,0.0,178
0,[],22,[],2019-05-31 16:57:12,0.0,0,0,7718447,2019-05-31 16:57:12,,1.00242428,0.0,0,,57512.0,0.0,0.0,178
0,[],2,[],2019-01-20 23:28:34,0.0,0,0,6477001,2019-01-20 23:28:34,,0.0,0.0,0,,0.0,0.0,0.0,178
1,[],5,[],2019-05-31 16:57:13,0.0,0,0,7718448,2019-05-31 16:57:13,btc,0.0,0.1803682,0,btc,0.0,0.0,0.0,179
0,[],22,[],2019-05-31 16:57:16,0.0,0,0,7718449,2019-05-31 16:57:16,,5.31629775,0.0,0,,13534709.311946675,0.0,0.0,179
0,[],23,[],2019-01-20 23:25:08,0.0,0,0,6476952,2019-01-20 23:25:08,,0.0,0.0,0,,0.0,0.0,0.0,179
1,[],22,[],2019-05-31 16:59:21,683128.1315646544,0.00000107,0.00000000008971479199999999,7718450,2019-05-31 16:59:21,BTC,39.17353985,0.0,0.00000107,"BTC,LTC",133473.64422151132,0.00177976,0.58235949,180
1,[],26,[],2019-05-31 16:59:21,0.0,0.00000010,0.00000000000838456,7718451,2019-05-31 16:59:21,btc,0.0,0.0,0.00000010,btc,0.0,0.0,0.0,180
1,[],17,[],2019-05-03 01:13:56,20504.725000000002,0.0000001,0.00000000000548003,7559141,2019-05-03 01:13:56,btc,5.2010695838400265,0.0,0.0000001,btc,5033.45945,0.0,0.0011504725,180
,[],7,[],2018-11-20 22:58:01,562227.975654,0.00000085,0.000000000036176765,4862015,2018-11-20 22:58:01,btc,21836.6059674,2491.87645172,,btc,749999.041456,0.00211021,0.127565380455,183
,[],5,[],2019-01-10 08:11:41,0.0,0,0,6347036,2019-01-10 08:11:41,btc,82.15055501,0.00261,,btc,1.19002445,0.0,0.0,187
,[],17,[],2018-11-16 20:58:10,4062536.27273,0.00000001,0.000000000000550501,4708775,2018-11-16 20:58:10,btc,3.36492563466,0.195460381006,,"btc,eth",110697919.549,0.0,0.0157628953496,187
1,[],24,[],2019-05-22 21:04:52,0.0,0.000000000014,0.0000000000000010960978,7670219,2019-05-22 21:04:52,btc,0.0,0.0,0.000000000014,btc,0.0,0.0,0.0,187
0,[],22,[],2019-04-25 02:54:07,0.0,0,0,7447896,2019-04-25 02:54:07,,7.54794454,0.0,0,,76361.7243344055,0.0,0.0,191
0,[],22,[],2019-05-31 16:59:26,0.0,0,0,7718452,2019-05-31 16:59:26,,0.0,0.0,0,,0.0,0.0,0.0,197
0,[],23,[],2019-01-20 23:31:41,0.0,0,0,6477079,2019-01-20 23:31:41,,0.0,0.0,0,,0.0,0.0,0.0,199
0,[],22,[],2019-05-31 16:59:29,0.0,0,0,7718453,2019-05-31 16:59:29,,10.93271999,0.0,0,,99750037.0,0.0,0.0,199
1,[],26,[],2019-05-31 16:59:29,0.0,0.00000000,0,7718454,2019-05-31 16:59:29,btc,0.0,0.0,0.00000000,btc,0.0,0.0,0.0,199
0,[],2,[],2019-01-20 23:30:49,0.0,0,0,6477059,2019-01-20 23:30:49,,0.0,0.0,0,,0.0,0.0,0.0,201
1,[],4,[],2019-01-25 15:51:35,2084389.58565343,0.00000936,0.000000000333526752,6499557,2019-01-25 15:51:35,btc,2.0092503037378524,0.0,0.00000936,btc,160195.80207885,0.19272417,1.242687955921835,211
1,[],7,[],2019-05-31 16:59:32,1198925544.6472666,0.00000071,0.000000000059530376,7718455,2019-05-31 16:59:32,btc,15201837.85497348,381556.083847,0.00000071,btc,8078931.19596459,0.0,13.730796600149397,212
1,[],12,[],2019-01-25 02:44:32,207462.42853209,0.000001080000000000000035831255497387193287295303889550268650054931640625,0.000000000038610756000000006,6493050,2019-01-25 02:44:32,btc,85023.03793723314,0.0,0.000001080000000000000035831255497387193287295303889550268650054931640625,btc,43675.73520027,0.000146250909087,0.0348620860622024,213
1,[],5,[],2019-05-30 00:07:46,0.0,0,0,7709357,2019-05-30 00:07:46,btc,0.0,0.06425239,0,btc,0.0,0.0,0.0,213
1,[],24,[],2019-05-30 00:07:46,0.0,0.000000399202,0.0000000000344859829346,7709358,2019-05-30 00:07:46,btc,0.0,0.0,0.000000399202,btc,0.0,0.0,0.0,213
1,[],26,[],2019-05-30 00:07:47,0.0,0.00000040,0.000000000034554919999999996,7709359,2019-05-30 00:07:47,btc,0.0,0.0,0.00000040,btc,0.0,0.0,0.0,213
0,[],22,[],2019-05-31 16:59:34,0.0,0,0,7718456,2019-05-31 16:59:34,,9.61445386,0.0,0,,3661587.094064925,0.0,0.0,216
1,[],27,[],2019-05-31 16:59:40,196550.0,0.00000001,0.000000000000838456,7718457,2019-05-31 16:59:40,btc,75.60593967917752,1000.0,0.00000001,"btc,ltc",383835.407688,1e-05,0.0019555000000013004,216
1,[],22,[],2019-05-31 16:59:43,718959.0714285715,0.00000028,0.000000000023476767999999998,7718458,2019-05-31 16:59:43,BTC,12056.48903718,0.0,0.00000028,BTC,531780.7643343819,0.0,0.0536533,217
1,[],7,[],2019-05-31 16:59:48,0.0,0,0,7718459,2019-05-31 16:59:48,btc,1234864.1040716618,0.0,0,btc,164001712.13147992,0.0,0.0,219
0,[],27,[],2019-05-31 16:59:53,0.0,0,0,7718460,2019-05-31 16:59:53,,261.4158310567132,435636.0,0,btc,15858076.74381025,0.00435636,0.0,219
0,[],28,[],2019-05-31 17:00:54,0.0,0,0,7718461,2019-05-31 17:00:54,,0.0,13669.0,0,,0.0,0.0,0.0,219
1,[],22,[],2019-05-23 16:41:05,172069.0,0.00000004,0.0000000000031167080000000004,7674065,2019-05-23 16:41:05,BTC,56.76466137,0.0,0.00000004,BTC,127061.6482738741,0.0,0.00393676,221
1,[],24,[],2019-05-23 16:41:05,0.0,0.000000010000,0.0000000000007791770000000001,7674066,2019-05-23 16:41:05,btc,0.0,0.0,0.000000010000,btc,0.0,0.0,0.0,221
1,[],20,[],2019-05-31 17:00:56,2435424.0,0.000000001,0.0000000000000838456,7718462,2019-05-31 17:00:56,btc,100053.66203800458,2071295.225,0.000000001,btc,47932112.8844,0.00414259045,0.002435424,224
0,[],22,[],2019-05-31 17:00:58,0.0,0,0,7718463,2019-05-31 17:00:58,,0.0,0.0,0,,0.0,0.0,0.0,224
1,[],26,[],2019-05-31 17:00:59,0.0,0.00000025,0.000000000020961399999999998,7718464,2019-05-31 17:00:59,btc,0.0,0.0,0.00000025,btc,0.0,0.0,0.0,231
1,[],26,[],2019-05-31 17:00:59,0.0,0.00000006,0.000000000005030736,7718465,2019-05-31 17:00:59,btc,0.0,0.0,0.00000006,btc,0.0,0.0,0.0,234
0.0000000003079198,[],27,[],2019-05-31 17:01:07,100.0,3.079198e-18,2.5817720382879998e-22,7718466,2019-05-31 17:01:07,eth,0.01134836604,0.0,0.00000001,"btc,eth",11462.996,0.0,3.079198e-16,234
1,[],4,[],2019-05-22 17:06:12,91780.56053785,0.00000078,0.000000000061977552,7669277,2019-05-22 17:06:12,btc,5.573372450018177,0.0,0.00000078,btc,729173.93529783,0.0,0.0307060663355679,236
1,[],24,[],2019-05-22 17:06:12,0.0,0.000000010000,0.000000000000794584,7669278,2019-05-22 17:06:12,btc,0.0,0.0,0.000000010000,btc,0.0,0.0,0.0,236
1,[],5,[],2019-05-31 17:01:08,0.0,0,0,7718467,2019-05-31 17:01:08,btc,0.0,0.04976388,0,btc,0.0,0.0,0.0,237
1,[],20,[],2019-05-31 17:01:10,118316477.8145,0.000000039,0.0000000000032699784,7718468,2019-05-31 17:01:10,btc,412.7615079618559,6149176.1282,0.000000039,btc,43432325.1351,0.2597864713144,0.4018559266749,237
1,[],22,[],2019-05-31 17:01:14,288100.0,0.00000003,0.000000000002515368,7718469,2019-05-31 17:01:14,BTC,1.20267422,0.0,0.00000003,"BTC,LTC",17930.94871794872,0.0,0.007541,237
1,[],4,[],2019-05-31 17:01:15,26987524.30553377,0.00000012,0.000000000010061472,7718470,2019-05-31 17:01:15,btc,2.829090422702637,0.0,0.00000012,btc,8777759.65042162,0.15210457,0.5690648578242181,238
1,[],5,[],2019-05-31 17:01:16,0.0,0,0,7718471,2019-05-31 17:01:16,btc,0.0,0.00876214,0,btc,0.0,0.0,0.0,238
0,[],22,[],2019-03-12 16:49:32,0.0,0,0,6914458,2019-03-12 16:49:32,,0.40415746,0.0,0,,526736.5639027493,0.0,0.0,249
0,[],22,[],2019-05-28 23:53:45,0.0,0,0,7703643,2019-05-28 23:53:45,,13.44714864,0.0,0,,43777534.3426455,0.0,0.0,252
0,[],28,[],2019-05-31 17:02:07,0.0,0,0,7718472,2019-05-31 17:02:07,,0.0,313065.63905767,0,,0.0,0.0,0.0,256
1,[],22,[],2019-05-31 17:02:11,1038461.0,0.00000001,0.000000000000838456,7718473,2019-05-31 17:02:11,BTC,31464.5506333,0.0,0.00000001,BTC,584951.6675322719,7.05e-06,0.01038461,258
1,[],22,[],2019-05-19 18:12:02,400.0,0.00000001,0.0000000000007957800000000001,7653905,2019-05-19 18:12:02,BTC,2.415167,0.0,0.00000001,BTC,157.0,0.0,4e-06,259
1,[],5,[],2019-05-31 17:02:13,0.0,0,0,7718474,2019-05-31 17:02:13,btc,0.0,0.0571388,0,btc,0.0,0.0,0.0,264
1,[],20,[],2019-05-31 17:02:14,955358.9382,0.000000153,0.0000000000128283768,7718475,2019-05-31 17:02:14,btc,0.9761378127969,67630.1221,0.000000153,btc,51736.5911,0.03786089448,0.0075237773946,264
0,[],22,[],2019-04-12 17:57:27,0.0,0,0,7278186,2019-04-12 17:57:27,,66.37522201,0.0,0,,677842.4169881374,0.0,0.0,271
0,[],22,[],2019-05-29 08:10:20,0.0,0,0,7705301,2019-05-29 08:10:20,,33050470.74998113,0.0,0,,14361377780.7,0.0,0.0,272
0,[],28,[],2019-05-29 08:10:54,0.0,0,0,7705302,2019-05-29 08:10:54,,0.0,22189957216.5758,0,,0.0,0.0,0.0,272
1,[],22,[],2019-05-23 07:12:29,219930.0,0.00000004,0.000000000003048688,7671985,2019-05-23 07:12:29,BTC,426.77835217,0.0,0.00000004,BTC,248664.3325962929,0.0,0.00739728,281
1,[],22,[],2019-05-31 17:02:19,441261.43333333335,0.00000004,0.000000000003353824,7718476,2019-05-31 17:02:19,BTC,31.67300536,0.0,0.00000004,"BTC,LTC",1517100.4569583754,0.00123386,0.01777939,286
0,[],22,[],2019-05-31 17:02:21,0.0,0,0,7718477,2019-05-31 17:02:21,,7337904.96568486,0.0,0,,2004620112.6797826,0.0,0.0,294
