pairValue,buyBook,exchangeId,sellBook,updated,buyTotal,satoshiPrice,usdPrice,exchangeLogId,created,bestPair,sellTotalBtc,volume,pairPrice,activePairs,sellTotal,volumeBtc,buyTotalBtc,coinId
1,[],10,[],2019-07-13 08:58:05,251434.9725798,0.00271069,0.00000031407274150500003,7812232,2019-07-13 08:58:05,btc,6515.317158446701,1686.04548878,0.00271069,btc,2002.66956917,0.0,1.2639712180673435,1
1,[],5,[],2019-07-06 00:27:44,0.0,0,0,7800775,2019-07-06 00:27:44,btc,0.0,0.00190933,0,btc,0.0,0.0,0.0,1
0,[],2,[],2019-01-20 23:28:45,0.0,0,0,6477011,2019-01-20 23:28:45,,0.0,0.0,0,,0.0,0.0,0.0,1
1,[],3,[],2019-08-18 11:27:20,969.366115421463,0.00804465000000000041158187968903803266584873199462890625,0.0000008324410748400001,7909084,2019-08-18 11:27:20,btc,9.190986342249708,7.97327683425,0.00804465000000000041158187968903803266584873199462890625,btc,28.505561547731002,0.0,0.3324316135374634,1
1,[],4,[],2019-08-18 11:27:21,24985.51352624,0.00803715,0.00000083166499284,7909085,2019-08-18 11:27:21,btc,13.19488445933406,0.0,0.00803715,btc,546.94266759,0.60331002,0.629632239634413,1
1,[],12,[],2019-08-18 11:27:26,99.20843615,0.00804000000000000027144952952085077413357794284820556640625,0.0000008319599040000001,7909086,2019-08-18 11:27:26,btc,0.289908600949,0.0,0.00804000000000000027144952952085077413357794284820556640625,btc,27.44560941,0.856444199246,0.2094644108314,1
1,[],20,[],2019-08-18 11:27:28,932.2773,0.00790255,0.0000008177369078800001,7909087,2019-08-18 11:27:28,btc,0.2281241894294,0.1779,0.00790255,btc,19.2986,0.0014915463,0.1280632623464,1
1,[],21,[],2019-08-18 11:27:30,2444.32477628,0.008045739999999999142454853995,0.0000008325538654239999,7909088,2019-08-18 11:27:30,btc,8.460097899092704,928.18908447,0.0080457399999999991424548539953320869244635105133056640625,"btc,eth",1627.76169315,7.016088474674679,15.988043479210816,1
1,[],22,[],2019-08-18 11:27:33,0.5198816666666667,0.00600000,0.0000006208656,7909089,2019-08-18 11:27:33,BTC,0.01700334,0.0,0.00600000,BTC,0.283670650841137,0.0,0.00302178,1
1,[],24,[],2019-08-18 11:27:34,0.0,0.000000000000,0,7909090,2019-08-18 11:27:34,btc,0.0,0.0,0.000000000000,btc,0.0,0.0,0.0,1
0.0,[],25,[],2019-08-18 11:27:35,0.0,0,0,7909091,2019-08-18 11:27:35,btc,15.758499999380282,2727.26296952,0.0,btc,1881.16074123,22.1321,0.0,1
1,[],26,[],2019-08-18 11:27:39,0.0,0,0,7909092,2019-08-18 11:27:39,,0.0,0.0,0,,0.0,0.0,0.0,1
0,[],28,[],2019-08-18 11:27:41,0.0,0,0,7909093,2019-08-18 11:27:41,,0.0,0.0,0,,0.0,0.0,0.0,1
1,[],5,[],2019-07-06 00:28:14,0.0,0,0,7800785,2019-07-06 00:28:14,btc,0.0,0.00208797,0,btc,0.0,0.0,0.0,2
0,[],22,[],2019-08-18 11:27:44,0.0,0,0,7909094,2019-08-18 11:27:44,,0.0,0.0,0,,0.0,0.0,0.0,2
1,[],5,[],2019-06-03 14:48:58,0.0,0,0,7731126,2019-06-03 14:48:58,btc,0.0,0.05905545,0,btc,0.0,0.0,0.0,3
1,[],12,[],2019-08-18 11:27:46,5700810.52118765,0.00000006,0.000000000006208656,7909095,2019-08-18 11:27:46,btc,42993.25788896902,0.0,0.00000006,btc,9692799.77538587,0.003773212371,0.25031471201576877,3
0,[],28,[],2019-08-18 11:27:48,0.0,0,0,7909096,2019-08-18 11:27:48,,0.0,0.0,0,,0.0,0.0,0.0,3
0,[],2,[],2019-01-20 23:31:32,0.0,0,0,6477077,2019-01-20 23:31:32,,0.0,0.0,0,,0.0,0.0,0.0,4
1,[],4,[],2019-08-18 11:27:49,5633053.76418617,0.00000012,0.000000000012417312,7909097,2019-08-18 11:27:49,btc,25.798427395128815,0.0,0.00000012,btc,1092278.27736079,0.0015902,0.0805757888909539,4
0,[],2,[],2019-01-20 23:31:51,0.0,0,0,6477087,2019-01-20 23:31:51,,0.0,0.0,0,,0.0,0.0,0.0,6
1,[],11,[],2019-08-15 15:27:29,324074.0,0.00000001,0.0000000000010065590000000001,7900084,2019-08-15 15:27:29,btc,9583.47119397936,4910218.0,0.00000001,btc,78345418.50750598,0.0,0.00324074,6
1,[],5,[],2019-07-06 00:28:21,0.0,0,0,7800789,2019-07-06 00:28:21,btc,0.0,0.38662001,0,btc,0.0,0.0,0.0,7
1,[],3,[],2019-08-18 11:27:51,11447.587831635678,0.00006297999999999999670534378548580889400909654796123504638671875,0.000000006517019248,7909098,2019-08-18 11:27:51,btc,1026.302879806023,0.0194261647807,0.00006297999999999999670534378548580889400909654796123504638671875,btc,437.938053079976,0.0,0.02132867826328255,7
1,[],4,[],2019-08-18 11:27:52,53401.95952614,0.00008104,0.000000008385824704,7909099,2019-08-18 11:27:52,btc,12.216698768563036,0.0,0.00008104,btc,71701.53715377,0.25575596,2.3877943122989422,7
1,[],5,[],2019-07-05 17:50:59,0.0,0,0,7799863,2019-07-05 17:50:59,btc,0.0,0.04857279,0,btc,0.0,0.0,0.0,12
0,[],2,[],2019-01-20 23:23:08,0.0,0,0,6476890,2019-01-20 23:23:08,,0.0,0.0,0,,0.0,0.0,0.0,12
1,[],4,[],2019-08-18 11:27:53,23980037.93879241,0.00000022,0.000000000022765072,7909100,2019-08-18 11:27:53,btc,5.6731210224303386,0.0,0.00000022,btc,9983394.84236659,0.21973564,1.7254630771978632,12
0.0,[],25,[],2019-08-18 11:27:55,0.0,0,0,7909101,2019-08-18 11:27:55,,0.0,0.0,0.0,btc,0.0,0.0,0.0,12
1,[],10,[],2019-08-17 23:44:17,772411.4510514,0.00000132,0.000000000134784144,7907922,2019-08-17 23:44:17,btc,666797.3264080575,18660.2934016,0.00000132,btc,1013000.70541555,0.0,0.0784585602476024,13
1,[],4,[],2019-08-18 11:27:56,900257.71113475,0.00000132,0.000000000136590432,7909102,2019-08-18 11:27:56,btc,3.480522571281486,0.0,0.00000132,btc,926632.69955396,0.11299478,0.4258227076216257,13
1,[],21,[],2019-08-18 11:27:59,9882694.4513598,0.000001329999999999999971578724250,0.000000000137625208,7909103,2019-08-18 11:27:59,btc,3.2727106562933588,265808.4563997,0.0000013299999999999999715787242504649867669286322779953479766845703125,btc,1706194.86724053,0.35644705,2.004696044791399,13
0,[],17,[],2019-05-03 00:53:32,0.0,0,0,7558876,2019-05-03 00:53:32,btc,0.0,0.0,0,btc,0.0,0.0,0.0,14
1,[],4,[],2019-08-18 11:28:00,1517631.5514933,0.00000075,0.0000000000776082,7909104,2019-08-18 11:28:00,btc,2.8625555572729597,0.0,0.00000075,btc,875767.7198402,0.00747749,0.2702244512880901,14
1,[],12,[],2019-08-18 11:28:01,216876.12240075,0.00000075,0.0000000000776082,7909105,2019-08-18 11:28:01,btc,181.98352839102498,0.0,0.00000075,btc,31739.65622347,0.000319512597,0.0196738299999694,14
1,[],26,[],2019-08-18 11:30:01,0.0,0,0,7909106,2019-08-18 11:30:01,,0.0,0.0,0,,0.0,0.0,0.0,14
,[],12,[],2018-12-01 15:15:48,204241.84496,0.00000489,0.000000000202473384,5260204,2018-12-01 15:15:48,btc,49.5475654835,0.0,,btc,35763.2193806,0.0163153972027625,0.0203389899998,15
0,[],4,[],2019-08-18 11:30:02,0.0,0,0,7909107,2019-08-18 11:30:02,,0.0,0.0,0,,0.0,0.0,0.0,15
0,[],2,[],2019-01-20 23:23:38,0.0,0,0,6476906,2019-01-20 23:23:38,,0.0,0.0,0,,0.0,0.0,0.0,18
0,[],17,[],2019-05-03 00:53:39,0.0,0,0,7558882,2019-05-03 00:53:39,btc,0.0,0.0,0,btc,0.0,0.0,0.0,18
1,[],4,[],2019-08-18 11:30:04,38678.68899595,0.00000751,0.0000000007771167760000001,7909108,2019-08-18 11:30:04,btc,2.4178746448150714,0.0,0.00000751,btc,21382.87815892,0.01403735,0.0755101907571438,18
1,[],10,[],2019-08-18 11:30:06,393708.08977888,0.00000673,0.000000000696404248,7909109,2019-08-18 11:30:06,btc,15.236115873261669,3605.29909067,0.00000673,btc,26786.78251463,0.0,0.2715780323569823,18
1,[],12,[],2019-08-18 11:30:07,4542.68359495,0.000007220000000000000329731901504981550488082575611770153045654296875,0.0000000007471082720000001,7909110,2019-08-18 11:30:07,btc,0.5657656452287809,0.0,0.000007220000000000000329731901504981550488082575611770153045654296875,btc,1901.83392017,0.0,0.0101870659006582,18
0,[],27,[],2019-08-12 16:48:42,0.0,0,0,7891818,2019-08-12 16:48:42,,0.0,0.0,0,btc,0.0,0.0,0.0,19
0,[],2,[],2019-01-20 23:24:19,0.0,0,0,6476924,2019-01-20 23:24:19,,0.0,0.0,0,,0.0,0.0,0.0,19
1,[],5,[],2019-07-06 02:01:19,0.0,0,0,7800799,2019-07-06 02:01:19,btc,0.0,0.0,0,btc,0.0,0.0,0.0,19
1,[],3,[],2019-08-18 11:32:07,216418.7922079667,0.00000562000000000000040213492258356353659110027365386486053466796875,0.000000000581544112,7909111,2019-08-18 11:32:07,btc,190.58389281448245,2564.79582502,0.00000562000000000000040213492258356353659110027365386486053466796875,btc,51640.68006698186,0.0,0.36829097255081994,19
1,[],4,[],2019-08-18 11:32:09,582121.65926352,0.00000567,0.000000000586717992,7909112,2019-08-18 11:32:09,btc,2.9319759317795824,0.0,0.00000567,btc,255492.50590185,0.06144005,1.6285133678901287,19
1,[],12,[],2019-08-18 11:32:10,128411.26704704,0.0000075399999999999998070315289366849498264855355955660343170166015625,0.000000000780221104,7909113,2019-08-18 11:32:10,btc,0.933726985887848,0.0,0.0000075399999999999998070315289366849498264855355955660343170166015625,btc,2900.77160987,0.0,0.016031096277659602,19
1,[],4,[],2019-08-18 11:32:11,10492836.05563501,0.00000006,0.000000000006208656,7909114,2019-08-18 11:32:11,btc,4.984292824562718,0.0,0.00000006,btc,2305413.8842246,0.0,0.1268583990480169,20
0,[],17,[],2019-05-03 00:53:51,0.0,0,0,7558891,2019-05-03 00:53:51,btc,0.0,0.0,0,btc,0.0,0.0,0.0,21
0,[],4,[],2019-08-18 11:32:13,0.0,0,0,7909115,2019-08-18 11:32:13,,47338.03621596631,0.0,0,,170672066.10214376,0.0,0.0,21
0,[],12,[],2019-08-18 11:32:14,0.0,0,0,7909116,2019-08-18 11:32:14,btc,2617.976475280819,0.0,0,btc,8688804.88011986,0.0,0.0,21
0.0000000002204393,[],27,[],2019-07-29 17:24:02,79794022.5,8.5971327e-17,8.21370058158e-21,7852364,2019-07-29 17:24:02,eth,1253.5830452782222,787155.0,0.00000039,eth,2317982.66147653,6.7672759904685e-11,2.1948587434632156e-09,23
1,[],12,[],2019-08-18 11:34:16,4147335001.8176684,0.0000000025,0.000000000000258694,7909117,2019-08-18 11:34:16,btc,167285728274.27255,0.0,0.0000000025,btc,1753943194.8043056,0.621942909592,2.586071575062969,23
0.0,[],25,[],2019-08-18 11:34:21,0.0,0,0,7909120,2019-08-18 11:34:21,,0.0,0.0,0.0,btc,0.0,0.0,0.0,24
1,[],4,[],2019-08-18 11:34:17,5938160.23430516,0.00000040,0.000000000041391040000000005,7909118,2019-08-18 11:34:17,btc,8.860397813159597,0.0,0.00000040,btc,2203904.42511245,0.05951575,0.1553032859604976,24
0,[],22,[],2019-08-18 11:34:19,0.0,0,0,7909119,2019-08-18 11:34:19,,0.0,0.0,0,,0.0,0.0,0.0,24
1,[],4,[],2019-08-18 11:34:22,26960999.68729396,0.00000361,0.00000000037355413600000003,7909121,2019-08-18 11:34:22,btc,106.46446017815762,0.0,0.00000361,btc,1061993.3451415,0.04994306,0.4536336410490153,26
1,[],10,[],2019-08-18 11:34:24,221916.36731786,0.00000354,0.000000000366310704,7909122,2019-08-18 11:34:24,btc,25.72742506847849,7291.15346022,0.00000354,btc,18623.67134614,0.0,0.0352375091595099,26
0,[],2,[],2019-01-20 23:25:56,0.0,0,0,6476976,2019-01-20 23:25:56,,0.0,0.0,0,,0.0,0.0,0.0,26
0.0000000000730853,[],4,[],2019-08-18 11:34:25,729435676.0015002,5.0428857e-17,5.2182570931032e-21,7909123,2019-08-18 11:34:25,ltc,12.378621422005898,0.0,0.00000069,ltc,1002648527.0003631,0.00041718,6.91434119341116e-09,29
1,[],7,[],2019-08-18 11:34:26,0.0,0,0,7909124,2019-08-18 11:34:26,btc,1236881.0038127443,0.0,0,btc,60415701.80757534,0.0,0.0,29
1,[],4,[],2019-08-18 11:34:28,14990968.54449009,0.00000008,0.000000000008278208,7909125,2019-08-18 11:34:28,btc,2.6077586079977677,0.0,0.00000008,btc,2001675.35044338,0.0,0.1697476169188888,30
0,[],17,[],2019-05-03 01:11:25,0.0,0,0,7559066,2019-05-03 01:11:25,btc,0.0,0.0,0,btc,0.0,0.0,0.0,30
1,[],4,[],2019-08-18 11:36:29,212501.87153744,0.00002930,0.0000000030318936800000002,7909126,2019-08-18 11:36:29,btc,2.490606007077741,0.0,0.00002930,btc,51757.03162832,0.07957319,0.4835496583822437,31
1,[],21,[],2019-08-18 11:36:31,6271238.97179813,0.00003000000000000000076002572291,0.0000000031043280000000004,7909127,2019-08-18 11:36:31,btc,5.784039578996114,9375.95320188,0.00003000000000000000076002572291233860823922441340982913970947265625,btc,152731.61325265002,0.28373009,4.870946935889057,31
0,[],2,[],2019-01-20 23:28:43,0.0,0,0,6477009,2019-01-20 23:28:43,,0.0,0.0,0,,0.0,0.0,0.0,32
0,[],4,[],2019-08-18 11:36:32,0.0,0,0,7909128,2019-08-18 11:36:32,,0.0,0.0,0,,0.0,0.0,0.0,33
1,[],12,[],2019-03-30 07:55:10,40641173.964,0.00000003,0.000000000001228359,7108785,2019-03-30 07:55:10,btc,4233210.82356125,0.0,0.00000003,btc,28378394.68333462,0.0126927883965248,0.90752895892,33
0.0000000000730853,[],4,[],2019-08-18 11:36:34,36599945.13401535,3.2157532e-17,3.3275842332832e-21,7909129,2019-08-18 11:36:34,ltc,6.028882171790715,0.0,0.00000044,ltc,161121544.7021343,0.0,4.3646742135638283e-10,34
1,[],5,[],2019-07-06 02:03:46,0.0,0,0,7800811,2019-07-06 02:03:46,btc,0.0,0.0,0,btc,0.0,0.0,0.0,34
1,[],4,[],2019-08-18 11:36:35,10861006.51324731,0.00000016,0.000000000016556416,7909130,2019-08-18 11:36:35,btc,19773.982860425906,0.0,0.00000016,btc,2415210.92838176,0.01168908,0.1647080559005013,37
1,[],12,[],2019-08-18 11:36:36,8271660.41958041,0.00000015,0.00000000001552164,7909131,2019-08-18 11:36:36,btc,1730.1037792161271,0.0,0.00000015,btc,2189452.78624544,0.008222317482,0.2801041199999989,37
1,[],27,[],2019-08-12 16:26:17,6255.0,0.00000019,0.000000000021630303,7891745,2019-08-12 16:26:17,btc,22.61101824371233,0.0,0.00000019,btc,4198.924835,0.0,0.00091445,37
1,[],17,[],2019-05-03 01:11:36,211752.74075282,0.00000025,0.000000000013700074999999998,7559074,2019-05-03 01:11:36,btc,0.055484923955058496,0.0,0.00000025,"btc,eth",1387.19918473,0.0,0.0005381851887916605,37
0,[],27,[],2019-08-12 16:26:27,0.0,0,0,7891747,2019-08-12 16:26:27,,0.001005,0.0,0,"btc,eth",3.0,0.0,0.0,42
1,[],12,[],2019-08-18 10:53:16,211014.20313772,0.000001230000000000000081983031474663903281907550990581512451171875,0.000000000127650999,7908981,2019-08-18 10:53:16,btc,521.9234061828598,0.0,0.000001230000000000000081983031474663903281907550990581512451171875,btc,146036.15305699,0.003835076533,0.0539067331659389,42
1,[],5,[],2019-07-06 02:03:47,0.0,0,0,7800812,2019-07-06 02:03:47,btc,0.0,0.14382058,0,btc,0.0,0.0,0.0,42
1,[],12,[],2019-03-13 09:13:29,1112112.0,0.00000001,0.000000000000386531,6919902,2019-03-13 09:13:29,btc,29058.00478931866,0.0,0.00000001,btc,5967681.93306694,9.99000999e-07,0.01112112,43
1,[],5,[],2019-04-26 22:38:52,0.0,0,0,7474154,2019-04-26 22:38:52,btc,0.0,0.02638891,0,btc,0.0,0.0,0.0,43
0,[],17,[],2019-04-26 22:38:53,0.0,0,0,7474155,2019-04-26 22:38:53,btc,0.0,0.0,0,btc,0.0,0.0,0.0,43
0.0000000000723199,[],4,[],2019-08-18 10:53:17,107499061.35079774,6.4364711e-17,6.6798533817043e-21,7908982,2019-08-18 10:53:17,ltc,2096.2777092618526,0.0,0.00000089,ltc,25026219.05421929,0.0,3.9519188422577547e-10,49
0.0000000000723199,[],4,[],2019-08-18 10:53:18,89576600.42005737,1.6633577e-17,1.7262542447101e-21,7908983,2019-08-18 10:53:18,ltc,31170.46158432272,0.0,0.00000023,ltc,231732947.31365556,0.0,4.0524564505811446e-10,52
0,[],27,[],2019-08-12 16:26:37,0.0,0,0,7891750,2019-08-12 16:26:37,,0.0,0.0,0,"btc,eth",0.0,0.0,0.0,57
0,[],22,[],2019-08-18 10:53:23,0.0,0,0,7908984,2019-08-18 10:53:23,,10290.02779686,0.0,0,,282696231.3316013,0.0,0.0,57
0.0000000000723199,[],4,[],2019-08-18 10:53:24,881368042.3629519,7.23199e-19,7.50545323787e-23,7908985,2019-08-18 10:53:24,ltc,19.78755937565563,0.0,0.00000001,ltc,5454766245.422804,0.0,6.374044868688444e-10,58
1,[],12,[],2019-08-18 10:53:25,1230508936.2145119,0.0000000001,0.00000000000001037813,7908986,2019-08-18 10:53:25,btc,52870446.13672014,0.0,0.0000000001,btc,4316845689.438598,0.00031389669,0.12305089362145119,58
0.00000000008084660000000001,[],22,[],2019-08-18 10:55:29,126877.0,8.084660000000001e-19,8.39036524858e-23,7908987,2019-08-18 10:55:29,XMR,68.17454206,0.0,0.00000001,XMR,9626402.6,0.0,0.00126877,58
1,[],17,[],2019-05-03 01:12:09,1200000.0,0.0000000001,0.00000000000000548003,7559085,2019-05-03 01:12:09,btc,1e+24,0.0,0.0000000001,"btc,eth",39516342.31952568,0.0,0.00010000000058666061,58
0,[],22,[],2019-08-18 10:55:32,0.0,0,0,7908988,2019-08-18 10:55:32,,1000.95212109,0.0,0,,9656.689066014545,0.0,0.0,61
1,[],26,[],2019-08-18 10:55:32,0.0,0,0,7908989,2019-08-18 10:55:32,,0.0,0.0,0,,0.0,0.0,0.0,61
0,[],28,[],2019-08-18 10:55:34,0.0,0,0,7908990,2019-08-18 10:55:34,,0.0,0.0,0,,0.0,0.0,0.0,61
0,[],27,[],2019-07-29 19:34:56,0.0,0,0,7852673,2019-07-29 19:34:56,,1.97314195,0.0,0,"btc,eth",10936.9,0.0,0.0,61
1,[],5,[],2019-06-17 14:31:27,0.0,0,0,7740135,2019-06-17 14:31:27,btc,0.0,0.00079154,0,btc,0.0,0.0,0.0,61
1,[],4,[],2019-08-18 10:55:35,2012283.91067728,0.00000085,0.000000000088214105,7908991,2019-08-18 10:55:35,btc,2.9466972019818516,0.0,0.00000085,btc,1188710.35440295,0.10534565,0.9973409246265132,67
0.0,[],25,[],2019-08-18 10:55:37,0.0,0,0,7908992,2019-08-18 10:55:37,,0.0,0.0,0.0,btc,0.0,0.0,0.0,67
1,[],12,[],2019-06-02 06:23:14,910048.355,0.00000006,0.000000000005154929999999999,7725270,2019-06-02 06:23:14,btc,5.167005424215783,0.0,0.00000006,btc,738530.60239759,0.003159757462,0.0187188113,71
,[],5,[],2018-11-20 23:02:39,1.5e-07,0.00000005,0.000000000002128045,4862160,2018-11-20 23:02:39,btc,2.84511358,0.0,,btc,0.00036572,0.0,0.07381892,74
1,[],5,[],2019-07-06 00:15:01,0.0,0,0,7800749,2019-07-06 00:15:01,btc,0.0,0.01883861,0,btc,0.0,0.0,0.0,75
1,[],4,[],2019-08-18 10:55:39,176436.52087783,0.00006554,0.000000006801826402,7908993,2019-08-18 10:55:39,btc,56.22369339767236,0.0,0.00006554,btc,113688.25115066,0.9723947,0.5938953986212816,82
1,[],21,[],2019-08-18 10:55:40,952753.45334835,0.00006370000000000000336432270931,0.00000000661086881,7908994,2019-08-18 10:55:40,btc,4.658596115795721,3295.75626152,0.00006370000000000000336432270930941967890248633921146392822265625,btc,54024.69429226,0.21171632,2.163705421566763,82
0,[],4,[],2019-07-23 20:51:52,0.0,0,0,7830376,2019-07-23 20:51:52,,1.6413985531662756,0.0,0,,620289065.5915176,0.0,0.0,85
,[],22,[],2018-11-20 23:09:34,3408.1,0.0000001,0.0000000000041895,4862324,2018-11-20 23:09:34,BTC,0.04624735,0.0,,BTC,4990.0,0.0,0.00033081,86
1,[],27,[],2019-08-06 12:06:36,100155.0,0.00000003,0.000000000003516594,7875448,2019-08-06 12:06:36,btc,7.177196150774,345.0,0.00000003,btc,287406.89336,1.035e-05,0.00300465,87
1,[],22,[],2019-08-18 10:55:43,185880.0,0.00000002,0.000000000002075626,7908995,2019-08-18 10:55:43,BTC,1.8206834,0.0,0.00000002,BTC,772828.347368421,0.0,0.00186702,87
,[],2,[],2018-11-20 23:10:47,0.0,0,0,4862359,2018-11-20 23:10:47,,0.0,0.0,,,0.0,0.0,0.0,88
0,[],2,[],2019-01-20 23:31:45,0.0,0,0,6477083,2019-01-20 23:31:45,,0.0,0.0,0,,0.0,0.0,0.0,91
1,[],12,[],2019-08-18 10:55:44,419851.68331154,0.00000027,0.000000000028020951,7908996,2019-08-18 10:55:44,btc,588.7976244039248,0.0,0.00000027,btc,318463.10627071,0.00026051744,0.019332684199998798,91
1,[],22,[],2019-08-18 10:57:48,54200.0,0.00000003,0.000000000003113439,7908997,2019-08-18 10:57:48,BTC,1.05335,0.0,0.00000003,"BTC,LTC",1839.95,0.0,0.002326,91
0,[],17,[],2019-05-03 01:12:26,0.0,0,0,7559096,2019-05-03 01:12:26,btc,0.0,0.0,0,btc,0.0,0.0,0.0,91
0.0000000000723199,[],4,[],2019-08-18 10:57:49,569820621.9626958,1.0124786e-17,1.0507634533017999e-21,7908998,2019-08-18 10:57:49,ltc,11.470640699989739,0.0,0.00000014,ltc,202577232.0361533,0.0,7.115540768862894e-10,96
0,[],12,[],2019-08-18 10:57:50,0.0,0,0,7908999,2019-08-18 10:57:50,btc,47.72409614563436,0.0,0,btc,11650602.563436551,0.0,0.0,96
0,[],17,[],2019-05-03 01:12:32,0.0,0,0,7559100,2019-05-03 01:12:32,btc,0.0,0.0,0,btc,0.0,0.0,0.0,96
0,[],2,[],2019-01-20 23:23:55,0.0,0,0,6476914,2019-01-20 23:23:55,,0.0,0.0,0,,0.0,0.0,0.0,100
1,[],4,[],2019-08-18 10:59:51,124597.5533106,0.00001384,0.000000001436333192,7909000,2019-08-18 10:59:51,btc,7.793188496067617,0.0,0.00001384,btc,189448.5495674,0.15291684,0.4189275180399482,100
1,[],22,[],2019-08-18 10:59:55,146000.0,0.00000002,0.000000000002075626,7909001,2019-08-18 10:59:55,BTC,26.50623849,0.0,0.00000002,BTC,10383.92,0.0,0.00162,101
1,[],27,[],2019-08-12 16:30:59,2050161.9,0.00000005,0.0000000000056921850000000005,7891762,2019-08-12 16:30:59,btc,261.32824567561846,0.0,0.00000005,btc,285690.80442935,0.0,0.060251537,105
1,[],12,[],2019-08-18 10:59:57,39530966.0,0.000000003,0.0000000000003113439,7909002,2019-08-18 10:59:57,btc,342432.19562537875,0.0,0.000000003,btc,115126582.41886789,0.011701693222,0.061024300000000004,105
1,[],27,[],2019-08-12 16:31:06,1.0,0.00000001,0.000000000001138437,7891764,2019-08-12 16:31:06,btc,0.0,0.0,0.00000001,"btc,eth",0.0,0.0,1e-08,112
0,[],22,[],2019-08-18 11:00:01,0.0,0,0,7909003,2019-08-18 11:00:01,,6.79500102,0.0,0,,3375892.0833333335,0.0,0.0,112
1,[],5,[],2019-07-06 00:19:31,0.0,0,0,7800761,2019-07-06 00:19:31,btc,0.0,0.0,0,btc,0.0,0.0,0.0,112
1,[],4,[],2019-08-18 11:00:02,575901.00408884,0.00000091,0.00000000009444098299999999,7909004,2019-08-18 11:00:02,btc,6.005158645994081,0.0,0.00000091,btc,945101.56656869,0.04648331,0.2667730499969704,113
1,[],5,[],2019-07-06 00:19:43,0.0,0,0,7800765,2019-07-06 00:19:43,btc,0.0,0.0,0,btc,0.0,0.0,0.0,113
1,[],17,[],2019-04-26 02:17:47,162738.278,0.00000004,0.0000000000021069000000000002,7461287,2019-04-26 02:17:47,btc,1.3331140273775473,0.0,0.00000004,btc,51796.221,0.0,0.00230953112,116
1,[],27,[],2019-08-02 18:48:59,95525.16595526,0.00000001,0.000000000001045936,7866367,2019-08-02 18:48:59,btc,3918.96487209,0.0,0.00000001,btc,88497.69,0.0,0.0009552516595526,116
1,[],4,[],2019-08-18 11:02:03,19415804.54904943,0.00000091,0.00000000009444098299999999,7909005,2019-08-18 11:02:03,btc,127.25267916134813,0.0,0.00000091,btc,1320024.36948299,0.00074338,1.8263122778519745,120
1,[],7,[],2019-08-18 11:02:04,3312.27829874,0.0000071300000000000003443924832813305414447313523851335048675537109375,0.000000000739960669,7909006,2019-08-18 11:02:04,btc,115616.30374794766,0.0,0.0000071300000000000003443924832813305414447313523851335048675537109375,btc,3387.1223330000003,0.0,0.0074312536041135,120
1,[],4,[],2019-08-18 11:02:06,936205.28398368,0.00000278,0.000000000288512014,7909007,2019-08-18 11:02:06,btc,2.792375466291057,0.0,0.00000278,btc,354117.48336421,0.04423572,0.180817595011714,131
0,[],2,[],2019-01-20 23:25:46,0.0,0,0,6476969,2019-01-20 23:25:46,,0.0,0.0,0,,0.0,0.0,0.0,131
1,[],17,[],2019-05-03 01:13:10,10000.0,0.00000001,0.000000000000548003,7559115,2019-05-03 01:13:10,btc,0.0953976503951408,0.0,0.00000001,btc,5037.62507334,0.0,0.0001,131
1,[],4,[],2019-08-18 11:04:07,8561.7107836,0.00005276,0.0000000054755013879999994,7909008,2019-08-18 11:04:07,btc,0.2956853358892666,0.0,0.00005276,btc,247.88605248,0.00127854,0.0034794239437546,135
1,[],3,[],2019-07-13 16:51:20,187.26592867,0.00000001,0.000000000001140965,7813490,2019-07-13 16:51:20,btc,419.77407087449336,1935513.62324,0.00000001,btc,3179086.72005867,0.0,1.8726592866999999e-06,136
1,[],4,[],2019-08-18 11:04:08,921420.34680254,0.00000387,0.00000000040163363099999997,7909009,2019-08-18 11:04:08,btc,24.152250578674987,0.0,0.00000387,btc,512066.70367301,0.07941204,1.9209828962794804,137
1,[],12,[],2019-08-18 11:04:10,136158.8914698,0.00000403000000000000037879421821429559713578782975673675537109375,0.000000000418238639,7909010,2019-08-18 11:04:10,btc,39.90161418719869,0.0,0.00000403000000000000037879421821429559713578782975673675537109375,btc,56433.83520761,0.000830632673,0.0182596599998745,137
1,[],20,[],2019-08-18 10:23:19,110187.9845,0.000035616,0.0000000036271049472,7908903,2019-08-18 10:23:19,btc,1.2829669976423,0.0,0.000035616,btc,3216.0956,0.0,0.0167991340279,142
1,[],4,[],2019-08-18 11:04:11,1319583.467325,0.00003788,0.0000000039312356439999995,7909011,2019-08-18 11:04:11,btc,10.800003544356331,0.0,0.00003788,btc,156405.21090151,1.02458485,2.4804353632908622,142
1,[],22,[],2019-08-18 11:06:18,10619.88,0.00000200,0.00000000020756259999999998,7909012,2019-08-18 11:06:18,BTC,1.55898515,0.0,0.00000200,BTC,835.8398331062671,0.0,0.00416696,142
0.0,[],25,[],2019-08-18 11:06:22,0.0,0,0,7909013,2019-08-18 11:06:22,,0.0,0.0,0.0,btc,0.0,0.0,0.0,142
0,[],28,[],2019-08-18 11:06:24,0.0,0,0,7909014,2019-08-18 11:06:24,,0.0,0.0,0,,0.0,0.0,0.0,142
1,[],17,[],2019-05-03 01:13:16,32967.38636364,0.00000088,0.000000000048224264,7559122,2019-05-03 01:13:16,btc,20.06976206696776,0.0,0.00000088,btc,2746.079105,0.0,0.0105613000000032,142
1,[],5,[],2019-07-06 02:06:10,0.0,0,0,7800822,2019-07-06 02:06:10,btc,0.0,0.00140707,0,btc,0.0,0.0,0.0,142
0,[],22,[],2019-08-18 11:06:27,0.0,0,0,7909015,2019-08-18 11:06:27,,68.14027224,0.0,0,,718000153.5744588,0.0,0.0,143
0,[],22,[],2019-02-25 15:42:22,0.0,0,0,6783783,2019-02-25 15:42:22,,4.2131946,0.0,0,,2322156.0,0.0,0.0,146
,[],22,[],2018-11-20 23:01:11,0.0,0,0,4862114,2018-11-20 23:01:11,,2.56807021,0.0,,,61828.4988236,0.0,0.0,147
1,[],12,[],2019-04-21 06:38:04,193091.5971266,0.00000071,0.000000000037635183,7388679,2019-04-21 06:38:04,btc,2.301232411611175,0.0,0.00000071,btc,9957.48302385,0.00023528,0.0313308199999888,148
1,[],5,[],2019-04-26 09:36:59,0.0,0,0,7465040,2019-04-26 09:36:59,btc,0.0,0.0,0,btc,0.0,0.0,0.0,153
0,[],23,[],2019-01-20 23:24:29,0.0,0,0,6476932,2019-01-20 23:24:29,,0.0,0.0,0,,0.0,0.0,0.0,156
0,[],22,[],2019-08-18 11:06:31,0.0,0,0,7909016,2019-08-18 11:06:31,,6.78813965,0.0,0,,4560228.592592592,0.0,0.0,156
1,[],22,[],2019-08-18 11:06:36,6996.0,0.00000001,0.000000000001037813,7909017,2019-08-18 11:06:36,BTC,1.7547719,0.0,0.00000001,BTC,64.8,0.0,6.996e-05,157
0,[],22,[],2019-08-17 00:05:41,0.0,0,0,7905012,2019-08-17 00:05:41,,50234.60468402,0.0,0,,54786159.03179465,0.0,0.0,158
,[],17,[],2018-11-20 22:56:10,0.0,0,0,4861976,2018-11-20 22:56:10,btc,1.1265625,0.0,,btc,1000.0,0.0,0.0,159
,[],20,[],2018-11-20 22:56:12,0.0,0,0,4861977,2018-11-20 22:56:12,btc,11912.7940471,0.0,,btc,34413894.3617,0.0,0.0,159
1,[],22,[],2019-08-18 11:06:44,114148.0,0.00000001,0.000000000001037813,7909018,2019-08-18 11:06:44,BTC,12.83785736,0.0,0.00000001,"BTC,LTC",190474.84947371835,4.8e-05,0.03696148,171
0.0000000000723199,[],22,[],2019-08-18 11:06:49,144000.0,3.615995e-18,3.752726618935e-22,7909019,2019-08-18 11:06:49,LTC,1.7464213,0.0,0.00000005,LTC,1308220.8536050986,0.0,0.00344,173
1,[],5,[],2019-07-06 02:08:45,0.0,0,0,7800830,2019-07-06 02:08:45,btc,0.0,0.00700197,0,btc,0.0,0.0,0.0,175
0,[],22,[],2019-08-18 11:06:54,0.0,0,0,7909020,2019-08-18 11:06:54,,393.97295672,0.0,0,,135375.61833431243,0.0,0.0,176
1,[],7,[],2019-07-01 10:15:32,0.0,0,0,7783526,2019-07-01 10:15:32,btc,521516.2326888725,0.0,0,btc,26809253.73522063,0.0,0.0,178
0,[],22,[],2019-08-18 11:06:58,0.0,0,0,7909021,2019-08-18 11:06:58,,1.00255534,0.0,0,,112828.0,0.0,0.0,178
0,[],2,[],2019-01-20 23:28:34,0.0,0,0,6477001,2019-01-20 23:28:34,,0.0,0.0,0,,0.0,0.0,0.0,178
1,[],5,[],2019-07-06 02:08:50,0.0,0,0,7800832,2019-07-06 02:08:50,btc,0.0,6.904e-05,0,btc,0.0,0.0,0.0,179
0,[],23,[],2019-01-20 23:25:08,0.0,0,0,6476952,2019-01-20 23:25:08,,0.0,0.0,0,,0.0,0.0,0.0,179
0,[],22,[],2019-08-18 11:07:02,0.0,0,0,7909022,2019-08-18 11:07:02,,10.33034698,0.0,0,,14875890.231946677,0.0,0.0,179
1,[],22,[],2019-08-18 11:09:09,775878.18432282,0.00000051,0.000000000052928462999999997,7909023,2019-08-18 11:09:09,BTC,2.96798102,0.0,0.00000051,"BTC,LTC",248281.59096771595,0.0,0.61555445,180
1,[],26,[],2019-08-18 11:09:09,0.0,0,0,7909024,2019-08-18 11:09:09,,0.0,0.0,0,,0.0,0.0,0.0,180
1,[],17,[],2019-05-03 01:13:56,20504.725000000002,0.0000001,0.00000000000548003,7559141,2019-05-03 01:13:56,btc,5.2010695838400265,0.0,0.0000001,btc,5033.45945,0.0,0.0011504725,180
,[],7,[],2018-11-20 22:58:01,562227.975654,0.00000085,0.000000000036176765,4862015,2018-11-20 22:58:01,btc,21836.6059674,2491.87645172,,btc,749999.041456,0.00211021,0.127565380455,183
,[],5,[],2019-01-10 08:11:41,0.0,0,0,6347036,2019-01-10 08:11:41,btc,82.15055501,0.00261,,btc,1.19002445,0.0,0.0,187
,[],17,[],2018-11-16 20:58:10,4062536.27273,0.00000001,0.000000000000550501,4708775,2018-11-16 20:58:10,btc,3.36492563466,0.195460381006,,"btc,eth",110697919.549,0.0,0.0157628953496,187
1,[],24,[],2019-05-22 21:04:52,0.0,0.000000000014,0.0000000000000010960978,7670219,2019-05-22 21:04:52,btc,0.0,0.0,0.000000000014,btc,0.0,0.0,0.0,187
0,[],23,[],2019-01-20 23:31:41,0.0,0,0,6477079,2019-01-20 23:31:41,,0.0,0.0,0,,0.0,0.0,0.0,199
0,[],22,[],2019-08-18 11:09:13,0.0,0,0,7909025,2019-08-18 11:09:13,,6.22011878,0.0,0,,40771826.0,0.0,0.0,199
1,[],26,[],2019-08-18 11:09:13,0.0,0,0,7909026,2019-08-18 11:09:13,,0.0,0.0,0,,0.0,0.0,0.0,199
1,[],4,[],2019-01-25 15:51:35,2084389.58565343,0.00000936,0.000000000333526752,6499557,2019-01-25 15:51:35,btc,2.0092503037378524,0.0,0.00000936,btc,160195.80207885,0.19272417,1.242687955921835,211
1,[],7,[],2019-07-01 02:21:28,1170054124.6898527,0.00000018,0.000000000019815389999999997,7782694,2019-07-01 02:21:28,btc,1346735.6331920293,0.0,0.00000018,btc,5516233.71348162,0.0,11.954344045954047,212
1,[],27,[],2019-08-12 16:37:52,320029.088,0.00000001,0.000000000001138437,7891783,2019-08-12 16:37:52,btc,176.0318120012664,0.0,0.00000001,"btc,ltc",485496.05456794,0.0,0.00320029088,216
0,[],22,[],2019-08-18 11:09:17,0.0,0,0,7909027,2019-08-18 11:09:17,,6.8412543,0.0,0,,3272264.174064925,0.0,0.0,216
1,[],22,[],2019-08-18 11:09:21,751114.1923076923,0.00000017,0.000000000017642821,7909028,2019-08-18 11:09:21,BTC,12055.76231131,0.0,0.00000017,BTC,437869.67681702506,0.00022321,0.05019095,217
0,[],22,[],2019-08-18 11:09:23,0.0,0,0,7909029,2019-08-18 11:09:23,,4.14997484,0.0,0,,126244.70709740352,0.0,0.0,221
1,[],24,[],2019-08-18 11:09:23,0.0,0.000000010000,0.000000000001037813,7909030,2019-08-18 11:09:23,btc,0.0,0.0,0.000000010000,btc,0.0,0.0,0.0,221
1,[],26,[],2019-08-18 11:09:24,0.0,0,0,7909031,2019-08-18 11:09:24,,0.0,0.0,0,,0.0,0.0,0.0,231
0.0000000001859265,[],27,[],2019-08-12 16:38:10,100.0,1.859265e-18,2.1166560688050002e-22,7891787,2019-08-12 16:38:10,eth,0.0,0.0,0.00000001,"btc,eth",0.0,0.0,1.8592649999999999e-16,234
1,[],26,[],2019-08-18 11:09:24,0.0,0,0,7909032,2019-08-18 11:09:24,,0.0,0.0,0,,0.0,0.0,0.0,234
1,[],5,[],2019-07-06 02:11:21,0.0,0,0,7800842,2019-07-06 02:11:21,btc,0.0,0.10652887,0,btc,0.0,0.0,0.0,237
1,[],20,[],2019-08-18 11:09:27,91685789.1884,0.000000035,0.0000000000036323454999999998,7909033,2019-08-18 11:09:27,btc,514.7491079725156,16233758.1195,0.000000035,btc,29612399.3744,0.6012049848494,0.394359403368,237
1,[],22,[],2019-08-18 11:09:31,1839335.0,0.00000001,0.000000000001037813,7909034,2019-08-18 11:09:31,BTC,1.2037398,0.0,0.00000001,"BTC,LTC",41039.44871794872,0.0,0.01839335,237
1,[],5,[],2019-07-06 02:11:32,0.0,0,0,7800846,2019-07-06 02:11:32,btc,0.0,0.05525444,0,btc,0.0,0.0,0.0,238
1,[],4,[],2019-08-18 11:09:32,28879263.36559327,0.00000006,0.000000000006226878,7909035,2019-08-18 11:09:32,btc,2.1789397740236143,0.0,0.00000006,btc,15943141.44779126,0.02574569,0.5879013607886375,238
0.0000000000711565,[],22,[],2019-08-17 13:20:25,419253.0,7.115650000000001e-19,7.3700771814e-23,7906682,2019-08-17 13:20:25,LTC,0.40427224,0.0,0.00000001,LTC,496363.0639027493,0.0,0.00419253,249
0,[],22,[],2019-08-18 11:09:35,0.0,0,0,7909036,2019-08-18 11:09:35,,13.4488406,0.0,0,,43819581.3426455,0.0,0.0,252
0,[],28,[],2019-08-18 11:09:37,0.0,0,0,7909037,2019-08-18 11:09:37,,0.0,0.0,0,,0.0,0.0,0.0,256
0.0000000000916764,[],22,[],2019-07-23 20:12:22,1517.0,9.16764e-19,9.31930943616e-23,7830286,2019-07-23 20:12:22,LTC,31474.63788373,0.0,0.00000001,LTC,1024398.9185893413,0.0,1.517e-05,258
1,[],5,[],2019-07-02 14:44:15,0.0,0,0,7788374,2019-07-02 14:44:15,btc,0.0,0.02775788,0,btc,0.0,0.0,0.0,264
1,[],20,[],2019-08-18 11:09:39,985169.2937,0.000000101,0.000000000010481911299999999,7909038,2019-08-18 11:09:39,btc,0.537752129893,22603.3898,0.000000101,btc,122794.2368,0.0031166999964,0.0060508749126,264
0,[],22,[],2019-08-18 11:09:44,0.0,0,0,7909039,2019-08-18 11:09:44,,33050469.74148113,0.0,0,,14261527780.7,0.0,0.0,272
0,[],28,[],2019-08-18 11:09:45,0.0,0,0,7909040,2019-08-18 11:09:45,,0.0,0.0,0,,0.0,0.0,0.0,272
0.0000000000723199,[],22,[],2019-08-18 11:09:50,669.9,7.23199e-17,7.505453237869999e-21,7909041,2019-08-18 11:09:50,LTC,73.46377589,0.0,0.00000100,LTC,1345543.5287135022,0.0,0.0005199,286
