pairValue,buyBook,exchangeId,sellBook,updated,buyTotal,satoshiPrice,usdPrice,exchangeLogId,created,bestPair,sellTotalBtc,volume,pairPrice,activePairs,sellTotal,volumeBtc,buyTotalBtc,coinId
1,[],3,[],2019-02-27 16:31:27,30534.46261177086,0.01257492999999999978844034131952867028303444385528564453125,0.000000478810579638,6803772,2019-02-27 16:31:27,btc,60.96040108522194,0.000149206496,0.01257492999999999978844034131952867028303444385528564453125,btc,13.459778809833,0.0,0.23856767019577196,1
1,[],4,[],2019-02-27 16:31:29,303080.66861329,0.01269055,0.00000048321299613,6803773,2019-02-27 16:31:29,btc,9.210797201066383,0.0,0.01269055,btc,263.130059,0.58435344,2.717267982149633,1
1,[],5,[],2019-02-27 16:31:31,0.0,0,0,6803774,2019-02-27 16:31:31,btc,0.0,0.12654508,0,btc,0.0,0.0,0.0,1
1,[],10,[],2019-02-27 16:31:33,414587.57723945,0.01072051,0.00000040820057106600004,6803775,2019-02-27 16:31:33,btc,6521.077633331718,1689.82716423,0.01072051,btc,999.03324806,0.0,5.075819255392984,1
1,[],12,[],2019-02-27 16:31:36,10434.8210164,0.012600000000000000088817841970012523233890533447265625,0.00000047976516,6803776,2019-02-27 16:31:36,btc,0.5137298020568,0.0,0.012600000000000000088817841970012523233890533447265625,btc,31.40015006,0.3312872880844,0.3277413444263,1
1,[],20,[],2019-02-27 16:31:38,1150.0464,0.01051,0.000000400185066,6803777,2019-02-27 16:31:38,btc,0.0662082325693,0.0268,0.01051,btc,3.0133,0.00033768,0.0875490456215,1
1,[],21,[],2019-02-27 16:31:39,2065.5609769,0.01264783000000000053042459314,0.000000481586363778,6803778,2019-02-27 16:31:39,btc,24.78902255514205,2208.4934807199998,0.01264783000000000053042459313701328937895596027374267578125,"btc,eth",2596.26178132,27.225795905372475,22.11641565878298,1
1,[],22,[],2019-02-27 16:31:43,0.0163776,0.01300000,0.0000004949958,6803779,2019-02-27 16:31:43,BTC,0.31423927,0.0,0.01300000,BTC,0.11751954901960784,0.0,0.00020972,1
1,[],24,[],2019-02-27 16:31:43,0.0,0.000000000000,0,6803780,2019-02-27 16:31:43,btc,0.0,0.0,0.000000000000,btc,0.0,0.0,0.0,1
0.0,[],25,[],2019-02-27 16:31:44,0.0,0,0,6803781,2019-02-27 16:31:44,btc,13.888699998566693,2915.2275976,0.0,btc,1066.00050204,37.2545,0.0,1
1,[],26,[],2019-02-27 16:31:46,0.0,0,0,6803782,2019-02-27 16:31:46,,0.0,0.0,0,,0.0,0.0,0.0,1
1,[],28,[],2019-02-27 16:31:48,993.142,0.01323000,0.000000503753418,6803783,2019-02-27 16:31:48,btc,0.162839806,12263.45,0.01323000,btc,8.9,0.0,0.089302756,1
0,[],2,[],2019-01-20 23:28:45,0.0,0,0,6477011,2019-01-20 23:28:45,,0.0,0.0,0,,0.0,0.0,0.0,1
1,[],5,[],2019-02-27 16:31:50,0.0,0,0,6803784,2019-02-27 16:31:50,btc,0.0,0.00034086,0,btc,0.0,0.0,0.0,2
0.0000000001259368,[],22,[],2019-02-27 16:32:02,1148.0,1.3853048e-16,5.274769674768e-21,6803785,2019-02-27 16:32:02,XMR,21.01373823,0.0,0.00000110,XMR,14319.12581,0.0,0.00087635,2
1,[],5,[],2019-02-27 16:32:04,0.0,0,0,6803786,2019-02-27 16:32:04,btc,0.0,0.06370151,0,btc,0.0,0.0,0.0,3
1,[],12,[],2019-02-27 16:32:05,13613553.180138,0.000000174,0.0000000000066253283999999995,6803787,2019-02-27 16:32:05,btc,924396.2566556009,0.0,0.000000174,btc,8235826.67845583,0.02308755199977609,0.718412971484474,3
0,[],28,[],2019-02-27 16:32:07,0.0,0,0,6803788,2019-02-27 16:32:07,,0.0,0.0,0,,0.0,0.0,0.0,3
0,[],2,[],2019-01-20 23:31:32,0.0,0,0,6477077,2019-01-20 23:31:32,,0.0,0.0,0,,0.0,0.0,0.0,4
1,[],4,[],2019-02-27 16:32:08,411724.47432847,0.00000033,0.000000000012565278,6803789,2019-02-27 16:32:08,btc,31.987633936557398,0.0,0.00000033,btc,710510.44072273,0.00075548,0.0584717307735309,4
1,[],12,[],2019-02-22 14:50:14,1367032.5219999999,0.00000003,0.000000000001190475,6759350,2019-02-22 14:50:14,btc,11013869.583570713,0.0,0.00000003,btc,1211697.32371984,0.00024567976024,0.02065290044,5
0,[],2,[],2019-01-20 23:31:51,0.0,0,0,6477087,2019-01-20 23:31:51,,0.0,0.0,0,,0.0,0.0,0.0,6
1,[],11,[],2019-02-27 16:32:10,4272596.5,0.00000001,0.000000000000380766,6803790,2019-02-27 16:32:10,btc,9432.767848832815,110000.0,0.00000001,btc,41834017.57452957,0.0,0.042725965,6
1,[],3,[],2019-02-27 16:32:11,1085.537475048359,0.0001510600000000000072038208731584063571062870323657989501953125,0.000000005751851196,6803791,2019-02-27 16:32:11,btc,26.3363151709563,0.0,0.0001510600000000000072038208731584063571062870323657989501953125,btc,247.537822229004,0.0,0.03339742781632559,7
1,[],4,[],2019-02-27 16:32:12,100737.87661765,0.00023985,0.00000000913267251,6803792,2019-02-27 16:32:12,btc,11.434769832876139,0.0,0.00023985,btc,36587.92274405,2.4297131,5.831303307300354,7
1,[],5,[],2019-02-27 16:32:13,0.0,0,0,6803793,2019-02-27 16:32:13,btc,0.0,0.77049774,0,btc,0.0,0.0,0.0,7
1,[],20,[],2019-02-20 02:16:17,39399275.8418,0.000000001,0.0000000000000390183,6728586,2019-02-20 02:16:17,btc,116.9737569154545,525.0,0.000000001,btc,56932965.8895,5.25e-07,0.0393992758418,8
0,[],2,[],2019-01-20 23:22:42,0.0,0,0,6476876,2019-01-20 23:22:42,,0.0,0.0,0,,0.0,0.0,0.0,9
0,[],23,[],2019-01-20 23:22:48,0.0,0,0,6476878,2019-01-20 23:22:48,,0.0,0.0,0,,0.0,0.0,0.0,9
1,[],4,[],2019-02-27 16:32:17,2031827.35432389,0.00000182,0.00000000006929941199999999,6803794,2019-02-27 16:32:17,btc,6.62500485479733,0.0,0.00000182,btc,2585339.00121995,3.11740572,0.8730687750150729,9
1,[],28,[],2019-02-27 16:32:19,58847.853,0.00000181,0.000000000068918646,6803795,2019-02-27 16:32:19,btc,2708.762682539512,2476731.26,0.00000181,btc,12195.0788,0.0,0.07114681393,9
1,[],1,[],2019-02-17 23:31:42,1822507.21,0.00000181000000000000003456111265232042484285557293333113193511962890625,0.000000000066086901,6701244,2019-02-17 23:31:42,btc,3.6990969245,17153386.5,0.00000181000000000000003456111265232042484285557293333113193511962890625,btc,1997391.71,31.11772986,3.2610482446,9
1,[],4,[],2019-02-17 11:22:43,4341674.27126056,0.00000002,0.0000000000007272960000000001,6696112,2019-02-17 11:22:43,btc,0.1997230937751353,0.0,0.00000002,btc,4109766.79808031,0.00215132,0.0479381022052112,10
1,[],4,[],2019-02-27 16:32:20,4522813.02176987,0.00000124,0.000000000047214984,6803796,2019-02-27 16:32:20,btc,9.930912079673314,0.0,0.00000124,btc,5261256.90746628,1.92870939,2.9096318566590282,12
1,[],5,[],2019-02-27 16:32:22,0.0,0,0,6803797,2019-02-27 16:32:22,btc,0.0,0.38684411,0,btc,0.0,0.0,0.0,12
0.0,[],25,[],2019-02-27 16:32:24,0.0,0,0,6803798,2019-02-27 16:32:24,,0.0,0.0,0.0,btc,0.0,0.0,0.0,12
0,[],2,[],2019-01-20 23:23:08,0.0,0,0,6476890,2019-01-20 23:23:08,,0.0,0.0,0,,0.0,0.0,0.0,12
1,[],4,[],2019-02-27 16:32:24,32994554.35485228,0.00000553,0.000000000210563598,6803799,2019-02-27 16:32:24,btc,3.13537134350381,0.0,0.00000553,btc,437183.05742731,0.55460803,0.9811982403045499,13
1,[],10,[],2019-02-27 16:32:26,471156.89111678,0.0000055,0.00000000020942129999999999,6803800,2019-02-27 16:32:26,btc,666802.6127138692,10028.5545668,0.0000055,btc,743415.72091947,0.0,0.259754145320017,13
1,[],21,[],2019-02-27 16:32:28,867625.99347536,0.000005599999999999999746589426225,0.00000000021322896,6803801,2019-02-27 16:32:28,btc,6.109945113564854,599757.84678437,0.0000055999999999999997465894262249630486394380568526685237884521484375,btc,967747.89668945,3.41272432,4.573673795760129,13
1,[],4,[],2019-02-27 16:32:28,697916.03569503,0.00000130,0.00000000004949958,6803802,2019-02-27 16:32:28,btc,13.30189391912598,0.0,0.00000130,btc,903306.33163125,0.02403862,0.1439343050298053,14
1,[],12,[],2019-02-27 16:32:30,217265.91304348,0.000001120000000000000076372827333137660588135986472479999065399169921875,0.000000000042645792000000003,6803803,2019-02-27 16:32:30,btc,5.294297632059277,0.0,0.000001120000000000000076372827333137660588135986472479999065399169921875,btc,33863.19873547,0.0,0.0232142600000004,14
0,[],17,[],2019-02-27 16:32:31,0.0,0,0,6803804,2019-02-27 16:32:31,btc,0.0,0.0,0,btc,0.0,0.0,0.0,14
1,[],26,[],2019-02-27 16:32:31,0.0,0.00000050,0.0000000000190383,6803805,2019-02-27 16:32:31,btc,0.0,0.0,0.00000050,btc,0.0,0.0,0.0,14
0,[],4,[],2019-02-27 16:32:34,0.0,0,0,6803806,2019-02-27 16:32:34,,0.0,0.0,0,,0.0,0.0,0.0,15
,[],12,[],2018-12-01 15:15:48,204241.84496,0.00000489,0.000000000202473384,5260204,2018-12-01 15:15:48,btc,49.5475654835,0.0,,btc,35763.2193806,0.0163153972027625,0.0203389899998,15
0,[],2,[],2019-01-20 23:23:38,0.0,0,0,6476906,2019-01-20 23:23:38,,0.0,0.0,0,,0.0,0.0,0.0,18
1,[],4,[],2019-02-27 16:22:07,25981.91758307,0.00001797,0.00000000068359677,6803609,2019-02-27 16:22:07,btc,1.2267372875877376,0.0,0.00001797,btc,9121.77721654,0.00847548,0.0833758851412687,18
1,[],10,[],2019-02-27 16:22:10,783139.12169791,0.000018,0.000000000684738,6803610,2019-02-27 16:22:10,btc,16.632627804470705,17259.4139905,0.000018,btc,14859.5846929,0.0,0.1371059126832465,18
1,[],12,[],2019-02-27 16:22:11,193475.82014333,0.0000174999999999999984669381281054967303134617395699024200439453125,0.0000000006657175,6803611,2019-02-27 16:22:11,btc,23.630617053522876,0.0,0.0000174999999999999984669381281054967303134617395699024200439453125,btc,1872.37523886,0.000323268800809,0.0328843703942106,18
0,[],17,[],2019-02-27 16:22:12,0.0,0,0,6803612,2019-02-27 16:22:12,btc,0.0,0.0,0,btc,0.0,0.0,0.0,18
1,[],3,[],2019-02-27 16:32:35,118313.44302140913,0.0000200099999999999998462514583241755872222711332142353057861328125,0.000000000761912766,6803807,2019-02-27 16:32:35,btc,0.5286560728341213,0.0,0.0000200099999999999998462514583241755872222711332142353057861328125,btc,9053.568872553742,0.0,0.030335898598817454,19
1,[],4,[],2019-02-27 16:32:36,478493.27544872,0.00001999,0.000000000761151234,6803808,2019-02-27 16:32:36,btc,2.179613163289633,0.0,0.00001999,btc,75636.88421352,0.45490397,2.5210923421535316,19
1,[],5,[],2019-02-27 16:32:37,0.0,0,0,6803809,2019-02-27 16:32:37,btc,0.0,0.00451093,0,btc,0.0,0.0,0.0,19
1,[],12,[],2019-02-27 16:32:38,135332.60889873,0.00001894000000000000162050060870111423128037131391465663909912109375,0.000000000721170804,6803810,2019-02-27 16:32:38,btc,6.897430598818926,0.0,0.00001894000000000000162050060870111423128037131391465663909912109375,btc,394.76220934,0.0009196403598136,0.10970179000010839,19
0,[],27,[],2019-02-27 16:32:40,0.0,0,0,6803811,2019-02-27 16:32:40,,0.0,0.0,0,btc,0.0,0.0,0.0,19
0,[],2,[],2019-01-20 23:24:19,0.0,0,0,6476924,2019-01-20 23:24:19,,0.0,0.0,0,,0.0,0.0,0.0,19
1,[],4,[],2019-02-27 16:32:42,2817409.12717412,0.00000013,0.000000000004949958,6803812,2019-02-27 16:32:42,btc,7.3747920173748405,0.0,0.00000013,btc,2840199.57892104,0.00064067,0.0813360639981472,20
1,[],4,[],2019-02-27 16:32:43,104036087.13737024,0.00000002,0.000000000000761532,6803813,2019-02-27 16:32:43,btc,1807.0295702933147,0.0,0.00000002,btc,54975780.27639335,0.0,1.1684621866280451,21
1,[],12,[],2019-02-27 16:32:44,18207066.0,0.00000002,0.000000000000761532,6803814,2019-02-27 16:32:44,btc,670.3733702334847,0.0,0.00000002,btc,8127598.32857329,0.0088062,0.23638156000000002,21
0,[],17,[],2019-02-27 16:22:36,0.0,0,0,6803621,2019-02-27 16:22:36,btc,0.0,0.0,0,btc,0.0,0.0,0.0,21
1,[],12,[],2019-02-27 16:32:55,3108507553.6808996,0.0000000002,0.00000000000000761532,6803815,2019-02-27 16:32:55,btc,875865843101.7368,0.0,0.0000000002,btc,4897281305.020418,0.03508902325094905,0.32797278998299045,23
0.0000000003598672,[],27,[],2019-02-27 16:32:57,2000.0,3.598672e-18,1.370251942752e-22,6803816,2019-02-27 16:32:57,eth,1.3829826565934114,0.0,0.00000001,eth,2164879.85514486,0.0,7.197344e-15,23
1,[],4,[],2019-02-27 16:32:58,485948.08424375,0.00000056,0.000000000021322896,6803817,2019-02-27 16:32:58,btc,8.859063649231004,0.0,0.00000056,btc,1515236.1735201,0.01205058,0.1581589336028579,24
1,[],22,[],2019-02-27 16:33:03,11.76,0.00000100,0.0000000000380766,6803818,2019-02-27 16:33:03,BTC,7.415e-05,0.0,0.00000100,BTC,23.919354838709676,0.0,1.176e-05,24
0.0,[],25,[],2019-02-27 16:33:04,0.0,0,0,6803819,2019-02-27 16:33:04,,0.0,0.0,0.0,btc,0.0,0.0,0.0,24
1,[],4,[],2019-02-27 16:33:05,28277549.98315691,0.00000637,0.000000000242547942,6803820,2019-02-27 16:33:05,btc,166.5536735678573,0.0,0.00000637,btc,263532.79820166,0.10762389,0.4522537327792185,26
1,[],10,[],2019-02-27 16:33:08,694553.43715073,0.0000064,0.00000000024369024,6803821,2019-02-27 16:33:08,btc,26.126942865598377,4802.52398345,0.0000064,btc,14188.3211924,0.0,0.2424544998525064,26
0,[],2,[],2019-01-20 23:25:56,0.0,0,0,6476976,2019-01-20 23:25:56,,0.0,0.0,0,,0.0,0.0,0.0,26
1,[],3,[],2019-02-27 16:33:09,6199961.70213569,0.00000001,0.000000000000380766,6803822,2019-02-27 16:33:09,btc,2.2663380247489533,100666.338102,0.00000001,btc,17671163.51502257,0.0,0.061999617021356895,27
1,[],5,[],2019-02-27 16:33:10,0.0,0,0,6803823,2019-02-27 16:33:10,btc,0.0,0.0,0,btc,0.0,0.0,0.0,27
1,[],11,[],2019-02-27 16:33:12,9491944.20350207,0.00000005,0.00000000000190383,6803824,2019-02-27 16:33:12,btc,67506.40605986067,169525.403564,0.00000005,btc,8002256.57282965,0.0,0.44249750446473557,27
1,[],4,[],2019-02-27 16:33:13,1520832803.492007,0.00000002,0.000000000000761532,6803825,2019-02-27 16:33:13,btc,5.806462487254462,0.0,0.00000002,"btc,ltc",362657802.17405313,0.45837283,12.270606852743404,29
1,[],7,[],2019-02-27 16:33:14,47476687.7215207,0.00000002,0.000000000000761532,6803826,2019-02-27 16:33:14,btc,44462590.77108844,0.0,0.00000002,btc,47195656.62159347,0.0,0.6189312873043272,29
0,[],17,[],2019-02-27 14:29:37,0.0,0,0,6803050,2019-02-27 14:29:37,btc,0.0,0.0,0,btc,0.0,0.0,0.0,30
1,[],4,[],2019-02-27 16:33:14,1433821.90784035,0.00000028,0.000000000010661448,6803827,2019-02-27 16:33:14,btc,2.3337125089173214,0.0,0.00000028,btc,1568147.56930102,0.00821413,0.0953905412188945,30
1,[],4,[],2019-02-27 16:33:26,1114070.78173291,0.00005050,0.0000000019228683,6803828,2019-02-27 16:33:26,btc,5.446548383097938,0.0,0.00005050,btc,69273.10069669,0.70083419,0.9708176524612417,31
1,[],21,[],2019-02-27 16:33:27,61033.70112825,0.00005122000000000000087974766361,0.000000001950283452,6803829,2019-02-27 16:33:27,btc,1.923692812313123,86481.08020264,0.000051220000000000000879747663606877949860063381493091583251953125,btc,34047.70460691,4.52635284,2.223863784401961,31
0,[],2,[],2019-01-20 23:28:43,0.0,0,0,6477009,2019-01-20 23:28:43,,0.0,0.0,0,,0.0,0.0,0.0,32
1,[],4,[],2019-02-27 16:23:00,387426421.4439021,0.00000004,0.00000000000152164,6803637,2019-02-27 16:23:00,btc,12.386808537160299,0.0,0.00000004,"btc,ltc",215542994.02898452,1.00468992,8.895722118489145,33
1,[],12,[],2019-02-27 16:23:01,16704189.0,0.00000004,0.00000000000152164,6803638,2019-02-27 16:23:01,btc,35630547.57477201,0.0,0.00000004,btc,90519164.1129457,0.007013432567433,0.53845929,33
1,[],4,[],2019-02-27 16:33:28,124479834.15862755,0.00000001,0.000000000000380766,6803830,2019-02-27 16:33:28,btc,4.033776752377997,0.0,0.00000001,btc,101159595.75888368,0.01483946,1.2447983415862756,34
1,[],5,[],2019-02-27 16:33:29,0.0,0,0,6803831,2019-02-27 16:33:29,btc,0.0,0.19818695,0,btc,0.0,0.0,0.0,34
0.000000000117631,[],4,[],2019-02-27 16:33:30,2241143975.0963335,2.35262e-18,8.957977069200001e-23,6803832,2019-02-27 16:33:30,ltc,3.263097701925204e-08,0.0,0.00000002,ltc,4539232526.748508,0.0,4.3582092882664486e-09,36
1,[],5,[],2019-02-27 16:33:31,0.0,0,0,6803833,2019-02-27 16:33:31,btc,0.0,0.0,0,btc,0.0,0.0,0.0,36
0.0000000003598672,[],27,[],2019-02-27 16:33:43,1000000.0,3.598672e-18,1.370251942752e-22,6803834,2019-02-27 16:33:43,eth,222.5997971062634,0.0,0.00000001,"ltc,eth",11163566.48751039,0.0,1.181154724e-12,36
0,[],17,[],2019-02-27 16:23:07,0.0,0,0,6803643,2019-02-27 16:23:07,btc,0.0746458232965017,0.0,0,btc,4103573.70243647,0.0,0.0,36
1,[],4,[],2019-02-27 16:23:10,367239.95599407,0.00000060,0.0000000000228246,6803645,2019-02-27 16:23:10,btc,19772.49549151176,0.0,0.00000060,btc,571348.39576742,0.02742418,0.1817590996882232,37
1,[],12,[],2019-02-27 16:23:11,478958.49997861,0.00000061,0.000000000023205009999999998,6803646,2019-02-27 16:23:11,btc,1344.7767839982134,0.0,0.00000061,btc,966470.69592652,0.1764703179317295,0.12046399339666579,37
1,[],27,[],2019-02-27 16:23:24,14685.567,0.00000045,0.00000000001711845,6803647,2019-02-27 16:23:24,btc,25.82160393111233,0.0,0.00000045,btc,6804.86438508,0.0,0.00480032515,37
1,[],17,[],2019-02-27 15:31:54,1752.74075282,0.00000025,0.000000000009513025,6803454,2019-02-27 15:31:54,btc,0.055484923777095005,0.0,0.00000025,btc,1319.19918473,0.0,0.00043818518820499993,37
1,[],5,[],2019-02-27 16:33:45,0.0,0,0,6803835,2019-02-27 16:33:45,btc,0.0,0.07630124,0,btc,0.0,0.0,0.0,42
1,[],12,[],2019-02-27 16:33:46,240599.79936153,0.00000092,0.000000000035030472,6803836,2019-02-27 16:33:46,btc,94.70778710695127,0.0,0.00000092,btc,112663.43562287,0.0085348829485543,0.0470717300000007,42
0.0000000003598672,[],27,[],2019-02-27 16:33:48,2000.0,3.598672e-18,1.370251942752e-22,6803837,2019-02-27 16:33:48,eth,0.00315028,0.0,0.00000001,"btc,eth",11.007,0.0,7.197344e-15,42
0,[],17,[],2019-02-27 15:32:07,0.0,0,0,6803461,2019-02-27 15:32:07,btc,0.0,0.0,0,btc,0.0,0.0,0.0,43
1,[],5,[],2019-02-27 16:33:49,0.0,0,0,6803838,2019-02-27 16:33:49,btc,0.0,0.06480484,0,btc,0.0,0.0,0.0,43
1,[],12,[],2019-02-27 16:33:50,1793400.0,0.00000001,0.000000000000380766,6803839,2019-02-27 16:33:50,btc,3569.7540853045352,0.0,0.00000001,btc,12101070.57282716,6.2007992008e-05,0.017934000000000002,43
1,[],12,[],2019-02-27 16:34:02,650649.0,0.00000004,0.000000000001523064,6803840,2019-02-27 16:34:02,btc,11116047.727795307,0.0,0.00000004,btc,1102354.40161834,0.000234248201798,0.01600788,44
1,[],4,[],2019-02-27 16:34:03,290535312.8652898,0.00000002,0.000000000000761532,6803841,2019-02-27 16:34:03,btc,473.60521322075806,0.0,0.00000002,"btc,ltc",12169289.70365541,0.00313839,0.19871801465021993,49
0.000000000117631,[],4,[],2019-02-27 16:34:04,80603115.63473344,1.17631e-18,4.4789885346000003e-23,6803842,2019-02-27 16:34:04,ltc,25.47533666771689,0.0,0.00000001,ltc,10238702169.218313,0.0,9.48142509522933e-11,52
0.0000000001259368,[],22,[],2019-02-27 16:34:07,80845862.0,1.259368e-18,4.79524515888e-23,6803843,2019-02-27 16:34:07,XMR,4366.96996713,0.0,0.00000001,XMR,255350310.67882353,0.0,0.80845862,57
0.0000000003598672,[],27,[],2019-02-27 16:34:10,2000.0,3.598672e-18,1.370251942752e-22,6803844,2019-02-27 16:34:10,eth,0.0,0.0,0.00000001,"btc,eth",0.0,0.0,7.197344e-15,57
0,[],17,[],2019-02-27 15:32:20,0.0,0,0,6803468,2019-02-27 15:32:20,btc,1e+24,0.0,0,btc,49306342.21952568,0.0,0.0,58
0.000000000117631,[],4,[],2019-02-27 16:34:11,1051792431.046227,3.5289300000000005e-18,1.34369656038e-22,6803845,2019-02-27 16:34:11,ltc,18.80745107544444,0.0,0.00000003,ltc,4109812440.6891255,0.0001,2.546222015831142e-09,58
1,[],12,[],2019-02-27 16:34:12,1638498541.843957,0.0000000004,0.00000000000001523064,6803846,2019-02-27 16:34:12,btc,224005479652.20084,0.0,0.0000000004,btc,3694096480.5529227,0.11804420422717285,0.5285573012011392,58
0.0000000001259368,[],22,[],2019-02-27 16:34:17,137438.0,1.259368e-18,4.79524515888e-23,6803847,2019-02-27 16:34:17,XMR,69.8835922,0.0,0.00000001,XMR,9887963.0,0.0,0.00137438,58
1,[],5,[],2019-02-27 16:34:18,0.0,0,0,6803848,2019-02-27 16:34:18,btc,0.0,0.8312004,0,btc,0.0,0.0,0.0,61
1,[],22,[],2019-02-27 16:34:22,5624.5,0.00000015,0.0000000000057114899999999995,6803849,2019-02-27 16:34:22,BTC,1002.29597012,0.0,0.00000015,BTC,14947.700278135757,0.0,0.0005872,61
1,[],26,[],2019-02-27 16:34:22,0.0,0.00000800,0.0000000003046128,6803850,2019-02-27 16:34:22,btc,0.0,0.0,0.00000800,btc,0.0,0.0,0.0,61
1,[],27,[],2019-02-27 16:34:25,2563.55,0.00000055,0.00000000002094213,6803851,2019-02-27 16:34:25,btc,7.794042928616269,0.0,0.00000055,"btc,eth",20830.54399471,0.0,0.00026559750352669854,61
1,[],28,[],2019-02-27 16:34:27,13880.304,0.0000005,0.0000000000190383,6803852,2019-02-27 16:34:27,btc,2.056291378300105,587.0,0.0000005,btc,9710.59500005,0.0,0.00566391304,61
1,[],4,[],2019-02-27 16:34:28,1408532.55411176,0.00000280,0.00000000010661448,6803853,2019-02-27 16:34:28,btc,11.270196855869683,0.0,0.00000280,btc,800688.65488315,0.20080826,1.2886083398454742,67
0.0,[],25,[],2019-02-27 16:34:29,0.0,0,0,6803854,2019-02-27 16:34:29,,0.0,0.0,0.0,btc,0.0,0.0,0.0,67
1,[],12,[],2019-02-27 16:34:30,2901350.60124349,0.00000022,0.000000000008376852,6803855,2019-02-27 16:34:30,btc,11115998.98464957,0.0,0.00000022,btc,2125736.01015293,0.0084122488811207,0.0924474664411122,71
,[],5,[],2018-11-20 23:02:39,1.5e-07,0.00000005,0.000000000002128045,4862160,2018-11-20 23:02:39,btc,2.84511358,0.0,,btc,0.00036572,0.0,0.07381892,74
1,[],5,[],2019-02-27 16:34:31,0.0,0,0,6803856,2019-02-27 16:34:31,btc,0.0,0.0,0,btc,0.0,0.0,0.0,75
0,[],20,[],2019-01-25 09:30:31,0.0,0,0,6495923,2019-01-25 09:30:31,btc,0.0,0.0,0,btc,0.0,0.0,0.0,81
1,[],4,[],2019-02-27 16:24:14,16180270.251575,0.00000001,0.00000000000038041,6803670,2019-02-27 16:24:14,btc,11388.6318068588,0.0,0.00000001,btc,34456445.8995017,0.0,0.16180270251575,81
1,[],4,[],2019-02-27 16:34:32,28676.10766386,0.00007572,0.000000002883160152,6803857,2019-02-27 16:34:32,btc,17.780223719091257,0.0,0.00007572,btc,12822.8021591,0.02508096,0.1384654502195883,82
1,[],21,[],2019-02-27 16:34:33,45922.881499769996,0.00007574999999999999810741668771,0.00000000288430245,6803858,2019-02-27 16:34:33,btc,2.236648894510049,2680.83876515,0.00007574999999999999810741668770930345999659039080142974853515625,btc,24233.74077896,0.20392436,2.5070522185664035,82
0,[],17,[],2019-02-27 16:34:35,0.0,0,0,6803859,2019-02-27 16:34:35,btc,0.0447233088476774,0.0,0,btc,999127.19588126,0.0,0.0,84
0.000000000117631,[],4,[],2019-02-27 16:34:36,120994272.22852346,3.5289300000000005e-18,1.34369656038e-22,6803860,2019-02-27 16:34:36,ltc,1.782832110714481,0.0,0.00000003,ltc,399887631.81102496,0.0,2.2206047566832309e-10,85
,[],22,[],2018-11-20 23:09:34,3408.1,0.0000001,0.0000000000041895,4862324,2018-11-20 23:09:34,BTC,0.04624735,0.0,,BTC,4990.0,0.0,0.00033081,86
0,[],22,[],2019-02-22 12:52:35,0.0,0,0,6758847,2019-02-22 12:52:35,,2.0760781,0.0,0,,140622.94736842104,0.0,0.0,87
0,[],27,[],2019-02-22 12:52:37,0.0,0,0,6758848,2019-02-22 12:52:37,,0.0,0.0,0,btc,0.0,0.0,0.0,87
,[],2,[],2018-11-20 23:10:47,0.0,0,0,4862359,2018-11-20 23:10:47,,0.0,0.0,,,0.0,0.0,0.0,88
1,[],11,[],2019-02-27 16:34:38,89902.08687636,0.0001373699999999999942813799780338968048454262316226959228515625,0.0000000052305825419999996,6803861,2019-02-27 16:34:38,btc,609.3779249421771,1924.04540007,0.0001373699999999999942813799780338968048454262316226959228515625,btc,97066.93104181,0.0,5.807000883202017,89
0,[],2,[],2019-01-20 23:31:45,0.0,0,0,6477083,2019-01-20 23:31:45,,0.0,0.0,0,,0.0,0.0,0.0,91
1,[],12,[],2019-02-27 16:34:40,466580.06337325997,0.0000015000000000000000380012861456169304119612206704914569854736328125,0.0000000000571149,6803862,2019-02-27 16:34:40,btc,4.3574045781356965,0.0,0.0000015000000000000000380012861456169304119612206704914569854736328125,btc,58472.94192172,0.0250510879458027,0.0795593819938099,91
0,[],17,[],2019-02-27 16:34:51,0.0,0,0,6803863,2019-02-27 16:34:51,btc,0.0,0.0,0,btc,0.0,0.0,0.0,91
0,[],22,[],2019-02-27 16:34:55,0.0,0,0,6803864,2019-02-27 16:34:55,,3.1e-06,0.0,0,,2.0,0.0,0.0,91
0.000000000117631,[],22,[],2019-02-27 16:34:59,2791021.0,4.70524e-18,1.7915954138400001e-22,6803865,2019-02-27 16:34:59,LTC,8.53161599,0.0,0.00000004,LTC,71994962.1,0.0,0.09164084,95
0.000000000117631,[],4,[],2019-02-27 16:35:00,645972172.9471544,7.175491e-17,2.732183006106e-21,6803866,2019-02-27 16:35:00,ltc,11.884893901571763,0.0,0.00000061,ltc,136452865.4339142,0.0,1.790036222376642e-09,96
0,[],12,[],2019-02-27 16:35:01,0.0,0,0,6803867,2019-02-27 16:35:01,btc,255077.86232262466,0.0,0,btc,8739592.62268705,5.0749250749e-06,0.0,96
0,[],17,[],2019-02-27 16:35:13,0.0,0,0,6803868,2019-02-27 16:35:13,btc,0.0,0.0,0,btc,0.0,0.0,0.0,96
1,[],4,[],2019-02-27 16:35:14,1432397.39088621,0.00000031,0.000000000011803746,6803869,2019-02-27 16:35:14,btc,3.044684406324693,0.0,0.00000031,btc,2429980.07157636,0.00418173,0.1236816073717471,99
0,[],2,[],2019-01-20 23:23:55,0.0,0,0,6476914,2019-01-20 23:23:55,,0.0,0.0,0,,0.0,0.0,0.0,100
1,[],4,[],2019-02-27 16:35:15,145126.12932077,0.00004961,0.000000001888980126,6803870,2019-02-27 16:35:15,btc,11.512520016401504,0.0,0.00004961,btc,152643.75329556,4.45531527,2.9433270366237565,100
1,[],22,[],2019-02-27 16:35:19,50000.0,0.00000001,0.000000000000380766,6803871,2019-02-27 16:35:19,BTC,23.49896609,0.0,0.00000001,BTC,10277.22,0.0,0.0005,101
1,[],4,[],2019-02-27 16:35:20,471659.43183604,0.00000091,0.000000000034649705999999996,6803872,2019-02-27 16:35:20,btc,256.29668922191644,0.0,0.00000091,btc,484483.20945011,0.01123575,0.2436429037374795,103
1,[],12,[],2019-02-27 16:35:22,60828950.0,0.000000009,0.0000000000003426894,6803873,2019-02-27 16:35:22,btc,137278920.8790396,0.0,0.000000009,btc,121710307.78531495,0.10037588544853614,0.197220017,105
1,[],27,[],2019-02-27 16:35:24,81803.89,0.00000001,0.000000000000380766,6803874,2019-02-27 16:35:24,btc,36.58422120075966,44007.0,0.00000001,btc,531915.56793212,0.00044007,0.0008180389,105
1,[],22,[],2019-02-27 16:35:28,9328.0,0.00000001,0.000000000000380766,6803875,2019-02-27 16:35:28,BTC,51.10837004,0.0,0.00000001,BTC,470435.0,0.0,9.328e-05,107
1,[],26,[],2019-02-27 16:35:28,0.0,0.00000000,0,6803876,2019-02-27 16:35:28,btc,0.0,0.0,0.00000000,btc,0.0,0.0,0.0,107
1,[],5,[],2019-02-27 16:35:29,0.0,0,0,6803877,2019-02-27 16:35:29,btc,0.0,1.249e-05,0,btc,0.0,0.0,0.0,112
1,[],22,[],2019-02-27 16:35:33,1966.0,0.00000001,0.000000000000380766,6803878,2019-02-27 16:35:33,BTC,2.81183288,0.0,0.00000001,BTC,808524.0833333334,0.0,1.966e-05,112
0.0000000003598672,[],27,[],2019-02-27 16:35:35,2000.0,3.598672e-18,1.370251942752e-22,6803879,2019-02-27 16:35:35,eth,1.35132491849924,0.0,0.00000001,"btc,eth",1328.641654,0.0,7.197344e-15,112
1,[],4,[],2019-02-27 16:35:37,463396.78940773,0.00000275,0.00000000010471064999999999,6803880,2019-02-27 16:35:37,btc,85.0911521543924,0.0,0.00000275,btc,326946.29585456,0.49506342,0.1860139422214397,113
1,[],5,[],2019-02-27 16:35:38,0.0,0,0,6803881,2019-02-27 16:35:38,btc,0.0,0.11864236,0,btc,0.0,0.0,0.0,113
1,[],17,[],2019-02-27 15:33:28,152738.278,0.00000004,0.000000000001522084,6803498,2019-02-27 15:33:28,btc,1.3368030275087497,0.0,0.00000004,btc,51896.221,0.0,0.0022095311199999998,116
0,[],27,[],2019-02-27 16:35:42,0.0,0,0,6803882,2019-02-27 16:35:42,,0.0,0.0,0,btc,0.0,0.0,0.0,116
1,[],4,[],2019-02-27 16:35:43,295099.7907828,0.00002401,0.000000000914219166,6803883,2019-02-27 16:35:43,btc,29.80386050935607,0.0,0.00002401,btc,92344.33968057,3.11657998,2.124724598304057,120
1,[],7,[],2019-02-27 16:35:45,15782.05292045,0.0000178100000000000005810803227479510724151623435318470001220703125,0.000000000678144246,6803884,2019-02-27 16:35:45,btc,115647.55974408251,1297.76723473,0.0000178100000000000005810803227479510724151623435318470001220703125,btc,50924.27082884,0.02703092,0.0522180646632811,120
1,[],20,[],2019-02-27 16:35:48,1504282.2809,0.000000043,0.0000000000016372938,6803885,2019-02-27 16:35:48,btc,32.2905633136174,16860.6226,0.000000043,btc,940087.316,0.001166316582,0.0103513809862,125
1,[],22,[],2019-02-27 16:25:33,3053.0,0.00000001,0.00000000000038041,6803699,2019-02-27 16:25:33,BTC,0.01444887,0.0,0.00000001,BTC,296263.5111111111,0.0,3.053e-05,126
0,[],17,[],2019-02-27 15:34:01,0.0,0,0,6803505,2019-02-27 15:34:01,btc,0.0009561751951600001,0.0,0,btc,35.42829368,0.0,0.0,131
0,[],2,[],2019-01-20 23:25:46,0.0,0,0,6476969,2019-01-20 23:25:46,,0.0,0.0,0,,0.0,0.0,0.0,131
1,[],4,[],2019-02-27 16:35:49,2648240.14457519,0.00001377,0.000000000524314782,6803886,2019-02-27 16:35:49,btc,6.569098811036618,0.0,0.00001377,btc,126896.12608733,0.10108271,0.6200548319796483,131
1,[],4,[],2019-02-27 16:36:00,4552.57584764,0.00016000,0.000000006092256,6803887,2019-02-27 16:36:00,btc,1.6206522261009595,0.0,0.00016000,btc,241.14413892,0.00100995,0.0076997996890681,135
1,[],3,[],2019-02-27 16:36:01,1061233.88776843,0.00000004,0.000000000001523064,6803888,2019-02-27 16:36:01,btc,0.6318520879087458,6704.27908333,0.00000004,btc,2322126.05112032,0.0,0.0339870781737019,136
1,[],4,[],2019-02-27 16:36:02,271761.95662337,0.00000189,0.00000000007196477399999999,6803889,2019-02-27 16:36:02,btc,38.98230320980967,0.0,0.00000189,btc,578610.48949265,0.04306233,0.0912833465266521,137
1,[],12,[],2019-02-27 16:36:04,325103.55562846,0.000001749999999999999973748754898694723891594549058936536312103271484375,0.00000000006663404999999999,6803890,2019-02-27 16:36:04,btc,11807.59801065655,0.0,0.000001749999999999999973748754898694723891594549058936536312103271484375,btc,123453.78364659,0.0373793610441968,0.0729965889557818,137
1,[],4,[],2019-02-27 16:36:05,106581.9983007,0.00003275,0.00000000124700865,6803891,2019-02-27 16:36:05,btc,29.018056857107258,0.0,0.00003275,btc,43242.86255045,0.21280363,0.338250445870369,142
1,[],5,[],2019-02-27 16:36:06,0.0,0,0,6803892,2019-02-27 16:36:06,btc,0.0,0.59626517,0,btc,0.0,0.0,0.0,142
1,[],17,[],2019-02-27 16:36:08,22967.386363640002,0.00000088,0.000000000033507408,6803893,2019-02-27 16:36:08,btc,20.06991335289359,0.0,0.00000088,btc,2746.079105,0.0,0.0104613000000032,142
1,[],20,[],2019-02-27 16:36:10,132997.4766,0.00003386,0.000000001289273676,6803894,2019-02-27 16:36:10,btc,0.3024662890855,65.957,0.00003386,btc,1304.7578,0.0022339065112,0.2268947776227,142
1,[],22,[],2019-02-27 16:36:14,1685.8988921568628,0.00004000,0.000000001523064,6803895,2019-02-27 16:36:14,BTC,3.00385504,0.0,0.00004000,BTC,891.218,0.0,0.00174536,142
0.0,[],25,[],2019-02-27 16:36:18,0.0,0,0,6803896,2019-02-27 16:36:18,,0.0,0.0,0.0,btc,0.0,0.0,0.0,142
1,[],28,[],2019-02-27 16:36:20,76600.0,0.00004400,0.0000000016753703999999999,6803897,2019-02-27 16:36:20,btc,0.0639742472,1263.99,0.00004400,btc,500.6113,0.0,0.0261072,142
0,[],22,[],2019-02-27 16:36:23,0.0,0,0,6803898,2019-02-27 16:36:23,,60.80280694,0.0,0,,704341446.3,0.0,0.0,143
0,[],22,[],2019-02-25 15:42:22,0.0,0,0,6783783,2019-02-25 15:42:22,,4.2131946,0.0,0,,2322156.0,0.0,0.0,146
,[],22,[],2018-11-20 23:01:11,0.0,0,0,4862114,2018-11-20 23:01:11,,2.56807021,0.0,,,61828.4988236,0.0,0.0,147
1,[],12,[],2019-02-27 16:26:09,220195.9591195,0.00000250000000000000020450763478507827386465578456409275531768798828125,0.00000000009510250000000001,6803712,2019-02-27 16:26:09,btc,16.29181693322317,0.0,0.00000250000000000000020450763478507827386465578456409275531768798828125,btc,116809.24335616,0.0068886131968238,0.028316620000005,148
1,[],4,[],2019-02-27 16:36:25,249119.74504268,0.00000032,0.000000000012184512,6803899,2019-02-27 16:36:25,btc,219.96749410271795,0.0,0.00000032,btc,800822.7951546,0.0,0.0593538765710576,152
0,[],22,[],2019-02-27 16:36:28,0.0,0,0,6803900,2019-02-27 16:36:28,,0.0,0.0,0,,0.0,0.0,0.0,152
1,[],5,[],2019-02-27 16:36:29,0.0,0,0,6803901,2019-02-27 16:36:29,btc,0.0,0.0,0,btc,0.0,0.0,0.0,153
,[],16,[],2019-01-11 15:38:59,0.0,0,0,6366141,2019-01-11 15:38:59,btc,0.0,0.0,,btc,0.0,0.0,0.0,155
0,[],23,[],2019-01-20 23:24:29,0.0,0,0,6476932,2019-01-20 23:24:29,,0.0,0.0,0,,0.0,0.0,0.0,156
0,[],22,[],2019-02-27 16:36:32,0.0,0,0,6803902,2019-02-27 16:36:32,,6.74829967,0.0,0,,4646626.747643097,0.0,0.0,156
1,[],22,[],2019-02-27 16:36:37,7073.8,0.00005300,0.0000000020180598,6803903,2019-02-27 16:36:37,BTC,1.80343699,0.0,0.00005300,BTC,899.6422341958436,0.0,0.00104336,157
0,[],22,[],2019-02-27 16:36:40,0.0,0,0,6803904,2019-02-27 16:36:40,,50175.68008609,0.0,0,,54479136.04179466,0.0,0.0,158
,[],17,[],2018-11-20 22:56:10,0.0,0,0,4861976,2018-11-20 22:56:10,btc,1.1265625,0.0,,btc,1000.0,0.0,0.0,159
,[],20,[],2018-11-20 22:56:12,0.0,0,0,4861977,2018-11-20 22:56:12,btc,11912.7940471,0.0,,btc,34413894.3617,0.0,0.0,159
1,[],12,[],2019-02-27 16:36:40,181225.70654869,0.000007999999999999999637984894607090069484911509789526462554931640625,0.00000000030461279999999996,6803905,2019-02-27 16:36:40,btc,6.643065665215406,0.0,0.000007999999999999999637984894607090069484911509789526462554931640625,btc,13705.27413222,0.002846303317565,0.0878668596000403,168
1,[],17,[],2019-02-27 16:36:42,29784.95,0.000001,0.000000000038076599999999995,6803906,2019-02-27 16:36:42,btc,0.03026736251542,0.0,0.000001,btc,144.46171372,0.0,0.00716147,168
1,[],22,[],2019-02-27 16:36:56,259690.0,0.00000001,0.000000000000380766,6803907,2019-02-27 16:36:56,BTC,1.14695792,0.0,0.00000001,BTC,779972.8900917594,2.792e-05,0.0025969,169
1,[],22,[],2019-02-27 16:37:00,203600.0,0.00000002,0.000000000000761532,6803908,2019-02-27 16:37:00,BTC,13.2501524,0.0,0.00000002,BTC,144336.2939341018,0.0,0.002072,171
1,[],22,[],2019-02-27 16:37:04,108544.0,0.00000005,0.00000000000190383,6803909,2019-02-27 16:37:04,BTC,2.19711152,0.0,0.00000005,BTC,240701.99312102824,0.00062419,0.00258724,173
1,[],5,[],2019-02-27 16:37:05,0.0,0,0,6803910,2019-02-27 16:37:05,btc,0.0,0.13626659,0,btc,0.0,0.0,0.0,175
1,[],22,[],2019-02-27 16:37:09,45904.0,0.0000003,0.000000000011422979999999999,6803911,2019-02-27 16:37:09,BTC,0.52955903,0.0,0.0000003,BTC,143368.41384013777,0.0,0.0052148,176
1,[],7,[],2019-02-27 16:37:11,0.0,0,0,6803912,2019-02-27 16:37:11,btc,410932.5281358376,0.0,0,btc,117881559.31901672,0.0,0.0,178
0,[],22,[],2019-02-27 16:37:13,0.0,0,0,6803913,2019-02-27 16:37:13,,1.00242428,0.0,0,,57512.0,0.0,0.0,178
0,[],2,[],2019-01-20 23:28:34,0.0,0,0,6477001,2019-01-20 23:28:34,,0.0,0.0,0,,0.0,0.0,0.0,178
0,[],23,[],2019-01-20 23:25:08,0.0,0,0,6476952,2019-01-20 23:25:08,,0.0,0.0,0,,0.0,0.0,0.0,179
1,[],5,[],2019-02-27 16:37:15,0.0,0,0,6803914,2019-02-27 16:37:15,btc,0.0,0.02482122,0,btc,0.0,0.0,0.0,179
1,[],22,[],2019-02-27 16:37:20,7046871.666666667,0.00000003,0.000000000001142298,6803915,2019-02-27 16:37:20,BTC,5.63366894,0.0,0.00000003,"BTC,LTC",17147700.756535422,7.41e-06,0.38128759,179
1,[],17,[],2019-02-27 16:37:25,10504.725,0.0000001,0.00000000000380766,6803916,2019-02-27 16:37:25,btc,5.20106958384525,0.0,0.0000001,btc,5033.45945,0.0,0.0010504725,180
1,[],22,[],2019-02-27 16:37:29,133605.4,0.00000025,0.00000000000951915,6803917,2019-02-27 16:37:29,BTC,0.20927016,0.0,0.00000025,"BTC,LTC",65258.08332441269,0.000695,0.00205544,180
1,[],26,[],2019-02-27 16:37:30,0.0,0.00000160,0.00000000006092256,6803918,2019-02-27 16:37:30,btc,0.0,0.0,0.00000160,btc,0.0,0.0,0.0,180
,[],7,[],2018-11-20 22:58:01,562227.975654,0.00000085,0.000000000036176765,4862015,2018-11-20 22:58:01,btc,21836.6059674,2491.87645172,,btc,749999.041456,0.00211021,0.127565380455,183
,[],5,[],2019-01-10 08:11:41,0.0,0,0,6347036,2019-01-10 08:11:41,btc,82.15055501,0.00261,,btc,1.19002445,0.0,0.0,187
,[],17,[],2018-11-16 20:58:10,4062536.27273,0.00000001,0.000000000000550501,4708775,2018-11-16 20:58:10,btc,3.36492563466,0.195460381006,,"btc,eth",110697919.549,0.0,0.0157628953496,187
1,[],24,[],2019-02-27 16:37:31,0.0,0.000000000001,3.8076599999999997e-17,6803919,2019-02-27 16:37:31,btc,0.0,0.0,0.000000000001,btc,0.0,0.0,0.0,187
0,[],22,[],2019-02-27 04:05:17,0.0,0,0,6799309,2019-02-27 04:05:17,,1.19374396,0.0,0,,16308.869534405507,0.0,0.0,191
0,[],22,[],2019-02-27 16:37:36,0.0,0,0,6803920,2019-02-27 16:37:36,,0.0,0.0,0,,0.0,0.0,0.0,197
0,[],23,[],2019-01-20 23:31:41,0.0,0,0,6477079,2019-01-20 23:31:41,,0.0,0.0,0,,0.0,0.0,0.0,199
0,[],22,[],2019-02-27 16:37:47,0.0,0,0,6803921,2019-02-27 16:37:47,,5.19477622,0.0,0,,21058553.0,0.0,0.0,199
1,[],26,[],2019-02-27 16:37:47,0.0,0.00000000,0,6803922,2019-02-27 16:37:47,btc,0.0,4.0,0.00000000,btc,0.0,0.0,0.0,199
0,[],17,[],2019-01-30 16:32:01,0.0,0,0,6540827,2019-01-30 16:32:01,btc,6.802544163788159,0.0,0,btc,105897.55575295,0.0,0.0,200
0,[],2,[],2019-01-20 23:30:49,0.0,0,0,6477059,2019-01-20 23:30:49,,0.0,0.0,0,,0.0,0.0,0.0,201
1,[],4,[],2019-01-25 15:51:35,2084389.58565343,0.00000936,0.000000000333526752,6499557,2019-01-25 15:51:35,btc,2.0092503037378524,0.0,0.00000936,btc,160195.80207885,0.19272417,1.242687955921835,211
1,[],7,[],2019-02-27 16:37:50,2502728.2311085397,0.0000013200000000000000673224496983149123252587742172181606292724609375,0.000000000050261112000000005,6803923,2019-02-27 16:37:50,btc,15476654.984378012,710730.869279,0.0000013200000000000000673224496983149123252587742172181606292724609375,btc,12977906.23754507,0.0,2.5318442553332114,212
1,[],12,[],2019-01-25 02:44:32,207462.42853209,0.000001080000000000000035831255497387193287295303889550268650054931640625,0.000000000038610756000000006,6493050,2019-01-25 02:44:32,btc,85023.03793723314,0.0,0.000001080000000000000035831255497387193287295303889550268650054931640625,btc,43675.73520027,0.000146250909087,0.0348620860622024,213
1,[],5,[],2019-02-27 16:37:52,0.0,0,0,6803924,2019-02-27 16:37:52,btc,0.0,0.19340124,0,btc,0.0,0.0,0.0,213
1,[],24,[],2019-02-27 16:37:52,0.0,0.000000100000,0.00000000000380766,6803925,2019-02-27 16:37:52,btc,0.0,0.0,0.000000100000,btc,0.0,0.0,0.0,213
1,[],26,[],2019-02-27 16:37:52,0.0,0.00000010,0.00000000000380766,6803926,2019-02-27 16:37:52,btc,0.0,0.0,0.00000010,btc,0.0,0.0,0.0,213
1,[],22,[],2019-02-27 16:37:57,29085.0,0.00000001,0.000000000000380766,6803927,2019-02-27 16:37:57,BTC,2.22929082,0.0,0.00000001,BTC,573967.3963726171,9.18e-06,0.00029085,216
1,[],27,[],2019-02-27 16:38:00,6251251.005988,0.00000007,0.000000000002665362,6803928,2019-02-27 16:38:00,btc,316.33345711644,480.0,0.00000007,"btc,ltc",234898.901,5.76e-05,0.033957470431017205,216
1,[],22,[],2019-02-27 16:38:04,245271.002186885,0.00000225,0.00000000008567235,6803929,2019-02-27 16:38:04,BTC,12673.660745,0.0,0.00000225,BTC,386939.86950989376,0.01930785,0.34778957,217
1,[],7,[],2019-02-27 16:38:06,0.0,0,0,6803930,2019-02-27 16:38:06,btc,77969.77488735563,0.0,0,btc,137043486.5550253,0.0,0.0,219
0,[],27,[],2019-02-27 16:38:08,0.0,0,0,6803931,2019-02-27 16:38:08,,0.0740438339680921,0.0,0,btc,1536429.20709513,0.0,0.0,219
0.0000000000000052,[],28,[],2019-02-27 16:38:10,167609414.732,2.3404680000000002e-18,8.91170638488e-23,6803932,2019-02-27 16:38:10,doge,83883.3352434475,1219814.768,0.00045009,"btc,doge",4823713.77951,0.0,9.277680338775264e-12,219
1,[],22,[],2019-02-27 16:38:14,240665.0,0.00000002,0.000000000000761532,6803933,2019-02-27 16:38:14,BTC,3.01323916,0.0,0.00000002,BTC,129679.27041875875,0.0,0.00440665,221
1,[],24,[],2019-02-27 16:38:14,0.0,0.000000200000,0.00000000000761532,6803934,2019-02-27 16:38:14,btc,0.0,0.0,0.000000200000,btc,0.0,0.0,0.0,221
1,[],20,[],2019-02-27 16:38:16,40748456.2707,0.000000001,0.0000000000000380766,6803935,2019-02-27 16:38:16,btc,48.2376264230632,0.0,0.000000001,btc,13444908.9689,0.0,0.0407484562707,224
0,[],22,[],2019-02-27 16:38:19,0.0,0,0,6803936,2019-02-27 16:38:19,,0.0,0.0,0,,0.0,0.0,0.0,224
1,[],26,[],2019-02-27 16:38:19,0.0,0.00000035,0.00000000001332681,6803937,2019-02-27 16:38:19,btc,0.0,0.0,0.00000035,btc,0.0,0.0,0.0,231
1,[],26,[],2019-02-27 16:38:19,0.0,0.00000006,0.000000000002284596,6803938,2019-02-27 16:38:19,btc,0.0,100.0,0.00000006,btc,0.0,0.0,0.0,234
0.0000000003598672,[],27,[],2019-02-27 16:38:22,2000.0,3.598672e-18,1.370251942752e-22,6803939,2019-02-27 16:38:22,eth,0.0113483662182,0.0,0.00000001,"btc,eth",11462.99618,0.0,7.197344e-15,234
1,[],4,[],2019-02-27 16:38:23,902214.76766986,0.00000074,0.000000000028176684,6803940,2019-02-27 16:38:23,btc,4.411951039004448,0.0,0.00000074,btc,1086069.36787977,0.01169065,0.2732575332313528,236
1,[],24,[],2019-02-27 16:38:24,0.0,0.000000300000,0.000000000011422979999999999,6803941,2019-02-27 16:38:24,btc,0.0,0.0,0.000000300000,btc,0.0,0.0,0.0,236
1,[],20,[],2019-02-27 16:38:26,156231662.238,0.00000007,0.000000000002665362,6803942,2019-02-27 16:38:26,btc,11.8419726030949,16827346.6845,0.00000007,btc,47967771.3749,1.1400677362506,0.8551855714338,237
0.000000000117631,[],22,[],2019-02-27 16:38:30,14400.0,1.17631e-17,4.4789885346e-22,6803943,2019-02-27 16:38:30,LTC,0.0405823,0.0,0.0000001,LTC,3164.0,0.0,0.00144,237
1,[],4,[],2019-02-27 16:38:31,7388203.97546264,0.00000034,0.000000000012946044,6803944,2019-02-27 16:38:31,btc,6.247171534087319,0.0,0.00000034,btc,9766320.85086083,0.19402112,1.643484391512051,238
1,[],5,[],2019-02-27 16:38:31,0.0,0,0,6803945,2019-02-27 16:38:31,btc,0.0,0.03124415,0,btc,0.0,0.0,0.0,238
0,[],22,[],2019-02-27 16:38:34,0.0,0,0,6803946,2019-02-27 16:38:34,,0.41356282,0.0,0,,316008.5639027493,0.0,0.0,249
0.000000000117631,[],22,[],2019-02-27 16:38:38,7121097.666666667,3.5289300000000005e-18,1.34369656038e-22,6803947,2019-02-27 16:38:38,LTC,0.49913125,0.0,0.00000003,LTC,18343163.09,3.5433797920400003e-12,0.21263595,252
1,[],28,[],2019-02-27 16:38:40,4567665.434,0.00000022,0.000000000008376852,6803948,2019-02-27 16:38:40,btc,164706.69072751133,101977.443,0.00000022,btc,2053675.0669,0.0,0.38159691954,256
1,[],22,[],2019-02-27 16:38:44,1065354.0,0.00000002,0.000000000000761532,6803949,2019-02-27 16:38:44,BTC,31.47160001,0.0,0.00000002,BTC,670687.0957866946,0.0005262,0.01073444,258
1,[],22,[],2019-02-27 16:30:33,48751.0,0.00000001,0.00000000000038041,6803763,2019-02-27 16:30:33,BTC,2.4175745,0.0,0.00000001,BTC,1762.0,0.0,0.00048751,259
1,[],5,[],2019-02-27 16:38:45,0.0,0,0,6803950,2019-02-27 16:38:45,btc,0.0,0.37066814,0,btc,0.0,0.0,0.0,264
1,[],20,[],2019-02-27 16:38:47,1225107.943,0.000002102,0.0000000000800370132,6803951,2019-02-27 16:38:47,btc,7.213950853823,102242.8779,0.000002102,btc,84426.3332,0.3229568268952,0.0285893701383,264
0,[],22,[],2019-02-27 16:38:50,0.0,0,0,6803952,2019-02-27 16:38:50,,8.43394624,0.0,0,,430841.8107878143,0.0,0.0,271
0,[],22,[],2019-02-27 16:38:53,0.0,0,0,6803953,2019-02-27 16:38:53,,259.44095859,0.0,0,,14406783063.9,0.0,0.0,272
0.0000000000000052,[],28,[],2019-02-27 16:38:55,233252947588.701,4.472e-21,1.702785552e-25,6803954,2019-02-27 16:38:55,doge,21988806.506650273,16650229031.02,0.00000086,doge,240100718135.9798,0.0,6.600472104192652e-10,272
1,[],22,[],2019-02-27 16:39:16,114930.74,0.00000270,0.00000000010280682,6803955,2019-02-27 16:39:16,BTC,74.32244185,0.0,0.00000270,"BTC,LTC",8380.527743939856,0.0,0.04413437,281
1,[],22,[],2019-02-27 16:39:41,944798.3333333334,0.00000003,0.000000000001142298,6803956,2019-02-27 16:39:41,BTC,1.33224124,0.0,0.00000003,BTC,134474.99887885063,0.00012047,0.02807971,286
0,[],22,[],2019-02-27 16:39:44,0.0,0,0,6803957,2019-02-27 16:39:44,,43634.52001853,0.0,0,,419066696.0,0.0,0.0,294
