pairValue,buyBook,exchangeId,sellBook,updated,buyTotal,satoshiPrice,usdPrice,exchangeLogId,created,bestPair,sellTotalBtc,volume,pairPrice,activePairs,sellTotal,volumeBtc,buyTotalBtc,coinId
1,[],3,[],2019-02-10 19:08:43,131.141566464821,0.0129474299999999993560084732280301977880299091339111328125,0.00000047209437163199994,6626652,2019-02-10 19:08:43,btc,107.09893135100008,0.06923177,0.0129474299999999993560084732280301977880299091339111328125,btc,23.906089608520002,0.0,0.2908719209355308,1
1,[],4,[],2019-02-10 19:08:43,110078.45842746,0.01310154,0.000000477713592096,6626653,2019-02-10 19:08:43,btc,1.0027103037624254,0.0,0.01310154,btc,73.55726004,1.16927786,1.426209808755466,1
1,[],5,[],2019-02-10 19:08:46,0.31904829,0.01300001,0.00000047401156462399996,6626654,2019-02-10 19:08:46,btc,14577.93363209,0.26277817,0.01300001,btc,35555556.1038347,0.0,2.61659582,1
1,[],10,[],2019-02-10 19:08:49,414628.10143511,0.01196,0.000000436090304,6626655,2019-02-10 19:08:49,btc,6531.8859306601635,867.18248361,0.01196,btc,930.72879913,0.0,4.5199450160980295,1
1,[],12,[],2019-02-10 19:08:52,10443.37731478,0.01297000000000000062561067437627571052871644496917724609375,0.000000472917328,6626656,2019-02-10 19:08:52,btc,0.3494252315492,0.0,0.01297000000000000062561067437627571052871644496917724609375,btc,19.61422365,0.3456247604283,0.4465061733637,1
1,[],20,[],2019-02-10 19:08:54,1149.1164,0.010400104,0.0000003792127520896,6626657,2019-02-10 19:08:54,btc,0.0573537536243,0.218,0.010400104,btc,2.5253,0.0025453551741,0.0832233683099,1
1,[],21,[],2019-02-10 19:08:55,2732.91710089,0.01302500000000000011934897515,0.00000047492275999999997,6626658,2019-02-10 19:08:55,btc,13.261182882022837,1513.68692779,0.01302500000000000011934897514720432809554040431976318359375,"btc,eth",1408.23098174,13.777902691909915,21.40254278557253,1
1,[],22,[],2019-02-10 19:08:59,0.0263776,0.01350000,0.0000004922424,6626659,2019-02-10 19:08:59,BTC,0.31397231,0.0,0.01350000,BTC,0.10124366666666666,0.0,0.00034472,1
1,[],24,[],2019-02-10 19:09:00,0.0,0.000000000000,0,6626660,2019-02-10 19:09:00,btc,0.0,0.0,0.000000000000,btc,0.0,0.0,0.0,1
0.0,[],25,[],2019-02-10 19:09:01,0.0,0,0,6626661,2019-02-10 19:09:01,btc,26.39809999664343,156.21616531,0.0,btc,1976.02405339,2.0535,0.0,1
1,[],26,[],2019-02-10 19:09:10,0.0,0,0,6626662,2019-02-10 19:09:10,,0.0,0.0,0,,0.0,0.0,0.0,1
1,[],28,[],2019-02-10 19:09:15,992.968,0.01231000,0.000000448852144,6626663,2019-02-10 19:09:15,btc,0.163517306,15171.05,0.01231000,btc,8.95,0.0,0.086870176,1
0,[],2,[],2019-01-20 23:28:45,0.0,0,0,6477011,2019-01-20 23:28:45,,0.0,0.0,0,,0.0,0.0,0.0,1
1,[],5,[],2019-02-10 19:09:17,1.656e-05,0.00000063,0.000000000022971312,6626664,2019-02-10 19:09:17,btc,0.1330915,0.00022344,0.00000063,btc,6.579e-05,0.0,0.43780546,2
1,[],22,[],2019-02-10 19:09:22,1348.0,0.00000018,0.000000000006563232,6626665,2019-02-10 19:09:22,BTC,4.22139106,0.0,0.00000018,"BTC,XMR",14654.709143333333,0.0,0.00091235,2
1,[],5,[],2019-02-10 19:09:23,1.25e-06,0.00000016,0.000000000005833984,6626666,2019-02-10 19:09:23,btc,4.32166289,0.33698144,0.00000016,btc,2.213e-05,0.0,2.90041724,3
1,[],12,[],2019-02-10 19:09:25,12337765.34303769,0.000000169,0.0000000000061621456,6626667,2019-02-10 19:09:25,btc,923317.5203728961,0.0,0.000000169,btc,8588533.97295925,0.1109219315654702,0.5212679810501495,3
0,[],28,[],2019-02-10 19:09:29,0.0,0,0,6626668,2019-02-10 19:09:29,,0.0,0.0,0,,0.0,0.0,0.0,3
0,[],2,[],2019-01-20 23:31:32,0.0,0,0,6477077,2019-01-20 23:31:32,,0.0,0.0,0,,0.0,0.0,0.0,4
1,[],4,[],2019-02-10 19:09:30,422319.39851771,0.00000034,0.000000000012397216,6626669,2019-02-10 19:09:30,btc,0.3463885257999403,0.0,0.00000034,btc,323636.73481113,0.01329561,0.061399278812038,4
1,[],12,[],2019-02-10 19:09:32,1590485.5219999999,0.00000004,0.000000000001458496,6626670,2019-02-10 19:09:32,btc,11113878.379601568,0.0,0.00000004,btc,986205.42728296,0.0025853439760245,0.02750225044,5
0,[],2,[],2019-01-20 23:31:51,0.0,0,0,6477087,2019-01-20 23:31:51,,0.0,0.0,0,,0.0,0.0,0.0,6
1,[],11,[],2019-02-10 19:09:34,1662188.4999525,0.00000002,0.000000000000729248,6626671,2019-02-10 19:09:34,btc,9433.333640421097,110000.0,0.00000002,btc,40196798.59502706,0.0,0.02455346499905,6
1,[],3,[],2019-02-10 19:09:35,1074.273146428111,0.00014521000000000000053346216333238771767355501651763916015625,0.000000005294705104,6626672,2019-02-10 19:09:35,btc,28.399990609446498,0.0,0.00014521000000000000053346216333238771767355501651763916015625,btc,235.145665820227,0.0,0.031531977816658056,7
1,[],4,[],2019-02-10 19:09:36,23760.70785566,0.00019136,0.000000006977444863999999,6626673,2019-02-10 19:09:36,btc,1.4647833755262423,0.0,0.00019136,btc,6679.16529654,2.18610679,3.8684420880187127,7
1,[],5,[],2019-02-10 19:09:37,0.00573091,0.00018101,0.000000006600059024,6626674,2019-02-10 19:09:37,btc,1.46010021,0.27344729,0.00018101,btc,0.01213567,0.0,1.52382178,7
1,[],20,[],2019-02-10 19:09:39,59396670.6962,0.000000001,0.0000000000000364624,6626675,2019-02-10 19:09:39,btc,116.5916532606651,1742298.196,0.000000001,btc,33312875.6586,0.001742298196,0.0593966706962,8
0,[],2,[],2019-01-20 23:22:42,0.0,0,0,6476876,2019-01-20 23:22:42,,0.0,0.0,0,,0.0,0.0,0.0,9
0,[],23,[],2019-01-20 23:22:48,0.0,0,0,6476878,2019-01-20 23:22:48,,0.0,0.0,0,,0.0,0.0,0.0,9
1,[],1,[],2019-02-10 19:09:40,1113670.31,0.00000197000000000000019672739999532229404621830326505005359649658203125,0.000000000071830928,6626676,2019-02-10 19:09:40,btc,6.1584796868,7609428.21,0.00000197000000000000019672739999532229404621830326505005359649658203125,btc,3062598.46,15.10084934,2.1672994373,9
1,[],4,[],2019-02-10 19:09:41,326613.4063322,0.00000196,0.000000000071466304,6626677,2019-02-10 19:09:41,btc,0.8538920810881235,0.0,0.00000196,btc,426194.07774787,1.7875192,0.6035893275497827,9
1,[],28,[],2019-02-10 19:09:46,34500.0,0.00000165,0.00000000006016295999999999,6626678,2019-02-10 19:09:46,btc,2708.76119522,3044560.12,0.00000165,btc,11732.68,0.0,0.02854,9
1,[],4,[],2019-02-10 09:54:02,5828483.02026053,0.00000002,0.000000000000726692,6623074,2019-02-10 09:54:02,btc,0.2014004865591215,0.0,0.00000002,btc,4198675.28035349,0.00021932,0.0653957035452106,10
0,[],2,[],2019-01-20 23:23:08,0.0,0,0,6476890,2019-01-20 23:23:08,,0.0,0.0,0,,0.0,0.0,0.0,12
1,[],4,[],2019-02-10 19:09:47,2220934.55419026,0.00000144,0.000000000052505856,6626679,2019-02-10 19:09:47,btc,1.2402631032177125,0.0,0.00000144,btc,810318.79194801,0.83220732,3.0231972303964687,12
1,[],5,[],2019-02-10 19:09:49,2.033e-05,0.00000141,0.000000000051411983999999995,6626680,2019-02-10 19:09:49,btc,0.54634084,0.2006431,0.00000141,btc,0.0001089,0.0,0.11151406,12
0.0,[],25,[],2019-02-10 19:09:50,0.0,0,0,6626681,2019-02-10 19:09:50,,0.0,0.0,0.0,btc,0.0,0.0,0.0,12
1,[],4,[],2019-02-10 19:09:51,1339369.78757054,0.00000654,0.000000000238464096,6626682,2019-02-10 19:09:51,btc,0.7582353660581391,0.0,0.00000654,btc,106696.05601403,0.37593068,1.4772990936819395,13
1,[],21,[],2019-02-10 19:09:55,655994.57504705,0.000006559999999999999872554203029,0.000000000239193344,6626683,2019-02-10 19:09:55,btc,4.092531598285403,895873.74364095,0.000006559999999999999872554203028673924791291938163340091705322265625,btc,545040.61395766,5.86840498,3.9166967273999997,13
1,[],10,[],2019-02-10 19:02:44,423813.65088334,0.00000526,0.00000000019183746,6626487,2019-02-10 19:02:44,btc,666806.508852618,4535.13411568,0.00000526,btc,758544.02352562,0.0,0.2476967584912206,13
1,[],4,[],2019-02-10 19:09:56,1073021.25912263,0.00000137,0.000000000049953487999999997,6626684,2019-02-10 19:09:56,btc,0.1482879507014357,0.0,0.00000137,btc,84812.18442503,0.01018245,0.4678968521904402,14
1,[],12,[],2019-02-10 19:09:57,89022.14285714,0.000001300000000000000047051663780439678674838432925753295421600341796875,0.00000000004740112,6626685,2019-02-10 19:09:57,btc,1.7677581806991556,0.0,0.000001300000000000000047051663780439678674838432925753295421600341796875,btc,29145.33636749,0.0013951297619303,0.0108986999999964,14
0,[],17,[],2019-02-10 19:09:58,0.0,0,0,6626686,2019-02-10 19:09:58,btc,0.0,0.0,0,btc,0.0,0.0,0.0,14
1,[],26,[],2019-02-10 19:09:58,0.0,0.00000049,0.000000000017866576,6626687,2019-02-10 19:09:58,btc,0.0,0.0,0.00000049,btc,0.0,0.0,0.0,14
0,[],4,[],2019-02-10 19:10:00,0.0,0,0,6626688,2019-02-10 19:10:00,,0.0,0.0,0,,0.0,0.0,0.0,15
,[],12,[],2018-12-01 15:15:48,204241.84496,0.00000489,0.000000000202473384,5260204,2018-12-01 15:15:48,btc,49.5475654835,0.0,,btc,35763.2193806,0.0163153972027625,0.0203389899998,15
0,[],2,[],2019-01-20 23:23:38,0.0,0,0,6476906,2019-01-20 23:23:38,,0.0,0.0,0,,0.0,0.0,0.0,18
1,[],4,[],2019-02-10 19:10:02,23342.16594916,0.00001746,0.000000000636633504,6626689,2019-02-10 19:10:02,btc,2.2819955340444955,0.0,0.00001746,btc,10797.92473343,0.00884239,0.0364463243976335,18
1,[],10,[],2019-02-10 19:10:03,789779.47228404,0.0000184,0.00000000067090816,6626690,2019-02-10 19:10:03,btc,15.543213218735819,131.3,0.0000184,btc,10730.36055816,0.0,0.3101503456182208,18
1,[],12,[],2019-02-10 19:10:05,204808.51325601,0.00001764999999999999872484814089634852507515461184084415435791015625,0.00000000064356136,6626691,2019-02-10 19:10:05,btc,2.992493578406129,0.0,0.00001764999999999999872484814089634852507515461184084415435791015625,btc,1818.96473457,6.29815475845e-05,0.0433689252027085,18
0,[],17,[],2019-02-10 19:10:06,0.0,0,0,6626692,2019-02-10 19:10:06,btc,0.0,0.0,0,btc,0.0,0.0,0.0,18
0,[],2,[],2019-01-20 23:24:19,0.0,0,0,6476924,2019-01-20 23:24:19,,0.0,0.0,0,,0.0,0.0,0.0,19
1,[],3,[],2019-02-10 19:10:07,129582.3956841439,0.00002207000000000000045183475017029905984600191004574298858642578125,0.000000000804725168,6626693,2019-02-10 19:10:07,btc,0.4672449630434957,1.085,0.00002207000000000000045183475017029905984600191004574298858642578125,btc,5018.393100515442,0.0,0.09802303493161774,19
1,[],4,[],2019-02-10 19:10:09,210868.17875284,0.00002854,0.000000001040636896,6626694,2019-02-10 19:10:09,btc,0.2598988705431659,0.0,0.00002854,btc,8338.29855496,0.46256825,2.721345034935915,19
1,[],5,[],2019-02-10 19:10:11,0.00023042,0.00002508,0.000000000914476992,6626695,2019-02-10 19:10:11,btc,0.2714879,0.00559944,0.00002508,btc,0.00304101,0.0,0.07687659,19
1,[],12,[],2019-02-10 19:10:12,134819.51671997,0.00002294999999999999880265048879390832325952942483127117156982421875,0.0000000008368120799999999,6626696,2019-02-10 19:10:12,btc,0.0306693066639742,0.0,0.00002294999999999999880265048879390832325952942483127117156982421875,btc,320.93289017,0.0013944999999996,0.0318314487233115,19
0,[],27,[],2019-02-10 19:10:17,0.0,0,0,6626697,2019-02-10 19:10:17,,0.0,0.0,0,btc,0.0,0.0,0.0,19
1,[],4,[],2019-02-10 19:10:18,8040491.87071517,0.00000013,0.000000000004740112,6626698,2019-02-10 19:10:18,btc,0.807657640959292,0.0,0.00000013,btc,1591355.35416982,0.0,0.2548659998750338,20
1,[],4,[],2019-02-10 19:10:19,112935810.78755699,0.00000002,0.000000000000729248,6626699,2019-02-10 19:10:19,btc,0.5789365373918433,0.0,0.00000002,btc,15604377.47567108,0.00618449,1.3268834199609802,21
1,[],12,[],2019-02-10 19:10:19,18999837.0,0.00000002,0.000000000000729248,6626700,2019-02-10 19:10:19,btc,669.4758355491022,0.0,0.00000002,btc,8564579.84915351,0.0,0.25303702,21
0,[],17,[],2019-02-10 19:10:21,0.0,0,0,6626701,2019-02-10 19:10:21,btc,0.0,0.0,0,btc,0.0,0.0,0.0,21
1,[],12,[],2019-02-10 19:10:23,2545364726.043896,0.0000000002,0.00000000000000729248,6626702,2019-02-10 19:10:23,btc,825864718686.2223,0.0,0.0000000002,btc,4276356451.856347,0.006820326275725041,0.2617602327555898,23
0,[],27,[],2019-02-10 19:10:25,0.0,0,0,6626703,2019-02-10 19:10:25,,0.426429,0.0,0,eth,426429.0,0.0,0.0,23
1,[],4,[],2019-02-10 19:10:26,381468.25414497,0.00000067,0.000000000024429808,6626704,2019-02-10 19:10:26,btc,0.1220587045554883,0.0,0.00000067,btc,112017.72076619,0.00990327,0.1925030477899138,24
1,[],22,[],2019-02-10 19:10:30,11.76,0.00000100,0.0000000000364624,6626705,2019-02-10 19:10:30,BTC,7.415e-05,0.0,0.00000100,BTC,23.919354838709676,0.0,1.176e-05,24
0.0,[],25,[],2019-02-10 19:10:31,0.0,0,0,6626706,2019-02-10 19:10:31,,0.0,0.0,0.0,btc,0.0,0.0,0.0,24
1,[],4,[],2019-02-10 19:10:32,27836016.08085913,0.00000613,0.00000000022351451199999998,6626707,2019-02-10 19:10:32,btc,0.4129777448753543,0.0,0.00000613,btc,34697.86496444,0.0557231,0.4237694199049648,26
1,[],10,[],2019-02-10 19:10:34,725894.80417281,0.00000601,0.00000000021913902399999998,6626708,2019-02-10 19:10:34,btc,25.91547956337158,100.0,0.00000601,btc,13160.96477388,0.0,0.2082263667259784,26
0,[],2,[],2019-01-20 23:25:56,0.0,0,0,6476976,2019-01-20 23:25:56,,0.0,0.0,0,,0.0,0.0,0.0,26
1,[],3,[],2019-02-10 19:10:35,6073886.94941962,0.00000001,0.000000000000364624,6626709,2019-02-10 19:10:35,btc,2.510428969376103,5042.08943181,0.00000001,btc,16082144.50261569,0.0,0.060738869494196206,27
1,[],5,[],2019-02-10 19:10:36,1e-08,0.00000001,0.000000000000364624,6626710,2019-02-10 19:10:36,btc,1.55088787,0.0,0.00000001,btc,4.577e-05,0.0,0.10808531,27
1,[],11,[],2019-02-10 19:10:38,10064996.7912115,0.00000005,0.00000000000182312,6626711,2019-02-10 19:10:38,btc,370.63310344475406,219.9,0.00000005,btc,8170877.7193934005,0.0,0.4661206184459823,27
1,[],4,[],2019-02-10 19:10:39,563639382.5981392,0.00000002,0.000000000000729248,6626712,2019-02-10 19:10:39,btc,0.32225744365612974,0.0,0.00000002,"btc,ltc",78301853.0552062,0.12728593,7.04180602065207,29
1,[],7,[],2019-02-10 19:10:40,28832654.87589625,0.00000002,0.000000000000729248,6626713,2019-02-10 19:10:40,btc,44465206.21994077,21028.3056943,0.00000002,btc,52287926.44092949,0.00063085,0.4218551341086603,29
1,[],4,[],2019-02-10 19:10:41,1542060.92002315,0.00000030,0.00000000001093872,6626714,2019-02-10 19:10:41,btc,0.2217370426762627,0.0,0.00000030,btc,435954.48501715,0.01548354,0.125639026838062,30
0,[],17,[],2019-02-10 19:10:43,0.0,0,0,6626715,2019-02-10 19:10:43,btc,0.0,0.0,0,btc,0.0,0.0,0.0,30
1,[],4,[],2019-02-10 19:10:43,1755440.20537645,0.00006358,0.000000002318279392,6626716,2019-02-10 19:10:43,btc,1.0152990045495942,0.0,0.00006358,btc,13854.43772779,0.4553489,2.164155210707682,31
1,[],21,[],2019-02-10 19:10:44,78813.17913818,0.00006354999999999999971828090750,0.00000000231718552,6626717,2019-02-10 19:10:44,btc,2.0339801042477936,55153.17708037,0.000063549999999999999718280907501366527867503464221954345703125,btc,28903.11616914,3.49954246,4.6840115594055565,31
0,[],2,[],2019-01-20 23:28:43,0.0,0,0,6477009,2019-01-20 23:28:43,,0.0,0.0,0,,0.0,0.0,0.0,32
1,[],4,[],2019-02-10 19:03:14,133491165.0510562,0.00000004,0.00000000000145884,6626510,2019-02-10 19:03:14,btc,2.2664266106611146,0.0,0.00000004,"btc,ltc",49729564.96710868,0.56935057,1.8535453672404394,33
1,[],12,[],2019-02-10 19:03:14,13354881.0,0.00000005,0.00000000000182355,6626511,2019-02-10 19:03:14,btc,34509089.510534555,0.0,0.00000005,btc,89191079.32367615,0.0506883180319684,0.43165872,33
1,[],4,[],2019-02-10 19:10:45,124379371.32015793,0.00000002,0.000000000000729248,6626718,2019-02-10 19:10:45,btc,0.7473777285911442,0.0,0.00000002,btc,24912590.95303814,0.12105128,1.3156705108115794,34
1,[],5,[],2019-02-10 19:10:47,3e-08,0.00000002,0.000000000000729248,6626719,2019-02-10 19:10:47,btc,4.18921615,0.00084467,0.00000002,btc,1.394e-05,0.0,0.832758,34
0.0000000001289096,[],4,[],2019-02-10 19:10:47,785755516.152118,3.867288e-18,1.410106019712e-22,6626720,2019-02-10 19:10:47,ltc,1.141854290168926e-08,0.0,0.00000003,ltc,1873812775.5147543,0.0,1.7038086321782069e-09,36
1,[],5,[],2019-02-10 19:10:49,0.0,0,0,6626721,2019-02-10 19:10:49,btc,197.40695608,0.0,0,btc,1.325e-05,0.0,0.0,36
0,[],17,[],2019-02-10 19:10:52,0.0,0,0,6626722,2019-02-10 19:10:52,btc,0.07464582779897244,0.00018553,0,btc,4105386.20243647,0.0,0.0,36
0.0000000001289096,[],27,[],2019-02-10 19:10:55,1000000.0,2.578192e-18,9.40070679808e-23,6626723,2019-02-10 19:10:55,ltc,252.8263276744,0.0,0.00000002,"ltc,eth",3711879.06,0.0,2.578192e-12,36
1,[],4,[],2019-02-10 19:10:55,316201.72168579,0.00000143,0.000000000052141232,6626724,2019-02-10 19:10:55,btc,0.4497479773313859,0.0,0.00000143,btc,251479.64268916,0.0211612,0.2341115802003202,37
1,[],12,[],2019-02-10 19:10:56,444372.05310156,0.000001359999999999999896105784720490294859018831630237400531768798828125,0.000000000049588864,6626725,2019-02-10 19:10:56,btc,1341.2265883928092,0.0,0.000001359999999999999896105784720490294859018831630237400531768798828125,btc,795265.35514416,0.0905001275524556,0.2469074400000144,37
1,[],17,[],2019-02-10 19:10:57,1752.74075282,0.00000025,0.0000000000091156,6626726,2019-02-10 19:10:57,btc,0.05548492397417834,0.0,0.00000025,btc,1387.19918473,0.0,0.00043818518820499993,37
1,[],27,[],2019-02-10 19:10:59,16422.0,0.00000052,0.000000000018960448,6626727,2019-02-10 19:10:59,btc,51.75602025030353,0.0,0.00000052,btc,29579.81438508,0.0,0.00569662,37
1,[],5,[],2019-02-10 19:11:01,1.506e-05,0.00000088,0.000000000032086912,6626728,2019-02-10 19:11:01,btc,0.09052355,0.04572495,0.00000088,btc,8.77e-05,0.0,0.03843542,42
1,[],12,[],2019-02-10 19:11:02,127469.51125357,0.00000101000000000000007076262319161141789436442195437848567962646484375,0.000000000036827024,6626729,2019-02-10 19:11:02,btc,96.19030359181849,0.0,0.00000101000000000000007076262319161141789436442195437848567962646484375,btc,100373.50827537,0.0056972951348624,0.0466995700000033,42
0,[],27,[],2019-02-10 19:11:04,0.0,0,0,6626730,2019-02-10 19:11:04,,0.00315028,0.0,0,"btc,eth",11.007,0.0,0.0,42
1,[],5,[],2019-02-10 19:11:05,6e-08,0.00000003,0.000000000001093872,6626731,2019-02-10 19:11:05,btc,6.25851383,4.568e-05,0.00000003,btc,1.425e-05,0.0,0.55218916,43
1,[],12,[],2019-02-10 19:11:07,3951770.0,0.00000002,0.000000000000729248,6626732,2019-02-10 19:11:07,btc,20007456.474078905,0.0,0.00000002,btc,38925609.19920079,0.0011514066733267,0.03951777,43
0,[],17,[],2019-02-10 19:11:09,0.0,0,0,6626733,2019-02-10 19:11:09,btc,0.0,0.0,0,btc,0.0,0.0,0.0,43
1,[],12,[],2019-02-10 19:11:10,810654.0,0.00000006,0.0000000000021877439999999996,6626734,2019-02-10 19:11:10,btc,11115166.971361421,0.0,0.00000006,btc,1032494.14385612,0.00016296,0.02405118,44
1,[],4,[],2019-02-10 19:11:10,225041030.56929368,0.00000002,0.000000000000729248,6626735,2019-02-10 19:11:10,btc,0.18496804674611325,0.0,0.00000002,"btc,ltc",4397528.20334147,0.00191703,0.4316871659812656,49
0.0000000001289096,[],4,[],2019-02-10 19:11:11,2677275785.8462186,1.289096e-18,4.70035339904e-23,6626736,2019-02-10 19:11:11,ltc,4.6451735080329035,0.0,0.00000001,ltc,3079478023.7118206,0.0,3.4512655064312172e-09,52
0,[],22,[],2019-02-10 19:11:14,0.0,0,0,6626737,2019-02-10 19:11:14,,3693.30196955,0.0,0,,261911682.90882352,0.0,0.0,57
0,[],27,[],2019-02-10 19:11:16,0.0,0,0,6626738,2019-02-10 19:11:16,,0.0,0.0,0,"btc,eth",0.0,0.0,0.0,57
0.0000000001289096,[],4,[],2019-02-10 19:11:17,1174659869.2547166,6.44548e-18,2.35017669952e-22,6626739,2019-02-10 19:11:17,ltc,3.279644195762459,0.0,0.00000005,ltc,895406034.7944552,0.0,4.028000910103595e-09,58
1,[],12,[],2019-02-10 19:11:18,1949230736.843957,0.0000000005,0.0000000000000182312,6626740,2019-02-10 19:11:18,btc,224005489681.71774,0.0,0.0000000005,btc,3367195679.639665,0.002100972363136846,0.6896679890011391,58
0,[],17,[],2019-02-10 19:11:20,0.0,0,0,6626741,2019-02-10 19:11:20,btc,1e+24,0.0,0,btc,41481695.95832568,0.0,0.0,58
0.00000000012823100000000001,[],22,[],2019-02-10 19:11:23,137438.0,1.28231e-18,4.6756100144e-23,6626742,2019-02-10 19:11:23,XMR,69.8835922,0.0,0.00000001,XMR,9887963.0,0.0,0.00137438,58
1,[],5,[],2019-02-10 19:03:57,9.11e-06,0.00000078,0.00000000002844738,6626537,2019-02-10 19:03:57,btc,0.23974475,0.00314426,0.00000078,btc,0.00012473,0.0,0.06854636,61
1,[],22,[],2019-02-10 19:04:00,5111.5,0.00000011,0.00000000000401181,6626538,2019-02-10 19:04:00,BTC,1002.29598212,0.0,0.00000011,BTC,14957.700278135757,0.0,0.00051178,61
1,[],26,[],2019-02-10 19:04:00,0.0,0.00000800,0.000000000291768,6626539,2019-02-10 19:04:00,btc,0.0,0.0,0.00000800,btc,0.0,0.0,0.0,61
1,[],27,[],2019-02-10 19:04:03,7833.3559,0.00000059,0.00000000002151789,6626540,2019-02-10 19:04:03,btc,10.766413998344424,571.78870423,0.00000059,"btc,eth",15293.90688085,0.000943580016242565,0.0013141799909147866,61
1,[],28,[],2019-02-10 19:04:05,19904.304,0.00000101,0.00000000003683571,6626541,2019-02-10 19:04:05,btc,2.056400593700105,759.0,0.00000101,btc,9787.52450005,0.0,0.00994531304,61
1,[],4,[],2019-02-10 19:11:24,475250.84466296,0.00000253,0.000000000092249872,6626743,2019-02-10 19:11:24,btc,1.2570550831575211,0.0,0.00000253,btc,298799.74327073,0.15696555,0.7322168701362446,67
0.0,[],25,[],2019-02-10 19:11:25,0.0,0,0,6626744,2019-02-10 19:11:25,,0.0,0.0,0.0,btc,0.0,0.0,0.0,67
1,[],12,[],2019-02-10 19:11:27,2941465.62881241,0.00000022,0.000000000008021728000000001,6626745,2019-02-10 19:11:27,btc,11115896.52338342,0.0,0.00000022,btc,1928130.53126174,0.0409966343923916,0.1311374455320208,71
,[],5,[],2018-11-20 23:02:39,1.5e-07,0.00000005,0.000000000002128045,4862160,2018-11-20 23:02:39,btc,2.84511358,0.0,,btc,0.00036572,0.0,0.07381892,74
1,[],5,[],2019-01-25 15:53:51,3.303e-05,0.00000156,0.000000000055588884,6499610,2019-01-25 15:53:51,btc,1.42844212,0.0,0.00000156,btc,0.00015937,0.0,0.49487621,75
0,[],20,[],2019-01-25 09:30:31,0.0,0,0,6495923,2019-01-25 09:30:31,btc,0.0,0.0,0,btc,0.0,0.0,0.0,81
1,[],4,[],2019-02-10 19:11:28,52395090.43692337,0.00000001,0.000000000000364624,6626746,2019-02-10 19:11:28,btc,0.7681855482047844,0.0,0.00000001,btc,14661592.68425178,0.002,0.5239509043692337,81
1,[],4,[],2019-02-10 19:11:29,23934.6379336,0.00007417,0.000000002704416208,6626747,2019-02-10 19:11:29,btc,1.1766839650522156,0.0,0.00007417,btc,10181.18137627,0.01429846,0.0973658430578256,82
1,[],21,[],2019-02-10 19:11:30,68640.35116646,0.00007524000000000000468441258006,0.000000002743430976,6626748,2019-02-10 19:11:30,btc,3.5486204004315827,1906.24856892,0.000075240000000000004684412580058250341608072631061077117919921875,btc,40806.40455137,0.1455865,3.234066268159004,82
0,[],17,[],2019-02-07 10:02:39,0.0,0,0,6611495,2019-02-07 10:02:39,btc,0.0447233088476774,0.0,0,btc,999127.19588126,0.0,0.0,84
0.0000000001289096,[],4,[],2019-02-10 19:11:31,159643428.27494696,1.289096e-17,4.70035339904e-22,6626749,2019-02-10 19:11:31,ltc,0.19569063255466393,0.0,0.0000001,ltc,76418356.37215915,0.0,8.752191189444487e-10,85
,[],22,[],2018-11-20 23:09:34,3408.1,0.0000001,0.0000000000041895,4862324,2018-11-20 23:09:34,BTC,0.04624735,0.0,,BTC,4990.0,0.0,0.00033081,86
0,[],22,[],2019-02-10 19:11:34,0.0,0,0,6626750,2019-02-10 19:11:34,,2.0760781,0.0,0,,140622.94736842104,0.0,0.0,87
0,[],27,[],2019-02-10 19:11:36,0.0,0,0,6626751,2019-02-10 19:11:36,,0.0,0.0,0,btc,0.0,0.0,0.0,87
,[],2,[],2018-11-20 23:10:47,0.0,0,0,4862359,2018-11-20 23:10:47,,0.0,0.0,,,0.0,0.0,0.0,88
1,[],11,[],2019-02-10 19:11:39,95924.29879434,0.00015604000000000000356915885735276106061064638197422027587890625,0.0000000056895928959999995,6626752,2019-02-10 19:11:39,btc,702.2578706044865,212.94282736,0.00015604000000000000356915885735276106061064638197422027587890625,btc,187332.40335665,0.0,6.474935149199866,89
0,[],2,[],2019-01-20 23:31:45,0.0,0,0,6477083,2019-01-20 23:31:45,,0.0,0.0,0,,0.0,0.0,0.0,91
1,[],12,[],2019-02-10 19:11:39,445386.54489718,0.00000304000000000000011654414412698432812476312392391264438629150390625,0.000000000110845696,6626753,2019-02-10 19:11:39,btc,1115.1175076663194,0.0,0.00000304000000000000011654414412698432812476312392391264438629150390625,btc,40822.67755152,0.00033157322678,0.08421998350001,91
0,[],17,[],2019-02-10 19:11:40,0.0,0,0,6626754,2019-02-10 19:11:40,btc,0.0,0.0,0,btc,0.0,0.0,0.0,91
0.0000000001289096,[],22,[],2019-02-10 19:11:53,21182260.5,7.734576e-18,2.820212039424e-22,6626755,2019-02-10 19:11:53,LTC,8.58305775,0.0,0.00000006,LTC,72090734.1,0.0,1.02936015,95
1,[],4,[],2019-02-10 19:11:54,133550662.04215847,0.00000001,0.000000000000364624,6626756,2019-02-10 19:11:54,btc,0.9512756693999979,0.0,0.00000001,"btc,ltc",48121728.5095316,0.00261472,0.018689004309652348,96
1,[],12,[],2019-02-10 19:11:55,815022.0,0.00000001,0.000000000000364624,6626757,2019-02-10 19:11:55,btc,255063.4736351099,0.0,0.00000001,btc,8812348.54676297,0.00077565992008,0.00815022,96
0,[],17,[],2019-02-10 19:11:56,0.0,0,0,6626758,2019-02-10 19:11:56,btc,0.0,0.0,0,btc,0.0,0.0,0.0,96
1,[],4,[],2019-02-10 19:11:57,1871523.24863555,0.00000032,0.000000000011667968,6626759,2019-02-10 19:11:57,btc,0.1185330279810721,0.0,0.00000032,btc,265211.21307364,0.00630548,0.2422389842422972,99
0,[],2,[],2019-01-20 23:23:55,0.0,0,0,6476914,2019-01-20 23:23:55,,0.0,0.0,0,,0.0,0.0,0.0,100
1,[],4,[],2019-02-10 19:11:58,229264.40002714,0.00004062,0.0000000014811026879999999,6626760,2019-02-10 19:11:58,btc,1.2907552486574143,0.0,0.00004062,btc,28932.35180152,0.34334852,1.9804206281377132,100
1,[],22,[],2019-02-10 19:12:02,50000.0,0.00000001,0.000000000000364624,6626761,2019-02-10 19:12:02,BTC,23.50383609,0.0,0.00000001,BTC,11277.22,0.0,0.0005,101
1,[],4,[],2019-02-10 19:04:39,134535.83929219,0.00000104,0.000000000037929839999999997,6626561,2019-02-10 19:04:39,btc,0.4164009202282898,0.0,0.00000104,btc,153458.05301369,0.0031878,0.0851185557862517,103
1,[],12,[],2019-02-10 19:12:04,55704299.4663887,0.000000016,0.0000000000005833984,6626762,2019-02-10 19:12:04,btc,137278792.09192985,0.0,0.000000016,btc,128878921.3337489,0.02100866615485362,0.36015657946221924,105
1,[],27,[],2019-02-10 19:12:06,4209342.89,0.00000001,0.000000000000364624,6626763,2019-02-10 19:12:06,btc,1.62008275136923,3863.0,0.00000001,btc,575169.42860553,7.726e-05,0.0420934289,105
0,[],22,[],2019-02-10 19:12:09,0.0,0,0,6626764,2019-02-10 19:12:09,,1.07253299,0.0,0,,94300.0,0.0,0.0,107
1,[],26,[],2019-02-10 19:12:09,0.0,0.00000000,0,6626765,2019-02-10 19:12:09,btc,0.0,0.0,0.00000000,btc,0.0,0.0,0.0,107
1,[],5,[],2019-02-10 19:12:10,1e-08,0.00000001,0.000000000000364624,6626766,2019-02-10 19:12:10,btc,2.89601187,0.01895797,0.00000001,btc,1.571e-05,0.0,0.08617603,112
1,[],22,[],2019-02-10 19:12:24,189099.0,0.00000002,0.000000000000729248,6626767,2019-02-10 19:12:24,BTC,2.81183288,0.0,0.00000002,BTC,808524.0833333334,0.0,0.00189105,112
0.0000000003248448,[],27,[],2019-02-10 19:12:26,500000.0,3.2484480000000004e-18,1.1844621035520001e-22,6626768,2019-02-10 19:12:26,eth,1.35132491849924,0.0,0.00000001,"btc,eth",1328.641654,0.0,1.6242240000000002e-12,112
1,[],4,[],2019-02-10 19:12:27,461249.28353918,0.00000339,0.000000000123607536,6626769,2019-02-10 19:12:27,btc,0.259594684652248,0.0,0.00000339,btc,58213.57075901,0.08127443,0.2464222380435455,113
1,[],5,[],2019-02-10 19:12:29,1.224e-05,0.00000310,0.00000000011303343999999999,6626770,2019-02-10 19:12:29,btc,0.89748067,0.0,0.00000310,btc,0.00170862,0.0,0.22688727,113
1,[],17,[],2019-02-10 19:12:32,174538.724,0.00000004,0.000000000001458496,6626771,2019-02-10 19:12:32,btc,1.33736302743746,0.0,0.00000004,btc,60896.221,0.0,0.00308154896,116
0,[],27,[],2019-02-10 19:12:34,0.0,0,0,6626772,2019-02-10 19:12:34,,0.0,0.0,0,btc,0.0,0.0,0.0,116
1,[],4,[],2019-02-10 19:12:35,26268.41010698,0.00002838,0.000000001034802912,6626773,2019-02-10 19:12:35,btc,0.5836047807661768,0.0,0.00002838,btc,17735.31500131,10.04995162,0.5298756790965468,120
1,[],7,[],2019-02-10 19:12:36,6381.30526684,0.000028920000000000000935952704228526499719009734690189361572265625,0.000000001054492608,6626774,2019-02-10 19:12:36,btc,115647.27462478702,361.99672973,0.000028920000000000000935952704228526499719009734690189361572265625,btc,29099.81063653,0.01214472,0.056832634290573704,120
1,[],20,[],2019-02-10 19:12:38,1539391.8094,0.000000014,0.0000000000005104736,6626775,2019-02-10 19:12:38,btc,33.8688103501599,0.0,0.000000014,btc,1140882.3764,0.0,0.0079606482167,125
1,[],22,[],2019-02-10 19:05:08,3053.0,0.00000001,0.00000000000036471,6626576,2019-02-10 19:05:08,BTC,0.01444889,0.0,0.00000001,BTC,296264.5111111111,0.0,3.053e-05,126
0,[],2,[],2019-01-20 23:25:46,0.0,0,0,6476969,2019-01-20 23:25:46,,0.0,0.0,0,,0.0,0.0,0.0,131
1,[],4,[],2019-02-10 19:12:39,143275.41785953,0.00001432,0.000000000522141568,6626776,2019-02-10 19:12:39,btc,0.6244484224637002,0.0,0.00001432,btc,33704.01564162,0.19965667,0.6376471682796299,131
0,[],17,[],2019-02-10 19:12:40,0.0,0,0,6626777,2019-02-10 19:12:40,btc,0.0009561751951600001,0.0,0,btc,35.42829368,0.0,0.0,131
1,[],4,[],2019-02-10 19:12:41,4637.34661928,0.00016589,0.0000000060487475359999994,6626778,2019-02-10 19:12:41,btc,1.6397450704738545,0.0,0.00016589,btc,295.92689166,0.0,0.0113827788565452,135
1,[],3,[],2019-02-10 19:12:42,1920941.19227397,0.00000006,0.0000000000021877439999999996,6626779,2019-02-10 19:12:42,btc,0.1224068728888415,27800.0,0.00000006,btc,405121.48228202,0.0,0.0718900394414789,136
1,[],4,[],2019-02-10 19:12:43,51665.69077846,0.00000170,0.00000000006198608,6626780,2019-02-10 19:12:43,btc,0.0607682817459941,0.0,0.00000170,btc,28943.31511534,0.05418569,0.0597457072610853,137
1,[],12,[],2019-02-10 19:12:44,297029.61775479,0.000001790000000000000014290326734445191192435231641866266727447509765625,0.000000000065267696,6626781,2019-02-10 19:12:44,btc,11982.946467831096,0.0,0.000001790000000000000014290326734445191192435231641866266727447509765625,btc,158065.90343658,0.0465538328435551,0.0281032516584869,137
1,[],4,[],2019-02-10 19:12:44,3510.10576792,0.00005262,0.000000001918651488,6626782,2019-02-10 19:12:44,btc,1.3380696605994207,0.0,0.00005262,btc,17972.1786297,1.3845116,0.137656768954546,142
1,[],5,[],2019-02-10 19:12:46,0.00121669,0.00005000,0.00000000182312,6626783,2019-02-10 19:12:46,btc,3.76195681,2.92638535,0.00005000,btc,0.00359198,0.0,1.0216117,142
1,[],17,[],2019-02-10 19:12:47,22967.386363640002,0.00000088,0.000000000032086912000000003,6626784,2019-02-10 19:12:47,btc,20.069913352456272,0.0,0.00000088,btc,2746.079105,0.0,0.0104613000000032,142
1,[],20,[],2019-02-10 19:12:49,138414.4412,0.00003,0.0000000010938719999999999,6626785,2019-02-10 19:12:49,btc,0.378957855353,1000.0,0.00003,btc,3009.7438,0.025255633087,0.2529618403877,142
1,[],22,[],2019-02-10 19:12:53,1116.4,0.00001020,0.00000000037191648,6626786,2019-02-10 19:12:53,BTC,3.0087007,0.0,0.00001020,BTC,897.0985020382753,0.0,0.00092537,142
0.0,[],25,[],2019-02-10 19:12:54,0.0,0,0,6626787,2019-02-10 19:12:54,,0.0,0.0,0.0,btc,0.0,0.0,0.0,142
1,[],28,[],2019-02-10 19:12:59,78956.0,0.00004500,0.000000001640808,6626788,2019-02-10 19:12:59,btc,0.040983914489,730.79939,0.00004500,btc,168.785,0.0,0.0535187,142
0,[],22,[],2019-02-10 19:13:02,0.0,0,0,6626789,2019-02-10 19:13:02,,68.47300197,0.0,0,,888991225.8,0.0,0.0,143
1,[],21,[],2019-02-10 19:13:03,44104578.05489468,0.00000029,0.000000000010574095999999998,6626790,2019-02-10 19:13:03,btc,39.97737301613017,8082675.62944439,0.00000029,btc,77225354.31033994,2.36330951,8.06787916051874,145
0,[],22,[],2019-02-10 17:04:30,0.0,0,0,6625727,2019-02-10 17:04:30,,4.25427726,0.0,0,,2259598.0,0.0,0.0,146
,[],22,[],2018-11-20 23:01:11,0.0,0,0,4862114,2018-11-20 23:01:11,,2.56807021,0.0,,,61828.4988236,0.0,0.0,147
1,[],12,[],2019-02-10 19:13:05,8685727.06094767,0.000003340000000000000208847696081537748113987618125975131988525390625,0.000000000121784416,6626791,2019-02-10 19:13:05,btc,16.545540619555204,0.0,0.000003340000000000000208847696081537748113987618125975131988525390625,btc,118516.82679514,0.0005241924875503,0.1294325664900099,148
1,[],4,[],2019-02-10 19:13:05,438323.68724461,0.00000045,0.000000000016408079999999998,6626792,2019-02-10 19:13:05,btc,0.7858174049546099,0.0,0.00000045,btc,582236.73225651,0.00100539,0.1248513484467128,152
0,[],22,[],2019-02-10 19:13:09,0.0,0,0,6626793,2019-02-10 19:13:09,,0.0,0.0,0,,0.0,0.0,0.0,152
1,[],5,[],2019-02-10 19:13:11,0.0,0,0,6626794,2019-02-10 19:13:11,btc,4.35601725,0.0,0,btc,0.0021126,0.0,0.0,153
,[],16,[],2019-01-11 15:38:59,0.0,0,0,6366141,2019-01-11 15:38:59,btc,0.0,0.0,,btc,0.0,0.0,0.0,155
0,[],23,[],2019-01-20 23:24:29,0.0,0,0,6476932,2019-01-20 23:24:29,,0.0,0.0,0,,0.0,0.0,0.0,156
0,[],22,[],2019-02-10 19:13:14,0.0,0,0,6626795,2019-02-10 19:13:14,,6.74578916,0.0,0,,4614557.242592593,0.0,0.0,156
1,[],22,[],2019-02-10 19:13:18,7906.0,0.00000801,0.000000000292063824,6626796,2019-02-10 19:13:18,BTC,43.78801181,0.0,0.00000801,BTC,1067.5805334758436,0.0,0.00743836,157
0,[],22,[],2019-02-10 19:13:20,0.0,0,0,6626797,2019-02-10 19:13:20,,50175.67558609,0.0,0,,54029136.04179466,0.0,0.0,158
,[],17,[],2018-11-20 22:56:10,0.0,0,0,4861976,2018-11-20 22:56:10,btc,1.1265625,0.0,,btc,1000.0,0.0,0.0,159
,[],20,[],2018-11-20 22:56:12,0.0,0,0,4861977,2018-11-20 22:56:12,btc,11912.7940471,0.0,,btc,34413894.3617,0.0,0.0,159
1,[],12,[],2019-02-10 19:13:22,178971.26820159,0.00000740000000000000030041073795228356857478502206504344940185546875,0.00000000026982176,6626798,2019-02-10 19:13:22,btc,6.662268124243216,0.0,0.00000740000000000000030041073795228356857478502206504344940185546875,btc,14799.17016046,0.00012506,0.0849153589000276,168
1,[],17,[],2019-02-10 19:13:24,29784.95,0.000001,0.0000000000364624,6626799,2019-02-10 19:13:24,btc,0.03026736251542,0.0,0.000001,btc,144.46171372,0.0,0.00716147,168
0,[],22,[],2019-02-10 19:13:27,0.0,0,0,6626800,2019-02-10 19:13:27,,1.14776715,0.0,0,,721548.0900917595,0.0,0.0,169
1,[],22,[],2019-02-10 19:13:30,224971.05555555556,0.00000018,0.000000000006563232,6626801,2019-02-10 19:13:30,BTC,11.33139556,0.0,0.00000018,BTC,130310.77145587197,5.21e-06,0.02159479,171
1,[],22,[],2019-02-10 19:13:34,230377.04554865425,0.00000023,0.000000000008386352,6626802,2019-02-10 19:13:34,BTC,2.65311159,0.0,0.00000023,BTC,231977.99513371603,0.00234255,0.01861125,173
1,[],5,[],2019-02-10 19:13:36,2.054e-05,0.00000327,0.000000000119232048,6626803,2019-02-10 19:13:36,btc,0.3234568,0.00792995,0.00000327,btc,0.00028382,0.0,0.70801838,175
1,[],22,[],2019-02-10 19:13:40,56573.32380952381,0.00000062,0.000000000022606687999999998,6626804,2019-02-10 19:13:40,BTC,0.50040603,0.0,0.00000062,BTC,127676.46882822087,0.0,0.02080614,176
0,[],2,[],2019-01-20 23:28:34,0.0,0,0,6477001,2019-01-20 23:28:34,,0.0,0.0,0,,0.0,0.0,0.0,178
1,[],7,[],2019-02-10 19:13:41,0.0,0,0,6626805,2019-02-10 19:13:41,btc,410973.9169089935,0.0,0,btc,115465110.28145695,0.0,0.0,178
0,[],22,[],2019-02-10 19:13:44,0.0,0,0,6626806,2019-02-10 19:13:44,,1.00242428,0.0,0,,57512.0,0.0,0.0,178
0,[],23,[],2019-01-20 23:25:08,0.0,0,0,6476952,2019-01-20 23:25:08,,0.0,0.0,0,,0.0,0.0,0.0,179
1,[],5,[],2019-02-10 19:13:46,3e-08,0.00000002,0.000000000000729248,6626807,2019-02-10 19:13:46,btc,26.46554227,0.01438408,0.00000002,btc,2.088e-05,0.0,0.93858578,179
1,[],22,[],2019-02-10 19:13:51,7820284.0,0.00000002,0.000000000000729248,6626808,2019-02-10 19:13:51,BTC,5.4773134,0.0,0.00000002,"BTC,LTC",17835443.468656633,0.0,0.38366552,179
1,[],17,[],2019-02-10 19:13:52,10504.725,0.0000001,0.00000000000364624,6626809,2019-02-10 19:13:52,btc,5.206166879878451,0.0,0.0000001,btc,6755.0074587,0.0,0.0010504725,180
1,[],22,[],2019-02-10 19:13:57,18089.305263157894,0.00000095,0.00000000003463928,6626810,2019-02-10 19:13:57,BTC,0.09351697,0.0,0.00000095,"BTC,LTC",13932.175478042325,0.00015684,0.0060786,180
1,[],26,[],2019-02-10 19:13:57,0.0,0.00000010,0.00000000000364624,6626811,2019-02-10 19:13:57,btc,0.0,100.0,0.00000010,btc,0.0,0.0,0.0,180
,[],7,[],2018-11-20 22:58:01,562227.975654,0.00000085,0.000000000036176765,4862015,2018-11-20 22:58:01,btc,21836.6059674,2491.87645172,,btc,749999.041456,0.00211021,0.127565380455,183
,[],5,[],2019-01-10 08:11:41,0.0,0,0,6347036,2019-01-10 08:11:41,btc,82.15055501,0.00261,,btc,1.19002445,0.0,0.0,187
,[],17,[],2018-11-16 20:58:10,4062536.27273,0.00000001,0.000000000000550501,4708775,2018-11-16 20:58:10,btc,3.36492563466,0.195460381006,,"btc,eth",110697919.549,0.0,0.0157628953496,187
1,[],24,[],2019-02-10 19:13:58,0.0,0.000000000001,3.64624e-17,6626812,2019-02-10 19:13:58,btc,0.0,0.0,0.000000000001,btc,0.0,0.0,0.0,187
0,[],22,[],2019-02-10 19:14:01,0.0,0,0,6626813,2019-02-10 19:14:01,,1.19383767,0.0,0,,14406.036201072173,0.0,0.0,191
0,[],22,[],2019-02-10 19:14:07,0.0,0,0,6626814,2019-02-10 19:14:07,,0.0,0.0,0,,0.0,0.0,0.0,197
0,[],23,[],2019-01-20 23:31:41,0.0,0,0,6477079,2019-01-20 23:31:41,,0.0,0.0,0,,0.0,0.0,0.0,199
1,[],26,[],2019-02-10 19:14:07,0.0,0.00000000,0,6626815,2019-02-10 19:14:07,btc,0.0,983415.0,0.00000000,btc,0.0,0.0,0.0,199
0,[],17,[],2019-01-30 16:32:01,0.0,0,0,6540827,2019-01-30 16:32:01,btc,6.802544163788159,0.0,0,btc,105897.55575295,0.0,0.0,200
0,[],2,[],2019-01-20 23:30:49,0.0,0,0,6477059,2019-01-20 23:30:49,,0.0,0.0,0,,0.0,0.0,0.0,201
1,[],4,[],2019-01-25 15:51:35,2084389.58565343,0.00000936,0.000000000333526752,6499557,2019-01-25 15:51:35,btc,2.0092503037378524,0.0,0.00000936,btc,160195.80207885,0.19272417,1.242687955921835,211
1,[],7,[],2019-02-10 19:14:10,4921758.019375,0.000001570000000000000003069918451392705804892102605663239955902099609375,0.000000000057245967999999995,6626816,2019-02-10 19:14:10,btc,16567789.135587579,822921.085947,0.000001570000000000000003069918451392705804892102605663239955902099609375,btc,10635417.59303462,0.0,4.032621360693698,212
1,[],5,[],2019-02-10 19:14:12,4.62e-06,0.00000035,0.000000000012761839999999999,6626817,2019-02-10 19:14:12,btc,1.10311179,0.14195903,0.00000035,btc,3.209e-05,0.0,0.3753389,213
1,[],24,[],2019-02-10 19:14:12,0.0,0.000000050000,0.00000000000182312,6626818,2019-02-10 19:14:12,btc,0.0,0.0,0.000000050000,btc,0.0,0.0,0.0,213
1,[],26,[],2019-02-10 19:14:12,0.0,0.00000009,0.000000000003281616,6626819,2019-02-10 19:14:12,btc,0.0,0.0,0.00000009,btc,0.0,0.0,0.0,213
1,[],12,[],2019-01-25 02:44:32,207462.42853209,0.000001080000000000000035831255497387193287295303889550268650054931640625,0.000000000038610756000000006,6493050,2019-01-25 02:44:32,btc,85023.03793723314,0.0,0.000001080000000000000035831255497387193287295303889550268650054931640625,btc,43675.73520027,0.000146250909087,0.0348620860622024,213
1,[],22,[],2019-02-10 19:14:16,271180.0,0.00000002,0.000000000000729248,6626820,2019-02-10 19:14:16,BTC,2.20539348,0.0,0.00000002,BTC,253902.63137942314,0.0,0.0046096,216
1,[],27,[],2019-02-10 19:14:18,5081157.5555,0.00000004,0.000000000001458496,6626821,2019-02-10 19:14:18,btc,363.57727336756,0.0,0.00000004,"btc,ltc",271023.369,0.0,0.05225726222,216
1,[],22,[],2019-02-10 19:14:22,310512.84398074955,0.00000260,0.00000000009480224,6626822,2019-02-10 19:14:22,BTC,12676.976798,0.0,0.00000260,BTC,384883.6605220196,0.00734235,0.45498242,217
1,[],7,[],2019-02-10 19:14:23,0.0,0,0,6626823,2019-02-10 19:14:23,btc,77970.05582791512,0.0,0,btc,137091858.32140028,0.0,0.0,219
0,[],27,[],2019-02-10 19:14:26,0.0,0,0,6626824,2019-02-10 19:14:26,,5.3418937883169715,0.0,0,btc,1605140.99226592,0.0,0.0,219
0.0000000000000053,[],28,[],2019-02-10 19:14:28,204273030.74,6.678e-18,2.434959072e-22,6626825,2019-02-10 19:14:28,doge,88584.0309717675,12006.0,0.00126000,"btc,doge",4974437.69751,0.0,2.448864346380802e-11,219
1,[],22,[],2019-02-10 19:14:31,212584.57777777777,0.00000199,0.00000000007256017599999999,6626826,2019-02-10 19:14:31,BTC,3.02036719,0.0,0.00000199,BTC,73858.84955994174,0.04997251,0.02824019,221
1,[],24,[],2019-02-10 19:14:31,0.0,0.000000610000,0.000000000022242063999999998,6626827,2019-02-10 19:14:31,btc,0.0,0.0,0.000000610000,btc,0.0,0.0,0.0,221
1,[],20,[],2019-02-10 19:14:34,8914482.9382,0.000000003,0.0000000000001093872,6626828,2019-02-10 19:14:34,btc,49.838118797829,507771.9322,0.000000003,btc,9705469.6446,0.0019582261146,0.0213992983146,224
0,[],22,[],2019-02-10 19:14:36,0.0,0,0,6626829,2019-02-10 19:14:36,,0.0,0.0,0,,0.0,0.0,0.0,224
1,[],26,[],2019-02-10 19:14:36,0.0,0.00000045,0.000000000016408079999999998,6626830,2019-02-10 19:14:36,btc,0.0,0.0,0.00000045,btc,0.0,0.0,0.0,231
1,[],26,[],2019-02-10 19:14:37,0.0,0.00000005,0.00000000000182312,6626831,2019-02-10 19:14:37,btc,0.0,0.0,0.00000005,btc,0.0,0.0,0.0,234
0,[],27,[],2019-02-10 19:14:39,0.0,0,0,6626832,2019-02-10 19:14:39,,0.0113483662182,0.0,0,"btc,eth",11462.99618,0.0,0.0,234
0,[],22,[],2019-02-10 19:14:42,0.0,0,0,6626833,2019-02-10 19:14:42,,3.01369518,0.0,0,,101087459.06349206,0.0,0.0,235
1,[],4,[],2019-02-10 19:14:42,903040.03500533,0.00000063,0.000000000022971312,6626834,2019-02-10 19:14:42,btc,0.1067345970368955,0.0,0.00000063,btc,112487.95186133,0.14153649,0.2126964046144058,236
1,[],24,[],2019-02-10 19:14:42,0.0,0.000000020000,0.000000000000729248,6626835,2019-02-10 19:14:42,btc,0.0,0.0,0.000000020000,btc,0.0,0.0,0.0,236
1,[],20,[],2019-02-10 19:14:44,16302896.359,0.000000065,0.000000000002370056,6626836,2019-02-10 19:14:44,btc,14.6178916793101,21371843.5297,0.000000065,btc,27766289.8908,1.2844160520613,0.1450831160994,237
0.0000000001289096,[],22,[],2019-02-10 19:14:47,14400.0,1.289096e-17,4.70035339904e-22,6626837,2019-02-10 19:14:47,LTC,0.04083605,0.0,0.0000001,LTC,4179.0,0.0,0.00144,237
1,[],4,[],2019-02-10 19:14:48,4118262.67051007,0.00000032,0.000000000011667968,6626838,2019-02-10 19:14:48,btc,0.7862201877588467,0.0,0.00000032,btc,2108206.89880547,0.16476081,1.230392182239867,238
1,[],5,[],2019-02-10 19:14:49,4.25e-06,0.00000033,0.000000000012032592,6626839,2019-02-10 19:14:49,btc,0.73978638,0.00019851,0.00000033,btc,2.957e-05,0.0,0.28609612,238
0,[],22,[],2019-02-10 19:07:41,0.0,0,0,6626641,2019-02-10 19:07:41,,15.41678688,0.0,0,,370860.0639027493,0.0,0.0,249
0.0000000001289096,[],22,[],2019-02-10 19:14:53,7124354.333333333,3.867288e-18,1.410106019712e-22,6626840,2019-02-10 19:14:53,LTC,0.41525367,0.0,0.00000003,LTC,12556015.69,6.167184799136e-12,0.21273365,252
1,[],28,[],2019-02-10 19:14:55,3429079.286,0.00000012,0.000000000004375488,6626841,2019-02-10 19:14:55,btc,164693.4935367203,270342.908,0.00000012,btc,505324.17,0.0,0.2043536763,256
1,[],22,[],2019-02-10 19:14:59,114807.0,0.00000001,0.000000000000364624,6626842,2019-02-10 19:14:59,BTC,30.20524227,0.0,0.00000001,BTC,445890.0289327789,0.0,0.00114807,258
1,[],22,[],2019-01-26 20:58:41,368451.0,0.00000001,0.000000000000356135,6510120,2019-01-26 20:58:41,BTC,2.642917,0.0,0.00000001,"BTC,LTC",1862.0,0.0,0.02488451,259
1,[],22,[],2019-02-10 19:15:23,13337.0,0.00000876,0.000000000319410624,6626843,2019-02-10 19:15:23,BTC,1293.13626811,0.0,0.00000876,"BTC,LTC",13026.899367752667,0.00040023,0.02799538,262
1,[],5,[],2019-02-10 19:15:26,5.802e-05,0.00000264,0.000000000096260736,6626844,2019-02-10 19:15:26,btc,0.67481448,0.09473281,0.00000264,btc,0.00034081,0.0,0.18105839,264
1,[],20,[],2019-02-10 19:15:28,1168974.5865,0.00000258,0.000000000094072992,6626845,2019-02-10 19:15:28,btc,5.0480974134105,45607.6668,0.00000258,btc,103883.703,0.1426899964942,0.0283398234664,264
1,[],22,[],2019-02-10 19:15:32,95356.5,0.00000002,0.000000000000729248,6626846,2019-02-10 19:15:32,BTC,9.18932222,0.0,0.00000002,BTC,371756.0429024697,0.0,0.0014095,271
0,[],22,[],2019-02-10 19:15:35,0.0,0,0,6626847,2019-02-10 19:15:35,,384.77798703,0.0,0,,15106717515.9,0.0,0.0,272
0.0000000000000053,[],28,[],2019-02-10 19:15:39,192943917356.13,5.3e-21,1.9325072e-25,6626848,2019-02-10 19:15:39,doge,375564313.42311454,28484704502.9999,0.00000100,doge,212061553061.35678,0.0,5.053042185034188e-10,272
1,[],22,[],2019-02-10 19:15:44,13493.0,0.00001050,0.0000000003828552,6626849,2019-02-10 19:15:44,BTC,74.1058849,0.0,0.00001050,"BTC,LTC",1016.0626333333333,0.00297809,0.03100157,281
