pairValue,buyBook,exchangeId,sellBook,updated,buyTotal,satoshiPrice,usdPrice,exchangeLogId,created,bestPair,sellTotalBtc,volume,pairPrice,activePairs,sellTotal,volumeBtc,buyTotalBtc,coinId
1,[],3,[],2019-02-12 07:29:27,135.903631856121,0.013128330000000000554738477376304217614233493804931640625,0.000000475408337292,6641183,2019-02-12 07:29:27,btc,107.06144683272404,0.0,0.013128330000000000554738477376304217614233493804931640625,btc,20.988592683751,0.0,0.35627448113499577,1
1,[],4,[],2019-02-12 07:29:28,93.6297119,0.01323023,0.000000479098380852,6641184,2019-02-12 07:29:28,btc,0.8819512717969497,0.0,0.01323023,btc,63.93789755,0.72624344,1.1231413658228313,1
1,[],5,[],2019-02-12 07:29:31,0.32213974,0.01300001,0.000000470761562124,6641185,2019-02-12 07:29:31,btc,14577.9200097,0.0044329,0.01300001,btc,35555556.0725964,0.0,2.6119943,1
1,[],10,[],2019-02-12 07:29:34,414492.25457546,0.0120703,0.00000043709453172,6641186,2019-02-12 07:29:34,btc,6534.176866698317,490.5615849,0.0120703,btc,1113.62429569,0.0,3.9412977755589167,1
1,[],12,[],2019-02-12 07:29:37,10438.5804626,0.01315000000000000023037127760971998213790357112884521484375,0.00000047619306,6641187,2019-02-12 07:29:37,btc,0.3248206783653,0.0,0.01315000000000000023037127760971998213790357112884521484375,btc,17.654242670000002,2.282314517914,0.3894199961306,1
1,[],20,[],2019-02-12 07:29:39,1154.1252,0.010500104,0.0000003802339660896,6641188,2019-02-12 07:29:39,btc,0.0573537536243,0.0,0.010500104,btc,2.5253,0.0,0.0883604260633,1
1,[],21,[],2019-02-12 07:29:39,2535.84150005,0.01318332000000000010786482818,0.000000477399657168,6641189,2019-02-12 07:29:39,btc,13.999955226295171,2396.5209984900002,0.01318332000000000010786482818048170884139835834503173828125,"btc,eth",1627.62372201,24.91138200610808,20.130549512360673,1
1,[],22,[],2019-02-12 07:29:44,0.0280576,0.01350000,0.0000004888674,6641190,2019-02-12 07:29:44,BTC,0.3139634,0.0,0.01350000,BTC,0.10070366666666666,0.0,0.00036518,1
1,[],24,[],2019-02-12 07:29:44,0.0,0.000000000000,0,6641191,2019-02-12 07:29:44,btc,0.0,0.0,0.000000000000,btc,0.0,0.0,0.0,1
0.0,[],25,[],2019-02-12 07:29:45,0.0,0,0,6641192,2019-02-12 07:29:45,btc,9.647999998543332,629.35358228,0.0,btc,713.71135107,8.336,0.0,1
1,[],26,[],2019-02-12 07:30:12,0.0,0,0,6641193,2019-02-12 07:30:12,,0.0,0.0,0,,0.0,0.0,0.0,1
1,[],28,[],2019-02-12 07:30:17,992.968,0.01231000,0.00000044577464399999996,6641194,2019-02-12 07:30:17,btc,0.162839806,14240.15,0.01231000,btc,8.9,0.0,0.086870176,1
0,[],2,[],2019-01-20 23:28:45,0.0,0,0,6477011,2019-01-20 23:28:45,,0.0,0.0,0,,0.0,0.0,0.0,1
1,[],5,[],2019-02-12 07:30:19,9.76e-06,0.00000052,0.000000000018830447999999998,6641195,2019-02-12 07:30:19,btc,0.15543971,0.01926904,0.00000052,btc,6.405e-05,0.0,0.19815192,2
0,[],22,[],2019-02-12 07:30:21,0.0,0,0,6641196,2019-02-12 07:30:21,,0.0,0.0,0,,0.0,0.0,0.0,2
1,[],5,[],2019-02-12 07:30:24,1.29e-06,0.00000017,0.000000000006156107999999999,6641197,2019-02-12 07:30:24,btc,4.33137069,0.0,0.00000017,btc,2.278e-05,0.0,2.89896385,3
1,[],12,[],2019-02-12 07:30:25,12467328.35825283,0.000000168,0.000000000006083683199999999,6641198,2019-02-12 07:30:25,btc,923494.6133354418,0.0,0.000000168,btc,8534276.66056341,0.02701186408658977,0.544263249787756,3
0,[],28,[],2019-02-12 07:30:30,0.0,0,0,6641199,2019-02-12 07:30:30,,0.0,0.0,0,,0.0,0.0,0.0,3
0,[],2,[],2019-01-20 23:31:32,0.0,0,0,6477077,2019-01-20 23:31:32,,0.0,0.0,0,,0.0,0.0,0.0,4
1,[],4,[],2019-02-12 07:30:31,383087.51963042,0.00000033,0.000000000011950092,6641200,2019-02-12 07:30:31,btc,0.3813419301034616,0.0,0.00000033,btc,338565.10181884,0.0,0.0490194166940436,4
1,[],12,[],2019-02-12 07:30:32,1576628.5219999999,0.00000005,0.0000000000018106199999999998,6641201,2019-02-12 07:30:32,btc,11113878.38807801,0.0,0.00000005,btc,1043949.24616166,0.0033096616864591,0.02710799044,5
0,[],2,[],2019-01-20 23:31:51,0.0,0,0,6477087,2019-01-20 23:31:51,,0.0,0.0,0,,0.0,0.0,0.0,6
1,[],11,[],2019-02-12 07:30:34,1063270.9999525,0.00000002,0.000000000000724248,6641202,2019-02-12 07:30:34,btc,9433.322586456285,694817.5,0.00000002,btc,40712597.9406106,0.0,0.01257511499905,6
1,[],3,[],2019-02-12 07:30:34,1074.273146428111,0.00014521000000000000053346216333238771767355501651763916015625,0.000000005258402604,6641203,2019-02-12 07:30:34,btc,28.399990609446498,0.0,0.00014521000000000000053346216333238771767355501651763916015625,btc,235.145665820227,0.0,0.031531977816658056,7
1,[],4,[],2019-02-12 07:30:35,21734.03613328,0.00019314,0.000000006994062935999999,6641204,2019-02-12 07:30:35,btc,1.4212184471871885,0.0,0.00019314,btc,6693.01138852,2.27032326,3.7711733949131405,7
1,[],5,[],2019-02-12 07:30:37,0.00638903,0.00019000,0.0000000068803559999999996,6641205,2019-02-12 07:30:37,btc,1.97286443,0.2058177,0.00019000,btc,0.01206355,0.0,1.60305615,7
1,[],20,[],2019-02-12 07:30:39,59781135.5697,0.000000001,0.0000000000000362124,6641206,2019-02-12 07:30:39,btc,116.5923532606651,314626.5802,0.000000001,btc,33662875.6586,0.0003146265802,0.0597811355697,8
1,[],1,[],2019-02-12 07:30:40,1660903.69,0.000001940000000000000060442102711721901187047478742897510528564453125,0.000000000070252056,6641207,2019-02-12 07:30:40,btc,4.3795151069,23769650.28,0.000001940000000000000060442102711721901187047478742897510528564453125,btc,2200099.32,46.63409589,3.1750523273,9
1,[],4,[],2019-02-12 07:30:40,307133.4987886,0.00000194,0.000000000070252056,6641208,2019-02-12 07:30:40,btc,0.7895577171273185,0.0,0.00000194,btc,395318.14433455,1.2941065,0.5654807471861049,9
1,[],28,[],2019-02-12 07:30:45,43335.0,0.00000167,0.000000000060474708,6641209,2019-02-12 07:30:45,btc,2708.767109048,2768058.523,0.00000167,btc,14964.28,0.0,0.04320645,9
0,[],2,[],2019-01-20 23:22:42,0.0,0,0,6476876,2019-01-20 23:22:42,,0.0,0.0,0,,0.0,0.0,0.0,9
0,[],23,[],2019-01-20 23:22:48,0.0,0,0,6476878,2019-01-20 23:22:48,,0.0,0.0,0,,0.0,0.0,0.0,9
1,[],4,[],2019-02-10 09:54:02,5828483.02026053,0.00000002,0.000000000000726692,6623074,2019-02-10 09:54:02,btc,0.2014004865591215,0.0,0.00000002,btc,4198675.28035349,0.00021932,0.0653957035452106,10
1,[],4,[],2019-02-12 07:30:46,2118394.6811875,0.00000143,0.000000000051783732,6641210,2019-02-12 07:30:46,btc,1.6031650803760367,0.0,0.00000143,btc,1057485.34420877,1.45071724,2.891334827553855,12
1,[],5,[],2019-02-12 07:30:48,1.612e-05,0.00000138,0.000000000049973111999999996,6641211,2019-02-12 07:30:48,btc,0.47438544,0.73584683,0.00000138,btc,0.00010738,0.0,0.26590626,12
0.0,[],25,[],2019-02-12 07:30:50,0.0,0,0,6641212,2019-02-12 07:30:50,,0.0,0.0,0.0,btc,0.0,0.0,0.0,12
0,[],2,[],2019-01-20 23:23:08,0.0,0,0,6476890,2019-01-20 23:23:08,,0.0,0.0,0,,0.0,0.0,0.0,12
1,[],10,[],2019-02-12 06:37:08,440745.56640223,0.00000579,0.00000000020972306399999999,6640944,2019-02-12 06:37:08,btc,666806.4188610419,11518.1476481,0.00000579,btc,745869.47838151,0.0,0.3459178923529399,13
1,[],4,[],2019-02-12 07:30:50,1322297.31720557,0.00000593,0.000000000214739532,6641213,2019-02-12 07:30:50,btc,0.6186596324338869,0.0,0.00000593,btc,97373.42393348,0.24770491,1.3341298785293203,13
1,[],21,[],2019-02-12 07:30:53,1022046.11695255,0.000005969999999999999592203373672,0.00000000021618802799999998,6641214,2019-02-12 07:30:53,btc,4.214981472121515,659806.29048783,0.0000059699999999999995922033736717171592545128078199923038482666015625,btc,632809.83617502,3.99072873,4.0223728146756415,13
1,[],4,[],2019-02-12 07:30:54,1021173.6537729,0.00000140,0.00000000005069736,6641215,2019-02-12 07:30:54,btc,0.1447629423641776,0.0,0.00000140,btc,77619.87416758,0.02695506,0.4097999185929335,14
1,[],12,[],2019-02-12 07:30:55,87609.2231405,0.000001219999999999999965968520108938744073157067759893834590911865234375,0.000000000044179128,6641216,2019-02-12 07:30:55,btc,2.774189335122134,0.0,0.000001219999999999999965968520108938744073157067759893834590911865234375,btc,29589.33636749,6.273e-05,0.009108700000005,14
0,[],17,[],2019-02-12 07:30:57,0.0,0,0,6641217,2019-02-12 07:30:57,btc,0.0,0.0,0,btc,0.0,0.0,0.0,14
1,[],26,[],2019-02-12 07:30:57,0.0,0.00000050,0.0000000000181062,6641218,2019-02-12 07:30:57,btc,0.0,0.0,0.00000050,btc,0.0,0.0,0.0,14
0,[],4,[],2019-02-12 07:30:57,0.0,0,0,6641219,2019-02-12 07:30:57,,0.0,0.0,0,,0.0,0.0,0.0,15
,[],12,[],2018-12-01 15:15:48,204241.84496,0.00000489,0.000000000202473384,5260204,2018-12-01 15:15:48,btc,49.5475654835,0.0,,btc,35763.2193806,0.0163153972027625,0.0203389899998,15
1,[],4,[],2019-02-12 07:30:59,26285.35751287,0.00001768,0.000000000640235232,6641220,2019-02-12 07:30:59,btc,2.434462070049674,0.0,0.00001768,btc,19060.7181213,0.02659463,0.0703868423053768,18
1,[],10,[],2019-02-12 07:31:01,789321.17712831,0.0000184,0.00000000066630816,6641221,2019-02-12 07:31:01,btc,15.53529711008975,329.93743233,0.0000184,btc,10419.16742853,0.0,0.3019506928572426,18
1,[],12,[],2019-02-12 07:31:01,204534.16850734,0.00001779000000000000077256777364365092353182262741029262542724609375,0.000000000644218596,6641222,2019-02-12 07:31:01,btc,21.66203532084784,0.0,0.00001779000000000000077256777364365092353182262741029262542724609375,btc,1820.29259192,0.001125470895692,0.0384073668129104,18
0,[],17,[],2019-02-12 07:31:03,0.0,0,0,6641223,2019-02-12 07:31:03,btc,0.0,0.0,0,btc,0.0,0.0,0.0,18
0,[],2,[],2019-01-20 23:23:38,0.0,0,0,6476906,2019-01-20 23:23:38,,0.0,0.0,0,,0.0,0.0,0.0,18
1,[],3,[],2019-02-12 07:31:04,129649.59871618681,0.0000250099999999999994082337806400317958832602016627788543701171875,0.0000000009056721239999999,6641224,2019-02-12 07:31:04,btc,0.4672449630434957,0.0,0.0000250099999999999994082337806400317958832602016627788543701171875,btc,5018.393100515442,0.0,0.09980301493181616,19
1,[],4,[],2019-02-12 07:31:05,222567.9326,0.00002855,0.00000000103386402,6641225,2019-02-12 07:31:05,btc,0.3522117247384769,0.0,0.00002855,btc,11384.43106846,0.76427575,2.445074641974644,19
1,[],5,[],2019-02-12 07:31:07,0.00023073,0.00002516,0.000000000911103984,6641226,2019-02-12 07:31:07,btc,0.26957706,0.00476055,0.00002516,btc,0.00308496,0.0,0.07518903,19
1,[],12,[],2019-02-12 07:31:08,134777.60266644,0.00002406000000000000003355822564277133324139867909252643585205078125,0.000000000871270344,6641227,2019-02-12 07:31:08,btc,0.0303135775644898,0.0,0.00002406000000000000003355822564277133324139867909252643585205078125,btc,313.64095945,0.0,0.031825024127882,19
0,[],27,[],2019-02-12 07:31:10,0.0,0,0,6641228,2019-02-12 07:31:10,,0.0,0.0,0,btc,0.0,0.0,0.0,19
0,[],2,[],2019-01-20 23:24:19,0.0,0,0,6476924,2019-01-20 23:24:19,,0.0,0.0,0,,0.0,0.0,0.0,19
1,[],4,[],2019-02-12 07:31:11,8114186.09293738,0.00000014,0.0000000000050697359999999995,6641229,2019-02-12 07:31:11,btc,0.7687645743639488,0.0,0.00000014,btc,1575280.85287989,0.00044479,0.2644718132083657,20
1,[],4,[],2019-02-12 07:31:12,109682970.21876271,0.00000002,0.0000000000007242479999999999,6641230,2019-02-12 07:31:12,btc,0.6282968601740628,0.0,0.00000002,btc,17568959.88173395,0.02307552,1.2813998482558946,21
1,[],12,[],2019-02-12 07:31:12,17624470.0,0.00000002,0.000000000000724248,6641231,2019-02-12 07:31:12,btc,669.7258475491021,0.0,0.00000002,btc,8580604.84915351,0.0276,0.22552968,21
0,[],17,[],2019-02-12 07:31:13,0.0,0,0,6641232,2019-02-12 07:31:13,btc,0.0,0.0,0,btc,0.0,0.0,0.0,21
1,[],12,[],2019-02-12 07:31:15,2895660054.043896,0.0000000002,0.00000000000000724248,6641233,2019-02-12 07:31:15,btc,825864718751.5697,0.0,0.0000000002,btc,4293851176.8623405,0.009753936796004106,0.3308194112555898,23
0,[],27,[],2019-02-12 07:31:17,0.0,0,0,6641234,2019-02-12 07:31:17,,0.7240921565934114,0.0,0,eth,727098.85514486,0.0,0.0,23
1,[],4,[],2019-02-12 07:31:17,384342.94442905,0.00000068,0.000000000024624431999999997,6641235,2019-02-12 07:31:17,btc,0.164004939512191,0.0,0.00000068,btc,152919.7564926,0.02866526,0.1945237619673808,24
1,[],22,[],2019-02-12 07:31:20,11.76,0.00000100,0.0000000000362124,6641236,2019-02-12 07:31:20,BTC,7.415e-05,0.0,0.00000100,BTC,23.919354838709676,0.0,1.176e-05,24
0.0,[],25,[],2019-02-12 07:31:21,0.0,0,0,6641237,2019-02-12 07:31:21,,0.0,0.0,0.0,btc,0.0,0.0,0.0,24
1,[],4,[],2019-02-12 07:31:22,27833180.41939248,0.00000601,0.000000000217636524,6641238,2019-02-12 07:31:22,btc,0.5074861692627358,0.0,0.00000601,btc,50107.90983118,0.07932675,0.405506425041546,26
1,[],10,[],2019-02-12 07:31:24,730947.4321827,0.00000601,0.000000000217636524,6641239,2019-02-12 07:31:24,btc,25.915718028301313,0.0,0.00000601,btc,13164.47848257,0.0,0.213205382896882,26
0,[],2,[],2019-01-20 23:25:56,0.0,0,0,6476976,2019-01-20 23:25:56,,0.0,0.0,0,,0.0,0.0,0.0,26
1,[],3,[],2019-02-12 07:31:25,5899872.0,0.00000001,0.000000000000362124,6641240,2019-02-12 07:31:25,btc,2.458159906730297,181908.25,0.00000001,btc,16224062.7786409,0.0,0.058998720000000004,27
1,[],5,[],2019-02-12 07:31:27,1e-08,0.00000001,0.00000000000036212399999999996,6641241,2019-02-12 07:31:27,btc,1.58803173,0.0032347,0.00000001,btc,4.577e-05,0.0,0.11599995,27
1,[],11,[],2019-02-12 07:31:28,10063996.7912115,0.00000005,0.0000000000018106199999999998,6641242,2019-02-12 07:31:28,btc,370.63310344475406,219.9,0.00000005,btc,8170877.7193934005,0.0,0.4661006184459823,27
1,[],4,[],2019-02-12 07:31:29,601181704.9261793,0.00000002,0.0000000000007242479999999999,6641243,2019-02-12 07:31:29,btc,0.3799248282420667,0.0,0.00000002,"btc,ltc",25815978.08183928,0.48112171,8.98222597241058,29
1,[],7,[],2019-02-12 07:31:31,29047464.7279442,0.00000002,0.000000000000724248,6641244,2019-02-12 07:31:31,btc,44465226.018999845,8620.68736318,0.00000002,btc,52597254.42591609,0.00025862,0.42615133114961934,29
1,[],4,[],2019-02-12 07:31:32,1516328.02981682,0.00000028,0.000000000010139471999999999,6641245,2019-02-12 07:31:32,btc,0.1931146725840891,0.0,0.00000028,btc,422789.09108166,0.00376667,0.1181236856267017,30
0,[],17,[],2019-02-12 07:31:33,0.0,0,0,6641246,2019-02-12 07:31:33,btc,0.0,0.0,0,btc,0.0,0.0,0.0,30
1,[],4,[],2019-02-12 07:31:34,1762613.14610047,0.00006557,0.000000002374447068,6641247,2019-02-12 07:31:34,btc,1.2253614438978213,0.0,0.00006557,btc,15837.99980669,1.71060787,2.604685116273007,31
1,[],21,[],2019-02-12 07:31:35,71342.85189369,0.00006661999999999999573594561264,0.000000002412470088,6641248,2019-02-12 07:31:35,btc,3.355212659924044,149441.44477913,0.000066619999999999995735945612640449553509824909269809722900390625,btc,44072.73571974,9.91268767,4.453553717628677,31
0,[],2,[],2019-01-20 23:28:43,0.0,0,0,6477009,2019-01-20 23:28:43,,0.0,0.0,0,,0.0,0.0,0.0,32
1,[],4,[],2019-02-12 07:31:35,134657999.11867523,0.00000004,0.0000000000014484959999999998,6641249,2019-02-12 07:31:35,btc,1.8020179599720856,0.0,0.00000004,"btc,ltc",41482815.43011842,0.14057798,1.8950627332380183,33
1,[],12,[],2019-02-12 07:31:36,12123885.258,0.00000005,0.0000000000018106199999999998,6641250,2019-02-12 07:31:36,btc,34508838.195518605,0.0,0.00000005,btc,89063227.40959024,0.0191919075224766,0.3700318229,33
1,[],4,[],2019-02-12 07:31:37,149206728.01315793,0.00000001,0.00000000000036212399999999996,6641251,2019-02-12 07:31:37,btc,0.7490519787683428,0.0,0.00000001,btc,25069433.6582314,3.121459,1.4920672801315793,34
1,[],5,[],2019-02-12 07:31:39,3e-08,0.00000002,0.0000000000007242479999999999,6641252,2019-02-12 07:31:39,btc,4.92335287,1.27427438,0.00000002,btc,1.394e-05,0.0,0.78190299,34
0.0000000001202691,[],4,[],2019-02-12 07:31:40,573867256.8762395,3.608073e-18,1.306569827052e-22,6641253,2019-02-12 07:31:40,ltc,1.0496412287807703e-08,0.0,0.00000003,ltc,1857855972.0181289,0.0,1.0732531666866251e-09,36
1,[],5,[],2019-02-12 07:31:41,0.0,0,0,6641254,2019-02-12 07:31:41,btc,197.38445474,0.0,0,btc,1.325e-05,0.0,0.0,36
0,[],17,[],2019-02-12 07:31:42,0.0,0,0,6641255,2019-02-12 07:31:42,btc,0.1415580986664142,0.0,0,btc,10796613.27743647,0.0,0.0,36
0.0000000001202691,[],27,[],2019-02-12 07:31:45,1000000.0,2.4053820000000002e-18,8.71046551368e-23,6641256,2019-02-12 07:31:45,ltc,240.2503276744,0.0,0.00000002,"ltc,eth",3711879.06,0.0,2.405382e-12,36
1,[],4,[],2019-02-12 06:30:56,271570.3779689,0.00000131,0.000000000047448724,6640781,2019-02-12 06:30:56,btc,0.4888970247613122,0.0,0.00000131,btc,305740.91468205,0.05733365,0.1664289366572219,37
1,[],12,[],2019-02-12 06:30:57,396604.68342153,0.000001309999999999999951307938332589753116508290986530482769012451171875,0.000000000047448724,6640782,2019-02-12 06:30:57,btc,1341.2236653494754,0.0,0.000001309999999999999951307938332589753116508290986530482769012451171875,btc,704899.62846403,0.1071050380519663,0.1784275500000078,37
1,[],17,[],2019-02-12 06:30:59,1752.74075282,0.00000025,0.0000000000090551,6640783,2019-02-12 06:30:59,btc,0.0554849239792182,0.0,0.00000025,btc,1387.19918473,0.0,0.00043818518820499993,37
1,[],27,[],2019-02-12 06:31:01,14852.0,0.0000005,0.000000000018110200000000002,6640784,2019-02-12 06:31:01,btc,51.75602025030353,0.0,0.0000005,btc,29579.81438508,0.0,0.00488022,37
1,[],5,[],2019-02-12 07:31:47,1.462e-05,0.00000100,0.0000000000362124,6641257,2019-02-12 07:31:47,btc,0.101373,0.10992234,0.00000100,btc,9.697e-05,0.0,0.04485252,42
1,[],12,[],2019-02-12 07:31:47,127850.32760773,0.00000097,0.000000000035126028,6641258,2019-02-12 07:31:47,btc,93.37327518045988,0.0,0.00000097,btc,105454.07331766,0.0664914043498477,0.046355589999998496,42
0,[],27,[],2019-02-12 07:31:51,0.0,0,0,6641259,2019-02-12 07:31:51,,0.00315028,0.0,0,"btc,eth",11.007,0.0,0.0,42
1,[],5,[],2019-02-12 07:31:54,6e-08,0.00000003,0.0000000000010863719999999999,6641260,2019-02-12 07:31:54,btc,6.25851383,0.00052003,0.00000003,btc,1.425e-05,0.0,0.56206155,43
1,[],12,[],2019-02-12 07:31:55,3951881.0,0.00000002,0.000000000000724248,6641261,2019-02-12 07:31:55,btc,20007457.492634278,0.0,0.00000002,btc,38971028.19920079,2.2e-06,0.03951999,43
0,[],17,[],2019-02-12 07:31:57,0.0,0,0,6641262,2019-02-12 07:31:57,btc,0.0,0.0,0,btc,0.0,0.0,0.0,43
1,[],12,[],2019-02-12 07:31:58,760994.0,0.00000005,0.0000000000018106199999999998,6641263,2019-02-12 07:31:58,btc,11115166.857756598,0.0,0.00000005,btc,1020827.43656342,0.000446962437562,0.0213065,44
1,[],4,[],2019-02-12 07:31:58,225015860.85176274,0.00000002,0.0000000000007242479999999999,6641264,2019-02-12 07:31:58,btc,0.19190020342697234,0.0,0.00000002,"btc,ltc",4651132.58819572,0.00171266,0.4281236749983794,49
0.0000000001202691,[],4,[],2019-02-12 07:31:59,2066143937.0534241,1.2026910000000001e-18,4.35523275684e-23,6641265,2019-02-12 07:31:59,ltc,4.645173507414303,0.0,0.00000001,ltc,3072020353.449495,0.0,2.48493271779872e-09,52
0,[],22,[],2019-02-11 09:44:56,0.0,0,0,6632671,2019-02-11 09:44:56,,3935.19376955,0.0,0,,263411682.90882352,0.0,0.0,57
0,[],27,[],2019-02-11 09:44:58,0.0,0,0,6632672,2019-02-11 09:44:58,,0.0,0.0,0,"btc,eth",0.0,0.0,0.0,57
0.0000000001202691,[],4,[],2019-02-12 07:32:00,1162249273.2143588,6.013455e-18,2.17761637842e-22,6641266,2019-02-12 07:32:00,ltc,3.279408607885857,0.0,0.00000005,ltc,951560612.9965123,0.0,3.5052132726795536e-09,58
1,[],12,[],2019-02-12 07:32:01,1922704384.843957,0.0000000005,0.0000000000000181062,6641267,2019-02-12 07:32:01,btc,224005489994.51407,0.0,0.0000000005,btc,3713777131.124181,0.012147382154345632,0.6764047931011392,58
0,[],17,[],2019-02-12 07:32:03,0.0,0,0,6641268,2019-02-12 07:32:03,btc,1e+24,0.0,0,btc,41481695.95832568,0.0,0.0,58
0.0000000001303595,[],22,[],2019-02-12 07:32:06,137438.0,1.3035949999999999e-18,4.7206303578e-23,6641269,2019-02-12 07:32:06,XMR,69.8835922,0.0,0.00000001,XMR,9887963.0,0.0,0.00137438,58
1,[],5,[],2019-02-12 07:32:09,2.486e-05,0.00000106,0.000000000038385144,6641270,2019-02-12 07:32:09,btc,0.28750045,0.02030069,0.00000106,btc,0.00017258,0.0,0.1349856,61
1,[],22,[],2019-02-12 07:32:13,5149.5,0.00000011,0.0000000000039833639999999996,6641271,2019-02-12 07:32:13,BTC,1002.29598212,0.0,0.00000011,BTC,14957.700278135757,0.0,0.00051596,61
1,[],26,[],2019-02-12 07:32:13,0.0,0.00000800,0.0000000002896992,6641272,2019-02-12 07:32:13,btc,0.0,0.0,0.00000800,btc,0.0,0.0,0.0,61
1,[],27,[],2019-02-12 07:32:15,12554.3559,0.00000059,0.000000000021365316,6641273,2019-02-12 07:32:15,btc,10.719342334671673,2106.34463596,0.00000059,"btc,eth",15480.44146475,0.0022428000536453387,0.0013863899827569193,61
1,[],28,[],2019-02-12 07:32:21,19904.304,0.00000101,0.000000000036574524,6641274,2019-02-12 07:32:21,btc,2.056400593700105,672.0,0.00000101,btc,9787.52450005,0.0,0.00994531304,61
1,[],4,[],2019-02-12 07:32:22,729131.97970767,0.00000236,0.000000000085461264,6641275,2019-02-12 07:32:22,btc,1.0832834942950114,0.0,0.00000236,btc,273376.46425545,0.10138774,0.8588095593900545,67
0.0,[],25,[],2019-02-12 07:32:23,0.0,0,0,6641276,2019-02-12 07:32:23,,0.0,0.0,0.0,btc,0.0,0.0,0.0,67
1,[],12,[],2019-02-12 07:32:25,2764402.45763775,0.0000003,0.000000000010863719999999999,6641277,2019-02-12 07:32:25,btc,11115896.108705401,0.0,0.0000003,btc,1688785.50129171,0.0315652629570424,0.1059797955320216,71
,[],5,[],2018-11-20 23:02:39,1.5e-07,0.00000005,0.000000000002128045,4862160,2018-11-20 23:02:39,btc,2.84511358,0.0,,btc,0.00036572,0.0,0.07381892,74
1,[],5,[],2019-01-25 15:53:51,3.303e-05,0.00000156,0.000000000055588884,6499610,2019-01-25 15:53:51,btc,1.42844212,0.0,0.00000156,btc,0.00015937,0.0,0.49487621,75
1,[],4,[],2019-02-12 07:32:26,41910525.13092337,0.00000001,0.00000000000036212399999999996,6641278,2019-02-12 07:32:26,btc,0.7675351259914514,0.0,0.00000001,btc,14662066.58791845,0.0,0.4191052513092337,81
0,[],20,[],2019-01-25 09:30:31,0.0,0,0,6495923,2019-01-25 09:30:31,btc,0.0,0.0,0,btc,0.0,0.0,0.0,81
1,[],4,[],2019-02-12 07:32:28,23849.73164921,0.00007421,0.000000002687322204,6641279,2019-02-12 07:32:28,btc,1.3167789378221415,0.0,0.00007421,btc,11163.50961189,0.01693609,0.091155614975547,82
1,[],21,[],2019-02-12 07:32:30,67298.7121303,0.00007514000000000000225371804552,0.000000002720999736,6641280,2019-02-12 07:32:30,btc,3.5695620263562113,1644.34605534,0.000075140000000000002253718045519548240918084047734737396240234375,btc,41579.453568490004,0.12356737,3.1332737085477063,82
0,[],17,[],2019-02-07 10:02:39,0.0,0,0,6611495,2019-02-07 10:02:39,btc,0.0447233088476774,0.0,0,btc,999127.19588126,0.0,0.0,84
0.0000000001202691,[],4,[],2019-02-12 07:32:31,154657050.2281189,8.418837e-18,3.048662929788e-22,6641281,2019-02-12 07:32:31,ltc,0.19569063266527842,0.0,0.00000007,ltc,92864400.32299674,0.0,6.788389519532164e-10,85
,[],22,[],2018-11-20 23:09:34,3408.1,0.0000001,0.0000000000041895,4862324,2018-11-20 23:09:34,BTC,0.04624735,0.0,,BTC,4990.0,0.0,0.00033081,86
0,[],22,[],2019-02-12 07:32:34,0.0,0,0,6641282,2019-02-12 07:32:34,,2.0760781,0.0,0,,140622.94736842104,0.0,0.0,87
0,[],27,[],2019-02-12 07:32:36,0.0,0,0,6641283,2019-02-12 07:32:36,,0.0,0.0,0,btc,0.0,0.0,0.0,87
,[],2,[],2018-11-20 23:10:47,0.0,0,0,4862359,2018-11-20 23:10:47,,0.0,0.0,,,0.0,0.0,0.0,88
1,[],11,[],2019-02-12 07:32:37,94856.16650507,0.00014902000000000000640675013041658303336589597165584564208984375,0.000000005396371848,6641284,2019-02-12 07:32:37,btc,702.2581285862627,439.31099067,0.00014902000000000000640675013041658303336589597165584564208984375,btc,187262.78451437,0.0,6.28618024215804,89
0,[],2,[],2019-01-20 23:31:45,0.0,0,0,6477083,2019-01-20 23:31:45,,0.0,0.0,0,,0.0,0.0,0.0,91
1,[],12,[],2019-02-12 07:32:40,437808.92980748997,0.000003019999999999999884515121395534009707262157462537288665771484375,0.00000000010936144799999999,6641285,2019-02-12 07:32:40,btc,4.122910385097847,0.0,0.000003019999999999999884515121395534009707262157462537288665771484375,btc,41786.10563099,0.0087392181291391,0.0659153747708607,91
0,[],17,[],2019-02-12 07:32:41,0.0,0,0,6641286,2019-02-12 07:32:41,btc,0.0,0.0,0,btc,0.0,0.0,0.0,91
0.0000000001202691,[],22,[],2019-02-12 07:32:45,23303133.4,6.013455e-18,2.17761637842e-22,6641287,2019-02-12 07:32:45,LTC,8.17576354,0.0,0.00000005,LTC,67492261.1,0.0,0.89647531,95
1,[],4,[],2019-02-12 07:32:46,135976679.92147312,0.00000001,0.00000000000036212399999999996,6641288,2019-02-12 07:32:46,btc,0.9615238389222667,0.0,0.00000001,"btc,ltc",47964397.06370184,0.0050459,0.013236766044870568,96
1,[],12,[],2019-02-12 07:32:47,759798.0,0.00000001,0.000000000000362124,6641289,2019-02-12 07:32:47,btc,255063.4736351099,0.0,0.00000001,btc,8812348.54676297,5.2e-05,0.00759798,96
0,[],17,[],2019-02-12 07:32:48,0.0,0,0,6641290,2019-02-12 07:32:48,btc,0.0,0.0,0,btc,0.0,0.0,0.0,96
1,[],4,[],2019-02-12 07:32:49,1787568.1473919,0.00000035,0.00000000001267434,6641291,2019-02-12 07:32:49,btc,0.2350015403830291,0.0,0.00000035,btc,475291.33706053,0.04527104,0.2175169147064026,99
0,[],2,[],2019-01-20 23:23:55,0.0,0,0,6476914,2019-01-20 23:23:55,,0.0,0.0,0,,0.0,0.0,0.0,100
1,[],4,[],2019-02-12 07:32:50,210565.56390877,0.00003837,0.000000001389469788,6641292,2019-02-12 07:32:50,btc,1.8800105940066012,0.0,0.00003837,btc,40451.76103748,1.58720796,1.1562603198460433,100
1,[],22,[],2019-02-12 07:32:54,50000.0,0.00000001,0.00000000000036212399999999996,6641293,2019-02-12 07:32:54,BTC,23.49896609,0.0,0.00000001,BTC,10277.22,0.0,0.0005,101
1,[],4,[],2019-02-12 07:32:55,107522.35644619,0.00000099,0.000000000035850275999999995,6641294,2019-02-12 07:32:55,btc,0.4217959193270148,0.0,0.00000099,btc,159475.88611326,0.01397514,0.0573074606564572,103
1,[],12,[],2019-02-12 07:32:57,52074210.4663887,0.000000016,0.0000000000005793984,6641295,2019-02-12 07:32:57,btc,137278903.8531822,0.0,0.000000016,btc,130541584.0795872,0.03307912683316771,0.2999062134622192,105
1,[],27,[],2019-02-12 07:32:59,4209342.89,0.00000001,0.00000000000036212399999999996,6641296,2019-02-12 07:32:59,btc,1.62008275136923,0.0,0.00000001,btc,575169.42860553,0.0,0.0420934289,105
0,[],22,[],2019-02-12 07:33:02,0.0,0,0,6641297,2019-02-12 07:33:02,,51.12653289,0.0,0,,694300.0,0.0,0.0,107
1,[],26,[],2019-02-12 07:33:02,0.0,0.00000000,0,6641298,2019-02-12 07:33:02,btc,0.0,0.0,0.00000000,btc,0.0,0.0,0.0,107
1,[],5,[],2019-02-12 07:33:05,1e-08,0.00000001,0.00000000000036212399999999996,6641299,2019-02-12 07:33:05,btc,2.89717154,0.00013842,0.00000001,btc,1.571e-05,0.0,0.08734168,112
1,[],22,[],2019-02-12 07:33:08,189093.0,0.00000001,0.00000000000036212399999999996,6641300,2019-02-12 07:33:08,BTC,2.81183288,0.0,0.00000001,BTC,808524.0833333334,0.0,0.00189093,112
0.00000000033331800000000003,[],27,[],2019-02-12 07:33:10,500000.0,3.3331800000000002e-18,1.20702447432e-22,6641301,2019-02-12 07:33:10,eth,1.35132491849924,0.0,0.00000001,"btc,eth",1328.641654,0.0,1.66659e-12,112
1,[],4,[],2019-02-12 07:33:10,436692.75110829,0.00000348,0.000000000126019152,6641302,2019-02-12 07:33:10,btc,0.257686808758963,0.0,0.00000348,btc,56593.4721359,0.09461163,0.1743593202883595,113
1,[],5,[],2019-02-12 07:33:13,1.542e-05,0.00000318,0.00000000011515543199999999,6641303,2019-02-12 07:33:13,btc,0.88273966,0.0,0.00000318,btc,0.00150955,0.0,0.20093377,113
1,[],17,[],2019-02-12 07:33:15,155738.724,0.00000004,0.000000000001448496,6641304,2019-02-12 07:33:15,btc,1.336803027454609,0.000652,0.00000004,btc,51896.221,0.0,0.00232954896,116
0,[],27,[],2019-02-12 07:33:17,0.0,0,0,6641305,2019-02-12 07:33:17,,0.0,0.0,0,btc,0.0,0.0,0.0,116
1,[],4,[],2019-02-12 07:33:18,45282.09876863,0.00002608,0.000000000944419392,6641306,2019-02-12 07:33:18,btc,0.67379444614848,0.0,0.00002608,btc,21427.49462906,6.38316863,0.979295773948404,120
1,[],7,[],2019-02-12 07:33:19,6325.88159612,0.0000274299999999999999551747453807593046803958714008331298828125,0.000000000993306132,6641307,2019-02-12 07:33:19,btc,115647.29268438934,93.71262999,0.0000274299999999999999551747453807593046803958714008331298828125,btc,29597.56830216,0.0027939,0.0566857289962622,120
1,[],20,[],2019-02-12 07:33:22,1094534.6666,0.000000014,0.0000000000005069736,6641308,2019-02-12 07:33:22,btc,33.8688445501599,0.0,0.000000014,btc,1142782.3764,0.0,0.0052806482171,125
1,[],22,[],2019-02-12 07:33:25,3053.0,0.00000001,0.00000000000036212399999999996,6641309,2019-02-12 07:33:25,BTC,0.01444889,0.0,0.00000001,BTC,296264.5111111111,0.0,3.053e-05,126
1,[],4,[],2019-02-12 07:33:26,111939.11277631,0.00001539,0.0000000005573088359999999,6641310,2019-02-12 07:33:26,btc,0.6682361799927722,0.0,0.00001539,btc,35656.88622802,0.19765155,0.8134968269569203,131
0,[],17,[],2019-02-12 07:33:28,0.0,0,0,6641311,2019-02-12 07:33:28,btc,0.0009561751951600001,0.0,0,btc,35.42829368,0.0,0.0,131
0,[],2,[],2019-01-20 23:25:46,0.0,0,0,6476969,2019-01-20 23:25:46,,0.0,0.0,0,,0.0,0.0,0.0,131
1,[],4,[],2019-02-12 07:33:28,4618.72686499,0.00016002,0.000000005794708248,6641312,2019-02-12 07:33:28,btc,1.6397450704738545,0.0,0.00016002,btc,295.92689166,0.0,0.0082576417187949,135
1,[],3,[],2019-02-12 07:33:30,1873525.70310254,0.00000006,0.0000000000021727439999999998,6641313,2019-02-12 07:33:30,btc,0.12170219840549519,18928.2891714,0.00000006,btc,429238.51735515,0.0,0.0701751120911931,136
1,[],4,[],2019-02-12 07:33:31,73829.56857491,0.00000173,0.000000000062647452,6641314,2019-02-12 07:33:31,btc,0.0472676872737665,0.0,0.00000173,btc,23470.18316532,0.05534471,0.095407007304211,137
1,[],12,[],2019-02-12 07:33:32,307679.9921548,0.000001749999999999999973748754898694723891594549058936536312103271484375,0.0000000000633717,6641315,2019-02-12 07:33:32,btc,11982.945438789999,0.0,0.000001749999999999999973748754898694723891594549058936536312103271484375,btc,157658.40326564,0.005141006941979,0.0464632554024288,137
1,[],4,[],2019-02-12 07:33:33,1651.20000726,0.00005301,0.000000001919619324,6641316,2019-02-12 07:33:33,btc,1.1854978260190994,0.0,0.00005301,btc,16810.09747197,1.26956402,0.0686555510903184,142
1,[],5,[],2019-02-12 07:33:34,0.00188663,0.00005401,0.000000001955831724,6641317,2019-02-12 07:33:34,btc,1.56995806,1.72002151,0.00005401,btc,0.00334579,0.0,1.44597096,142
1,[],17,[],2019-02-12 07:33:35,22967.386363640002,0.00000088,0.000000000031866912,6641318,2019-02-12 07:33:35,btc,20.069913352562075,0.0,0.00000088,btc,2746.079105,0.0,0.0104613000000032,142
1,[],20,[],2019-02-12 07:33:37,138305.1406,0.00005,0.0000000018106199999999999,6641319,2019-02-12 07:33:37,btc,0.407511299477,9451.5938,0.00005,btc,3877.9132,0.7549210403048,0.2496752928545,142
1,[],22,[],2019-02-12 07:33:40,1621.4,0.00001020,0.00000000036936647999999997,6641320,2019-02-12 07:33:40,BTC,3.01099646,0.0,0.00001020,BTC,920.0583980278743,0.0,0.00189903,142
0.0,[],25,[],2019-02-12 07:33:42,0.0,0,0,6641321,2019-02-12 07:33:42,,0.0,0.0,0.0,btc,0.0,0.0,0.0,142
1,[],28,[],2019-02-12 07:33:46,77893.0,0.00004500,0.0000000016295579999999999,6641322,2019-02-12 07:33:46,btc,0.048809112,2601.4884,0.00004500,btc,249.5089,0.0,0.0586872,142
0,[],22,[],2019-02-12 07:33:49,0.0,0,0,6641323,2019-02-12 07:33:49,,67.4684069,0.0,0,,838760972.3,0.0,0.0,143
1,[],21,[],2019-02-12 07:33:50,43289103.49294683,0.00000028,0.000000000010139472,6641324,2019-02-12 07:33:50,btc,39.46837730880972,8187193.26851055,0.00000028,btc,76235913.61407048,2.32582645,7.115732171515225,145
0,[],22,[],2019-02-10 17:04:30,0.0,0,0,6625727,2019-02-10 17:04:30,,4.25427726,0.0,0,,2259598.0,0.0,0.0,146
,[],22,[],2018-11-20 23:01:11,0.0,0,0,4862114,2018-11-20 23:01:11,,2.56807021,0.0,,,61828.4988236,0.0,0.0,147
1,[],12,[],2019-02-12 07:33:51,8680413.93865535,0.00000302999999999999978877139594768408414893201552331447601318359375,0.00000000010972357199999999,6641325,2019-02-12 07:33:51,btc,16.562697545508264,0.0,0.00000302999999999999978877139594768408414893201552331447601318359375,btc,122218.53403049,0.0412259434423974,0.1126027853921235,148
1,[],4,[],2019-02-12 07:33:52,274798.82311398,0.00000031,0.000000000011225844,6641326,2019-02-12 07:33:52,btc,0.7783765681620869,0.0,0.00000031,btc,586500.91941629,0.00048051,0.0651694224941911,152
0,[],22,[],2019-02-12 07:33:55,0.0,0,0,6641327,2019-02-12 07:33:55,,0.0,0.0,0,,0.0,0.0,0.0,152
1,[],5,[],2019-02-12 07:33:57,0.0,0,0,6641328,2019-02-12 07:33:57,btc,4.35601725,0.0,0,btc,0.0021126,0.0,0.0,153
,[],16,[],2019-01-11 15:38:59,0.0,0,0,6366141,2019-01-11 15:38:59,btc,0.0,0.0,,btc,0.0,0.0,0.0,155
0,[],23,[],2019-01-20 23:24:29,0.0,0,0,6476932,2019-01-20 23:24:29,,0.0,0.0,0,,0.0,0.0,0.0,156
0,[],22,[],2019-02-12 07:34:00,0.0,0,0,6641329,2019-02-12 07:34:00,,6.74578916,0.0,0,,4614557.242592593,0.0,0.0,156
1,[],22,[],2019-02-12 07:34:04,7913.8,0.00005300,0.0000000019192571999999998,6641330,2019-02-12 07:34:04,BTC,43.78801181,0.0,0.00005300,BTC,1067.5805334758436,0.0,0.00785176,157
0,[],22,[],2019-02-12 07:34:07,0.0,0,0,6641331,2019-02-12 07:34:07,,50175.67558609,0.0,0,,54029136.04179466,0.0,0.0,158
,[],17,[],2018-11-20 22:56:10,0.0,0,0,4861976,2018-11-20 22:56:10,btc,1.1265625,0.0,,btc,1000.0,0.0,0.0,159
,[],20,[],2018-11-20 22:56:12,0.0,0,0,4861977,2018-11-20 22:56:12,btc,11912.7940471,0.0,,btc,34413894.3617,0.0,0.0,159
1,[],12,[],2019-02-12 07:34:07,186533.92111911,0.0000073200000000000002193275942807826339731036568991839885711669921875,0.000000000265074768,6641332,2019-02-12 07:34:07,btc,6.663513614247937,0.0,0.0000073200000000000002193275942807826339731036568991839885711669921875,btc,14951.10016046,0.0055716345,0.08895226139999139,168
1,[],17,[],2019-02-12 07:34:09,29784.95,0.000001,0.0000000000362124,6641333,2019-02-12 07:34:09,btc,0.03026736251542,0.0,0.000001,btc,144.46171372,0.0,0.00716147,168
0,[],22,[],2019-02-12 07:34:12,0.0,0,0,6641334,2019-02-12 07:34:12,,1.14776715,0.0,0,,721548.0900917595,0.0,0.0,169
1,[],22,[],2019-02-12 07:34:15,245000.0,0.00000011,0.0000000000039833639999999996,6641335,2019-02-12 07:34:15,BTC,11.3314578,0.0,0.00000011,BTC,133310.7766476831,0.0,0.0224,171
1,[],22,[],2019-02-12 07:34:19,220633.52380952382,0.00000021,0.000000000007604604,6641336,2019-02-12 07:34:19,BTC,2.6558263,0.0,0.00000021,BTC,239723.8618003827,0.0,0.01637024,173
1,[],5,[],2019-02-12 07:34:21,1.848e-05,0.00000312,0.000000000112982688,6641337,2019-02-12 07:34:21,btc,0.32720333,0.01013132,0.00000312,btc,0.00028286,0.0,0.69388038,175
1,[],22,[],2019-02-12 07:34:25,49534.52380952381,0.00000063,0.000000000022813812,6641338,2019-02-12 07:34:25,BTC,0.50084591,0.0,0.00000063,BTC,127686.47031396699,9.9e-06,0.01817508,176
1,[],7,[],2019-02-12 07:34:27,0.0,0,0,6641339,2019-02-12 07:34:27,btc,410974.1987511513,0.0,0,btc,115535570.82091746,0.0,0.0,178
0,[],22,[],2019-02-12 07:34:29,0.0,0,0,6641340,2019-02-12 07:34:29,,1.00242428,0.0,0,,57512.0,0.0,0.0,178
0,[],2,[],2019-01-20 23:28:34,0.0,0,0,6477001,2019-01-20 23:28:34,,0.0,0.0,0,,0.0,0.0,0.0,178
0,[],23,[],2019-01-20 23:25:08,0.0,0,0,6476952,2019-01-20 23:25:08,,0.0,0.0,0,,0.0,0.0,0.0,179
1,[],5,[],2019-02-12 07:34:32,3e-08,0.00000002,0.0000000000007242479999999999,6641341,2019-02-12 07:34:32,btc,27.05034606,0.09685492,0.00000002,btc,2.088e-05,0.0,0.82848855,179
1,[],22,[],2019-02-12 07:34:40,7820284.0,0.00000002,0.0000000000007242479999999999,6641342,2019-02-12 07:34:40,BTC,5.48293504,0.0,0.00000002,"BTC,LTC",17867921.468656633,0.0,0.38366552,179
1,[],17,[],2019-02-12 07:34:41,10504.725,0.0000001,0.0000000000036212399999999996,6641343,2019-02-12 07:34:41,btc,5.206166879879116,0.0,0.0000001,btc,6755.0074587,0.0,0.0010504725,180
1,[],22,[],2019-02-12 07:34:45,17654.90343716434,0.00000098,0.000000000035488152,6641344,2019-02-12 07:34:45,BTC,0.09852595,0.0,0.00000098,"BTC,LTC",18836.625478042326,0.00079093,0.005688,180
1,[],26,[],2019-02-12 07:34:45,0.0,0.00000210,0.00000000007604604,6641345,2019-02-12 07:34:45,btc,0.0,3759.4,0.00000210,btc,0.0,0.0,0.0,180
,[],7,[],2018-11-20 22:58:01,562227.975654,0.00000085,0.000000000036176765,4862015,2018-11-20 22:58:01,btc,21836.6059674,2491.87645172,,btc,749999.041456,0.00211021,0.127565380455,183
,[],5,[],2019-01-10 08:11:41,0.0,0,0,6347036,2019-01-10 08:11:41,btc,82.15055501,0.00261,,btc,1.19002445,0.0,0.0,187
,[],17,[],2018-11-16 20:58:10,4062536.27273,0.00000001,0.000000000000550501,4708775,2018-11-16 20:58:10,btc,3.36492563466,0.195460381006,,"btc,eth",110697919.549,0.0,0.0157628953496,187
1,[],24,[],2019-02-12 07:34:45,0.0,0.000000000001,3.62124e-17,6641346,2019-02-12 07:34:45,btc,0.0,0.0,0.000000000001,btc,0.0,0.0,0.0,187
0,[],22,[],2019-02-12 07:34:48,0.0,0,0,6641347,2019-02-12 07:34:48,,1.19370255,0.0,0,,14406.10286773884,0.0,0.0,191
0,[],22,[],2019-02-12 07:34:53,0.0,0,0,6641348,2019-02-12 07:34:53,,0.0,0.0,0,,0.0,0.0,0.0,197
0,[],23,[],2019-01-20 23:31:41,0.0,0,0,6477079,2019-01-20 23:31:41,,0.0,0.0,0,,0.0,0.0,0.0,199
1,[],26,[],2019-02-12 07:34:53,0.0,0.00000000,0,6641349,2019-02-12 07:34:53,btc,0.0,766438.0,0.00000000,btc,0.0,0.0,0.0,199
0,[],17,[],2019-01-30 16:32:01,0.0,0,0,6540827,2019-01-30 16:32:01,btc,6.802544163788159,0.0,0,btc,105897.55575295,0.0,0.0,200
0,[],2,[],2019-01-20 23:30:49,0.0,0,0,6477059,2019-01-20 23:30:49,,0.0,0.0,0,,0.0,0.0,0.0,201
1,[],4,[],2019-01-25 15:51:35,2084389.58565343,0.00000936,0.000000000333526752,6499557,2019-01-25 15:51:35,btc,2.0092503037378524,0.0,0.00000936,btc,160195.80207885,0.19272417,1.242687955921835,211
1,[],7,[],2019-02-12 07:34:56,4470510.77952366,0.0000015000000000000000380012861456169304119612206704914569854736328125,0.0000000000543186,6641350,2019-02-12 07:34:56,btc,16567815.513372494,133314.900481,0.0000015000000000000000380012861456169304119612206704914569854736328125,btc,12057342.13590237,0.20611398,3.43355561342361,212
1,[],12,[],2019-01-25 02:44:32,207462.42853209,0.000001080000000000000035831255497387193287295303889550268650054931640625,0.000000000038610756000000006,6493050,2019-01-25 02:44:32,btc,85023.03793723314,0.0,0.000001080000000000000035831255497387193287295303889550268650054931640625,btc,43675.73520027,0.000146250909087,0.0348620860622024,213
1,[],5,[],2019-02-12 07:34:59,4.21e-06,0.00000033,0.000000000011950092,6641351,2019-02-12 07:34:59,btc,1.20555495,0.1351559,0.00000033,btc,3.136e-05,0.0,0.3054707,213
1,[],24,[],2019-02-12 07:34:59,0.0,0.000000050000,0.00000000000181062,6641352,2019-02-12 07:34:59,btc,0.0,0.0,0.000000050000,btc,0.0,0.0,0.0,213
1,[],26,[],2019-02-12 07:35:00,0.0,0.00000009,0.000000000003259116,6641353,2019-02-12 07:35:00,btc,0.0,0.0,0.00000009,btc,0.0,0.0,0.0,213
1,[],22,[],2019-02-12 07:35:06,157299.0,0.00000002,0.0000000000007242479999999999,6641354,2019-02-12 07:35:06,BTC,2.19498618,0.0,0.00000002,BTC,188021.63137942314,0.00227762,0.00233198,216
1,[],27,[],2019-02-12 07:35:08,5203157.5555,0.00000004,0.0000000000014484959999999998,6641355,2019-02-12 07:35:08,btc,391.91107336756,0.0,0.00000004,"btc,ltc",274171.569,0.0,0.05469726222,216
1,[],22,[],2019-02-12 07:35:12,303131.8247499803,0.00000209,0.000000000075683916,6641356,2019-02-12 07:35:12,BTC,12677.00398768,0.0,0.00000209,BTC,395623.94122941507,0.01191826,0.43067287,217
1,[],7,[],2019-02-12 07:35:13,0.0,0,0,6641357,2019-02-12 07:35:13,btc,77970.05582791512,0.0,0,btc,137091858.32140028,0.0,0.0,219
0,[],27,[],2019-02-12 07:35:15,0.0,0,0,6641358,2019-02-12 07:35:15,,5.3418937883169715,0.0,0,btc,1605140.99226592,0.0,0.0,219
0.0000000000000052,[],28,[],2019-02-12 07:35:20,203064785.715,6.76052e-18,2.44814654448e-22,6641359,2019-02-12 07:35:20,doge,88584.47496696751,11244.0,0.00130010,"btc,doge",4974548.69631,0.0,1.8166181279819248e-11,219
1,[],22,[],2019-02-12 07:35:24,231088.57777777777,0.00000100,0.0000000000362124,6641360,2019-02-12 07:35:24,BTC,3.05145392,0.0,0.00000100,BTC,84661.14955994174,0.06172071,0.0457109,221
1,[],24,[],2019-02-12 07:35:24,0.0,0.000000850000,0.00000000003078054,6641361,2019-02-12 07:35:24,btc,0.0,0.0,0.000000850000,btc,0.0,0.0,0.0,221
1,[],20,[],2019-02-12 07:35:26,52202920.2575,0.000000003,0.00000000000010863719999999999,6641362,2019-02-12 07:35:26,btc,49.918571430055,0.0,0.000000003,btc,10039345.7251,0.0,0.0547525771171,224
0,[],22,[],2019-02-12 07:35:28,0.0,0,0,6641363,2019-02-12 07:35:28,,0.0,0.0,0,,0.0,0.0,0.0,224
1,[],26,[],2019-02-12 07:35:28,0.0,0.00000045,0.00000000001629558,6641364,2019-02-12 07:35:28,btc,0.0,0.0,0.00000045,btc,0.0,0.0,0.0,231
1,[],26,[],2019-02-12 07:35:29,0.0,0.00000004,0.0000000000014484959999999998,6641365,2019-02-12 07:35:29,btc,0.0,0.0,0.00000004,btc,0.0,0.0,0.0,234
0,[],27,[],2019-02-12 07:35:31,0.0,0,0,6641366,2019-02-12 07:35:31,,0.0113483662182,0.0,0,"btc,eth",11462.99618,0.0,0.0,234
0,[],22,[],2019-02-12 07:35:33,0.0,0,0,6641367,2019-02-12 07:35:33,,3.0822287,0.0,0,,103833019.06349206,0.0,0.0,235
1,[],4,[],2019-02-12 07:35:35,1389481.5224357,0.00000082,0.000000000029694168,6641368,2019-02-12 07:35:35,btc,0.3258975026199451,0.0,0.00000082,btc,238054.7658115,0.19714231,0.4259819797565603,236
1,[],24,[],2019-02-12 07:35:35,0.0,0.000000020000,0.0000000000007242479999999999,6641369,2019-02-12 07:35:35,btc,0.0,0.0,0.000000020000,btc,0.0,0.0,0.0,236
1,[],20,[],2019-02-12 07:35:36,67158884.438,0.000000069,0.0000000000024986556,6641370,2019-02-12 07:35:36,btc,14.8417252956023,17715271.1954,0.000000069,btc,30387177.7118,1.1874927992035,0.4846204635224,237
0.0000000001202691,[],22,[],2019-02-12 07:35:40,14400.0,1.202691e-17,4.35523275684e-22,6641371,2019-02-12 07:35:40,LTC,0.04083605,0.0,0.0000001,LTC,4179.0,0.0,0.00144,237
1,[],4,[],2019-02-12 07:35:41,4841811.48871206,0.00000033,0.000000000011950092,6641372,2019-02-12 07:35:41,btc,0.602929959286065,0.0,0.00000033,btc,1577067.24170422,0.49266451,1.4860199928721736,238
1,[],5,[],2019-02-12 07:35:43,4.25e-06,0.00000033,0.000000000011950092,6641373,2019-02-12 07:35:43,btc,0.73282366,0.00078783,0.00000033,btc,2.957e-05,0.0,0.26594179,238
0,[],22,[],2019-02-12 07:35:45,0.0,0,0,6641374,2019-02-12 07:35:45,,15.41678688,0.0,0,,370860.0639027493,0.0,0.0,249
0.0000000001202691,[],22,[],2019-02-12 07:35:49,7124354.333333333,3.608073e-18,1.306569827052e-22,6641375,2019-02-12 07:35:49,LTC,0.36811719,0.0,0.00000003,LTC,11588757.09,0.0,0.21273365,252
1,[],28,[],2019-02-12 07:35:54,3479213.286,0.00000013,0.0000000000047076119999999995,6641376,2019-02-12 07:35:54,btc,164693.50960716058,40565.6,0.00000013,btc,596326.7599,0.0,0.2108710963,256
1,[],22,[],2019-02-12 07:35:57,360982.125,0.00000008,0.0000000000028969919999999997,6641377,2019-02-12 07:35:57,BTC,30.2035248,0.0,0.00000008,BTC,426592.1122661123,0.00306312,0.02085643,258
1,[],22,[],2019-01-26 20:58:41,368451.0,0.00000001,0.000000000000356135,6510120,2019-01-26 20:58:41,BTC,2.642917,0.0,0.00000001,"BTC,LTC",1862.0,0.0,0.02488451,259
1,[],22,[],2019-02-12 07:36:02,15129.840199750312,0.00000801,0.000000000290061324,6641378,2019-02-12 07:36:02,BTC,1293.03111054,0.0,0.00000801,"BTC,LTC",6823.759092230973,0.11041743,0.04432438,262
1,[],5,[],2019-02-12 07:36:04,0.00010211,0.00000321,0.000000000116241804,6641379,2019-02-12 07:36:04,btc,0.34458498,0.21897933,0.00000321,btc,0.00028824,0.0,0.30256347,264
1,[],20,[],2019-02-12 07:36:06,1165959.9516,0.00000251,0.000000000090893124,6641380,2019-02-12 07:36:06,btc,4.963175004139,42758.2704,0.00000251,btc,96248.0703,0.1206313705064,0.01990422113,264
1,[],22,[],2019-02-12 07:36:10,95356.5,0.00000002,0.0000000000007242479999999999,6641381,2019-02-12 07:36:10,BTC,9.07980096,0.0,0.00000002,BTC,228209.31707431233,0.0,0.0014095,271
0,[],22,[],2019-02-12 07:36:13,0.0,0,0,6641382,2019-02-12 07:36:13,,384.77798703,0.0,0,,15106717515.9,0.0,0.0,272
0.0000000000000052,[],28,[],2019-02-12 07:36:19,171567505800.097,4.264e-21,1.544096736e-25,6641383,2019-02-12 07:36:19,doge,374550711.3321324,27401136415.607,0.00000082,doge,222054833555.72058,0.0,4.1510758032172895e-10,272
1,[],22,[],2019-02-12 07:36:25,11605.4,0.00001530,0.00000000055404972,6641384,2019-02-12 07:36:25,BTC,74.070592,0.0,0.00001530,"BTC,LTC",1388.0826333333334,0.0059865,0.01747442,281
