pairValue,buyBook,exchangeId,sellBook,updated,buyTotal,satoshiPrice,usdPrice,exchangeLogId,created,bestPair,sellTotalBtc,volume,pairPrice,activePairs,sellTotal,volumeBtc,buyTotalBtc,coinId
1,[],3,[],2019-03-19 15:55:20,31038.96266998808,0.01305526000000000082235107612405045074410736560821533203125,0.000000521630746456,6979088,2019-03-19 15:55:20,btc,60.14228461894863,0.0,0.01305526000000000082235107612405045074410736560821533203125,btc,24.170649111684,0.0,0.3120964663292563,1
1,[],4,[],2019-03-19 15:55:21,207748.13893942,0.01297000,0.000000518224132,6979089,2019-03-19 15:55:21,btc,13.230883091656542,0.0,0.01297000,btc,236.94928707,1.300748,1.0889949389230877,1
1,[],5,[],2019-03-19 15:55:24,0.0,0,0,6979090,2019-03-19 15:55:24,btc,0.0,0.16772181,0,btc,0.0,0.0,0.0,1
1,[],10,[],2019-03-19 15:55:25,413684.73926393,0.01116,0.000000445904496,6979091,2019-03-19 15:55:25,btc,6523.306738072301,1430.25630451,0.01116,btc,1013.12577196,0.0,4.663409904188935,1
1,[],12,[],2019-03-19 15:55:29,55.74032905,0.0130200000000000003230749001659205532632768154144287109375,0.000000520221912,6979092,2019-03-19 15:55:29,btc,0.1781529397074,0.0,0.0130200000000000003230749001659205532632768154144287109375,btc,13.07819502,0.0276069396171,0.4317850581852,1
1,[],20,[],2019-03-19 15:55:31,1152.61,0.01070001,0.00000042752531955600003,6979093,2019-03-19 15:55:31,btc,0.0423738248054,0.0,0.01070001,btc,1.8879,0.0,0.0974385503531,1
1,[],21,[],2019-03-19 15:55:33,2073.18843158,0.01305018999999999970706987540,0.000000521428171564,6979094,2019-03-19 15:55:33,btc,55.16898207170471,9282.29956558,0.0130501899999999997070698753987016971223056316375732421875,"btc,eth",4972.06909042,113.22638026753876,19.98293988468555,1
1,[],22,[],2019-03-19 15:57:03,0.07686088253968254,0.01260000,0.00000050344056,6979095,2019-03-19 15:57:03,BTC,0.31439419,0.0,0.01260000,BTC,0.12751438772928525,0.0,0.00096785,1
1,[],24,[],2019-03-19 15:57:04,0.0,0.000000000000,0,6979096,2019-03-19 15:57:04,btc,0.0,0.0,0.000000000000,btc,0.0,0.0,0.0,1
0.0,[],25,[],2019-03-19 15:57:05,0.0,0,0,6979097,2019-03-19 15:57:05,btc,39.49119999746689,388.90865744,0.0,btc,2952.34205547,5.1,0.0,1
1,[],26,[],2019-03-19 15:57:06,0.0,0,0,6979098,2019-03-19 15:57:06,,0.0,0.0,0,,0.0,0.0,0.0,1
1,[],28,[],2019-03-19 15:57:14,994.123,0.01250000,0.000000499445,6979099,2019-03-19 15:57:14,btc,0.151703079,18267.86,0.01250000,btc,8.184,0.0,0.101388596,1
0,[],2,[],2019-01-20 23:28:45,0.0,0,0,6477011,2019-01-20 23:28:45,,0.0,0.0,0,,0.0,0.0,0.0,1
1,[],5,[],2019-03-19 15:57:16,0.0,0,0,6979100,2019-03-19 15:57:16,btc,0.0,0.03032352,0,btc,0.0,0.0,0.0,2
0.00000000013114370000000002,[],22,[],2019-03-19 15:58:24,1148.0,1.4425807e-16,5.763917741692e-21,6979101,2019-03-19 15:58:24,XMR,21.02425527,0.0,0.00000110,XMR,24942.398537272726,0.0,0.00087635,2
1,[],5,[],2019-03-19 15:58:25,0.0,0,0,6979102,2019-03-19 15:58:25,btc,0.0,0.38600164,0,btc,0.0,0.0,0.0,3
1,[],12,[],2019-03-19 15:58:27,2438732.31233888,0.000000191,0.0000000000076315196,6979103,2019-03-19 15:58:27,btc,23468.958849725142,0.0,0.000000191,btc,1497299.40159856,0.10838697263994249,0.3407544395454984,3
0,[],28,[],2019-03-19 15:58:33,0.0,0,0,6979104,2019-03-19 15:58:33,,0.0,0.0,0,,0.0,0.0,0.0,3
0,[],2,[],2019-01-20 23:31:32,0.0,0,0,6477077,2019-01-20 23:31:32,,0.0,0.0,0,,0.0,0.0,0.0,4
1,[],4,[],2019-03-19 15:58:35,355704.42307915,0.00000031,0.000000000012386236,6979105,2019-03-19 15:58:35,btc,32.07946638954497,0.0,0.00000031,btc,716936.26886822,0.00280828,0.0356358683364649,4
1,[],12,[],2019-03-19 15:58:36,394675.0,0.00000002,0.0000000000007991120000000001,6979106,2019-03-19 15:58:36,btc,1111853.28863852,0.0,0.00000002,btc,793260.33266733,0.0,0.00435224,5
0,[],2,[],2019-01-20 23:31:51,0.0,0,0,6477087,2019-01-20 23:31:51,,0.0,0.0,0,,0.0,0.0,0.0,6
1,[],11,[],2019-03-19 15:58:38,3387507.66422,0.00000001,0.00000000000039955600000000003,6979107,2019-03-19 15:58:38,btc,9574.354910298487,882000.0,0.00000001,btc,43549534.90528502,0.0,0.0338750766422,6
1,[],3,[],2019-03-19 15:58:39,1111.874925057246,0.00016001000000000000791054721727135756736970506608486175537109375,0.0000000063932955560000005,6979108,2019-03-19 15:58:39,btc,29.634654231634162,0.0,0.00016001000000000000791054721727135756736970506608486175537109375,btc,241.020514578101,0.0,0.03830597781778914,7
1,[],4,[],2019-03-19 15:58:41,105225.32465615,0.00023472,0.000000009378378432,6979109,2019-03-19 15:58:41,btc,12.130752139408969,0.0,0.00023472,btc,41780.39103174,5.89253478,11.032892739870233,7
1,[],5,[],2019-03-19 15:58:42,0.0,0,0,6979110,2019-03-19 15:58:42,btc,0.0,0.39732684,0,btc,0.0,0.0,0.0,7
1,[],20,[],2019-02-20 02:16:17,39399275.8418,0.000000001,0.0000000000000390183,6728586,2019-02-20 02:16:17,btc,116.9737569154545,525.0,0.000000001,btc,56932965.8895,5.25e-07,0.0393992758418,8
1,[],4,[],2019-03-19 15:58:44,2385640.12914787,0.00000156,0.000000000062330736,6979111,2019-03-19 15:58:44,btc,7.000698136363364,0.0,0.00000156,btc,3199694.00216985,0.62003813,2.6119986336481302,9
1,[],28,[],2019-03-19 15:58:53,26783.0,0.00000160,0.00000000006392896,6979112,2019-03-19 15:58:53,btc,2708.766379464023,3598575.13,0.00000160,btc,14696.5673,0.0,0.0154175,9
0,[],2,[],2019-01-20 23:22:42,0.0,0,0,6476876,2019-01-20 23:22:42,,0.0,0.0,0,,0.0,0.0,0.0,9
0,[],23,[],2019-01-20 23:22:48,0.0,0,0,6476878,2019-01-20 23:22:48,,0.0,0.0,0,,0.0,0.0,0.0,9
1,[],1,[],2019-02-17 23:31:42,1822507.21,0.00000181000000000000003456111265232042484285557293333113193511962890625,0.000000000066086901,6701244,2019-02-17 23:31:42,btc,3.6990969245,17153386.5,0.00000181000000000000003456111265232042484285557293333113193511962890625,btc,1997391.71,31.11772986,3.2610482446,9
1,[],4,[],2019-02-17 11:22:43,4341674.27126056,0.00000002,0.0000000000007272960000000001,6696112,2019-02-17 11:22:43,btc,0.1997230937751353,0.0,0.00000002,btc,4109766.79808031,0.00215132,0.0479381022052112,10
1,[],4,[],2019-03-19 15:58:54,4760134.81922286,0.00000149,0.000000000059533844,6979113,2019-03-19 15:58:54,btc,12.990534019539044,0.0,0.00000149,btc,5248545.66373386,4.77292685,5.004681962300464,12
1,[],5,[],2019-03-19 15:58:56,0.0,0,0,6979114,2019-03-19 15:58:56,btc,0.0,0.16405256,0,btc,0.0,0.0,0.0,12
0.0,[],25,[],2019-03-19 15:58:58,0.0,0,0,6979115,2019-03-19 15:58:58,,0.0,0.0,0.0,btc,0.0,0.0,0.0,12
0,[],2,[],2019-01-20 23:23:08,0.0,0,0,6476890,2019-01-20 23:23:08,,0.0,0.0,0,,0.0,0.0,0.0,12
1,[],4,[],2019-03-19 15:59:00,32906306.95027167,0.00001094,0.000000000437114264,6979116,2019-03-19 15:59:00,btc,3.4820070882934844,0.0,0.00001094,btc,261759.45609573,1.84568929,1.229466993445835,13
1,[],21,[],2019-03-19 15:59:04,1862804.5932843,0.00001096000000000000009696236869,0.00000000043791337600000003,6979117,2019-03-19 15:59:04,btc,15.434261407197326,1666495.53999273,0.00001096000000000000009696236868972363254215451888740062713623046875,btc,1259955.8313194,18.24767029,18.413438430642525,13
1,[],10,[],2019-03-19 14:16:44,477713.3905449,0.00001151,0.000000000459182242,6978539,2019-03-19 14:16:44,btc,666776.3124541941,21164.8815426,0.00001151,btc,638463.11299282,0.0,0.6190772409150141,13
1,[],4,[],2019-03-19 15:59:05,1099266.60057394,0.00000080,0.00000000003196448,6979118,2019-03-19 15:59:05,btc,5.395605008990354,0.0,0.00000080,btc,994503.60841289,0.01182326,0.1831708567013486,14
1,[],12,[],2019-03-19 15:59:06,303849.57142857,0.0000007,0.000000000027968919999999998,6979119,2019-03-19 15:59:06,btc,0.0560460472702452,0.0,0.0000007,btc,13799.95186185,2.13786214e-06,0.032332399999999,14
0,[],17,[],2019-03-19 15:59:19,0.0,0,0,6979120,2019-03-19 15:59:19,btc,0.0,0.0,0,btc,0.0,0.0,0.0,14
1,[],26,[],2019-03-19 15:59:19,0.0,0.00000050,0.0000000000199778,6979121,2019-03-19 15:59:19,btc,0.0,0.0,0.00000050,btc,0.0,0.0,0.0,14
0,[],4,[],2019-03-19 15:59:20,0.0,0,0,6979122,2019-03-19 15:59:20,,0.0,0.0,0,,0.0,0.0,0.0,15
,[],12,[],2018-12-01 15:15:48,204241.84496,0.00000489,0.000000000202473384,5260204,2018-12-01 15:15:48,btc,49.5475654835,0.0,,btc,35763.2193806,0.0163153972027625,0.0203389899998,15
1,[],4,[],2019-03-19 15:59:24,74670.85159986,0.00001541,0.000000000615715796,6979123,2019-03-19 15:59:24,btc,1.1156742377111901,0.0,0.00001541,btc,18832.19853525,0.04239947,0.0509489510632485,18
1,[],10,[],2019-03-19 15:59:26,787128.22159121,0.00001557,0.000000000622108692,6979124,2019-03-19 15:59:26,btc,15.392716904287479,20045.0280016,0.00001557,btc,12633.10161245,0.0,0.18399944936256,18
1,[],12,[],2019-03-19 15:59:27,338424.36668682,0.00001548999999999999907670210352872430803472525440156459808349609375,0.000000000618912244,6979125,2019-03-19 15:59:27,btc,33214.730195308606,0.0,0.00001548999999999999907670210352872430803472525440156459808349609375,btc,950.26745122,0.0136293601918992,0.060518528293287695,18
0,[],17,[],2019-03-19 15:59:39,0.0,0,0,6979126,2019-03-19 15:59:39,btc,0.0,0.0,0,btc,0.0,0.0,0.0,18
0,[],2,[],2019-01-20 23:23:38,0.0,0,0,6476906,2019-01-20 23:23:38,,0.0,0.0,0,,0.0,0.0,0.0,18
1,[],3,[],2019-03-19 15:59:40,119785.9551089381,0.0000182299999999999999479756429554555552385863848030567169189453125,0.000000000728390588,6979127,2019-03-19 15:59:40,btc,0.6473018627828636,0.0,0.0000182299999999999999479756429554555552385863848030567169189453125,btc,13054.055445313174,0.0,0.046378850098622165,19
1,[],4,[],2019-03-19 15:59:41,214267.24694538,0.00002091,0.000000000835471596,6979128,2019-03-19 15:59:41,btc,4.530034395942246,0.0,0.00002091,btc,106777.03325524,1.08149395,2.1772099329011647,19
1,[],5,[],2019-03-19 15:59:42,0.0,0,0,6979129,2019-03-19 15:59:42,btc,0.0,0.00326975,0,btc,0.0,0.0,0.0,19
1,[],12,[],2019-03-19 15:59:43,386543.8502451,0.00001805000000000000167136270101675421528852893970906734466552734375,0.00000000072119858,6979130,2019-03-19 15:59:43,btc,0.2048638716614836,0.0,0.00001805000000000000167136270101675421528852893970906734466552734375,btc,1933.61293599,0.0187397298406513,0.0639106499994402,19
0,[],27,[],2019-03-19 15:59:50,0.0,0,0,6979131,2019-03-19 15:59:50,,0.0,0.0,0,btc,0.0,0.0,0.0,19
0,[],2,[],2019-01-20 23:24:19,0.0,0,0,6476924,2019-01-20 23:24:19,,0.0,0.0,0,,0.0,0.0,0.0,19
1,[],4,[],2019-03-19 15:59:51,2829688.59634985,0.00000013,0.000000000005194228,6979132,2019-03-19 15:59:51,btc,7.379342187426975,0.0,0.00000013,btc,2861180.63183601,0.0001014,0.0844316666487598,20
1,[],4,[],2019-03-19 15:59:52,90563530.17693596,0.00000001,0.000000000000399556,6979133,2019-03-19 15:59:52,btc,39580.107109576355,0.0,0.00000001,btc,58472256.91491303,0.00826109,0.9056353017693596,21
1,[],12,[],2019-03-19 15:59:54,2155405.0,0.00000001,0.00000000000039955600000000003,6979134,2019-03-19 15:59:54,btc,2870.538846270589,0.0,0.00000001,btc,2988678.52947052,0.0002031797002998,0.02155405,21
0,[],17,[],2019-03-19 15:26:28,0.0,0,0,6978942,2019-03-19 15:26:28,btc,0.0,0.0,0,btc,0.0,0.0,0.0,21
1,[],12,[],2019-03-19 15:59:56,3204627572.0,0.0000000002,0.00000000000000799112,6979135,2019-03-19 15:59:56,btc,2961532.8154993737,0.0,0.0000000002,btc,1405067103.3596404,0.30784553140219506,0.3749839592,23
0,[],27,[],2019-03-19 16:00:03,0.0,0,0,6979136,2019-03-19 16:00:03,,13.9750273112066,0.0,0,eth,6313324.08723636,0.0,0.0,23
1,[],4,[],2019-03-19 16:00:05,676772.83601802,0.00000047,0.000000000018779132000000002,6979137,2019-03-19 16:00:05,btc,10.571317133166586,0.0,0.00000047,btc,1629916.00825949,0.0070778,0.172267159086797,24
1,[],22,[],2019-03-19 16:00:35,11.76,0.00000100,0.0000000000399556,6979138,2019-03-19 16:00:35,BTC,7.415e-05,0.0,0.00000100,BTC,23.919354838709676,0.0,1.176e-05,24
0.0,[],25,[],2019-03-19 16:00:36,0.0,0,0,6979139,2019-03-19 16:00:36,,0.0,0.0,0.0,btc,0.0,0.0,0.0,24
1,[],4,[],2019-03-19 16:00:37,26800321.54394537,0.00000655,0.00000000026170918,6979140,2019-03-19 16:00:37,btc,57.03765712165629,0.0,0.00000655,btc,254026.32951924,0.30009833,0.6907557854145872,26
1,[],10,[],2019-03-19 16:00:40,603251.78289451,0.00000577,0.000000000230543812,6979141,2019-03-19 16:00:40,btc,25.23701445294761,4388.01996862,0.00000577,btc,14702.66420715,0.0,0.1469897173618276,26
0,[],2,[],2019-01-20 23:25:56,0.0,0,0,6476976,2019-01-20 23:25:56,,0.0,0.0,0,,0.0,0.0,0.0,26
1,[],3,[],2019-03-19 16:00:42,10183163.48184747,0.00000001,0.00000000000039955600000000003,6979142,2019-03-19 16:00:42,btc,2.0625272795082132,5003.059,0.00000001,btc,16017441.31331054,0.0,0.10183163481847471,27
1,[],5,[],2019-03-19 16:00:43,0.0,0,0,6979143,2019-03-19 16:00:43,btc,0.0,5.56e-06,0,btc,0.0,0.0,0.0,27
1,[],11,[],2019-03-19 16:00:45,8483599.24590115,0.00000006,0.0000000000023973359999999997,6979144,2019-03-19 16:00:45,btc,67506.1891365516,10079.0,0.00000006,btc,7956117.08369704,0.0,0.4685351649180229,27
1,[],4,[],2019-03-19 16:00:46,2158790940.914631,0.00000001,0.000000000000399556,6979145,2019-03-19 16:00:46,btc,3.715165532325115,0.0,0.00000001,"btc,ltc",293075066.9124114,0.07770866,9.753921545441115,29
1,[],7,[],2019-03-19 16:00:46,35609430.88543586,0.00000001,0.00000000000039955600000000003,6979146,2019-03-19 16:00:46,btc,44461604.29847082,1088.0,0.00000001,btc,52463874.458633214,0.0,0.35609430885435855,29
1,[],4,[],2019-03-19 16:00:48,4157229.53801913,0.00000018,0.000000000007192008,6979147,2019-03-19 16:00:48,btc,2.7737940256143276,0.0,0.00000018,btc,2171045.67430402,0.04328346,0.12160284391744,30
0,[],17,[],2019-03-19 16:00:57,0.0,0,0,6979148,2019-03-19 16:00:57,btc,0.0,0.0,0,btc,0.0,0.0,0.0,30
1,[],4,[],2019-03-19 16:00:58,211331.00777249,0.00006052,0.000000002418112912,6979149,2019-03-19 16:00:58,btc,5.740356687630522,0.0,0.00006052,btc,60557.65753437,0.74366282,3.5127477520833232,31
1,[],21,[],2019-03-19 16:00:59,70369.6900955,0.00006103999999999999833896757728,0.000000002438889824,6979150,2019-03-19 16:00:59,btc,4.945729859501652,200768.21918663,0.0000610399999999999983389675772826876709586940705776214599609375,btc,73050.94234431,12.27721271,3.9929687963078284,31
0,[],2,[],2019-01-20 23:28:43,0.0,0,0,6477009,2019-01-20 23:28:43,,0.0,0.0,0,,0.0,0.0,0.0,32
1,[],4,[],2019-03-19 16:01:00,395720697.696112,0.00000004,0.000000000001598224,6979151,2019-03-19 16:01:00,btc,8.870934428020226,0.0,0.00000004,"btc,ltc",176157624.05714104,0.37898199,8.434484771753274,33
1,[],12,[],2019-03-19 16:01:01,30689697.99233333,0.00000004,0.0000000000015982240000000001,6979152,2019-03-19 16:01:01,btc,4233114.481636804,0.0,0.00000004,btc,21229318.56843156,0.000114037682318,0.7288351167199999,33
1,[],4,[],2019-03-19 16:01:02,89789735.77117006,0.00000001,0.000000000000399556,6979153,2019-03-19 16:01:02,btc,3.230947940079121,0.0,0.00000001,btc,103071123.05110039,0.00192624,0.8978973577117006,34
1,[],5,[],2019-03-19 16:01:03,0.0,0,0,6979154,2019-03-19 16:01:03,btc,0.0,0.06256317,0,btc,0.0,0.0,0.0,34
0,[],17,[],2019-03-19 14:18:22,0.0,0,0,6978580,2019-03-19 14:18:22,btc,0.14155809883455717,0.0,0,btc,10796613.27743647,0.0,0.0,36
0.00000000014827720000000002,[],4,[],2019-03-19 16:01:04,5063561970.826218,1.4827720000000001e-18,5.924504492320001e-23,6979155,2019-03-19 16:01:04,ltc,4.954101578912851e-08,0.0,0.00000001,ltc,6361441917.810046,0.0,7.508107910605933e-09,36
1,[],5,[],2019-03-19 16:01:05,0.0,0,0,6979156,2019-03-19 16:01:05,btc,0.0,0.0,0,btc,0.0,0.0,0.0,36
0.00000000034503480000000003,[],27,[],2019-03-19 16:01:15,0.16325,3.4503480000000005e-18,1.378607245488e-22,6979157,2019-03-19 16:01:15,eth,12.99111767674873,0.0,0.00000001,eth,9363434.6076869,0.0,5.63269311e-19,36
1,[],4,[],2019-03-19 16:01:16,277542.72671142,0.00000060,0.00000000002397336,6979158,2019-03-19 16:01:16,btc,19772.462321179944,0.0,0.00000060,btc,576447.83327071,0.01535084,0.1243745971004697,37
1,[],12,[],2019-03-19 16:01:17,528145.63184554,0.00000061,0.000000000024372916,6979159,2019-03-19 16:01:17,btc,21.81618922409966,0.0,0.00000061,btc,474399.02026684,0.0585334460284833,0.18884300618663521,37
1,[],27,[],2019-03-19 16:01:24,14685.567,0.00000045,0.00000000001798002,6979160,2019-03-19 16:01:24,btc,24.25536383611233,0.0,0.00000045,btc,6518.38138508,0.0,0.00480032515,37
1,[],17,[],2019-03-19 15:04:21,1752.74075282,0.00000025,0.000000000009990225,6978775,2019-03-19 15:04:21,btc,0.055484923986823066,0.0,0.00000025,btc,1387.19918473,0.0,0.00043818518820499993,37
1,[],5,[],2019-03-19 16:01:25,0.0,0,0,6979161,2019-03-19 16:01:25,btc,0.0,0.00150161,0,btc,0.0,0.0,0.0,42
1,[],12,[],2019-03-19 16:01:26,259329.16572384,0.00000089,0.000000000035560484,6979162,2019-03-19 16:01:26,btc,5.581072553236265,0.0,0.00000089,btc,30271.39736427,0.0060811971225458,0.0191715199999643,42
0.00000000034503480000000003,[],27,[],2019-03-19 16:01:36,2000.0,3.4503480000000005e-18,1.378607245488e-22,6979163,2019-03-19 16:01:36,eth,0.00315028,0.0,0.00000001,"btc,eth",11.007,0.0,6.900696000000001e-15,42
1,[],5,[],2019-03-19 16:01:38,0.0,0,0,6979164,2019-03-19 16:01:38,btc,0.0,0.01252211,0,btc,0.0,0.0,0.0,43
0,[],17,[],2019-03-19 15:28:03,0.0,0,0,6978972,2019-03-19 15:28:03,btc,0.0,0.0,0,btc,0.0,0.0,0.0,43
1,[],12,[],2019-03-13 09:13:29,1112112.0,0.00000001,0.000000000000386531,6919902,2019-03-13 09:13:29,btc,29058.00478931866,0.0,0.00000001,btc,5967681.93306694,9.99000999e-07,0.01112112,43
1,[],12,[],2019-03-05 01:54:08,639326.02,0.00000004,0.000000000001486676,6845775,2019-03-05 01:54:08,btc,11116042.728239931,0.0,0.00000004,btc,1103841.4595604,0.0003330765234764,0.014975410599999999,44
1,[],4,[],2019-03-19 16:01:51,298138838.73267287,0.00000002,0.000000000000799112,6979165,2019-03-19 16:01:51,btc,473.8029460773473,0.0,0.00000002,"btc,ltc",12844260.54219975,0.000909,0.28376841991879154,49
0.00000000014827720000000002,[],4,[],2019-03-19 16:01:52,451383482.62466913,1.4827720000000001e-18,5.924504492320001e-23,6979166,2019-03-19 16:01:52,ltc,25.901654674313473,0.0,0.00000001,ltc,8598823678.009727,0.0,6.69298789298346e-10,52
0,[],22,[],2019-03-19 16:04:29,0.0,0,0,6979167,2019-03-19 16:04:29,,4412.38201813,0.0,0,,255999462.92,0.0,0.0,57
0.00000000034503480000000003,[],27,[],2019-03-19 16:04:42,2000.0,3.4503480000000005e-18,1.378607245488e-22,6979168,2019-03-19 16:04:42,eth,0.0,0.0,0.00000001,"btc,eth",0.0,0.0,6.900696000000001e-15,57
0.00000000014827720000000002,[],4,[],2019-03-19 16:04:43,758703760.9328182,2.9655440000000002e-18,1.1849008984640002e-22,6979169,2019-03-19 16:04:43,ltc,18.657617401449325,0.0,0.00000002,ltc,4665021416.967522,0.0,1.6888184129302473e-09,58
1,[],12,[],2019-03-19 16:04:45,1424057348.0,0.0000000003,0.00000000000001198668,6979170,2019-03-19 16:04:45,btc,5376425.009482314,0.0,0.0000000003,btc,1795439547.3086913,0.000899544164435568,0.3651416045,58
0,[],17,[],2019-03-19 16:04:47,0.0,0,0,6979171,2019-03-19 16:04:47,btc,1e+24,0.0,0,btc,49306342.21952568,0.0,0.0,58
0.00000000013114370000000002,[],22,[],2019-03-19 16:06:04,137438.0,1.311437e-18,5.23992521972e-23,6979172,2019-03-19 16:06:04,XMR,69.1795942,0.0,0.00000001,XMR,9887963.0,0.0,0.00137438,58
1,[],5,[],2019-03-19 16:06:06,0.0,0,0,6979173,2019-03-19 16:06:06,btc,0.0,0.01363579,0,btc,0.0,0.0,0.0,61
1,[],22,[],2019-03-19 16:07:02,13656.0,0.00000012,0.000000000004794672,6979174,2019-03-19 16:07:02,BTC,1002.2960049,0.0,0.00000012,BTC,14976.68361146909,0.0,0.00153775,61
1,[],26,[],2019-03-19 16:07:03,0.0,0.00000800,0.0000000003196448,6979175,2019-03-19 16:07:03,btc,0.0,0.0,0.00000800,btc,0.0,0.0,0.0,61
0,[],27,[],2019-03-19 16:07:08,0.0,0,0,6979176,2019-03-19 16:07:08,,0.0,0.0,0,,0.0,0.0,0.0,61
1,[],28,[],2019-03-19 16:07:15,13880.304,0.0000005,0.0000000000199778,6979177,2019-03-19 16:07:15,btc,2.056812978300105,875.0,0.0000005,btc,10230.59500005,0.0,0.00566391304,61
1,[],4,[],2019-03-19 16:07:16,1278662.66184807,0.00000247,0.000000000098690332,6979178,2019-03-19 16:07:16,btc,8.901152933267749,0.0,0.00000247,btc,768583.51538385,0.29842963,0.9854120764662057,67
0.0,[],25,[],2019-03-19 16:07:18,0.0,0,0,6979179,2019-03-19 16:07:18,,0.0,0.0,0.0,btc,0.0,0.0,0.0,67
1,[],12,[],2019-03-19 16:07:19,759433.25217459,0.00000016,0.0000000000063928960000000005,6979180,2019-03-19 16:07:19,btc,1111615.2211882458,0.0,0.00000016,btc,960316.59452698,0.0126700400649682,0.056225094191818,71
,[],5,[],2018-11-20 23:02:39,1.5e-07,0.00000005,0.000000000002128045,4862160,2018-11-20 23:02:39,btc,2.84511358,0.0,,btc,0.00036572,0.0,0.07381892,74
1,[],5,[],2019-03-19 16:07:21,0.0,0,0,6979181,2019-03-19 16:07:21,btc,0.0,0.0,0,btc,0.0,0.0,0.0,75
1,[],4,[],2019-03-19 16:07:23,13382103.94481309,0.00000001,0.000000000000399556,6979182,2019-03-19 16:07:23,btc,11370.01882265495,0.0,0.00000001,btc,39916337.06932191,0.0,0.1338210394481309,81
0,[],20,[],2019-01-25 09:30:31,0.0,0,0,6495923,2019-01-25 09:30:31,btc,0.0,0.0,0,btc,0.0,0.0,0.0,81
1,[],4,[],2019-03-19 16:07:28,23304.85607114,0.00007977,0.000000003187258212,6979183,2019-03-19 16:07:28,btc,17.89559882095463,0.0,0.00007977,btc,12167.19020747,0.06410841,0.0552408020335759,82
1,[],21,[],2019-03-19 16:07:29,911783.56260268,0.00007653999999999999562586006085,0.000000003058201624,6979184,2019-03-19 16:07:29,btc,2.8125835611408307,917.40849493,0.0000765399999999999956258600608549613752984441816806793212890625,btc,31135.05377486,0.0709563,3.1385244030069317,82
0,[],17,[],2019-03-19 15:30:03,0.0,0,0,6978992,2019-03-19 15:30:03,btc,0.0447233088476774,0.0,0,btc,999127.19588126,0.0,0.0,84
0.00000000014827720000000002,[],4,[],2019-03-19 16:07:41,148324299.8457374,4.448316e-18,1.7773513476960002e-22,6979185,2019-03-19 16:07:41,ltc,1.675056963899881,0.0,0.00000003,ltc,367579842.3067035,0.0,3.180137046189948e-10,85
,[],22,[],2018-11-20 23:09:34,3408.1,0.0000001,0.0000000000041895,4862324,2018-11-20 23:09:34,BTC,0.04624735,0.0,,BTC,4990.0,0.0,0.00033081,86
1,[],22,[],2019-03-19 15:31:07,111869.83333333333,0.00000006,0.000000000002397066,6978994,2019-03-19 15:31:07,BTC,2.07824106,0.0,0.00000006,BTC,165278.94736842104,0.0,0.00185219,87
0,[],27,[],2019-03-19 15:31:10,0.0,0,0,6978995,2019-03-19 15:31:10,,0.0,0.0,0,,0.0,0.0,0.0,87
,[],2,[],2018-11-20 23:10:47,0.0,0,0,4862359,2018-11-20 23:10:47,,0.0,0.0,,,0.0,0.0,0.0,88
1,[],11,[],2019-03-19 15:31:13,105925.76810002999,0.0001502200000000000084700302327433973914594389498233795166015625,0.000000006001454242000001,6978996,2019-03-19 15:31:13,btc,613.1062005050757,701.55855205,0.0001502200000000000084700302327433973914594389498233795166015625,btc,105035.70988327,0.0,8.211039618157782,89
0,[],2,[],2019-01-20 23:31:45,0.0,0,0,6477083,2019-01-20 23:31:45,,0.0,0.0,0,,0.0,0.0,0.0,91
1,[],12,[],2019-03-19 15:31:15,312284.94690528,0.00000091,0.000000000036355501,6978997,2019-03-19 15:31:15,btc,58.4425674962671,0.0,0.00000091,btc,87676.39121051,0.0011381540459512,0.030806048667855898,91
0,[],17,[],2019-03-19 15:31:26,0.0,0,0,6978998,2019-03-19 15:31:26,btc,0.0,0.0,0,btc,0.0,0.0,0.0,91
1,[],22,[],2019-03-19 15:31:39,65900.0,0.00000001,0.000000000000399511,6978999,2019-03-19 15:31:39,BTC,3e-06,0.0,0.00000001,BTC,1.0,0.0,0.000659,91
0,[],22,[],2019-03-19 15:32:25,0.0,0,0,6979000,2019-03-19 15:32:25,,4.79897116,0.0,0,,46768900.1,0.0,0.0,95
0,[],17,[],2019-03-19 14:25:49,0.0,0,0,6978620,2019-03-19 14:25:49,btc,0.0,0.0,0,btc,0.0,0.0,0.0,96
0.0000000001485587,[],4,[],2019-03-19 15:32:27,543514300.914371,7.1308176e-17,2.8488400701936004e-21,6979001,2019-03-19 15:32:27,ltc,11.887660069461344,0.0,0.00000048,ltc,134288552.14470705,0.0001,1.3232222086367117e-09,96
0,[],12,[],2019-03-19 15:32:28,0.0,0,0,6979002,2019-03-19 15:32:28,btc,20.929217578651347,0.0,0,btc,3213629.86513483,3.9160839161e-06,0.0,96
1,[],4,[],2019-03-19 15:32:41,2837850.22023537,0.00000044,0.000000000017578484,6979003,2019-03-19 15:32:41,btc,5.808852551170422,0.0,0.00000044,btc,3114379.19143589,0.10285231,0.6897306167727888,99
0,[],2,[],2019-01-20 23:23:55,0.0,0,0,6476914,2019-01-20 23:23:55,,0.0,0.0,0,,0.0,0.0,0.0,100
1,[],4,[],2019-03-19 15:32:42,289008.67969695,0.00003486,0.0000000013926953460000002,6979004,2019-03-19 15:32:42,btc,12.155203618556099,0.0,0.00003486,btc,182878.08720135,0.91398476,1.3038346786977402,100
1,[],22,[],2019-03-19 15:32:59,120000.0,0.00000002,0.000000000000799022,6979005,2019-03-19 15:32:59,BTC,24.82891609,0.0,0.00000002,BTC,11877.22,0.0,0.0014,101
1,[],4,[],2019-03-19 15:33:00,1276388.97472031,0.00000084,0.000000000033558924000000004,6979006,2019-03-19 15:33:00,btc,291.6167613705967,0.0,0.00000084,btc,561417.00566555,0.00873862,0.2252510442511105,103
1,[],12,[],2019-03-19 15:33:04,33654770.0,0.000000007,0.00000000000027965770000000003,6979007,2019-03-19 15:33:04,btc,3219028.7320011435,0.0,0.000000007,btc,68580983.2678793,0.03142255165158049,0.052339879,105
1,[],27,[],2019-03-19 15:33:12,67312.7253,0.00000001,0.000000000000399511,6979008,2019-03-19 15:33:12,btc,36.61004578767041,157203.2747,0.00000001,btc,1418725.01561724,0.00157203,0.000673127253,105
1,[],22,[],2019-03-19 15:34:12,9328.0,0.00000001,0.000000000000399511,6979009,2019-03-19 15:34:12,BTC,51.10837004,0.0,0.00000001,BTC,470435.0,0.0,9.328e-05,107
1,[],26,[],2019-03-19 15:34:12,0.0,0.00000000,0,6979010,2019-03-19 15:34:12,btc,0.0,0.0,0.00000000,btc,0.0,0.0,0.0,107
1,[],5,[],2019-03-19 15:34:14,0.0,0,0,6979011,2019-03-19 15:34:14,btc,0.0,0.00133052,0,btc,0.0,0.0,0.0,112
0,[],22,[],2019-03-19 15:34:26,0.0,0,0,6979012,2019-03-19 15:34:26,,2.7794366,0.0,0,,826409.0833333334,0.0,0.0,112
0,[],27,[],2019-03-19 15:34:33,0.0,0,0,6979013,2019-03-19 15:34:33,,0.1688872,0.0,0,btc,648.0,0.0,0.0,112
1,[],4,[],2019-03-19 15:34:35,794234.93033707,0.00000193,0.000000000077105623,6979014,2019-03-19 15:34:35,btc,4.344763139270301,0.0,0.00000193,btc,410703.48451343,0.11229672,0.7980835997326347,113
1,[],5,[],2019-03-19 15:34:36,0.0,0,0,6979015,2019-03-19 15:34:36,btc,0.0,0.00118915,0,btc,0.0,0.0,0.0,113
1,[],17,[],2019-03-19 15:34:47,152738.278,0.00000004,0.0000000000015980440000000002,6979016,2019-03-19 15:34:47,btc,1.33680302678,0.0,0.00000004,btc,50696.221,0.0,0.0022095311199999998,116
0,[],27,[],2019-03-19 15:34:57,0.0,0,0,6979017,2019-03-19 15:34:57,,0.0,0.0,0,btc,0.0,0.0,0.0,116
1,[],4,[],2019-03-19 15:34:58,57866.24424202,0.00004901,0.0000000019580034110000003,6979018,2019-03-19 15:34:58,btc,181.08257944817774,0.0,0.00004901,btc,47694.39487461,0.32052333,1.0265253430897832,120
1,[],7,[],2019-03-19 15:35:01,23253.14846709,0.0000310000000000000013500485451789501212260802276432514190673828125,0.0000000012384841000000001,6979019,2019-03-19 15:35:01,btc,115655.55021820865,0.0,0.0000310000000000000013500485451789501212260802276432514190673828125,btc,33365.25544688,0.0,0.058837929999954,120
1,[],20,[],2019-03-19 15:35:04,1562733.1588,0.000000034,0.0000000000013583374000000002,6979020,2019-03-19 15:35:04,btc,32.3019190406648,9355.159,0.000000034,btc,1028084.0986,0.000318075406,0.0118142444686,125
1,[],22,[],2019-03-19 15:35:44,3053.0,0.00000001,0.000000000000399511,6979021,2019-03-19 15:35:44,BTC,0.01444887,0.0,0.00000001,BTC,296263.5111111111,0.0,3.053e-05,126
0,[],17,[],2019-03-19 14:31:03,0.0,0,0,6978640,2019-03-19 14:31:03,btc,0.0953976503951408,0.0,0,btc,5037.62507334,0.0,0.0,131
0,[],2,[],2019-01-20 23:25:46,0.0,0,0,6476969,2019-01-20 23:25:46,,0.0,0.0,0,,0.0,0.0,0.0,131
1,[],4,[],2019-03-19 15:35:45,1330139.45348833,0.00001090,0.00000000043546699000000003,6979022,2019-03-19 15:35:45,btc,2.969069583484207,0.0,0.00001090,btc,125128.75933477,0.23772317,0.3511757728605862,131
1,[],4,[],2019-03-19 15:35:47,4807.61602546,0.00010219,0.0000000040826029090000006,6979023,2019-03-19 15:35:47,btc,7.85842891261833,0.0,0.00010219,btc,264.02019984,0.04929581,0.0168831690701917,135
1,[],3,[],2019-03-07 00:20:44,877702.73244099,0.00000004,0.00000000000154846,6863392,2019-03-07 00:20:44,btc,0.119366241821405,0.0,0.00000004,btc,760637.99421222,0.0,0.023771231960604298,136
1,[],4,[],2019-03-19 15:35:48,108520.27797266,0.00000128,0.000000000051137408,6979024,2019-03-19 15:35:48,btc,38.736565890399454,0.0,0.00000128,btc,567581.22143339,0.86361873,0.0256900739575987,137
1,[],12,[],2019-03-19 15:35:50,150040.32564221,0.000001260000000000000006510091944689211373997750342823565006256103515625,0.000000000050338386,6979025,2019-03-19 15:35:50,btc,37.49704147322466,0.0,0.000001260000000000000006510091944689211373997750342823565006256103515625,btc,3669.52022333,0.0042244646340656,0.0118941999998796,137
1,[],17,[],2019-03-19 15:16:13,22967.386363640002,0.00000088,0.000000000035165592,6978835,2019-03-19 15:16:13,btc,20.06991335271652,0.0,0.00000088,btc,2746.079105,0.0,0.0104613000000032,142
1,[],4,[],2019-03-19 15:35:51,36855.56856148,0.00003739,0.000000001493771629,6979026,2019-03-19 15:35:51,btc,28.92334973225108,0.0,0.00003739,btc,54147.11195769,0.69628789,0.3291424107791389,142
1,[],5,[],2019-03-19 15:35:52,0.0,0,0,6979027,2019-03-19 15:35:52,btc,0.0,0.21006201,0,btc,0.0,0.0,0.0,142
1,[],20,[],2019-03-19 15:36:05,141969.2453,0.000036001,0.0000000014382795511,6979028,2019-03-19 15:36:05,btc,0.3357914473812,3.0797,0.000036001,btc,2239.1774,0.00011365926,0.312036159326,142
1,[],22,[],2019-03-19 15:36:44,1470.2803921568627,0.00001020,0.00000000040750122000000005,6979029,2019-03-19 15:36:44,BTC,3.0054103,0.0,0.00001020,BTC,910.5995,0.0,0.00121106,142
0.0,[],25,[],2019-03-19 15:36:46,0.0,0,0,6979030,2019-03-19 15:36:46,,0.0,0.0,0.0,btc,0.0,0.0,0.0,142
1,[],28,[],2019-03-19 15:36:48,82320.0,0.00001450,0.0000000005792909500000001,6979031,2019-03-19 15:36:48,btc,0.0725844444,677.1636,0.00001450,btc,479.55993,0.0,0.0718054,142
0,[],22,[],2019-03-19 15:37:06,0.0,0,0,6979032,2019-03-19 15:37:06,,65.73454167,0.0,0,,1043215670.8,0.0,0.0,143
0,[],22,[],2019-02-25 15:42:22,0.0,0,0,6783783,2019-02-25 15:42:22,,4.2131946,0.0,0,,2322156.0,0.0,0.0,146
,[],22,[],2018-11-20 23:01:11,0.0,0,0,4862114,2018-11-20 23:01:11,,2.56807021,0.0,,,61828.4988236,0.0,0.0,147
1,[],12,[],2019-03-19 15:16:33,356808.2800069,0.00000208999999999999989483564187542352641457910067401826381683349609375,0.000000000083518281,6978841,2019-03-19 15:16:33,btc,9.689172004444165,0.0,0.00000208999999999999989483564187542352641457910067401826381683349609375,btc,107766.52426484,0.0,0.1733160556794211,148
1,[],4,[],2019-03-19 15:37:08,258042.0646405,0.00000029,0.000000000011585819,6979033,2019-03-19 15:37:08,btc,218.94922712414143,0.0,0.00000029,btc,793529.37642722,0.00457179,0.0616617533673398,152
0,[],22,[],2019-03-19 15:37:15,0.0,0,0,6979034,2019-03-19 15:37:15,,0.0,0.0,0,,0.0,0.0,0.0,152
1,[],5,[],2019-03-19 15:37:16,0.0,0,0,6979035,2019-03-19 15:37:16,btc,0.0,0.0,0,btc,0.0,0.0,0.0,153
,[],16,[],2019-01-11 15:38:59,0.0,0,0,6366141,2019-01-11 15:38:59,btc,0.0,0.0,,btc,0.0,0.0,0.0,155
0,[],23,[],2019-01-20 23:24:29,0.0,0,0,6476932,2019-01-20 23:24:29,,0.0,0.0,0,,0.0,0.0,0.0,156
0,[],22,[],2019-03-19 15:37:24,0.0,0,0,6979036,2019-03-19 15:37:24,,6.74640151,0.0,0,,4675792.242592593,0.0,0.0,156
1,[],22,[],2019-03-19 15:37:43,7073.8,0.00005300,0.0000000021174083000000003,6979037,2019-03-19 15:37:43,BTC,1.79802465,0.0,0.00005300,BTC,802.6461988741639,0.0,0.00104336,157
0,[],22,[],2019-03-19 15:37:50,0.0,0,0,6979038,2019-03-19 15:37:50,,50175.67608608,0.0,0,,54079135.04179466,0.0,0.0,158
,[],17,[],2018-11-20 22:56:10,0.0,0,0,4861976,2018-11-20 22:56:10,btc,1.1265625,0.0,,btc,1000.0,0.0,0.0,159
,[],20,[],2018-11-20 22:56:12,0.0,0,0,4861977,2018-11-20 22:56:12,btc,11912.7940471,0.0,,btc,34413894.3617,0.0,0.0,159
1,[],17,[],2019-03-19 13:14:38,29784.95,0.000001,0.0000000000398374,6978084,2019-03-19 13:14:38,btc,0.03026736251542,0.0,0.000001,btc,144.46171372,0.0,0.00716147,168
1,[],12,[],2019-03-19 15:37:53,248265.18225079,0.000007250000000000000042500725161431773813092149794101715087890625,0.00000000028964547500000003,6979039,2019-03-19 15:37:53,btc,12.665219721341302,0.0,0.000007250000000000000042500725161431773813092149794101715087890625,btc,7636.28376073,0.0119615346912948,0.1250448767933437,168
0,[],22,[],2019-03-19 15:38:42,0.0,0,0,6979040,2019-03-19 15:38:42,,45.65709131,0.0,0,,516897.19471078104,0.0,0.0,169
1,[],22,[],2019-03-19 15:38:51,216521.0,0.00000003,0.000000000001198533,6979041,2019-03-19 15:38:51,BTC,14.35309206,0.0,0.00000003,BTC,170481.20365968585,4.06e-05,0.00260443,171
1,[],22,[],2019-03-19 15:39:21,237134.0,0.0000001,0.00000000000399511,6979042,2019-03-19 15:39:21,BTC,1.95424019,0.0,0.0000001,"BTC,LTC",306089.449459263,0.00135809,0.01224206,173
1,[],5,[],2019-03-19 15:39:23,0.0,0,0,6979043,2019-03-19 15:39:23,btc,0.0,0.15375465,0,btc,0.0,0.0,0.0,175
1,[],22,[],2019-03-19 15:40:23,130186.74545454545,0.00000011,0.000000000004394621,6979044,2019-03-19 15:40:23,BTC,0.6265795,0.0,0.00000011,BTC,151921.20308941446,0.00032962,0.01107594,176
0,[],2,[],2019-01-20 23:28:34,0.0,0,0,6477001,2019-01-20 23:28:34,,0.0,0.0,0,,0.0,0.0,0.0,178
1,[],7,[],2019-03-19 15:40:27,109780.14512312,0.00000001,0.00000000000039951100000000005,6979045,2019-03-19 15:40:27,btc,410194.0861211553,9485284.59187,0.00000001,btc,42493200.52822902,0.09535641,0.0010978014512312,178
0,[],22,[],2019-03-19 15:40:56,0.0,0,0,6979046,2019-03-19 15:40:56,,1.00242438,0.0,0,,57522.0,0.0,0.0,178
0,[],23,[],2019-01-20 23:25:08,0.0,0,0,6476952,2019-01-20 23:25:08,,0.0,0.0,0,,0.0,0.0,0.0,179
1,[],5,[],2019-03-19 15:40:57,0.0,0,0,6979047,2019-03-19 15:40:57,btc,0.0,0.14443295,0,btc,0.0,0.0,0.0,179
1,[],22,[],2019-03-19 15:41:49,6505928.0,0.00000001,0.000000000000399511,6979048,2019-03-19 15:41:49,BTC,5.63519724,0.0,0.00000001,"BTC,LTC",17465669.489868753,0.00397474,0.36505928,179
1,[],17,[],2019-03-19 15:42:01,10504.725,0.0000001,0.00000000000399511,6979049,2019-03-19 15:42:01,btc,5.2010695838170005,0.0,0.0000001,btc,4994.45945,0.0,0.0010504725,180
1,[],22,[],2019-03-19 15:43:10,665304.7090909091,0.00000130,0.000000000051936430000000004,6979050,2019-03-19 15:43:10,BTC,38.01170596,0.0,0.00000130,"BTC,LTC",110245.63656589214,0.0,0.57039738,180
1,[],26,[],2019-03-19 15:43:11,0.0,0.00000125,0.000000000049938875,6979051,2019-03-19 15:43:11,btc,0.0,0.0,0.00000125,btc,0.0,0.0,0.0,180
,[],7,[],2018-11-20 22:58:01,562227.975654,0.00000085,0.000000000036176765,4862015,2018-11-20 22:58:01,btc,21836.6059674,2491.87645172,,btc,749999.041456,0.00211021,0.127565380455,183
,[],5,[],2019-01-10 08:11:41,0.0,0,0,6347036,2019-01-10 08:11:41,btc,82.15055501,0.00261,,btc,1.19002445,0.0,0.0,187
,[],17,[],2018-11-16 20:58:10,4062536.27273,0.00000001,0.000000000000550501,4708775,2018-11-16 20:58:10,btc,3.36492563466,0.195460381006,,"btc,eth",110697919.549,0.0,0.0157628953496,187
1,[],24,[],2019-03-19 15:43:11,0.0,0.000000000001,3.99511e-17,6979052,2019-03-19 15:43:11,btc,0.0,0.0,0.000000000001,btc,0.0,0.0,0.0,187
1,[],22,[],2019-03-18 18:17:00,13812.0,0.00000001,0.00000000000039819,6968124,2019-03-18 18:17:00,BTC,7.56699454,0.0,0.00000001,BTC,79361.7243344055,0.0,0.00013812,191
0,[],22,[],2019-03-19 15:44:08,0.0,0,0,6979053,2019-03-19 15:44:08,,0.0,0.0,0,,0.0,0.0,0.0,197
0,[],23,[],2019-01-20 23:31:41,0.0,0,0,6477079,2019-01-20 23:31:41,,0.0,0.0,0,,0.0,0.0,0.0,199
0,[],22,[],2019-03-19 15:45:00,0.0,0,0,6979054,2019-03-19 15:45:00,,5.2941966,0.0,0,,24038399.0,0.0,0.0,199
1,[],26,[],2019-03-19 15:45:00,0.0,0.00000000,0,6979055,2019-03-19 15:45:00,btc,0.0,129052.0,0.00000000,btc,0.0,0.0,0.0,199
0,[],2,[],2019-01-20 23:30:49,0.0,0,0,6477059,2019-01-20 23:30:49,,0.0,0.0,0,,0.0,0.0,0.0,201
1,[],4,[],2019-01-25 15:51:35,2084389.58565343,0.00000936,0.000000000333526752,6499557,2019-01-25 15:51:35,btc,2.0092503037378524,0.0,0.00000936,btc,160195.80207885,0.19272417,1.242687955921835,211
1,[],7,[],2019-03-19 15:45:06,4182900.16796197,0.000001069999999999999919816744131662034078544820658862590789794921875,0.000000000042747677,6979056,2019-03-19 15:45:06,btc,15476707.600329345,702352.873812,0.000001069999999999999919816744131662034078544820658862590789794921875,btc,13573661.17215473,0.0,3.353164365670735,212
1,[],12,[],2019-01-25 02:44:32,207462.42853209,0.000001080000000000000035831255497387193287295303889550268650054931640625,0.000000000038610756000000006,6493050,2019-01-25 02:44:32,btc,85023.03793723314,0.0,0.000001080000000000000035831255497387193287295303889550268650054931640625,btc,43675.73520027,0.000146250909087,0.0348620860622024,213
1,[],5,[],2019-03-19 15:45:07,0.0,0,0,6979057,2019-03-19 15:45:07,btc,0.0,0.05560313,0,btc,0.0,0.0,0.0,213
1,[],24,[],2019-03-19 15:45:07,0.0,0.000000220000,0.000000000008789242,6979058,2019-03-19 15:45:07,btc,0.0,0.0,0.000000220000,btc,0.0,0.0,0.0,213
1,[],26,[],2019-03-19 15:45:08,0.0,0.00000040,0.00000000001598044,6979059,2019-03-19 15:45:08,btc,0.0,0.0,0.00000040,btc,0.0,0.0,0.0,213
1,[],22,[],2019-03-19 15:46:11,2870.0,0.00000001,0.000000000000399511,6979060,2019-03-19 15:46:11,BTC,2.32345803,0.0,0.00000001,BTC,725573.3373982582,0.00025,2.87e-05,216
1,[],27,[],2019-03-19 15:46:21,1233122.0,0.00000003,0.000000000001198533,6979061,2019-03-19 15:46:21,btc,316.9730370247724,0.0,0.00000003,"btc,ltc",239308.924324,0.0,0.03375764000007428,216
1,[],22,[],2019-03-19 15:47:28,178971.0,0.00000121,0.000000000048340831,6979062,2019-03-19 15:47:28,BTC,12543.66145133,0.0,0.00000121,BTC,455428.358288862,0.00271641,0.16220267,217
1,[],7,[],2019-03-19 15:47:31,0.0,0,0,6979063,2019-03-19 15:47:31,btc,77969.38157402142,0.0,0,btc,136811928.93791,0.0,0.0,219
0,[],27,[],2019-03-19 15:47:42,0.0,0,0,6979064,2019-03-19 15:47:42,,0.03997288,0.0,0,btc,2007233.0,0.0,0.0,219
0.0000000000000051,[],28,[],2019-03-19 15:47:49,170813849.72,2.55102e-18,1.0191605512200001e-22,6979065,2019-03-19 15:47:49,doge,147563.51297683502,26934.0,0.00050020,"btc,doge",9950793.03261,0.0,1.725253976517327e-11,219
1,[],22,[],2019-03-19 15:49:01,405411.0,0.00000008,0.000000000003196088,6979066,2019-03-19 15:49:01,BTC,18.12597145,0.0,0.00000008,BTC,100266.74459740352,0.0,0.01918633,221
1,[],24,[],2019-03-19 15:49:02,0.0,0.000000200000,0.00000000000799022,6979067,2019-03-19 15:49:02,btc,0.0,0.0,0.000000200000,btc,0.0,0.0,0.0,221
1,[],20,[],2019-03-19 15:49:04,46765850.6869,0.000000006,0.0000000000002397066,6979068,2019-03-19 15:49:04,btc,506.0511687362408,682096.2363,0.000000006,btc,18107333.4385,0.0086866003192,0.0639799493551,224
0,[],22,[],2019-03-19 15:49:29,0.0,0,0,6979069,2019-03-19 15:49:29,,0.0,0.0,0,,0.0,0.0,0.0,224
1,[],26,[],2019-03-19 15:49:29,0.0,0.00000022,0.000000000008789242,6979070,2019-03-19 15:49:29,btc,0.0,0.0,0.00000022,btc,0.0,0.0,0.0,231
0.00000000034561389999999996,[],27,[],2019-03-19 15:49:42,2000.0,3.456139e-18,1.380765548029e-22,6979072,2019-03-19 15:49:42,eth,0.01134836604,0.0,0.00000001,"btc,eth",11462.996,0.0,6.912278e-15,234
1,[],26,[],2019-03-19 15:49:30,0.0,0.00000005,0.000000000001997555,6979071,2019-03-19 15:49:30,btc,0.0,100.0,0.00000005,btc,0.0,0.0,0.0,234
1,[],4,[],2019-03-19 15:49:44,968513.98758852,0.00000105,0.000000000041948655,6979073,2019-03-19 15:49:44,btc,4.516414930677907,0.0,0.00000105,btc,1064452.32027397,0.25140176,0.4053040626405475,236
1,[],24,[],2019-03-19 15:49:44,0.0,0.000000500000,0.000000000019975550000000002,6979074,2019-03-19 15:49:44,btc,0.0,0.0,0.000000500000,btc,0.0,0.0,0.0,236
1,[],20,[],2019-03-19 15:49:47,220798650.7216,0.00000004,0.000000000001598044,6979075,2019-03-19 15:49:47,btc,94.0388836920469,27562988.1296,0.00000004,btc,27339691.4323,1.0332032002985,0.4083866851528,237
0.0000000001485587,[],22,[],2019-03-19 15:50:48,751594.9,2.5254979e-17,1.0089641915269002e-21,6979076,2019-03-19 15:50:48,LTC,1.20370855,0.0,0.00000017,LTC,18673.0,0.0,0.12541949,237
1,[],4,[],2019-03-19 15:50:49,10728342.23438638,0.00000039,0.000000000015580929,6979077,2019-03-19 15:50:49,btc,5.5675191425366135,0.0,0.00000039,btc,8246805.51904488,0.36220146,3.101546013341516,238
1,[],5,[],2019-03-19 15:50:51,0.0,0,0,6979078,2019-03-19 15:50:51,btc,0.0,0.09720944,0,btc,0.0,0.0,0.0,238
0,[],22,[],2019-03-12 16:49:32,0.0,0,0,6914458,2019-03-12 16:49:32,,0.40415746,0.0,0,,526736.5639027493,0.0,0.0,249
0.0000000001482458,[],22,[],2019-03-19 14:09:21,48086691.666666664,4.447374e-18,1.7734081719960002e-22,6978500,2019-03-19 14:09:21,LTC,0.95711324,0.0,0.00000003,LTC,18565111.353636365,0.0,1.04160377,252
1,[],28,[],2019-03-19 15:50:57,1849204.661,0.00000071,0.000000000028365281,6979079,2019-03-19 15:50:57,btc,164753.6246079767,215918.59,0.00000071,btc,466422.7352,0.0,0.5588914855,256
1,[],22,[],2019-03-19 02:53:00,1324903.3333333333,0.00000003,0.000000000001199322,6972924,2019-03-19 02:53:00,BTC,34.00351985,0.0,0.00000003,BTC,848766.352203122,0.00055302,0.01868002,258
1,[],22,[],2019-03-13 00:07:30,47146.0,0.00000001,0.000000000000387233,6917028,2019-03-13 00:07:30,BTC,2.415167,0.0,0.00000001,BTC,157.0,0.0,0.00047146,259
1,[],5,[],2019-03-19 15:51:00,0.0,0,0,6979080,2019-03-19 15:51:00,btc,0.0,0.27073867,0,btc,0.0,0.0,0.0,264
1,[],20,[],2019-03-19 15:51:01,1270737.2395,0.00000151,0.000000000060326161,6979081,2019-03-19 15:51:01,btc,4.7934370430135,4487.7046,0.00000151,btc,96808.4621,0.008357911886,0.023062922795,264
0,[],22,[],2019-03-19 15:51:30,0.0,0,0,6979082,2019-03-19 15:51:30,,8.75641439,0.0,0,,455745.2241309945,0.0,0.0,271
0,[],22,[],2019-03-19 15:51:58,0.0,0,0,6979083,2019-03-19 15:51:58,,111841.37121834,0.0,0,,14248217297.692,0.0,0.0,272
0.0000000000000051,[],28,[],2019-03-19 15:52:05,197006973790.671,3.672e-21,1.467004392e-25,6979084,2019-03-19 15:52:05,doge,146101320.22593078,4799016314.6358,0.00000072,doge,247926254244.0246,0.0,4.869565237380784e-10,272
1,[],22,[],2019-03-19 15:53:13,189445.74,0.0000006,0.000000000023970660000000002,6979085,2019-03-19 15:53:13,BTC,276.1961879,0.0,0.0000006,"BTC,LTC",193137.27372169192,5.959e-05,0.04811946,281
1,[],22,[],2019-03-19 15:54:05,314490.0,0.00000006,0.000000000002397066,6979086,2019-03-19 15:54:05,BTC,1.32447822,0.0,0.00000006,BTC,425823.9105343139,0.00111109,0.01008142,286
0,[],22,[],2019-03-19 15:54:56,0.0,0,0,6979087,2019-03-19 15:54:56,,1044639.47241442,0.0,0,,766976285.0,0.0,0.0,294
