pairValue,buyBook,exchangeId,sellBook,updated,buyTotal,satoshiPrice,usdPrice,exchangeLogId,created,bestPair,sellTotalBtc,volume,pairPrice,activePairs,sellTotal,volumeBtc,buyTotalBtc,coinId
1,[],3,[],2019-02-23 13:09:30,30555.55134347276,0.01279625000000000033251179587523438385687768459320068359375,0.00000050666240025,6766477,2019-02-23 13:09:30,btc,61.13206331147326,0.0,0.01279625000000000033251179587523438385687768459320068359375,btc,26.604942902707002,0.0,0.25996179337090586,1
1,[],4,[],2019-02-23 13:09:31,120064.47006107,0.01292223,0.000000511650527958,6766478,2019-02-23 13:09:31,btc,9.153714775624636,0.0,0.01292223,btc,255.53658661,0.59933974,1.2476993825063463,1
1,[],5,[],2019-02-23 13:09:33,0.0,0,0,6766479,2019-02-23 13:09:33,btc,0.0,0.01217832,0,btc,0.0,0.0,0.0,1
1,[],10,[],2019-02-23 13:09:36,414296.19378327,0.01171722,0.000000463938639012,6766480,2019-02-23 13:09:36,btc,6523.150817762421,676.99974344,0.01171722,btc,1077.2096007,0.0,5.2781556264548035,1
1,[],12,[],2019-02-23 13:09:39,10440.64313666,0.01289000000000000041577852272212112438865005970001220703125,0.000000510374394,6766481,2019-02-23 13:09:39,btc,0.2494029739499,0.0,0.01289000000000000041577852272212112438865005970001220703125,btc,11.59960847,0.1035467036684,0.41492161023,1
1,[],20,[],2019-02-23 13:09:41,1150.728,0.010500214,0.0000004157517732444,6766482,2019-02-23 13:09:41,btc,0.060761108601,0.4716,0.010500214,btc,2.7883,0.00499896,0.0920030274227,1
1,[],21,[],2019-02-23 13:09:42,2440.44245074,0.01291097000000000077912787333,0.000000511204692762,6766483,2019-02-23 13:09:42,btc,36.43961212249319,5852.07368013,0.012910970000000000779127873329343856312334537506103515625,"btc,eth",3365.91028005,73.43020316835822,23.563857260719505,1
1,[],22,[],2019-02-23 13:09:47,0.0163776,0.01300000,0.0000005147298,6766484,2019-02-23 13:09:47,BTC,0.31423927,0.0,0.01300000,BTC,0.11751954901960784,0.0,0.00020972,1
1,[],24,[],2019-02-23 13:09:47,0.0,0.000000000000,0,6766485,2019-02-23 13:09:47,btc,0.0,0.0,0.000000000000,btc,0.0,0.0,0.0,1
0.0,[],25,[],2019-02-23 13:09:48,0.0,0,0,6766486,2019-02-23 13:09:48,btc,16.693599998360376,252.74928477,0.0,btc,1255.53877491,3.29,0.0,1
1,[],26,[],2019-02-23 13:09:49,0.0,0,0,6766487,2019-02-23 13:09:49,,0.0,0.0,0,,0.0,0.0,0.0,1
1,[],28,[],2019-02-23 13:09:51,993.21,0.01323000,0.000000523836558,6766488,2019-02-23 13:09:51,btc,0.162839806,17244.2,0.01323000,btc,8.9,0.0,0.090071836,1
0,[],2,[],2019-01-20 23:28:45,0.0,0,0,6477011,2019-01-20 23:28:45,,0.0,0.0,0,,0.0,0.0,0.0,1
1,[],5,[],2019-02-23 13:09:53,0.0,0,0,6766489,2019-02-23 13:09:53,btc,0.0,0.01035771,0,btc,0.0,0.0,0.0,2
0,[],22,[],2019-02-23 13:09:55,0.0,0,0,6766490,2019-02-23 13:09:55,,0.0,0.0,0,,0.0,0.0,0.0,2
1,[],5,[],2019-02-23 13:09:57,0.0,0,0,6766491,2019-02-23 13:09:57,btc,0.0,0.03391904,0,btc,0.0,0.0,0.0,3
1,[],12,[],2019-02-23 13:09:58,13211234.8025,0.000000174,0.0000000000068894604,6766492,2019-02-23 13:09:58,btc,924396.6138690506,0.0,0.000000174,btc,8743151.79082224,0.10882155641660049,0.6538508556843,3
0,[],28,[],2019-02-23 13:09:59,0.0,0,0,6766493,2019-02-23 13:09:59,,0.0,0.0,0,,0.0,0.0,0.0,3
0,[],2,[],2019-01-20 23:31:32,0.0,0,0,6477077,2019-01-20 23:31:32,,0.0,0.0,0,,0.0,0.0,0.0,4
1,[],4,[],2019-02-22 15:52:28,400439.70738348,0.00000032,0.000000000012596480000000001,6759744,2019-02-22 15:52:28,btc,31.576426407239886,0.0,0.00000032,btc,685876.08766458,0.0,0.0547125982053145,4
1,[],12,[],2019-02-22 14:50:14,1367032.5219999999,0.00000003,0.000000000001190475,6759350,2019-02-22 14:50:14,btc,11013869.583570713,0.0,0.00000003,btc,1211697.32371984,0.00024567976024,0.02065290044,5
0,[],2,[],2019-01-20 23:31:51,0.0,0,0,6477087,2019-01-20 23:31:51,,0.0,0.0,0,,0.0,0.0,0.0,6
1,[],11,[],2019-02-23 13:10:01,3301329.5,0.00000002,0.000000000000791892,6766494,2019-02-23 13:10:01,btc,9432.834995181234,61187.0,0.00000002,btc,41406686.95347657,0.0,0.033501425,6
1,[],3,[],2019-02-23 13:10:02,1091.956916111364,0.00015101000000000000598847360588905530676129274070262908935546875,0.000000005979180546,6766495,2019-02-23 13:10:02,btc,27.605796873748474,0.0,0.00015101000000000000598847360588905530676129274070262908935546875,btc,249.144760639695,0.0,0.03419747781770456,7
1,[],4,[],2019-02-23 13:10:04,102789.79111351,0.00024188,0.000000009577141848,6766496,2019-02-23 13:10:04,btc,15.231816889238065,0.0,0.00024188,btc,50211.87358795,2.71823698,6.878757434514241,7
1,[],5,[],2019-02-23 13:10:06,0.0,0,0,6766497,2019-02-23 13:10:06,btc,0.0,0.39926462,0,btc,0.0,0.0,0.0,7
1,[],20,[],2019-02-20 02:16:17,39399275.8418,0.000000001,0.0000000000000390183,6728586,2019-02-20 02:16:17,btc,116.9737569154545,525.0,0.000000001,btc,56932965.8895,5.25e-07,0.0393992758418,8
0,[],2,[],2019-01-20 23:22:42,0.0,0,0,6476876,2019-01-20 23:22:42,,0.0,0.0,0,,0.0,0.0,0.0,9
0,[],23,[],2019-01-20 23:22:48,0.0,0,0,6476878,2019-01-20 23:22:48,,0.0,0.0,0,,0.0,0.0,0.0,9
1,[],4,[],2019-02-23 13:10:08,1946731.47810856,0.00000181,0.000000000071666226,6766498,2019-02-23 13:10:08,btc,3.8593026012401657,0.0,0.00000181,btc,1928686.2966205,2.43100074,0.727835726268722,9
1,[],28,[],2019-02-23 13:10:10,43300.0,0.00000166,0.000000000065727036,6766499,2019-02-23 13:10:10,btc,2708.763440957195,3570457.51,0.00000166,btc,12613.2201,0.0,0.043148,9
1,[],1,[],2019-02-17 23:31:42,1822507.21,0.00000181000000000000003456111265232042484285557293333113193511962890625,0.000000000066086901,6701244,2019-02-17 23:31:42,btc,3.6990969245,17153386.5,0.00000181000000000000003456111265232042484285557293333113193511962890625,btc,1997391.71,31.11772986,3.2610482446,9
1,[],4,[],2019-02-17 11:22:43,4341674.27126056,0.00000002,0.0000000000007272960000000001,6696112,2019-02-17 11:22:43,btc,0.1997230937751353,0.0,0.00000002,btc,4109766.79808031,0.00215132,0.0479381022052112,10
0,[],2,[],2019-01-20 23:23:08,0.0,0,0,6476890,2019-01-20 23:23:08,,0.0,0.0,0,,0.0,0.0,0.0,12
1,[],4,[],2019-02-23 13:10:11,2750745.51503547,0.00000143,0.000000000056620278,6766500,2019-02-23 13:10:11,btc,16.51286108720292,0.0,0.00000143,btc,7518643.91753442,1.89219473,2.615381630671472,12
1,[],5,[],2019-02-23 13:10:11,0.0,0,0,6766501,2019-02-23 13:10:11,btc,0.0,0.93737784,0,btc,0.0,0.0,0.0,12
0.0,[],25,[],2019-02-23 13:10:13,0.0,0,0,6766502,2019-02-23 13:10:13,,0.0,0.0,0.0,btc,0.0,0.0,0.0,12
1,[],4,[],2019-02-23 13:10:14,1573515.00437172,0.00000568,0.000000000224897328,6766503,2019-02-23 13:10:14,btc,3.0301524672592683,0.0,0.00000568,btc,412749.82128884,0.84224889,0.8033907958653947,13
1,[],10,[],2019-02-23 13:10:16,477459.10052682,0.00000578,0.000000000228856788,6766504,2019-02-23 13:10:16,btc,666802.5325133947,21917.9656265,0.00000578,btc,733332.6465872,0.0,0.3097316972551343,13
1,[],21,[],2019-02-23 13:10:18,411301.38642622,0.000005720000000000000291730615359,0.00000000022648111200000002,6766505,2019-02-23 13:10:18,btc,5.869127272997626,686660.55886804,0.0000057200000000000002917306153593646200761213549412786960601806640625,btc,923842.13453493,3.96820663,2.1566548898022324,13
1,[],4,[],2019-02-23 13:10:19,674195.88840973,0.00000130,0.00000000005147298,6766506,2019-02-23 13:10:19,btc,12.922907682963878,0.0,0.00000130,btc,881059.05885325,0.0253509,0.1368220987509785,14
1,[],12,[],2019-02-23 13:10:20,119342.91304348,0.00000110999999999999996035831596741250137938550324179232120513916015625,0.000000000043950006,6766507,2019-02-23 13:10:20,btc,5.287009660855527,0.0,0.00000110999999999999996035831596741250137938550324179232120513916015625,btc,29489.60927439,0.0047662560239848,0.0242683300000004,14
1,[],26,[],2019-02-23 13:10:32,0.0,0.00000050,0.0000000000197973,6766508,2019-02-23 13:10:32,btc,0.0,0.0,0.00000050,btc,0.0,0.0,0.0,14
0,[],17,[],2019-02-23 12:11:05,0.0,0,0,6766309,2019-02-23 12:11:05,btc,0.0,0.0,0,btc,0.0,0.0,0.0,14
,[],12,[],2018-12-01 15:15:48,204241.84496,0.00000489,0.000000000202473384,5260204,2018-12-01 15:15:48,btc,49.5475654835,0.0,,btc,35763.2193806,0.0163153972027625,0.0203389899998,15
0,[],4,[],2019-02-23 13:10:32,0.0,0,0,6766509,2019-02-23 13:10:32,,0.0,0.0,0,,0.0,0.0,0.0,15
0,[],17,[],2019-02-23 11:23:24,0.0,0,0,6766181,2019-02-23 11:23:24,btc,0.0,0.0,0,btc,0.0,0.0,0.0,18
0,[],2,[],2019-01-20 23:23:38,0.0,0,0,6476906,2019-01-20 23:23:38,,0.0,0.0,0,,0.0,0.0,0.0,18
1,[],4,[],2019-02-23 13:10:34,24951.40054598,0.00001754,0.000000000694489284,6766510,2019-02-23 13:10:34,btc,1.2319609179238096,0.0,0.00001754,btc,8103.06166582,0.04380826,0.0651664232157699,18
1,[],10,[],2019-02-23 13:10:36,783140.38270386,0.00001803,0.000000000713890638,6766511,2019-02-23 13:10:36,btc,15.542657621740656,18414.3703501,0.00001803,btc,10850.37807742,0.0,0.1352860350962078,18
1,[],12,[],2019-02-23 13:10:37,199487.98283964,0.00001800000000000000045601543374740316494353464804589748382568359375,0.0000000007127028,6766512,2019-02-23 13:10:37,btc,23.672250992257677,0.0,0.00001800000000000000045601543374740316494353464804589748382568359375,btc,2093.78470297,0.0071329006421426,0.036411220547097896,18
0,[],2,[],2019-01-20 23:24:19,0.0,0,0,6476924,2019-01-20 23:24:19,,0.0,0.0,0,,0.0,0.0,0.0,19
1,[],3,[],2019-02-23 13:10:49,120776.3141567528,0.00002203999999999999904500003200524815838434733450412750244140625,0.000000000872664984,6766513,2019-02-23 13:10:49,btc,0.5975024268914596,2340.7538008,0.00002203999999999999904500003200524815838434733450412750244140625,btc,11484.78606069032,0.0,0.07966178993169826,19
0,[],4,[],2019-02-23 13:12:49,0.0,0,0,6766514,2019-02-23 13:12:49,,0.0,0.0,0,,0.0,0.61855559,0.0,19
1,[],5,[],2019-02-23 13:12:50,0.0,0,0,6766515,2019-02-23 13:12:50,btc,0.0,0.00649744,0,btc,0.0,0.0,0.0,19
1,[],12,[],2019-02-23 13:12:51,132571.47773503,0.00002000000000000000163606107828062619091724627651274204254150390625,0.0000000007918920000000001,6766516,2019-02-23 13:12:51,btc,1.3594430090364427,0.0,0.00002000000000000000163606107828062619091724627651274204254150390625,btc,420.28656678,0.0008932867133284,0.0777271000001957,19
0,[],27,[],2019-02-23 13:12:53,0.0,0,0,6766517,2019-02-23 13:12:53,,0.0,0.0,0,btc,0.0,0.0,0.0,19
1,[],4,[],2019-02-23 13:12:54,8071160.95424551,0.00000013,0.0000000000051472980000000006,6766518,2019-02-23 13:12:54,btc,7.376065179582633,0.0,0.00000013,btc,2843149.4360639,0.0,0.2585325451781454,20
1,[],4,[],2019-02-23 13:12:55,104150384.86437024,0.00000002,0.000000000000791892,6766519,2019-02-23 13:12:55,btc,359.51289750582265,0.0,0.00000002,btc,55731908.51417261,0.0,1.1707481411680452,21
1,[],12,[],2019-02-23 13:12:57,18647376.0,0.00000002,0.000000000000791892,6766520,2019-02-23 13:12:57,btc,670.3899289734848,0.0,0.00000002,btc,8544410.32857329,0.0,0.24518776,21
0,[],17,[],2019-02-23 12:11:33,0.0,0,0,6766323,2019-02-23 12:11:33,btc,0.0,0.0,0,btc,0.0,0.0,0.0,21
1,[],12,[],2019-02-23 13:13:09,3545980654.6808996,0.0000000002,0.000000000000007918920000000001,6766521,2019-02-23 13:13:09,btc,875865842023.5425,0.0,0.0000000002,btc,4720552495.745701,0.04461928727012954,0.41529723668299046,23
0.00000000037343519999999997,[],27,[],2019-02-23 13:13:12,2000.0,3.734352e-18,1.478601736992e-22,6766522,2019-02-23 13:13:12,eth,1.3429826565934113,0.0,0.00000001,eth,1964879.85514486,0.0,7.468704e-15,23
1,[],4,[],2019-02-23 13:13:14,425722.54059291,0.00000060,0.00000000002375676,6766523,2019-02-23 13:13:14,btc,8.425452841173922,0.0,0.00000060,btc,1482081.86680659,0.00072984,0.1421540035127568,24
1,[],22,[],2019-02-23 13:13:17,11.76,0.00000100,0.0000000000395946,6766524,2019-02-23 13:13:17,BTC,7.415e-05,0.0,0.00000100,BTC,23.919354838709676,0.0,1.176e-05,24
0.0,[],25,[],2019-02-23 13:13:18,0.0,0,0,6766525,2019-02-23 13:13:18,,0.0,0.0,0.0,btc,0.0,0.0,0.0,24
0,[],2,[],2019-01-20 23:25:56,0.0,0,0,6476976,2019-01-20 23:25:56,,0.0,0.0,0,,0.0,0.0,0.0,26
1,[],4,[],2019-02-23 13:13:21,26867848.85275434,0.00000661,0.000000000261720306,6766526,2019-02-23 13:13:21,btc,120.12305916017603,0.0,0.00000661,btc,242075.98233086,0.08935965,0.4948025716908579,26
1,[],10,[],2019-02-23 12:11:46,689361.45176959,0.00000581,0.00000000022970938900000003,6766330,2019-02-23 12:11:46,btc,25.92409507165083,6793.34826753,0.00000581,btc,13877.31853269,0.0,0.219739418128443,26
1,[],3,[],2019-02-23 13:13:24,10690122.87993203,0.00000002,0.000000000000791892,6766528,2019-02-23 13:13:24,btc,2.897119493200456,194456.242162,0.00000002,btc,18612766.60043417,0.0,0.1434499405772837,27
1,[],5,[],2019-02-23 12:11:47,0.0,0,0,6766332,2019-02-23 12:11:47,btc,0.0,0.03869042,0,btc,0.0,0.0,0.0,27
1,[],11,[],2019-02-23 12:11:49,9657302.940399151,0.00000005,0.000000000001976845,6766333,2019-02-23 12:11:49,btc,67506.53137702076,146281.413934,0.00000005,btc,8171781.9763934,0.0,0.450973774642923,27
1,[],4,[],2019-02-23 12:11:51,1477829200.4663255,0.00000002,0.000000000000790738,6766334,2019-02-23 12:11:51,btc,9.799322575116864,0.0,0.00000002,"btc,ltc",495508810.0564639,0.4061123,10.356149086534051,29
1,[],7,[],2019-02-23 12:11:52,35190902.68127096,0.00000002,0.0000000000007907380000000001,6766335,2019-02-23 12:11:52,btc,44463896.8411907,2588833.54183,0.00000002,btc,60091061.60632691,0.0,0.3534864456401915,29
1,[],4,[],2019-02-23 12:11:53,1379014.1308349,0.00000029,0.000000000011465701,6766336,2019-02-23 12:11:53,btc,2.3226895534796412,0.0,0.00000029,btc,1535961.91607812,0.00247842,0.0911285354872853,30
0,[],17,[],2019-02-23 12:11:55,0.0,0,0,6766337,2019-02-23 12:11:55,btc,0.0,0.0,0,btc,0.0,0.0,0.0,30
1,[],4,[],2019-02-23 12:11:56,1137447.68411246,0.00005738,0.000000002268627322,6766338,2019-02-23 12:11:56,btc,4.942160274081141,0.0,0.00005738,btc,58166.43841026,0.70087939,1.745636212747241,31
1,[],21,[],2019-02-23 12:11:57,53170.53185979,0.00005786999999999999989060833760,0.000000002288000403,6766339,2019-02-23 12:11:57,btc,2.323134630503629,68053.93445093,0.000057869999999999999890608337604902544626384042203426361083984375,btc,35657.87650097,3.96740361,2.7945564007331924,31
0,[],2,[],2019-01-20 23:28:43,0.0,0,0,6477009,2019-01-20 23:28:43,,0.0,0.0,0,,0.0,0.0,0.0,32
1,[],4,[],2019-02-23 12:11:59,365417160.0554166,0.00000004,0.000000000001581476,6766340,2019-02-23 12:11:59,btc,9.779155601768469,0.0,0.00000004,"btc,ltc",171133668.01703453,0.18972389,8.49267248291999,33
1,[],12,[],2019-02-23 12:12:00,15931779.379,0.00000005,0.000000000001976845,6766341,2019-02-23 12:12:00,btc,35620509.432262585,0.0,0.00000005,btc,89083488.50049923,0.0037432010489512,0.52795609895,33
1,[],4,[],2019-02-23 12:12:01,129303923.68272509,0.00000001,0.000000000000395369,6766342,2019-02-23 12:12:01,btc,4.3999494601785765,0.0,0.00000001,btc,99829786.62114432,0.00407337,1.293039236827251,34
1,[],5,[],2019-02-23 12:12:02,0.0,0,0,6766343,2019-02-23 12:12:02,btc,0.0,0.52683972,0,btc,0.0,0.0,0.0,34
0.0000000001234878,[],4,[],2019-02-23 12:12:03,1275297158.9913146,2.469756e-18,9.764649599640001e-23,6766344,2019-02-23 12:12:03,ltc,2.6665552638882278e-08,0.0,0.00000002,ltc,3202285163.380379,0.0,2.1608486492266225e-09,36
1,[],5,[],2019-02-23 12:12:04,0.0,0,0,6766345,2019-02-23 12:12:04,btc,0.0,0.0,0,btc,0.0,0.0,0.0,36
0.0000000003732335,[],27,[],2019-02-23 12:12:07,1000000.0,3.732335e-18,1.475649556615e-22,6766346,2019-02-23 12:12:07,eth,114.2235941557863,0.0,0.00000001,"ltc,eth",4163566.4875004,0.0,1.239872914e-12,36
0,[],17,[],2019-02-23 11:10:08,0.0,0,0,6766015,2019-02-23 11:10:08,btc,0.07464582847825556,0.0,0,btc,4105386.20243647,0.0,0.0,36
1,[],4,[],2019-02-23 12:12:08,271840.45287257,0.00000072,0.000000000028466568000000002,6766347,2019-02-23 12:12:08,btc,19772.474396053167,0.0,0.00000072,btc,562246.19878148,0.00314742,0.1255352686494262,37
1,[],12,[],2019-02-23 12:12:09,467865.57479551,0.00000073,0.000000000028861937,6766348,2019-02-23 12:12:09,btc,1347.077709219909,0.0,0.00000073,btc,863074.54849173,0.0617350290013788,0.1136537200000026,37
1,[],27,[],2019-02-23 12:12:12,14685.567,0.00000045,0.000000000017791605,6766349,2019-02-23 12:12:12,btc,25.83024737411233,0.0,0.00000045,btc,6763.38138508,0.0,0.00480032515,37
1,[],17,[],2019-02-23 11:24:46,1752.74075282,0.00000025,0.0000000000098923,6766215,2019-02-23 11:24:46,btc,0.055484923777095005,0.0,0.00000025,btc,1319.19918473,0.0,0.00043818518820499993,37
1,[],5,[],2019-02-23 12:12:13,0.0,0,0,6766350,2019-02-23 12:12:13,btc,0.0,0.00534945,0,btc,0.0,0.0,0.0,42
1,[],12,[],2019-02-23 12:12:14,136829.76324109,0.00000095,0.000000000037560055000000003,6766351,2019-02-23 12:12:14,btc,94.68581969604737,0.0,0.00000095,btc,97846.10346696,0.0185870683203356,0.0423367079650367,42
0.0000000003732335,[],27,[],2019-02-23 12:12:16,2000.0,3.732335e-18,1.475649556615e-22,6766352,2019-02-23 12:12:16,eth,0.00315028,0.0,0.00000001,"btc,eth",11.007,0.0,7.464669999999999e-15,42
1,[],5,[],2019-02-23 12:12:17,0.0,0,0,6766353,2019-02-23 12:12:17,btc,0.0,4.6e-05,0,btc,0.0,0.0,0.0,43
1,[],12,[],2019-02-23 12:12:19,3651999.0,0.00000001,0.00000000000039536900000000004,6766354,2019-02-23 12:12:19,btc,20003931.286695678,0.0,0.00000001,btc,39482696.27012986,1.3986014e-07,0.03651999,43
0,[],17,[],2019-02-23 12:12:21,0.0,0,0,6766355,2019-02-23 12:12:21,btc,0.0,0.0,0,btc,0.0,0.0,0.0,43
1,[],12,[],2019-02-23 12:12:22,679536.0,0.00000005,0.000000000001976845,6766356,2019-02-23 12:12:22,btc,11115177.727969607,0.0,0.00000005,btc,1099245.39762234,0.0004627,0.01729568,44
1,[],4,[],2019-02-23 12:12:23,304154790.4440582,0.00000002,0.000000000000790738,6766357,2019-02-23 12:12:23,btc,474.57134500068594,0.0,0.00000002,"btc,ltc",12287186.99500239,0.00016452,0.21763833380907513,49
0,[],4,[],2019-02-23 12:12:24,0.0,0,0,6766358,2019-02-23 12:12:24,,25.469936314400897,0.0,0,,10729285300.576591,0.0,0.0,52
0.0000000001270964,[],22,[],2019-02-23 12:12:27,80945862.0,1.270964e-18,5.02499765716e-23,6766359,2019-02-23 12:12:27,XMR,4366.33224183,0.0,0.00000001,XMR,248874057.67882353,0.0,0.80945862,57
0.0000000003732335,[],27,[],2019-02-23 12:12:29,2000.0,3.732335e-18,1.475649556615e-22,6766360,2019-02-23 12:12:29,eth,0.0,0.0,0.00000001,"btc,eth",0.0,0.0,7.464669999999999e-15,57
0,[],17,[],2019-02-23 10:10:25,0.0,0,0,6765838,2019-02-23 10:10:25,btc,1e+24,0.0,0,btc,41401875.8285055,0.0,0.0,58
0.0000000001234878,[],4,[],2019-02-23 12:12:30,843881964.8006539,3.704634e-18,1.464697439946e-22,6766361,2019-02-23 12:12:30,ltc,18.810559460701043,0.0,0.00000003,ltc,3900136116.256049,0.0,1.92586137216891e-09,58
1,[],12,[],2019-02-23 12:12:32,1646080769.843957,0.0000000004,0.000000000000015814760000000002,6766362,2019-02-23 12:12:32,btc,224005479476.73605,0.0,0.0000000004,btc,3708658845.4849906,0.00404130437762236,0.5338125678011392,58
0.0000000001270964,[],22,[],2019-02-23 12:12:46,137438.0,1.270964e-18,5.02499765716e-23,6766363,2019-02-23 12:12:46,XMR,69.8835922,0.0,0.00000001,XMR,9887963.0,0.0,0.00137438,58
1,[],5,[],2019-02-23 12:12:47,0.0,0,0,6766364,2019-02-23 12:12:47,btc,0.0,0.0020126,0,btc,0.0,0.0,0.0,61
1,[],22,[],2019-02-23 12:12:51,5149.5,0.00000011,0.000000000004349059,6766365,2019-02-23 12:12:51,BTC,1002.29597012,0.0,0.00000011,BTC,14947.700278135757,0.0,0.00051596,61
1,[],26,[],2019-02-23 12:12:51,0.0,0.00000800,0.0000000003162952,6766366,2019-02-23 12:12:51,btc,0.0,0.0,0.00000800,btc,0.0,0.0,0.0,61
1,[],27,[],2019-02-23 12:12:54,2493.55,0.00000045,0.000000000017791605,6766367,2019-02-23 12:12:54,btc,7.848081810513062,0.0,0.00000045,"btc,eth",20831.38399471,0.0,0.0002155975036576883,61
1,[],28,[],2019-02-23 12:12:55,13882.304,0.0000005,0.00000000001976845,6766368,2019-02-23 12:12:55,btc,2.056328285685105,828.0,0.0000005,btc,9746.52450005,0.0,0.00566491304,61
1,[],4,[],2019-02-23 12:12:56,1451532.202515,0.00000283,0.000000000111889427,6766369,2019-02-23 12:12:56,btc,11.395174180131239,0.0,0.00000283,btc,821040.68683217,0.12254338,1.3774137817595422,67
0.0,[],25,[],2019-02-23 12:12:58,0.0,0,0,6766370,2019-02-23 12:12:58,,0.0,0.0,0.0,btc,0.0,0.0,0.0,67
1,[],12,[],2019-02-23 12:12:59,3007497.50182828,0.00000022,0.000000000008698118,6766371,2019-02-23 12:12:59,btc,11115998.39819468,0.0,0.00000022,btc,2041144.89946717,0.0002985783523976,0.106120736441111,71
,[],5,[],2018-11-20 23:02:39,1.5e-07,0.00000005,0.000000000002128045,4862160,2018-11-20 23:02:39,btc,2.84511358,0.0,,btc,0.00036572,0.0,0.07381892,74
1,[],5,[],2019-02-23 12:13:00,0.0,0,0,6766372,2019-02-23 12:13:00,btc,0.0,0.0,0,btc,0.0,0.0,0.0,75
1,[],4,[],2019-02-23 12:13:01,17233280.92031862,0.00000001,0.000000000000395369,6766373,2019-02-23 12:13:01,btc,11388.638595673243,0.0,0.00000001,btc,34444270.17624532,0.0,0.1723328092031862,81
0,[],20,[],2019-01-25 09:30:31,0.0,0,0,6495923,2019-01-25 09:30:31,btc,0.0,0.0,0,btc,0.0,0.0,0.0,81
1,[],4,[],2019-02-23 12:13:03,41061.8839771,0.00007581,0.000000002997292389,6766374,2019-02-23 12:13:03,btc,17.76610333465854,0.0,0.00007581,btc,12662.97928396,0.01791156,0.5271510170555372,82
1,[],21,[],2019-02-23 12:13:04,1068345.03103222,0.00007624000000000000188630361331,0.0000000030142932560000002,6766375,2019-02-23 12:13:04,btc,2.236665471818347,3488.46376289,0.000076240000000000001886303613307660498321638442575931549072265625,btc,23614.08699681,0.26814291,2.527901200829462,82
0,[],17,[],2019-02-23 11:25:27,0.0,0,0,6766239,2019-02-23 11:25:27,btc,0.0447233088476774,0.0,0,btc,999127.19588126,0.0,0.0,84
0.0000000001234878,[],4,[],2019-02-23 12:13:16,172415251.68112332,4.939512e-18,1.9529299199280001e-22,6766376,2019-02-23 12:13:16,ltc,1.783042256393492,0.0,0.00000004,ltc,405981861.8683549,0.0,4.669922519686339e-10,85
,[],22,[],2018-11-20 23:09:34,3408.1,0.0000001,0.0000000000041895,4862324,2018-11-20 23:09:34,BTC,0.04624735,0.0,,BTC,4990.0,0.0,0.00033081,86
0,[],22,[],2019-02-22 12:52:35,0.0,0,0,6758847,2019-02-22 12:52:35,,2.0760781,0.0,0,,140622.94736842104,0.0,0.0,87
0,[],27,[],2019-02-22 12:52:37,0.0,0,0,6758848,2019-02-22 12:52:37,,0.0,0.0,0,btc,0.0,0.0,0.0,87
,[],2,[],2018-11-20 23:10:47,0.0,0,0,4862359,2018-11-20 23:10:47,,0.0,0.0,,,0.0,0.0,0.0,88
1,[],11,[],2019-02-23 12:13:18,94078.67356039,0.0001475199999999999970513864244736623732023872435092926025390625,0.000000005832483488,6766377,2019-02-23 12:13:18,btc,608.6446685397299,200.74849025,0.0001475199999999999970513864244736623732023872435092926025390625,btc,95563.6012212,0.0,6.437028711281016,89
0,[],2,[],2019-01-20 23:31:45,0.0,0,0,6477083,2019-01-20 23:31:45,,0.0,0.0,0,,0.0,0.0,0.0,91
1,[],12,[],2019-02-23 12:13:19,428006.30880806997,0.000001399999999999999936647356556240762159859514213167130947113037109375,0.00000000005535166,6766378,2019-02-23 12:13:19,btc,4.316913988480881,0.0,0.000001399999999999999936647356556240762159859514213167130947113037109375,btc,57632.43373353,0.0064564500909121,0.039953849093814,91
0,[],17,[],2019-02-23 12:13:31,0.0,0,0,6766379,2019-02-23 12:13:31,btc,0.0,0.0,0,btc,0.0,0.0,0.0,91
0,[],22,[],2019-02-23 12:13:34,0.0,0,0,6766380,2019-02-23 12:13:34,,3.1e-06,0.0,0,,2.0,0.0,0.0,91
0.0000000001234878,[],22,[],2019-02-23 12:13:38,3401520.0,4.939512e-18,1.9529299199280001e-22,6766381,2019-02-23 12:13:38,LTC,8.54674091,0.0,0.00000004,LTC,72080461.1,5.1864876e-13,0.1008108,95
0.0000000001234878,[],4,[],2019-02-23 12:13:39,628156552.1646532,4.322073e-17,1.7088136799370002e-21,6766382,2019-02-23 12:13:39,ltc,11.906229026676222,0.0,0.00000035,ltc,147201627.41383573,0.0,1.196060690461455e-09,96
1,[],12,[],2019-02-23 12:13:40,1042524.883,0.00000001,0.00000000000039536900000000004,6766383,2019-02-23 12:13:40,btc,255075.88295949588,0.0,0.00000001,btc,8402347.84546427,0.00505608,0.01042524883,96
0,[],17,[],2019-02-23 12:13:52,0.0,0,0,6766384,2019-02-23 12:13:52,btc,0.0,0.0,0,btc,0.0,0.0,0.0,96
1,[],4,[],2019-02-23 12:13:54,1370908.37714212,0.00000032,0.000000000012651808,6766385,2019-02-23 12:13:54,btc,3.1936561481974874,0.0,0.00000032,btc,2505228.38931477,0.00982975,0.1140821641423659,99
1,[],4,[],2019-02-23 12:13:55,1214809.37642336,0.00004009,0.000000001585034321,6766386,2019-02-23 12:13:55,btc,10.660664103048072,0.0,0.00004009,btc,133982.52171674,5.56026353,2.6234914540369005,100
0,[],2,[],2019-01-20 23:23:55,0.0,0,0,6476914,2019-01-20 23:23:55,,0.0,0.0,0,,0.0,0.0,0.0,100
1,[],22,[],2019-02-23 12:13:58,50000.0,0.00000001,0.000000000000395369,6766387,2019-02-23 12:13:58,BTC,23.49896609,0.0,0.00000001,BTC,10277.22,0.0,0.0005,101
1,[],4,[],2019-02-23 12:13:59,480594.13251499,0.00000088,0.000000000034792472,6766388,2019-02-23 12:13:59,btc,256.3163716343463,0.0,0.00000088,btc,484847.93192658,0.00172875,0.2488370275296518,103
1,[],12,[],2019-02-23 12:14:02,58653788.195,0.000000014,0.0000000000005535166,6766389,2019-02-23 12:14:02,btc,137279450.6894517,0.0,0.000000014,btc,116533310.3404025,0.0406513285694307,0.18814385773,105
1,[],27,[],2019-02-23 12:14:04,413810.89,0.00000001,0.000000000000395369,6766390,2019-02-23 12:14:04,btc,0.2143154355560939,0.0,0.00000001,btc,411075.05581977,0.0,0.0041381089,105
1,[],22,[],2019-02-23 12:14:07,9328.0,0.00000001,0.000000000000395369,6766391,2019-02-23 12:14:07,BTC,51.10837004,0.0,0.00000001,BTC,470435.0,0.0,9.328e-05,107
1,[],26,[],2019-02-23 12:14:07,0.0,0.00000000,0,6766392,2019-02-23 12:14:07,btc,0.0,0.0,0.00000000,btc,0.0,0.0,0.0,107
1,[],5,[],2019-02-23 12:14:09,0.0,0,0,6766393,2019-02-23 12:14:09,btc,0.0,0.001215,0,btc,0.0,0.0,0.0,112
1,[],22,[],2019-02-23 12:14:13,1966.0,0.00000001,0.000000000000395369,6766394,2019-02-23 12:14:13,BTC,2.81183288,0.0,0.00000001,BTC,808524.0833333334,0.0,1.966e-05,112
0.0000000003732335,[],27,[],2019-02-23 12:14:15,2000.0,3.732335e-18,1.475649556615e-22,6766395,2019-02-23 12:14:15,eth,1.35132491849924,0.0,0.00000001,"btc,eth",1328.641654,0.0,7.464669999999999e-15,112
1,[],4,[],2019-02-23 12:14:17,370301.57617883,0.00000305,0.000000000120587545,6766396,2019-02-23 12:14:17,btc,5.087379296381671,0.0,0.00000305,btc,340282.71370212,0.03562948,0.1614257704039911,113
1,[],5,[],2019-02-23 12:14:17,0.0,0,0,6766397,2019-02-23 12:14:17,btc,0.0,0.0,0,btc,0.0,0.0,0.0,113
1,[],17,[],2019-02-23 12:14:19,152738.278,0.00000004,0.0000000000015814760000000002,6766398,2019-02-23 12:14:19,btc,1.33680302678,0.0,0.00000004,btc,50696.221,0.0,0.0022095311199999998,116
0,[],27,[],2019-02-23 12:14:21,0.0,0,0,6766399,2019-02-23 12:14:21,,0.0,0.0,0,btc,0.0,0.0,0.0,116
1,[],4,[],2019-02-23 12:14:22,69935.12418002,0.00002808,0.000000001110196152,6766400,2019-02-23 12:14:22,btc,28.1361293332069,0.0,0.00002808,btc,48441.99979987,0.5611129,0.8809587527964673,120
1,[],7,[],2019-02-23 12:14:23,211586.44399696,0.00002652000000000000019752428859209913980521378107368946075439453125,0.000000001048518588,6766401,2019-02-23 12:14:23,btc,115647.27243415482,965.55309046,0.00002652000000000000019752428859209913980521378107368946075439453125,btc,38410.680407910004,0.02866761,0.0668263375284508,120
1,[],20,[],2019-02-23 12:14:26,1185235.5618,0.000000012,0.0000000000004744428,6766402,2019-02-23 12:14:26,btc,31.9235181096527,20234.4779,0.000000012,btc,1129871.1271,0.0002428137348,0.0034733279724,125
1,[],22,[],2019-02-23 12:14:30,3053.0,0.00000001,0.000000000000395369,6766403,2019-02-23 12:14:30,BTC,0.01444887,0.0,0.00000001,BTC,296263.5111111111,0.0,3.053e-05,126
1,[],4,[],2019-02-23 12:14:31,124555.65499152,0.00001491,0.000000000589495179,6766404,2019-02-23 12:14:31,btc,23.97939835141533,0.0,0.00001491,btc,121987.32693261,0.10746927,0.5899776068684338,131
0,[],17,[],2019-02-23 12:14:33,0.0,0,0,6766405,2019-02-23 12:14:33,btc,0.0009561751951600001,0.0,0,btc,35.42829368,0.0,0.0,131
0,[],2,[],2019-01-20 23:25:46,0.0,0,0,6476969,2019-01-20 23:25:46,,0.0,0.0,0,,0.0,0.0,0.0,131
1,[],4,[],2019-02-23 12:14:34,4557.50354493,0.00016961,0.000000006705853609,6766406,2019-02-23 12:14:34,btc,1.6462887882650394,0.0,0.00016961,btc,334.27808618,0.0,0.0091248525094486,135
1,[],3,[],2019-02-23 12:14:35,1512642.49571841,0.00000005,0.000000000001976845,6766407,2019-02-23 12:14:35,btc,0.1450847686247732,43535.8333333,0.00000005,btc,629545.98258313,0.0,0.0557254579470342,136
1,[],4,[],2019-02-23 12:14:36,266386.26407498,0.00000170,0.00000000006721273,6766408,2019-02-23 12:14:36,btc,38.884103191923934,0.0,0.00000170,btc,635021.233679,0.09802193,0.076263852005,137
1,[],12,[],2019-02-23 12:14:37,327726.4673294,0.000001610000000000000043611490287143173105732785188592970371246337890625,0.000000000063654409,6766409,2019-02-23 12:14:37,btc,11807.598733748284,0.0,0.000001610000000000000043611490287143173105732785188592970371246337890625,btc,123922.38316351,0.0003907439860136,0.0752519800000033,137
1,[],4,[],2019-02-23 12:14:38,230150.21641227,0.00004180,0.00000000165264242,6766410,2019-02-23 12:14:38,btc,28.610168733665624,0.0,0.00004180,btc,44964.6108088,0.45905378,1.2441509005820133,142
1,[],5,[],2019-02-23 12:14:39,0.0,0,0,6766411,2019-02-23 12:14:39,btc,0.0,0.43462015,0,btc,0.0,0.0,0.0,142
1,[],20,[],2019-02-23 12:14:41,133475.0353,0.000045043,0.0000000017808605867,6766412,2019-02-23 12:14:41,btc,0.4934565146914,40.1643,0.000045043,btc,3751.6313,0.00181140993,0.2405473404469,142
1,[],22,[],2019-02-23 12:14:45,1591.7793921568627,0.00004000,0.000000001581476,6766413,2019-02-23 12:14:45,BTC,3.00424677,0.0,0.00004000,BTC,896.9785515239478,0.0,0.00188058,142
0.0,[],25,[],2019-02-23 12:14:46,0.0,0,0,6766414,2019-02-23 12:14:46,,0.0,0.0,0.0,btc,0.0,0.0,0.0,142
1,[],28,[],2019-02-23 12:14:48,76883.0,0.00004500,0.0000000017791605,6766415,2019-02-23 12:14:48,btc,0.059933722,1223.0,0.00004500,btc,406.4319,0.0,0.0388422,142
1,[],17,[],2019-02-23 11:26:36,22967.386363640002,0.00000088,0.000000000034820896,6766267,2019-02-23 11:26:36,btc,20.06991335306468,0.0,0.00000088,btc,2746.079105,0.0,0.0104613000000032,142
0,[],22,[],2019-02-23 08:10:09,0.0,0,0,6765290,2019-02-23 08:10:09,,61.28465123,0.0,0,,749385405.3,0.0,0.0,143
1,[],21,[],2019-02-23 12:14:50,54206162.02192359,0.00000025,0.000000000009884225,6766416,2019-02-23 12:14:50,btc,42.40517128065044,13568316.0807603,0.00000025,btc,89784393.11478674,3.46922069,4.129955161719534,145
0,[],22,[],2019-02-23 12:14:53,0.0,0,0,6766417,2019-02-23 12:14:53,,4.24946284,0.0,0,,1812156.0,0.0,0.0,146
,[],22,[],2018-11-20 23:01:11,0.0,0,0,4862114,2018-11-20 23:01:11,,2.56807021,0.0,,,61828.4988236,0.0,0.0,147
1,[],12,[],2019-02-23 12:14:55,113137.7187459,0.00000252000000000000001302018388937842274799550068564713001251220703125,0.000000000099632988,6766418,2019-02-23 12:14:55,btc,16.288796895832863,0.0,0.00000252000000000000001302018388937842274799550068564713001251220703125,btc,117004.71783468,1.008e-05,0.028591140000004102,148
1,[],4,[],2019-02-23 12:14:57,240513.36796929,0.00000028,0.000000000011070332,6766419,2019-02-23 12:14:57,btc,219.93935563441337,0.0,0.00000028,btc,793660.54846363,0.0,0.0564957890840236,152
0,[],22,[],2019-02-23 12:15:00,0.0,0,0,6766420,2019-02-23 12:15:00,,0.0,0.0,0,,0.0,0.0,0.0,152
1,[],5,[],2019-02-23 12:15:02,0.0,0,0,6766421,2019-02-23 12:15:02,btc,0.0,0.0,0,btc,0.0,0.0,0.0,153
,[],16,[],2019-01-11 15:38:59,0.0,0,0,6366141,2019-01-11 15:38:59,btc,0.0,0.0,,btc,0.0,0.0,0.0,155
0,[],22,[],2019-02-23 12:15:06,0.0,0,0,6766422,2019-02-23 12:15:06,,6.74608761,0.0,0,,4644402.242592593,0.0,0.0,156
0,[],23,[],2019-01-20 23:24:29,0.0,0,0,6476932,2019-01-20 23:24:29,,0.0,0.0,0,,0.0,0.0,0.0,156
1,[],22,[],2019-02-23 12:15:15,7073.8,0.00005300,0.0000000020954557,6766423,2019-02-23 12:15:15,BTC,1.80343699,0.0,0.00005300,BTC,899.6422341958436,0.0,0.00104336,157
0,[],22,[],2019-02-23 12:15:18,0.0,0,0,6766424,2019-02-23 12:15:18,,50175.68008609,0.0,0,,54479136.04179466,0.0,0.0,158
,[],17,[],2018-11-20 22:56:10,0.0,0,0,4861976,2018-11-20 22:56:10,btc,1.1265625,0.0,,btc,1000.0,0.0,0.0,159
,[],20,[],2018-11-20 22:56:12,0.0,0,0,4861977,2018-11-20 22:56:12,btc,11912.7940471,0.0,,btc,34413894.3617,0.0,0.0,159
1,[],12,[],2019-02-23 12:15:20,182685.54354384,0.000007669999999999999409396045368936256636516191065311431884765625,0.00000000030324802299999996,6766425,2019-02-23 12:15:20,btc,6.655059891067812,0.0,0.000007669999999999999409396045368936256636516191065311431884765625,btc,14397.09902166,0.001889328,0.0968865080000112,168
1,[],17,[],2019-02-23 09:17:44,29784.95,0.000001,0.000000000039388,6765701,2019-02-23 09:17:44,btc,0.03026736251542,0.0,0.000001,btc,144.46171372,0.0,0.00716147,168
0,[],22,[],2019-02-23 12:15:33,0.0,0,0,6766426,2019-02-23 12:15:33,,1.14714792,0.0,0,,798972.8900917594,0.0,0.0,169
1,[],22,[],2019-02-23 12:15:37,165000.0,0.00000018,0.000000000007116642000000001,6766427,2019-02-23 12:15:37,BTC,13.25624975,0.0,0.00000018,BTC,151995.11183651112,0.0,0.0198,171
1,[],22,[],2019-02-23 12:15:40,135276.90277777778,0.00000009,0.0000000000035583210000000003,6766428,2019-02-23 12:15:40,BTC,2.66754303,0.0,0.00000009,BTC,278881.66135179746,0.0001437,0.00889935,173
1,[],5,[],2019-02-23 12:15:42,0.0,0,0,6766429,2019-02-23 12:15:42,btc,0.0,0.80495309,0,btc,0.0,0.0,0.0,175
1,[],22,[],2019-02-23 12:15:46,45784.0,0.0000003,0.00000000001186107,6766430,2019-02-23 12:15:46,BTC,0.5289391,0.0,0.0000003,BTC,142708.91384013777,0.0,0.0052016,176
1,[],7,[],2019-02-23 12:15:48,0.0,0,0,6766431,2019-02-23 12:15:48,btc,410932.427664856,0.0,0,btc,117633507.07441364,0.0,0.0,178
0,[],22,[],2019-02-23 12:15:51,0.0,0,0,6766432,2019-02-23 12:15:51,,1.00242428,0.0,0,,57512.0,0.0,0.0,178
0,[],2,[],2019-01-20 23:28:34,0.0,0,0,6477001,2019-01-20 23:28:34,,0.0,0.0,0,,0.0,0.0,0.0,178
1,[],5,[],2019-02-23 12:15:51,0.0,0,0,6766433,2019-02-23 12:15:51,btc,0.0,0.23502207,0,btc,0.0,0.0,0.0,179
1,[],22,[],2019-02-23 12:15:55,6961684.0,0.00000002,0.000000000000790738,6766434,2019-02-23 12:15:55,BTC,5.57996334,0.0,0.00000002,"BTC,LTC",18407477.468656633,0.004534,0.3741744,179
0,[],23,[],2019-01-20 23:25:08,0.0,0,0,6476952,2019-01-20 23:25:08,,0.0,0.0,0,,0.0,0.0,0.0,179
0.0000000001234878,[],22,[],2019-02-23 12:16:15,128605.4,1.234878e-17,4.882324799820001e-22,6766435,2019-02-23 12:16:15,LTC,0.20960327,0.0,0.0000001,LTC,65868.79700014742,0.0,0.00130544,180
1,[],26,[],2019-02-23 12:16:15,0.0,0.00000100,0.0000000000395369,6766436,2019-02-23 12:16:15,btc,0.0,60.0,0.00000100,btc,0.0,0.0,0.0,180
1,[],17,[],2019-02-23 11:26:52,10504.725,0.0000001,0.00000000000395692,6766273,2019-02-23 11:26:52,btc,5.2010695838463255,0.0,0.0000001,btc,5033.45945,0.0,0.0010504725,180
,[],7,[],2018-11-20 22:58:01,562227.975654,0.00000085,0.000000000036176765,4862015,2018-11-20 22:58:01,btc,21836.6059674,2491.87645172,,btc,749999.041456,0.00211021,0.127565380455,183
,[],5,[],2019-01-10 08:11:41,0.0,0,0,6347036,2019-01-10 08:11:41,btc,82.15055501,0.00261,,btc,1.19002445,0.0,0.0,187
1,[],24,[],2019-02-23 12:16:15,0.0,0.000000000001,3.95369e-17,6766437,2019-02-23 12:16:15,btc,0.0,0.0,0.000000000001,btc,0.0,0.0,0.0,187
,[],17,[],2018-11-16 20:58:10,4062536.27273,0.00000001,0.000000000000550501,4708775,2018-11-16 20:58:10,btc,3.36492563466,0.195460381006,,"btc,eth",110697919.549,0.0,0.0157628953496,187
0,[],22,[],2019-02-23 12:16:25,0.0,0,0,6766438,2019-02-23 12:16:25,,1.19374396,0.0,0,,16308.869534405507,0.0,0.0,191
0,[],22,[],2019-02-23 12:16:36,0.0,0,0,6766439,2019-02-23 12:16:36,,0.0,0.0,0,,0.0,0.0,0.0,197
0,[],23,[],2019-01-20 23:31:41,0.0,0,0,6477079,2019-01-20 23:31:41,,0.0,0.0,0,,0.0,0.0,0.0,199
0,[],22,[],2019-02-23 12:16:39,0.0,0,0,6766440,2019-02-23 12:16:39,,5.19557122,0.0,0,,21074453.0,0.0,0.0,199
1,[],26,[],2019-02-23 12:16:39,0.0,0.00000000,0,6766441,2019-02-23 12:16:39,btc,0.0,0.0,0.00000000,btc,0.0,0.0,0.0,199
0,[],17,[],2019-01-30 16:32:01,0.0,0,0,6540827,2019-01-30 16:32:01,btc,6.802544163788159,0.0,0,btc,105897.55575295,0.0,0.0,200
0,[],2,[],2019-01-20 23:30:49,0.0,0,0,6477059,2019-01-20 23:30:49,,0.0,0.0,0,,0.0,0.0,0.0,201
1,[],4,[],2019-01-25 15:51:35,2084389.58565343,0.00000936,0.000000000333526752,6499557,2019-01-25 15:51:35,btc,2.0092503037378524,0.0,0.00000936,btc,160195.80207885,0.19272417,1.242687955921835,211
1,[],7,[],2019-02-23 12:16:43,4234435.32383949,0.000001410000000000000052661867921965921368609997443854808807373046875,0.000000000055747029000000005,6766442,2019-02-23 12:16:43,btc,15475872.306597617,11502.7498021,0.000001410000000000000052661867921965921368609997443854808807373046875,btc,12010768.40901407,0.0,3.239850345931041,212
1,[],5,[],2019-02-23 12:16:45,0.0,0,0,6766443,2019-02-23 12:16:45,btc,0.0,0.20347359,0,btc,0.0,0.0,0.0,213
1,[],24,[],2019-02-23 12:16:45,0.0,0.000000150000,0.000000000005930535,6766444,2019-02-23 12:16:45,btc,0.0,0.0,0.000000150000,btc,0.0,0.0,0.0,213
1,[],26,[],2019-02-23 12:16:45,0.0,0.00000009,0.0000000000035583210000000003,6766445,2019-02-23 12:16:45,btc,0.0,0.0,0.00000009,btc,0.0,0.0,0.0,213
1,[],12,[],2019-01-25 02:44:32,207462.42853209,0.000001080000000000000035831255497387193287295303889550268650054931640625,0.000000000038610756000000006,6493050,2019-01-25 02:44:32,btc,85023.03793723314,0.0,0.000001080000000000000035831255497387193287295303889550268650054931640625,btc,43675.73520027,0.000146250909087,0.0348620860622024,213
1,[],22,[],2019-02-23 12:16:49,79971.0,0.00000001,0.000000000000395369,6766446,2019-02-23 12:16:49,BTC,2.19621377,0.0,0.00000001,BTC,246112.59081706151,0.0005,0.00079971,216
1,[],27,[],2019-02-23 12:16:51,1237748.0,0.00000008,0.000000000003162952,6766447,2019-02-23 12:16:51,btc,355.93297677334,0.0,0.00000008,"btc,ltc",219465.505,0.0,0.03407226000006174,216
1,[],22,[],2019-02-23 12:16:55,261864.3171998338,0.00000220,0.00000000008698118,6766448,2019-02-23 12:16:55,BTC,12673.57078027,0.0,0.00000220,BTC,369653.3366853577,0.02744224,0.37428833,217
1,[],7,[],2019-02-23 12:16:56,0.0,0,0,6766449,2019-02-23 12:16:56,btc,77969.61377456698,0.0,0,btc,137043486.5550253,0.0,0.0,219
0,[],27,[],2019-02-23 12:16:58,0.0,0,0,6766450,2019-02-23 12:16:58,,0.0740438339680921,0.0,0,btc,1536429.20709513,0.0,0.0,219
0.0000000000000052,[],28,[],2019-02-23 12:17:00,168116952.092,4.316468e-18,1.706597636692e-22,6766451,2019-02-23 12:17:00,doge,83869.8037917675,14386.0,0.00083009,"btc,doge",4822403.34751,0.0,1.135960775406288e-11,219
1,[],22,[],2019-02-23 12:17:03,285635.6,0.00000015,0.000000000005930535,6766452,2019-02-23 12:17:03,BTC,3.00139081,0.0,0.00000015,BTC,106418.27041875875,0.0,0.03388856,221
1,[],24,[],2019-02-23 12:17:04,0.0,0.000000200000,0.00000000000790738,6766453,2019-02-23 12:17:04,btc,0.0,0.0,0.000000200000,btc,0.0,0.0,0.0,221
1,[],20,[],2019-02-23 12:17:06,43228136.1239,0.000000001,0.000000000000039536900000000004,6766454,2019-02-23 12:17:06,btc,47.9980618956477,99900.0,0.000000001,btc,11214728.0749,0.0002991,0.0432281361239,224
0,[],22,[],2019-02-23 12:17:08,0.0,0,0,6766455,2019-02-23 12:17:08,,0.0,0.0,0,,0.0,0.0,0.0,224
1,[],26,[],2019-02-23 12:17:09,0.0,0.00000036,0.000000000014233284000000001,6766456,2019-02-23 12:17:09,btc,0.0,0.0,0.00000036,btc,0.0,0.0,0.0,231
1,[],26,[],2019-02-23 12:17:09,0.0,0.00000006,0.000000000002372214,6766457,2019-02-23 12:17:09,btc,0.0,0.0,0.00000006,btc,0.0,0.0,0.0,234
0.0000000003732335,[],27,[],2019-02-23 12:17:11,2000.0,3.732335e-18,1.475649556615e-22,6766458,2019-02-23 12:17:11,eth,0.0113483662182,0.0,0.00000001,"btc,eth",11462.99618,0.0,7.464669999999999e-15,234
1,[],4,[],2019-02-23 12:17:12,1085139.24467756,0.00000086,0.000000000034001734,6766459,2019-02-23 12:17:12,btc,4.529646569344225,0.0,0.00000086,btc,1046722.41009928,0.02347621,0.425927372868368,236
1,[],24,[],2019-02-23 12:17:12,0.0,0.000000300000,0.00000000001186107,6766460,2019-02-23 12:17:12,btc,0.0,0.0,0.000000300000,btc,0.0,0.0,0.0,236
1,[],20,[],2019-02-23 12:17:14,65578567.1944,0.00000006,0.000000000002372214,6766461,2019-02-23 12:17:14,btc,10.0900746158087,36813912.6379,0.00000006,btc,45241246.688,2.3751853370911,0.3685307245822,237
1,[],22,[],2019-02-23 12:17:18,116403.0,0.00000004,0.000000000001581476,6766462,2019-02-23 12:17:18,BTC,0.0405823,0.0,0.00000004,"BTC,LTC",3164.0,0.0,0.00482009,237
1,[],4,[],2019-02-23 12:17:19,7577514.95459005,0.00000033,0.000000000013047177,6766463,2019-02-23 12:17:19,btc,6.087201281738903,0.0,0.00000033,btc,8910847.24177531,0.9889315,1.6851100295123476,238
1,[],5,[],2019-02-23 12:17:20,0.0,0,0,6766464,2019-02-23 12:17:20,btc,0.0,0.10533625,0,btc,0.0,0.0,0.0,238
0,[],22,[],2019-02-23 12:17:23,0.0,0,0,6766465,2019-02-23 12:17:23,,27.41366601,0.0,0,,316008.5639027493,0.0,0.0,249
0.0000000001234878,[],22,[],2019-02-23 12:17:27,7121097.666666667,3.704634e-18,1.464697439946e-22,6766466,2019-02-23 12:17:27,LTC,0.53180351,0.0,0.00000003,LTC,14499981.09,0.0,0.21263595,252
1,[],28,[],2019-02-23 12:17:28,3798307.698,0.00000013,0.000000000005139797,6766467,2019-02-23 12:17:28,btc,164693.6394059347,425811.212,0.00000013,btc,752342.43,0.0,0.2377927575,256
1,[],22,[],2019-02-23 12:17:32,2433447.6666666665,0.00000003,0.000000000001186107,6766468,2019-02-23 12:17:32,BTC,31.42327216,0.0,0.00000003,BTC,516927.80769145646,0.00045,0.05185815,258
1,[],22,[],2019-02-23 12:17:35,48751.0,0.00000001,0.000000000000395369,6766469,2019-02-23 12:17:35,BTC,2.4175745,0.0,0.00000001,BTC,1762.0,0.0,0.00048751,259
1,[],5,[],2019-02-23 12:17:36,0.0,0,0,6766470,2019-02-23 12:17:36,btc,0.0,0.33895008,0,btc,0.0,0.0,0.0,264
1,[],20,[],2019-02-23 12:17:38,1221888.2989,0.000001612,0.0000000000637334828,6766471,2019-02-23 12:17:38,btc,7.6841623921506,85977.0014,0.000001612,btc,108117.4306,0.2882580631206,0.0297061892669,264
1,[],22,[],2019-02-23 12:19:40,25664.0,0.00000001,0.000000000000395369,6766472,2019-02-23 12:19:40,BTC,8.4442135,0.0,0.00000001,BTC,427909.69136002666,0.0,0.00025664,271
0,[],22,[],2019-02-23 12:19:43,0.0,0,0,6766473,2019-02-23 12:19:43,,263.46698823,0.0,0,,14809386027.9,0.0,0.0,272
0.0000000000000052,[],28,[],2019-02-23 12:19:45,232212918758.06,4.68e-21,1.8503269200000001e-25,6766474,2019-02-23 12:19:45,doge,10997220.798366807,34935659654.428,0.0000009,doge,216233204877.75723,0.0,6.247349504098927e-10,272
1,[],22,[],2019-02-23 12:19:51,114058.74,0.00000207,0.000000000081841383,6766475,2019-02-23 12:19:51,BTC,74.42313703,0.0,0.00000207,"BTC,LTC",11670.487639773188,0.02638503,0.04325372,281
1,[],22,[],2019-02-23 12:19:57,96393.0,0.00000001,0.000000000000395369,6766476,2019-02-23 12:19:57,BTC,1.33328304,0.0,0.00000001,BTC,141882.74887885063,1.35e-06,0.00096393,286
0,[],22,[],2019-02-22 20:00:43,0.0,0,0,6761229,2019-02-22 20:00:43,,43634.52003953,0.0,0,,419068796.0,0.0,0.0,294
