pairValue,buyBook,exchangeId,sellBook,updated,buyTotal,satoshiPrice,usdPrice,exchangeLogId,created,bestPair,sellTotalBtc,volume,pairPrice,activePairs,sellTotal,volumeBtc,buyTotalBtc,coinId
1,[],3,[],2019-03-18 07:25:14,31046.283562611377,0.01296071000000000028595792400665231980383396148681640625,0.000000514842171543,6962954,2019-03-18 07:25:14,btc,60.131399801193744,0.060822884419,0.01296071000000000028595792400665231980383396148681640625,btc,23.370021279684,0.0,0.40810674399486446,1
1,[],4,[],2019-03-18 07:25:16,207750.74084967,0.01303035,0.000000517608502155,6962955,2019-03-18 07:25:16,btc,12.979393077534326,0.0,0.01303035,btc,226.64232777,0.64753926,1.1214106693501695,1
1,[],5,[],2019-03-18 07:25:18,0.0,0,0,6962956,2019-03-18 07:25:18,btc,0.0,0.12394602,0,btc,0.0,0.0,0.0,1
1,[],10,[],2019-03-18 07:25:20,413710.26570723,0.01107855,0.000000440076565215,6962957,2019-03-18 07:25:20,btc,6523.155520333655,1709.36759595,0.01107855,btc,1000.76575699,0.0,4.54879251996174,1
1,[],12,[],2019-03-18 07:25:22,104.80586108,0.01298000000000000021815882433884326019324362277984619140625,0.000000515608434,6962958,2019-03-18 07:25:22,btc,0.1447746305314,0.0,0.01298000000000000021815882433884326019324362277984619140625,btc,10.63502488,0.3654186992586,0.3484136715887,1
1,[],20,[],2019-03-18 07:25:24,1152.6072,0.01070001,0.000000425039707233,6962959,2019-03-18 07:25:24,btc,0.0533371999966,0.1455,0.01070001,btc,2.311,0.0018713069031,0.0974085903251,1
1,[],21,[],2019-03-18 07:25:25,2278.69384829,0.01303314000000000034973357543,0.000000517719330162,6962960,2019-03-18 07:25:25,btc,53.442620207421925,6131.33131635,0.01303314000000000034973357543321981211192905902862548828125,"btc,eth",4947.99837396,76.34225151902243,20.096490767640407,1
0,[],22,[],2019-03-18 07:26:14,0.0,0,0,6962961,2019-03-18 07:26:14,,0.0,0.0,0,,0.0,0.0,0.0,1
1,[],24,[],2019-03-18 07:26:15,0.0,0.000000000000,0,6962962,2019-03-18 07:26:15,btc,0.0,0.0,0.000000000000,btc,0.0,0.0,0.0,1
0.0,[],25,[],2019-03-18 07:26:15,0.0,0,0,6962963,2019-03-18 07:26:15,btc,38.04119999766794,46.06480053,0.0,btc,2855.77912184,0.6182,0.0,1
1,[],26,[],2019-03-18 07:26:16,0.0,0,0,6962964,2019-03-18 07:26:16,,0.0,0.0,0,,0.0,0.0,0.0,1
1,[],28,[],2019-03-18 07:31:37,992.9,0.01231000,0.000000488993823,6962965,2019-03-18 07:31:37,btc,0.151703079,5849.75,0.01231000,btc,8.184,0.0,0.086101096,1
0,[],2,[],2019-01-20 23:28:45,0.0,0,0,6477011,2019-01-20 23:28:45,,0.0,0.0,0,,0.0,0.0,0.0,1
1,[],5,[],2019-03-18 07:31:39,0.0,0,0,6962966,2019-03-18 07:31:39,btc,0.0,0.01185352,0,btc,0.0,0.0,0.0,2
0,[],22,[],2019-03-18 07:32:28,0.0,0,0,6962967,2019-03-18 07:32:28,,0.0,0.0,0,,0.0,0.0,0.0,2
1,[],5,[],2019-03-18 07:32:29,0.0,0,0,6962968,2019-03-18 07:32:29,btc,0.0,0.03006328,0,btc,0.0,0.0,0.0,3
1,[],12,[],2019-03-18 07:32:30,3056852.55064442,0.000000195,0.000000000007746043500000001,6962969,2019-03-18 07:32:30,btc,23451.63404019776,0.0,0.000000195,btc,1311838.55176004,0.03095093267509458,0.4394992267089956,3
0,[],28,[],2019-03-18 07:32:33,0.0,0,0,6962970,2019-03-18 07:32:33,,0.0,0.0,0,,0.0,0.0,0.0,3
0,[],2,[],2019-01-20 23:31:32,0.0,0,0,6477077,2019-01-20 23:31:32,,0.0,0.0,0,,0.0,0.0,0.0,4
1,[],4,[],2019-03-18 07:32:35,360357.16756627,0.00000031,0.000000000012314223,6962971,2019-03-18 07:32:35,btc,32.08725129329981,0.0,0.00000031,btc,725153.97080371,0.00047,0.0370275691884759,4
1,[],12,[],2019-03-18 07:32:37,393075.0,0.00000002,0.0000000000007944660000000001,6962972,2019-03-18 07:32:37,btc,1111853.28825052,0.0,0.00000002,btc,781851.33266733,0.0,0.0043212400000000005,5
1,[],11,[],2019-03-18 07:32:39,3935711.8988200002,0.00000002,0.0000000000007944660000000001,6962973,2019-03-18 07:32:39,btc,9574.30034761844,10000.0,0.00000002,btc,43081567.92614274,0.0,0.0449565813342,6
0,[],2,[],2019-01-20 23:31:51,0.0,0,0,6477087,2019-01-20 23:31:51,,0.0,0.0,0,,0.0,0.0,0.0,6
1,[],3,[],2019-03-18 07:32:39,1104.681999615087,0.00016001000000000000791054721727135756736970506608486175537109375,0.000000006356125233,6962974,2019-03-18 07:32:39,btc,29.634654231634162,0.0,0.00016001000000000000791054721727135756736970506608486175537109375,btc,241.020514578101,0.0,0.037154957817789276,7
1,[],4,[],2019-03-18 07:32:40,94521.84946889,0.00021922,0.000000008708141826,6962975,2019-03-18 07:32:40,btc,10.058922974042035,0.0,0.00021922,btc,36566.46697701,3.36805273,8.471430901260234,7
1,[],5,[],2019-03-18 07:32:42,0.0,0,0,6962976,2019-03-18 07:32:42,btc,0.0,1.23433889,0,btc,0.0,0.0,0.0,7
1,[],20,[],2019-02-20 02:16:17,39399275.8418,0.000000001,0.0000000000000390183,6728586,2019-02-20 02:16:17,btc,116.9737569154545,525.0,0.000000001,btc,56932965.8895,5.25e-07,0.0393992758418,8
1,[],4,[],2019-03-18 07:32:46,1854746.59187709,0.00000158,0.000000000062762814,6962977,2019-03-18 07:32:46,btc,7.0859539037143024,0.0,0.00000158,btc,3162285.04562075,2.37586528,1.320065753192931,9
0,[],28,[],2019-03-18 07:34:47,0.0,0,0,6962978,2019-03-18 07:34:47,,0.0,0.0,0,,0.0,0.0,0.0,9
0,[],2,[],2019-01-20 23:22:42,0.0,0,0,6476876,2019-01-20 23:22:42,,0.0,0.0,0,,0.0,0.0,0.0,9
0,[],23,[],2019-01-20 23:22:48,0.0,0,0,6476878,2019-01-20 23:22:48,,0.0,0.0,0,,0.0,0.0,0.0,9
1,[],1,[],2019-02-17 23:31:42,1822507.21,0.00000181000000000000003456111265232042484285557293333113193511962890625,0.000000000066086901,6701244,2019-02-17 23:31:42,btc,3.6990969245,17153386.5,0.00000181000000000000003456111265232042484285557293333113193511962890625,btc,1997391.71,31.11772986,3.2610482446,9
1,[],4,[],2019-02-17 11:22:43,4341674.27126056,0.00000002,0.0000000000007272960000000001,6696112,2019-02-17 11:22:43,btc,0.1997230937751353,0.0,0.00000002,btc,4109766.79808031,0.00215132,0.0479381022052112,10
1,[],4,[],2019-03-18 07:34:47,5801717.77095713,0.00000182,0.000000000072296406,6962979,2019-03-18 07:34:47,btc,13.71572776213109,0.0,0.00000182,btc,5283240.06083974,2.58662778,7.064800265604872,12
1,[],5,[],2019-03-18 07:34:50,0.0,0,0,6962980,2019-03-18 07:34:50,btc,0.0,0.04023114,0,btc,0.0,0.0,0.0,12
0.0,[],25,[],2019-03-18 07:34:51,0.0,0,0,6962981,2019-03-18 07:34:51,,0.0,0.0,0.0,btc,0.0,0.0,0.0,12
0,[],2,[],2019-01-20 23:23:08,0.0,0,0,6476890,2019-01-20 23:23:08,,0.0,0.0,0,,0.0,0.0,0.0,12
1,[],4,[],2019-03-18 07:34:52,32913407.99421359,0.00001071,0.000000000425436543,6962982,2019-03-18 07:34:52,btc,3.7058824575942415,0.0,0.00001071,btc,274412.02914946,2.79753916,1.3033557334687933,13
1,[],21,[],2019-03-18 07:34:55,1751232.7529121,0.00001086999999999999926459000321,0.000000000431792271,6962983,2019-03-18 07:34:55,btc,13.630165210725274,6888165.88637119,0.00001086999999999999926459000321177228443048079498112201690673828125,btc,1083440.41743715,79.2193391,17.363558551164484,13
1,[],10,[],2019-03-18 05:27:14,458419.82510457,0.00001058,0.00000000042294396400000003,6962590,2019-03-18 05:27:14,btc,666776.7437905276,25538.9835613,0.00001058,btc,663942.75189362,0.0,0.465388817810915,13
1,[],4,[],2019-03-18 07:34:56,1562804.8054871,0.00000082,0.000000000032573106,6962984,2019-03-18 07:34:56,btc,5.354424856574143,0.0,0.00000082,btc,989809.99758256,0.02056688,0.196490288520302,14
1,[],12,[],2019-03-18 07:34:58,303585.0,0.000001,0.0000000000397233,6962985,2019-03-18 07:34:58,btc,0.0560829791343418,0.0,0.000001,btc,13816.8948088,0.0,0.03215312,14
1,[],26,[],2019-03-18 07:35:08,0.0,0.00000050,0.00000000001986165,6962986,2019-03-18 07:35:08,btc,0.0,0.0,0.00000050,btc,0.0,0.0,0.0,14
0,[],17,[],2019-03-18 06:33:21,0.0,0,0,6962791,2019-03-18 06:33:21,btc,0.0,0.0,0,btc,0.0,0.0,0.0,14
0,[],4,[],2019-03-18 07:35:09,0.0,0,0,6962987,2019-03-18 07:35:09,,0.0,0.0,0,,0.0,0.0,0.0,15
,[],12,[],2018-12-01 15:15:48,204241.84496,0.00000489,0.000000000202473384,5260204,2018-12-01 15:15:48,btc,49.5475654835,0.0,,btc,35763.2193806,0.0163153972027625,0.0203389899998,15
1,[],4,[],2019-03-18 07:35:10,74659.54119926,0.00001491,0.000000000592274403,6962988,2019-03-18 07:35:10,btc,3.7793238338505586,0.0,0.00001491,btc,18561.07402046,0.02862198,0.0557443486141754,18
1,[],10,[],2019-03-18 07:35:12,783233.70975549,0.00001485,0.000000000589891005,6962989,2019-03-18 07:35:12,btc,15.398885631708323,3377.96523433,0.00001485,btc,12987.26755923,0.0,0.1228381672105144,18
1,[],12,[],2019-03-18 07:35:14,327185.05897506,0.000015520000000000000483536821693775209496379829943180084228515625,0.000000000616505616,6962990,2019-03-18 07:35:14,btc,33214.7276452824,0.0,0.000015520000000000000483536821693775209496379829943180084228515625,btc,801.92086545,0.0035440882721387,0.032017949953246,18
0,[],2,[],2019-01-20 23:23:38,0.0,0,0,6476906,2019-01-20 23:23:38,,0.0,0.0,0,,0.0,0.0,0.0,18
0,[],17,[],2019-03-18 06:33:39,0.0,0,0,6962797,2019-03-18 06:33:39,btc,0.0,0.0,0,btc,0.0,0.0,0.0,18
1,[],3,[],2019-03-18 07:35:25,119717.52854966825,0.000018660000000000000913193132223710790640325285494327545166015625,0.0000000007412367780000001,6962991,2019-03-18 07:35:25,btc,0.6919407325489582,0.0,0.000018660000000000000913193132223710790640325285494327545166015625,btc,15054.205445313173,0.0,0.04512642119881457,19
1,[],4,[],2019-03-18 07:35:26,221324.42387957,0.00001951,0.0000000007750015830000001,6962992,2019-03-18 07:35:26,btc,2.2417832952026506,0.0,0.00001951,btc,77244.93848966,0.33457403,2.3107740180285945,19
1,[],5,[],2019-03-18 07:35:27,0.0,0,0,6962993,2019-03-18 07:35:27,btc,0.0,2.21e-06,0,btc,0.0,0.0,0.0,19
1,[],12,[],2019-03-18 07:35:28,193499.72884583,0.0000187000000000000005302182304323110884070047177374362945556640625,0.00000000074282571,6962994,2019-03-18 07:35:28,btc,0.1518184194230791,0.0,0.0000187000000000000005302182304323110884070047177374362945556640625,btc,638.97341898,0.0042402645663027,0.0497030099979124,19
0,[],27,[],2019-03-18 07:35:30,0.0,0,0,6962995,2019-03-18 07:35:30,,0.0,0.0,0,btc,0.0,0.0,0.0,19
0,[],2,[],2019-01-20 23:24:19,0.0,0,0,6476924,2019-01-20 23:24:19,,0.0,0.0,0,,0.0,0.0,0.0,19
1,[],4,[],2019-03-18 07:35:31,2840906.29721996,0.00000013,0.000000000005164029,6962996,2019-03-18 07:35:31,btc,7.3815737746397,0.0,0.00000013,btc,2871716.96906976,0.0,0.0859572404891469,20
1,[],4,[],2019-03-18 07:35:31,93501244.54946245,0.00000002,0.000000000000794466,6962997,2019-03-18 07:35:31,btc,39417.16306170277,0.0,0.00000002,btc,54270519.53537982,0.08563676,0.9984299438898894,21
1,[],12,[],2019-03-18 07:35:32,2175571.0,0.00000001,0.00000000000039723300000000003,6962998,2019-03-18 07:35:32,btc,2870.53741960017,0.0,0.00000001,btc,2922668.50849151,1.36888111888e-05,0.02175571,21
0,[],17,[],2019-03-18 07:35:34,0.0,0,0,6962999,2019-03-18 07:35:34,btc,0.0,0.0,0,btc,0.0,0.0,0.0,21
1,[],12,[],2019-03-18 07:35:35,3171715230.0,0.0000000001,0.0000000000000039723300000000004,6963000,2019-03-18 07:35:35,btc,1951142.8765204297,0.0,0.0000000001,btc,1636760383.0323565,0.06789862543636364,0.317171523,23
0,[],27,[],2019-03-18 07:35:37,0.0,0,0,6963001,2019-03-18 07:35:37,,13.972018501006241,0.0,0,eth,6275713.95973186,0.0,0.0,23
1,[],4,[],2019-03-18 07:35:38,673515.89105131,0.00000045,0.000000000017875485,6963002,2019-03-18 07:35:38,btc,9.908433177930464,0.0,0.00000045,btc,1612526.86279162,0.00482236,0.1698244040267994,24
0,[],22,[],2019-03-18 07:36:27,0.0,0,0,6963003,2019-03-18 07:36:27,,0.0,0.0,0,,0.0,0.0,0.0,24
0.0,[],25,[],2019-03-18 07:36:28,0.0,0,0,6963004,2019-03-18 07:36:28,,0.0,0.0,0.0,btc,0.0,0.0,0.0,24
1,[],4,[],2019-03-18 07:36:29,28219274.19203982,0.00000670,0.00000000026614611,6963005,2019-03-18 07:36:29,btc,141.2992510897093,0.0,0.00000670,btc,250302.16047542,0.27615165,0.687647785114531,26
1,[],10,[],2019-03-18 07:36:31,602925.23251558,0.00000543,0.00000000021569751899999999,6963006,2019-03-18 07:36:31,btc,25.23354864648354,2650.64409196,0.00000543,btc,14324.4645187,0.0,0.1443916358988472,26
0,[],2,[],2019-01-20 23:25:56,0.0,0,0,6476976,2019-01-20 23:25:56,,0.0,0.0,0,,0.0,0.0,0.0,26
1,[],3,[],2019-03-18 07:36:32,10188166.54084747,0.00000001,0.00000000000039723300000000003,6963007,2019-03-18 07:36:32,btc,2.0565801810436755,185.0,0.00000001,btc,15720086.39008366,0.0,0.1018816654084747,27
1,[],5,[],2019-03-18 07:36:34,0.0,0,0,6963008,2019-03-18 07:36:34,btc,0.0,0.0,0,btc,0.0,0.0,0.0,27
1,[],11,[],2019-03-18 07:36:35,8493678.24590115,0.00000006,0.0000000000023833979999999998,6963009,2019-03-18 07:36:35,btc,67506.1992155516,5956.66666667,0.00000006,btc,7966196.08369704,0.0,0.4691399049180229,27
1,[],4,[],2019-03-18 07:36:37,2159694489.7325854,0.00000001,0.000000000000397233,6963010,2019-03-18 07:36:37,btc,3.3186303237205363,0.0,0.00000001,"btc,ltc",265289364.745283,0.14543326,9.921548731153871,29
1,[],7,[],2019-03-18 07:36:38,35613182.13418711,0.00000001,0.00000000000039723300000000003,6963011,2019-03-18 07:36:38,btc,44461604.29079431,1854.5,0.00000001,btc,52325034.42656505,3.709e-05,0.3561318213418711,29
1,[],4,[],2019-03-18 07:36:39,4105374.34695353,0.00000018,0.000000000007150194,6963012,2019-03-18 07:36:39,btc,2.8025687243944972,0.0,0.00000018,btc,2299665.38670629,0.00205867,0.1131431979174384,30
0,[],17,[],2019-03-18 05:29:07,0.0,0,0,6962621,2019-03-18 05:29:07,btc,0.0,0.0,0,btc,0.0,0.0,0.0,30
1,[],4,[],2019-03-18 07:36:46,182665.45144218,0.00006008,0.000000002386575864,6963013,2019-03-18 07:36:46,btc,6.508788569879764,0.0,0.00006008,btc,65999.20530809,1.33362561,2.0311239872315263,31
1,[],21,[],2019-03-18 07:36:47,68089.35760622,0.00006022000000000000280182127499,0.000000002392137126,6963014,2019-03-18 07:36:47,btc,7.371605386294733,569796.65521579,0.000060220000000000002801821274989180210468475706875324249267578125,btc,107930.71520061,35.56359309,3.895831028680122,31
0,[],2,[],2019-01-20 23:28:43,0.0,0,0,6477009,2019-01-20 23:28:43,,0.0,0.0,0,,0.0,0.0,0.0,32
1,[],4,[],2019-03-18 07:36:48,397728902.175904,0.00000004,0.000000000001588932,6963015,2019-03-18 07:36:48,btc,8.911725411358647,0.0,0.00000004,"btc,ltc",181889908.10628107,0.48359736,8.483984248826276,33
1,[],12,[],2019-03-18 07:36:49,29695050.99233333,0.00000004,0.0000000000015889320000000001,6963016,2019-03-18 07:36:49,btc,4127597.57368292,0.0,0.00000004,btc,23335785.69443056,0.1468264291446057,0.7218426867199998,33
1,[],4,[],2019-03-18 07:36:50,90415684.88817006,0.00000001,0.000000000000397233,6963017,2019-03-18 07:36:50,btc,3.2744024730105346,0.0,0.00000001,btc,103289899.16533832,0.00165287,0.9041568488817007,34
1,[],5,[],2019-03-18 07:36:52,0.0,0,0,6963018,2019-03-18 07:36:52,btc,0.0,0.04543099,0,btc,0.0,0.0,0.0,34
0.0000000001492058,[],4,[],2019-03-18 07:36:54,5090352890.492448,1.492058e-18,5.92694675514e-23,6963019,2019-03-18 07:36:54,ltc,4.9839103684693654e-08,0.0,0.00000001,ltc,6357364527.702046,0.0,7.59510175308238e-09,36
1,[],5,[],2019-03-18 07:36:56,0.0,0,0,6963020,2019-03-18 07:36:56,btc,0.0,0.0,0,btc,0.0,0.0,0.0,36
0.0000000003464523,[],27,[],2019-03-18 07:36:59,998000.16325,3.464523e-18,1.376222864859e-22,6963021,2019-03-18 07:36:59,eth,223.80396210580784,0.0,0.00000001,"ltc,eth",12165396.31058689,0.0,1.4890744495833796e-12,36
0,[],17,[],2019-03-18 06:35:18,0.0,0,0,6962827,2019-03-18 06:35:18,btc,0.0746458232965017,0.0,0,btc,4103573.70243647,0.0,0.0,36
1,[],4,[],2019-03-18 07:37:00,374518.75302084,0.00000059,0.000000000023436747,6963022,2019-03-18 07:37:00,btc,19772.471577847886,0.0,0.00000059,btc,590096.20471469,0.05921554,0.0831082674758447,37
1,[],12,[],2019-03-18 07:37:01,695418.1889606001,0.00000059,0.000000000023436746999999998,6963023,2019-03-18 07:37:01,btc,21.621069632189137,0.0,0.00000059,btc,365444.88763842,0.031188792629745,0.2452681856041458,37
1,[],27,[],2019-03-18 07:37:04,14685.567,0.00000045,0.000000000017875485,6963024,2019-03-18 07:37:04,btc,24.25536383611233,0.0,0.00000045,btc,6518.38138508,0.0,0.00480032515,37
1,[],17,[],2019-03-18 05:29:23,1752.74075282,0.00000025,0.00000000000999395,6962634,2019-03-18 05:29:23,btc,0.055484923989100494,0.0,0.00000025,btc,1387.19918473,0.0,0.00043818518820499993,37
1,[],5,[],2019-03-18 07:37:06,0.0,0,0,6963025,2019-03-18 07:37:06,btc,0.0,0.10710987,0,btc,0.0,0.0,0.0,42
1,[],12,[],2019-03-18 07:37:06,253860.31346422,0.00000092,0.000000000036545436,6963026,2019-03-18 07:37:06,btc,5.579042754482751,0.0,0.00000092,btc,28672.50622715,0.0187871834682125,0.0194657399999872,42
0.0000000003464523,[],27,[],2019-03-18 07:37:09,22000.0,4.1574276e-17,1.6514674378308e-21,6963027,2019-03-18 07:37:09,eth,0.00315028,0.0,0.00000012,"btc,eth",11.007,0.0,8.38414566e-13,42
1,[],5,[],2019-03-18 07:37:11,0.0,0,0,6963028,2019-03-18 07:37:11,btc,0.0,0.01813389,0,btc,0.0,0.0,0.0,43
0,[],17,[],2019-03-18 07:37:23,0.0,0,0,6963029,2019-03-18 07:37:23,btc,0.0,0.0,0,btc,0.0,0.0,0.0,43
1,[],12,[],2019-03-13 09:13:29,1112112.0,0.00000001,0.000000000000386531,6919902,2019-03-13 09:13:29,btc,29058.00478931866,0.0,0.00000001,btc,5967681.93306694,9.99000999e-07,0.01112112,43
1,[],12,[],2019-03-05 01:54:08,639326.02,0.00000004,0.000000000001486676,6845775,2019-03-05 01:54:08,btc,11116042.728239931,0.0,0.00000004,btc,1103841.4595604,0.0003330765234764,0.014975410599999999,44
1,[],4,[],2019-03-18 07:37:24,298151345.2748583,0.00000002,0.000000000000794466,6963030,2019-03-18 07:37:24,btc,497.81315429672486,0.0,0.00000002,"btc,ltc",16762670.45353309,0.0051177,0.2839204469060072,49
0.0000000001492058,[],4,[],2019-03-18 07:37:25,527978587.8666691,1.492058e-18,5.92694675514e-23,6963031,2019-03-18 07:37:25,ltc,25.901654672883527,0.0,0.00000001,ltc,8614125116.009727,0.0,7.877746758551666e-10,52
0,[],22,[],2019-03-18 07:38:14,0.0,0,0,6963032,2019-03-18 07:38:14,,0.0,0.0,0,,0.0,0.0,0.0,57
0.0000000003464523,[],27,[],2019-03-18 07:38:17,2000.0,3.464523e-18,1.376222864859e-22,6963033,2019-03-18 07:38:17,eth,0.0,0.0,0.00000001,"btc,eth",0.0,0.0,6.929046e-15,57
0.0000000001492058,[],4,[],2019-03-18 07:38:18,791782892.751,2.984116e-18,1.185389351028e-22,6963034,2019-03-18 07:38:18,ltc,18.65761757199456,0.0,0.00000002,ltc,4686446040.785704,0.0,1.7981067646190437e-09,58
1,[],12,[],2019-03-18 07:38:19,1431400837.0,0.0000000003,0.00000000000001191699,6963035,2019-03-18 07:38:19,btc,4265307.078528629,0.0,0.0000000003,btc,1606934219.6293707,0.001647026959340662,0.3677443452,58
0,[],17,[],2019-03-18 07:38:31,0.0,0,0,6963036,2019-03-18 07:38:31,btc,1e+24,0.0,0,btc,49226522.0897055,0.0,0.0,58
0,[],22,[],2019-03-18 07:39:20,0.0,0,0,6963037,2019-03-18 07:39:20,,0.0,0.0,0,,0.0,0.0,0.0,58
1,[],5,[],2019-03-18 07:39:22,0.0,0,0,6963038,2019-03-18 07:39:22,btc,0.0,0.02357038,0,btc,0.0,0.0,0.0,61
0,[],22,[],2019-03-18 07:40:11,0.0,0,0,6963039,2019-03-18 07:40:11,,0.0,0.0,0,,0.0,0.0,0.0,61
1,[],26,[],2019-03-18 07:40:11,0.0,0.00000800,0.0000000003177864,6963040,2019-03-18 07:40:11,btc,0.0,0.0,0.00000800,btc,0.0,0.0,0.0,61
1,[],27,[],2019-03-18 07:40:13,2138.56798,0.00000047,0.000000000018669951,6963041,2019-03-18 07:40:13,btc,2.8850305703141323,0.0,0.00000047,"btc,eth",19862.59257617,0.0,0.00019833999351407376,61
1,[],28,[],2019-03-18 07:43:13,13880.304,0.0000005,0.00000000001986165,6963042,2019-03-18 07:43:13,btc,2.056312978300105,209.0,0.0000005,btc,9730.59500005,0.0,0.00566391304,61
1,[],4,[],2019-03-18 07:43:13,1301146.05331527,0.00000249,0.000000000098911017,6963043,2019-03-18 07:43:13,btc,9.902421301004221,0.0,0.00000249,btc,850417.8426012,0.32978321,1.0381717131771442,67
0.0,[],25,[],2019-03-18 07:43:15,0.0,0,0,6963044,2019-03-18 07:43:15,,0.0,0.0,0.0,btc,0.0,0.0,0.0,67
1,[],12,[],2019-03-18 07:43:16,841829.56169839,0.00000015,0.000000000005958495,6963045,2019-03-18 07:43:16,btc,1111615.2105614976,0.0,0.00000015,btc,922516.68247522,0.00156718966034,0.0662037141918167,71
,[],5,[],2018-11-20 23:02:39,1.5e-07,0.00000005,0.000000000002128045,4862160,2018-11-20 23:02:39,btc,2.84511358,0.0,,btc,0.00036572,0.0,0.07381892,74
1,[],5,[],2019-03-18 07:43:18,0.0,0,0,6963046,2019-03-18 07:43:18,btc,0.0,0.0,0,btc,0.0,0.0,0.0,75
1,[],4,[],2019-03-18 07:43:20,13382103.94481309,0.00000001,0.000000000000397233,6963047,2019-03-18 07:43:20,btc,11370.01956508711,0.0,0.00000001,btc,39949505.59932191,0.0,0.1338210394481309,81
0,[],20,[],2019-01-25 09:30:31,0.0,0,0,6495923,2019-01-25 09:30:31,btc,0.0,0.0,0,btc,0.0,0.0,0.0,81
1,[],4,[],2019-03-18 07:43:22,23619.71275545,0.00008067,0.000000003204478611,6963048,2019-03-18 07:43:22,btc,17.913330118366357,0.0,0.00008067,btc,12080.4977079,0.03107137,0.0805543695072539,82
1,[],21,[],2019-03-18 07:43:23,919312.11523071,0.00007846000000000000434811908701,0.000000003116690118,6963049,2019-03-18 07:43:23,btc,2.7955367326135767,2314.88711983,0.00007846000000000000434811908700538651828537695109844207763671875,btc,30901.85131271,0.18332706,3.723710084101927,82
0,[],17,[],2019-03-18 06:41:33,0.0,0,0,6962855,2019-03-18 06:41:33,btc,0.0447233088476774,0.0,0,btc,999127.19588126,0.0,0.0,84
0.0000000001492058,[],4,[],2019-03-18 07:43:35,149291050.4678183,4.476174e-18,1.7780840265419999e-22,6963050,2019-03-18 07:43:35,ltc,1.6750569885535793,0.0,0.00000003,ltc,390909604.6929961,0.00123456,3.243326395444182e-10,85
,[],22,[],2018-11-20 23:09:34,3408.1,0.0000001,0.0000000000041895,4862324,2018-11-20 23:09:34,BTC,0.04624735,0.0,,BTC,4990.0,0.0,0.00033081,86
0,[],22,[],2019-03-18 07:44:24,0.0,0,0,6963051,2019-03-18 07:44:24,,0.0,0.0,0,,0.0,0.0,0.0,87
1,[],27,[],2019-03-18 07:44:26,50.0,0.00000001,0.000000000000397233,6963052,2019-03-18 07:44:26,btc,5.0620453089352,0.0,0.00000001,btc,27725.9038596,0.0,5e-07,87
,[],2,[],2018-11-20 23:10:47,0.0,0,0,4862359,2018-11-20 23:10:47,,0.0,0.0,,,0.0,0.0,0.0,88
1,[],11,[],2019-03-18 07:44:28,109697.70782928,0.0001502200000000000084700302327433973914594389498233795166015625,0.0000000059672341260000005,6963053,2019-03-18 07:44:28,btc,612.0697386322248,1076.79999999,0.0001502200000000000084700302327433973914594389498233795166015625,btc,101170.35166985,0.0,8.771972573386764,89
0,[],2,[],2019-01-20 23:31:45,0.0,0,0,6477083,2019-01-20 23:31:45,,0.0,0.0,0,,0.0,0.0,0.0,91
1,[],12,[],2019-03-18 07:44:30,312860.37691025,0.00000092,0.000000000036545436,6963054,2019-03-18 07:44:30,btc,58.444437785372685,0.0,0.00000092,btc,89143.65126046,8.73618e-05,0.0314765912999909,91
0,[],17,[],2019-03-18 07:44:32,0.0,0,0,6963055,2019-03-18 07:44:32,btc,0.0,0.0,0,btc,0.0,0.0,0.0,91
0,[],22,[],2019-03-18 07:45:21,0.0,0,0,6963056,2019-03-18 07:45:21,,0.0,0.0,0,,0.0,0.0,0.0,91
0,[],22,[],2019-03-18 07:46:11,0.0,0,0,6963057,2019-03-18 07:46:11,,0.0,0.0,0,,0.0,0.0,0.0,95
0.0000000001492058,[],4,[],2019-03-18 07:46:12,541012801.2512879,7.46029e-17,2.96347337757e-21,6963058,2019-03-18 07:46:12,ltc,11.883229172695005,0.0,0.0000005,ltc,134875865.11121503,0.0,1.1850791720506972e-09,96
0,[],12,[],2019-03-18 07:46:13,0.0,0,0,6963059,2019-03-18 07:46:13,btc,10.670217704285713,0.0,0,btc,3148038.4285714,0.0001880119880121,0.0,96
0,[],17,[],2019-03-18 07:46:25,0.0,0,0,6963060,2019-03-18 07:46:25,btc,0.0,0.0,0,btc,0.0,0.0,0.0,96
1,[],4,[],2019-03-18 07:46:26,3623391.78851332,0.00000057,0.000000000022642281,6963061,2019-03-18 07:46:26,btc,6.33469935185016,0.0,0.00000057,btc,3172972.27558915,0.85387542,0.7042867878941226,99
0,[],2,[],2019-01-20 23:23:55,0.0,0,0,6476914,2019-01-20 23:23:55,,0.0,0.0,0,,0.0,0.0,0.0,100
1,[],4,[],2019-03-18 07:46:27,298422.39010829,0.00003475,0.000000001380384675,6963062,2019-03-18 07:46:27,btc,11.248229313513054,0.0,0.00003475,btc,177048.0007647,0.63566118,1.6132556455126563,100
0,[],22,[],2019-03-18 07:47:16,0.0,0,0,6963063,2019-03-18 07:47:16,,0.0,0.0,0,,0.0,0.0,0.0,101
1,[],4,[],2019-03-18 07:47:17,367439.80626156,0.00000094,0.000000000037339902,6963064,2019-03-18 07:47:17,btc,292.5332525624741,0.0,0.00000094,btc,555667.23919217,0.07760403,0.1995246383470864,103
1,[],12,[],2019-03-18 07:47:20,34731776.22452997,0.000000008,0.00000000000031778640000000004,6963065,2019-03-18 07:47:20,btc,3219028.6604804024,0.0,0.000000008,btc,65328452.99041956,0.01457379895492516,0.060986955796239764,105
0,[],27,[],2019-03-18 07:47:21,0.0,0,0,6963066,2019-03-18 07:47:21,,36.61213037936601,0.0,0,btc,1531551.60039724,0.0,0.0,105
0,[],22,[],2019-03-18 07:48:10,0.0,0,0,6963067,2019-03-18 07:48:10,,0.0,0.0,0,,0.0,0.0,0.0,107
1,[],26,[],2019-03-18 07:48:10,0.0,0.00000000,0,6963068,2019-03-18 07:48:10,btc,0.0,0.0,0.00000000,btc,0.0,0.0,0.0,107
1,[],5,[],2019-03-18 07:48:12,0.0,0,0,6963069,2019-03-18 07:48:12,btc,0.0,0.00072812,0,btc,0.0,0.0,0.0,112
0,[],22,[],2019-03-18 07:49:01,0.0,0,0,6963070,2019-03-18 07:49:01,,0.0,0.0,0,,0.0,0.0,0.0,112
0.0000000003464523,[],27,[],2019-03-18 07:49:03,2000.0,3.464523e-18,1.376222864859e-22,6963071,2019-03-18 07:49:03,eth,1.24996908,0.0,0.00000001,"btc,eth",1289.0,0.0,6.929046e-15,112
1,[],4,[],2019-03-18 07:49:04,740967.89707409,0.00000171,0.000000000067926843,6963072,2019-03-18 07:49:04,btc,4.0456877680529795,0.0,0.00000171,btc,418833.59515092,0.15687232,0.6993475765280658,113
1,[],5,[],2019-03-18 07:49:06,0.0,0,0,6963073,2019-03-18 07:49:06,btc,0.0,0.0,0,btc,0.0,0.0,0.0,113
1,[],17,[],2019-03-18 03:11:06,152738.278,0.00000004,0.000000000001606432,6962289,2019-03-18 03:11:06,btc,1.33680302678,0.0,0.00000004,btc,50696.221,0.0,0.0022095311199999998,116
0,[],27,[],2019-03-18 07:49:19,0.0,0,0,6963074,2019-03-18 07:49:19,,0.0,0.0,0,btc,0.0,0.0,0.0,116
1,[],4,[],2019-03-18 07:49:20,67112.75706655,0.00004692,0.000000001863817236,6963075,2019-03-18 07:49:20,btc,102.98907664899087,0.0,0.00004692,btc,45814.8768263,0.41786872,1.278152676812504,120
1,[],7,[],2019-03-18 07:49:24,23148.88160715,0.0000270100000000000005882794251732548218569718301296234130859375,0.000000001072926333,6963076,2019-03-18 07:49:24,btc,115651.27034723606,150.28774618,0.0000270100000000000005882794251732548218569718301296234130859375,btc,27728.65002019,0.00701739,0.0577509008209091,120
1,[],20,[],2019-03-18 07:49:27,1561824.0679,0.000000034,0.0000000000013505922,6963077,2019-03-18 07:49:27,btc,32.3019190406648,9517.559,0.000000034,btc,1028084.0986,0.000323597006,0.0117869717416,125
0,[],22,[],2019-03-18 07:50:16,0.0,0,0,6963078,2019-03-18 07:50:16,,0.0,0.0,0,,0.0,0.0,0.0,126
1,[],4,[],2019-03-18 07:50:17,1304896.03975668,0.00001127,0.000000000447681591,6963079,2019-03-18 07:50:17,btc,3.1150349968772053,0.0,0.00001127,btc,132316.96065768,0.12236044,0.5062715607666401,131
0,[],17,[],2019-03-18 07:50:19,0.0,0,0,6963080,2019-03-18 07:50:19,btc,0.0953976503951408,0.0,0,btc,5037.62507334,0.0,0.0,131
0,[],2,[],2019-01-20 23:25:46,0.0,0,0,6476969,2019-01-20 23:25:46,,0.0,0.0,0,,0.0,0.0,0.0,131
1,[],4,[],2019-03-18 07:50:20,4580.91573089,0.00025284,0.000000010043639172,6963081,2019-03-18 07:50:20,btc,0.5257822744450135,0.0,0.00025284,btc,193.40119446,0.01903506,0.0138516696444257,135
1,[],3,[],2019-03-07 00:20:44,877702.73244099,0.00000004,0.00000000000154846,6863392,2019-03-07 00:20:44,btc,0.119366241821405,0.0,0.00000004,btc,760637.99421222,0.0,0.023771231960604298,136
1,[],4,[],2019-03-18 07:50:21,164631.00503964,0.00000117,0.000000000046476261,6963082,2019-03-18 07:50:21,btc,38.76988448630057,0.0,0.00000117,btc,582038.65580698,0.05509645,0.1305994447396182,137
1,[],12,[],2019-03-18 07:50:22,170106.62965867,0.000001129999999999999980629101885287735029805844533257186412811279296875,0.000000000044887329,6963083,2019-03-18 07:50:22,btc,37.499556619909775,0.0,0.000001129999999999999980629101885287735029805844533257186412811279296875,btc,5296.32065971,0.0140469886442239,0.010863429999920099,137
1,[],4,[],2019-03-18 07:50:23,36466.43065554,0.00003669,0.000000001457447877,6963084,2019-03-18 07:50:23,btc,28.740886565789516,0.0,0.00003669,btc,51192.2513271,0.37453947,0.3110081952844639,142
1,[],5,[],2019-03-18 07:50:25,0.0,0,0,6963085,2019-03-18 07:50:25,btc,0.0,0.08622973,0,btc,0.0,0.0,0.0,142
1,[],17,[],2019-03-18 07:50:26,22967.386363640002,0.00000088,0.000000000034956504,6963086,2019-03-18 07:50:26,btc,20.069913352726083,0.0,0.00000088,btc,2746.079105,0.0,0.0104613000000032,142
1,[],20,[],2019-03-18 07:50:28,149099.9406,0.00003007,0.000000001194479631,6963087,2019-03-18 07:50:28,btc,0.3359273383772,3.6583,0.00003007,btc,2242.1971,0.000109931915,0.3131795003757,142
0,[],22,[],2019-03-18 07:51:17,0.0,0,0,6963088,2019-03-18 07:51:17,,0.0,0.0,0,,0.0,0.0,0.0,142
0.0,[],25,[],2019-03-18 07:51:18,0.0,0,0,6963089,2019-03-18 07:51:18,,0.0,0.0,0.0,btc,0.0,0.0,0.0,142
0,[],28,[],2019-03-18 07:53:52,0.0,0,0,6963090,2019-03-18 07:53:52,,0.0,0.0,0,,0.0,0.0,0.0,142
0,[],22,[],2019-03-18 07:54:41,0.0,0,0,6963091,2019-03-18 07:54:41,,0.0,0.0,0,,0.0,0.0,0.0,143
0,[],22,[],2019-02-25 15:42:22,0.0,0,0,6783783,2019-02-25 15:42:22,,4.2131946,0.0,0,,2322156.0,0.0,0.0,146
,[],22,[],2018-11-20 23:01:11,0.0,0,0,4862114,2018-11-20 23:01:11,,2.56807021,0.0,,,61828.4988236,0.0,0.0,147
1,[],12,[],2019-03-18 07:54:42,358913.68805407,0.0000027300000000000001199843176202808336938687716610729694366455078125,0.00000000010844460900000001,6963092,2019-03-18 07:54:42,btc,9.693551283368663,0.0,0.0000027300000000000001199843176202808336938687716610729694366455078125,btc,108330.39740171,0.0,0.167997029999889,148
1,[],4,[],2019-03-18 07:54:44,266417.44641322,0.00000030,0.00000000001191699,6963093,2019-03-18 07:54:44,btc,218.95563091013318,0.0,0.00000030,btc,801811.42486661,0.00142141,0.0642535474147619,152
0,[],22,[],2019-03-18 07:55:33,0.0,0,0,6963094,2019-03-18 07:55:33,,0.0,0.0,0,,0.0,0.0,0.0,152
1,[],5,[],2019-03-18 07:55:35,0.0,0,0,6963095,2019-03-18 07:55:35,btc,0.0,0.0,0,btc,0.0,0.0,0.0,153
,[],16,[],2019-01-11 15:38:59,0.0,0,0,6366141,2019-01-11 15:38:59,btc,0.0,0.0,,btc,0.0,0.0,0.0,155
0,[],23,[],2019-01-20 23:24:29,0.0,0,0,6476932,2019-01-20 23:24:29,,0.0,0.0,0,,0.0,0.0,0.0,156
0,[],22,[],2019-03-18 07:56:24,0.0,0,0,6963096,2019-03-18 07:56:24,,0.0,0.0,0,,0.0,0.0,0.0,156
0,[],22,[],2019-03-18 07:57:13,0.0,0,0,6963097,2019-03-18 07:57:13,,0.0,0.0,0,,0.0,0.0,0.0,157
0,[],22,[],2019-03-18 07:58:02,0.0,0,0,6963098,2019-03-18 07:58:02,,0.0,0.0,0,,0.0,0.0,0.0,158
,[],17,[],2018-11-20 22:56:10,0.0,0,0,4861976,2018-11-20 22:56:10,btc,1.1265625,0.0,,btc,1000.0,0.0,0.0,159
,[],20,[],2018-11-20 22:56:12,0.0,0,0,4861977,2018-11-20 22:56:12,btc,11912.7940471,0.0,,btc,34413894.3617,0.0,0.0,159
1,[],12,[],2019-03-18 07:58:04,235259.80793886998,0.000007279999999999999755269548817881997138101723976433277130126953125,0.00000000028918562399999997,6963099,2019-03-18 07:58:04,btc,12.666457704113508,0.0,0.000007279999999999999755269548817881997138101723976433277130126953125,btc,7800.3366692,0.0013187544521699,0.1174123638245658,168
1,[],17,[],2019-03-18 06:57:08,29784.95,0.000001,0.0000000000396877,6962902,2019-03-18 06:57:08,btc,0.03026736251542,0.0,0.000001,btc,144.46171372,0.0,0.00716147,168
0,[],22,[],2019-03-18 06:57:57,0.0,0,0,6962903,2019-03-18 06:57:57,,0.0,0.0,0,,0.0,0.0,0.0,169
0,[],22,[],2019-03-18 06:58:47,0.0,0,0,6962904,2019-03-18 06:58:47,,0.0,0.0,0,,0.0,0.0,0.0,171
0,[],22,[],2019-03-18 06:59:36,0.0,0,0,6962905,2019-03-18 06:59:36,,0.0,0.0,0,,0.0,0.0,0.0,173
1,[],5,[],2019-03-18 06:59:37,0.0,0,0,6962906,2019-03-18 06:59:37,btc,0.0,0.0054767,0,btc,0.0,0.0,0.0,175
0,[],22,[],2019-03-18 07:00:27,0.0,0,0,6962907,2019-03-18 07:00:27,,0.0,0.0,0,,0.0,0.0,0.0,176
0,[],2,[],2019-01-20 23:28:34,0.0,0,0,6477001,2019-01-20 23:28:34,,0.0,0.0,0,,0.0,0.0,0.0,178
1,[],7,[],2019-03-18 07:00:30,9222269.27246133,0.00000001,0.000000000000396877,6962908,2019-03-18 07:00:30,btc,410194.2671971879,101728059.082,0.00000001,btc,33760474.61277177,1.02640499,0.09222269272461331,178
0,[],22,[],2019-03-18 07:01:18,0.0,0,0,6962909,2019-03-18 07:01:18,,0.0,0.0,0,,0.0,0.0,0.0,178
0,[],23,[],2019-01-20 23:25:08,0.0,0,0,6476952,2019-01-20 23:25:08,,0.0,0.0,0,,0.0,0.0,0.0,179
1,[],5,[],2019-03-18 07:01:21,0.0,0,0,6962910,2019-03-18 07:01:21,btc,0.0,0.0673874,0,btc,0.0,0.0,0.0,179
0,[],22,[],2019-03-18 07:02:09,0.0,0,0,6962911,2019-03-18 07:02:09,,0.0,0.0,0,,0.0,0.0,0.0,179
1,[],17,[],2019-03-18 07:02:11,10504.725,0.0000001,0.00000000000396877,6962912,2019-03-18 07:02:11,btc,5.201069583844188,0.0,0.0000001,btc,5033.45945,0.0,0.0010504725,180
0,[],22,[],2019-03-18 07:03:00,0.0,0,0,6962913,2019-03-18 07:03:00,,0.0,0.0,0,,0.0,0.0,0.0,180
1,[],26,[],2019-03-18 07:03:00,0.0,0.00000126,0.000000000050006502,6962914,2019-03-18 07:03:00,btc,0.0,0.0,0.00000126,btc,0.0,0.0,0.0,180
,[],7,[],2018-11-20 22:58:01,562227.975654,0.00000085,0.000000000036176765,4862015,2018-11-20 22:58:01,btc,21836.6059674,2491.87645172,,btc,749999.041456,0.00211021,0.127565380455,183
,[],5,[],2019-01-10 08:11:41,0.0,0,0,6347036,2019-01-10 08:11:41,btc,82.15055501,0.00261,,btc,1.19002445,0.0,0.0,187
,[],17,[],2018-11-16 20:58:10,4062536.27273,0.00000001,0.000000000000550501,4708775,2018-11-16 20:58:10,btc,3.36492563466,0.195460381006,,"btc,eth",110697919.549,0.0,0.0157628953496,187
1,[],24,[],2019-03-18 07:03:00,0.0,0.000000000001,3.96877e-17,6962915,2019-03-18 07:03:00,btc,0.0,0.0,0.000000000001,btc,0.0,0.0,0.0,187
0,[],22,[],2019-03-18 07:03:49,0.0,0,0,6962916,2019-03-18 07:03:49,,0.0,0.0,0,,0.0,0.0,0.0,191
0,[],22,[],2019-03-18 07:04:38,0.0,0,0,6962917,2019-03-18 07:04:38,,0.0,0.0,0,,0.0,0.0,0.0,197
0,[],23,[],2019-01-20 23:31:41,0.0,0,0,6477079,2019-01-20 23:31:41,,0.0,0.0,0,,0.0,0.0,0.0,199
0,[],22,[],2019-03-18 07:05:27,0.0,0,0,6962918,2019-03-18 07:05:27,,0.0,0.0,0,,0.0,0.0,0.0,199
1,[],26,[],2019-03-18 07:05:27,0.0,0.00000000,0,6962919,2019-03-18 07:05:27,btc,0.0,131404.0,0.00000000,btc,0.0,0.0,0.0,199
0,[],2,[],2019-01-20 23:30:49,0.0,0,0,6477059,2019-01-20 23:30:49,,0.0,0.0,0,,0.0,0.0,0.0,201
1,[],4,[],2019-01-25 15:51:35,2084389.58565343,0.00000936,0.000000000333526752,6499557,2019-01-25 15:51:35,btc,2.0092503037378524,0.0,0.00000936,btc,160195.80207885,0.19272417,1.242687955921835,211
1,[],7,[],2019-03-18 07:05:30,4229443.71443149,0.000001030000000000000091033409109486651544784763245843350887298583984375,0.000000000040878331000000005,6962920,2019-03-18 07:05:30,btc,15476712.134383066,2212456.72701,0.000001030000000000000091033409109486651544784763245843350887298583984375,btc,13878665.90361231,2.27556918,2.97876067138999,212
1,[],12,[],2019-01-25 02:44:32,207462.42853209,0.000001080000000000000035831255497387193287295303889550268650054931640625,0.000000000038610756000000006,6493050,2019-01-25 02:44:32,btc,85023.03793723314,0.0,0.000001080000000000000035831255497387193287295303889550268650054931640625,btc,43675.73520027,0.000146250909087,0.0348620860622024,213
1,[],5,[],2019-03-18 07:05:31,0.0,0,0,6962921,2019-03-18 07:05:31,btc,0.0,0.0830599,0,btc,0.0,0.0,0.0,213
1,[],24,[],2019-03-18 07:05:31,0.0,0.000000220000,0.000000000008731294,6962922,2019-03-18 07:05:31,btc,0.0,0.0,0.000000220000,btc,0.0,0.0,0.0,213
1,[],26,[],2019-03-18 07:05:32,0.0,0.00000040,0.00000000001587508,6962923,2019-03-18 07:05:32,btc,0.0,0.0,0.00000040,btc,0.0,0.0,0.0,213
0,[],22,[],2019-03-18 07:06:21,0.0,0,0,6962924,2019-03-18 07:06:21,,0.0,0.0,0,,0.0,0.0,0.0,216
1,[],27,[],2019-03-18 07:06:23,1233122.0,0.00000003,0.0000000000011906310000000001,6962925,2019-03-18 07:06:23,btc,316.9780375147724,0.0,0.00000003,"btc,ltc",245929.924324,0.0,0.03375764000007438,216
0,[],22,[],2019-03-18 07:07:12,0.0,0,0,6962926,2019-03-18 07:07:12,,0.0,0.0,0,,0.0,0.0,0.0,217
1,[],7,[],2019-03-18 07:07:17,0.0,0,0,6962927,2019-03-18 07:07:17,btc,77969.33757097446,0.0,0,btc,135811624.2426053,0.0,0.0,219
0,[],27,[],2019-03-18 07:07:19,0.0,0,0,6962928,2019-03-18 07:07:19,,0.03997288,0.0,0,btc,2007233.0,0.0,0.0,219
0.0000000000000051,[],28,[],2019-03-18 07:12:11,170722989.525,2.55e-18,1.01203635e-22,6962929,2019-03-18 07:12:11,doge,115339.0466773601,3770.0,0.00050000,doge,5842396.2931,0.0,1.702075359052437e-11,219
0,[],22,[],2019-03-18 07:13:00,0.0,0,0,6962930,2019-03-18 07:13:00,,0.0,0.0,0,,0.0,0.0,0.0,221
1,[],24,[],2019-03-18 07:13:01,0.0,0.000000200000,0.00000000000793754,6962931,2019-03-18 07:13:01,btc,0.0,0.0,0.000000200000,btc,0.0,0.0,0.0,221
1,[],20,[],2019-03-18 07:13:03,45944781.5455,0.00000001,0.000000000000396877,6962932,2019-03-18 07:13:03,btc,49.4040104691693,2575003.735,0.00000001,btc,14286956.9874,0.0237550307283,0.0546296646242,224
0,[],22,[],2019-03-18 07:13:52,0.0,0,0,6962933,2019-03-18 07:13:52,,0.0,0.0,0,,0.0,0.0,0.0,224
1,[],26,[],2019-03-18 07:13:52,0.0,0.00000022,0.000000000008731294,6962934,2019-03-18 07:13:52,btc,0.0,0.0,0.00000022,btc,0.0,0.0,0.0,231
1,[],26,[],2019-03-18 07:13:52,0.0,0.00000005,0.000000000001984385,6962935,2019-03-18 07:13:52,btc,0.0,100.0,0.00000005,btc,0.0,0.0,0.0,234
0.00000000034633709999999997,[],27,[],2019-03-18 07:13:54,2000.0,3.463371e-18,1.374532292367e-22,6962936,2019-03-18 07:13:54,eth,0.01134836604,0.0,0.00000001,"btc,eth",11462.996,0.0,6.926742e-15,234
1,[],4,[],2019-03-18 07:13:56,1043314.57102583,0.00000101,0.000000000040084577,6962937,2019-03-18 07:13:56,btc,4.368912815381417,0.0,0.00000101,btc,1106770.72261888,0.21097644,0.4068678550392721,236
1,[],24,[],2019-03-18 07:13:56,0.0,0.000000500000,0.00000000001984385,6962938,2019-03-18 07:13:56,btc,0.0,0.0,0.000000500000,btc,0.0,0.0,0.0,236
1,[],20,[],2019-03-18 07:13:58,216622936.717,0.000000042,0.0000000000016668834,6962939,2019-03-18 07:13:58,btc,94.4846232980332,6847216.2463,0.000000042,btc,31702504.1788,0.3133508546375,0.3273693133656,237
0,[],22,[],2019-03-18 07:14:47,0.0,0,0,6962940,2019-03-18 07:14:47,,0.0,0.0,0,,0.0,0.0,0.0,237
1,[],4,[],2019-03-18 07:14:48,10769606.21404897,0.00000038,0.000000000015081326,6962941,2019-03-18 07:14:48,btc,5.604119648859478,0.0,0.00000038,btc,7875903.13265139,0.28395302,3.0458314454773436,238
1,[],5,[],2019-03-18 07:14:49,0.0,0,0,6962942,2019-03-18 07:14:49,btc,0.0,0.01765526,0,btc,0.0,0.0,0.0,238
0,[],22,[],2019-03-12 16:49:32,0.0,0,0,6914458,2019-03-12 16:49:32,,0.40415746,0.0,0,,526736.5639027493,0.0,0.0,249
0,[],22,[],2019-03-18 07:15:39,0.0,0,0,6962943,2019-03-18 07:15:39,,0.0,0.0,0,,0.0,0.0,0.0,252
0,[],28,[],2019-03-18 07:15:40,0.0,0,0,6962944,2019-03-18 07:15:40,,0.0,0.0,0,,0.0,0.0,0.0,256
0,[],22,[],2019-03-18 07:16:29,0.0,0,0,6962945,2019-03-18 07:16:29,,0.0,0.0,0,,0.0,0.0,0.0,258
1,[],22,[],2019-03-13 00:07:30,47146.0,0.00000001,0.000000000000387233,6917028,2019-03-13 00:07:30,BTC,2.415167,0.0,0.00000001,BTC,157.0,0.0,0.00047146,259
1,[],5,[],2019-03-18 07:16:31,0.0,0,0,6962946,2019-03-18 07:16:31,btc,0.0,0.27887938,0,btc,0.0,0.0,0.0,264
1,[],20,[],2019-03-18 07:16:33,1272474.5124,0.00000192,0.00000000007620038400000001,6962947,2019-03-18 07:16:33,btc,7.1930154245425,16910.68,0.00000192,btc,98928.6253,0.0389107624971,0.026391200256,264
0,[],22,[],2019-03-18 07:17:22,0.0,0,0,6962948,2019-03-18 07:17:22,,0.0,0.0,0,,0.0,0.0,0.0,271
0,[],22,[],2019-03-18 07:18:11,0.0,0,0,6962949,2019-03-18 07:18:11,,0.0,0.0,0,,0.0,0.0,0.0,272
0,[],28,[],2019-03-18 07:18:14,0.0,0,0,6962950,2019-03-18 07:18:14,,0.0,0.0,0,,0.0,0.0,0.0,272
0,[],22,[],2019-03-18 07:19:03,0.0,0,0,6962951,2019-03-18 07:19:03,,0.0,0.0,0,,0.0,0.0,0.0,281
0,[],22,[],2019-03-18 07:19:52,0.0,0,0,6962952,2019-03-18 07:19:52,,0.0,0.0,0,,0.0,0.0,0.0,286
0,[],22,[],2019-03-18 07:20:41,0.0,0,0,6962953,2019-03-18 07:20:41,,0.0,0.0,0,,0.0,0.0,0.0,294
