pairValue,buyBook,exchangeId,sellBook,updated,buyTotal,satoshiPrice,usdPrice,exchangeLogId,created,bestPair,sellTotalBtc,volume,pairPrice,activePairs,sellTotal,volumeBtc,buyTotalBtc,coinId
1,[],3,[],2019-06-23 08:53:49,32983.06311441018,0.0105923500000000003762323785849730484187602996826171875,0.000001136434165270000033314611779,7754848,2019-06-23 08:53:49,btc,10.373886012910917,58.8944988501,0.0105923500000000003762323785849730484187602996826171875,btc,20.466712260573,0.0,0.3527171649322583,1
1,[],4,[],2019-06-23 08:53:50,353620.17866771,0.01076572,0.000001155034720503999992833915238,7754849,2019-06-23 08:53:50,btc,8.384333541802967,0.0,0.01076572,btc,356.60246096,2.89129407,1.294432713102743,1
1,[],5,[],2019-06-23 08:53:52,0.0,0,0,7754850,2019-06-23 08:53:52,btc,0.0,0.02855864,0,btc,0.0,0.0,0.0,1
1,[],10,[],2019-06-23 08:53:54,308560.01424681,0.004,0.0000004291528,7754851,2019-06-23 08:53:54,btc,6521.4959750146045,1731.50567788,0.004,btc,1238.20883146,0.0,1.5803112388808114,1
1,[],12,[],2019-06-23 08:53:56,87.66120829,0.01085000000000000026922908347160046105273067951202392578125,0.000001164076970000000021662918924,7754852,2019-06-23 08:53:56,btc,0.378552235231,0.0,0.01085000000000000026922908347160046105273067951202392578125,btc,32.19721076,2.950678497387,0.20194372195559998,1
1,[],20,[],2019-06-23 08:53:58,919.0314,0.01111001,0.000001191972974881999992604742334,7754853,2019-06-23 08:53:58,btc,0.1638650810221,0.7497,0.01111001,btc,12.0037,0.0085295598912,0.1342739241467,1
1,[],21,[],2019-06-23 08:53:59,1998.03429914,0.01087023999999999976373565858,0.000001166248483167999967415966719,7754854,2019-06-23 08:53:59,btc,13.833553221375489,2906.49677241,0.0108702399999999997637356585755696869455277919769287109375,"btc,eth",1598.24338393,25.55239958545881,16.391254493236417,1
1,[],22,[],2019-06-23 08:54:02,0.0395979803020197,0.01000001,0.000001072883072881999993343601796,7754855,2019-06-23 08:54:02,BTC,0.01666796,0.0,0.01000001,BTC,0.25318100557485945,0.0,0.00021887,1
1,[],24,[],2019-06-23 08:54:03,0.0,0.000000000000,0,7754856,2019-06-23 08:54:03,btc,0.0,0.0,0.000000000000,btc,0.0,0.0,0.0,1
0.0,[],25,[],2019-06-23 08:54:04,0.0,0,0,7754857,2019-06-23 08:54:04,btc,57.29999999839801,8288.29843848,0.0,btc,5136.42582496,88.852,0.0,1
1,[],26,[],2019-06-23 08:54:07,0.0,0,0,7754858,2019-06-23 08:54:07,,0.0,0.0,0,,0.0,0.0,0.0,1
0,[],28,[],2019-06-23 08:54:09,0.0,0,0,7754859,2019-06-23 08:54:09,,0.0,0.0,0,,0.0,0.0,0.0,1
0,[],2,[],2019-01-20 23:28:45,0.0,0,0,6477011,2019-01-20 23:28:45,,0.0,0.0,0,,0.0,0.0,0.0,1
1,[],5,[],2019-06-17 14:29:02,0.0,0,0,7740076,2019-06-17 14:29:02,btc,0.0,2.72e-05,0,btc,0.0,0.0,0.0,2
1,[],22,[],2019-06-17 14:29:06,11550.3,0.0000002,0.0000000000185828,7740077,2019-06-17 14:29:06,BTC,21.00897301,0.0,0.0000002,"BTC,XMR",20678.87287795317,1.754e-05,0.00143681,2
1,[],5,[],2019-06-03 14:48:58,0.0,0,0,7731126,2019-06-03 14:48:58,btc,0.0,0.05905545,0,btc,0.0,0.0,0.0,3
1,[],12,[],2019-06-03 14:48:59,3468623.70302,0.000000116,0.000000000009823402000000002,7731127,2019-06-03 14:48:59,btc,169531.0336573751,0.0,0.000000116,btc,2361209.62379607,0.041350953071,0.33764769154428,3
0,[],28,[],2019-06-03 14:49:00,0.0,0,0,7731128,2019-06-03 14:49:00,,0.0,0.0,0,,0.0,0.0,0.0,3
0,[],2,[],2019-01-20 23:31:32,0.0,0,0,6477077,2019-01-20 23:31:32,,0.0,0.0,0,,0.0,0.0,0.0,4
1,[],4,[],2019-05-18 21:29:50,562734.9206932,0.00000010,0.000000000007298720000000001,7650946,2019-05-18 21:29:50,btc,41.9347137769675,0.0,0.00000010,btc,1123702.32192634,0.00052462,0.029254593370966,4
0,[],12,[],2019-06-02 05:03:43,0.0,0,0,7724919,2019-06-02 05:03:43,btc,625.901992874995,0.0,0,btc,1211362.4995005,0.0,0.0,5
0,[],2,[],2019-01-20 23:31:51,0.0,0,0,6477087,2019-01-20 23:31:51,,0.0,0.0,0,,0.0,0.0,0.0,6
1,[],11,[],2019-06-23 08:54:11,3993099.276736,0.00000001,0.0000000000010728820000000001,7754860,2019-06-23 08:54:11,btc,9583.550683602938,1137544.8,0.00000001,btc,74169356.62504053,0.0,0.03993099276736,6
1,[],3,[],2019-06-23 08:54:11,12621.280276923077,0.00008500000000000000610622663543836097232997417449951171875,0.000000009119497,7754861,2019-06-23 08:54:11,btc,1027.317379346016,514.854334368,0.00008500000000000000610622663543836097232997417449951171875,btc,400.987633868042,0.0,0.023388406096810067,7
1,[],4,[],2019-06-23 08:54:12,300290.24901002,0.00007497,0.000000008043396354,7754862,2019-06-23 08:54:12,btc,7.126103869325391,0.0,0.00007497,btc,54458.65554457,2.6533827,1.5885884362230314,7
1,[],5,[],2019-06-23 08:54:13,0.0,0,0,7754863,2019-06-23 08:54:13,btc,0.0,0.16064373,0,btc,0.0,0.0,0.0,7
1,[],20,[],2019-04-07 22:06:50,3201475.0482,0.000000001,0.000000000000051590000000000004,7213932,2019-04-07 22:06:50,btc,30.8005781811902,0.0,0.000000001,btc,23077405.3926,0.0,0.0032014750482,8
0,[],2,[],2019-01-20 23:22:42,0.0,0,0,6476876,2019-01-20 23:22:42,,0.0,0.0,0,,0.0,0.0,0.0,9
0,[],23,[],2019-01-20 23:22:48,0.0,0,0,6476878,2019-01-20 23:22:48,,0.0,0.0,0,,0.0,0.0,0.0,9
1,[],4,[],2019-06-23 08:54:15,1464907.65867136,0.00000052,0.000000000055789864,7754864,2019-06-23 08:54:15,btc,2.793919628754662,0.0,0.00000052,btc,2835755.00499313,0.42048528,0.2464855791704938,9
0,[],28,[],2019-06-23 08:54:16,0.0,0,0,7754865,2019-06-23 08:54:16,,0.0,0.0,0,,0.0,0.0,0.0,9
1,[],1,[],2019-02-17 23:31:42,1822507.21,0.00000181000000000000003456111265232042484285557293333113193511962890625,0.000000000066086901,6701244,2019-02-17 23:31:42,btc,3.6990969245,17153386.5,0.00000181000000000000003456111265232042484285557293333113193511962890625,btc,1997391.71,31.11772986,3.2610482446,9
1,[],4,[],2019-02-17 11:22:43,4341674.27126056,0.00000002,0.0000000000007272960000000001,6696112,2019-02-17 11:22:43,btc,0.1997230937751353,0.0,0.00000002,btc,4109766.79808031,0.00215132,0.0479381022052112,10
0,[],2,[],2019-01-20 23:23:08,0.0,0,0,6476890,2019-01-20 23:23:08,,0.0,0.0,0,,0.0,0.0,0.0,12
1,[],4,[],2019-06-23 08:54:18,42568889.39409595,0.00000028,0.000000000030040696,7754866,2019-06-23 08:54:18,btc,7.254094263253788,0.0,0.00000028,btc,8390584.35696108,3.59057715,2.281096956004143,12
1,[],5,[],2019-06-23 08:54:19,0.0,0,0,7754867,2019-06-23 08:54:19,btc,0.0,0.27116918,0,btc,0.0,0.0,0.0,12
0.0,[],25,[],2019-06-23 08:54:20,0.0,0,0,7754868,2019-06-23 08:54:20,,0.0,0.0,0.0,btc,0.0,0.0,0.0,12
1,[],10,[],2019-06-23 06:54:56,576884.49768666,0.00000317,0.00000000034144704000000004,7754570,2019-06-23 06:54:56,btc,666798.4441961353,34220.0191051,0.00000317,btc,885206.77316468,0.0,0.2644302388488813,13
1,[],4,[],2019-06-23 08:54:21,580676.15441676,0.00000317,0.000000000340103594,7754869,2019-06-23 08:54:21,btc,1.9567828624963481,0.0,0.00000317,btc,315841.44674601,0.34326335,0.3421308142528489,13
1,[],21,[],2019-06-23 08:54:24,5528870.78855147,0.000003120000000000000197627287798,0.000000000334739184,7754870,2019-06-23 08:54:24,btc,3.3721470427055733,1426855.14217899,0.00000312000000000000019762728779848526272644448908977210521697998046875,btc,906074.01724348,4.54458842,2.572285389068245,13
1,[],4,[],2019-06-23 08:54:25,1089120.22135469,0.00000071,0.000000000076174622,7754871,2019-06-23 08:54:25,btc,9.283072865561572,0.0,0.00000071,btc,878027.43085183,0.17035053,0.1584989890973288,14
1,[],12,[],2019-06-23 08:54:26,214668.46742044,0.00000071,0.000000000076174622,7754872,2019-06-23 08:54:26,btc,194.7360736710164,0.0,0.00000071,btc,26314.6341631,0.000367478753,0.0177071352999816,14
1,[],26,[],2019-06-23 08:56:26,0.0,0.00000050,0.000000000053644099999999997,7754873,2019-06-23 08:56:26,btc,0.0,0.0,0.00000050,btc,0.0,0.0,0.0,14
0,[],17,[],2019-05-03 00:53:32,0.0,0,0,7558876,2019-05-03 00:53:32,btc,0.0,0.0,0,btc,0.0,0.0,0.0,14
0,[],4,[],2019-06-23 08:56:27,0.0,0,0,7754874,2019-06-23 08:56:27,,0.0,0.0,0,,0.0,0.0,0.0,15
,[],12,[],2018-12-01 15:15:48,204241.84496,0.00000489,0.000000000202473384,5260204,2018-12-01 15:15:48,btc,49.5475654835,0.0,,btc,35763.2193806,0.0163153972027625,0.0203389899998,15
0,[],2,[],2019-01-20 23:23:38,0.0,0,0,6476906,2019-01-20 23:23:38,,0.0,0.0,0,,0.0,0.0,0.0,18
1,[],4,[],2019-06-23 08:56:29,31723.18766567,0.00000923,0.000000000990270086,7754875,2019-06-23 08:56:29,btc,2.456635342376166,0.0,0.00000923,btc,17055.34035905,0.0603526,0.0470645659560304,18
1,[],10,[],2019-06-23 08:56:31,383239.32385229,0.00000968,0.000000001038549776,7754876,2019-06-23 08:56:31,btc,14.885472260272138,2683.7416502,0.00000968,btc,10593.38182772,0.0,0.1239828379696068,18
1,[],12,[],2019-06-23 08:56:32,2923.58756243,0.000009500000000000000523019128007007338965195231139659881591796875,0.0000000010192379,7754877,2019-06-23 08:56:32,btc,0.537133711851613,0.0,0.000009500000000000000523019128007007338965195231139659881591796875,btc,1918.34731369,7.8821e-07,0.0075559517458974,18
0,[],17,[],2019-05-03 00:53:39,0.0,0,0,7558882,2019-05-03 00:53:39,btc,0.0,0.0,0,btc,0.0,0.0,0.0,18
0,[],2,[],2019-01-20 23:24:19,0.0,0,0,6476924,2019-01-20 23:24:19,,0.0,0.0,0,,0.0,0.0,0.0,19
1,[],3,[],2019-06-23 08:58:32,158098.42415734543,0.0000076299999999999997923709471603359588698367588222026824951171875,0.000000000818608966,7754878,2019-06-23 08:58:32,btc,190.3095296359074,12994.6057188,0.0000076299999999999997923709471603359588698367588222026824951171875,btc,17896.656898408815,0.0,0.07223632419997689,19
1,[],4,[],2019-06-23 08:58:33,339171.81923701,0.00000796,0.000000000854014072,7754879,2019-06-23 08:58:33,btc,6.0630014586749255,0.0,0.00000796,btc,259066.35993807,0.51178884,1.4513774836946853,19
1,[],5,[],2019-06-23 08:58:34,0.0,0,0,7754880,2019-06-23 08:58:34,btc,0.0,0.01098095,0,btc,0.0,0.0,0.0,19
1,[],12,[],2019-06-23 08:58:35,109025.04982865,0.0000070299999999999996077638432512291188913877704180777072906494140625,0.000000000754236046,7754881,2019-06-23 08:58:35,btc,1.206098887247811,0.0,0.0000070299999999999996077638432512291188913877704180777072906494140625,btc,2973.67008334,0.0,0.0198846213763254,19
0,[],27,[],2019-06-23 08:58:40,0.0,0,0,7754882,2019-06-23 08:58:40,,0.0,0.0,0,btc,0.0,0.0,0.0,19
1,[],4,[],2019-06-23 08:58:41,10087097.23656777,0.00000005,0.00000000000536441,7754883,2019-06-23 08:58:41,btc,6.358699008884453,0.0,0.00000005,btc,2305311.3564439,0.0,0.1176747238096551,20
0,[],4,[],2019-06-23 08:58:42,0.0,0,0,7754884,2019-06-23 08:58:42,,5783.63110842884,0.0,0,,83493767.94349498,0.0,0.0,21
0,[],12,[],2019-06-23 08:58:43,0.0,0,0,7754885,2019-06-23 08:58:43,btc,2603.605709555095,0.0,0,btc,7890712.30769228,2.1978e-07,0.0,21
0,[],17,[],2019-05-03 00:53:51,0.0,0,0,7558891,2019-05-03 00:53:51,btc,0.0,0.0,0,btc,0.0,0.0,0.0,21
1,[],12,[],2019-06-23 09:00:44,6086745700.277,0.0000000004,0.00000000000004291528,7754886,2019-06-23 09:00:44,btc,1428620268569.8997,0.0,0.0000000004,btc,2626385290.7772226,0.078485200749,1.5418476436108004,23
0.0000000002901185,[],27,[],2019-06-23 09:00:49,65400406.0,8.703555e-18,9.33788749551e-22,7754887,2019-06-23 09:00:49,eth,1045.9543161570805,200000.0,0.00000003,eth,6255122.24779221,6.962844e-12,2.7519711950563e-10,23
1,[],4,[],2019-06-22 05:45:29,6100414.07522138,0.00000017,0.00000000001823352,7751732,2019-06-22 05:45:29,btc,10.22685272773715,0.0,0.00000017,btc,1790815.48208265,0.0,0.1345450262400025,24
0,[],22,[],2019-06-22 05:45:31,0.0,0,0,7751733,2019-06-22 05:45:31,,6.22e-05,0.0,0,,517.4264705882352,0.0,0.0,24
0.0,[],25,[],2019-06-22 05:45:32,0.0,0,0,7751734,2019-06-22 05:45:32,,0.0,0.0,0.0,btc,0.0,0.0,0.0,24
1,[],4,[],2019-06-23 09:00:50,26939824.71759902,0.00000403,0.000000000432371446,7754888,2019-06-23 09:00:50,btc,7.246443251442104,0.0,0.00000403,btc,204185.64218862,0.04616939,0.4564088180896438,26
1,[],10,[],2019-06-23 09:00:52,162868.33727924,0.00000401,0.00000000043022568199999995,7754889,2019-06-23 09:00:52,btc,25.271178577798594,7203.83273248,0.00000401,btc,20297.49350928,0.0,0.0515018824104114,26
0,[],2,[],2019-01-20 23:25:56,0.0,0,0,6476976,2019-01-20 23:25:56,,0.0,0.0,0,,0.0,0.0,0.0,26
1,[],5,[],2019-04-26 09:47:06,0.0,0,0,7465326,2019-04-26 09:47:06,btc,0.0,0.0,0,btc,0.0,0.0,0.0,27
1,[],3,[],2019-06-17 14:30:26,13571825.64059417,0.00000001,0.00000000000092914,7740112,2019-06-17 14:30:26,btc,3.485049956644059,4264730.43754,0.00000001,btc,23500048.28518193,0.0,0.1357182564059417,27
1,[],11,[],2019-06-17 14:30:28,2031833.58157834,0.00000001,0.00000000000092914,7740113,2019-06-17 14:30:28,btc,67502.92060589766,32677.9652116,0.00000001,btc,6487362.95640949,0.0,0.0203183358157834,27
1,[],4,[],2019-06-23 09:00:53,905936844.232961,0.00000001,0.000000000001072882,7754890,2019-06-23 09:00:53,btc,6.357890286191151,0.0,0.00000001,"btc,ltc",440358031.5896445,0.07091743,5.699820493948203,29
1,[],7,[],2019-06-23 09:00:54,88235545.39145988,0.00000001,0.0000000000010728820000000001,7754891,2019-06-23 09:00:54,btc,46548272.19335388,0.0,0.00000001,btc,36540270.32709991,0.0,0.8823554539145988,29
1,[],4,[],2019-06-23 09:00:55,15492325.97378427,0.00000005,0.00000000000536441,7754892,2019-06-23 09:00:55,btc,2.5874549169331815,0.0,0.00000005,btc,2237643.51667946,0.00153249,0.1716198680678411,30
0,[],17,[],2019-05-03 01:11:25,0.0,0,0,7559066,2019-05-03 01:11:25,btc,0.0,0.0,0,btc,0.0,0.0,0.0,30
1,[],4,[],2019-06-23 09:02:56,208611.18539902,0.00003704,0.000000003973954928,7754893,2019-06-23 09:02:56,btc,4.1998786768470415,0.0,0.00003704,btc,63450.98773475,0.5506862,0.5534900021781464,31
1,[],21,[],2019-06-23 09:02:57,816870.13587044,0.00003710000000000000054461643528,0.00000000398039222,7754894,2019-06-23 09:02:57,btc,2.773257506689856,127273.27707057,0.0000371000000000000005446164352829185872906236909329891204833984375,btc,62750.17268758,4.86370196,3.268905688284213,31
0,[],2,[],2019-01-20 23:28:43,0.0,0,0,6477009,2019-01-20 23:28:43,,0.0,0.0,0,,0.0,0.0,0.0,32
0,[],4,[],2019-06-23 09:02:58,0.0,0,0,7754895,2019-06-23 09:02:58,,0.0,0.0,0,,0.0,0.0,0.0,33
1,[],12,[],2019-03-30 07:55:10,40641173.964,0.00000003,0.000000000001228359,7108785,2019-03-30 07:55:10,btc,4233210.82356125,0.0,0.00000003,btc,28378394.68333462,0.0126927883965248,0.90752895892,33
0.0000000001314035,[],4,[],2019-06-23 09:03:00,151268588.21490029,6.832982e-17,7.330983394124e-21,7754896,2019-06-23 09:03:00,ltc,4.303284356864571,0.0,0.00000052,ltc,163645106.11055034,0.0,1.0226268891301098e-09,34
1,[],5,[],2019-06-23 09:03:01,0.0,0,0,7754897,2019-06-23 09:03:01,btc,0.0,0.03593265,0,btc,0.0,0.0,0.0,34
0.0000000002926451,[],17,[],2019-05-02 18:17:47,200000.0,2.9264510000000002e-18,1.596703856561e-22,7556430,2019-05-02 18:17:47,eth,0.20942468735267253,0.0,0.00000001,"btc,eth",1018272.20243647,0.0,5.852902e-13,36
0.0000000001311821,[],4,[],2019-05-31 13:28:19,2417517744.0607657,1.311821e-18,1.105058333085e-22,7717483,2019-05-31 13:28:19,ltc,5.019900492391546e-08,0.0,0.00000001,ltc,7102398142.262129,0.0,3.171350544531538e-09,36
1,[],5,[],2019-05-31 13:28:21,0.0,0,0,7717484,2019-05-31 13:28:21,btc,0.0,0.0,0,btc,0.0,0.0,0.0,36
0.0000000003108179,[],27,[],2019-05-31 13:30:34,10388811.226876,6.216358000000001e-18,5.236566733830001e-22,7717485,2019-05-31 13:30:34,eth,1569.8708019850988,761866.634299,0.00000002,"ltc,eth",5084024.2511555,4.736034912207001e-12,3.3251980286483705e-11,36
1,[],4,[],2019-06-23 09:03:02,10858699.28799283,0.00000013,0.000000000013947466,7754898,2019-06-23 09:03:02,btc,19773.053939669033,0.0,0.00000013,btc,673601.4541959,0.00108291,0.1477865110994336,37
1,[],12,[],2019-06-23 09:03:03,4274728.54235103,0.00000013,0.000000000013947466,7754899,2019-06-23 09:03:03,btc,7.393847881606662,0.0,0.00000013,btc,1752427.3174908399,0.016834035131,0.1595045747956336,37
1,[],27,[],2019-06-23 09:05:09,11304.0,0.00000019,0.000000000020384758,7754900,2019-06-23 09:05:09,btc,22.62970013895233,0.0,0.00000019,btc,4298.824295,0.0,0.00168776,37
1,[],17,[],2019-05-03 01:11:36,211752.74075282,0.00000025,0.000000000013700074999999998,7559074,2019-05-03 01:11:36,btc,0.055484923955058496,0.0,0.00000025,"btc,eth",1387.19918473,0.0,0.0005381851887916605,37
1,[],5,[],2019-06-23 09:05:11,0.0,0,0,7754901,2019-06-23 09:05:11,btc,0.0,0.32109131,0,btc,0.0,0.0,0.0,42
1,[],12,[],2019-06-23 09:05:12,190025.70927261,0.000001740000000000000069492480346544649449924690998159348964691162109375,0.00000000018668146800000002,7754902,2019-06-23 09:05:12,btc,479.03019211631744,0.0,0.000001740000000000000069492480346544649449924690998159348964691162109375,btc,129426.4791824,0.091141695764,0.0573681723999217,42
1,[],27,[],2019-06-23 09:05:19,1581.0,0.0000005,0.000000000053644099999999997,7754903,2019-06-23 09:05:19,btc,0.07600425,0.0,0.0000005,"btc,eth",18.0,0.0,0.0005435000003047985,42
1,[],12,[],2019-03-13 09:13:29,1112112.0,0.00000001,0.000000000000386531,6919902,2019-03-13 09:13:29,btc,29058.00478931866,0.0,0.00000001,btc,5967681.93306694,9.99000999e-07,0.01112112,43
1,[],5,[],2019-04-26 22:38:52,0.0,0,0,7474154,2019-04-26 22:38:52,btc,0.0,0.02638891,0,btc,0.0,0.0,0.0,43
0,[],17,[],2019-04-26 22:38:53,0.0,0,0,7474155,2019-04-26 22:38:53,btc,0.0,0.0,0,btc,0.0,0.0,0.0,43
1,[],12,[],2019-03-05 01:54:08,639326.02,0.00000004,0.000000000001486676,6845775,2019-03-05 01:54:08,btc,11116042.728239931,0.0,0.00000004,btc,1103841.4595604,0.0003330765234764,0.014975410599999999,44
0.0000000001314035,[],4,[],2019-06-23 09:05:20,106741905.88565655,5.2561400000000004e-17,5.63921799548e-21,7754904,2019-06-23 09:05:20,ltc,1601.9026650563258,0.0,0.0000004,ltc,26045076.72896898,0.0,6.255273019587862e-10,49
0.0000000001314035,[],4,[],2019-06-23 09:05:21,318983823.77112466,2.6280700000000002e-17,2.81960899774e-21,7754905,2019-06-23 09:05:21,ltc,27281.79320070239,0.0,0.0000002,ltc,181473935.5976631,0.0,2.5599882801994926e-09,52
0,[],22,[],2019-06-23 09:05:24,0.0,0,0,7754906,2019-06-23 09:05:24,,10289.80784133,0.0,0,,287058287.4566013,0.0,0.0,57
0,[],27,[],2019-06-23 09:05:30,0.0,0,0,7754907,2019-06-23 09:05:30,,0.0,0.0,0,"btc,eth",0.0,0.0,0.0,57
0,[],4,[],2019-06-23 09:05:31,0.0,0,0,7754908,2019-06-23 09:05:31,,19.720159437658566,0.0,0,,5714235300.397042,0.0,0.0,58
1,[],12,[],2019-06-23 09:05:32,480896378.0999,0.0000000001,0.00000000000001072882,7754909,2019-06-23 09:05:32,btc,34229149.34292522,0.0,0.0000000001,btc,3032757360.204752,0.03354974626,0.04808963780999,58
0.0000000001088309,[],22,[],2019-06-23 09:07:35,126877.0,1.088309e-18,1.167627136538e-22,7754910,2019-06-23 09:07:35,XMR,68.17454206,0.0,0.00000001,XMR,9626402.6,0.0,0.00126877,58
1,[],17,[],2019-05-03 01:12:09,1200000.0,0.0000000001,0.00000000000000548003,7559085,2019-05-03 01:12:09,btc,1e+24,0.0,0.0000000001,"btc,eth",39516342.31952568,0.0,0.00010000000058666061,58
1,[],5,[],2019-06-17 14:31:27,0.0,0,0,7740135,2019-06-17 14:31:27,btc,0.0,0.00079154,0,btc,0.0,0.0,0.0,61
1,[],22,[],2019-06-17 14:31:30,13612.833333333334,0.00000012,0.00000000001114968,7740136,2019-06-17 14:31:30,BTC,1002.29123003,0.0,0.00000012,BTC,15014.200177125656,0.0,0.00153257,61
1,[],26,[],2019-06-17 14:31:30,0.0,0.00000050,0.000000000046457,7740137,2019-06-17 14:31:30,btc,0.0,0.0,0.00000050,btc,0.0,0.0,0.0,61
1,[],27,[],2019-06-17 14:31:36,8400.0,0.00000018,0.00000000001672452,7740138,2019-06-17 14:31:36,btc,1.9742539297246655,0.0,0.00000018,"btc,eth",10953.51663696,0.0,0.001512,61
0,[],28,[],2019-06-17 14:31:38,0.0,0,0,7740139,2019-06-17 14:31:38,,0.0,0.0,0,,0.0,0.0,0.0,61
1,[],4,[],2019-06-23 09:07:36,653849.59300617,0.00000074,0.000000000079393268,7754911,2019-06-23 09:07:36,btc,3.663042930165663,0.0,0.00000074,btc,1306782.75225696,0.05497428,0.3723598214597959,67
0.0,[],25,[],2019-06-23 09:07:37,0.0,0,0,7754912,2019-06-23 09:07:37,,0.0,0.0,0.0,btc,0.0,0.0,0.0,67
1,[],12,[],2019-06-02 06:23:14,910048.355,0.00000006,0.000000000005154929999999999,7725270,2019-06-02 06:23:14,btc,5.167005424215783,0.0,0.00000006,btc,738530.60239759,0.003159757462,0.0187188113,71
,[],5,[],2018-11-20 23:02:39,1.5e-07,0.00000005,0.000000000002128045,4862160,2018-11-20 23:02:39,btc,2.84511358,0.0,,btc,0.00036572,0.0,0.07381892,74
1,[],5,[],2019-06-23 09:07:38,0.0,0,0,7754913,2019-06-23 09:07:38,btc,0.0,0.00507263,0,btc,0.0,0.0,0.0,75
1,[],4,[],2019-06-04 03:25:15,715281.46076168,0.00000001,0.000000000000803619,7734085,2019-06-04 03:25:15,btc,581089.6218469425,0.0,0.00000001,btc,37692563.61091116,0.0,0.0071528146076168,81
0,[],20,[],2019-01-25 09:30:31,0.0,0,0,6495923,2019-01-25 09:30:31,btc,0.0,0.0,0,btc,0.0,0.0,0.0,81
1,[],4,[],2019-06-23 09:07:39,219310.15858933,0.00008881,0.000000009528265042,7754914,2019-06-23 09:07:39,btc,56.968383042474564,0.0,0.00008881,btc,111824.19303043,0.80237753,0.3280879863863557,82
1,[],21,[],2019-06-23 09:07:40,72489.7547315,0.00008631000000000000542225986333,0.000000009260044542,7754915,2019-06-23 09:07:40,btc,6.206248242664184,21680.87979576,0.00008631000000000000542225986333022547114524058997631072998046875,btc,49502.85143746,1.93579288,4.787692541352176,82
0,[],17,[],2019-03-25 22:42:34,0.0,0,0,7038780,2019-03-25 22:42:34,btc,0.0445064681804024,0.0,0,btc,995513.18476001,0.0,0.0,84
0.0000000001161485,[],4,[],2019-05-20 13:09:39,216715621.0206096,1.161485e-18,9.0533806701e-23,7657228,2019-05-20 13:09:39,ltc,1.6511566870244727,0.0,0.00000001,ltc,471032407.9048656,0.0,2.5171194308112273e-10,85
,[],22,[],2018-11-20 23:09:34,3408.1,0.0000001,0.0000000000041895,4862324,2018-11-20 23:09:34,BTC,0.04624735,0.0,,BTC,4990.0,0.0,0.00033081,86
0,[],22,[],2019-06-23 09:09:41,74694.0,0,0,7754916,2019-06-23 09:09:41,,1.80746553,0.0,0,,178624.94736842104,0.0,0.00122846,87
1,[],27,[],2019-06-23 09:09:46,269536.0,0.00000003,0.000000000003218646,7754917,2019-06-23 09:09:46,btc,2.00927544326,0.0,0.00000003,btc,549681.402,0.0,0.00708608,87
,[],2,[],2018-11-20 23:10:47,0.0,0,0,4862359,2018-11-20 23:10:47,,0.0,0.0,,,0.0,0.0,0.0,88
1,[],11,[],2019-06-17 14:31:59,193715.3529613,0.000073310000000000001140094962881477158589405007660388946533203125,0.00000000681152534,7740147,2019-06-17 14:31:59,btc,168.35454702024953,5791.70569014,0.000073310000000000001140094962881477158589405007660388946533203125,btc,196971.41170107,0.0,1.1996165759440112,89
0,[],2,[],2019-01-20 23:31:45,0.0,0,0,6477083,2019-01-20 23:31:45,,0.0,0.0,0,,0.0,0.0,0.0,91
1,[],12,[],2019-06-18 02:35:48,427715.74,0.00000015,0.000000000013911045000000001,7746087,2019-06-18 02:35:48,btc,116.61022144471085,0.0,0.00000015,btc,193315.55943968,0.000180759303,0.0129558314,91
1,[],22,[],2019-06-20 20:27:07,75910.0,0.00000002,0.000000000001914908,7746207,2019-06-20 20:27:07,BTC,0.49565371,0.0,0.00000002,"BTC,LTC",6.384990670617935,0.0,0.0016592,91
0,[],17,[],2019-05-03 01:12:26,0.0,0,0,7559096,2019-05-03 01:12:26,btc,0.0,0.0,0,btc,0.0,0.0,0.0,91
1,[],22,[],2019-06-23 09:09:50,105655.66666666667,0.00000003,0.000000000003218646,7754918,2019-06-23 09:09:50,BTC,11.39335058,0.0,0.00000003,"BTC,LTC",302943.4683191416,3.16682435e-13,0.06677967,95
0.0000000001314035,[],4,[],2019-06-23 09:09:51,540443690.5447621,2.6280700000000002e-17,2.81960899774e-21,7754919,2019-06-23 09:09:51,ltc,11.330212442988456,0.0,0.0000002,ltc,156857092.64923683,0.0,8.65510236135662e-10,96
0,[],12,[],2019-06-23 09:09:52,0.0,0,0,7754920,2019-06-23 09:09:52,btc,36.4746630888012,0.0,0,btc,9855662.88011988,1.020979e-05,0.0,96
0,[],17,[],2019-05-03 01:12:32,0.0,0,0,7559100,2019-05-03 01:12:32,btc,0.0,0.0,0,btc,0.0,0.0,0.0,96
1,[],4,[],2019-04-14 03:32:46,1039404.33283278,0.00000038,0.000000000019245518,7293458,2019-04-14 03:32:46,btc,4.170086055365747,0.0,0.00000038,btc,3097704.34561074,0.06260606,0.1859928211030784,99
0,[],2,[],2019-01-20 23:23:55,0.0,0,0,6476914,2019-01-20 23:23:55,,0.0,0.0,0,,0.0,0.0,0.0,100
1,[],4,[],2019-06-23 09:11:53,291139.2378767,0.00001180,0.00000000126600076,7754921,2019-06-23 09:11:53,btc,7.42983251449883,0.0,0.00001180,btc,167975.33247315,0.31719781,0.3338985424522856,100
1,[],22,[],2019-06-05 06:30:35,150000.0,0.00000002,0.000000000001558192,7740007,2019-06-05 06:30:35,BTC,28.56386409,0.0,0.00000002,BTC,12787.719,0.0,0.0017,101
1,[],4,[],2019-06-23 09:11:54,541389.23966166,0.00000146,0.000000000156640772,7754922,2019-06-23 09:11:54,btc,634.3664821576301,0.0,0.00000146,btc,724226.58297316,0.05135208,0.0856357720556771,103
1,[],12,[],2019-06-17 14:32:14,179201505.10870332,0.000000005,0.00000000000046457,7740154,2019-06-17 14:32:14,btc,113577.79366343976,0.0,0.000000005,btc,79148141.67831126,0.019059029059,0.27280986350611003,105
1,[],27,[],2019-06-17 14:32:19,18306828.03496503,0.00000002,0.00000000000185828,7740155,2019-06-17 14:32:19,btc,180.7198218385489,1083.96503497,0.00000002,btc,276513.60142659,7.588e-05,0.3661365606993006,105
1,[],22,[],2019-04-21 00:17:26,21333.0,0.00000001,0.000000000000532493,7385819,2019-04-21 00:17:26,BTC,51.38182867,0.0,0.00000001,BTC,470435.0,0.0,0.00021333,107
1,[],26,[],2019-04-21 00:17:26,0.0,0.00000000,0,7385820,2019-04-21 00:17:26,btc,0.0,0.0,0.00000000,btc,0.0,0.0,0.0,107
1,[],5,[],2019-06-23 09:11:56,0.0,0,0,7754923,2019-06-23 09:11:56,btc,0.0,0.00500011,0,btc,0.0,0.0,0.0,112
0,[],22,[],2019-06-23 09:11:59,0.0,0,0,7754924,2019-06-23 09:11:59,,6.79500102,0.0,0,,3375892.0833333335,0.0,0.0,112
1,[],27,[],2019-06-23 09:12:06,1.0,0.00000001,0.000000000001072882,7754925,2019-06-23 09:12:06,btc,1.14885,0.0,0.00000001,"btc,eth",39.0,0.0,1e-08,112
1,[],4,[],2019-06-23 09:12:07,1016059.86597012,0.00000059,0.000000000063300038,7754926,2019-06-23 09:12:07,btc,4.7299327624423455,0.0,0.00000059,btc,771581.11255552,0.01757274,0.2084137099492917,113
1,[],5,[],2019-06-23 09:12:08,0.0,0,0,7754927,2019-06-23 09:12:08,btc,0.0,0.0,0,btc,0.0,0.0,0.0,113
1,[],17,[],2019-04-26 02:17:47,162738.278,0.00000004,0.0000000000021069000000000002,7461287,2019-04-26 02:17:47,btc,1.3331140273775473,0.0,0.00000004,btc,51796.221,0.0,0.00230953112,116
1,[],27,[],2019-05-22 05:13:01,210000.0,0.00000001,0.00000000000079145,7666372,2019-05-22 05:13:01,btc,3919.0005001478,0.0,0.00000001,btc,128660.871,0.0,0.0021,116
1,[],4,[],2019-05-21 22:31:11,138169.03963019,0.00000701,0.000000000558364025,7664793,2019-05-21 22:31:11,btc,150.95388250938234,0.0,0.00000701,btc,344631.17141974,0.07552974,0.4288357684941946,120
1,[],7,[],2019-05-21 22:31:12,3901.07750076,0.000010679999999999999389654892212320191902108490467071533203125,0.0000000008506887,7664794,2019-05-21 22:31:12,btc,231188.94669936574,0.0,0.000010679999999999999389654892212320191902108490467071533203125,btc,4133.83151364,0.0,0.0113888422364489,120
1,[],20,[],2019-04-07 18:42:29,1914137.0852,0.000000035,0.0000000000017871910000000002,7211992,2019-04-07 18:42:29,btc,32.2497668025648,25528.85,0.000000035,btc,1001975.4986,0.00089350975,0.0152723574729,125
1,[],22,[],2019-06-17 14:32:38,10000.0,0.00000001,0.00000000000092914,7740161,2019-06-17 14:32:38,BTC,0.032061,0.0,0.00000001,BTC,299316.7611111111,0.0,0.0001,126
0,[],2,[],2019-01-20 23:25:46,0.0,0,0,6476969,2019-01-20 23:25:46,,0.0,0.0,0,,0.0,0.0,0.0,131
1,[],4,[],2019-06-23 09:12:09,1079882.25091017,0.00000348,0.000000000373362936,7754928,2019-06-23 09:12:09,btc,2.4131815480765,0.0,0.00000348,btc,181079.08530832,0.1611385,0.6584779675085246,131
1,[],17,[],2019-05-03 01:13:10,10000.0,0.00000001,0.000000000000548003,7559115,2019-05-03 01:13:10,btc,0.0953976503951408,0.0,0.00000001,btc,5037.62507334,0.0,0.0001,131
1,[],4,[],2019-06-17 14:32:42,4848.49465417,0.00007919,0.00000000735785966,7740163,2019-06-17 14:32:42,btc,0.9905723729472744,0.0,0.00007919,btc,202.13055914,0.0,0.0061509344290166,135
1,[],3,[],2019-06-05 06:33:11,40600.27748212,0.00000001,0.000000000000779096,7740019,2019-06-05 06:33:11,btc,0.2308097808993716,2146378.52189,0.00000001,btc,2477992.76904676,0.0,0.0004060027748212,136
1,[],4,[],2019-06-23 09:14:10,707111.19371806,0.00000170,0.00000000018238994,7754929,2019-06-23 09:14:10,btc,110.18288566580844,0.0,0.00000170,btc,546816.86760385,0.02881985,0.4522247991125526,137
1,[],12,[],2019-06-23 09:14:11,66114.49775822,0.000001520000000000000058272072063492164062381561961956322193145751953125,0.00000000016307806400000001,7754930,2019-06-23 09:14:11,btc,79.71282654200418,0.0,0.000001520000000000000058272072063492164062381561961956322193145751953125,btc,81717.92097078,0.0,0.0138020299999648,137
1,[],4,[],2019-06-23 09:14:12,279120.06776164,0.00001468,0.000000001574990776,7754931,2019-06-23 09:14:12,btc,6.407184549568125,0.0,0.00001468,btc,161821.3996908,0.10214872,0.3972409156030321,142
1,[],5,[],2019-06-23 09:14:14,0.0,0,0,7754932,2019-06-23 09:14:14,btc,0.0,0.01568613,0,btc,0.0,0.0,0.0,142
1,[],20,[],2019-06-23 09:16:16,269294.2251,0.000014231,0.0000000015268183742,7754933,2019-06-23 09:16:16,btc,1.6070734305091,36.6396,0.000014231,btc,9853.9655,0.00058989756,0.0176823678487,142
1,[],22,[],2019-06-23 09:16:19,10715.0,0.00001299,0.000000001393673718,7754934,2019-06-23 09:16:19,BTC,2.99759384,0.0,0.00001299,BTC,835.7198755539798,0.0,0.00540125,142
0.0,[],25,[],2019-06-23 09:16:20,0.0,0,0,7754935,2019-06-23 09:16:20,,0.0,0.0,0.0,btc,0.0,0.0,0.0,142
0,[],28,[],2019-06-23 09:16:22,0.0,0,0,7754936,2019-06-23 09:16:22,,0.0,0.0,0,,0.0,0.0,0.0,142
1,[],17,[],2019-05-03 01:13:16,32967.38636364,0.00000088,0.000000000048224264,7559122,2019-05-03 01:13:16,btc,20.06976206696776,0.0,0.00000088,btc,2746.079105,0.0,0.0105613000000032,142
0,[],22,[],2019-06-23 09:16:24,0.0,0,0,7754937,2019-06-23 09:16:24,,1635.98618676,0.0,0,,788450755.3,0.0,0.0,143
0,[],22,[],2019-02-25 15:42:22,0.0,0,0,6783783,2019-02-25 15:42:22,,4.2131946,0.0,0,,2322156.0,0.0,0.0,146
,[],22,[],2018-11-20 23:01:11,0.0,0,0,4862114,2018-11-20 23:01:11,,2.56807021,0.0,,,61828.4988236,0.0,0.0,147
1,[],12,[],2019-04-21 06:38:04,193091.5971266,0.00000071,0.000000000037635183,7388679,2019-04-21 06:38:04,btc,2.301232411611175,0.0,0.00000071,btc,9957.48302385,0.00023528,0.0313308199999888,148
1,[],4,[],2019-03-19 21:31:25,255810.0415942,0.00000029,0.000000000011615747,6982695,2019-03-19 21:31:25,btc,218.94922712414143,0.0,0.00000029,btc,793529.37642722,0.00117,0.0608347789473395,152
0,[],22,[],2019-03-19 21:31:27,0.0,0,0,6982696,2019-03-19 21:31:27,,0.0,0.0,0,,0.0,0.0,0.0,152
1,[],5,[],2019-04-26 09:36:59,0.0,0,0,7465040,2019-04-26 09:36:59,btc,0.0,0.0,0,btc,0.0,0.0,0.0,153
,[],16,[],2019-01-11 15:38:59,0.0,0,0,6366141,2019-01-11 15:38:59,btc,0.0,0.0,,btc,0.0,0.0,0.0,155
0,[],23,[],2019-01-20 23:24:29,0.0,0,0,6476932,2019-01-20 23:24:29,,0.0,0.0,0,,0.0,0.0,0.0,156
0,[],22,[],2019-06-04 06:02:09,0.0,0,0,7734688,2019-06-04 06:02:09,,7.43375324,0.0,0,,5955762.942592593,0.0,0.0,156
1,[],22,[],2019-06-23 09:16:29,6996.0,0.00000001,0.000000000001072882,7754938,2019-06-23 09:16:29,BTC,1.7543039,0.0,0.00000001,BTC,57.0,0.0,6.996e-05,157
0,[],22,[],2019-05-21 23:40:32,0.0,0,0,7665049,2019-05-21 23:40:32,,50234.60468402,0.0,0,,54786159.03179465,0.0,0.0,158
,[],17,[],2018-11-20 22:56:10,0.0,0,0,4861976,2018-11-20 22:56:10,btc,1.1265625,0.0,,btc,1000.0,0.0,0.0,159
,[],20,[],2018-11-20 22:56:12,0.0,0,0,4861977,2018-11-20 22:56:12,btc,11912.7940471,0.0,,btc,34413894.3617,0.0,0.0,159
1,[],12,[],2019-05-24 02:51:20,9178.522006449999,0.00000191999999999999982841307998027158276954651228152215480804443359375,0.000000000151222656,7676256,2019-05-24 02:51:20,btc,149.80414728631675,0.0,0.00000191999999999999982841307998027158276954651228152215480804443359375,btc,1115.7451448499999,0.01783167678326,0.0120075778999181,168
1,[],17,[],2019-05-03 01:13:36,42852.0,0.00000002,0.000000000001096006,7559132,2019-05-03 01:13:36,btc,0.04279856251542,0.0,0.00000002,btc,274.46171372,0.0,0.00052852,168
1,[],22,[],2019-05-17 03:01:52,10.0,0.00000001,0.000000000000778341,7642059,2019-05-17 03:01:52,BTC,41.95893009,0.0,0.00000001,BTC,1753972.7737547632,0.0,1e-07,169
1,[],22,[],2019-05-30 08:38:18,202834.0,0.00000002,0.0000000000017416160000000001,7711049,2019-05-30 08:38:18,BTC,27.87002826,0.0,0.00000002,BTC,462189.5410507793,0.0,0.00211768,171
1,[],22,[],2019-05-29 08:05:18,349870.0,0.00000002,0.000000000001705894,7705265,2019-05-29 08:05:18,BTC,24.05907723,0.0,0.00000002,"BTC,LTC",1224285.4355616204,0.0,0.0039847,173
1,[],5,[],2019-06-23 09:16:45,0.0,0,0,7754939,2019-06-23 09:16:45,btc,0.0,0.00376682,0,btc,0.0,0.0,0.0,175
1,[],22,[],2019-06-17 14:33:12,90671.0,0.00000001,0.00000000000092914,7740175,2019-06-17 14:33:12,BTC,394.35459412,0.0,0.00000001,BTC,136275.61833431243,0.0,0.00090671,176
1,[],7,[],2019-06-23 09:16:46,0.0,0,0,7754940,2019-06-23 09:16:46,btc,522272.5934493988,0.0,0,btc,27809550.642174788,0.0,0.0,178
0,[],22,[],2019-06-23 09:16:49,0.0,0,0,7754941,2019-06-23 09:16:49,,1.00242428,0.0,0,,57512.0,0.0,0.0,178
0,[],2,[],2019-01-20 23:28:34,0.0,0,0,6477001,2019-01-20 23:28:34,,0.0,0.0,0,,0.0,0.0,0.0,178
0,[],23,[],2019-01-20 23:25:08,0.0,0,0,6476952,2019-01-20 23:25:08,,0.0,0.0,0,,0.0,0.0,0.0,179
1,[],5,[],2019-06-23 09:16:57,0.0,0,0,7754942,2019-06-23 09:16:57,btc,0.0,0.01015428,0,btc,0.0,0.0,0.0,179
0,[],22,[],2019-06-23 09:17:00,0.0,0,0,7754943,2019-06-23 09:17:00,,5.33403917,0.0,0,,14450788.311946675,0.0,0.0,179
1,[],22,[],2019-06-23 09:19:04,678818.5363636364,0.0000004,0.00000000004291528,7754944,2019-06-23 09:19:04,BTC,40.58757625,0.0,0.0000004,"BTC,LTC",148952.62502857723,0.00196388,0.56797089,180
1,[],26,[],2019-06-23 09:19:04,0.0,0.00000010,0.00000000001072882,7754945,2019-06-23 09:19:04,btc,0.0,0.0,0.00000010,btc,0.0,0.0,0.0,180
1,[],17,[],2019-05-03 01:13:56,20504.725000000002,0.0000001,0.00000000000548003,7559141,2019-05-03 01:13:56,btc,5.2010695838400265,0.0,0.0000001,btc,5033.45945,0.0,0.0011504725,180
,[],7,[],2018-11-20 22:58:01,562227.975654,0.00000085,0.000000000036176765,4862015,2018-11-20 22:58:01,btc,21836.6059674,2491.87645172,,btc,749999.041456,0.00211021,0.127565380455,183
,[],5,[],2019-01-10 08:11:41,0.0,0,0,6347036,2019-01-10 08:11:41,btc,82.15055501,0.00261,,btc,1.19002445,0.0,0.0,187
,[],17,[],2018-11-16 20:58:10,4062536.27273,0.00000001,0.000000000000550501,4708775,2018-11-16 20:58:10,btc,3.36492563466,0.195460381006,,"btc,eth",110697919.549,0.0,0.0157628953496,187
1,[],24,[],2019-05-22 21:04:52,0.0,0.000000000014,0.0000000000000010960978,7670219,2019-05-22 21:04:52,btc,0.0,0.0,0.000000000014,btc,0.0,0.0,0.0,187
0,[],22,[],2019-04-25 02:54:07,0.0,0,0,7447896,2019-04-25 02:54:07,,7.54794454,0.0,0,,76361.7243344055,0.0,0.0,191
0,[],22,[],2019-06-17 14:33:34,0.0,0,0,7740182,2019-06-17 14:33:34,,0.0,0.0,0,,0.0,0.0,0.0,197
0,[],23,[],2019-01-20 23:31:41,0.0,0,0,6477079,2019-01-20 23:31:41,,0.0,0.0,0,,0.0,0.0,0.0,199
0,[],22,[],2019-06-23 09:19:08,0.0,0,0,7754946,2019-06-23 09:19:08,,10.58263174,0.0,0,,84280969.0,0.0,0.0,199
1,[],26,[],2019-06-23 09:19:09,0.0,0.00000000,0,7754947,2019-06-23 09:19:09,btc,0.0,0.0,0.00000000,btc,0.0,0.0,0.0,199
0,[],2,[],2019-01-20 23:30:49,0.0,0,0,6477059,2019-01-20 23:30:49,,0.0,0.0,0,,0.0,0.0,0.0,201
1,[],4,[],2019-01-25 15:51:35,2084389.58565343,0.00000936,0.000000000333526752,6499557,2019-01-25 15:51:35,btc,2.0092503037378524,0.0,0.00000936,btc,160195.80207885,0.19272417,1.242687955921835,211
1,[],7,[],2019-06-23 09:19:11,1170054124.6898527,0.00000018,0.000000000019311876,7754948,2019-06-23 09:19:11,btc,1346838.6258339162,0.0,0.00000018,btc,5739479.26464841,0.0,11.954344045954047,212
1,[],12,[],2019-01-25 02:44:32,207462.42853209,0.000001080000000000000035831255497387193287295303889550268650054931640625,0.000000000038610756000000006,6493050,2019-01-25 02:44:32,btc,85023.03793723314,0.0,0.000001080000000000000035831255497387193287295303889550268650054931640625,btc,43675.73520027,0.000146250909087,0.0348620860622024,213
1,[],5,[],2019-05-30 00:07:46,0.0,0,0,7709357,2019-05-30 00:07:46,btc,0.0,0.06425239,0,btc,0.0,0.0,0.0,213
1,[],24,[],2019-05-30 00:07:46,0.0,0.000000399202,0.0000000000344859829346,7709358,2019-05-30 00:07:46,btc,0.0,0.0,0.000000399202,btc,0.0,0.0,0.0,213
1,[],26,[],2019-05-30 00:07:47,0.0,0.00000040,0.000000000034554919999999996,7709359,2019-05-30 00:07:47,btc,0.0,0.0,0.00000040,btc,0.0,0.0,0.0,213
0,[],22,[],2019-06-23 09:19:14,0.0,0,0,7754949,2019-06-23 09:19:14,,9.56923849,0.0,0,,3661587.2040649247,0.0,0.0,216
0,[],27,[],2019-06-23 09:19:21,0.0,0,0,7754950,2019-06-23 09:19:21,,145.7703362515382,0.0,0,"btc,ltc",596562.12538,0.0,0.0,216
1,[],22,[],2019-06-23 09:19:24,481642.3852813853,0.00000025,0.000000000026822049999999998,7754951,2019-06-23 09:19:24,BTC,12055.92111319,0.0,0.00000025,BTC,512520.4678921843,0.00195675,0.02700784,217
1,[],7,[],2019-06-23 09:19:25,0.0,0,0,7754952,2019-06-23 09:19:25,btc,1234912.6160040614,0.0,0,btc,89377746.4752352,0.0,0.0,219
0,[],27,[],2019-06-23 09:19:30,0.0,0,0,7754953,2019-06-23 09:19:30,,250.34372354432625,0.0,0,btc,5709879.26511325,0.0,0.0,219
0,[],28,[],2019-06-23 09:19:32,0.0,0,0,7754954,2019-06-23 09:19:32,,0.0,0.0,0,,0.0,0.0,0.0,219
1,[],22,[],2019-05-23 16:41:05,172069.0,0.00000004,0.0000000000031167080000000004,7674065,2019-05-23 16:41:05,BTC,56.76466137,0.0,0.00000004,BTC,127061.6482738741,0.0,0.00393676,221
1,[],24,[],2019-05-23 16:41:05,0.0,0.000000010000,0.0000000000007791770000000001,7674066,2019-05-23 16:41:05,btc,0.0,0.0,0.000000010000,btc,0.0,0.0,0.0,221
1,[],20,[],2019-06-17 14:34:11,26882155.8301,0.000000003,0.000000000000278742,7740192,2019-06-17 14:34:11,btc,100050.81956632523,233521.3529,0.000000003,btc,38769742.8604,0.0007925640587,0.0306863532672,224
0,[],22,[],2019-06-17 14:34:13,0.0,0,0,7740193,2019-06-17 14:34:13,,0.0,0.0,0,,0.0,0.0,0.0,224
1,[],26,[],2019-06-23 09:19:32,0.0,0.00000022,0.000000000023603404,7754955,2019-06-23 09:19:32,btc,0.0,0.0,0.00000022,btc,0.0,0.0,0.0,231
1,[],26,[],2019-06-23 09:19:32,0.0,0.00000005,0.00000000000536441,7754956,2019-06-23 09:19:32,btc,0.0,0.0,0.00000005,btc,0.0,0.0,0.0,234
0.0000000002901185,[],27,[],2019-06-23 09:19:39,100.0,2.901185e-18,3.11262916517e-22,7754957,2019-06-23 09:19:39,eth,0.0,0.0,0.00000001,"btc,eth",0.0,0.0,2.901185e-16,234
1,[],4,[],2019-05-22 17:06:12,91780.56053785,0.00000078,0.000000000061977552,7669277,2019-05-22 17:06:12,btc,5.573372450018177,0.0,0.00000078,btc,729173.93529783,0.0,0.0307060663355679,236
1,[],24,[],2019-05-22 17:06:12,0.0,0.000000010000,0.000000000000794584,7669278,2019-05-22 17:06:12,btc,0.0,0.0,0.000000010000,btc,0.0,0.0,0.0,236
1,[],5,[],2019-06-23 09:19:40,0.0,0,0,7754958,2019-06-23 09:19:40,btc,0.0,1.92890054,0,btc,0.0,0.0,0.0,237
1,[],20,[],2019-06-23 09:19:42,50783862.6842,0.00000008,0.000000000008583056,7754959,2019-06-23 09:19:42,btc,8172549.643086414,14420532.8247,0.00000008,btc,41204795.8848,1.1835210619771,1.0838325121993,237
1,[],22,[],2019-06-23 09:19:45,2084614.0,0.00000004,0.000000000004291528,7754960,2019-06-23 09:19:45,BTC,1.20112207,0.0,0.00000004,"BTC,LTC",14507.148717948718,0.0,0.02587451,237
1,[],4,[],2019-06-23 09:19:46,41871851.93570191,0.00000007,0.000000000007510174,7754961,2019-06-23 09:19:46,btc,2.5813101700999104,0.0,0.00000007,btc,11802998.25741577,0.05066157,0.8663760794351321,238
1,[],5,[],2019-06-23 09:19:47,0.0,0,0,7754962,2019-06-23 09:19:47,btc,0.0,0.02140548,0,btc,0.0,0.0,0.0,238
0,[],22,[],2019-03-12 16:49:32,0.0,0,0,6914458,2019-03-12 16:49:32,,0.40415746,0.0,0,,526736.5639027493,0.0,0.0,249
0,[],22,[],2019-05-28 23:53:45,0.0,0,0,7703643,2019-05-28 23:53:45,,13.44714864,0.0,0,,43777534.3426455,0.0,0.0,252
0,[],28,[],2019-06-23 09:19:49,0.0,0,0,7754963,2019-06-23 09:19:49,,0.0,0.0,0,,0.0,0.0,0.0,256
1,[],22,[],2019-06-23 09:19:53,565929.0,0.00000001,0.000000000001072882,7754964,2019-06-23 09:19:53,BTC,31464.57209997,0.0,0.00000001,BTC,1031955.2230878276,3.304e-05,0.00565929,258
1,[],22,[],2019-05-19 18:12:02,400.0,0.00000001,0.0000000000007957800000000001,7653905,2019-05-19 18:12:02,BTC,2.415167,0.0,0.00000001,BTC,157.0,0.0,4e-06,259
1,[],5,[],2019-06-23 09:19:54,0.0,0,0,7754965,2019-06-23 09:19:54,btc,0.0,0.12049917,0,btc,0.0,0.0,0.0,264
1,[],20,[],2019-06-23 09:19:56,910777.8654,0.000000421,0.0000000000451683322,7754966,2019-06-23 09:19:56,btc,1.0274511288059,28508.3765,0.000000421,btc,62959.9021,0.0261094182398,0.0073977342236,264
0,[],22,[],2019-04-12 17:57:27,0.0,0,0,7278186,2019-04-12 17:57:27,,66.37522201,0.0,0,,677842.4169881374,0.0,0.0,271
0,[],22,[],2019-06-23 09:19:58,0.0,0,0,7754967,2019-06-23 09:19:58,,33050469.74148113,0.0,0,,14261527780.7,0.0,0.0,272
0,[],28,[],2019-06-23 09:20:00,0.0,0,0,7754968,2019-06-23 09:20:00,,0.0,0.0,0,,0.0,0.0,0.0,272
1,[],22,[],2019-05-23 07:12:29,219930.0,0.00000004,0.000000000003048688,7671985,2019-05-23 07:12:29,BTC,426.77835217,0.0,0.00000004,BTC,248664.3325962929,0.0,0.00739728,281
1,[],22,[],2019-06-23 09:20:08,25477.1,0.00000001,0.000000000001072882,7754969,2019-06-23 09:20:08,BTC,2.76785723,0.0,0.00000001,"BTC,LTC",1055281.637193209,0.00036934,0.00475046,286
0,[],22,[],2019-06-17 14:34:53,0.0,0,0,7740207,2019-06-17 14:34:53,,7337915.80475575,0.0,0,,2078527309.6797826,0.0,0.0,294
