pairValue,buyBook,exchangeId,sellBook,updated,buyTotal,satoshiPrice,usdPrice,exchangeLogId,created,bestPair,sellTotalBtc,volume,pairPrice,activePairs,sellTotal,volumeBtc,buyTotalBtc,coinId
1,[],3,[],2019-07-01 17:16:50,31396.00194070104,0.00829001000000000043410608441263320855796337127685546875,0.000000863754379922,7784987,2019-07-01 17:16:50,btc,10.933575694353387,79.8397511044,0.00829001000000000043410608441263320855796337127685546875,btc,37.42997461602,0.0,0.2751827397112457,1
1,[],4,[],2019-07-01 17:16:52,208249.78449959,0.00835000,0.0000008700048699999999,7784988,2019-07-01 17:16:52,btc,9.350984384601183,0.0,0.00835000,btc,452.25886319,4.73415395,0.637222909614932,1
1,[],5,[],2019-07-01 17:16:55,0.0,0,0,7784989,2019-07-01 17:16:55,btc,0.0,0.00307046,0,btc,0.0,0.0,0.0,1
1,[],10,[],2019-07-01 17:16:57,246587.2705851,0.00294911,0.00000030727425894199996,7784990,2019-07-01 17:16:57,btc,6525.459384498239,1176.52329288,0.00294911,btc,1909.59201918,0.0,1.3913697181725555,1
1,[],12,[],2019-07-01 17:17:00,166.92704036,0.00831999999999999927113858433358473121188580989837646484375,0.0000008668791039999999,7784991,2019-07-01 17:17:00,btc,0.7280826528581,0.0,0.00831999999999999927113858433358473121188580989837646484375,btc,37.29089896,1.002183697655,0.0547201401995,1
1,[],20,[],2019-07-01 17:17:02,929.0081,0.00810001,0.0000008439578619219999,7784992,2019-07-01 17:17:02,btc,0.1466830118801,0.7189,0.00810001,btc,10.9433,0.006659767458,0.1302634407136,1
1,[],21,[],2019-07-01 17:17:04,2323.1958207,0.008356000000000000579869485762,0.0000008706300232,7784993,2019-07-01 17:17:04,btc,9.709395732172027,2940.04832535,0.00835600000000000057986948576171926106326282024383544921875,"btc,eth",1720.03477174,23.135579033214775,13.930193721265491,1
1,[],22,[],2019-07-01 17:17:08,0.5199,0.00150000,0.0000001562883,7784994,2019-07-01 17:17:08,BTC,0.01667896,0.0,0.00150000,BTC,0.2541810146658512,0.0,0.00077189,1
1,[],24,[],2019-07-01 17:17:08,0.0,0.000000000000,0,7784995,2019-07-01 17:17:08,btc,0.0,0.0,0.000000000000,btc,0.0,0.0,0.0,1
0.0,[],25,[],2019-07-01 17:17:10,0.0,0,0,7784996,2019-07-01 17:17:10,btc,18.177099999299372,2107.2680738,0.0,btc,2079.62720786,17.492,0.0,1
1,[],26,[],2019-07-01 17:17:12,0.0,0,0,7784997,2019-07-01 17:17:12,,0.0,0.0,0,,0.0,0.0,0.0,1
1,[],28,[],2019-07-01 17:17:20,1039.924,0.00730000,0.00000076060306,7784998,2019-07-01 17:17:20,btc,0.374000830075,125024.7,0.00730000,btc,23.7132,0.0,0.268011296,1
0,[],2,[],2019-01-20 23:28:45,0.0,0,0,6477011,2019-01-20 23:28:45,,0.0,0.0,0,,0.0,0.0,0.0,1
1,[],5,[],2019-06-17 14:29:02,0.0,0,0,7740076,2019-06-17 14:29:02,btc,0.0,2.72e-05,0,btc,0.0,0.0,0.0,2
1,[],22,[],2019-06-17 14:29:06,11550.3,0.0000002,0.0000000000185828,7740077,2019-06-17 14:29:06,BTC,21.00897301,0.0,0.0000002,"BTC,XMR",20678.87287795317,1.754e-05,0.00143681,2
1,[],5,[],2019-06-03 14:48:58,0.0,0,0,7731126,2019-06-03 14:48:58,btc,0.0,0.05905545,0,btc,0.0,0.0,0.0,3
1,[],12,[],2019-06-03 14:48:59,3468623.70302,0.000000116,0.000000000009823402000000002,7731127,2019-06-03 14:48:59,btc,169531.0336573751,0.0,0.000000116,btc,2361209.62379607,0.041350953071,0.33764769154428,3
0,[],28,[],2019-06-03 14:49:00,0.0,0,0,7731128,2019-06-03 14:49:00,,0.0,0.0,0,,0.0,0.0,0.0,3
0,[],2,[],2019-01-20 23:31:32,0.0,0,0,6477077,2019-01-20 23:31:32,,0.0,0.0,0,,0.0,0.0,0.0,4
1,[],4,[],2019-05-18 21:29:50,562734.9206932,0.00000010,0.000000000007298720000000001,7650946,2019-05-18 21:29:50,btc,41.9347137769675,0.0,0.00000010,btc,1123702.32192634,0.00052462,0.029254593370966,4
0,[],12,[],2019-06-02 05:03:43,0.0,0,0,7724919,2019-06-02 05:03:43,btc,625.901992874995,0.0,0,btc,1211362.4995005,0.0,0.0,5
0,[],2,[],2019-01-20 23:31:51,0.0,0,0,6477087,2019-01-20 23:31:51,,0.0,0.0,0,,0.0,0.0,0.0,6
1,[],11,[],2019-07-01 17:17:22,4052161.27673599,0.00000001,0.000000000001041922,7784999,2019-07-01 17:17:22,btc,9583.596279370931,2495000.0,0.00000001,btc,77790204.25770687,0.0,0.0405216127673599,6
1,[],3,[],2019-07-01 17:17:22,11570.909709056985,0.0000550699999999999995937971508652708507725037634372711181640625,0.000000005737864453999999,7785000,2019-07-01 17:17:22,btc,2027.992742949453,627.29874475,0.0000550699999999999995937971508652708507725037634372711181640625,btc,442.808038894402,0.0,0.014700329238400572,7
1,[],4,[],2019-07-01 17:17:23,317499.04005691,0.00007636,0.000000007956116392,7785001,2019-07-01 17:17:23,btc,8.045512409970852,0.0,0.00007636,btc,55869.74341537,2.02794315,2.1600492301967593,7
1,[],5,[],2019-07-01 17:17:25,0.0,0,0,7785002,2019-07-01 17:17:25,btc,0.0,0.09054261,0,btc,0.0,0.0,0.0,7
1,[],20,[],2019-04-07 22:06:50,3201475.0482,0.000000001,0.000000000000051590000000000004,7213932,2019-04-07 22:06:50,btc,30.8005781811902,0.0,0.000000001,btc,23077405.3926,0.0,0.0032014750482,8
1,[],4,[],2019-07-01 17:17:27,2119845.7538839,0.00000042,0.000000000043760724,7785003,2019-07-01 17:17:27,btc,2.9827824396922824,0.0,0.00000042,btc,3325400.48865836,0.34759431,0.4117511627933018,9
1,[],28,[],2019-07-01 17:17:44,20043.809,0.00000042,0.000000000043760724,7785004,2019-07-01 17:17:44,btc,2708.78161732885,124437.0,0.00000042,btc,35184.584,0.0,0.00270157978,9
0,[],2,[],2019-01-20 23:22:42,0.0,0,0,6476876,2019-01-20 23:22:42,,0.0,0.0,0,,0.0,0.0,0.0,9
0,[],23,[],2019-01-20 23:22:48,0.0,0,0,6476878,2019-01-20 23:22:48,,0.0,0.0,0,,0.0,0.0,0.0,9
1,[],1,[],2019-02-17 23:31:42,1822507.21,0.00000181000000000000003456111265232042484285557293333113193511962890625,0.000000000066086901,6701244,2019-02-17 23:31:42,btc,3.6990969245,17153386.5,0.00000181000000000000003456111265232042484285557293333113193511962890625,btc,1997391.71,31.11772986,3.2610482446,9
1,[],4,[],2019-02-17 11:22:43,4341674.27126056,0.00000002,0.0000000000007272960000000001,6696112,2019-02-17 11:22:43,btc,0.1997230937751353,0.0,0.00000002,btc,4109766.79808031,0.00215132,0.0479381022052112,10
1,[],4,[],2019-07-01 17:17:45,6780975.21621,0.00000029,0.000000000030215738,7785005,2019-07-01 17:17:45,btc,7.424472012349899,0.0,0.00000029,btc,8290885.82600286,0.34725607,0.717698381250723,12
1,[],5,[],2019-07-01 17:17:46,0.0,0,0,7785006,2019-07-01 17:17:46,btc,0.0,1.447e-05,0,btc,0.0,0.0,0.0,12
0.0,[],25,[],2019-07-01 17:17:48,0.0,0,0,7785007,2019-07-01 17:17:48,,0.0,0.0,0.0,btc,0.0,0.0,0.0,12
0,[],2,[],2019-01-20 23:23:08,0.0,0,0,6476890,2019-01-20 23:23:08,,0.0,0.0,0,,0.0,0.0,0.0,12
1,[],10,[],2019-07-01 17:00:20,608320.55043867,0.00000241,0.000000000248708867,7784969,2019-07-01 17:00:20,btc,666797.6960329341,8683.84135655,0.00000241,btc,887159.46934026,0.0,0.2567354010030231,13
1,[],4,[],2019-07-01 17:17:49,528921.7681701,0.00000230,0.00000000023964206,7785008,2019-07-01 17:17:49,btc,2.0698140762656827,0.0,0.00000230,btc,380073.54347926,0.20174883,0.220925712770724,13
1,[],21,[],2019-07-01 17:17:53,7102884.37294592,0.000002409999999999999795651742934,0.00000000025110320199999997,7785009,2019-07-01 17:17:53,btc,2.9849346886121477,1154202.72713075,0.0000024099999999999997956517429342770952871433109976351261138916015625,btc,973098.11061348,2.79313925,2.768767176111119,13
1,[],4,[],2019-07-01 17:17:54,1381378.7105505,0.00000035,0.00000000003646727,7785010,2019-07-01 17:17:54,btc,2.6299906815986045,0.0,0.00000035,btc,749491.49817656,0.00551444,0.1571266420067067,14
1,[],12,[],2019-07-01 17:17:55,195641.78260869,0.00000031,0.000000000032299582,7785011,2019-07-01 17:17:55,btc,191.4903490592705,0.0,0.00000031,btc,41600.06442848,0.00148118,0.0068257799999987,14
1,[],26,[],2019-07-01 17:19:55,0.0,0.00000050,0.0000000000520961,7785012,2019-07-01 17:19:55,btc,0.0,0.0,0.00000050,btc,0.0,0.0,0.0,14
0,[],17,[],2019-05-03 00:53:32,0.0,0,0,7558876,2019-05-03 00:53:32,btc,0.0,0.0,0,btc,0.0,0.0,0.0,14
0,[],4,[],2019-07-01 17:19:56,0.0,0,0,7785013,2019-07-01 17:19:56,,0.0,0.0,0,,0.0,0.0,0.0,15
,[],12,[],2018-12-01 15:15:48,204241.84496,0.00000489,0.000000000202473384,5260204,2018-12-01 15:15:48,btc,49.5475654835,0.0,,btc,35763.2193806,0.0163153972027625,0.0203389899998,15
1,[],4,[],2019-07-01 17:19:58,30282.08307191,0.00000805,0.00000000083874721,7785014,2019-07-01 17:19:58,btc,2.36950955223609,0.0,0.00000805,btc,17429.49924219,0.05023782,0.032747920594138,18
1,[],10,[],2019-07-01 17:20:00,415670.87045319,0.00000754,0.000000000785609188,7785015,2019-07-01 17:20:00,btc,14.89880818261891,10638.9228815,0.00000754,btc,11355.36879107,0.0,0.3492170973743331,18
1,[],12,[],2019-07-01 17:20:02,2151.62559926,0.00000800999999999999954224116915924014392658136785030364990234375,0.0000000008345795219999999,7785016,2019-07-01 17:20:02,btc,0.529408515534353,0.0,0.00000800999999999999954224116915924014392658136785030364990234375,btc,1921.99839621,5.208681e-06,0.0043634673999725995,18
0,[],2,[],2019-01-20 23:23:38,0.0,0,0,6476906,2019-01-20 23:23:38,,0.0,0.0,0,,0.0,0.0,0.0,18
0,[],17,[],2019-05-03 00:53:39,0.0,0,0,7558882,2019-05-03 00:53:39,btc,0.0,0.0,0,btc,0.0,0.0,0.0,18
1,[],3,[],2019-07-01 17:22:03,162180.99172213,0.00000800999999999999954224116915924014392658136785030364990234375,0.0000000008345795219999999,7785017,2019-07-01 17:22:03,btc,190.33678352337785,15936.0573282,0.00000800999999999999954224116915924014392658136785030364990234375,btc,18745.900526850633,0.0,0.110730614617096,19
1,[],4,[],2019-07-01 17:22:04,433533.19981143,0.00000622,0.000000000648075484,7785018,2019-07-01 17:22:04,btc,3.0356505785666497,0.0,0.00000622,btc,215290.97720667,0.54217642,1.9110302200868279,19
1,[],5,[],2019-07-01 17:22:05,0.0,0,0,7785019,2019-07-01 17:22:05,btc,0.0,5.376e-05,0,btc,0.0,0.0,0.0,19
1,[],12,[],2019-07-01 17:22:06,107368.42921385,0.000005800000000000000372813759030865554677802720107138156890869140625,0.0000000006043147600000001,7785020,2019-07-01 17:22:06,btc,0.373146797428033,0.0,0.000005800000000000000372813759030865554677802720107138156890869140625,btc,2991.38421058,0.001959266353,0.0100368599998365,19
0,[],27,[],2019-07-01 17:22:12,0.0,0,0,7785021,2019-07-01 17:22:12,,0.0,0.0,0,btc,0.0,0.0,0.0,19
0,[],2,[],2019-01-20 23:24:19,0.0,0,0,6476924,2019-01-20 23:24:19,,0.0,0.0,0,,0.0,0.0,0.0,19
1,[],4,[],2019-07-01 17:22:13,9925191.09278478,0.00000005,0.00000000000520961,7785022,2019-07-01 17:22:13,btc,5.162345510776601,0.0,0.00000005,btc,2240531.70486197,0.0,0.1102994166205056,20
0,[],4,[],2019-07-01 17:22:14,0.0,0,0,7785023,2019-07-01 17:22:14,,13631.979109764237,0.0,0,,166080788.2737067,0.0,0.0,21
0,[],12,[],2019-07-01 17:22:15,0.0,0,0,7785024,2019-07-01 17:22:15,btc,2602.9646297874624,0.0,0,btc,10399029.54445551,0.0,0.0,21
0,[],17,[],2019-05-03 00:53:51,0.0,0,0,7558891,2019-05-03 00:53:51,btc,0.0,0.0,0,btc,0.0,0.0,0.0,21
1,[],12,[],2019-07-01 17:24:17,5847529511.864567,0.0000000006,0.00000000000006251531999999999,7785025,2019-07-01 17:24:17,btc,1426620312870.0137,0.0,0.0000000006,btc,2813637284.1170154,0.193494187855,1.7350915214454834,23
0.0000000002758997,[],27,[],2019-07-01 17:24:24,89831541.41298692,1.1035987999999999e-16,1.1498638688935999e-20,7785026,2019-07-01 17:24:24,eth,1276.1105349051948,52511.15844156,0.0000004,eth,4375420.57249351,9.99659106019e-12,6.442552551933486e-09,23
1,[],4,[],2019-06-22 05:45:29,6100414.07522138,0.00000017,0.00000000001823352,7751732,2019-06-22 05:45:29,btc,10.22685272773715,0.0,0.00000017,btc,1790815.48208265,0.0,0.1345450262400025,24
0,[],22,[],2019-06-22 05:45:31,0.0,0,0,7751733,2019-06-22 05:45:31,,6.22e-05,0.0,0,,517.4264705882352,0.0,0.0,24
0.0,[],25,[],2019-06-22 05:45:32,0.0,0,0,7751734,2019-06-22 05:45:32,,0.0,0.0,0.0,btc,0.0,0.0,0.0,24
1,[],4,[],2019-07-01 17:24:25,26942774.85647931,0.00000344,0.000000000358421168,7785027,2019-07-01 17:24:25,btc,7.339750916078045,0.0,0.00000344,btc,202130.87210071,0.0575216,0.3776383187781294,26
1,[],10,[],2019-07-01 17:24:27,128724.72387705,0.00000476,0.000000000495954872,7785028,2019-07-01 17:24:27,btc,26.15785550111192,6316.47517963,0.00000476,btc,19876.51847206,0.0,0.0476732271828286,26
0,[],2,[],2019-01-20 23:25:56,0.0,0,0,6476976,2019-01-20 23:25:56,,0.0,0.0,0,,0.0,0.0,0.0,26
1,[],5,[],2019-04-26 09:47:06,0.0,0,0,7465326,2019-04-26 09:47:06,btc,0.0,0.0,0,btc,0.0,0.0,0.0,27
1,[],3,[],2019-06-17 14:30:26,13571825.64059417,0.00000001,0.00000000000092914,7740112,2019-06-17 14:30:26,btc,3.485049956644059,4264730.43754,0.00000001,btc,23500048.28518193,0.0,0.1357182564059417,27
1,[],11,[],2019-06-17 14:30:28,2031833.58157834,0.00000001,0.00000000000092914,7740113,2019-06-17 14:30:28,btc,67502.92060589766,32677.9652116,0.00000001,btc,6487362.95640949,0.0,0.0203183358157834,27
0.0000000001142103,[],4,[],2019-07-01 17:24:29,474298503.7849759,9.022613700000001e-17,9.4008597115314e-21,7785029,2019-07-01 17:24:29,ltc,10.540230141220404,0.0,0.00000079,ltc,660866373.6745785,0.05166301,7.59739283608184e-09,29
1,[],7,[],2019-07-01 17:24:31,0.0,0,0,7785030,2019-07-01 17:24:31,btc,46548272.69606424,1626356.25,0,btc,54966555.12386811,0.01626356,0.0,29
1,[],4,[],2019-07-01 17:24:31,15247247.18640204,0.00000004,0.000000000004167688,7785031,2019-07-01 17:24:31,btc,2.574271176878842,0.0,0.00000004,btc,2263873.01112021,0.0,0.1669783403867238,30
0,[],17,[],2019-05-03 01:11:25,0.0,0,0,7559066,2019-05-03 01:11:25,btc,0.0,0.0,0,btc,0.0,0.0,0.0,30
1,[],4,[],2019-07-01 17:26:32,232448.29525094,0.00003091,0.000000003220580902,7785032,2019-07-01 17:26:32,btc,4.20905999614281,0.0,0.00003091,btc,66017.01701479,0.35036519,0.5984621319936138,31
1,[],21,[],2019-07-01 17:26:33,336042.32806189003,0.00003123999999999999905219913443,0.000000003254964328,7785033,2019-07-01 17:26:33,btc,5.725951034596062,277721.00776001,0.0000312399999999999990521991344305519078261568211019039154052734375,btc,143943.36284231,8.73460755,3.427904888335257,31
0,[],2,[],2019-01-20 23:28:43,0.0,0,0,6477009,2019-01-20 23:28:43,,0.0,0.0,0,,0.0,0.0,0.0,32
0,[],4,[],2019-07-01 17:26:34,0.0,0,0,7785034,2019-07-01 17:26:34,,0.0,0.0,0,,0.0,0.0,0.0,33
1,[],12,[],2019-03-30 07:55:10,40641173.964,0.00000003,0.000000000001228359,7108785,2019-03-30 07:55:10,btc,4233210.82356125,0.0,0.00000003,btc,28378394.68333462,0.0126927883965248,0.90752895892,33
0.0000000001142103,[],4,[],2019-07-01 17:26:36,148100619.8148803,5.710515e-17,5.94991120983e-21,7785035,2019-07-01 17:26:36,ltc,4.573069788622238,0.0,0.0000005,ltc,167540323.5057124,0.0,6.552052424500918e-10,34
1,[],5,[],2019-07-01 17:26:37,0.0,0,0,7785036,2019-07-01 17:26:37,btc,0.0,0.0,0,btc,0.0,0.0,0.0,34
0.0000000002926451,[],17,[],2019-05-02 18:17:47,200000.0,2.9264510000000002e-18,1.596703856561e-22,7556430,2019-05-02 18:17:47,eth,0.20942468735267253,0.0,0.00000001,"btc,eth",1018272.20243647,0.0,5.852902e-13,36
0.0000000001311821,[],4,[],2019-05-31 13:28:19,2417517744.0607657,1.311821e-18,1.105058333085e-22,7717483,2019-05-31 13:28:19,ltc,5.019900492391546e-08,0.0,0.00000001,ltc,7102398142.262129,0.0,3.171350544531538e-09,36
1,[],5,[],2019-05-31 13:28:21,0.0,0,0,7717484,2019-05-31 13:28:21,btc,0.0,0.0,0,btc,0.0,0.0,0.0,36
0.0000000003108179,[],27,[],2019-05-31 13:30:34,10388811.226876,6.216358000000001e-18,5.236566733830001e-22,7717485,2019-05-31 13:30:34,eth,1569.8708019850988,761866.634299,0.00000002,"ltc,eth",5084024.2511555,4.736034912207001e-12,3.3251980286483705e-11,36
1,[],4,[],2019-06-25 10:05:55,10747826.61931615,0.00000014,0.000000000015920562,7762320,2019-06-25 10:05:55,btc,19773.05513423956,0.0,0.00000014,btc,682946.14349671,0.0006293,0.1362851255028938,37
1,[],12,[],2019-06-25 10:05:57,4167862.54235103,0.00000013,0.000000000014783379,7762321,2019-06-25 10:05:57,btc,7.381091518261743,0.0,0.00000013,btc,1713444.53926904,0.016313049979,0.1478110147956336,37
1,[],27,[],2019-06-25 10:08:02,10970.0,0.00000019,0.000000000021606477,7762322,2019-06-25 10:08:02,btc,22.62970013895233,0.0,0.00000019,btc,4298.824295,0.0,0.00167419,37
1,[],17,[],2019-05-03 01:11:36,211752.74075282,0.00000025,0.000000000013700074999999998,7559074,2019-05-03 01:11:36,btc,0.055484923955058496,0.0,0.00000025,"btc,eth",1387.19918473,0.0,0.0005381851887916605,37
1,[],5,[],2019-07-01 17:26:39,0.0,0,0,7785037,2019-07-01 17:26:39,btc,0.0,0.17175693,0,btc,0.0,0.0,0.0,42
1,[],12,[],2019-07-01 17:26:40,190168.16388042,0.000001309999999999999951307938332589753116508290986530482769012451171875,0.000000000136491782,7785038,2019-07-01 17:26:40,btc,525.2859976291408,0.0,0.000001309999999999999951307938332589753116508290986530482769012451171875,btc,146023.17147512,0.009916362756,0.0431612900624333,42
1,[],27,[],2019-07-01 17:26:48,10300.0,0.00000003,0.000000000003125766,7785039,2019-07-01 17:26:48,btc,0.07600425,0.0,0.00000003,"btc,eth",18.0,0.0,0.000306,42
1,[],12,[],2019-03-13 09:13:29,1112112.0,0.00000001,0.000000000000386531,6919902,2019-03-13 09:13:29,btc,29058.00478931866,0.0,0.00000001,btc,5967681.93306694,9.99000999e-07,0.01112112,43
1,[],5,[],2019-04-26 22:38:52,0.0,0,0,7474154,2019-04-26 22:38:52,btc,0.0,0.02638891,0,btc,0.0,0.0,0.0,43
0,[],17,[],2019-04-26 22:38:53,0.0,0,0,7474155,2019-04-26 22:38:53,btc,0.0,0.0,0,btc,0.0,0.0,0.0,43
1,[],12,[],2019-03-05 01:54:08,639326.02,0.00000004,0.000000000001486676,6845775,2019-03-05 01:54:08,btc,11116042.728239931,0.0,0.00000004,btc,1103841.4595604,0.0003330765234764,0.014975410599999999,44
0.0000000001142103,[],4,[],2019-07-01 17:26:49,109619962.71248811,4.9110429e-17,5.1169236404538e-21,7785040,2019-07-01 17:26:49,ltc,2762.2198093604225,0.0,0.00000043,ltc,27019845.34695519,0.0,5.180346330626154e-10,49
0.0000000001142103,[],4,[],2019-07-01 17:26:50,316869375.54104334,2.6268369000000002e-17,2.7369591565218e-21,7785041,2019-07-01 17:26:50,ltc,28257.76723692949,0.0,0.00000023,ltc,196652155.26974714,0.0,2.0860916033326014e-09,52
0,[],22,[],2019-07-01 17:26:53,0.0,0,0,7785042,2019-07-01 17:26:53,,10289.80784133,0.0,0,,287058287.4566013,0.0,0.0,57
0,[],27,[],2019-07-01 17:27:00,0.0,0,0,7785043,2019-07-01 17:27:00,,0.0,0.0,0,"btc,eth",0.0,0.0,0.0,57
0,[],4,[],2019-07-01 17:27:01,0.0,0,0,7785044,2019-07-01 17:27:01,,19.718866402817266,0.0,0,,6081280452.902692,0.000499,0.0,58
0,[],12,[],2019-07-01 17:27:03,0.0,0,0,7785045,2019-07-01 17:27:03,btc,654641014.8634225,0.0,0,btc,3488250800.4834733,0.00057893886,0.0,58
0.00000000008361000000000001,[],22,[],2019-07-01 17:29:06,126877.0,8.361e-19,8.711509842e-23,7785046,2019-07-01 17:29:06,XMR,68.17454206,0.0,0.00000001,XMR,9626402.6,0.0,0.00126877,58
1,[],17,[],2019-05-03 01:12:09,1200000.0,0.0000000001,0.00000000000000548003,7559085,2019-05-03 01:12:09,btc,1e+24,0.0,0.0000000001,"btc,eth",39516342.31952568,0.0,0.00010000000058666061,58
1,[],5,[],2019-06-17 14:31:27,0.0,0,0,7740135,2019-06-17 14:31:27,btc,0.0,0.00079154,0,btc,0.0,0.0,0.0,61
1,[],22,[],2019-06-17 14:31:30,13612.833333333334,0.00000012,0.00000000001114968,7740136,2019-06-17 14:31:30,BTC,1002.29123003,0.0,0.00000012,BTC,15014.200177125656,0.0,0.00153257,61
1,[],26,[],2019-06-17 14:31:30,0.0,0.00000050,0.000000000046457,7740137,2019-06-17 14:31:30,btc,0.0,0.0,0.00000050,btc,0.0,0.0,0.0,61
1,[],27,[],2019-06-17 14:31:36,8400.0,0.00000018,0.00000000001672452,7740138,2019-06-17 14:31:36,btc,1.9742539297246655,0.0,0.00000018,"btc,eth",10953.51663696,0.0,0.001512,61
0,[],28,[],2019-06-17 14:31:38,0.0,0,0,7740139,2019-06-17 14:31:38,,0.0,0.0,0,,0.0,0.0,0.0,61
1,[],4,[],2019-07-01 17:29:07,1752686.42283958,0.00000040,0.00000000004167688,7785047,2019-07-01 17:29:07,btc,3.26120546404641,0.0,0.00000040,btc,1175842.89267507,0.0522358,0.1049851357943517,67
0.0,[],25,[],2019-07-01 17:29:09,0.0,0,0,7785048,2019-07-01 17:29:09,,0.0,0.0,0.0,btc,0.0,0.0,0.0,67
1,[],12,[],2019-06-02 06:23:14,910048.355,0.00000006,0.000000000005154929999999999,7725270,2019-06-02 06:23:14,btc,5.167005424215783,0.0,0.00000006,btc,738530.60239759,0.003159757462,0.0187188113,71
,[],5,[],2018-11-20 23:02:39,1.5e-07,0.00000005,0.000000000002128045,4862160,2018-11-20 23:02:39,btc,2.84511358,0.0,,btc,0.00036572,0.0,0.07381892,74
1,[],5,[],2019-07-01 17:29:11,0.0,0,0,7785049,2019-07-01 17:29:11,btc,0.0,0.00154997,0,btc,0.0,0.0,0.0,75
1,[],4,[],2019-06-04 03:25:15,715281.46076168,0.00000001,0.000000000000803619,7734085,2019-06-04 03:25:15,btc,581089.6218469425,0.0,0.00000001,btc,37692563.61091116,0.0,0.0071528146076168,81
0,[],20,[],2019-01-25 09:30:31,0.0,0,0,6495923,2019-01-25 09:30:31,btc,0.0,0.0,0,btc,0.0,0.0,0.0,81
1,[],4,[],2019-07-01 17:29:11,185269.80073146,0.00006106,0.000000006361975732,7785050,2019-07-01 17:29:11,btc,59.32859526835671,0.0,0.00006106,btc,130097.46740472,0.3307316,0.2358379531787644,82
1,[],21,[],2019-07-01 17:29:12,326780.45603073,0.00006982000000000000575553493753,0.0000000072746994040000005,7785051,2019-07-01 17:29:12,btc,4.435721704928733,3153.79393824,0.0000698200000000000057555349375348896501236595213413238525390625,btc,44914.6257768,0.21975192,3.5908853445099695,82
0,[],17,[],2019-03-25 22:42:34,0.0,0,0,7038780,2019-03-25 22:42:34,btc,0.0445064681804024,0.0,0,btc,995513.18476001,0.0,0.0,84
0.0000000001161485,[],4,[],2019-05-20 13:09:39,216715621.0206096,1.161485e-18,9.0533806701e-23,7657228,2019-05-20 13:09:39,ltc,1.6511566870244727,0.0,0.00000001,ltc,471032407.9048656,0.0,2.5171194308112273e-10,85
,[],22,[],2018-11-20 23:09:34,3408.1,0.0000001,0.0000000000041895,4862324,2018-11-20 23:09:34,BTC,0.04624735,0.0,,BTC,4990.0,0.0,0.00033081,86
1,[],22,[],2019-06-26 09:07:19,62694.0,0.00000005,0.0000000000063518149999999994,7766682,2019-06-26 09:07:19,BTC,1.85249053,0.0,0.00000005,BTC,287024.94736842107,0.0003,0.00062846,87
1,[],27,[],2019-06-26 09:07:25,361781.0,0.0000002,0.000000000025407259999999998,7766683,2019-06-26 09:07:25,btc,19.86923154858,99950.0,0.0000002,btc,548343.482,0.01999,0.01237888,87
,[],2,[],2018-11-20 23:10:47,0.0,0,0,4862359,2018-11-20 23:10:47,,0.0,0.0,,,0.0,0.0,0.0,88
1,[],11,[],2019-06-17 14:31:59,193715.3529613,0.000073310000000000001140094962881477158589405007660388946533203125,0.00000000681152534,7740147,2019-06-17 14:31:59,btc,168.35454702024953,5791.70569014,0.000073310000000000001140094962881477158589405007660388946533203125,btc,196971.41170107,0.0,1.1996165759440112,89
0,[],2,[],2019-01-20 23:31:45,0.0,0,0,6477083,2019-01-20 23:31:45,,0.0,0.0,0,,0.0,0.0,0.0,91
1,[],12,[],2019-07-01 17:29:13,398902.29719574,0.00000028,0.000000000029173816,7785052,2019-07-01 17:29:13,btc,122.14834615731782,0.0,0.00000028,btc,294056.97528392,0.000206403258,0.0262448129538389,91
1,[],22,[],2019-07-01 17:31:18,75900.0,0.00000001,0.000000000001041922,7785053,2019-07-01 17:31:18,BTC,0.495,0.0,0.00000001,"BTC,LTC",4.95,0.0,0.001659,91
0,[],17,[],2019-05-03 01:12:26,0.0,0,0,7559096,2019-05-03 01:12:26,btc,0.0,0.0,0,btc,0.0,0.0,0.0,91
1,[],22,[],2019-07-01 17:31:22,94060.0,0.00000002,0.000000000002083844,7785054,2019-07-01 17:31:22,BTC,11.46035284,0.0,0.00000002,"BTC,LTC",338761.4683191416,0.0,0.0662712,95
0.0000000001142103,[],4,[],2019-07-01 17:31:23,537835460.8799856,2.8552575e-17,2.974955604915e-21,7785055,2019-07-01 17:31:23,ltc,10.917322916146409,0.0,0.00000025,ltc,154105241.41553408,0.0,7.591070550993928e-10,96
0,[],12,[],2019-07-01 17:31:24,0.0,0,0,7785056,2019-07-01 17:31:24,btc,36.53971723649351,0.0,0,btc,9958981.649350641,0.0,0.0,96
0,[],17,[],2019-05-03 01:12:32,0.0,0,0,7559100,2019-05-03 01:12:32,btc,0.0,0.0,0,btc,0.0,0.0,0.0,96
1,[],4,[],2019-04-14 03:32:46,1039404.33283278,0.00000038,0.000000000019245518,7293458,2019-04-14 03:32:46,btc,4.170086055365747,0.0,0.00000038,btc,3097704.34561074,0.06260606,0.1859928211030784,99
1,[],4,[],2019-07-01 17:33:25,193834.51442053,0.00001412,0.000000001471193864,7785057,2019-07-01 17:33:25,btc,8.284030217928054,0.0,0.00001412,btc,167937.81099079,0.22318955,0.590457518228773,100
0,[],2,[],2019-01-20 23:23:55,0.0,0,0,6476914,2019-01-20 23:23:55,,0.0,0.0,0,,0.0,0.0,0.0,100
1,[],22,[],2019-06-05 06:30:35,150000.0,0.00000002,0.000000000001558192,7740007,2019-06-05 06:30:35,BTC,28.56386409,0.0,0.00000002,BTC,12787.719,0.0,0.0017,101
1,[],4,[],2019-07-01 17:33:26,530560.11070443,0.00000151,0.000000000157330222,7785058,2019-07-01 17:33:26,btc,882.6380323545729,0.0,0.00000151,btc,749602.04131106,0.01871393,0.0752953367691707,103
1,[],12,[],2019-06-17 14:32:14,179201505.10870332,0.000000005,0.00000000000046457,7740154,2019-06-17 14:32:14,btc,113577.79366343976,0.0,0.000000005,btc,79148141.67831126,0.019059029059,0.27280986350611003,105
1,[],27,[],2019-06-17 14:32:19,18306828.03496503,0.00000002,0.00000000000185828,7740155,2019-06-17 14:32:19,btc,180.7198218385489,1083.96503497,0.00000002,btc,276513.60142659,7.588e-05,0.3661365606993006,105
1,[],22,[],2019-04-21 00:17:26,21333.0,0.00000001,0.000000000000532493,7385819,2019-04-21 00:17:26,BTC,51.38182867,0.0,0.00000001,BTC,470435.0,0.0,0.00021333,107
1,[],26,[],2019-04-21 00:17:26,0.0,0.00000000,0,7385820,2019-04-21 00:17:26,btc,0.0,0.0,0.00000000,btc,0.0,0.0,0.0,107
1,[],5,[],2019-07-01 17:33:29,0.0,0,0,7785059,2019-07-01 17:33:29,btc,0.0,0.0,0,btc,0.0,0.0,0.0,112
0,[],22,[],2019-07-01 17:33:31,0.0,0,0,7785060,2019-07-01 17:33:31,,6.79500102,0.0,0,,3375892.0833333335,0.0,0.0,112
1,[],27,[],2019-07-01 17:33:39,1.0,0.00000001,0.000000000001041922,7785061,2019-07-01 17:33:39,btc,0.0,0.0,0.00000001,"btc,eth",0.0,0.0,1e-08,112
1,[],4,[],2019-07-01 17:33:40,931608.70119123,0.00000033,0.000000000034383425999999996,7785062,2019-07-01 17:33:40,btc,6.546384969738829,0.0,0.00000033,btc,1000048.52962066,0.00400568,0.0962263574759996,113
1,[],5,[],2019-07-01 17:33:42,0.0,0,0,7785063,2019-07-01 17:33:42,btc,0.0,0.00252136,0,btc,0.0,0.0,0.0,113
1,[],17,[],2019-04-26 02:17:47,162738.278,0.00000004,0.0000000000021069000000000002,7461287,2019-04-26 02:17:47,btc,1.3331140273775473,0.0,0.00000004,btc,51796.221,0.0,0.00230953112,116
1,[],27,[],2019-05-22 05:13:01,210000.0,0.00000001,0.00000000000079145,7666372,2019-05-22 05:13:01,btc,3919.0005001478,0.0,0.00000001,btc,128660.871,0.0,0.0021,116
1,[],4,[],2019-05-21 22:31:11,138169.03963019,0.00000701,0.000000000558364025,7664793,2019-05-21 22:31:11,btc,150.95388250938234,0.0,0.00000701,btc,344631.17141974,0.07552974,0.4288357684941946,120
1,[],7,[],2019-05-21 22:31:12,3901.07750076,0.000010679999999999999389654892212320191902108490467071533203125,0.0000000008506887,7664794,2019-05-21 22:31:12,btc,231188.94669936574,0.0,0.000010679999999999999389654892212320191902108490467071533203125,btc,4133.83151364,0.0,0.0113888422364489,120
1,[],20,[],2019-04-07 18:42:29,1914137.0852,0.000000035,0.0000000000017871910000000002,7211992,2019-04-07 18:42:29,btc,32.2497668025648,25528.85,0.000000035,btc,1001975.4986,0.00089350975,0.0152723574729,125
1,[],22,[],2019-06-17 14:32:38,10000.0,0.00000001,0.00000000000092914,7740161,2019-06-17 14:32:38,BTC,0.032061,0.0,0.00000001,BTC,299316.7611111111,0.0,0.0001,126
0,[],2,[],2019-01-20 23:25:46,0.0,0,0,6476969,2019-01-20 23:25:46,,0.0,0.0,0,,0.0,0.0,0.0,131
1,[],17,[],2019-05-03 01:13:10,10000.0,0.00000001,0.000000000000548003,7559115,2019-05-03 01:13:10,btc,0.0953976503951408,0.0,0.00000001,btc,5037.62507334,0.0,0.0001,131
1,[],4,[],2019-07-01 04:28:32,590754.62293327,0.00000338,0.000000000376936248,7782890,2019-07-01 04:28:32,btc,2.8525130367360445,0.0,0.00000338,btc,192252.70961539,0.09127328,0.5629290691005338,131
1,[],4,[],2019-06-17 14:32:42,4848.49465417,0.00007919,0.00000000735785966,7740163,2019-06-17 14:32:42,btc,0.9905723729472744,0.0,0.00007919,btc,202.13055914,0.0,0.0061509344290166,135
1,[],3,[],2019-06-05 06:33:11,40600.27748212,0.00000001,0.000000000000779096,7740019,2019-06-05 06:33:11,btc,0.2308097808993716,2146378.52189,0.00000001,btc,2477992.76904676,0.0,0.0004060027748212,136
1,[],4,[],2019-07-01 17:33:43,227121.99474951,0.00000134,0.00000000013961754799999999,7785064,2019-07-01 17:33:43,btc,112.55326699662433,0.0,0.00000134,btc,527002.11339911,0.0055268,0.1901099375886024,137
1,[],12,[],2019-07-01 17:33:44,66733.37224285,0.00000141999999999999995691814247411599581027985550463199615478515625,0.000000000147952924,7785065,2019-07-01 17:33:44,btc,57.9018352195416,0.0,0.00000141999999999999995691814247411599581027985550463199615478515625,btc,81858.41598678,0.002310544916,0.0135167499999496,137
1,[],4,[],2019-07-01 17:33:45,440735.66590437,0.00000871,0.000000000907514062,7785066,2019-07-01 17:33:45,btc,3.4337087439373346,0.0,0.00000871,btc,133765.66818806,0.07791013,0.3477897817424326,142
1,[],5,[],2019-07-01 17:33:47,0.0,0,0,7785067,2019-07-01 17:33:47,btc,0.0,0.00237036,0,btc,0.0,0.0,0.0,142
1,[],20,[],2019-07-01 17:35:49,112961.5914,0.000005948,0.0000000006197352056,7785068,2019-07-01 17:35:49,btc,1.5722847035409,66.3656,0.000005948,btc,10390.9333,0.0006724651498,0.0062536830902,142
1,[],22,[],2019-07-01 17:35:56,10820.0,0.00000600,0.0000000006251531999999999,7785069,2019-07-01 17:35:56,BTC,2.99759384,0.0,0.00000600,BTC,835.7198755539798,0.0,0.0053672,142
0.0,[],25,[],2019-07-01 17:35:58,0.0,0,0,7785070,2019-07-01 17:35:58,,0.0,0.0,0.0,btc,0.0,0.0,0.0,142
1,[],28,[],2019-07-01 17:36:01,76110.0,0.00001110,0.0000000011565334199999999,7785071,2019-07-01 17:36:01,btc,0.438587390411,3737.0,0.00001110,btc,1381.1951,0.0,0.0042182,142
1,[],17,[],2019-05-03 01:13:16,32967.38636364,0.00000088,0.000000000048224264,7559122,2019-05-03 01:13:16,btc,20.06976206696776,0.0,0.00000088,btc,2746.079105,0.0,0.0105613000000032,142
0,[],22,[],2019-07-01 17:36:04,0.0,0,0,7785072,2019-07-01 17:36:04,,67.34180998,0.0,0,,707007055.7744589,0.0,0.0,143
0,[],22,[],2019-02-25 15:42:22,0.0,0,0,6783783,2019-02-25 15:42:22,,4.2131946,0.0,0,,2322156.0,0.0,0.0,146
,[],22,[],2018-11-20 23:01:11,0.0,0,0,4862114,2018-11-20 23:01:11,,2.56807021,0.0,,,61828.4988236,0.0,0.0,147
1,[],12,[],2019-04-21 06:38:04,193091.5971266,0.00000071,0.000000000037635183,7388679,2019-04-21 06:38:04,btc,2.301232411611175,0.0,0.00000071,btc,9957.48302385,0.00023528,0.0313308199999888,148
1,[],4,[],2019-03-19 21:31:25,255810.0415942,0.00000029,0.000000000011615747,6982695,2019-03-19 21:31:25,btc,218.94922712414143,0.0,0.00000029,btc,793529.37642722,0.00117,0.0608347789473395,152
0,[],22,[],2019-03-19 21:31:27,0.0,0,0,6982696,2019-03-19 21:31:27,,0.0,0.0,0,,0.0,0.0,0.0,152
1,[],5,[],2019-04-26 09:36:59,0.0,0,0,7465040,2019-04-26 09:36:59,btc,0.0,0.0,0,btc,0.0,0.0,0.0,153
,[],16,[],2019-01-11 15:38:59,0.0,0,0,6366141,2019-01-11 15:38:59,btc,0.0,0.0,,btc,0.0,0.0,0.0,155
0,[],23,[],2019-01-20 23:24:29,0.0,0,0,6476932,2019-01-20 23:24:29,,0.0,0.0,0,,0.0,0.0,0.0,156
0,[],22,[],2019-06-04 06:02:09,0.0,0,0,7734688,2019-06-04 06:02:09,,7.43375324,0.0,0,,5955762.942592593,0.0,0.0,156
1,[],22,[],2019-07-01 17:36:08,6996.0,0.00000001,0.000000000001041922,7785073,2019-07-01 17:36:08,BTC,1.7543039,0.0,0.00000001,BTC,57.0,0.0,6.996e-05,157
0,[],22,[],2019-05-21 23:40:32,0.0,0,0,7665049,2019-05-21 23:40:32,,50234.60468402,0.0,0,,54786159.03179465,0.0,0.0,158
,[],17,[],2018-11-20 22:56:10,0.0,0,0,4861976,2018-11-20 22:56:10,btc,1.1265625,0.0,,btc,1000.0,0.0,0.0,159
,[],20,[],2018-11-20 22:56:12,0.0,0,0,4861977,2018-11-20 22:56:12,btc,11912.7940471,0.0,,btc,34413894.3617,0.0,0.0,159
1,[],12,[],2019-05-24 02:51:20,9178.522006449999,0.00000191999999999999982841307998027158276954651228152215480804443359375,0.000000000151222656,7676256,2019-05-24 02:51:20,btc,149.80414728631675,0.0,0.00000191999999999999982841307998027158276954651228152215480804443359375,btc,1115.7451448499999,0.01783167678326,0.0120075778999181,168
1,[],17,[],2019-05-03 01:13:36,42852.0,0.00000002,0.000000000001096006,7559132,2019-05-03 01:13:36,btc,0.04279856251542,0.0,0.00000002,btc,274.46171372,0.0,0.00052852,168
1,[],22,[],2019-05-17 03:01:52,10.0,0.00000001,0.000000000000778341,7642059,2019-05-17 03:01:52,BTC,41.95893009,0.0,0.00000001,BTC,1753972.7737547632,0.0,1e-07,169
1,[],22,[],2019-05-30 08:38:18,202834.0,0.00000002,0.0000000000017416160000000001,7711049,2019-05-30 08:38:18,BTC,27.87002826,0.0,0.00000002,BTC,462189.5410507793,0.0,0.00211768,171
1,[],22,[],2019-05-29 08:05:18,349870.0,0.00000002,0.000000000001705894,7705265,2019-05-29 08:05:18,BTC,24.05907723,0.0,0.00000002,"BTC,LTC",1224285.4355616204,0.0,0.0039847,173
1,[],5,[],2019-07-01 17:36:10,0.0,0,0,7785074,2019-07-01 17:36:10,btc,0.0,0.00260351,0,btc,0.0,0.0,0.0,175
1,[],22,[],2019-06-17 14:33:12,90671.0,0.00000001,0.00000000000092914,7740175,2019-06-17 14:33:12,BTC,394.35459412,0.0,0.00000001,BTC,136275.61833431243,0.0,0.00090671,176
1,[],7,[],2019-07-01 10:15:32,0.0,0,0,7783526,2019-07-01 10:15:32,btc,521516.2326888725,0.0,0,btc,26809253.73522063,0.0,0.0,178
1,[],22,[],2019-07-01 17:36:15,30.0,0.00000001,0.000000000001041922,7785075,2019-07-01 17:36:15,BTC,1.00242428,0.0,0.00000001,BTC,57512.0,0.0,3e-07,178
0,[],2,[],2019-01-20 23:28:34,0.0,0,0,6477001,2019-01-20 23:28:34,,0.0,0.0,0,,0.0,0.0,0.0,178
1,[],5,[],2019-07-01 17:36:16,0.0,0,0,7785076,2019-07-01 17:36:16,btc,0.0,0.0,0,btc,0.0,0.0,0.0,179
0,[],22,[],2019-07-01 17:36:19,0.0,0,0,7785077,2019-07-01 17:36:19,,9.36129742,0.0,0,,14660694.311946675,0.0,0.0,179
0,[],23,[],2019-01-20 23:25:08,0.0,0,0,6476952,2019-01-20 23:25:08,,0.0,0.0,0,,0.0,0.0,0.0,179
1,[],22,[],2019-07-01 16:57:28,709329.8877149877,0.00000037,0.000000000038693823,7784924,2019-07-01 16:57:28,BTC,40.64497293,0.0,0.00000037,"BTC,LTC",198397.311571008,0.00031685,0.5778202,180
1,[],26,[],2019-07-01 16:57:28,0.0,0.00000010,0.000000000010457790000000001,7784925,2019-07-01 16:57:28,btc,0.0,0.0,0.00000010,btc,0.0,0.0,0.0,180
1,[],17,[],2019-05-03 01:13:56,20504.725000000002,0.0000001,0.00000000000548003,7559141,2019-05-03 01:13:56,btc,5.2010695838400265,0.0,0.0000001,btc,5033.45945,0.0,0.0011504725,180
,[],7,[],2018-11-20 22:58:01,562227.975654,0.00000085,0.000000000036176765,4862015,2018-11-20 22:58:01,btc,21836.6059674,2491.87645172,,btc,749999.041456,0.00211021,0.127565380455,183
,[],5,[],2019-01-10 08:11:41,0.0,0,0,6347036,2019-01-10 08:11:41,btc,82.15055501,0.00261,,btc,1.19002445,0.0,0.0,187
,[],17,[],2018-11-16 20:58:10,4062536.27273,0.00000001,0.000000000000550501,4708775,2018-11-16 20:58:10,btc,3.36492563466,0.195460381006,,"btc,eth",110697919.549,0.0,0.0157628953496,187
1,[],24,[],2019-05-22 21:04:52,0.0,0.000000000014,0.0000000000000010960978,7670219,2019-05-22 21:04:52,btc,0.0,0.0,0.000000000014,btc,0.0,0.0,0.0,187
0,[],22,[],2019-04-25 02:54:07,0.0,0,0,7447896,2019-04-25 02:54:07,,7.54794454,0.0,0,,76361.7243344055,0.0,0.0,191
0,[],22,[],2019-06-17 14:33:34,0.0,0,0,7740182,2019-06-17 14:33:34,,0.0,0.0,0,,0.0,0.0,0.0,197
0,[],23,[],2019-01-20 23:31:41,0.0,0,0,6477079,2019-01-20 23:31:41,,0.0,0.0,0,,0.0,0.0,0.0,199
0,[],22,[],2019-07-01 17:38:28,0.0,0,0,7785080,2019-07-01 17:38:28,,10.58263174,0.0,0,,84280969.0,0.0,0.0,199
1,[],26,[],2019-07-01 17:38:28,0.0,0.00000000,0,7785081,2019-07-01 17:38:28,btc,0.0,0.0,0.00000000,btc,0.0,0.0,0.0,199
0,[],2,[],2019-01-20 23:30:49,0.0,0,0,6477059,2019-01-20 23:30:49,,0.0,0.0,0,,0.0,0.0,0.0,201
1,[],4,[],2019-01-25 15:51:35,2084389.58565343,0.00000936,0.000000000333526752,6499557,2019-01-25 15:51:35,btc,2.0092503037378524,0.0,0.00000936,btc,160195.80207885,0.19272417,1.242687955921835,211
1,[],7,[],2019-07-01 02:21:28,1170054124.6898527,0.00000018,0.000000000019815389999999997,7782694,2019-07-01 02:21:28,btc,1346735.6331920293,0.0,0.00000018,btc,5516233.71348162,0.0,11.954344045954047,212
1,[],12,[],2019-01-25 02:44:32,207462.42853209,0.000001080000000000000035831255497387193287295303889550268650054931640625,0.000000000038610756000000006,6493050,2019-01-25 02:44:32,btc,85023.03793723314,0.0,0.000001080000000000000035831255497387193287295303889550268650054931640625,btc,43675.73520027,0.000146250909087,0.0348620860622024,213
1,[],5,[],2019-05-30 00:07:46,0.0,0,0,7709357,2019-05-30 00:07:46,btc,0.0,0.06425239,0,btc,0.0,0.0,0.0,213
1,[],24,[],2019-05-30 00:07:46,0.0,0.000000399202,0.0000000000344859829346,7709358,2019-05-30 00:07:46,btc,0.0,0.0,0.000000399202,btc,0.0,0.0,0.0,213
1,[],26,[],2019-05-30 00:07:47,0.0,0.00000040,0.000000000034554919999999996,7709359,2019-05-30 00:07:47,btc,0.0,0.0,0.00000040,btc,0.0,0.0,0.0,213
0,[],22,[],2019-07-01 17:38:33,0.0,0,0,7785082,2019-07-01 17:38:33,,9.54523049,0.0,0,,3658586.2040649247,0.0,0.0,216
0,[],27,[],2019-07-01 17:38:41,0.0,0,0,7785083,2019-07-01 17:38:41,,1998.8144141893977,0.0,0,"btc,ltc",545678.29534794,0.0,0.0,216
1,[],22,[],2019-07-01 17:38:44,1028217.0086580086,0.00000022,0.000000000022922284,7785084,2019-07-01 17:38:44,BTC,12055.86515239,0.0,0.00000022,BTC,589575.9178421671,0.00104198,0.04750264,217
0,[],27,[],2019-07-01 17:38:50,0.0,0,0,7785085,2019-07-01 17:38:50,,250.21442758069674,0.0,0,btc,146772.535837,0.0,0.0,219
1,[],7,[],2019-06-27 19:02:35,0.0,0,0,7772298,2019-06-27 19:02:35,btc,2123800.2774640615,0.0,0,btc,82333746.4752352,0.0,0.0,219
0.00000000000000298,[],28,[],2019-07-01 16:58:03,3312820234.054,6.72884e-19,7.03687956636e-23,7784932,2019-07-01 16:58:03,doge,125846.04510800431,6970.0,0.00022580,"btc,doge",120666781.230909,0.0,2.610743910300868e-11,219
0,[],22,[],2019-06-26 23:36:41,0.0,0,0,7769178,2019-06-26 23:36:41,,56.75439223,0.0,0,,184664.6482738741,0.0,0.0,221
1,[],24,[],2019-06-26 23:36:41,0.0,0.000000030000,0.000000000003835668,7769179,2019-06-26 23:36:41,btc,0.0,0.0,0.000000030000,btc,0.0,0.0,0.0,221
1,[],20,[],2019-06-17 14:34:11,26882155.8301,0.000000003,0.000000000000278742,7740192,2019-06-17 14:34:11,btc,100050.81956632523,233521.3529,0.000000003,btc,38769742.8604,0.0007925640587,0.0306863532672,224
0,[],22,[],2019-06-17 14:34:13,0.0,0,0,7740193,2019-06-17 14:34:13,,0.0,0.0,0,,0.0,0.0,0.0,224
1,[],26,[],2019-07-01 17:38:53,0.0,0.00000022,0.000000000022922284,7785087,2019-07-01 17:38:53,btc,0.0,0.0,0.00000022,btc,0.0,0.0,0.0,231
1,[],26,[],2019-07-01 17:38:53,0.0,0.00000005,0.00000000000520961,7785088,2019-07-01 17:38:53,btc,0.0,0.0,0.00000005,btc,0.0,0.0,0.0,234
0.0000000002758997,[],27,[],2019-07-01 17:39:00,100.0,2.758997e-18,2.8746596722339996e-22,7785089,2019-07-01 17:39:00,eth,0.0,0.0,0.00000001,"btc,eth",0.0,0.0,2.758997e-16,234
1,[],4,[],2019-05-22 17:06:12,91780.56053785,0.00000078,0.000000000061977552,7669277,2019-05-22 17:06:12,btc,5.573372450018177,0.0,0.00000078,btc,729173.93529783,0.0,0.0307060663355679,236
1,[],24,[],2019-05-22 17:06:12,0.0,0.000000010000,0.000000000000794584,7669278,2019-05-22 17:06:12,btc,0.0,0.0,0.000000010000,btc,0.0,0.0,0.0,236
1,[],5,[],2019-07-01 17:39:01,0.0,0,0,7785090,2019-07-01 17:39:01,btc,0.0,0.54710568,0,btc,0.0,0.0,0.0,237
1,[],20,[],2019-07-01 17:39:04,128996686.0686,0.00000006,0.000000000006251532,7785091,2019-07-01 17:39:04,btc,548.8900311219573,6625639.8478,0.00000006,btc,43066538.8144,0.4173940710053,0.8747538201349,237
1,[],22,[],2019-07-01 17:39:08,2151312.0,0.00000005,0.00000000000520961,7785092,2019-07-01 17:39:08,BTC,1.20112178,0.0,0.00000005,"BTC,LTC",14506.148717948718,0.0,0.02994441,237
1,[],4,[],2019-07-01 17:39:09,25051506.7258768,0.00000005,0.00000000000520961,7785093,2019-07-01 17:39:09,btc,2.8643466063910217,0.0,0.00000005,btc,14132245.96563403,0.1211111,0.4110342804438394,238
1,[],5,[],2019-07-01 17:39:10,0.0,0,0,7785094,2019-07-01 17:39:10,btc,0.0,0.01316098,0,btc,0.0,0.0,0.0,238
0,[],22,[],2019-03-12 16:49:32,0.0,0,0,6914458,2019-03-12 16:49:32,,0.40415746,0.0,0,,526736.5639027493,0.0,0.0,249
0,[],22,[],2019-05-28 23:53:45,0.0,0,0,7703643,2019-05-28 23:53:45,,13.44714864,0.0,0,,43777534.3426455,0.0,0.0,252
1,[],28,[],2019-07-01 17:39:12,1008604.859,0.00000005,0.00000000000520961,7785095,2019-07-01 17:39:12,btc,3.68114922008,124402.32,0.00000005,btc,5070120.1534,0.0,0.03224743795,256
1,[],22,[],2019-07-01 17:39:17,496444.0,0.00000001,0.000000000001041922,7785096,2019-07-01 17:39:17,BTC,31471.48537874,0.0,0.00000001,"BTC,LTC",1164536.0289488921,5.1e-05,0.00736444,258
1,[],22,[],2019-05-19 18:12:02,400.0,0.00000001,0.0000000000007957800000000001,7653905,2019-05-19 18:12:02,BTC,2.415167,0.0,0.00000001,BTC,157.0,0.0,4e-06,259
1,[],5,[],2019-07-01 17:39:19,0.0,0,0,7785097,2019-07-01 17:39:19,btc,0.0,0.02256662,0,btc,0.0,0.0,0.0,264
1,[],20,[],2019-07-01 17:39:21,953125.8837,0.000000178,0.0000000000185462116,7785098,2019-07-01 17:39:21,btc,1.1507523995024,7431.6739,0.000000178,btc,65015.5225,0.0023003325972,0.0049263259113,264
0,[],22,[],2019-04-12 17:57:27,0.0,0,0,7278186,2019-04-12 17:57:27,,66.37522201,0.0,0,,677842.4169881374,0.0,0.0,271
0,[],22,[],2019-07-01 17:39:23,0.0,0,0,7785099,2019-07-01 17:39:23,,33050469.74148113,0.0,0,,14261527780.7,0.0,0.0,272
0.000000000000003008,[],28,[],2019-07-01 17:39:25,382202470196.487,4.512e-22,4.701152064e-26,7785100,2019-07-01 17:39:25,doge,282734983.41493136,7399748696.6628,0.00000015,doge,317153114653.3654,0.0,8.742508462849273e-11,272
1,[],22,[],2019-05-23 07:12:29,219930.0,0.00000004,0.000000000003048688,7671985,2019-05-23 07:12:29,BTC,426.77835217,0.0,0.00000004,BTC,248664.3325962929,0.0,0.00739728,281
1,[],22,[],2019-07-01 17:39:30,355402.9,0.00000001,0.000000000001041922,7785101,2019-07-01 17:39:30,BTC,7.87683256,0.0,0.00000001,"BTC,LTC",1313026.297623037,2.008000011466714e-05,0.00575173,286
0,[],22,[],2019-06-17 14:34:53,0.0,0,0,7740207,2019-06-17 14:34:53,,7337915.80475575,0.0,0,,2078527309.6797826,0.0,0.0,294
