pairValue,buyBook,exchangeId,sellBook,updated,buyTotal,satoshiPrice,usdPrice,exchangeLogId,created,bestPair,sellTotalBtc,volume,pairPrice,activePairs,sellTotal,volumeBtc,buyTotalBtc,coinId
1,[],3,[],2019-05-30 06:38:19,29.456007000616,0.01083286999999999965227370779530247091315686702728271484375,0.000000945905625947,7710541,2019-05-30 06:38:19,btc,0.14155371600789368,45.8795143383,0.01083286999999999965227370779530247091315686702728271484375,btc,12.424878133446,0.0,0.2476654937968122,1
1,[],4,[],2019-05-30 06:38:20,207681.29734078,0.01085600,0.0000009479252935999999,7710542,2019-05-30 06:38:20,btc,7.743261507147099,0.0,0.01085600,btc,310.0295172,1.25690504,0.5992106824150161,1
1,[],5,[],2019-05-30 06:38:22,0.0,0,0,7710543,2019-05-30 06:38:22,btc,0.0,0.00495881,0,btc,0.0,0.0,0.0,1
1,[],10,[],2019-05-30 06:38:27,312365.34351896,0.00655,0.000000571933555,7710544,2019-05-30 06:38:27,btc,6521.23223895304,1114.2254398,0.00655,btc,1323.57358959,0.0,2.289729648620159,1
1,[],12,[],2019-05-30 06:38:30,72.50656353,0.0108199999999999997568611576070907176472246646881103515625,0.0000009447818419999999,7710545,2019-05-30 06:38:30,btc,0.1659950197394,0.0,0.0108199999999999997568611576070907176472246646881103515625,btc,14.46304452,0.082971423656,0.2393712625123,1
1,[],20,[],2019-05-30 06:38:32,973.233,0.00920071,0.000000803388515851,7710546,2019-05-30 06:38:32,btc,0.2240571691153,26.013,0.00920071,btc,17.3679,0.266439956668,0.1064054630177,1
1,[],21,[],2019-05-30 06:38:32,2343.68519025,0.01088162999999999977496223380,0.000000950163256503,7710547,2019-05-30 06:38:32,btc,12.015881844099223,6148.89356511,0.0108816299999999997749622338005792698822915554046630859375,"btc,eth",1436.21449595,62.562129315799915,21.94862942527634,1
1,[],22,[],2019-05-30 06:38:36,0.0025666666666666667,0.00900000,0.0000007858629,7710548,2019-05-30 06:38:36,BTC,0.31629903,0.0,0.00900000,BTC,0.2505752479991019,0.0,2.31e-05,1
1,[],24,[],2019-05-30 06:38:37,0.0,0.000000000000,0,7710549,2019-05-30 06:38:37,btc,0.0,0.0,0.000000000000,btc,0.0,0.0,0.0,1
0.0,[],25,[],2019-05-30 06:38:38,0.0,0,0,7710550,2019-05-30 06:38:38,btc,45.24999999843145,7822.79215739,0.0,btc,4025.49768273,85.996,0.0,1
1,[],26,[],2019-05-30 06:38:39,0.0,0,0,7710551,2019-05-30 06:38:39,,0.0,0.0,0,,0.0,0.0,0.0,1
0,[],28,[],2019-05-30 06:39:34,0.0,0,0,7710552,2019-05-30 06:39:34,,0.0,353228.55,0,,0.0,0.0,0.0,1
0,[],2,[],2019-01-20 23:28:45,0.0,0,0,6477011,2019-01-20 23:28:45,,0.0,0.0,0,,0.0,0.0,0.0,1
1,[],5,[],2019-05-30 06:39:36,0.0,0,0,7710553,2019-05-30 06:39:36,btc,0.0,0.02534949,0,btc,0.0,0.0,0.0,2
1,[],22,[],2019-05-30 06:39:40,11638.0,0.0000002,0.00000000001746362,7710554,2019-05-30 06:39:40,BTC,21.00897301,0.0,0.0000002,"BTC,XMR",20678.87287795317,0.0,0.00145435,2
1,[],5,[],2019-05-30 06:39:41,0.0,0,0,7710555,2019-05-30 06:39:41,btc,0.0,0.05075322,0,btc,0.0,0.0,0.0,3
1,[],12,[],2019-05-30 06:39:42,1060795.23074,0.0000001,0.00000000000873181,7710556,2019-05-30 06:39:42,btc,169516.76183330163,0.0,0.0000001,btc,4707821.53126104,0.294562696648,0.060964482493999994,3
0,[],28,[],2019-05-30 06:39:44,0.0,0,0,7710557,2019-05-30 06:39:44,,0.0,0.0,0,,0.0,0.0,0.0,3
0,[],2,[],2019-01-20 23:31:32,0.0,0,0,6477077,2019-01-20 23:31:32,,0.0,0.0,0,,0.0,0.0,0.0,4
1,[],4,[],2019-05-18 21:29:50,562734.9206932,0.00000010,0.000000000007298720000000001,7650946,2019-05-18 21:29:50,btc,41.9347137769675,0.0,0.00000010,btc,1123702.32192634,0.00052462,0.029254593370966,4
0,[],12,[],2019-05-30 06:39:45,0.0,0,0,7710558,2019-05-30 06:39:45,btc,625.871451684995,0.0,0,btc,1111653.4995005,0.0,0.0,5
0,[],2,[],2019-01-20 23:31:51,0.0,0,0,6477087,2019-01-20 23:31:51,,0.0,0.0,0,,0.0,0.0,0.0,6
1,[],11,[],2019-05-30 06:39:47,14049382.776736,0.00000002,0.000000000001746362,7710559,2019-05-30 06:39:47,btc,9582.920201082945,209754.0,0.00000002,btc,68449772.46260394,0.0,0.23653280276736,6
1,[],3,[],2019-05-30 06:39:48,11448.51286408379,0.0000888800000000000028389790518446034184307791292667388916015625,0.000000007760832728,7710560,2019-05-30 06:39:48,btc,0.2724285678688003,176.533509258,0.0000888800000000000028389790518446034184307791292667388916015625,btc,272.22630203111,0.0,0.023758169440328384,7
1,[],4,[],2019-05-30 06:39:48,328635.75740242,0.00009480,0.00000000827775588,7710561,2019-05-30 06:39:48,btc,8.967204115139278,0.0,0.00009480,btc,52343.62168318,2.57490297,2.3457056926216233,7
1,[],5,[],2019-05-30 06:39:49,0.0,0,0,7710562,2019-05-30 06:39:49,btc,0.0,0.49678783,0,btc,0.0,0.0,0.0,7
1,[],20,[],2019-04-07 22:06:50,3201475.0482,0.000000001,0.000000000000051590000000000004,7213932,2019-04-07 22:06:50,btc,30.8005781811902,0.0,0.000000001,btc,23077405.3926,0.0,0.0032014750482,8
0,[],2,[],2019-01-20 23:22:42,0.0,0,0,6476876,2019-01-20 23:22:42,,0.0,0.0,0,,0.0,0.0,0.0,9
0,[],23,[],2019-01-20 23:22:48,0.0,0,0,6476878,2019-01-20 23:22:48,,0.0,0.0,0,,0.0,0.0,0.0,9
1,[],4,[],2019-05-30 06:39:52,20949287.42884858,0.00000051,0.000000000044532230999999996,7710563,2019-05-30 06:39:52,btc,3.88254333252953,0.0,0.00000051,btc,3364496.85315865,0.33368791,0.5435113346202688,9
0,[],28,[],2019-05-30 06:40:45,0.0,0,0,7710564,2019-05-30 06:40:45,,0.0,3580612.0,0,,0.0,0.0,0.0,9
1,[],1,[],2019-02-17 23:31:42,1822507.21,0.00000181000000000000003456111265232042484285557293333113193511962890625,0.000000000066086901,6701244,2019-02-17 23:31:42,btc,3.6990969245,17153386.5,0.00000181000000000000003456111265232042484285557293333113193511962890625,btc,1997391.71,31.11772986,3.2610482446,9
1,[],4,[],2019-02-17 11:22:43,4341674.27126056,0.00000002,0.0000000000007272960000000001,6696112,2019-02-17 11:22:43,btc,0.1997230937751353,0.0,0.00000002,btc,4109766.79808031,0.00215132,0.0479381022052112,10
0,[],2,[],2019-01-20 23:23:08,0.0,0,0,6476890,2019-01-20 23:23:08,,0.0,0.0,0,,0.0,0.0,0.0,12
1,[],4,[],2019-05-30 06:40:45,7137065.84808229,0.00000046,0.000000000040166326,7710565,2019-05-30 06:40:45,btc,4.690953669599191,0.0,0.00000046,btc,4856809.60374757,1.038741,1.085376338064672,12
1,[],5,[],2019-05-30 06:40:47,0.0,0,0,7710566,2019-05-30 06:40:47,btc,0.0,0.06670318,0,btc,0.0,0.0,0.0,12
0.0,[],25,[],2019-05-30 06:40:48,0.0,0,0,7710567,2019-05-30 06:40:48,,0.0,0.0,0.0,btc,0.0,0.0,0.0,12
1,[],4,[],2019-05-30 06:40:49,335455.78875553,0.00000555,0.0000000004846154549999999,7710568,2019-05-30 06:40:49,btc,1.8524835001067812,0.0,0.00000555,btc,240607.02450058,0.79908142,0.4837674621432977,13
1,[],10,[],2019-05-30 06:40:52,650413.98328518,0.00000538,0.000000000469771378,7710569,2019-05-30 06:40:52,btc,666803.3323025703,27936.8962418,0.00000538,btc,870664.1237944,0.0,0.2224780764172507,13
1,[],21,[],2019-05-30 06:40:53,1850570.42403496,0.000005589999999999999842333151673,0.000000000488108179,7710570,2019-05-30 06:40:53,btc,2.6881613205255355,730989.54931226,0.0000055899999999999998423331516728129741977681987918913364410400390625,btc,416923.3682349,4.12440138,7.568977457268246,13
1,[],4,[],2019-05-30 06:40:54,858881.58931908,0.00000078,0.000000000068108118,7710571,2019-05-30 06:40:54,btc,4.077362174042851,0.0,0.00000078,btc,793673.66835695,0.01382173,0.0438223987549683,14
1,[],12,[],2019-05-30 06:40:54,134572.72293165,0.00000075,0.000000000065488575,7710572,2019-05-30 06:40:54,btc,14.134688827541398,0.0,0.00000075,btc,21650.79261605,0.000423771119,0.0151493299999595,14
1,[],26,[],2019-05-30 06:42:54,0.0,0.00000050,0.000000000043659049999999995,7710573,2019-05-30 06:42:54,btc,0.0,0.0,0.00000050,btc,0.0,0.0,0.0,14
0,[],17,[],2019-05-03 00:53:32,0.0,0,0,7558876,2019-05-03 00:53:32,btc,0.0,0.0,0,btc,0.0,0.0,0.0,14
0,[],4,[],2019-05-30 06:42:55,0.0,0,0,7710574,2019-05-30 06:42:55,,0.0,0.0,0,,0.0,0.0,0.0,15
,[],12,[],2018-12-01 15:15:48,204241.84496,0.00000489,0.000000000202473384,5260204,2018-12-01 15:15:48,btc,49.5475654835,0.0,,btc,35763.2193806,0.0163153972027625,0.0203389899998,15
0,[],2,[],2019-01-20 23:23:38,0.0,0,0,6476906,2019-01-20 23:23:38,,0.0,0.0,0,,0.0,0.0,0.0,18
1,[],4,[],2019-05-30 06:42:57,35208.35902818,0.00001190,0.00000000103908539,7710575,2019-05-30 06:42:57,btc,0.9616990907348093,0.0,0.00001190,btc,10221.37222077,0.04972121,0.0925832005272534,18
1,[],10,[],2019-05-30 06:42:59,494650.65722152,0.00001235,0.000000001078378535,7710576,2019-05-30 06:42:59,btc,15.338539945767062,1872.27026694,0.00001235,btc,13129.32035973,0.0,0.1292087397687902,18
1,[],12,[],2019-05-30 06:43:00,3368.4553882,0.000012119999999999999155085583790736336595728062093257904052734375,0.0000000010582953719999999,7710577,2019-05-30 06:43:00,btc,0.3965029936586872,0.0,0.000012119999999999999155085583790736336595728062093257904052734375,btc,1085.90221603,0.003116521381,0.0136612277336535,18
0,[],17,[],2019-05-03 00:53:39,0.0,0,0,7558882,2019-05-03 00:53:39,btc,0.0,0.0,0,btc,0.0,0.0,0.0,18
1,[],3,[],2019-05-30 06:45:01,147087.27975964907,0.00000252999999999999991727645844152849718966535874642431735992431640625,0.00000000022091479299999998,7710578,2019-05-30 06:45:01,btc,0.3570791969230307,3802.61204435,0.00000252999999999999991727645844152849718966535874642431735992431640625,btc,6066.852543465906,0.0,0.043745410899976,19
1,[],4,[],2019-05-30 06:45:01,514826.30636654,0.00000803,0.000000000701164343,7710579,2019-05-30 06:45:01,btc,3.5918499311978467,0.0,0.00000803,btc,167613.51551398,0.49835709,0.4227416167305321,19
1,[],5,[],2019-05-30 06:45:03,0.0,0,0,7710580,2019-05-30 06:45:03,btc,0.0,0.01246359,0,btc,0.0,0.0,0.0,19
1,[],12,[],2019-05-30 06:45:04,15161.42774321,0.00000711999999999999959310326147488012793473899364471435546875,0.0000000006217048719999999,7710581,2019-05-30 06:45:04,btc,0.0587183447275538,0.0,0.00000711999999999999959310326147488012793473899364471435546875,btc,1927.18082631,0.0004984,0.0274987599994991,19
0,[],27,[],2019-05-30 06:45:21,0.0,0,0,7710582,2019-05-30 06:45:21,,0.0,0.0,0,btc,0.0,0.0,0.0,19
0,[],2,[],2019-01-20 23:24:19,0.0,0,0,6476924,2019-01-20 23:24:19,,0.0,0.0,0,,0.0,0.0,0.0,19
1,[],4,[],2019-05-30 06:45:22,10062076.88478525,0.00000007,0.000000000006112267,7710583,2019-05-30 06:45:22,btc,6.411239436602338,0.0,0.00000007,btc,2322306.93095912,0.0,0.1174938176872809,20
1,[],4,[],2019-05-30 06:45:24,72092660.2473748,0.00000001,0.000000000000873181,7710584,2019-05-30 06:45:24,btc,1738.9048867371803,0.0,0.00000001,btc,67086502.01973631,0.0,0.7209266024737481,21
1,[],12,[],2019-05-30 06:45:25,2397851.0,0.00000001,0.000000000000873181,7710585,2019-05-30 06:45:25,btc,1010.9711713328372,0.0,0.00000001,btc,5961673.6413586205,0.00033585,0.02397851,21
0,[],17,[],2019-05-03 00:53:51,0.0,0,0,7558891,2019-05-03 00:53:51,btc,0.0,0.0,0,btc,0.0,0.0,0.0,21
1,[],12,[],2019-05-30 06:47:27,5566311756.0,0.0000000003,0.000000000000026195429999999997,7710586,2019-05-30 06:47:27,btc,708410091.3672763,0.0,0.0000000003,btc,3027108863.6573424,0.112573620182,1.2001347307,23
0.00000000032442569999999996,[],27,[],2019-05-30 06:47:32,128508751.72788174,9.732771e-18,8.498470714551e-22,7710587,2019-05-30 06:47:32,eth,1177.0381015874,258334522.21699777,0.00000003,eth,41520897.474,3.3524143286048727e-09,9.57221146111754e-10,23
1,[],4,[],2019-05-30 06:47:32,1892202.04224621,0.00000018,0.000000000015717258,7710588,2019-05-30 06:47:32,btc,13.311525269386921,0.0,0.00000018,btc,2104283.65057259,0.01359255,0.0680993619360502,24
1,[],22,[],2019-05-30 06:47:35,21.76,0.00000100,0.00000000008731809999999999,7710589,2019-05-30 06:47:35,BTC,7.415e-05,0.0,0.00000100,BTC,23.919354838709676,0.0,1.186e-05,24
0.0,[],25,[],2019-05-30 06:47:36,0.0,0,0,7710590,2019-05-30 06:47:36,,0.0,0.0,0.0,btc,0.0,0.0,0.0,24
1,[],4,[],2019-05-30 06:47:37,7639581.14619667,0.00000460,0.00000000040166326,7710591,2019-05-30 06:47:37,btc,14.997838879507901,0.0,0.00000460,btc,253109.03287726,0.29802122,0.2661260933245979,26
1,[],10,[],2019-05-30 06:47:40,149276.94076884,0.00000582,0.000000000508191342,7710592,2019-05-30 06:47:40,btc,25.583146851093005,4071.42323175,0.00000582,btc,22941.60163711,0.0,0.0346960553741216,26
0,[],2,[],2019-01-20 23:25:56,0.0,0,0,6476976,2019-01-20 23:25:56,,0.0,0.0,0,,0.0,0.0,0.0,26
1,[],5,[],2019-04-26 09:47:06,0.0,0,0,7465326,2019-04-26 09:47:06,btc,0.0,0.0,0,btc,0.0,0.0,0.0,27
1,[],3,[],2019-05-30 06:47:41,22445890.0,0.00000001,0.000000000000873181,7710593,2019-05-30 06:47:41,btc,3.6506225921622852,15809654.3837,0.00000001,btc,22307758.26606715,0.0,0.22445890000000002,27
1,[],11,[],2019-05-30 06:47:42,1070969.08157834,0.00000002,0.000000000001746362,7710594,2019-05-30 06:47:42,btc,67503.02945665807,19676.5543251,0.00000002,btc,6590405.9414731,0.0,0.0107207058157834,27
1,[],4,[],2019-05-30 06:47:44,1105207201.2374902,0.00000001,0.000000000000873181,7710595,2019-05-30 06:47:44,btc,4.86091062562524,0.0,0.00000001,"btc,ltc",287447673.3915413,0.38202736,7.333637424086627,29
1,[],7,[],2019-05-30 06:47:46,85534659.40740813,0.00000001,0.000000000000873181,7710596,2019-05-30 06:47:46,btc,46548272.1104508,0.0,0.00000001,btc,35005880.84028096,0.0,0.8553465940740813,29
1,[],4,[],2019-05-30 06:47:47,15312729.61768213,0.00000006,0.000000000005239086,7710597,2019-05-30 06:47:47,btc,2.7068190303212707,0.0,0.00000006,btc,2102648.09973194,0.00194769,0.1713519591165775,30
0,[],17,[],2019-05-03 01:11:25,0.0,0,0,7559066,2019-05-03 01:11:25,btc,0.0,0.0,0,btc,0.0,0.0,0.0,30
1,[],4,[],2019-05-30 06:49:49,141289.67064106,0.00004278,0.000000003735468318,7710598,2019-05-30 06:49:49,btc,3.6767262493466784,0.0,0.00004278,btc,47592.86876956,0.52701575,0.588042912965702,31
1,[],21,[],2019-05-30 06:49:50,61114.44363172,0.00004241000000000000222074095224,0.000000003703160621,7710599,2019-05-30 06:49:50,btc,4.7421522410177745,169911.62101288,0.0000424100000000000022207409522412291380533133633434772491455078125,btc,97202.63194229,7.5208284,2.354843081805655,31
0,[],2,[],2019-01-20 23:28:43,0.0,0,0,6477009,2019-01-20 23:28:43,,0.0,0.0,0,,0.0,0.0,0.0,32
0,[],4,[],2019-05-30 06:49:51,0.0,0,0,7710600,2019-05-30 06:49:51,,0.0,0.0,0,,0.0,0.0,0.0,33
1,[],12,[],2019-03-30 07:55:10,40641173.964,0.00000003,0.000000000001228359,7108785,2019-03-30 07:55:10,btc,4233210.82356125,0.0,0.00000003,btc,28378394.68333462,0.0126927883965248,0.90752895892,33
0.00000000013444269999999998,[],4,[],2019-05-30 06:49:52,510968892.5746273,2.8232966999999997e-17,2.4652490358027e-21,7710601,2019-05-30 06:49:52,ltc,3.512393895063244,0.0,0.00000021,ltc,154530047.776859,0.0,2.1047621398794935e-09,34
1,[],5,[],2019-05-30 06:49:53,0.0,0,0,7710602,2019-05-30 06:49:53,btc,0.0,0.0,0,btc,0.0,0.0,0.0,34
0.0000000002926451,[],17,[],2019-05-02 18:17:47,200000.0,2.9264510000000002e-18,1.596703856561e-22,7556430,2019-05-02 18:17:47,eth,0.20942468735267253,0.0,0.00000001,"btc,eth",1018272.20243647,0.0,5.852902e-13,36
0.00000000013444269999999998,[],4,[],2019-05-30 06:49:54,59384001.42676589,1.344427e-18,1.173928112287e-22,7710603,2019-05-30 06:49:54,ltc,5.1414369164794927e-08,0.0,0.00000001,ltc,7087906061.087266,0.0,7.983745488618259e-11,36
1,[],5,[],2019-05-30 06:49:56,0.0,0,0,7710604,2019-05-30 06:49:56,btc,0.0,0.0,0,btc,0.0,0.0,0.0,36
0.00000000032442569999999996,[],27,[],2019-05-30 06:52:01,11879411.226876,9.732771e-18,8.498470714551e-22,7710605,2019-05-30 06:52:01,eth,1581.3765019850987,460058265.77312404,0.00000003,"ltc,eth",5932624.2511555,2.751129272910251e-09,4.5032033212547214e-11,36
1,[],4,[],2019-05-30 06:52:01,9962034.4438194,0.00000018,0.000000000015717258,7710606,2019-05-30 06:52:01,btc,19772.53850766184,0.0,0.00000018,btc,722622.50751044,0.01900979,0.1388079792569666,37
1,[],12,[],2019-05-30 06:52:03,3770189.36528572,0.00000019,0.000000000016590439,7710607,2019-05-30 06:52:03,btc,8.378813068404337,0.0,0.00000019,btc,976329.02325206,0.010788860074,0.1830319761442866,37
1,[],27,[],2019-05-30 06:54:09,6187.0,0.00000016,0.000000000013970896,7710608,2019-05-30 06:54:09,btc,24.11463822903233,0.0,0.00000016,btc,5792.59438508,0.0,0.00076392,37
1,[],17,[],2019-05-03 01:11:36,211752.74075282,0.00000025,0.000000000013700074999999998,7559074,2019-05-03 01:11:36,btc,0.055484923955058496,0.0,0.00000025,"btc,eth",1387.19918473,0.0,0.0005381851887916605,37
1,[],5,[],2019-05-30 06:54:11,0.0,0,0,7710609,2019-05-30 06:54:11,btc,0.0,0.12275303,0,btc,0.0,0.0,0.0,42
1,[],12,[],2019-05-30 06:54:12,150555.4334044,0.00000097,0.000000000084698557,7710610,2019-05-30 06:54:12,btc,24.762395580262577,0.0,0.00000097,btc,72012.51105406,0.003046337146,0.0604197099999486,42
1,[],27,[],2019-05-30 06:54:21,506.0,0.00000002,0.000000000001746362,7710611,2019-05-30 06:54:21,btc,0.39085425,0.0,0.00000002,"btc,eth",735.0,0.0,6.00000034084164e-06,42
1,[],12,[],2019-03-13 09:13:29,1112112.0,0.00000001,0.000000000000386531,6919902,2019-03-13 09:13:29,btc,29058.00478931866,0.0,0.00000001,btc,5967681.93306694,9.99000999e-07,0.01112112,43
1,[],5,[],2019-04-26 22:38:52,0.0,0,0,7474154,2019-04-26 22:38:52,btc,0.0,0.02638891,0,btc,0.0,0.0,0.0,43
0,[],17,[],2019-04-26 22:38:53,0.0,0,0,7474155,2019-04-26 22:38:53,btc,0.0,0.0,0,btc,0.0,0.0,0.0,43
1,[],12,[],2019-03-05 01:54:08,639326.02,0.00000004,0.000000000001486676,6845775,2019-03-05 01:54:08,btc,11116042.728239931,0.0,0.00000004,btc,1103841.4595604,0.0003330765234764,0.014975410599999999,44
1,[],4,[],2019-05-30 06:54:21,115381921.17891559,0.00000001,0.000000000000873181,7710612,2019-05-30 06:54:21,btc,291324.21927306533,0.0,0.00000001,"btc,ltc",27179164.23224099,0.00059752,0.07859584775561797,49
0.00000000013444269999999998,[],4,[],2019-05-30 06:54:22,174705148.04307222,4.1677237e-17,3.6391771480897e-21,7710613,2019-05-30 06:54:22,ltc,22049.973371101678,0.0,0.00000031,ltc,159886180.64757714,0.0,1.3288065882380236e-09,52
0,[],22,[],2019-05-30 06:54:25,0.0,0,0,7710614,2019-05-30 06:54:25,,10289.55991011,0.0,0,,308568058.4566013,0.0,0.0,57
1,[],27,[],2019-05-30 06:54:32,2297.0,0.0000003,0.00000000002619543,7710615,2019-05-30 06:54:32,btc,0.0,0.0,0.0000003,"btc,eth",0.0,0.0,0.0003891,57
0.00000000013444269999999998,[],4,[],2019-05-30 06:54:33,2661554925.956109,1.344427e-18,1.173928112287e-22,7710616,2019-05-30 06:54:33,ltc,19.263872175219557,0.0,0.00000001,ltc,5784416102.343987,0.0,3.578266304438394e-09,58
1,[],12,[],2019-05-30 06:54:35,1093688885.0,0.0000000001,0.00000000000000873181,7710617,2019-05-30 06:54:35,btc,2192508.703631104,0.0,0.0000000001,btc,2578048925.9170394,0.001052039368,0.1093688885,58
0.00000000010897270000000001,[],22,[],2019-05-30 06:56:38,126877.0,1.0897270000000002e-18,9.51528911587e-23,7710618,2019-05-30 06:56:38,XMR,68.17454206,0.0,0.00000001,XMR,9626402.6,0.0,0.00126877,58
1,[],17,[],2019-05-03 01:12:09,1200000.0,0.0000000001,0.00000000000000548003,7559085,2019-05-03 01:12:09,btc,1e+24,0.0,0.0000000001,"btc,eth",39516342.31952568,0.0,0.00010000000058666061,58
1,[],5,[],2019-05-30 06:56:39,0.0,0,0,7710619,2019-05-30 06:56:39,btc,0.0,0.00262651,0,btc,0.0,0.0,0.0,61
1,[],22,[],2019-05-30 06:56:43,13613.833333333334,0.00000012,0.000000000010478172,7710620,2019-05-30 06:56:43,BTC,1002.29123003,0.0,0.00000012,BTC,15014.200177125656,0.0,0.00153269,61
1,[],26,[],2019-05-30 06:56:43,0.0,0.00000050,0.000000000043659049999999995,7710621,2019-05-30 06:56:43,btc,0.0,0.0,0.00000050,btc,0.0,0.0,0.0,61
1,[],27,[],2019-05-30 06:56:51,8450.0,0.0000002,0.00000000001746362,7710622,2019-05-30 06:56:51,btc,1.9582485601246655,0.0,0.0000002,"btc,eth",11379.41563696,0.0,0.001522,61
0,[],28,[],2019-05-30 06:57:48,0.0,0,0,7710623,2019-05-30 06:57:48,,0.0,845.0,0,,0.0,0.0,0.0,61
1,[],4,[],2019-05-30 06:57:49,941227.79922582,0.00000079,0.000000000068981299,7710624,2019-05-30 06:57:49,btc,2.5944336890025848,0.0,0.00000079,btc,842629.67864554,0.04199246,0.5416747520785393,67
0.0,[],25,[],2019-05-30 06:57:50,0.0,0,0,7710625,2019-05-30 06:57:50,,0.0,0.0,0.0,btc,0.0,0.0,0.0,67
1,[],12,[],2019-05-30 06:57:52,813745.0,0.00000005,0.000000000004365905,7710626,2019-05-30 06:57:52,btc,5.1710944970829145,0.0,0.00000005,btc,773732.038961,0.000183196404,0.01771841,71
,[],5,[],2018-11-20 23:02:39,1.5e-07,0.00000005,0.000000000002128045,4862160,2018-11-20 23:02:39,btc,2.84511358,0.0,,btc,0.00036572,0.0,0.07381892,74
1,[],5,[],2019-05-30 06:57:53,0.0,0,0,7710627,2019-05-30 06:57:53,btc,0.0,0.05081265,0,btc,0.0,0.0,0.0,75
0,[],4,[],2019-05-25 21:33:44,0.0,0,0,7686249,2019-05-25 21:33:44,,133656.37989170782,0.0,0,,33439209.5909442,0.0,0.0,81
0,[],20,[],2019-01-25 09:30:31,0.0,0,0,6495923,2019-01-25 09:30:31,btc,0.0,0.0,0,btc,0.0,0.0,0.0,81
1,[],4,[],2019-05-30 06:57:54,41576.10918476,0.00013050,0.00000001139501205,7710628,2019-05-30 06:57:54,btc,34.18504080555257,0.0,0.00013050,btc,71888.3627199,1.68812267,0.7997255601376242,82
1,[],21,[],2019-05-30 06:57:55,51653.34679729,0.0001102100000000000035995859071,0.000000009623327801,7710629,2019-05-30 06:57:55,btc,31.42218859479785,121667.69223808,0.000110210000000000003599585907121394257046631537377834320068359375,btc,176487.51313394,15.55719167,4.896887039686866,82
0,[],17,[],2019-03-25 22:42:34,0.0,0,0,7038780,2019-03-25 22:42:34,btc,0.0445064681804024,0.0,0,btc,995513.18476001,0.0,0.0,84
0.0000000001161485,[],4,[],2019-05-20 13:09:39,216715621.0206096,1.161485e-18,9.0533806701e-23,7657228,2019-05-20 13:09:39,ltc,1.6511566870244727,0.0,0.00000001,ltc,471032407.9048656,0.0,2.5171194308112273e-10,85
,[],22,[],2018-11-20 23:09:34,3408.1,0.0000001,0.0000000000041895,4862324,2018-11-20 23:09:34,BTC,0.04624735,0.0,,BTC,4990.0,0.0,0.00033081,86
1,[],22,[],2019-05-30 06:57:58,65156.0,0.00000001,0.000000000000873181,7710630,2019-05-30 06:57:58,BTC,1.44927101,0.0,0.00000001,BTC,187555.29736842104,5.94e-05,0.00065156,87
1,[],27,[],2019-05-30 06:58:02,27543.0,0.00000003,0.000000000002619543,7710631,2019-05-30 06:58:02,btc,5.074287018036,30197.0,0.00000003,btc,147173.67341,0.00120788,0.00061309,87
,[],2,[],2018-11-20 23:10:47,0.0,0,0,4862359,2018-11-20 23:10:47,,0.0,0.0,,,0.0,0.0,0.0,88
1,[],11,[],2019-05-30 06:58:05,205065.8769373,0.000080010000000000001366302904148852803700719960033893585205078125,0.000000006986321181,7710632,2019-05-30 06:58:05,btc,186.60248277961898,2.0,0.000080010000000000001366302904148852803700719960033893585205078125,btc,239382.69417038,0.0,2.207980764994328,89
0,[],2,[],2019-01-20 23:31:45,0.0,0,0,6477083,2019-01-20 23:31:45,,0.0,0.0,0,,0.0,0.0,0.0,91
1,[],12,[],2019-05-30 06:58:06,266619.62376809,0.00000032,0.000000000027941792,7710633,2019-05-30 06:58:06,btc,87.69221304274936,0.0,0.00000032,btc,145517.20253856,0.001144954886,0.012333461999993899,91
1,[],22,[],2019-05-30 07:00:11,75910.55,0.0000002,0.00000000001746362,7710634,2019-05-30 07:00:11,BTC,0.495,0.0,0.0000002,"BTC,LTC",4.95,0.0,0.00165931,91
0,[],17,[],2019-05-03 01:12:26,0.0,0,0,7559096,2019-05-03 01:12:26,btc,0.0,0.0,0,btc,0.0,0.0,0.0,91
1,[],22,[],2019-04-09 20:17:52,374949.73333333334,0.00000015,0.000000000007771935,7235704,2019-04-09 20:17:52,BTC,6.87372503,0.0,0.00000015,"BTC,LTC",159980.01196797504,1.1e-05,0.80510266,95
0.00000000013444269999999998,[],4,[],2019-05-30 07:00:12,541447573.4950762,2.8232966999999997e-17,2.4652490358027e-21,7710635,2019-05-30 07:00:12,ltc,11.29891286827926,0.0,0.00000021,ltc,152106263.82867935,0.0,8.520565749210234e-10,96
0,[],12,[],2019-05-30 07:00:12,0.0,0,0,7710636,2019-05-30 07:00:12,btc,17.13202428037962,0.0,0,btc,9673314.03796204,0.0,0.0,96
0,[],17,[],2019-05-03 01:12:32,0.0,0,0,7559100,2019-05-03 01:12:32,btc,0.0,0.0,0,btc,0.0,0.0,0.0,96
1,[],4,[],2019-04-14 03:32:46,1039404.33283278,0.00000038,0.000000000019245518,7293458,2019-04-14 03:32:46,btc,4.170086055365747,0.0,0.00000038,btc,3097704.34561074,0.06260606,0.1859928211030784,99
0,[],2,[],2019-01-20 23:23:55,0.0,0,0,6476914,2019-01-20 23:23:55,,0.0,0.0,0,,0.0,0.0,0.0,100
1,[],4,[],2019-05-30 07:02:13,206030.00256763,0.00001724,0.000000001505364044,7710637,2019-05-30 07:02:13,btc,6.920874732102572,0.0,0.00001724,btc,137507.65840847,0.3140594,0.2916928936841256,100
1,[],22,[],2019-05-30 07:02:16,150000.0,0.00000002,0.000000000001746362,7710638,2019-05-30 07:02:16,BTC,24.83526409,0.0,0.00000002,BTC,11187.719,0.0,0.0017,101
1,[],4,[],2019-05-30 07:02:17,525336.48300431,0.00000161,0.00000000014058214099999998,7710639,2019-05-30 07:02:17,btc,362.1766774956304,0.0,0.00000161,btc,571048.92911907,0.09641548,0.1526880229405455,103
1,[],12,[],2019-05-30 07:02:20,140931618.83268034,0.000000004,0.0000000000003492724,7710640,2019-05-30 07:02:20,btc,2395.3771820957622,0.0,0.000000004,btc,63129456.14635865,0.034335744122,0.17348368333072142,105
1,[],27,[],2019-05-30 07:02:30,19173.0,0.00000001,0.000000000000873181,7710641,2019-05-30 07:02:30,btc,0.3134633023531397,1243500.915,0.00000001,btc,620151.35947933,0.01243501,0.00019173,105
1,[],22,[],2019-04-21 00:17:26,21333.0,0.00000001,0.000000000000532493,7385819,2019-04-21 00:17:26,BTC,51.38182867,0.0,0.00000001,BTC,470435.0,0.0,0.00021333,107
1,[],26,[],2019-04-21 00:17:26,0.0,0.00000000,0,7385820,2019-04-21 00:17:26,btc,0.0,0.0,0.00000000,btc,0.0,0.0,0.0,107
1,[],5,[],2019-05-30 07:02:33,0.0,0,0,7710642,2019-05-30 07:02:33,btc,0.0,0.0,0,btc,0.0,0.0,0.0,112
0,[],22,[],2019-05-30 07:02:35,0.0,0,0,7710643,2019-05-30 07:02:35,,6.79726681,0.0,0,,3375892.0833333335,0.0,0.0,112
1,[],27,[],2019-05-30 07:02:43,1.0,0.00000001,0.000000000000873181,7710644,2019-05-30 07:02:43,btc,1.15032588,0.0,0.00000001,"btc,eth",1818.0,0.0,1e-08,112
1,[],4,[],2019-05-30 07:02:44,294598.69018734,0.00000086,0.000000000075093566,7710645,2019-05-30 07:02:44,btc,5.705765341235596,0.0,0.00000086,btc,595635.56472022,0.05334069,0.1854797625689284,113
1,[],5,[],2019-05-30 07:02:45,0.0,0,0,7710646,2019-05-30 07:02:45,btc,0.0,0.0,0,btc,0.0,0.0,0.0,113
1,[],17,[],2019-04-26 02:17:47,162738.278,0.00000004,0.0000000000021069000000000002,7461287,2019-04-26 02:17:47,btc,1.3331140273775473,0.0,0.00000004,btc,51796.221,0.0,0.00230953112,116
1,[],27,[],2019-05-22 05:13:01,210000.0,0.00000001,0.00000000000079145,7666372,2019-05-22 05:13:01,btc,3919.0005001478,0.0,0.00000001,btc,128660.871,0.0,0.0021,116
1,[],4,[],2019-05-21 22:31:11,138169.03963019,0.00000701,0.000000000558364025,7664793,2019-05-21 22:31:11,btc,150.95388250938234,0.0,0.00000701,btc,344631.17141974,0.07552974,0.4288357684941946,120
1,[],7,[],2019-05-21 22:31:12,3901.07750076,0.000010679999999999999389654892212320191902108490467071533203125,0.0000000008506887,7664794,2019-05-21 22:31:12,btc,231188.94669936574,0.0,0.000010679999999999999389654892212320191902108490467071533203125,btc,4133.83151364,0.0,0.0113888422364489,120
1,[],20,[],2019-04-07 18:42:29,1914137.0852,0.000000035,0.0000000000017871910000000002,7211992,2019-04-07 18:42:29,btc,32.2497668025648,25528.85,0.000000035,btc,1001975.4986,0.00089350975,0.0152723574729,125
1,[],22,[],2019-05-30 07:02:48,10000.0,0.00000001,0.000000000000873181,7710647,2019-05-30 07:02:48,BTC,0.032061,0.0,0.00000001,BTC,299316.7611111111,0.0,0.0001,126
0,[],2,[],2019-01-20 23:25:46,0.0,0,0,6476969,2019-01-20 23:25:46,,0.0,0.0,0,,0.0,0.0,0.0,131
1,[],4,[],2019-05-30 07:02:49,369206.46653422,0.00000670,0.00000000058503127,7710648,2019-05-30 07:02:49,btc,5.09206377740538,0.0,0.00000670,btc,200783.25936818,0.42003347,1.1219788622144302,131
1,[],17,[],2019-05-03 01:13:10,10000.0,0.00000001,0.000000000000548003,7559115,2019-05-03 01:13:10,btc,0.0953976503951408,0.0,0.00000001,btc,5037.62507334,0.0,0.0001,131
1,[],4,[],2019-05-30 07:04:50,4753.83673386,0.00007919,0.000000006914720339,7710649,2019-05-30 07:04:50,btc,5.031602119933033,0.0,0.00007919,btc,202.13055914,0.0,0.0065409533890407,135
1,[],3,[],2019-05-30 07:04:51,611052.22392675,0.00000001,0.000000000000873181,7710650,2019-05-30 07:04:51,btc,0.2228399259153858,1590754.79937,0.00000001,btc,1910497.4316845,0.0,0.0061105222392675,136
1,[],4,[],2019-05-30 07:04:52,2696289.67137919,0.00000192,0.000000000167650752,7710651,2019-05-30 07:04:52,btc,108.731223925588,0.0,0.00000192,btc,517891.40406142,0.04029025,0.5739172766077478,137
1,[],12,[],2019-05-30 07:04:54,88628.06384867,0.000001870000000000000095373470405946125794116596807725727558135986328125,0.000000000163284847,7710652,2019-05-30 07:04:54,btc,57.781243529614194,0.0,0.000001870000000000000095373470405946125794116596807725727558135986328125,btc,49738.34635867,0.000276653347,0.0186619499999177,137
1,[],20,[],2019-05-30 06:34:05,209016.7221,0.00001423,0.0000000012392337800000002,7710500,2019-05-30 06:34:05,btc,1.6088450168486,0.0,0.00001423,btc,9872.8163,0.0,0.0184095669411,142
1,[],22,[],2019-05-30 06:34:09,11028.645,0.00001000,0.00000000087086,7710501,2019-05-30 06:34:09,BTC,3.2754788,0.0,0.00001000,BTC,1133.9993657797618,0.0,0.00745365,142
0.0,[],25,[],2019-05-30 06:34:10,0.0,0,0,7710502,2019-05-30 06:34:10,,0.0,0.0,0.0,btc,0.0,0.0,0.0,142
0,[],28,[],2019-05-30 06:34:11,0.0,0,0,7710503,2019-05-30 06:34:11,,0.0,0.0,0,,0.0,0.0,0.0,142
1,[],4,[],2019-05-30 07:04:55,61454.0153975,0.00001872,0.000000001634594832,7710653,2019-05-30 07:04:55,btc,9.58429886812006,0.0,0.00001872,btc,154178.04673509,0.93726566,0.3852821927854861,142
1,[],5,[],2019-05-30 07:04:57,0.0,0,0,7710654,2019-05-30 07:04:57,btc,0.0,0.01384229,0,btc,0.0,0.0,0.0,142
1,[],17,[],2019-05-03 01:13:16,32967.38636364,0.00000088,0.000000000048224264,7559122,2019-05-03 01:13:16,btc,20.06976206696776,0.0,0.00000088,btc,2746.079105,0.0,0.0105613000000032,142
0,[],22,[],2019-05-30 06:34:14,0.0,0,0,7710504,2019-05-30 06:34:14,,65.51518676,0.0,0,,839924755.3,0.0,0.0,143
0,[],22,[],2019-02-25 15:42:22,0.0,0,0,6783783,2019-02-25 15:42:22,,4.2131946,0.0,0,,2322156.0,0.0,0.0,146
,[],22,[],2018-11-20 23:01:11,0.0,0,0,4862114,2018-11-20 23:01:11,,2.56807021,0.0,,,61828.4988236,0.0,0.0,147
1,[],12,[],2019-04-21 06:38:04,193091.5971266,0.00000071,0.000000000037635183,7388679,2019-04-21 06:38:04,btc,2.301232411611175,0.0,0.00000071,btc,9957.48302385,0.00023528,0.0313308199999888,148
1,[],4,[],2019-03-19 21:31:25,255810.0415942,0.00000029,0.000000000011615747,6982695,2019-03-19 21:31:25,btc,218.94922712414143,0.0,0.00000029,btc,793529.37642722,0.00117,0.0608347789473395,152
0,[],22,[],2019-03-19 21:31:27,0.0,0,0,6982696,2019-03-19 21:31:27,,0.0,0.0,0,,0.0,0.0,0.0,152
1,[],5,[],2019-04-26 09:36:59,0.0,0,0,7465040,2019-04-26 09:36:59,btc,0.0,0.0,0,btc,0.0,0.0,0.0,153
,[],16,[],2019-01-11 15:38:59,0.0,0,0,6366141,2019-01-11 15:38:59,btc,0.0,0.0,,btc,0.0,0.0,0.0,155
0,[],22,[],2019-05-30 06:34:18,0.0,0,0,7710505,2019-05-30 06:34:18,,7.44455324,0.0,0,,5955762.942592593,0.0,0.0,156
0,[],23,[],2019-01-20 23:24:29,0.0,0,0,6476932,2019-01-20 23:24:29,,0.0,0.0,0,,0.0,0.0,0.0,156
1,[],22,[],2019-05-30 06:34:22,6996.0,0.00000001,0.0000000000008708600000000001,7710506,2019-05-30 06:34:22,BTC,1.7543039,0.0,0.00000001,BTC,57.0,0.0,6.996e-05,157
0,[],22,[],2019-05-21 23:40:32,0.0,0,0,7665049,2019-05-21 23:40:32,,50234.60468402,0.0,0,,54786159.03179465,0.0,0.0,158
,[],17,[],2018-11-20 22:56:10,0.0,0,0,4861976,2018-11-20 22:56:10,btc,1.1265625,0.0,,btc,1000.0,0.0,0.0,159
,[],20,[],2018-11-20 22:56:12,0.0,0,0,4861977,2018-11-20 22:56:12,btc,11912.7940471,0.0,,btc,34413894.3617,0.0,0.0,159
1,[],12,[],2019-05-24 02:51:20,9178.522006449999,0.00000191999999999999982841307998027158276954651228152215480804443359375,0.000000000151222656,7676256,2019-05-24 02:51:20,btc,149.80414728631675,0.0,0.00000191999999999999982841307998027158276954651228152215480804443359375,btc,1115.7451448499999,0.01783167678326,0.0120075778999181,168
1,[],17,[],2019-05-03 01:13:36,42852.0,0.00000002,0.000000000001096006,7559132,2019-05-03 01:13:36,btc,0.04279856251542,0.0,0.00000002,btc,274.46171372,0.0,0.00052852,168
1,[],22,[],2019-05-17 03:01:52,10.0,0.00000001,0.000000000000778341,7642059,2019-05-17 03:01:52,BTC,41.95893009,0.0,0.00000001,BTC,1753972.7737547632,0.0,1e-07,169
1,[],22,[],2019-05-30 06:34:26,202834.0,0.00000002,0.0000000000017417200000000002,7710507,2019-05-30 06:34:26,BTC,27.87002826,0.0,0.00000002,BTC,462189.5410507793,1.6e-06,0.00211768,171
1,[],22,[],2019-05-29 08:05:18,349870.0,0.00000002,0.000000000001705894,7705265,2019-05-29 08:05:18,BTC,24.05907723,0.0,0.00000002,"BTC,LTC",1224285.4355616204,0.0,0.0039847,173
1,[],5,[],2019-05-30 06:34:28,0.0,0,0,7710508,2019-05-30 06:34:28,btc,0.0,0.00391761,0,btc,0.0,0.0,0.0,175
1,[],22,[],2019-05-30 06:34:31,90671.0,0.00000001,0.0000000000008708600000000001,7710509,2019-05-30 06:34:31,BTC,394.35459412,0.0,0.00000001,BTC,136275.61833431243,0.0,0.00090671,176
1,[],7,[],2019-05-30 06:34:32,0.0,0,0,7710510,2019-05-30 06:34:32,btc,522274.2174909908,0.0,0,btc,22741313.06866789,0.0,0.0,178
0,[],22,[],2019-05-30 06:34:35,0.0,0,0,7710511,2019-05-30 06:34:35,,1.00242428,0.0,0,,57512.0,0.0,0.0,178
0,[],2,[],2019-01-20 23:28:34,0.0,0,0,6477001,2019-01-20 23:28:34,,0.0,0.0,0,,0.0,0.0,0.0,178
1,[],5,[],2019-05-30 06:34:36,0.0,0,0,7710512,2019-05-30 06:34:36,btc,0.0,0.05374849,0,btc,0.0,0.0,0.0,179
0,[],22,[],2019-05-30 06:34:38,0.0,0,0,7710513,2019-05-30 06:34:38,,5.31522813,0.0,0,,13498409.311946675,0.0,0.0,179
0,[],23,[],2019-01-20 23:25:08,0.0,0,0,6476952,2019-01-20 23:25:08,,0.0,0.0,0,,0.0,0.0,0.0,179
1,[],22,[],2019-05-30 06:36:42,673574.1868582282,0.00000103,0.00000000008969858,7710514,2019-05-30 06:36:42,BTC,39.21988938,0.0,0.00000103,"BTC,LTC",167836.4145862039,0.01299051,0.57225033,180
1,[],26,[],2019-05-30 06:36:42,0.0,0.00000010,0.000000000008708600000000001,7710515,2019-05-30 06:36:42,btc,0.0,0.0,0.00000010,btc,0.0,0.0,0.0,180
1,[],17,[],2019-05-03 01:13:56,20504.725000000002,0.0000001,0.00000000000548003,7559141,2019-05-03 01:13:56,btc,5.2010695838400265,0.0,0.0000001,btc,5033.45945,0.0,0.0011504725,180
,[],7,[],2018-11-20 22:58:01,562227.975654,0.00000085,0.000000000036176765,4862015,2018-11-20 22:58:01,btc,21836.6059674,2491.87645172,,btc,749999.041456,0.00211021,0.127565380455,183
,[],5,[],2019-01-10 08:11:41,0.0,0,0,6347036,2019-01-10 08:11:41,btc,82.15055501,0.00261,,btc,1.19002445,0.0,0.0,187
,[],17,[],2018-11-16 20:58:10,4062536.27273,0.00000001,0.000000000000550501,4708775,2018-11-16 20:58:10,btc,3.36492563466,0.195460381006,,"btc,eth",110697919.549,0.0,0.0157628953496,187
1,[],24,[],2019-05-22 21:04:52,0.0,0.000000000014,0.0000000000000010960978,7670219,2019-05-22 21:04:52,btc,0.0,0.0,0.000000000014,btc,0.0,0.0,0.0,187
0,[],22,[],2019-04-25 02:54:07,0.0,0,0,7447896,2019-04-25 02:54:07,,7.54794454,0.0,0,,76361.7243344055,0.0,0.0,191
0,[],22,[],2019-05-30 06:36:46,0.0,0,0,7710516,2019-05-30 06:36:46,,0.0,0.0,0,,0.0,0.0,0.0,197
0,[],23,[],2019-01-20 23:31:41,0.0,0,0,6477079,2019-01-20 23:31:41,,0.0,0.0,0,,0.0,0.0,0.0,199
0,[],22,[],2019-05-30 06:36:48,0.0,0,0,7710517,2019-05-30 06:36:48,,10.91949999,0.0,0,,98428037.0,0.0,0.0,199
1,[],26,[],2019-05-30 06:36:48,0.0,0.00000000,0,7710518,2019-05-30 06:36:48,btc,0.0,0.0,0.00000000,btc,0.0,0.0,0.0,199
0,[],2,[],2019-01-20 23:30:49,0.0,0,0,6477059,2019-01-20 23:30:49,,0.0,0.0,0,,0.0,0.0,0.0,201
1,[],4,[],2019-01-25 15:51:35,2084389.58565343,0.00000936,0.000000000333526752,6499557,2019-01-25 15:51:35,btc,2.0092503037378524,0.0,0.00000936,btc,160195.80207885,0.19272417,1.242687955921835,211
1,[],7,[],2019-05-30 05:39:34,1183510005.9467068,0.00000059,0.000000000051312713,7710365,2019-05-30 05:39:34,btc,15201840.987404548,242492.25074,0.00000059,btc,8428672.8976517,0.0,13.434342856573291,212
1,[],12,[],2019-01-25 02:44:32,207462.42853209,0.000001080000000000000035831255497387193287295303889550268650054931640625,0.000000000038610756000000006,6493050,2019-01-25 02:44:32,btc,85023.03793723314,0.0,0.000001080000000000000035831255497387193287295303889550268650054931640625,btc,43675.73520027,0.000146250909087,0.0348620860622024,213
1,[],5,[],2019-05-30 00:07:46,0.0,0,0,7709357,2019-05-30 00:07:46,btc,0.0,0.06425239,0,btc,0.0,0.0,0.0,213
1,[],24,[],2019-05-30 00:07:46,0.0,0.000000399202,0.0000000000344859829346,7709358,2019-05-30 00:07:46,btc,0.0,0.0,0.000000399202,btc,0.0,0.0,0.0,213
1,[],26,[],2019-05-30 00:07:47,0.0,0.00000040,0.000000000034554919999999996,7709359,2019-05-30 00:07:47,btc,0.0,0.0,0.00000040,btc,0.0,0.0,0.0,213
0,[],22,[],2019-05-30 06:36:53,0.0,0,0,7710519,2019-05-30 06:36:53,,9.61445386,0.0,0,,3661587.094064925,0.0,0.0,216
1,[],27,[],2019-05-30 06:37:01,196550.0,0.00000001,0.0000000000008708600000000001,7710520,2019-05-30 06:37:01,btc,75.61743967917752,4683.0,0.00000001,"btc,ltc",386835.407688,4.683e-05,0.0019655,216
1,[],22,[],2019-05-30 06:37:04,720626.8260869565,0.00000027,0.000000000023513220000000002,7710521,2019-05-30 06:37:04,BTC,12056.48402077,0.0,0.00000027,BTC,518338.7595090601,0.00504417,0.0536882,217
1,[],7,[],2019-05-30 06:37:06,0.0,0,0,7710522,2019-05-30 06:37:06,btc,1234864.1040716618,0.0,0,btc,164001712.13147992,0.0,0.0,219
0,[],27,[],2019-05-30 06:37:13,0.0,0,0,7710523,2019-05-30 06:37:13,,0.444939536343255,7544073.475915,0,btc,15404860.50681425,0.07544073,0.0,219
0,[],28,[],2019-05-30 06:37:15,0.0,0,0,7710524,2019-05-30 06:37:15,,0.0,17141829.1423,0,,0.0,0.0,0.0,219
1,[],22,[],2019-05-23 16:41:05,172069.0,0.00000004,0.0000000000031167080000000004,7674065,2019-05-23 16:41:05,BTC,56.76466137,0.0,0.00000004,BTC,127061.6482738741,0.0,0.00393676,221
1,[],24,[],2019-05-23 16:41:05,0.0,0.000000010000,0.0000000000007791770000000001,7674066,2019-05-23 16:41:05,btc,0.0,0.0,0.000000010000,btc,0.0,0.0,0.0,221
1,[],20,[],2019-05-30 06:37:18,2683426.3644,0.000000001,0.00000000000008708600000000001,7710525,2019-05-30 06:37:18,btc,100053.67854003386,6675997.5333,0.000000001,btc,49809393.1499,0.0080763584831,0.0026834263644,224
0,[],22,[],2019-05-30 06:37:20,0.0,0,0,7710526,2019-05-30 06:37:20,,0.0,0.0,0,,0.0,0.0,0.0,224
1,[],26,[],2019-05-30 06:37:20,0.0,0.00000025,0.000000000021771500000000003,7710527,2019-05-30 06:37:20,btc,0.0,0.0,0.00000025,btc,0.0,0.0,0.0,231
1,[],26,[],2019-05-30 06:37:21,0.0,0.00000006,0.00000000000522516,7710528,2019-05-30 06:37:21,btc,0.0,0.0,0.00000006,btc,0.0,0.0,0.0,234
0,[],27,[],2019-05-30 06:37:27,0.0,0,0,7710529,2019-05-30 06:37:27,,0.01134836604,0.0,0,"btc,eth",11462.996,0.0,0.0,234
1,[],4,[],2019-05-22 17:06:12,91780.56053785,0.00000078,0.000000000061977552,7669277,2019-05-22 17:06:12,btc,5.573372450018177,0.0,0.00000078,btc,729173.93529783,0.0,0.0307060663355679,236
1,[],24,[],2019-05-22 17:06:12,0.0,0.000000010000,0.000000000000794584,7669278,2019-05-22 17:06:12,btc,0.0,0.0,0.000000010000,btc,0.0,0.0,0.0,236
1,[],5,[],2019-05-30 06:37:28,0.0,0,0,7710530,2019-05-30 06:37:28,btc,0.0,0.02232307,0,btc,0.0,0.0,0.0,237
1,[],20,[],2019-05-30 06:37:30,121541921.2877,0.000000037,0.0000000000032221820000000003,7710531,2019-05-30 06:37:30,btc,58795.189683170924,13040258.9832,0.000000037,btc,43462307.8253,0.5552316214091,0.4880727306517,237
1,[],22,[],2019-05-30 06:37:34,288100.0,0.00000003,0.00000000000261258,7710532,2019-05-30 06:37:34,BTC,1.20267422,0.0,0.00000003,"BTC,LTC",17930.94871794872,0.0,0.007541,237
1,[],4,[],2019-05-30 06:37:35,26900282.75438972,0.00000011,0.000000000009579460000000001,7710533,2019-05-30 06:37:35,btc,2.772456421806378,0.0,0.00000011,btc,8759086.71680399,0.09646689,0.5590418113818288,238
1,[],5,[],2019-05-30 06:37:37,0.0,0,0,7710534,2019-05-30 06:37:37,btc,0.0,0.00739893,0,btc,0.0,0.0,0.0,238
0,[],22,[],2019-03-12 16:49:32,0.0,0,0,6914458,2019-03-12 16:49:32,,0.40415746,0.0,0,,526736.5639027493,0.0,0.0,249
0,[],22,[],2019-05-28 23:53:45,0.0,0,0,7703643,2019-05-28 23:53:45,,13.44714864,0.0,0,,43777534.3426455,0.0,0.0,252
0,[],28,[],2019-05-30 06:37:40,0.0,0,0,7710535,2019-05-30 06:37:40,,0.0,269752.9,0,,0.0,0.0,0.0,256
1,[],22,[],2019-05-30 06:37:43,1039243.0,0.00000001,0.0000000000008708600000000001,7710536,2019-05-30 06:37:43,BTC,31464.5506474,0.0,0.00000001,BTC,585656.6675322719,0.0,0.01039243,258
1,[],22,[],2019-05-19 18:12:02,400.0,0.00000001,0.0000000000007957800000000001,7653905,2019-05-19 18:12:02,BTC,2.415167,0.0,0.00000001,BTC,157.0,0.0,4e-06,259
1,[],5,[],2019-05-30 06:37:45,0.0,0,0,7710537,2019-05-30 06:37:45,btc,0.0,0.04873205,0,btc,0.0,0.0,0.0,264
1,[],20,[],2019-05-30 06:37:46,955424.2976,0.000000153,0.000000000013324158,7710538,2019-05-30 06:37:46,btc,0.9749876000101,23429.506,0.000000153,btc,49906.8327,0.013556486057,0.0075337773828,264
0,[],22,[],2019-04-12 17:57:27,0.0,0,0,7278186,2019-04-12 17:57:27,,66.37522201,0.0,0,,677842.4169881374,0.0,0.0,271
0,[],22,[],2019-05-29 08:10:20,0.0,0,0,7705301,2019-05-29 08:10:20,,33050470.74998113,0.0,0,,14361377780.7,0.0,0.0,272
0,[],28,[],2019-05-29 08:10:54,0.0,0,0,7705302,2019-05-29 08:10:54,,0.0,22189957216.5758,0,,0.0,0.0,0.0,272
1,[],22,[],2019-05-23 07:12:29,219930.0,0.00000004,0.000000000003048688,7671985,2019-05-23 07:12:29,BTC,426.77835217,0.0,0.00000004,BTC,248664.3325962929,0.0,0.00739728,281
1,[],22,[],2019-05-30 06:37:52,382821.68333333335,0.00000004,0.0000000000034834400000000004,7710539,2019-05-30 06:37:52,BTC,31.66095484,0.0,0.00000004,"BTC,LTC",1340569.3712440897,0.00351706,0.01605622,286
0,[],22,[],2019-05-30 06:37:54,0.0,0,0,7710540,2019-05-30 06:37:54,,7337904.96568486,0.0,0,,2004620112.6797826,0.0,0.0,294
