pairValue,buyBook,exchangeId,sellBook,updated,buyTotal,satoshiPrice,usdPrice,exchangeLogId,created,bestPair,sellTotalBtc,volume,pairPrice,activePairs,sellTotal,volumeBtc,buyTotalBtc,coinId
1,[],3,[],2019-01-26 06:45:28,103.793573679678,0.0126968099999999993465760184108148678205907344818115234375,0.00000045415346657099994,6505380,2019-01-26 06:45:28,btc,106.95641098382062,1.10352526,0.0126968099999999993465760184108148678205907344818115234375,btc,13.090934449551002,0.0,0.11204392905930732,1
1,[],4,[],2019-01-26 06:45:28,25073.00114067,0.01271044,0.000000454640999404,6505381,2019-01-26 06:45:28,btc,0.921042759655069,0.0,0.01271044,btc,64.78472549,0.51993554,1.1786358598947206,1
1,[],5,[],2019-01-26 06:45:30,0.21090596,0.01252190,0.00000044789709329,6505382,2019-01-26 06:45:30,btc,14578.47051346,0.03240828,0.01252190,btc,35555556.29096417,0.0,1.4436672,1
1,[],10,[],2019-01-26 06:45:32,271454.22498023,0.01259,0.000000450332969,6505383,2019-01-26 06:45:32,btc,6537.56670291177,1252.19462052,0.01259,btc,887.73255778,0.0,3.585755053101238,1
1,[],12,[],2019-01-26 06:45:34,10416.10944099,0.01265999999999999937883021772222491563297808170318603515625,0.000000452836806,6505384,2019-01-26 06:45:34,btc,0.6408910486503,0.0,0.01265999999999999937883021772222491563297808170318603515625,btc,44.23138033,0.1226578913826,0.10307968228520001,1
1,[],20,[],2019-01-26 06:45:36,1350.5193,0.010530001,0.0000003766486587691,6505385,2019-01-26 06:45:36,btc,0.0836892101406,0.0,0.010530001,btc,4.0102,0.0,0.1084569637251,1
1,[],21,[],2019-01-26 06:45:37,2780.05309843,0.01269500999999999962808416853,0.00000045408908219099996,6505386,2019-01-26 06:45:37,btc,32.517558536638674,8137.619624790001,0.012695009999999999628084168534769560210406780242919921875,"btc,eth",3064.3267792399997,78.15528838524165,28.503342507603126,1
1,[],22,[],2019-01-26 06:45:40,0.0363776,0.01400000,0.0000005007673999999999,6505387,2019-01-26 06:45:40,BTC,0.31387019,0.0,0.01400000,BTC,0.09333966666666667,0.0,0.00048472,1
1,[],24,[],2019-01-26 06:45:41,0.0,0.000000000000,0,6505388,2019-01-26 06:45:41,btc,0.0,0.0,0.000000000000,btc,0.0,0.0,0.0,1
0.0,[],25,[],2019-01-26 06:45:42,0.0,0,0,6505389,2019-01-26 06:45:42,btc,10.099599998778563,418.60655074,0.0,btc,771.80553666,5.4062,0.0,1
1,[],26,[],2019-01-26 06:45:51,0.0,0,0,6505390,2019-01-26 06:45:51,,0.0,0.0,0,,0.0,0.0,0.0,1
1,[],28,[],2019-01-26 06:45:53,987.9,0.01131000,0.000000404548521,6505391,2019-01-26 06:45:53,btc,0.162839806,18351.65,0.01131000,btc,8.9,0.0,0.024551096,1
0,[],2,[],2019-01-20 23:28:45,0.0,0,0,6477011,2019-01-20 23:28:45,,0.0,0.0,0,,0.0,0.0,0.0,1
1,[],5,[],2019-01-26 06:45:54,1.688e-05,0.00000069,0.000000000024680679,6505392,2019-01-26 06:45:54,btc,0.17331741,0.01353682,0.00000069,btc,7.714e-05,0.0,0.52151601,2
1,[],22,[],2019-01-26 06:45:58,2224.625335862178,0.0000004,0.00000000001430764,6505393,2019-01-26 06:45:58,BTC,0.0231601,0.0,0.0000004,"BTC,XMR",14562.72385,0.0,0.00130482,2
1,[],5,[],2019-01-26 06:46:00,1.42e-06,0.00000017,0.000000000006080747,6505394,2019-01-26 06:46:00,btc,3.92553524,0.54226699,0.00000017,btc,2.267e-05,0.0,2.34786204,3
1,[],12,[],2019-01-26 06:46:01,12359156.64453304,0.00000017,0.000000000006080747,6505395,2019-01-26 06:46:01,btc,921359.5302947708,0.0,0.00000017,btc,7962107.09137567,0.05442426703774137,0.5325601492284242,3
0,[],28,[],2019-01-26 06:46:02,0.0,0,0,6505396,2019-01-26 06:46:02,,0.0,0.0,0,,0.0,0.0,0.0,3
0,[],2,[],2019-01-20 23:31:32,0.0,0,0,6477077,2019-01-20 23:31:32,,0.0,0.0,0,,0.0,0.0,0.0,4
1,[],4,[],2019-01-26 06:46:03,375227.36134913,0.00000045,0.000000000016096095,6505397,2019-01-26 06:46:03,btc,0.4799521308411996,0.0,0.00000045,btc,320206.38330804,0.00403343,0.0669398608546396,4
1,[],12,[],2019-01-25 15:53:49,1222127.5219999999,0.00000003,0.000000000001069017,6499609,2019-01-25 15:53:49,btc,11013867.817925906,0.0,0.00000003,btc,969763.77092902,0.0,0.01617509044,5
0,[],2,[],2019-01-20 23:31:51,0.0,0,0,6477087,2019-01-20 23:31:51,,0.0,0.0,0,,0.0,0.0,0.0,6
1,[],11,[],2019-01-26 06:46:05,3384831.0,0.00000001,0.000000000000357691,6505398,2019-01-26 06:46:05,btc,9432.274761487124,890188.0,0.00000001,btc,41419844.28159839,0.0,0.03384831,6
1,[],3,[],2019-01-26 06:46:06,1051.093167918516,0.00015051999999999998865705952422189284334308467805385589599609375,0.000000005383964932,6505399,2019-01-26 06:46:06,btc,30.108593419388622,0.0,0.00015051999999999998865705952422189284334308467805385589599609375,btc,231.077492617847,0.0,0.028198323718741553,7
1,[],4,[],2019-01-26 06:46:06,18299.31980419,0.00015927,0.0000000056969445569999996,6505400,2019-01-26 06:46:06,btc,1.9284674989833415,0.0,0.00015927,btc,10688.44205469,2.68115468,2.677629688663432,7
1,[],5,[],2019-01-26 06:46:07,0.00569224,0.00016066,0.000000005746663606,6505401,2019-01-26 06:46:07,btc,1.24375569,0.06966749,0.00016066,btc,0.01123972,0.0,1.58110428,7
1,[],20,[],2019-01-26 06:46:09,61771509.8802,0.000000001,0.0000000000000357691,6505402,2019-01-26 06:46:09,btc,121.193338259396,0.0,0.000000001,btc,26031125.3262,0.0,0.0617715098802,8
1,[],1,[],2019-01-26 06:39:21,2781392.82,0.00000190999999999999992415680542812150832787665422074496746063232421875,0.00000000006832490199999999,6505222,2019-01-26 06:39:21,btc,7.1584445427,17911408.36,0.00000190999999999999992415680542812150832787665422074496746063232421875,btc,3664846.42,34.54865697,5.2324339361000005,9
1,[],4,[],2019-01-26 06:39:22,233048.0496426,0.00000189,0.000000000067609458,6505223,2019-01-26 06:39:22,btc,0.9352500737137898,0.0,0.00000189,btc,469825.73697396,1.13845877,0.3909747637879345,9
1,[],28,[],2019-01-26 06:39:28,34585.0,0.00000170,0.00000000006081274,6505224,2019-01-26 06:39:28,btc,2708.7536406632,3590323.892,0.00000170,btc,8861.21,0.0,0.0286845,9
0,[],2,[],2019-01-20 23:22:42,0.0,0,0,6476876,2019-01-20 23:22:42,,0.0,0.0,0,,0.0,0.0,0.0,9
0,[],23,[],2019-01-20 23:22:48,0.0,0,0,6476878,2019-01-20 23:22:48,,0.0,0.0,0,,0.0,0.0,0.0,9
1,[],4,[],2019-01-26 06:46:10,7166866.09026053,0.00000002,0.000000000000715382,6505403,2019-01-26 06:46:10,btc,0.2135370022856993,0.0,0.00000002,btc,4189461.70572456,0.00146052,0.0751667261052106,10
0,[],2,[],2019-01-20 23:23:08,0.0,0,0,6476890,2019-01-20 23:23:08,,0.0,0.0,0,,0.0,0.0,0.0,12
1,[],4,[],2019-01-26 06:46:11,1959809.72939393,0.00000143,0.000000000051149813,6505404,2019-01-26 06:46:11,btc,1.3462551165710068,0.0,0.00000143,btc,894339.2811571,1.55614463,2.582435238185433,12
1,[],5,[],2019-01-26 06:46:12,2.082e-05,0.00000140,0.00000000005007674,6505405,2019-01-26 06:46:12,btc,0.26295247,0.6594734,0.00000140,btc,0.00010842,0.0,0.15098914,12
0.0,[],25,[],2019-01-26 06:46:13,0.0,0,0,6505406,2019-01-26 06:46:13,,0.0,0.0,0.0,btc,0.0,0.0,0.0,12
1,[],4,[],2019-01-26 06:39:34,327189.25091671,0.00000693,0.000000000247901346,6505229,2019-01-26 06:39:34,btc,0.2805582044555411,0.0,0.00000693,btc,37643.03178126,0.51310718,1.5192265436421868,13
1,[],21,[],2019-01-26 06:39:37,1863034.84577292,0.000007060000000000000167565614162,0.000000000252551732,6505230,2019-01-26 06:39:37,btc,6.122934824486198,549424.93955749,0.00000706000000000000016756561416197968128471984528005123138427734375,btc,789647.06380984,3.878706,8.078803654941431,13
1,[],10,[],2019-01-26 05:45:25,565314.87887282,0.00000679,0.000000000242645403,6505065,2019-01-26 05:45:25,btc,666784.4660950344,15693.0861106,0.00000679,btc,834719.44108684,0.0,0.7553276623585244,13
1,[],4,[],2019-01-26 06:39:38,747886.78468106,0.00000192,0.00000000006868262399999999,6505231,2019-01-26 06:39:38,btc,0.1786382901672978,0.0,0.00000192,btc,69827.60108046,0.16731036,0.2159688429914133,14
1,[],12,[],2019-01-26 06:39:39,93684.47933816,0.00000181000000000000003456111265232042484285557293333113193511962890625,0.000000000064747682,6505232,2019-01-26 06:39:39,btc,1.7864965660535927,0.0,0.00000181000000000000003456111265232042484285557293333113193511962890625,btc,37907.62220723,0.0004551868397796,0.0214787364838332,14
1,[],26,[],2019-01-26 06:39:40,0.0,0.00000020,0.00000000000715444,6505233,2019-01-26 06:39:40,btc,0.0,0.0,0.00000020,btc,0.0,0.0,0.0,14
0,[],17,[],2019-01-25 15:48:21,0.0,0,0,6499443,2019-01-25 15:48:21,btc,0.0,0.0,0,btc,0.0,0.0,0.0,14
0,[],4,[],2019-01-26 06:39:41,0.0,0,0,6505234,2019-01-26 06:39:41,,0.0,0.0,0,,0.0,0.0,0.0,15
,[],12,[],2018-12-01 15:15:48,204241.84496,0.00000489,0.000000000202473384,5260204,2018-12-01 15:15:48,btc,49.5475654835,0.0,,btc,35763.2193806,0.0163153972027625,0.0203389899998,15
1,[],4,[],2019-01-26 06:39:43,25926.68900649,0.00001782,0.000000000637460604,6505235,2019-01-26 06:39:43,btc,1.2096345486509055,0.0,0.00001782,btc,6508.42513486,0.00887539,0.0884423813651703,18
1,[],10,[],2019-01-26 06:39:45,390899.09471043,0.000018,0.0000000006438996,6505236,2019-01-26 06:39:45,btc,15.55639647945007,312.40831283,0.000018,btc,10500.54211908,0.0,0.1967388196755757,18
1,[],12,[],2019-01-26 06:39:46,200370.51431703,0.00001732000000000000019032518616679539036340429447591304779052734375,0.000000000619574504,6505237,2019-01-26 06:39:46,btc,0.1969286816701292,0.0,0.00001732000000000000019032518616679539036340429447591304779052734375,btc,2086.90663457,0.0,0.019956072825321698,18
0,[],2,[],2019-01-20 23:23:38,0.0,0,0,6476906,2019-01-20 23:23:38,,0.0,0.0,0,,0.0,0.0,0.0,18
0,[],17,[],2019-01-25 15:48:32,0.0,0,0,6499450,2019-01-25 15:48:32,btc,0.0,0.0,0,btc,0.0,0.0,0.0,18
1,[],3,[],2019-01-26 06:39:47,108853.37236620068,0.0000381099999999999993448296375930794965825043618679046630859375,0.0000000013632785419999999,6505238,2019-01-26 06:39:47,btc,1.2539162075320083,0.80529903053,0.0000381099999999999993448296375930794965825043618679046630859375,btc,8295.293215847507,0.0,0.11583438793169817,19
1,[],4,[],2019-01-26 06:39:48,66618.57733513,0.00003906,0.0000000013972621319999999,6505239,2019-01-26 06:39:48,btc,1.7183750644976887,0.0,0.00003906,btc,35792.00672195,0.79241574,1.4301794582195753,19
1,[],5,[],2019-01-26 06:39:49,0.00029437,0.00003057,0.0000000010935561539999999,6505240,2019-01-26 06:39:49,btc,0.30949723,0.0,0.00003057,btc,0.00350476,0.0,0.19117301,19
1,[],12,[],2019-01-26 06:39:50,129522.42312129,0.0000368500000000000012441436769705660481122322380542755126953125,0.00000000131820557,6505241,2019-01-26 06:39:50,btc,1.9920402817121774,0.0,0.0000368500000000000012441436769705660481122322380542755126953125,btc,419.49251023,0.0,0.0382205220195365,19
0,[],27,[],2019-01-26 06:39:52,0.0,0,0,6505242,2019-01-26 06:39:52,,0.0,0.0,0,btc,0.0,0.0,0.0,19
0,[],2,[],2019-01-20 23:24:19,0.0,0,0,6476924,2019-01-20 23:24:19,,0.0,0.0,0,,0.0,0.0,0.0,19
1,[],4,[],2019-01-26 06:46:14,9443925.3670658,0.00000014,0.000000000005007674,6505407,2019-01-26 06:46:14,btc,0.8214117970258921,0.0,0.00000014,btc,1592904.2697911,0.00027197,0.3951825877258471,20
1,[],4,[],2019-01-26 06:39:54,128002659.11601596,0.00000002,0.000000000000715444,6505244,2019-01-26 06:39:54,btc,0.8182045276454453,0.0,0.00000002,btc,18301407.40173587,0.12518568,1.5698327665301597,21
1,[],12,[],2019-01-26 06:39:55,19817294.0,0.00000002,0.000000000000715444,6505245,2019-01-26 06:39:55,btc,668.0269141637974,0.0,0.00000002,btc,7961939.67233039,0.0141920851548457,0.26928240000000003,21
0,[],17,[],2019-01-25 15:49:42,0.0,0,0,6499491,2019-01-25 15:49:42,btc,0.0,0.0,0,btc,0.0,0.0,0.0,21
1,[],12,[],2019-01-26 06:46:15,4588691157.531896,0.0000000001,0.00000000000000357691,6505408,2019-01-26 06:46:15,btc,721663608789.0582,0.0,0.0000000001,btc,6482193481.345885,0.021428080756043952,0.45886911575318956,23
0,[],27,[],2019-01-26 06:46:20,0.0,0,0,6505409,2019-01-26 06:46:20,,0.424699,0.0,0,eth,424699.0,0.0,0.0,23
1,[],4,[],2019-01-26 06:40:00,2230082.72496659,0.00000085,0.00000000003040637,6505248,2019-01-26 06:40:00,btc,0.1103714671832748,0.0,0.00000085,btc,84246.80861335,0.00521982,0.4396071470858941,24
1,[],22,[],2019-01-26 06:40:10,11.76,0.00000100,0.0000000000357722,6505249,2019-01-26 06:40:10,BTC,7.415e-05,0.0,0.00000100,BTC,23.919354838709676,0.0,1.176e-05,24
0.0,[],25,[],2019-01-26 06:40:12,0.0,0,0,6505250,2019-01-26 06:40:12,,0.0,0.0,0.0,btc,0.0,0.0,0.0,24
0,[],2,[],2019-01-20 23:25:56,0.0,0,0,6476976,2019-01-20 23:25:56,,0.0,0.0,0,,0.0,0.0,0.0,26
1,[],4,[],2019-01-26 06:46:21,10023384.5885578,0.00000709,0.000000000253602919,6505410,2019-01-26 06:46:21,btc,0.4579613456795203,0.0,0.00000709,btc,37218.23025853,0.16926457,0.2017057667414756,26
1,[],10,[],2019-01-26 06:46:23,729740.3591186,0.0000073,0.00000000026111443000000003,6505411,2019-01-26 06:46:23,btc,27.975850847529728,0.0,0.0000073,btc,12715.42087038,0.0,0.2120301573061091,26
1,[],3,[],2019-01-26 06:40:15,8045385.51415143,0.00000001,0.000000000000357722,6505253,2019-01-26 06:40:15,btc,3.1195760572205957,29996.8149298,0.00000001,btc,17904770.9735503,0.0,0.0804538551415143,27
1,[],5,[],2019-01-26 06:40:16,1e-08,0.00000001,0.000000000000357722,6505254,2019-01-26 06:40:16,btc,2.61407479,0.0,0.00000001,btc,4.13e-05,0.0,0.02479358,27
1,[],11,[],2019-01-26 06:40:18,10597882.41182718,0.00000005,0.0000000000017886099999999998,6505255,2019-01-26 06:40:18,btc,370.53275036350783,1000.0,0.00000005,btc,8220964.80991447,0.0,0.4932896594767663,27
1,[],4,[],2019-01-26 06:40:19,244049276.0586963,0.00000003,0.0000000000010731659999999999,6505256,2019-01-26 06:40:19,btc,2.9443223700290693,0.0,0.00000003,"btc,ltc",105045865.0766549,1.22127101,3.273244607570652,29
1,[],7,[],2019-01-26 06:40:20,40133575.99441256,0.00000003,0.0000000000010731659999999999,6505257,2019-01-26 06:40:20,btc,44465238.10261809,70282.3893223,0.00000003,btc,38838780.51076072,0.00251166,0.7357602278480136,29
1,[],4,[],2019-01-26 06:40:22,1242684.98366236,0.00000036,0.000000000012877992,6505258,2019-01-26 06:40:22,btc,0.2861863429209832,0.0,0.00000036,btc,466274.85078543,0.01160585,0.0592474764104675,30
0,[],17,[],2019-01-25 15:50:57,0.0,0,0,6499534,2019-01-25 15:50:57,btc,0.0,0.0,0,btc,0.0,0.0,0.0,30
1,[],4,[],2019-01-26 06:40:24,35321.95728321,0.00009503,0.000000003399432166,6505259,2019-01-26 06:40:24,btc,1.3862978692953871,0.0,0.00009503,btc,12866.11656627,2.66185764,2.5349407917416933,31
1,[],21,[],2019-01-26 06:40:24,95457.1644917,0.00009464999999999999672276040918,0.00000000338583873,6505260,2019-01-26 06:40:24,btc,16.066743037698217,780417.69886542,0.0000946499999999999967227604091846160372369922697544097900390625,btc,152963.16713144002,72.51546558,8.57779274317573,31
0,[],2,[],2019-01-20 23:28:43,0.0,0,0,6477009,2019-01-20 23:28:43,,0.0,0.0,0,,0.0,0.0,0.0,32
1,[],4,[],2019-01-26 06:40:26,135336223.98274386,0.00000005,0.00000000000178861,6505261,2019-01-26 06:40:26,btc,0.4729777404184947,0.0,0.00000005,"btc,ltc",12583155.21496876,0.53521063,2.1167435801783645,33
1,[],12,[],2019-01-26 06:40:27,24270494.0,0.00000006,0.0000000000021463319999999997,6505262,2019-01-26 06:40:27,btc,17261783.050848585,0.0,0.00000006,btc,87398724.27072918,0.3720394946153832,0.9653727999999999,33
1,[],4,[],2019-01-25 15:51:47,121436519.49535657,0.00000002,0.000000000000712664,6499565,2019-01-25 15:51:47,btc,0.7770388655030004,0.0,0.00000002,btc,25623680.84561682,0.04566956,1.2289232726234858,34
1,[],5,[],2019-01-25 15:51:48,3e-08,0.00000002,0.000000000000712664,6499566,2019-01-25 15:51:48,btc,3.15691075,0.01219489,0.00000002,btc,1.394e-05,0.0,0.77186813,34
0,[],17,[],2019-01-25 15:49:25,0.0,0,0,6499481,2019-01-25 15:49:25,btc,0.08200904495920741,0.0,0,btc,5842697.91583647,0.0,0.0,36
0.0000000000920726,[],4,[],2019-01-26 06:46:24,2577952169.859532,3.682904e-18,1.317341614664e-22,6505412,2019-01-26 06:46:24,ltc,3.647218604141939e-09,0.0,0.00000004,ltc,635230441.6003737,0.0,6.940375193277988e-09,36
1,[],5,[],2019-01-26 06:46:25,0.0,0,0,6505413,2019-01-26 06:46:25,btc,202.44189641,0.0,0,btc,1.295e-05,0.0,0.0,36
0.0000000000920726,[],27,[],2019-01-26 06:46:28,1000000.0,9.20726e-19,3.29335403666e-23,6505414,2019-01-26 06:46:28,ltc,448.55669329,0.0,0.00000001,"ltc,eth",3581972.58,0.0,9.20726e-13,36
1,[],17,[],2019-01-25 15:49:17,1752.74075282,0.00000025,0.0000000000089083,6499476,2019-01-25 15:49:17,btc,0.05548731397418299,0.0,0.00000025,btc,1388.79251806,0.0,0.00043818518820499993,37
1,[],4,[],2019-01-26 06:46:29,430400.16031732,0.00000142,0.000000000050792122,6505415,2019-01-26 06:46:29,btc,0.4396029181009773,0.0,0.00000142,btc,233448.52011628,0.01256599,0.3770672671613019,37
1,[],12,[],2019-01-26 06:46:30,457182.57634996,0.000001430000000000000072932653839841155019030338735319674015045166015625,0.000000000051149813,6505416,2019-01-26 06:46:30,btc,1330.8950359341113,0.0,0.000001430000000000000072932653839841155019030338735319674015045166015625,btc,754721.24721844,0.2142677162537298,0.3510241453333249,37
1,[],27,[],2019-01-26 06:46:33,3640.0609574,0.00569910,0.00000020385167781,6505417,2019-01-26 06:46:33,btc,22.37095737308125,0.001833,0.00569910,btc,2948.884381,1.045e-05,0.000368193331273,37
1,[],5,[],2019-01-26 06:40:38,1.515e-05,0.00000128,0.000000000045788416,6505269,2019-01-26 06:40:38,btc,0.17205934,0.0583414,0.00000128,btc,0.00014245,0.0,0.05419679,42
1,[],12,[],2019-01-26 06:40:39,106730.63642045,0.000001269999999999999910766366496839285815667608403600752353668212890625,0.000000000045430694,6505270,2019-01-26 06:40:39,btc,109.11238918357031,0.0,0.000001269999999999999910766366496839285815667608403600752353668212890625,btc,101028.32474233,0.0429183995328736,0.0429144000000032,42
0,[],27,[],2019-01-26 06:40:41,0.0,0,0,6505271,2019-01-26 06:40:41,,0.00315028,0.0,0,"btc,eth",11.007,0.0,0.0,42
1,[],5,[],2019-01-26 06:40:42,3e-08,0.00000002,0.000000000000715444,6505272,2019-01-26 06:40:42,btc,6.15404046,3.472e-05,0.00000002,btc,1.425e-05,0.0,0.56542323,43
1,[],12,[],2019-01-26 06:40:43,6002618.0,0.00000001,0.000000000000357722,6505273,2019-01-26 06:40:43,btc,20007433.392927248,0.0,0.00000001,btc,40307756.1992008,0.0005651757942061,0.06002618,43
0,[],17,[],2019-01-25 15:47:37,0.0,0,0,6499419,2019-01-25 15:47:37,btc,0.0,0.0,0,btc,0.0,0.0,0.0,43
1,[],12,[],2019-01-26 06:46:34,762030.0,0.00000007,0.0000000000025038370000000002,6505418,2019-01-26 06:46:34,btc,11114761.219588628,0.0,0.00000007,btc,955800.89867649,0.0005034779620392,0.02039541,44
1,[],4,[],2019-01-26 06:46:35,237329237.6242539,0.00000003,0.000000000001073073,6505419,2019-01-26 06:46:35,btc,0.21975309559510936,0.0,0.00000003,"btc,ltc",6554842.53344355,0.00040696,0.6030549410725029,49
0.00000000009202119999999999,[],4,[],2019-01-26 06:40:47,4083781645.430455,1.840424e-18,6.58360154128e-23,6505276,2019-01-26 06:40:47,ltc,5.044116688118722,0.0,0.00000002,ltc,1636710054.3110626,0.0,4.7084926777872746e-09,52
0,[],22,[],2019-01-26 06:46:38,0.0,0,0,6505420,2019-01-26 06:46:38,,3693.62623838,0.0,0,,269200006.90882355,0.0,0.0,57
0,[],27,[],2019-01-26 06:46:40,0.0,0,0,6505421,2019-01-26 06:46:40,,0.0,0.0,0,"btc,eth",0.0,0.0,0.0,57
0,[],17,[],2019-01-25 15:52:59,0.0,0,0,6499584,2019-01-25 15:52:59,btc,1e+24,0.0,0,btc,41616695.958325684,0.0,0.0,58
0.00000000009202119999999999,[],4,[],2019-01-26 06:40:53,1464733351.2781398,6.441484e-18,2.3042605394479997e-22,6505279,2019-01-26 06:40:53,ltc,3.336677011581423,0.0,0.00000007,ltc,992955177.7177526,0.09991,6.538447571757966e-09,58
1,[],12,[],2019-01-26 06:40:54,2369049313.282997,0.0000000006,0.00000000000002146332,6505280,2019-01-26 06:40:54,btc,124018817925.45717,0.0,0.0000000006,btc,2969098070.6944056,0.1518115256531469,0.9279741292645631,58
0.00000000012660140000000001,[],22,[],2019-01-26 06:40:58,137438.0,1.2660140000000001e-18,4.52881060108e-23,6505281,2019-01-26 06:40:58,XMR,69.8835922,0.0,0.00000001,XMR,9887963.0,0.0,0.00137438,58
1,[],5,[],2019-01-26 06:46:42,7.93e-06,0.00000063,0.000000000022534532999999998,6505422,2019-01-26 06:46:42,btc,0.44792915,0.06441089,0.00000063,btc,0.00012202,0.0,0.05016078,61
1,[],22,[],2019-01-26 06:46:45,5111.5,0.00000011,0.0000000000039346009999999996,6505423,2019-01-26 06:46:45,BTC,1002.29606732,0.0,0.00000011,BTC,15028.700278135757,0.0,0.00051178,61
1,[],26,[],2019-01-26 06:46:45,0.0,0.00000800,0.0000000002861528,6505424,2019-01-26 06:46:45,btc,0.0,0.0,0.00000800,btc,0.0,0.0,0.0,61
0,[],27,[],2019-01-26 06:46:47,0.0,0,0,6505425,2019-01-26 06:46:47,,0.0,0.0,0,"btc,eth",0.0,0.0,0.0,61
1,[],28,[],2019-01-26 06:46:50,1923.782,0.00000023,0.000000000008226893,6505426,2019-01-26 06:46:50,btc,2.065678837430106,774.0,0.00000023,btc,11618.08240005,0.0,0.00017391298,61
1,[],4,[],2019-01-26 06:46:50,1363379.70318755,0.00000164,0.000000000058661324,6505427,2019-01-26 06:46:50,btc,0.4679966691052439,0.0,0.00000164,btc,169752.39997994,0.33800753,1.043824055720693,67
0.0,[],25,[],2019-01-26 06:46:51,0.0,0,0,6505428,2019-01-26 06:46:51,,0.0,0.0,0.0,btc,0.0,0.0,0.0,67
1,[],12,[],2019-01-26 06:46:53,2720441.55555556,0.00000009,0.000000000003219219,6505429,2019-01-26 06:46:53,btc,16893709.218010478,0.0,0.00000009,btc,2073649.62597398,0.0059861426873137,0.0694709000000004,71
,[],5,[],2018-11-20 23:02:39,1.5e-07,0.00000005,0.000000000002128045,4862160,2018-11-20 23:02:39,btc,2.84511358,0.0,,btc,0.00036572,0.0,0.07381892,74
1,[],5,[],2019-01-25 15:53:51,3.303e-05,0.00000156,0.000000000055588884,6499610,2019-01-25 15:53:51,btc,1.42844212,0.0,0.00000156,btc,0.00015937,0.0,0.49487621,75
1,[],4,[],2019-01-26 06:41:14,63482976.34002812,0.00000001,0.000000000000357722,6505288,2019-01-26 06:41:14,btc,0.7438928706909006,0.0,0.00000001,btc,14043858.59123171,0.0,0.6348297634002812,81
0,[],20,[],2019-01-25 09:30:31,0.0,0,0,6495923,2019-01-25 09:30:31,btc,0.0,0.0,0,btc,0.0,0.0,0.0,81
1,[],4,[],2019-01-26 06:41:15,24483.87296559,0.00007751,0.000000002772703222,6505289,2019-01-26 06:41:15,btc,1.524969705875936,0.0,0.00007751,btc,13179.23647392,0.00992195,0.13981195225742,82
1,[],21,[],2019-01-26 06:41:17,84037.11172595,0.00008100000000000000374613534637,0.0000000028975482,6505290,2019-01-26 06:41:17,btc,3.6196567104210176,11418.50439795,0.000081000000000000003746135346371914920382550917565822601318359375,btc,41282.2829887,0.92432497,5.254816348659575,82
0,[],17,[],2019-01-25 15:48:27,0.0,0,0,6499446,2019-01-25 15:48:27,btc,0.0447233088476774,0.0,0,btc,999127.19588126,0.0,0.0,84
0.00000000009202119999999999,[],4,[],2019-01-26 06:41:18,155105729.38253102,1.380318e-17,4.93770115596e-22,6505291,2019-01-26 06:41:18,ltc,0.19754182532942627,0.0,0.00000015,ltc,80821791.26155868,0.0,1.5195477813264662e-09,85
,[],22,[],2018-11-20 23:09:34,3408.1,0.0000001,0.0000000000041895,4862324,2018-11-20 23:09:34,BTC,0.04624735,0.0,,BTC,4990.0,0.0,0.00033081,86
0,[],22,[],2019-01-26 06:41:21,0.0,0,0,6505292,2019-01-26 06:41:21,,2.07810912,0.0,0,,154826.94736842104,0.0,0.0,87
0,[],27,[],2019-01-26 06:41:23,0.0,0,0,6505293,2019-01-26 06:41:23,,0.0,0.0,0,btc,0.0,0.0,0.0,87
,[],2,[],2018-11-20 23:10:47,0.0,0,0,4862359,2018-11-20 23:10:47,,0.0,0.0,,,0.0,0.0,0.0,88
1,[],11,[],2019-01-26 06:41:24,105337.56347535,0.00019803999999999999446879950237843104332569055259227752685546875,0.000000007084326488,6505294,2019-01-26 06:41:24,btc,235.09359618363388,371.99793,0.00019803999999999999446879950237843104332569055259227752685546875,btc,182694.80913358,0.0,8.397694658217441,89
0,[],2,[],2019-01-20 23:31:45,0.0,0,0,6477083,2019-01-20 23:31:45,,0.0,0.0,0,,0.0,0.0,0.0,91
0,[],17,[],2019-01-25 15:53:53,0.0,0,0,6499612,2019-01-25 15:53:53,btc,0.0,0.0,0,btc,0.0,0.0,0.0,91
1,[],12,[],2019-01-26 06:41:26,356532.75589122996,0.000002300000000000000001799775606325937360452371649444103240966796875,0.00000000008227606,6505295,2019-01-26 06:41:26,btc,0.2290429935288873,0.0,0.000002300000000000000001799775606325937360452371649444103240966796875,btc,23347.0861473,0.1672743505973735,0.22119165639998958,91
0.0000000000920726,[],22,[],2019-01-26 06:48:57,31170424.666666668,5.524356e-18,1.976012421996e-22,6505430,2019-01-26 06:48:57,LTC,8.97477495,0.0,0.00000006,LTC,75272634.1,3.20920888752e-13,1.20185727,95
0.00000000009202119999999999,[],4,[],2019-01-26 06:41:31,133071841.32373343,9.478183599999999e-17,3.3905547937592e-21,6505297,2019-01-26 06:41:31,ltc,1.4002258603451838,0.0,0.00000103,ltc,68667697.45383172,0.00752203,7.156411907271214e-10,96
1,[],12,[],2019-01-26 06:41:32,1204334.0,0.00000001,0.000000000000357722,6505298,2019-01-26 06:41:32,btc,255059.2635896603,0.0,0.00000001,btc,7846613.56674301,3.48e-06,0.01204334,96
0,[],17,[],2019-01-25 15:48:18,0.0,0,0,6499440,2019-01-25 15:48:18,btc,0.0,0.0,0,btc,0.0,0.0,0.0,96
1,[],4,[],2019-01-26 06:41:33,1578583.067335,0.00000042,0.000000000015024324,6505299,2019-01-26 06:41:33,btc,0.3192675439089315,0.0,0.00000042,btc,480334.12189647,0.02347552,0.1751481073498422,99
0,[],2,[],2019-01-20 23:23:55,0.0,0,0,6476914,2019-01-20 23:23:55,,0.0,0.0,0,,0.0,0.0,0.0,100
1,[],4,[],2019-01-26 06:48:58,132506.87584625,0.00004320,0.00000000154522512,6505431,2019-01-26 06:48:58,btc,1.5251604939394963,0.0,0.00004320,btc,28263.23599333,1.49940425,3.0153599975977627,100
1,[],22,[],2019-01-26 06:49:02,50000.0,0.00000001,0.000000000000357691,6505432,2019-01-26 06:49:02,BTC,23.49896609,0.0,0.00000001,BTC,10277.22,0.0,0.0005,101
1,[],4,[],2019-01-26 06:49:03,114319.9648524,0.00000110,0.00000000003934601,6505433,2019-01-26 06:49:03,btc,0.4112604665124641,0.0,0.00000110,btc,139921.83046688,0.01677104,0.0531626313715125,103
0,[],22,[],2019-01-26 06:41:47,0.0,0,0,6505303,2019-01-26 06:41:47,,1.07253299,0.0,0,,94300.0,0.0,0.0,107
1,[],26,[],2019-01-26 06:41:47,0.0,0.00000000,0,6505304,2019-01-26 06:41:47,btc,0.0,0.0,0.00000000,btc,0.0,0.0,0.0,107
1,[],5,[],2019-01-26 06:49:06,3e-08,0.00000002,0.000000000000715382,6505434,2019-01-26 06:49:06,btc,3.26648547,0.03136759,0.00000002,btc,1.589e-05,0.0,0.09884154,112
1,[],22,[],2019-01-26 06:49:10,43782.0,0.00000001,0.000000000000357691,6505435,2019-01-26 06:49:10,BTC,2.84243449,0.0,0.00000001,BTC,977103.5833333334,0.0,0.00043782,112
0,[],27,[],2019-01-26 06:49:12,0.0,0,0,6505436,2019-01-26 06:49:12,,1.25356065,0.0,0,"btc,eth",1328.0,0.0,0.0,112
1,[],4,[],2019-01-26 06:49:13,455569.36805857,0.00000450,0.00000000016096095,6505437,2019-01-26 06:49:13,btc,0.4470372457669242,0.0,0.00000450,btc,74212.94598173,0.12565013,0.4557867734765731,113
1,[],5,[],2019-01-26 06:49:14,2.922e-05,0.00000417,0.000000000149157147,6505438,2019-01-26 06:49:14,btc,2.20210839,0.0,0.00000417,btc,0.00323651,0.0,0.2574574,113
1,[],17,[],2019-01-25 15:48:03,233369.0,0.00000004,0.0000000000014253280000000002,6499431,2019-01-25 15:48:03,btc,1.337629057597492,0.0,0.00000004,btc,72546.975,0.0,0.00543476,116
0,[],27,[],2019-01-26 06:49:16,0.0,0,0,6505439,2019-01-26 06:49:16,,0.0,0.0,0,btc,0.0,0.0,0.0,116
1,[],4,[],2019-01-26 06:49:17,79581.68269373,0.00002536,0.000000000907104376,6505440,2019-01-26 06:49:17,btc,0.7243034974629072,0.0,0.00002536,btc,24915.19491809,2.12460053,1.3816204933213767,120
1,[],7,[],2019-01-26 06:49:19,4165.87613245,0.00001798999999999999885769326468665241236521978862583637237548828125,0.0000000006434861089999999,6505441,2019-01-26 06:49:19,btc,95.01981056692063,62.5577699,0.00001798999999999999885769326468665241236521978862583637237548828125,btc,26084.10517962,0.00112609,0.0477729855865693,120
1,[],20,[],2019-01-26 06:49:22,1211987.8588,0.000000013,0.0000000000004649983,6505442,2019-01-26 06:49:22,btc,31.4064986826774,0.0,0.000000013,btc,1110340.5464,0.0,0.0067998317606,125
1,[],22,[],2019-01-26 06:49:26,68433.0,0.00000001,0.000000000000357691,6505443,2019-01-26 06:49:26,BTC,0.01415863,0.0,0.00000001,BTC,293039.4,0.0,0.00068433,126
0,[],2,[],2019-01-20 23:25:46,0.0,0,0,6476969,2019-01-20 23:25:46,,0.0,0.0,0,,0.0,0.0,0.0,131
0,[],17,[],2019-01-25 15:50:14,0.0,0,0,6499505,2019-01-25 15:50:14,btc,0.0008451375975800001,0.0,0,btc,30.89614684,0.0,0.0,131
1,[],4,[],2019-01-26 06:49:28,311441.11907746,0.00001500,0.0000000005365365,6505444,2019-01-26 06:49:28,btc,0.6540613165591718,0.0,0.00001500,btc,34083.18884197,0.28062215,0.303439162049428,131
1,[],4,[],2019-01-26 06:42:08,6060.80049345,0.00019996,0.000000007153009112,6505316,2019-01-26 06:42:08,btc,1.6263552933341472,0.0,0.00019996,btc,203.60257325,0.00056797,0.0102563611283921,135
1,[],3,[],2019-01-26 06:42:08,638656.80018509,0.00000005,0.0000000000017886099999999998,6505317,2019-01-26 06:42:08,btc,0.2787421497584369,242309.031147,0.00000005,btc,979949.68036222,0.0,0.020339987337035,136
1,[],4,[],2019-01-26 06:49:29,79853.21057735,0.00000178,0.000000000063668998,6505445,2019-01-26 06:49:29,btc,0.4765981060880113,0.0,0.00000178,btc,184955.20528777,0.10362193,0.0884181952106216,137
1,[],12,[],2019-01-26 06:49:30,303273.87283407,0.00000181000000000000003456111265232042484285557293333113193511962890625,0.000000000064742071,6505446,2019-01-26 06:49:30,btc,11798.819670633447,0.0,0.00000181000000000000003456111265232042484285557293333113193511962890625,btc,131571.25973822,0.0693937456528579,0.0369272560000073,137
1,[],17,[],2019-01-25 15:53:39,12500.0,0.0000001,0.00000000000356339,6499603,2019-01-25 15:53:39,btc,0.5782815519287362,0.0,0.0000001,btc,4834.207754,0.0,0.00125,142
1,[],5,[],2019-01-26 06:49:32,0.00107681,0.00003451,0.000000001234391641,6505447,2019-01-26 06:49:32,btc,13.73709037,3.73920625,0.00003451,btc,0.00405894,0.0,1.98325777,142
1,[],20,[],2019-01-26 06:49:34,156449.8,0.000030061,0.0000000010752549151,6505448,2019-01-26 06:49:34,btc,2.505408914255,28.69,0.000030061,btc,5107.1897,0.00109018909,0.2887546686674,142
1,[],22,[],2019-01-26 06:49:37,990.0,0.00001880,0.00000000067245908,6505449,2019-01-26 06:49:37,BTC,0.00069415,0.0,0.00001880,BTC,9.0,0.0,0.00022106,142
0.0,[],25,[],2019-01-26 06:49:39,0.0,0,0,6505450,2019-01-26 06:49:39,,0.0,0.0,0.0,btc,0.0,0.0,0.0,142
1,[],28,[],2019-01-26 06:49:41,82971.032,0.00003155,0.000000001128515105,6505451,2019-01-26 06:49:41,btc,0.15558306278,48292.5723,0.00003155,btc,3267.722,0.0,0.16745585576,142
0,[],22,[],2019-01-25 15:57:33,0.0,0,0,6499726,2019-01-25 15:57:33,,59.04258297,0.0,0,,718491265.8,0.0,0.0,143
1,[],21,[],2019-01-26 06:42:23,48038669.57647618,0.0000003,0.00000000001073166,6505325,2019-01-26 06:42:23,btc,36.691853506810894,11869455.37443528,0.0000003,btc,72218534.17997181,3.60126801,8.85133137423215,145
0,[],22,[],2019-01-26 06:42:25,0.0,0,0,6505326,2019-01-26 06:42:25,,4.31668284,0.0,0,,1427838.5,0.0,0.0,146
,[],22,[],2018-11-20 23:01:11,0.0,0,0,4862114,2018-11-20 23:01:11,,2.56807021,0.0,,,61828.4988236,0.0,0.0,147
1,[],12,[],2019-01-26 05:41:18,8707378.72383479,0.00000268000000000000017518647123238029195135823101736605167388916015625,0.00000000009566045600000001,6504979,2019-01-26 05:41:18,btc,17.07384140960934,0.0,0.00000268000000000000017518647123238029195135823101736605167388916015625,btc,111210.72407238,0.01255734,0.122167940000016,148
1,[],4,[],2019-01-26 06:49:42,113516.4976487,0.00000037,0.000000000013234567,6505452,2019-01-26 06:49:42,btc,0.6903655380733367,0.0,0.00000037,btc,513873.1719915,0.0,0.0318037643534905,152
0,[],22,[],2019-01-26 06:49:44,0.0,0,0,6505453,2019-01-26 06:49:44,,0.0,0.0,0,,0.0,0.0,0.0,152
1,[],5,[],2019-01-26 06:42:35,0.0,0,0,6505329,2019-01-26 06:42:35,btc,4.34000855,1.928e-05,0,btc,0.00161275,0.0,0.0,153
,[],16,[],2019-01-11 15:38:59,0.0,0,0,6366141,2019-01-11 15:38:59,btc,0.0,0.0,,btc,0.0,0.0,0.0,155
0,[],22,[],2019-01-26 06:42:38,0.0,0,0,6505330,2019-01-26 06:42:38,,6.78948922,0.0,0,,4337721.742592593,0.0,0.0,156
0,[],23,[],2019-01-20 23:24:29,0.0,0,0,6476932,2019-01-20 23:24:29,,0.0,0.0,0,,0.0,0.0,0.0,156
1,[],22,[],2019-01-26 06:49:47,7906.0,0.00000801,0.000000000286510491,6505454,2019-01-26 06:49:47,BTC,43.78612537,0.0,0.00000801,BTC,1033.584498154164,0.0293087,0.00743836,157
0,[],22,[],2019-01-26 06:42:44,0.0,0,0,6505332,2019-01-26 06:42:44,,50175.67300261,0.0,0,,53770788.04179466,0.0,0.0,158
,[],17,[],2018-11-20 22:56:10,0.0,0,0,4861976,2018-11-20 22:56:10,btc,1.1265625,0.0,,btc,1000.0,0.0,0.0,159
,[],20,[],2018-11-20 22:56:12,0.0,0,0,4861977,2018-11-20 22:56:12,btc,11912.7940471,0.0,,btc,34413894.3617,0.0,0.0,159
1,[],12,[],2019-01-26 06:42:45,185736.47905162,0.000009929999999999999794170722766661896230289130471646785736083984375,0.000000000355217946,6505333,2019-01-26 06:42:45,btc,6.650607629985105,0.0,0.000009929999999999999794170722766661896230289130471646785736083984375,btc,13918.21908934,0.0031134522,0.1035475504000432,168
1,[],17,[],2019-01-25 15:48:46,29784.95,0.000001,0.0000000000356332,6499458,2019-01-25 15:48:46,btc,0.0353989844335,0.0,0.000001,btc,196.82520268,0.0,0.00716147,168
1,[],22,[],2019-01-26 06:42:48,1433447.0,0.00000001,0.000000000000357722,6505334,2019-01-26 06:42:48,BTC,1.13388286,0.0,0.00000001,BTC,690107.5537281231,4.516e-05,0.01433447,169
1,[],22,[],2019-01-26 06:42:52,162934.6,0.00000056,0.000000000020032432,6505335,2019-01-26 06:42:52,BTC,2.47078001,0.0,0.00000056,BTC,69608.56439849624,0.00817205,0.01895127,171
1,[],22,[],2019-01-26 06:49:50,75422.87719298246,0.00000019,0.000000000006796129,6505455,2019-01-26 06:49:50,BTC,2.84612777,0.0,0.00000019,BTC,242012.3394102434,6.836e-05,0.00378514,173
1,[],5,[],2019-01-26 06:43:01,5.868e-05,0.00000430,0.00000000015382046,6505337,2019-01-26 06:43:01,btc,0.39786867,0.0293415,0.00000430,btc,0.00035757,0.0,0.82358512,175
1,[],22,[],2019-01-26 06:49:54,60691.0,0.00000130,0.00000000004649983,6505456,2019-01-26 06:49:54,BTC,0.61033917,0.0,0.00000130,BTC,107747.01752081183,0.02803296,0.05154268,176
0,[],2,[],2019-01-20 23:28:34,0.0,0,0,6477001,2019-01-20 23:28:34,,0.0,0.0,0,,0.0,0.0,0.0,178
1,[],7,[],2019-01-26 06:49:55,0.0,0,0,6505457,2019-01-26 06:49:55,btc,10977.354263488538,1399.0,0,btc,121979470.32860084,1.399e-05,0.0,178
0,[],22,[],2019-01-26 06:49:58,0.0,0,0,6505458,2019-01-26 06:49:58,,1.00242428,0.0,0,,57512.0,0.0,0.0,178
0,[],23,[],2019-01-20 23:25:08,0.0,0,0,6476952,2019-01-20 23:25:08,,0.0,0.0,0,,0.0,0.0,0.0,179
1,[],5,[],2019-01-26 06:50:00,6e-08,0.00000003,0.000000000001073073,6505459,2019-01-26 06:50:00,btc,16.10796708,0.09488539,0.00000003,btc,2.114e-05,0.0,2.42067841,179
1,[],22,[],2019-01-26 06:50:07,9086992.5,0.00000002,0.000000000000715382,6505460,2019-01-26 06:50:07,BTC,5.54881226,0.0,0.00000002,"BTC,LTC",17821776.318656635,0.01340245,0.39987798,179
1,[],17,[],2019-01-25 15:52:29,10504.725,0.0000001,0.00000000000356339,6499572,2019-01-25 15:52:29,btc,5.207116757528441,0.0,0.0000001,btc,7944.1527587,0.0,0.0010504725,180
1,[],22,[],2019-01-26 06:50:15,1011.8709677419355,0.00000031,0.000000000011088421,6505461,2019-01-26 06:50:15,BTC,0.01978668,0.0,0.00000031,"BTC,LTC",15746.816254853482,1.9e-06,0.00026202,180
1,[],26,[],2019-01-26 06:50:15,0.0,0.00000020,0.00000000000715382,6505462,2019-01-26 06:50:15,btc,0.0,6005.99009998,0.00000020,btc,0.0,0.0,0.0,180
,[],7,[],2018-11-20 22:58:01,562227.975654,0.00000085,0.000000000036176765,4862015,2018-11-20 22:58:01,btc,21836.6059674,2491.87645172,,btc,749999.041456,0.00211021,0.127565380455,183
,[],5,[],2019-01-10 08:11:41,0.0,0,0,6347036,2019-01-10 08:11:41,btc,82.15055501,0.00261,,btc,1.19002445,0.0,0.0,187
1,[],24,[],2019-01-26 06:43:55,0.0,0.000000000001,3.57722e-17,6505345,2019-01-26 06:43:55,btc,0.0,0.0,0.000000000001,btc,0.0,0.0,0.0,187
,[],17,[],2018-11-16 20:58:10,4062536.27273,0.00000001,0.000000000000550501,4708775,2018-11-16 20:58:10,btc,3.36492563466,0.195460381006,,"btc,eth",110697919.549,0.0,0.0157628953496,187
0,[],22,[],2019-01-26 06:50:18,0.0,0,0,6505463,2019-01-26 06:50:18,,1.19413437,0.0,0,,14499.956201072173,0.0,0.0,191
0,[],22,[],2019-01-26 06:44:03,0.0,0,0,6505347,2019-01-26 06:44:03,,0.0,0.0,0,,0.0,0.0,0.0,197
0,[],23,[],2019-01-20 23:31:41,0.0,0,0,6477079,2019-01-20 23:31:41,,0.0,0.0,0,,0.0,0.0,0.0,199
1,[],26,[],2019-01-26 06:50:18,0.0,0.00000000,0,6505464,2019-01-26 06:50:18,btc,0.0,763278.0,0.00000000,btc,0.0,0.0,0.0,199
0,[],17,[],2019-01-25 15:51:02,0.0,0,0,6499537,2019-01-25 15:51:02,btc,6.802544163851783,0.0,0,btc,105897.55575295,0.0,0.0,200
0,[],2,[],2019-01-20 23:30:49,0.0,0,0,6477059,2019-01-20 23:30:49,,0.0,0.0,0,,0.0,0.0,0.0,201
1,[],4,[],2019-01-25 15:51:35,2084389.58565343,0.00000936,0.000000000333526752,6499557,2019-01-25 15:51:35,btc,2.0092503037378524,0.0,0.00000936,btc,160195.80207885,0.19272417,1.242687955921835,211
1,[],7,[],2019-01-26 06:52:21,19110283.020274177,0.000001179999999999999925426948273188276772316385176964104175567626953125,0.000000000042207537999999996,6505465,2019-01-26 06:52:21,btc,16317791.339315422,302459.916982,0.000001179999999999999925426948273188276772316385176964104175567626953125,btc,12730718.07717465,0.0,9.010201334119738,212
1,[],12,[],2019-01-25 02:44:32,207462.42853209,0.000001080000000000000035831255497387193287295303889550268650054931640625,0.000000000038610756000000006,6493050,2019-01-25 02:44:32,btc,85023.03793723314,0.0,0.000001080000000000000035831255497387193287295303889550268650054931640625,btc,43675.73520027,0.000146250909087,0.0348620860622024,213
1,[],5,[],2019-01-26 06:44:08,4.51e-06,0.00000030,0.00000000001073166,6505350,2019-01-26 06:44:08,btc,0.87355429,0.02694767,0.00000030,btc,2.886e-05,0.0,0.23105345,213
1,[],24,[],2019-01-26 06:44:08,0.0,0.000000050000,0.00000000000178861,6505351,2019-01-26 06:44:08,btc,0.0,0.0,0.000000050000,btc,0.0,0.0,0.0,213
1,[],26,[],2019-01-26 06:44:08,0.0,0.00000003,0.0000000000010731659999999999,6505352,2019-01-26 06:44:08,btc,0.0,0.0,0.00000003,btc,0.0,0.0,0.0,213
1,[],22,[],2019-01-26 06:52:25,303952.2,0.00000005,0.000000000001788455,6505466,2019-01-26 06:52:25,BTC,70.21637514,0.0,0.00000005,BTC,198489.86129395306,0.0,0.00594161,216
1,[],27,[],2019-01-26 06:52:27,5087945.0,0.00000015,0.000000000005365365,6505467,2019-01-26 06:52:27,btc,619.87938651916,0.0,0.00000015,"btc,ltc",268416.09411,0.0,0.0535075,216
1,[],22,[],2019-01-26 06:52:31,296264.8247499803,0.00000220,0.00000000007869202,6505468,2019-01-26 06:52:31,BTC,12677.79459356,0.0,0.00000220,BTC,338644.40131833754,0.02381612,0.4193704,217
1,[],7,[],2019-01-26 06:44:19,0.0,0,0,6505356,2019-01-26 06:44:19,btc,302.59303086911063,0.0,0,btc,135155897.1214003,0.0,0.0,219
0,[],27,[],2019-01-26 06:44:20,0.0,0,0,6505357,2019-01-26 06:44:20,,0.0747309448198,0.0,0,btc,1605140.29226592,0.0,0.0,219
0.0000000000000057999999999999996,[],28,[],2019-01-26 06:44:26,203816286.198,2.3200579999999998e-18,8.299357878759999e-23,6505358,2019-01-26 06:44:26,doge,82414.3393717675,14338.0,0.00040001,"btc,doge",4409472.34751,0.0,1.746213195967455e-11,219
1,[],22,[],2019-01-26 06:52:39,211961.0,0.00000085,0.000000000030403735,6505469,2019-01-26 06:52:39,BTC,2.09044433,0.0,0.00000085,BTC,21440.55212317522,0.00204165,0.02774618,221
1,[],24,[],2019-01-26 06:52:39,0.0,0.000000550000,0.000000000019673005,6505470,2019-01-26 06:52:39,btc,0.0,10699.71229,0.000000550000,btc,0.0,0.0071656,0.0,221
1,[],26,[],2019-01-26 06:44:30,0.0,0.00000020,0.00000000000715444,6505361,2019-01-26 06:44:30,btc,0.0,11404.0,0.00000020,btc,0.0,0.0,0.0,231
0,[],27,[],2019-01-26 06:52:42,0.0,0,0,6505472,2019-01-26 06:52:42,,0.001146299618,0.0,0,"btc,eth",11462.99618,0.0,0.0,234
1,[],26,[],2019-01-26 06:52:39,0.0,0.00000004,0.000000000001430764,6505471,2019-01-26 06:52:39,btc,0.0,0.0,0.00000004,btc,0.0,0.0,0.0,234
0,[],22,[],2019-01-25 20:35:43,0.0,0,0,6501978,2019-01-25 20:35:43,,3.07852116,0.0,0,,90316025.08996265,0.0,0.0,235
1,[],4,[],2019-01-26 06:44:32,624816.1940696,0.00000106,0.000000000037918531999999996,6505364,2019-01-26 06:44:32,btc,0.1737639446208342,0.0,0.00000106,btc,135386.02431488,0.02203438,0.145023119047237,236
1,[],24,[],2019-01-26 06:44:32,0.0,0.000000010000,0.000000000000357722,6505365,2019-01-26 06:44:32,btc,0.0,0.0,0.000000010000,btc,0.0,0.0,0.0,236
1,[],20,[],2019-01-26 06:44:34,34624681.907,0.000000068,0.0000000000024325096,6505366,2019-01-26 06:44:34,btc,14.3494062797039,10564707.7741,0.000000068,btc,25282499.3288,0.7096879353621,1.2422682118459,237
0,[],22,[],2019-01-26 06:44:36,0.0,0,0,6505367,2019-01-26 06:44:36,,0.04083605,0.0,0,,4179.0,0.0,0.0,237
1,[],4,[],2019-01-26 06:44:37,5209035.92120385,0.00000031,0.000000000011089382,6505368,2019-01-26 06:44:37,btc,0.5079499496889216,0.0,0.00000031,btc,1499017.64096447,0.19477599,1.442309903952496,238
1,[],5,[],2019-01-26 06:44:38,3.96e-06,0.00000032,0.000000000011447104,6505369,2019-01-26 06:44:38,btc,0.67697489,0.02918793,0.00000032,btc,2.906e-05,0.0,0.18426404,238
1,[],22,[],2019-01-26 06:52:46,257457.25,0.00000004,0.000000000001430764,6505473,2019-01-26 06:52:46,BTC,15.41177932,0.0,0.00000004,BTC,248115.19643307183,0.00115631,0.00829841,249
0.00000000009188810000000001,[],22,[],2019-01-26 05:43:41,2565300.8,4.594405000000001e-18,1.63993610951e-22,6505024,2019-01-26 05:43:41,LTC,0.43661897,0.0,0.00000005,LTC,12803035.29,5.00170819206e-13,0.05186212,252
1,[],28,[],2019-01-26 06:52:48,3107121.392,0.00000008,0.000000000002861528,6505474,2019-01-26 06:52:48,btc,164692.82775123123,18606.2,0.00000008,btc,1142592.6695,0.0,0.04603724994,256
0,[],27,[],2019-01-26 06:44:49,0.0,0,0,6505372,2019-01-26 06:44:49,,4.96668,0.0,0,"btc,eth",90.59,0.0,0.0,257
1,[],22,[],2019-01-26 06:44:52,49905.0,0.00000006,0.0000000000021463319999999997,6505373,2019-01-26 06:44:52,BTC,35605.68137805,0.0,0.00000006,BTC,715807.3310213444,0.00036497,0.00056762,258
1,[],22,[],2019-01-26 06:44:56,6321.654666666666,0.00000750,0.00000000026829149999999997,6505374,2019-01-26 06:44:56,BTC,4.68656113,0.0,0.00000750,BTC,6062.297238095238,0.0017653,0.03134727,262
1,[],5,[],2019-01-26 06:44:58,4.943e-05,0.00000221,0.000000000079056562,6505375,2019-01-26 06:44:58,btc,34448.29989986,0.38126207,0.00000221,btc,11111.11520347,0.0,0.2553317,264
1,[],20,[],2019-01-26 06:44:59,1778481.5952,0.0000038,0.00000000013593436,6505376,2019-01-26 06:44:59,btc,5.0361125975021,55943.5123,0.0000038,btc,82763.7408,0.2652551717699,0.0311495062277,264
1,[],22,[],2019-01-26 06:45:04,165743.0,0.00000003,0.0000000000010731659999999999,6505377,2019-01-26 06:45:04,BTC,6.33566388,0.0,0.00000003,BTC,223968.3801039501,0.00079509,0.00397663,271
0,[],22,[],2019-01-26 06:45:06,0.0,0,0,6505378,2019-01-26 06:45:06,,115.10659377,0.0,0,,11510659368.0,0.0,0.0,272
0.0000000000000057999999999999996,[],28,[],2019-01-26 06:45:08,375877471613.0,3.48e-21,1.24487256e-25,6505379,2019-01-26 06:45:08,doge,23247741.221691668,29848798475.388,0.0000006,doge,130865726056.9724,0.0,6.827057248241459e-10,272
