pairValue,buyBook,exchangeId,sellBook,updated,buyTotal,satoshiPrice,usdPrice,exchangeLogId,created,bestPair,sellTotalBtc,volume,pairPrice,activePairs,sellTotal,volumeBtc,buyTotalBtc,coinId
1,[],3,[],2019-05-11 14:29:51,32400.171714185544,0.0107669900000000005879652320572859025560319423675537109375,0.000000729908249187,7616012,2019-05-11 14:29:51,btc,3.4750284123681174,106.274765281,0.0107669900000000005879652320572859025560319423675537109375,btc,22.775456814760002,0.0,0.4976278767357811,1
1,[],4,[],2019-05-11 14:29:52,251103.74301216,0.01044229,0.000000707896414077,7616013,2019-05-11 14:29:52,btc,8.751165481767504,0.0,0.01044229,btc,392.23630377,2.67009544,0.342244686613471,1
1,[],5,[],2019-05-11 14:29:54,0.0,0,0,7616014,2019-05-11 14:29:54,btc,0.0,0.11750367,0,btc,0.0,0.0,0.0,1
1,[],10,[],2019-05-11 14:29:57,156066.43091019,0.00910328,0.000000617123185464,7616015,2019-05-11 14:29:57,btc,6525.365595328022,1774.17473266,0.00910328,btc,1478.95229514,0.0,3.5623922751779076,1
1,[],12,[],2019-05-11 14:29:59,84.75937893,0.01093000000000000047906123512575504719279706478118896484375,0.0000007409589090000001,7616016,2019-05-11 14:29:59,btc,0.1542058394531,0.0,0.01093000000000000047906123512575504719279706478118896484375,btc,10.53293597,0.6172458354183,0.4616084516475,1
1,[],20,[],2019-05-11 14:30:03,975.4202,0.010710031,0.0000007260469245303,7616017,2019-05-11 14:30:03,btc,0.078799673354,0.0319,0.010710031,btc,5.2078,0.000374825,0.1760787428416,1
1,[],21,[],2019-05-11 14:30:04,2241.43420222,0.01099999999999999936162176084,0.0000007457042999999999,7616018,2019-05-11 14:30:04,btc,16.528768138291742,6380.68138483,0.0109999999999999993616217608405349892564117908477783203125,"btc,eth",1918.88905337,64.43267912367796,15.607074614657252,1
0,[],22,[],2019-05-11 14:30:07,0.0,0,0,7616019,2019-05-11 14:30:07,,0.3163308,0.0,0,,0.2527518593615956,0.0,0.0,1
1,[],24,[],2019-05-11 14:30:09,0.0,0.000000000000,0,7616020,2019-05-11 14:30:09,btc,0.0,0.0,0.000000000000,btc,0.0,0.0,0.0,1
0.0,[],25,[],2019-05-11 14:30:09,0.0,0,0,7616021,2019-05-11 14:30:09,btc,32.39999999886149,6280.94198061,0.0,btc,2886.08819766,67.7421,0.0,1
1,[],26,[],2019-05-11 14:30:11,0.0,0,0,7616022,2019-05-11 14:30:11,,0.0,0.0,0,,0.0,0.0,0.0,1
1,[],28,[],2019-05-11 14:31:53,987.9,0.01131000,0.0000007667196030000001,7616023,2019-05-11 14:31:53,btc,0.1610538345,359496.9,0.01131000,btc,8.7456,0.0,0.024551096,1
0,[],2,[],2019-01-20 23:28:45,0.0,0,0,6477011,2019-01-20 23:28:45,,0.0,0.0,0,,0.0,0.0,0.0,1
1,[],5,[],2019-05-11 14:31:54,0.0,0,0,7616024,2019-05-11 14:31:54,btc,0.0,7.001e-05,0,btc,0.0,0.0,0.0,2
1,[],22,[],2019-05-11 14:31:57,9148.0,0.00000001,0.000000000000677913,7616025,2019-05-11 14:31:57,BTC,21.00846647,0.0,0.00000001,"BTC,XMR",24148.96059725142,0.0,0.00095635,2
1,[],5,[],2019-05-11 14:31:59,0.0,0,0,7616026,2019-05-11 14:31:59,btc,0.0,0.01842296,0,btc,0.0,0.0,0.0,3
1,[],12,[],2019-05-11 14:32:00,3287159.9851225,0.000000154,0.0000000000104398602,7616027,2019-05-11 14:32:00,btc,2714597.2593058497,0.0,0.000000154,btc,3257984.68748381,0.2962661587692845,0.35597748494729,3
0,[],28,[],2019-05-11 14:32:01,0.0,0,0,7616028,2019-05-11 14:32:01,,0.0,0.0,0,,0.0,0.0,0.0,3
0,[],2,[],2019-01-20 23:31:32,0.0,0,0,6477077,2019-01-20 23:31:32,,0.0,0.0,0,,0.0,0.0,0.0,4
1,[],4,[],2019-04-26 19:14:12,610911.70993152,0.00000026,0.000000000013566046,7471614,2019-04-26 19:14:12,btc,31.457742656463164,0.0,0.00000026,btc,718733.71307795,0.00142695,0.0638464483338706,4
0,[],12,[],2019-04-25 23:08:22,0.0,0,0,7459310,2019-04-25 23:08:22,btc,1111851.94727753,0.0,0,btc,953412.0,0.0,0.0,5
1,[],11,[],2019-05-11 14:32:04,5042415.307535999,0.00000001,0.000000000000677913,7616029,2019-05-11 14:32:04,btc,9576.518892469494,953882.934,0.00000001,btc,47477888.75253575,0.0,0.05042415307536,6
0,[],2,[],2019-01-20 23:31:51,0.0,0,0,6477087,2019-01-20 23:31:51,,0.0,0.0,0,,0.0,0.0,0.0,6
1,[],3,[],2019-05-11 14:32:05,11172.951860117237,0.000139750000000000008763823000634829440969042479991912841796875,0.000000009473834175,7616030,2019-05-11 14:32:05,btc,14.856866184975171,72.2557011207,0.000139750000000000008763823000634829440969042479991912841796875,btc,337.089402671701,0.0,0.03899187516563262,7
1,[],4,[],2019-05-11 14:32:05,50267.8244294,0.00013301,0.000000009016920813,7616031,2019-05-11 14:32:05,btc,7.995526776484328,0.0,0.00013301,btc,35825.88688526,5.65817796,3.0634074787328576,7
1,[],5,[],2019-05-11 14:32:06,0.0,0,0,7616032,2019-05-11 14:32:06,btc,0.0,0.81769721,0,btc,0.0,0.0,0.0,7
1,[],20,[],2019-04-07 22:06:50,3201475.0482,0.000000001,0.000000000000051590000000000004,7213932,2019-04-07 22:06:50,btc,30.8005781811902,0.0,0.000000001,btc,23077405.3926,0.0,0.0032014750482,8
1,[],4,[],2019-05-11 14:32:09,24085998.44246725,0.00000068,0.000000000046098084,7616033,2019-05-11 14:32:09,btc,4.473131628308415,0.0,0.00000068,btc,3529671.80682228,1.2631101,0.6770326781828624,9
1,[],28,[],2019-05-11 14:32:43,18055.0,0.00000021,0.000000000014236173,7616034,2019-05-11 14:32:43,btc,2708.775233808764,3495592.0,0.00000021,btc,25766.3492,0.0,0.00186155,9
0,[],2,[],2019-01-20 23:22:42,0.0,0,0,6476876,2019-01-20 23:22:42,,0.0,0.0,0,,0.0,0.0,0.0,9
0,[],23,[],2019-01-20 23:22:48,0.0,0,0,6476878,2019-01-20 23:22:48,,0.0,0.0,0,,0.0,0.0,0.0,9
1,[],1,[],2019-02-17 23:31:42,1822507.21,0.00000181000000000000003456111265232042484285557293333113193511962890625,0.000000000066086901,6701244,2019-02-17 23:31:42,btc,3.6990969245,17153386.5,0.00000181000000000000003456111265232042484285557293333113193511962890625,btc,1997391.71,31.11772986,3.2610482446,9
1,[],4,[],2019-02-17 11:22:43,4341674.27126056,0.00000002,0.0000000000007272960000000001,6696112,2019-02-17 11:22:43,btc,0.1997230937751353,0.0,0.00000002,btc,4109766.79808031,0.00215132,0.0479381022052112,10
1,[],4,[],2019-05-11 14:32:44,10024076.22822117,0.00000081,0.000000000054910953,7616035,2019-05-11 14:32:44,btc,6.103175062747233,0.0,0.00000081,btc,4507137.6917202,0.84248588,4.29024709548507,12
1,[],5,[],2019-05-11 14:32:45,0.0,0,0,7616036,2019-05-11 14:32:45,btc,0.0,0.12306895,0,btc,0.0,0.0,0.0,12
0.0,[],25,[],2019-05-11 14:32:46,0.0,0,0,7616037,2019-05-11 14:32:46,,0.0,0.0,0.0,btc,0.0,0.0,0.0,12
0,[],2,[],2019-01-20 23:23:08,0.0,0,0,6476890,2019-01-20 23:23:08,,0.0,0.0,0,,0.0,0.0,0.0,12
1,[],4,[],2019-05-11 14:32:47,32164218.45479239,0.00000601,0.000000000407425713,7616038,2019-05-11 14:32:47,btc,2.307835602614039,0.0,0.00000601,btc,283738.65206716,1.35422396,1.0077190961836449,13
1,[],21,[],2019-05-11 14:32:51,2948005.26185669,0.000006080000000000000233088288254,0.00000000041217110400000005,7616039,2019-05-11 14:32:51,btc,3.523957782012145,1600246.63566392,0.0000060800000000000002330882882539686562495262478478252887725830078125,btc,512294.32393747,9.65066838,15.900902269408311,13
1,[],10,[],2019-05-11 12:31:14,538460.15881305,0.00000579,0.00000000039098190899999996,7615952,2019-05-11 12:31:14,btc,666793.622420421,20275.5120606,0.00000579,btc,735016.2879454,0.0,0.4813342485167707,13
1,[],4,[],2019-05-11 14:32:52,1014765.27486826,0.00000084,0.000000000056944692,7616040,2019-05-11 14:32:52,btc,8.152904823410402,0.0,0.00000084,btc,1265934.22040253,0.01464796,0.1731048659664609,14
1,[],12,[],2019-05-11 14:32:53,254132.01270377,0.00000085,0.000000000057622605,7616041,2019-05-11 14:32:53,btc,0.11876203117436081,0.0,0.00000085,btc,14931.03903504,0.0,0.0279530199999729,14
1,[],26,[],2019-05-11 14:34:53,0.0,0.00000050,0.000000000033895650000000003,7616042,2019-05-11 14:34:53,btc,0.0,0.0,0.00000050,btc,0.0,0.0,0.0,14
0,[],17,[],2019-05-03 00:53:32,0.0,0,0,7558876,2019-05-03 00:53:32,btc,0.0,0.0,0,btc,0.0,0.0,0.0,14
0,[],4,[],2019-05-11 14:34:54,0.0,0,0,7616043,2019-05-11 14:34:54,,0.0,0.0,0,,0.0,0.0,0.0,15
,[],12,[],2018-12-01 15:15:48,204241.84496,0.00000489,0.000000000202473384,5260204,2018-12-01 15:15:48,btc,49.5475654835,0.0,,btc,35763.2193806,0.0163153972027625,0.0203389899998,15
1,[],4,[],2019-05-11 14:34:56,32115.68445161,0.00001246,0.000000000844679598,7616044,2019-05-11 14:34:56,btc,1.144793996086113,0.0,0.00001246,btc,16787.45147658,0.04581853,0.0600900672471664,18
1,[],10,[],2019-05-11 14:34:58,131653.24830368,0.00001498,0.0000000010155136740000001,7616045,2019-05-11 14:34:58,btc,15.409051604542404,9166.28148534,0.00001498,btc,9963.70135075,0.0,0.4964693091164207,18
1,[],12,[],2019-05-11 14:34:59,221663.22406419,0.00001202000000000000011252283826923559217902948148548603057861328125,0.000000000814851426,7616046,2019-05-11 14:34:59,btc,33215.32728158612,0.0,0.00001202000000000000011252283826923559217902948148548603057861328125,btc,1732.48267214,0.0066895279881905,0.0187642504635944,18
0,[],2,[],2019-01-20 23:23:38,0.0,0,0,6476906,2019-01-20 23:23:38,,0.0,0.0,0,,0.0,0.0,0.0,18
0,[],17,[],2019-05-03 00:53:39,0.0,0,0,7558882,2019-05-03 00:53:39,btc,0.0,0.0,0,btc,0.0,0.0,0.0,18
1,[],3,[],2019-05-11 14:37:00,158716.70100985077,0.0000128900000000000002531481968492954592875321395695209503173828125,0.000000000873829857,7616047,2019-05-11 14:37:00,btc,0.2563297826754371,877.526669329,0.0000128900000000000002531481968492954592875321395695209503173828125,btc,7252.566877867577,0.0,0.05168513871455099,19
1,[],4,[],2019-05-11 14:37:01,410051.62179601,0.00001260,0.00000000085417038,7616048,2019-05-11 14:37:01,btc,3.434493680597235,0.0,0.00001260,btc,113455.1868139,0.22328904,0.6664586319944812,19
1,[],5,[],2019-05-11 14:37:04,0.0,0,0,7616049,2019-05-11 14:37:04,btc,0.0,0.0012387,0,btc,0.0,0.0,0.0,19
1,[],12,[],2019-05-11 14:37:05,207156.68859168,0.000012239999999999999700226772925137908032411360181868076324462890625,0.000000000829765512,7616050,2019-05-11 14:37:05,btc,0.3021737081453633,0.0,0.000012239999999999999700226772925137908032411360181868076324462890625,btc,3005.57901296,0.00010264,0.0812115799996371,19
1,[],27,[],2019-05-11 14:37:13,100.0,0.0000001,0.00000000000677913,7616051,2019-05-11 14:37:13,btc,0.0,0.0,0.0000001,btc,0.0,0.0,1e-05,19
0,[],2,[],2019-01-20 23:24:19,0.0,0,0,6476924,2019-01-20 23:24:19,,0.0,0.0,0,,0.0,0.0,0.0,19
1,[],4,[],2019-05-11 14:37:14,1833878.57391266,0.00000009,0.000000000006101217,7616052,2019-05-11 14:37:14,btc,5.279309685630553,0.0,0.00000009,btc,2279170.28595418,0.0,0.0607385352282092,20
1,[],4,[],2019-05-11 14:37:15,73319152.80551691,0.00000001,0.000000000000677913,7616053,2019-05-11 14:37:15,btc,1831.8827586720074,0.0,0.00000001,btc,55179405.04778949,0.0126375,0.7331915280551692,21
1,[],12,[],2019-05-11 14:37:16,5215401.0,0.00000001,0.000000000000677913,7616054,2019-05-11 14:37:16,btc,2895.661719010819,0.0,0.00000001,btc,7235925.79820176,2.949e-05,0.05215401,21
0,[],17,[],2019-05-03 00:53:51,0.0,0,0,7558891,2019-05-03 00:53:51,btc,0.0,0.0,0,btc,0.0,0.0,0.0,21
1,[],12,[],2019-05-11 14:39:17,7845848604.808,0.0000000005,0.000000000000033895650000000006,7616055,2019-05-11 14:39:17,btc,311121819790.3129,0.0,0.0000000005,btc,2557329424.3720326,0.3455580461268732,1.861918133104,23
0.00000000027769090000000003,[],27,[],2019-05-11 14:39:24,39085518.78,5.553818e-18,3.7650054218340003e-22,7616056,2019-05-11 14:39:24,eth,183.879177704612,594415768.3165541,0.00000002,eth,7153214.7124,4.951915490480245e-09,1.8755253816070203e-10,23
1,[],4,[],2019-05-11 14:39:25,809366.81995831,0.00000030,0.00000000002033739,7616057,2019-05-11 14:39:25,btc,14.009801640186026,0.0,0.00000030,btc,2098189.25595494,0.023806,0.0624701545000777,24
1,[],22,[],2019-05-11 14:39:28,21.76,0.00000100,0.00000000006779130000000001,7616058,2019-05-11 14:39:28,BTC,7.415e-05,0.0,0.00000100,BTC,23.919354838709676,0.0,1.186e-05,24
0.0,[],25,[],2019-05-11 14:39:29,0.0,0,0,7616059,2019-05-11 14:39:29,,0.0,0.0,0.0,btc,0.0,0.0,0.0,24
1,[],4,[],2019-05-11 14:39:30,26980783.25160835,0.00000417,0.000000000282689721,7616060,2019-05-11 14:39:30,btc,11.265885917521036,0.0,0.00000417,btc,331450.24717865,0.07618736,0.4636471838155011,26
1,[],10,[],2019-05-11 14:39:32,70010.75505669,0.00000802,0.000000000543686226,7616061,2019-05-11 14:39:32,btc,25.834924265425176,3280.24315409,0.00000802,btc,19452.82190304,0.0,0.0630562918644098,26
0,[],2,[],2019-01-20 23:25:56,0.0,0,0,6476976,2019-01-20 23:25:56,,0.0,0.0,0,,0.0,0.0,0.0,26
1,[],11,[],2019-04-30 04:16:17,7094566.83690364,0.00000006,0.000000000003115554,7518027,2019-04-30 04:16:17,btc,67504.138725751,6116.07566417,0.00000006,btc,6591680.7351637,0.0,0.38529422037817224,27
1,[],5,[],2019-04-26 09:47:06,0.0,0,0,7465326,2019-04-26 09:47:06,btc,0.0,0.0,0,btc,0.0,0.0,0.0,27
1,[],3,[],2019-04-28 02:38:55,141621.60361514,0.00000001,0.0000000000005253330000000001,7491060,2019-04-28 02:38:55,btc,2.501704004580372,921815.184511,0.00000001,btc,21091882.2176418,0.0,0.0014162160361513999,27
1,[],4,[],2019-05-11 14:39:33,1480620364.6143658,0.00000001,0.000000000000677913,7616062,2019-05-11 14:39:33,btc,5.180169135201629,0.0,0.00000001,"btc,ltc",285821769.7616344,0.06144785,9.695537206919585,29
1,[],7,[],2019-05-11 14:39:34,113385941.7229273,0.00000001,0.000000000000677913,7616063,2019-05-11 14:39:34,btc,46550610.71260491,0.0,0.00000001,btc,41472910.21540755,0.0,1.133859417229273,29
1,[],4,[],2019-05-11 14:39:35,1566401.16000815,0.00000011,0.000000000007457043,7616064,2019-05-11 14:39:35,btc,2.845888633969633,0.0,0.00000011,btc,2548019.0501508,0.0,0.0382475571522799,30
0,[],17,[],2019-05-03 01:11:25,0.0,0,0,7559066,2019-05-03 01:11:25,btc,0.0,0.0,0,btc,0.0,0.0,0.0,30
1,[],4,[],2019-05-11 14:41:36,172854.76037986,0.00005433,0.000000003683101329,7616065,2019-05-11 14:41:36,btc,6.236542585479361,0.0,0.00005433,btc,59870.60159539,0.81017972,0.8078593094713395,31
1,[],21,[],2019-05-11 14:41:37,63533.169535969995,0.00005461000000000000060987673245,0.000000003702082893,7616066,2019-05-11 14:41:37,btc,4.181414666697792,280319.36101404,0.0000546100000000000006098767324491660701824002899229526519775390625,btc,68223.88481131,15.41998383,3.200195312605495,31
0,[],2,[],2019-01-20 23:28:43,0.0,0,0,6477009,2019-01-20 23:28:43,,0.0,0.0,0,,0.0,0.0,0.0,32
0,[],4,[],2019-05-11 14:41:38,0.0,0,0,7616067,2019-05-11 14:41:38,,0.0,0.0,0,,0.0,0.0,0.0,33
1,[],12,[],2019-03-30 07:55:10,40641173.964,0.00000003,0.000000000001228359,7108785,2019-03-30 07:55:10,btc,4233210.82356125,0.0,0.00000003,btc,28378394.68333462,0.0126927883965248,0.90752895892,33
0,[],4,[],2019-05-11 14:41:39,0.0,0,0,7616068,2019-05-11 14:41:39,,3.538328804109989,0.0,0,,147637840.98420072,0.01490338,0.0,34
1,[],5,[],2019-05-11 14:41:40,0.0,0,0,7616069,2019-05-11 14:41:40,btc,0.0,0.0049663,0,btc,0.0,0.0,0.0,34
0.000000000133684,[],4,[],2019-05-02 18:17:45,3384239970.6360936,1.3368400000000002e-18,7.293946092400001e-23,7556428,2019-05-02 18:17:45,ltc,5.381102735485169e-08,0.0,0.00000001,ltc,6862894551.7408495,0.0,4.524187362345155e-09,36
1,[],5,[],2019-05-02 18:17:46,0.0,0,0,7556429,2019-05-02 18:17:46,btc,0.0,0.0,0,btc,0.0,0.0,0.0,36
0.0000000002926451,[],17,[],2019-05-02 18:17:47,200000.0,2.9264510000000002e-18,1.596703856561e-22,7556430,2019-05-02 18:17:47,eth,0.20942468735267253,0.0,0.00000001,"btc,eth",1018272.20243647,0.0,5.852902e-13,36
0.000000000133684,[],27,[],2019-05-02 18:17:55,7883196.008,1.3368400000000002e-18,7.293946092400001e-23,7556431,2019-05-02 18:17:55,ltc,25567.4086131264,0.0,0.00000001,"ltc,eth",21753551.64,0.0,1.0538571751334722e-11,36
1,[],4,[],2019-05-11 14:41:41,266719.62685554,0.00000025,0.000000000016947825000000002,7616070,2019-05-11 14:41:41,btc,19772.86964619763,0.0,0.00000025,btc,941451.3611518,0.01580745,0.0205969847623537,37
1,[],12,[],2019-05-11 14:41:42,1268310.57142856,0.00000021,0.000000000014236173,7616071,2019-05-11 14:41:42,btc,19604.33524285586,0.0,0.00000021,btc,396816.02130865,0.0399697222411478,0.1254000599999976,37
1,[],27,[],2019-05-11 14:43:47,1600.0,0.00000015,0.000000000010168695,7616072,2019-05-11 14:43:47,btc,24.12824334291843,0.0,0.00000015,btc,5839.49448498,0.0,3e-05,37
1,[],17,[],2019-05-03 01:11:36,211752.74075282,0.00000025,0.000000000013700074999999998,7559074,2019-05-03 01:11:36,btc,0.055484923955058496,0.0,0.00000025,"btc,eth",1387.19918473,0.0,0.0005381851887916605,37
1,[],5,[],2019-05-11 14:43:49,0.0,0,0,7616073,2019-05-11 14:43:49,btc,0.0,0.06424578,0,btc,0.0,0.0,0.0,42
1,[],12,[],2019-05-11 14:43:51,363054.98723963,0.000002659999999999999943157448500929973533857264555990695953369140625,0.000000000180324858,7616074,2019-05-11 14:43:51,btc,2227607.684606661,0.0,0.000002659999999999999943157448500929973533857264555990695953369140625,btc,82495.49058374,0.3969912868001925,0.0780358698029086,42
1,[],27,[],2019-05-11 14:43:59,506.0,0.00000002,0.000000000001355826,7616075,2019-05-11 14:43:59,btc,1.22636089793465,0.0,0.00000002,"btc,eth",1336.4475157,0.0,3.000000431975964e-06,42
1,[],12,[],2019-03-13 09:13:29,1112112.0,0.00000001,0.000000000000386531,6919902,2019-03-13 09:13:29,btc,29058.00478931866,0.0,0.00000001,btc,5967681.93306694,9.99000999e-07,0.01112112,43
1,[],5,[],2019-04-26 22:38:52,0.0,0,0,7474154,2019-04-26 22:38:52,btc,0.0,0.02638891,0,btc,0.0,0.0,0.0,43
0,[],17,[],2019-04-26 22:38:53,0.0,0,0,7474155,2019-04-26 22:38:53,btc,0.0,0.0,0,btc,0.0,0.0,0.0,43
1,[],12,[],2019-03-05 01:54:08,639326.02,0.00000004,0.000000000001486676,6845775,2019-03-05 01:54:08,btc,11116042.728239931,0.0,0.00000004,btc,1103841.4595604,0.0003330765234764,0.014975410599999999,44
1,[],4,[],2019-05-11 14:44:00,130105357.71668,0.00000001,0.000000000000677913,7616076,2019-05-11 14:44:00,btc,436.825234106876,0.0,0.00000001,"btc,ltc",23049031.09584506,0.00153022,0.27256830681727134,49
1,[],4,[],2019-05-11 14:44:01,73376858.6613158,0.00000001,0.000000000000677913,7616077,2019-05-11 14:44:01,btc,21614.57385354818,0.0,0.00000001,"btc,ltc",96849207.71146657,0.06962594,0.002534930277093791,52
0,[],22,[],2019-05-11 14:44:03,0.0,0,0,7616078,2019-05-11 14:44:03,,10289.64343849,0.0,0,,311140042.4566013,0.0,0.0,57
0,[],27,[],2019-05-11 14:44:14,0.0,0,0,7616079,2019-05-11 14:44:14,,0.0,0.0,0,"btc,eth",0.0,0.0,0.0,57
0.0000000001267721,[],4,[],2019-05-11 14:44:16,1049369965.9406304,1.267721e-18,8.59404546273e-23,7616080,2019-05-11 14:44:16,ltc,19.110262922773806,0.0,0.00000001,ltc,6047340889.257433,0.0,1.3303083425922219e-09,58
1,[],12,[],2019-05-11 14:44:18,1509093716.0,0.0000000001,0.00000000000000677913,7616081,2019-05-11 14:44:18,btc,120178908.84353103,0.0,0.0000000001,btc,4510829613.214794,0.027979339502595606,0.1509093716,58
0.0000000001096351,[],22,[],2019-05-11 14:46:22,137323.0,1.096351e-18,7.43230595463e-23,7616082,2019-05-11 14:46:22,XMR,69.17947824,0.0,0.00000001,XMR,9887848.044444444,0.0,0.00137323,58
1,[],17,[],2019-05-03 01:12:09,1200000.0,0.0000000001,0.00000000000000548003,7559085,2019-05-03 01:12:09,btc,1e+24,0.0,0.0000000001,"btc,eth",39516342.31952568,0.0,0.00010000000058666061,58
1,[],5,[],2019-05-11 14:46:23,0.0,0,0,7616083,2019-05-11 14:46:23,btc,0.0,0.06516836,0,btc,0.0,0.0,0.0,61
1,[],22,[],2019-05-11 14:46:26,13613.833333333334,0.00000012,0.000000000008134956,7616084,2019-05-11 14:46:26,BTC,1002.29626883,0.0,0.00000012,BTC,15392.180177125656,0.0,0.00153269,61
1,[],26,[],2019-05-11 14:46:27,0.0,0.00000050,0.000000000033895650000000003,7616085,2019-05-11 14:46:27,btc,0.0,0.0,0.00000050,btc,0.0,0.0,0.0,61
0.00000000027769090000000003,[],27,[],2019-05-11 14:46:34,100000.0,2.776909e-18,1.8825027109170002e-22,7616086,2019-05-11 14:46:34,eth,1.9482732497246655,0.0,0.00000001,"btc,eth",13266.51663696,0.0,2.776909e-13,61
1,[],28,[],2019-05-11 14:47:19,1039.304,0.00000008,0.000000000005423304,7616087,2019-05-11 14:47:19,btc,2.056501795415105,852.0,0.00000008,btc,10022.46650005,0.0,2.439304e-05,61
1,[],4,[],2019-05-11 14:47:20,1162876.50914668,0.00000096,0.000000000065079648,7616088,2019-05-11 14:47:20,btc,2.205932626803046,0.0,0.00000096,btc,735513.36994175,0.09535636,0.7446173742361798,67
0.0,[],25,[],2019-05-11 14:47:21,0.0,0,0,7616089,2019-05-11 14:47:21,,0.0,0.0,0.0,btc,0.0,0.0,0.0,67
1,[],12,[],2019-05-11 14:47:22,1435900.0,0.00000012,0.000000000008134956,7616090,2019-05-11 14:47:22,btc,55556353.35991938,0.0,0.00000012,btc,1528434.45756681,0.00013865922078,0.02161702,71
,[],5,[],2018-11-20 23:02:39,1.5e-07,0.00000005,0.000000000002128045,4862160,2018-11-20 23:02:39,btc,2.84511358,0.0,,btc,0.00036572,0.0,0.07381892,74
1,[],5,[],2019-05-11 14:47:24,0.0,0,0,7616091,2019-05-11 14:47:24,btc,0.0,0.01159625,0,btc,0.0,0.0,0.0,75
1,[],4,[],2019-05-11 14:47:24,58543.099,0.00000001,0.000000000000677913,7616092,2019-05-11 14:47:24,btc,133650.8149829686,0.0,0.00000001,btc,35130061.32523591,0.0002,0.00058543099,81
0,[],20,[],2019-01-25 09:30:31,0.0,0,0,6495923,2019-01-25 09:30:31,btc,0.0,0.0,0,btc,0.0,0.0,0.0,81
1,[],4,[],2019-05-11 14:47:26,28420.98485084,0.00006705,0.000000004545406665,7616093,2019-05-11 14:47:26,btc,18.915491278504764,0.0,0.00006705,btc,30598.9796321,0.25318789,0.3651834103794209,82
1,[],21,[],2019-05-11 14:47:27,3246568.76699222,0.00006707000000000000667407101806,0.000000004546762491000001,7616094,2019-05-11 14:47:27,btc,2.837791310548272,12305.51462782,0.000067070000000000006674071018064609006614773534238338470458984375,btc,36803.32464561,0.80537771,1.3668018288323773,82
0,[],17,[],2019-03-25 22:42:34,0.0,0,0,7038780,2019-03-25 22:42:34,btc,0.0445064681804024,0.0,0,btc,995513.18476001,0.0,0.0,84
0.00000000013644,[],4,[],2019-05-01 19:17:39,299701867.376,1.3644e-18,7.259508504e-23,7542161,2019-05-01 19:17:39,ltc,1.6769037726995486,0.0,0.00000001,ltc,427823536.87452894,0.00010978,4.089132278478144e-10,85
,[],22,[],2018-11-20 23:09:34,3408.1,0.0000001,0.0000000000041895,4862324,2018-11-20 23:09:34,BTC,0.04624735,0.0,,BTC,4990.0,0.0,0.00033081,86
1,[],22,[],2019-05-11 14:47:30,89999.0,0.00000001,0.000000000000677913,7616095,2019-05-11 14:47:30,BTC,3.66445213,0.0,0.00000001,BTC,336978.29736842104,0.0,0.00089999,87
1,[],27,[],2019-05-11 14:47:35,10674.0,0.00000001,0.000000000000677913,7616096,2019-05-11 14:47:35,btc,4.960708560736,0.0,0.00000001,btc,10217.62841,0.0,0.00010674,87
,[],2,[],2018-11-20 23:10:47,0.0,0,0,4862359,2018-11-20 23:10:47,,0.0,0.0,,,0.0,0.0,0.0,88
1,[],11,[],2019-05-11 14:47:37,78079.89479349,0.00013699999999999999612983192509574337236699648201465606689453125,0.0000000092874081,7616097,2019-05-11 14:47:37,btc,176.96883447407507,4800.09129458,0.00013699999999999999612983192509574337236699648201465606689453125,btc,190869.09783145,0.0,4.460993349854331,89
0,[],2,[],2019-01-20 23:31:45,0.0,0,0,6477083,2019-01-20 23:31:45,,0.0,0.0,0,,0.0,0.0,0.0,91
1,[],12,[],2019-05-11 14:47:38,392583.0,0.00000019,0.000000000012880347000000002,7616098,2019-05-11 14:47:38,btc,89.86348164750697,0.0,0.00000019,btc,198531.85145693,0.0174702322575101,0.0283919633,91
1,[],22,[],2019-05-11 14:49:42,76014.0,0.0000008,0.00000000005423304,7616099,2019-05-11 14:49:42,BTC,0.1,0.0,0.0000008,"BTC,LTC",1.0,0.0,0.0017135,91
0,[],17,[],2019-05-03 01:12:26,0.0,0,0,7559096,2019-05-03 01:12:26,btc,0.0,0.0,0,btc,0.0,0.0,0.0,91
1,[],22,[],2019-04-09 20:17:52,374949.73333333334,0.00000015,0.000000000007771935,7235704,2019-04-09 20:17:52,BTC,6.87372503,0.0,0.00000015,"BTC,LTC",159980.01196797504,1.1e-05,0.80510266,95
0.0000000001267721,[],4,[],2019-05-11 14:49:44,548610328.576088,7.7330981e-17,5.2423677322653e-21,7616100,2019-05-11 14:49:44,ltc,11.302456675345297,0.0,0.00000061,ltc,135214983.32415918,0.0,1.442686912194099e-09,96
0,[],12,[],2019-05-11 14:49:45,0.0,0,0,7616101,2019-05-11 14:49:45,btc,25054.270768496473,0.0,0,btc,7546730.46658341,2.3576423576e-06,0.0,96
0,[],17,[],2019-05-03 01:12:32,0.0,0,0,7559100,2019-05-03 01:12:32,btc,0.0,0.0,0,btc,0.0,0.0,0.0,96
1,[],4,[],2019-04-14 03:32:46,1039404.33283278,0.00000038,0.000000000019245518,7293458,2019-04-14 03:32:46,btc,4.170086055365747,0.0,0.00000038,btc,3097704.34561074,0.06260606,0.1859928211030784,99
1,[],4,[],2019-05-11 14:51:46,438955.63763639,0.00003224,0.000000002185591512,7616102,2019-05-11 14:51:46,btc,7.048723845113171,0.0,0.00003224,btc,121668.67664332,0.52947581,0.513871786099654,100
0,[],2,[],2019-01-20 23:23:55,0.0,0,0,6476914,2019-01-20 23:23:55,,0.0,0.0,0,,0.0,0.0,0.0,100
1,[],22,[],2019-05-11 14:51:49,130000.0,0.00000001,0.000000000000677913,7616103,2019-05-11 14:51:49,BTC,24.83526409,0.0,0.00000001,BTC,11187.719,0.0,0.0013,101
1,[],4,[],2019-05-11 14:51:51,649381.46008313,0.00000647,0.000000000438609711,7616104,2019-05-11 14:51:51,btc,254.79733833762785,0.0,0.00000647,btc,378434.934337,1.55013314,0.9657943566541336,103
1,[],12,[],2019-05-11 14:51:54,100571339.76392001,0.000000005,0.0000000000003389565,7616105,2019-05-11 14:51:54,btc,468525221.2057984,0.0,0.000000005,btc,108853477.59604809,0.09945589819870408,0.23897987696776007,105
0,[],27,[],2019-05-11 14:52:01,0.0,0,0,7616106,2019-05-11 14:52:01,,0.0584885651331397,0.0,0,btc,600596.63747933,0.0,0.0,105
1,[],22,[],2019-04-21 00:17:26,21333.0,0.00000001,0.000000000000532493,7385819,2019-04-21 00:17:26,BTC,51.38182867,0.0,0.00000001,BTC,470435.0,0.0,0.00021333,107
1,[],26,[],2019-04-21 00:17:26,0.0,0.00000000,0,7385820,2019-04-21 00:17:26,btc,0.0,0.0,0.00000000,btc,0.0,0.0,0.0,107
1,[],5,[],2019-05-11 14:52:03,0.0,0,0,7616107,2019-05-11 14:52:03,btc,0.0,0.00144267,0,btc,0.0,0.0,0.0,112
1,[],22,[],2019-05-11 14:52:07,79003.0,0.00000001,0.000000000000677913,7616108,2019-05-11 14:52:07,BTC,2.78774668,0.0,0.00000001,BTC,1151913.0833333333,0.00229029,0.00079003,112
1,[],27,[],2019-05-11 14:52:19,1.0,0.00000001,0.000000000000677913,7616109,2019-05-11 14:52:19,btc,1.25032588,0.0,0.00000001,"btc,eth",1819.0,0.0,1e-08,112
1,[],4,[],2019-05-11 14:52:20,370473.89008705,0.00000153,0.00000000010372068900000001,7616110,2019-05-11 14:52:20,btc,4.8399949495797845,0.0,0.00000153,btc,522285.09838115,0.00878498,0.2047986239834511,113
1,[],5,[],2019-05-11 14:52:21,0.0,0,0,7616111,2019-05-11 14:52:21,btc,0.0,0.00712242,0,btc,0.0,0.0,0.0,113
1,[],17,[],2019-04-26 02:17:47,162738.278,0.00000004,0.0000000000021069000000000002,7461287,2019-04-26 02:17:47,btc,1.3331140273775473,0.0,0.00000004,btc,51796.221,0.0,0.00230953112,116
0,[],27,[],2019-04-26 02:19:51,0.0,0,0,7461288,2019-04-26 02:19:51,,0.0,0.0,0,,0.0,0.0,0.0,116
1,[],4,[],2019-05-07 20:09:28,131822.85721655,0.00001022,0.00000000060230548,7572994,2019-05-07 20:09:28,btc,132.18460413545117,0.0,0.00001022,btc,268070.13193351,0.06918336,1.0489745103085106,120
1,[],7,[],2019-05-07 20:09:30,9501.79941055,0.000011699999999999999788190263583231853772304020822048187255859375,0.0000000006895277999999999,7572995,2019-05-07 20:09:30,btc,231185.88817567716,62.23644451,0.000011699999999999999788190263583231853772304020822048187255859375,btc,4076.97424313,0.00072692,0.018013380795019,120
1,[],20,[],2019-04-07 18:42:29,1914137.0852,0.000000035,0.0000000000017871910000000002,7211992,2019-04-07 18:42:29,btc,32.2497668025648,25528.85,0.000000035,btc,1001975.4986,0.00089350975,0.0152723574729,125
1,[],22,[],2019-05-11 14:52:24,10000.0,0.00000001,0.000000000000677913,7616112,2019-05-11 14:52:24,BTC,0.032061,0.0,0.00000001,BTC,299316.7611111111,0.0,0.0001,126
1,[],4,[],2019-05-11 14:52:25,2183910.07668781,0.00000681,0.00000000046165875300000003,7616113,2019-05-11 14:52:25,btc,3.319175696119073,0.0,0.00000681,btc,167938.04797215,0.1332043,0.3312373601516287,131
0,[],2,[],2019-01-20 23:25:46,0.0,0,0,6476969,2019-01-20 23:25:46,,0.0,0.0,0,,0.0,0.0,0.0,131
1,[],17,[],2019-05-03 01:13:10,10000.0,0.00000001,0.000000000000548003,7559115,2019-05-03 01:13:10,btc,0.0953976503951408,0.0,0.00000001,btc,5037.62507334,0.0,0.0001,131
1,[],4,[],2019-05-11 14:54:26,4712.74998329,0.00010321,0.0000000069967400730000005,7616114,2019-05-11 14:54:26,btc,6.011873954318728,0.0,0.00010321,btc,195.61424306,0.0005214,0.0073817379537183,135
1,[],3,[],2019-05-11 14:54:27,72005.0,0.00000001,0.000000000000677913,7616115,2019-05-11 14:54:27,btc,0.2050087670486088,728604.5,0.00000001,btc,1779619.68412391,0.0,0.00072005,136
1,[],4,[],2019-05-11 14:54:29,2411835.26724797,0.00000211,0.000000000143039643,7616116,2019-05-11 14:54:29,btc,318.11585523965937,0.0,0.00000211,btc,515717.242843,0.20340608,0.6164780351615828,137
1,[],12,[],2019-05-11 14:54:30,328762.7178364,0.0000019499999999999999646983772638719756287173368036746978759765625,0.000000000132193035,7616117,2019-05-11 14:54:30,btc,48531.242507703646,0.0,0.0000019499999999999999646983772638719756287173368036746978759765625,btc,41733.39122142,0.0013470882217779,0.0315696557271146,137
1,[],4,[],2019-05-11 14:54:31,60220.33086189,0.00002910,0.0000000019727268300000002,7616118,2019-05-11 14:54:31,btc,5.26636149188084,0.0,0.00002910,btc,75610.23763542,0.36160173,0.3277144275967879,142
1,[],5,[],2019-05-11 14:54:32,0.0,0,0,7616119,2019-05-11 14:54:32,btc,0.0,0.12916001,0,btc,0.0,0.0,0.0,142
1,[],20,[],2019-05-11 14:56:34,162671.9467,0.00002857,0.000000001936797441,7616120,2019-05-11 14:56:34,btc,1.7238169568153,482.2335,0.00002857,btc,8546.1606,0.015706494573,0.046541156071,142
1,[],22,[],2019-05-11 14:56:37,1370.0,0.00000200,0.00000000013558260000000001,7616121,2019-05-11 14:56:37,BTC,3.2756588,0.0,0.00000200,BTC,1135.5948275773155,0.0,0.0003632,142
0.0,[],25,[],2019-05-11 14:56:39,0.0,0,0,7616122,2019-05-11 14:56:39,,0.0,0.0,0.0,btc,0.0,0.0,0.0,142
1,[],28,[],2019-05-11 14:57:26,79102.0,0.00003311,0.000000002244569943,7616123,2019-05-11 14:57:26,btc,0.0555251924,243847.99,0.00003311,btc,438.37303,0.0,0.07347342,142
1,[],17,[],2019-05-03 01:13:16,32967.38636364,0.00000088,0.000000000048224264,7559122,2019-05-03 01:13:16,btc,20.06976206696776,0.0,0.00000088,btc,2746.079105,0.0,0.0105613000000032,142
0,[],22,[],2019-05-11 14:57:30,0.0,0,0,7616124,2019-05-11 14:57:30,,64.16505383,0.0,0,,688775795.8,0.0,0.0,143
0,[],22,[],2019-02-25 15:42:22,0.0,0,0,6783783,2019-02-25 15:42:22,,4.2131946,0.0,0,,2322156.0,0.0,0.0,146
,[],22,[],2018-11-20 23:01:11,0.0,0,0,4862114,2018-11-20 23:01:11,,2.56807021,0.0,,,61828.4988236,0.0,0.0,147
1,[],12,[],2019-04-21 06:38:04,193091.5971266,0.00000071,0.000000000037635183,7388679,2019-04-21 06:38:04,btc,2.301232411611175,0.0,0.00000071,btc,9957.48302385,0.00023528,0.0313308199999888,148
1,[],4,[],2019-03-19 21:31:25,255810.0415942,0.00000029,0.000000000011615747,6982695,2019-03-19 21:31:25,btc,218.94922712414143,0.0,0.00000029,btc,793529.37642722,0.00117,0.0608347789473395,152
0,[],22,[],2019-03-19 21:31:27,0.0,0,0,6982696,2019-03-19 21:31:27,,0.0,0.0,0,,0.0,0.0,0.0,152
1,[],5,[],2019-04-26 09:36:59,0.0,0,0,7465040,2019-04-26 09:36:59,btc,0.0,0.0,0,btc,0.0,0.0,0.0,153
,[],16,[],2019-01-11 15:38:59,0.0,0,0,6366141,2019-01-11 15:38:59,btc,0.0,0.0,,btc,0.0,0.0,0.0,155
0,[],22,[],2019-05-11 14:57:34,0.0,0,0,7616125,2019-05-11 14:57:34,,6.80191271,0.0,0,,4673448.342592592,0.0,0.0,156
0,[],23,[],2019-01-20 23:24:29,0.0,0,0,6476932,2019-01-20 23:24:29,,0.0,0.0,0,,0.0,0.0,0.0,156
1,[],22,[],2019-05-11 14:57:37,7066.0,0.00000800,0.0000000005423304000000001,7616126,2019-05-11 14:57:37,BTC,1.79802465,0.0,0.00000800,BTC,802.6461988741639,0.0,0.00062996,157
0,[],22,[],2019-05-07 22:25:46,0.0,0,0,7574238,2019-05-07 22:25:46,,50234.60468402,0.0,0,,54786159.03179465,0.0,0.0,158
,[],17,[],2018-11-20 22:56:10,0.0,0,0,4861976,2018-11-20 22:56:10,btc,1.1265625,0.0,,btc,1000.0,0.0,0.0,159
,[],20,[],2018-11-20 22:56:12,0.0,0,0,4861977,2018-11-20 22:56:12,btc,11912.7940471,0.0,,btc,34413894.3617,0.0,0.0,159
1,[],12,[],2019-05-11 14:57:39,266388.83765044,0.0000039899999999999999147361727513949603007858968339860439300537109375,0.000000000270487287,7616127,2019-05-11 14:57:39,btc,23.175156178176334,0.0,0.0000039899999999999999147361727513949603007858968339860439300537109375,btc,12626.91716398,3.591e-07,0.0510939542998504,168
1,[],17,[],2019-05-03 01:13:36,42852.0,0.00000002,0.000000000001096006,7559132,2019-05-03 01:13:36,btc,0.04279856251542,0.0,0.00000002,btc,274.46171372,0.0,0.00052852,168
1,[],22,[],2019-05-07 03:57:18,743122.0,0.00000001,0.000000000000593596,7562020,2019-05-07 03:57:18,BTC,41.40912107,0.0,0.00000001,BTC,1593401.2737547632,0.00342649,0.00743122,169
1,[],22,[],2019-05-11 14:59:42,253990.0,0.00000002,0.000000000001355826,7616128,2019-05-11 14:59:42,BTC,27.85781353,0.0,0.00000002,BTC,427283.4662633763,0.00190018,0.0031408,171
1,[],22,[],2019-05-11 14:59:46,262228.2,0.00000012,0.000000000008134956,7616129,2019-05-11 14:59:46,BTC,823.67587575,0.0,0.00000012,"BTC,LTC",700344.1631638748,0.00176455,0.01196682,173
1,[],5,[],2019-05-06 19:49:32,0.0,0,0,7559281,2019-05-06 19:49:32,btc,0.0,0.00023336,0,btc,0.0,0.0,0.0,175
1,[],22,[],2019-05-11 14:59:49,90671.0,0.00000001,0.000000000000677913,7616130,2019-05-11 14:59:49,BTC,394.35459412,0.0,0.00000001,BTC,136275.61833431243,0.0,0.00090671,176
1,[],7,[],2019-05-11 14:59:50,0.0,0,0,7616131,2019-05-11 14:59:50,btc,520274.2870788149,15475.5244755,0,btc,27457332.23673972,0.00015476,0.0,178
0,[],22,[],2019-05-11 14:59:53,0.0,0,0,7616132,2019-05-11 14:59:53,,1.00242428,0.0,0,,57512.0,0.0,0.0,178
0,[],2,[],2019-01-20 23:28:34,0.0,0,0,6477001,2019-01-20 23:28:34,,0.0,0.0,0,,0.0,0.0,0.0,178
1,[],5,[],2019-05-11 14:59:55,0.0,0,0,7616133,2019-05-11 14:59:55,btc,0.0,0.08888162,0,btc,0.0,0.0,0.0,179
1,[],22,[],2019-05-11 14:59:58,3007516.0,0.00000001,0.000000000000677913,7616134,2019-05-11 14:59:58,BTC,5.3359715,0.0,0.00000001,BTC,14191261.911946677,0.0,0.03007516,179
0,[],23,[],2019-01-20 23:25:08,0.0,0,0,6476952,2019-01-20 23:25:08,,0.0,0.0,0,,0.0,0.0,0.0,179
1,[],22,[],2019-05-11 15:02:03,655830.9424768925,0.00000150,0.00000000010168695000000001,7616135,2019-05-11 15:02:03,BTC,39.25953326,0.0,0.00000150,"BTC,LTC",41443.22699342694,0.0001065,0.5760478,180
1,[],26,[],2019-05-11 15:02:03,0.0,0.00000010,0.00000000000677913,7616136,2019-05-11 15:02:03,btc,0.0,1050.0,0.00000010,btc,0.0,0.0,0.0,180
1,[],17,[],2019-05-03 01:13:56,20504.725000000002,0.0000001,0.00000000000548003,7559141,2019-05-03 01:13:56,btc,5.2010695838400265,0.0,0.0000001,btc,5033.45945,0.0,0.0011504725,180
,[],7,[],2018-11-20 22:58:01,562227.975654,0.00000085,0.000000000036176765,4862015,2018-11-20 22:58:01,btc,21836.6059674,2491.87645172,,btc,749999.041456,0.00211021,0.127565380455,183
,[],5,[],2019-01-10 08:11:41,0.0,0,0,6347036,2019-01-10 08:11:41,btc,82.15055501,0.00261,,btc,1.19002445,0.0,0.0,187
1,[],24,[],2019-04-30 17:34:05,0.0,0.000000000014,7.396256000000001e-16,7526291,2019-04-30 17:34:05,btc,0.0,0.0,0.000000000014,btc,0.0,0.0,0.0,187
,[],17,[],2018-11-16 20:58:10,4062536.27273,0.00000001,0.000000000000550501,4708775,2018-11-16 20:58:10,btc,3.36492563466,0.195460381006,,"btc,eth",110697919.549,0.0,0.0157628953496,187
0,[],22,[],2019-04-25 02:54:07,0.0,0,0,7447896,2019-04-25 02:54:07,,7.54794454,0.0,0,,76361.7243344055,0.0,0.0,191
0,[],22,[],2019-05-11 15:02:09,0.0,0,0,7616137,2019-05-11 15:02:09,,0.0,0.0,0,,0.0,0.0,0.0,197
0,[],23,[],2019-01-20 23:31:41,0.0,0,0,6477079,2019-01-20 23:31:41,,0.0,0.0,0,,0.0,0.0,0.0,199
0.0000000001267721,[],22,[],2019-05-11 15:02:13,54733331.0,2.535442e-18,1.718809092546e-22,7616138,2019-05-11 15:02:13,LTC,7.64520347,0.0,0.00000002,LTC,35259414.0,0.0,0.64066281,199
1,[],26,[],2019-05-11 15:02:13,0.0,0.00000000,0,7616139,2019-05-11 15:02:13,btc,0.0,0.0,0.00000000,btc,0.0,0.0,0.0,199
0,[],2,[],2019-01-20 23:30:49,0.0,0,0,6477059,2019-01-20 23:30:49,,0.0,0.0,0,,0.0,0.0,0.0,201
1,[],4,[],2019-01-25 15:51:35,2084389.58565343,0.00000936,0.000000000333526752,6499557,2019-01-25 15:51:35,btc,2.0092503037378524,0.0,0.00000936,btc,160195.80207885,0.19272417,1.242687955921835,211
1,[],7,[],2019-05-11 15:02:16,13868574.86724674,0.00000085,0.000000000057622605,7616140,2019-05-11 15:02:16,btc,15200781.02724408,248199.836044,0.00000085,btc,13036663.05899883,0.0,1.2246738791285119,212
1,[],5,[],2019-05-07 13:02:51,0.0,0,0,7566706,2019-05-07 13:02:51,btc,0.0,0.43032184,0,btc,0.0,0.0,0.0,213
1,[],24,[],2019-05-07 13:02:52,0.0,0.000000050000,0.000000000002968865,7566707,2019-05-07 13:02:52,btc,0.0,0.0,0.000000050000,btc,0.0,0.0,0.0,213
1,[],26,[],2019-05-07 13:02:52,0.0,0.00000040,0.00000000002375092,7566708,2019-05-07 13:02:52,btc,0.0,0.0,0.00000040,btc,0.0,0.0,0.0,213
1,[],12,[],2019-01-25 02:44:32,207462.42853209,0.000001080000000000000035831255497387193287295303889550268650054931640625,0.000000000038610756000000006,6493050,2019-01-25 02:44:32,btc,85023.03793723314,0.0,0.000001080000000000000035831255497387193287295303889550268650054931640625,btc,43675.73520027,0.000146250909087,0.0348620860622024,213
0,[],22,[],2019-05-11 15:02:18,0.0,0,0,7616141,2019-05-11 15:02:18,,9.58164616,0.0,0,,2460817.094064925,0.0,0.0,216
0,[],27,[],2019-05-11 15:02:32,0.0,0,0,7616142,2019-05-11 15:02:32,,62.36580710733932,4515.0,0,"btc,ltc",224430.947308,4.515e-05,0.0,216
1,[],22,[],2019-05-11 15:02:35,304488.94575045205,0.00000079,0.000000000053555127000000005,7616143,2019-05-11 15:02:35,BTC,12054.94193241,0.0,0.00000079,BTC,434292.4018687838,0.00797893,0.03797211,217
1,[],7,[],2019-05-11 15:02:36,0.0,0,0,7616144,2019-05-11 15:02:36,btc,111302.55947335159,0.0,0,btc,136862970.83745575,0.0,0.0,219
0,[],27,[],2019-05-11 15:02:44,0.0,0,0,7616145,2019-05-11 15:02:44,,0.06997067,0.0,0,btc,1753528.0,0.0,0.0,219
0.0000000000000038,[],28,[],2019-05-11 15:03:28,552985890.83,2.4700000000000003e-18,1.67444511e-22,7616146,2019-05-11 15:03:28,doge,3651185.568400157,15359.0,0.00065000,"btc,doge",45529124.3823,0.0,2.0763938774559718e-11,219
1,[],22,[],2019-05-11 15:03:31,381170.0,0.00000004,0.000000000002711652,7616147,2019-05-11 15:03:31,BTC,56.7649867,0.0,0.00000004,BTC,131552.84827387411,0.0,0.0123008,221
1,[],24,[],2019-05-11 15:03:32,0.0,0.000000010000,0.000000000000677913,7616148,2019-05-11 15:03:32,btc,0.0,0.0,0.000000010000,btc,0.0,0.0,0.0,221
1,[],20,[],2019-05-11 15:03:33,15529202.6192,0.000000012,0.0000000000008134956,7616149,2019-05-11 15:03:33,btc,100091.60071606544,555022.816,0.000000012,btc,25154064.1583,0.0062415873151,0.1107493680253,224
0,[],22,[],2019-05-11 15:03:36,0.0,0,0,7616150,2019-05-11 15:03:36,,0.0,0.0,0,,0.0,0.0,0.0,224
1,[],26,[],2019-05-11 15:03:36,0.0,0.00000026,0.000000000017625738,7616151,2019-05-11 15:03:36,btc,0.0,0.0,0.00000026,btc,0.0,0.0,0.0,231
1,[],26,[],2019-05-11 15:03:36,0.0,0.00000005,0.000000000003389565,7616152,2019-05-11 15:03:36,btc,0.0,200.0,0.00000005,btc,0.0,0.0,0.0,234
0,[],27,[],2019-05-11 15:03:42,0.0,0,0,7616153,2019-05-11 15:03:42,,0.01134836604,0.0,0,"btc,eth",11462.996,0.0,0.0,234
1,[],4,[],2019-04-29 21:02:20,217188.93193785,0.00000080,0.00000000004151584,7514327,2019-04-29 21:02:20,btc,5.239800103892936,0.0,0.00000080,btc,797346.30008933,0.0,0.0590549781555679,236
1,[],24,[],2019-04-29 21:02:20,0.0,0.000000100000,0.00000000000518948,7514328,2019-04-29 21:02:20,btc,0.0,0.0,0.000000100000,btc,0.0,0.0,0.0,236
1,[],5,[],2019-05-06 20:53:15,0.0,0,0,7559637,2019-05-06 20:53:15,btc,0.0,0.20253514,0,btc,0.0,0.0,0.0,237
1,[],20,[],2019-05-06 20:53:18,38173217.6136,0.000000083,0.0000000000047460728,7559638,2019-05-06 20:53:18,btc,21342.514614200165,8832375.7238,0.000000083,btc,27701499.3386,0.7554403456107,1.3621107610479,237
1,[],22,[],2019-05-06 20:53:20,343938.0,0.00000009,0.000000000005146344,7559639,2019-05-06 20:53:20,BTC,1.20267422,0.0,0.00000009,BTC,17930.94871794872,0.0,0.01017442,237
1,[],4,[],2019-05-11 15:03:43,9202936.35055005,0.00000015,0.000000000010168695,7616154,2019-05-11 15:03:43,btc,3.385265470817516,0.0,0.00000015,btc,9332107.55957751,0.14733556,0.8248438868075795,238
1,[],5,[],2019-05-11 15:03:44,0.0,0,0,7616155,2019-05-11 15:03:44,btc,0.0,0.00486577,0,btc,0.0,0.0,0.0,238
0,[],22,[],2019-03-12 16:49:32,0.0,0,0,6914458,2019-03-12 16:49:32,,0.40415746,0.0,0,,526736.5639027493,0.0,0.0,249
0,[],22,[],2019-05-11 15:03:47,0.0,0,0,7616156,2019-05-11 15:03:47,,4.53616,0.0,0,,39012346.69978836,0.0,0.0,252
1,[],28,[],2019-05-11 15:04:16,41493178.22,0.0000003,0.00000000002033739,7616157,2019-05-11 15:04:16,btc,43892.03255388141,191281.9712,0.0000003,btc,2991387.1132,0.0,0.56986450382,256
1,[],22,[],2019-05-11 15:04:19,1088993.5,0.00000002,0.000000000001355826,7616158,2019-05-11 15:04:19,BTC,21.88116616,0.0,0.00000002,BTC,522884.63333384093,0.0,0.01124633,258
1,[],22,[],2019-03-13 00:07:30,47146.0,0.00000001,0.000000000000387233,6917028,2019-03-13 00:07:30,BTC,2.415167,0.0,0.00000001,BTC,157.0,0.0,0.00047146,259
1,[],5,[],2019-05-11 15:04:21,0.0,0,0,7616159,2019-05-11 15:04:21,btc,0.0,0.25765446,0,btc,0.0,0.0,0.0,264
1,[],20,[],2019-05-11 15:04:22,1246154.8437,0.000000512,0.0000000000347091456,7616160,2019-05-11 15:04:22,btc,4.9328496825569,70259.7779,0.000000512,btc,87941.8317,0.0820502481776,0.0181455279738,264
0,[],22,[],2019-04-12 17:57:27,0.0,0,0,7278186,2019-04-12 17:57:27,,66.37522201,0.0,0,,677842.4169881374,0.0,0.0,271
0,[],22,[],2019-05-11 15:04:25,0.0,0,0,7616161,2019-05-11 15:04:25,,33051802.3172899,0.0,0,,15696307799.7,0.0,0.0,272
0.0000000000000038,[],28,[],2019-05-11 15:04:54,268899238682.584,2.242e-21,1.519880946e-25,7616162,2019-05-11 15:04:54,doge,26560079.436544094,8613715454.0699,0.00000059,doge,366066569760.476,0.0,2.001580235472773e-10,272
1,[],22,[],2019-05-11 15:04:57,127494.9,0.0000001,0.00000000000677913,7616163,2019-05-11 15:04:57,BTC,427.36616185,0.0,0.0000001,BTC,251562.95264460208,0.00053887,0.0039353,281
1,[],22,[],2019-05-11 15:05:03,407780.6,0.00000002,0.000000000001355826,7616164,2019-05-11 15:05:03,BTC,1.5018122,0.0,0.00000002,"BTC,LTC",527767.8256135201,0.00632526,0.01330693,286
0,[],22,[],2019-05-11 15:05:06,0.0,0,0,7616165,2019-05-11 15:05:06,,7337892.75526966,0.0,0,,1388519262.7797825,0.0,0.0,294
