pairValue,buyBook,exchangeId,sellBook,updated,buyTotal,satoshiPrice,usdPrice,exchangeLogId,created,bestPair,sellTotalBtc,volume,pairPrice,activePairs,sellTotal,volumeBtc,buyTotalBtc,coinId
1,[],3,[],2019-03-18 11:38:24,31040.85943216998,0.01305526000000000082235107612405045074410736560821533203125,0.0000005191254420620001,6963743,2019-03-18 11:38:24,btc,60.14177398125398,0.060822884419,0.01305526000000000082235107612405045074410736560821533203125,btc,24.102070167284,0.0,0.3226272643733534,1
1,[],4,[],2019-03-18 11:38:25,207749.85602612,0.01290230,0.00000051304318651,6963744,2019-03-18 11:38:25,btc,13.195678976716458,0.0,0.01290230,btc,234.62830016,0.69001378,1.1100553922368113,1
1,[],5,[],2019-03-18 11:38:29,0.0,0,0,6963745,2019-03-18 11:38:29,btc,0.0,0.12394602,0,btc,0.0,0.0,0.0,1
1,[],10,[],2019-03-18 11:38:31,413710.29198198,0.01107833,0.000000440515390621,6963746,2019-03-18 11:38:31,btc,6523.145967319365,1801.91114837,0.01107833,btc,1000.0155454,0.0,4.586793788589142,1
1,[],12,[],2019-03-18 11:38:34,44.521917609999996,0.01291999999999999919342297260982377338223159313201904296875,0.000000513747004,6963747,2019-03-18 11:38:34,btc,0.145729321937,0.0,0.01291999999999999919342297260982377338223159313201904296875,btc,10.71805891,0.0998106996723,0.2852066609311,1
1,[],21,[],2019-03-18 11:38:37,2321.21234566,0.01296853000000000068203664938,0.000000515676736361,6963748,2019-03-18 11:38:37,btc,62.210805686537824,11626.3406032,0.01296853000000000068203664937982466653920710086822509765625,"btc,eth",5681.59808786,147.05950381481804,21.97461429311711,1
0,[],22,[],2019-03-18 11:39:26,0.0,0,0,6963749,2019-03-18 11:39:26,,0.0,0.0,0,,0.0,0.0,0.0,1
1,[],24,[],2019-03-18 11:39:26,0.0,0.000000000000,0,6963750,2019-03-18 11:39:26,btc,0.0,0.0,0.000000000000,btc,0.0,0.0,0.0,1
0.0,[],25,[],2019-03-18 11:39:27,0.0,0,0,6963751,2019-03-18 11:39:27,btc,38.04119999783125,117.08561912,0.0,btc,2861.23313686,1.5582,0.0,1
1,[],26,[],2019-03-18 11:39:28,0.0,0,0,6963752,2019-03-18 11:39:28,,0.0,0.0,0,,0.0,0.0,0.0,1
1,[],28,[],2019-03-18 11:41:11,992.9,0.01231000,0.000000489491147,6963753,2019-03-18 11:41:11,btc,0.151703079,18754.05,0.01231000,btc,8.184,0.0,0.086101096,1
1,[],20,[],2019-03-18 10:40:37,1155.1514,0.011,0.0000004354559,6963550,2019-03-18 10:40:37,btc,0.0533371999966,0.1455,0.011,btc,2.311,0.0018713069031,0.1253945203341,1
0,[],2,[],2019-01-20 23:28:45,0.0,0,0,6477011,2019-01-20 23:28:45,,0.0,0.0,0,,0.0,0.0,0.0,1
1,[],5,[],2019-03-18 11:41:13,0.0,0,0,6963754,2019-03-18 11:41:13,btc,0.0,0.02097165,0,btc,0.0,0.0,0.0,2
0,[],22,[],2019-03-18 11:42:02,0.0,0,0,6963755,2019-03-18 11:42:02,,0.0,0.0,0,,0.0,0.0,0.0,2
1,[],5,[],2019-03-18 11:42:04,0.0,0,0,6963756,2019-03-18 11:42:04,btc,0.0,0.07489735,0,btc,0.0,0.0,0.0,3
1,[],12,[],2019-03-18 11:42:05,2814506.65233332,0.000000192,0.0000000000076346304,6963757,2019-03-18 11:42:05,btc,23468.633387237784,0.0,0.000000192,btc,1444473.95176004,0.02787209432404998,0.4062579082479976,3
0,[],28,[],2019-03-18 11:44:05,0.0,0,0,6963758,2019-03-18 11:44:05,,0.0,0.0,0,,0.0,0.0,0.0,3
0,[],2,[],2019-01-20 23:31:32,0.0,0,0,6477077,2019-01-20 23:31:32,,0.0,0.0,0,,0.0,0.0,0.0,4
1,[],4,[],2019-03-18 11:44:07,359180.88089,0.00000031,0.000000000012326747,6963759,2019-03-18 11:44:07,btc,32.08725129329981,0.0,0.00000031,btc,725153.97080371,0.00095848,0.0366490843399959,4
1,[],12,[],2019-03-18 11:44:08,392575.0,0.00000002,0.000000000000795274,6963760,2019-03-18 11:44:08,btc,1111853.28843344,0.0,0.00000002,btc,786424.33266733,0.0,0.00431124,5
0,[],2,[],2019-01-20 23:31:51,0.0,0,0,6477087,2019-01-20 23:31:51,,0.0,0.0,0,,0.0,0.0,0.0,6
1,[],11,[],2019-03-18 11:44:10,3935711.8988200002,0.00000002,0.000000000000795274,6963761,2019-03-18 11:44:10,btc,9574.30034761844,10000.0,0.00000002,btc,43081567.92614274,0.0,0.0449565813342,6
1,[],3,[],2019-03-18 11:44:11,1111.875362529904,0.00016001000000000000791054721727135756736970506608486175537109375,0.000000006362589637,6963762,2019-03-18 11:44:11,btc,29.634654231634162,0.0,0.00016001000000000000791054721727135756736970506608486175537109375,btc,241.020514578101,0.0,0.038305967817789145,7
1,[],4,[],2019-03-18 11:44:12,97779.12761338,0.00022156,0.000000008810045372,6963763,2019-03-18 11:44:12,btc,11.776914353751662,0.0,0.00022156,btc,43798.83201377,4.46932692,9.194314196910508,7
1,[],5,[],2019-03-18 11:44:13,0.0,0,0,6963764,2019-03-18 11:44:13,btc,0.0,1.45756913,0,btc,0.0,0.0,0.0,7
1,[],20,[],2019-02-20 02:16:17,39399275.8418,0.000000001,0.0000000000000390183,6728586,2019-02-20 02:16:17,btc,116.9737569154545,525.0,0.000000001,btc,56932965.8895,5.25e-07,0.0393992758418,8
1,[],4,[],2019-03-18 11:44:14,1596414.69077212,0.00000156,0.000000000062031372,6963765,2019-03-18 11:44:14,btc,6.986792699522521,0.0,0.00000156,btc,3160151.37819289,2.52655091,0.9275440672307586,9
1,[],28,[],2019-03-18 11:44:35,27403.0,0.00000160,0.00000000006362192,6963766,2019-03-18 11:44:35,btc,2708.776551247723,3669788.0,0.00000160,btc,20316.3373,0.0,0.0164095,9
0,[],2,[],2019-01-20 23:22:42,0.0,0,0,6476876,2019-01-20 23:22:42,,0.0,0.0,0,,0.0,0.0,0.0,9
0,[],23,[],2019-01-20 23:22:48,0.0,0,0,6476878,2019-01-20 23:22:48,,0.0,0.0,0,,0.0,0.0,0.0,9
1,[],1,[],2019-02-17 23:31:42,1822507.21,0.00000181000000000000003456111265232042484285557293333113193511962890625,0.000000000066086901,6701244,2019-02-17 23:31:42,btc,3.6990969245,17153386.5,0.00000181000000000000003456111265232042484285557293333113193511962890625,btc,1997391.71,31.11772986,3.2610482446,9
1,[],4,[],2019-02-17 11:22:43,4341674.27126056,0.00000002,0.0000000000007272960000000001,6696112,2019-02-17 11:22:43,btc,0.1997230937751353,0.0,0.00000002,btc,4109766.79808031,0.00215132,0.0479381022052112,10
1,[],4,[],2019-03-18 11:44:36,5687756.71210263,0.00000179,0.000000000071177023,6963767,2019-03-18 11:44:36,btc,13.589803364942421,0.0,0.00000179,btc,5248785.13851843,2.66464077,6.830067287028874,12
1,[],5,[],2019-03-18 11:44:37,0.0,0,0,6963768,2019-03-18 11:44:37,btc,0.0,0.04792485,0,btc,0.0,0.0,0.0,12
0.0,[],25,[],2019-03-18 11:44:39,0.0,0,0,6963769,2019-03-18 11:44:39,,0.0,0.0,0.0,btc,0.0,0.0,0.0,12
0,[],2,[],2019-01-20 23:23:08,0.0,0,0,6476890,2019-01-20 23:23:08,,0.0,0.0,0,,0.0,0.0,0.0,12
1,[],4,[],2019-03-18 11:44:39,32909589.40355741,0.00001088,0.000000000432629056,6963770,2019-03-18 11:44:39,btc,3.6333121235144503,0.0,0.00001088,btc,268314.93128687,2.63491987,1.2641779957540364,13
1,[],21,[],2019-03-18 11:44:42,1442950.73913762,0.00001103999999999999933101256511,0.00000000043899124799999995,6963771,2019-03-18 11:44:42,btc,14.427153822605353,5806541.42964287,0.00001103999999999999933101256510692422807551338337361812591552734375,btc,1130369.40026596,66.13694754,14.298465222580912,13
1,[],10,[],2019-03-18 10:47:59,478405.25776201,0.00001103,0.000000000436643507,6963574,2019-03-18 10:47:59,btc,666776.4420669889,70981.809849,0.00001103,btc,638413.53600852,0.0,0.6305479997400308,13
1,[],4,[],2019-03-18 11:44:43,1095369.79566779,0.00000085,0.000000000033799145,6963772,2019-03-18 11:44:43,btc,5.373717366305851,0.0,0.00000085,btc,985610.60342998,0.02504213,0.181615838801327,14
1,[],12,[],2019-03-18 11:44:44,303585.0,0.000001,0.0000000000397637,6963773,2019-03-18 11:44:44,btc,0.0561290806956116,0.0,0.000001,btc,13800.48659731,0.0,0.03215312,14
0,[],17,[],2019-03-18 11:44:45,0.0,0,0,6963774,2019-03-18 11:44:45,btc,0.0,0.0,0,btc,0.0,0.0,0.0,14
1,[],26,[],2019-03-18 11:44:46,0.0,0.00000050,0.00000000001988185,6963775,2019-03-18 11:44:46,btc,0.0,0.0,0.00000050,btc,0.0,0.0,0.0,14
0,[],4,[],2019-03-18 11:44:47,0.0,0,0,6963776,2019-03-18 11:44:47,,0.0,0.0,0,,0.0,0.0,0.0,15
,[],12,[],2018-12-01 15:15:48,204241.84496,0.00000489,0.000000000202473384,5260204,2018-12-01 15:15:48,btc,49.5475654835,0.0,,btc,35763.2193806,0.0163153972027625,0.0203389899998,15
1,[],4,[],2019-03-18 11:44:48,75032.35830067,0.00001502,0.000000000597250774,6963777,2019-03-18 11:44:48,btc,3.78696141934251,0.0,0.00001502,btc,19010.37066825,0.03953437,0.0612567397241863,18
1,[],10,[],2019-03-18 11:44:50,783241.43829893,0.00001485,0.000000000590490945,6963778,2019-03-18 11:44:50,btc,15.39886721040953,3007.46692149,0.00001485,btc,12987.26755923,0.0,0.122938167210407,18
1,[],12,[],2019-03-18 11:44:51,338296.85808046,0.00001542000000000000144097407617227446507968124933540821075439453125,0.0000000006131562540000001,6963779,2019-03-18 11:44:51,btc,33214.72771135937,0.0,0.00001542000000000000144097407617227446507968124933540821075439453125,btc,806.0502793,0.0055476561883559,0.059213203029480695,18
0,[],17,[],2019-03-18 11:44:53,0.0,0,0,6963780,2019-03-18 11:44:53,btc,0.0,0.0,0,btc,0.0,0.0,0.0,18
0,[],2,[],2019-01-20 23:23:38,0.0,0,0,6476906,2019-01-20 23:23:38,,0.0,0.0,0,,0.0,0.0,0.0,18
1,[],3,[],2019-03-18 11:44:54,119683.53783413825,0.00001881000000000000117110314501456258540201815776526927947998046875,0.0000000007479551970000001,6963781,2019-03-18 11:44:54,btc,0.6919407325489582,0.0,0.00001881000000000000117110314501456258540201815776526927947998046875,btc,15054.205445313173,0.0,0.04446421609864507,19
1,[],4,[],2019-03-18 11:44:54,220327.79755027,0.00001950,0.00000000077539215,6963782,2019-03-18 11:44:54,btc,2.2181247847825674,0.0,0.00001950,btc,77866.83292189,0.32701496,2.2915130277827482,19
1,[],5,[],2019-03-18 11:44:56,0.0,0,0,6963783,2019-03-18 11:44:56,btc,0.0,2.21e-06,0,btc,0.0,0.0,0.0,19
1,[],12,[],2019-03-18 11:44:57,193498.37378252,0.00001875999999999999995575587774521153505702386610209941864013671875,0.000000000745967012,6963784,2019-03-18 11:44:57,btc,0.1518026323171477,0.0,0.00001875999999999999995575587774521153505702386610209941864013671875,btc,639.0049124,0.0042402645663027,0.0496804199979197,19
0,[],27,[],2019-03-18 11:44:59,0.0,0,0,6963785,2019-03-18 11:44:59,,0.0,0.0,0,btc,0.0,0.0,0.0,19
0,[],2,[],2019-01-20 23:24:19,0.0,0,0,6476924,2019-01-20 23:24:19,,0.0,0.0,0,,0.0,0.0,0.0,19
1,[],4,[],2019-03-18 11:44:59,2831559.50544075,0.00000013,0.000000000005169281,6963786,2019-03-18 11:44:59,btc,7.380201587426975,0.0,0.00000013,btc,2861915.63183601,0.00127417,0.0847330666487588,20
1,[],4,[],2019-03-18 11:45:00,87997576.84646244,0.00000002,0.000000000000795274,6963787,2019-03-18 11:45:00,btc,39417.38083105291,0.0,0.00000002,btc,58516425.11324635,0.12385913,0.8883565898298894,21
1,[],12,[],2019-03-18 11:45:01,2175593.0,0.00000001,0.000000000000397637,6963788,2019-03-18 11:45:01,btc,2870.5374195801896,0.0,0.00000001,btc,2922667.50949051,1.37087912088e-05,0.02175593,21
0,[],17,[],2019-03-18 10:48:43,0.0,0,0,6963591,2019-03-18 10:48:43,btc,0.0,0.0,0,btc,0.0,0.0,0.0,21
1,[],12,[],2019-03-18 11:45:03,3164955100.0,0.0000000001,0.00000000000000397637,6963789,2019-03-18 11:45:03,btc,1951142.8874444496,0.0,0.0000000001,btc,1691381452.0523367,0.0388031659923077,0.31649551000000004,23
0,[],27,[],2019-03-18 11:45:05,0.0,0,0,6963790,2019-03-18 11:45:05,,13.972018501006241,0.0,0,eth,6275713.95973186,0.0,0.0,23
1,[],4,[],2019-03-18 11:45:06,674985.89244665,0.00000045,0.000000000017893664999999998,6963791,2019-03-18 11:45:06,btc,9.902178730918319,0.0,0.00000045,btc,1614406.73615438,0.00459705,0.1704318930267956,24
0,[],22,[],2019-03-18 11:45:55,0.0,0,0,6963792,2019-03-18 11:45:55,,0.0,0.0,0,,0.0,0.0,0.0,24
0.0,[],25,[],2019-03-18 11:45:56,0.0,0,0,6963793,2019-03-18 11:45:56,,0.0,0.0,0.0,btc,0.0,0.0,0.0,24
1,[],4,[],2019-03-18 11:45:57,28217906.51870262,0.00000674,0.000000000268007338,6963794,2019-03-18 11:45:57,btc,152.77880862483084,0.0,0.00000674,btc,250323.15314492,0.22937599,0.6838113664312225,26
1,[],10,[],2019-03-18 11:45:59,602925.23251558,0.00000543,0.00000000021591689099999998,6963795,2019-03-18 11:45:59,btc,25.23354753691355,2395.15899004,0.00000543,btc,14324.4645187,0.0,0.1443916358988472,26
0,[],2,[],2019-01-20 23:25:56,0.0,0,0,6476976,2019-01-20 23:25:56,,0.0,0.0,0,,0.0,0.0,0.0,26
1,[],3,[],2019-03-18 11:46:00,10188166.54084747,0.00000001,0.000000000000397637,6963796,2019-03-18 11:46:00,btc,2.0565801810436755,185.0,0.00000001,btc,15720086.39008366,0.0,0.1018816654084747,27
1,[],5,[],2019-03-18 11:46:01,0.0,0,0,6963797,2019-03-18 11:46:01,btc,0.0,0.00032839,0,btc,0.0,0.0,0.0,27
1,[],11,[],2019-03-18 11:46:03,8493678.24590115,0.00000006,0.000000000002385822,6963798,2019-03-18 11:46:03,btc,67506.1992155516,5956.66666667,0.00000006,btc,7966196.08369704,0.0,0.4691399049180229,27
1,[],4,[],2019-03-18 11:46:04,2167739289.975801,0.00000001,0.000000000000397637,6963799,2019-03-18 11:46:04,btc,3.304175298547591,0.0,0.00000001,"btc,ltc",275535224.87652457,0.14255399,9.916435800258295,29
1,[],7,[],2019-03-18 11:46:04,35613182.13418711,0.00000001,0.000000000000397637,6963800,2019-03-18 11:46:04,btc,44461604.29819431,755.0,0.00000001,btc,52425034.42656505,0.0,0.3561318213418711,29
1,[],4,[],2019-03-18 11:46:05,4115401.84388426,0.00000017,0.000000000006759829,6963801,2019-03-18 11:46:05,btc,2.790531519256795,0.0,0.00000017,btc,2253330.59442083,0.00137636,0.1145941703974405,30
0,[],17,[],2019-03-18 11:46:07,0.0,0,0,6963802,2019-03-18 11:46:07,btc,0.0,0.0,0,btc,0.0,0.0,0.0,30
1,[],4,[],2019-03-18 11:46:08,189830.6001146,0.00005841,0.000000002322597717,6963803,2019-03-18 11:46:08,btc,5.989143053048561,0.0,0.00005841,btc,62932.86532394,1.05238582,2.412155578244892,31
1,[],21,[],2019-03-18 11:46:08,53799.73195196,0.00005970000000000000100423142024,0.0000000023738928900000002,6963804,2019-03-18 11:46:08,btc,6.087698818657923,456168.05582458,0.000059700000000000001004231420242973626955063082277774810791015625,btc,89291.21053985,28.31387036,3.0159022355939435,31
0,[],2,[],2019-01-20 23:28:43,0.0,0,0,6477009,2019-01-20 23:28:43,,0.0,0.0,0,,0.0,0.0,0.0,32
1,[],4,[],2019-03-18 11:46:09,400152071.95003086,0.00000004,0.000000000001590548,6963805,2019-03-18 11:46:09,btc,8.841506537164918,0.0,0.00000004,"btc,ltc",183039521.26083753,0.45924945,8.553507157824413,33
1,[],12,[],2019-03-18 11:46:10,29693840.99233333,0.00000004,0.000000000001590548,6963806,2019-03-18 11:46:10,btc,4127597.573827507,0.0,0.00000004,btc,23336670.82929569,0.1420288036600904,0.7217942867199999,33
1,[],4,[],2019-03-18 11:46:11,90008430.03017007,0.00000001,0.000000000000397637,6963807,2019-03-18 11:46:11,btc,3.2742824730105347,0.0,0.00000001,btc,103283899.16533832,0.00147769,0.9000843003017007,34
1,[],5,[],2019-03-18 11:46:13,0.0,0,0,6963808,2019-03-18 11:46:13,btc,0.0,0.07285353,0,btc,0.0,0.0,0.0,34
0.00000000014862449999999999,[],4,[],2019-03-18 11:46:14,5090352890.492448,1.486245e-18,5.90986003065e-23,6963809,2019-03-18 11:46:14,ltc,4.9644932473038934e-08,0.0,0.00000001,ltc,6357364527.702046,0.0,7.565511531729948e-09,36
1,[],5,[],2019-03-18 11:46:15,0.0,0,0,6963810,2019-03-18 11:46:15,btc,0.0,0.0,0,btc,0.0,0.0,0.0,36
0.0000000003458675,[],27,[],2019-03-18 11:46:29,992184.46325,3.4586750000000002e-18,1.375297150975e-22,6963811,2019-03-18 11:46:29,eth,223.80703682180783,5815.7,0.00000001,"ltc,eth",12165384.61058689,8.644000919999999e-15,1.4746295195821937e-12,36
0,[],17,[],2019-03-18 10:50:21,0.0,0,0,6963613,2019-03-18 10:50:21,btc,0.0746458232965017,0.0,0,btc,4103573.70243647,0.0,0.0,36
1,[],4,[],2019-03-18 11:46:29,187371.89913738,0.00000059,0.000000000023460583,6963812,2019-03-18 11:46:29,btc,19772.471577847886,0.0,0.00000059,btc,590096.20471469,0.02382199,0.0706304724745249,37
1,[],12,[],2019-03-18 11:46:30,688589.69135015,0.00000059,0.000000000023460583,6963813,2019-03-18 11:46:30,btc,21.621072242189136,0.0,0.00000059,btc,365447.88763842,0.0317080737474825,0.2412562456041437,37
1,[],17,[],2019-03-18 11:46:32,1752.74075282,0.00000025,0.000000000009940925,6963814,2019-03-18 11:46:32,btc,0.05548492398693281,0.0,0.00000025,btc,1387.19918473,0.0,0.00043818518820499993,37
1,[],27,[],2019-03-18 11:46:34,14685.567,0.00000045,0.000000000017893664999999998,6963815,2019-03-18 11:46:34,btc,24.25536383611233,0.0,0.00000045,btc,6518.38138508,0.0,0.00480032515,37
1,[],5,[],2019-03-18 11:46:35,0.0,0,0,6963816,2019-03-18 11:46:35,btc,0.0,0.10153095,0,btc,0.0,0.0,0.0,42
1,[],12,[],2019-03-18 11:46:36,256013.43639413,0.00000092,0.000000000036582604,6963817,2019-03-18 11:46:36,btc,5.580870105104642,0.0,0.00000092,btc,30574.02689475,0.0130572228756871,0.0206157099999853,42
0.0000000003458675,[],27,[],2019-03-18 11:46:38,22000.0,4.15041e-17,1.65035658117e-21,6963818,2019-03-18 11:46:38,eth,0.00315028,0.0,0.00000012,"btc,eth",11.007,0.0,8.3699935e-13,42
1,[],5,[],2019-03-18 11:46:39,0.0,0,0,6963819,2019-03-18 11:46:39,btc,0.0,1.8e-05,0,btc,0.0,0.0,0.0,43
1,[],12,[],2019-03-13 09:13:29,1112112.0,0.00000001,0.000000000000386531,6919902,2019-03-13 09:13:29,btc,29058.00478931866,0.0,0.00000001,btc,5967681.93306694,9.99000999e-07,0.01112112,43
0,[],17,[],2019-03-18 09:49:23,0.0,0,0,6963425,2019-03-18 09:49:23,btc,0.0,0.0,0,btc,0.0,0.0,0.0,43
1,[],12,[],2019-03-05 01:54:08,639326.02,0.00000004,0.000000000001486676,6845775,2019-03-05 01:54:08,btc,11116042.728239931,0.0,0.00000004,btc,1103841.4595604,0.0003330765234764,0.014975410599999999,44
1,[],4,[],2019-03-18 11:46:41,298151345.2748583,0.00000002,0.000000000000795274,6963820,2019-03-18 11:46:41,btc,497.8155249423775,0.0,0.00000002,"btc,ltc",16751839.24219975,0.00572631,0.2839204469014902,49
0.00000000014862449999999999,[],4,[],2019-03-18 11:46:42,515738587.8666691,1.486245e-18,5.90986003065e-23,6963821,2019-03-18 11:46:42,ltc,25.90165467235145,0.0,0.00000001,ltc,8614125116.009727,0.0,7.665138975238977e-10,52
0,[],22,[],2019-03-18 11:47:31,0.0,0,0,6963822,2019-03-18 11:47:31,,0.0,0.0,0,,0.0,0.0,0.0,57
0.0000000003458675,[],27,[],2019-03-18 11:47:33,2000.0,3.4586750000000002e-18,1.375297150975e-22,6963823,2019-03-18 11:47:33,eth,0.0,0.0,0.00000001,"btc,eth",0.0,0.0,6.91735e-15,57
0.00000000014862449999999999,[],4,[],2019-03-18 11:47:34,774601002.751,2.97249e-18,1.18197200613e-22,6963824,2019-03-18 11:47:34,ltc,18.65761746537882,0.0,0.00000002,ltc,4686446040.785704,0.0,1.7400284143162996e-09,58
1,[],12,[],2019-03-18 11:47:36,1431203057.0,0.0000000003,0.00000000000001192911,6963825,2019-03-18 11:47:36,btc,4265307.5280178655,0.0,0.0000000003,btc,1605657438.2197802,0.002400445143556454,0.3676850112,58
0,[],17,[],2019-03-18 11:47:37,0.0,0,0,6963826,2019-03-18 11:47:37,btc,1e+24,0.0,0,btc,49306342.21952568,0.0,0.0,58
0,[],22,[],2019-03-18 11:48:26,0.0,0,0,6963827,2019-03-18 11:48:26,,0.0,0.0,0,,0.0,0.0,0.0,58
1,[],5,[],2019-03-18 11:48:28,0.0,0,0,6963828,2019-03-18 11:48:28,btc,0.0,0.00438534,0,btc,0.0,0.0,0.0,61
0,[],22,[],2019-03-18 11:49:17,0.0,0,0,6963829,2019-03-18 11:49:17,,0.0,0.0,0,,0.0,0.0,0.0,61
1,[],26,[],2019-03-18 11:49:17,0.0,0.00000800,0.0000000003181096,6963830,2019-03-18 11:49:17,btc,0.0,0.0,0.00000800,btc,0.0,0.0,0.0,61
1,[],27,[],2019-03-18 11:49:20,2138.56798,0.00000047,0.000000000018688939,6963831,2019-03-18 11:49:20,btc,2.8850305703141323,0.0,0.00000047,"btc,eth",19862.59257617,0.0,0.0001983399935091549,61
1,[],28,[],2019-03-18 11:49:26,13880.304,0.0000005,0.00000000001988185,6963832,2019-03-18 11:49:26,btc,2.056312978300105,778.0,0.0000005,btc,9730.59500005,0.0,0.00566391304,61
1,[],4,[],2019-03-18 11:49:28,1403026.01433763,0.00000310,0.00000000012326747,6963833,2019-03-18 11:49:28,btc,9.48704624569872,0.0,0.00000310,btc,744884.83615467,1.00382897,1.3025420659660794,67
0.0,[],25,[],2019-03-18 11:49:30,0.0,0,0,6963834,2019-03-18 11:49:30,,0.0,0.0,0.0,btc,0.0,0.0,0.0,67
1,[],12,[],2019-03-18 11:49:31,873988.13312695,0.00000014,0.000000000005566918,6963835,2019-03-18 11:49:31,btc,1111615.2110203777,0.0,0.00000014,btc,925005.46103,0.0011298917582424,0.0539659041918152,71
,[],5,[],2018-11-20 23:02:39,1.5e-07,0.00000005,0.000000000002128045,4862160,2018-11-20 23:02:39,btc,2.84511358,0.0,,btc,0.00036572,0.0,0.07381892,74
1,[],5,[],2019-03-18 11:49:33,0.0,0,0,6963836,2019-03-18 11:49:33,btc,0.0,0.0,0,btc,0.0,0.0,0.0,75
1,[],4,[],2019-03-18 11:49:34,13382103.94481309,0.00000001,0.000000000000397637,6963837,2019-03-18 11:49:34,btc,11370.01894124729,0.0,0.00000001,btc,39918313.60832191,0.00062383,0.1338210394481309,81
0,[],20,[],2019-01-25 09:30:31,0.0,0,0,6495923,2019-01-25 09:30:31,btc,0.0,0.0,0,btc,0.0,0.0,0.0,81
1,[],4,[],2019-03-18 11:49:36,23534.54072443,0.00007973,0.000000003170359801,6963838,2019-03-18 11:49:36,btc,17.916787851356638,0.0,0.00007973,btc,12122.28144361,0.02002394,0.0734028650324286,82
1,[],21,[],2019-03-18 11:49:37,911579.12100326,0.00007537000000000000513381004374,0.0000000029969900690000004,6963839,2019-03-18 11:49:37,btc,2.7466614549379593,12037.23354186,0.0000753700000000000051338100437448019874864257872104644775390625,btc,30566.01060179,0.92496654,3.132978299468285,82
0,[],17,[],2019-03-18 11:49:49,0.0,0,0,6963840,2019-03-18 11:49:49,btc,0.0447233088476774,0.0,0,btc,999127.19588126,0.0,0.0,84
0.00000000014862449999999999,[],4,[],2019-03-18 11:49:50,149372042.2850133,5.94498e-18,2.36394401226e-22,6963841,2019-03-18 11:49:50,ltc,1.6750569733641238,0.0,0.00000004,ltc,385106602.8810689,0.00123456,3.2355054691480037e-10,85
,[],22,[],2018-11-20 23:09:34,3408.1,0.0000001,0.0000000000041895,4862324,2018-11-20 23:09:34,BTC,0.04624735,0.0,,BTC,4990.0,0.0,0.00033081,86
0,[],22,[],2019-03-18 11:50:39,0.0,0,0,6963842,2019-03-18 11:50:39,,0.0,0.0,0,,0.0,0.0,0.0,87
1,[],27,[],2019-03-18 11:50:43,50.0,0.00000001,0.000000000000397637,6963843,2019-03-18 11:50:43,btc,5.061790002021791,0.0,0.00000001,btc,27725.90385964,0.0,5e-07,87
,[],2,[],2018-11-20 23:10:47,0.0,0,0,4862359,2018-11-20 23:10:47,,0.0,0.0,,,0.0,0.0,0.0,88
1,[],11,[],2019-03-18 11:50:45,109768.1135488,0.00015020999999999998654291732957943850124138407409191131591796875,0.0000000059729053769999994,6963844,2019-03-18 11:50:45,btc,612.0512507696377,1674.81115503,0.00015020999999999998654291732957943850124138407409191131591796875,btc,101000.96571961,0.0,8.783179923712504,89
0,[],2,[],2019-01-20 23:31:45,0.0,0,0,6477083,2019-01-20 23:31:45,,0.0,0.0,0,,0.0,0.0,0.0,91
1,[],12,[],2019-03-18 11:50:47,312676.78847488,0.00000092,0.000000000036582604,6963845,2019-03-18 11:50:47,btc,58.444390313413344,0.0,0.00000092,btc,89085.2630187,2.15406593424e-05,0.031446591299993,91
0,[],17,[],2019-03-18 11:50:58,0.0,0,0,6963846,2019-03-18 11:50:58,btc,0.0,0.0,0,btc,0.0,0.0,0.0,91
0,[],22,[],2019-03-18 11:51:47,0.0,0,0,6963847,2019-03-18 11:51:47,,0.0,0.0,0,,0.0,0.0,0.0,91
0,[],22,[],2019-03-18 11:52:37,0.0,0,0,6963848,2019-03-18 11:52:37,,0.0,0.0,0,,0.0,0.0,0.0,95
0.00000000014862449999999999,[],4,[],2019-03-18 11:52:38,540922801.2512879,7.431225e-17,2.954930015325e-21,6963849,2019-03-18 11:52:38,ltc,11.883229163645623,0.0,0.0000005,ltc,134875865.11121503,0.0,1.1737740471379419e-09,96
0,[],12,[],2019-03-18 11:52:39,0.0,0,0,6963850,2019-03-18 11:52:39,btc,10.668965504735265,0.0,0,btc,3148038.47352644,0.0001875224775226,0.0,96
0,[],17,[],2019-03-18 10:58:49,0.0,0,0,6963653,2019-03-18 10:58:49,btc,0.0,0.0,0,btc,0.0,0.0,0.0,96
1,[],4,[],2019-03-18 11:52:41,4250337.63118279,0.00000053,0.000000000021074761,6963851,2019-03-18 11:52:41,btc,6.177570158282672,0.0,0.00000053,btc,3184923.59652259,0.84276303,0.9465966806036191,99
0,[],2,[],2019-01-20 23:23:55,0.0,0,0,6476914,2019-01-20 23:23:55,,0.0,0.0,0,,0.0,0.0,0.0,100
1,[],4,[],2019-03-18 11:52:42,299856.43670577,0.00003481,0.000000001384174397,6963852,2019-03-18 11:52:42,btc,10.711499288186277,0.0,0.00003481,btc,167716.10368556,0.75295912,1.6625648253361587,100
0,[],22,[],2019-03-18 11:53:31,0.0,0,0,6963853,2019-03-18 11:53:31,,0.0,0.0,0,,0.0,0.0,0.0,101
1,[],4,[],2019-03-18 11:53:32,1252462.54608694,0.00000094,0.000000000037377878,6963854,2019-03-18 11:53:32,btc,292.58844070318275,0.0,0.00000094,btc,555686.41748909,0.07982876,0.208288934747087,103
1,[],12,[],2019-03-18 11:53:36,32907478.0,0.000000007,0.0000000000002783459,6963855,2019-03-18 11:53:36,btc,3219028.6648477684,0.0,0.000000007,btc,65762373.99241756,0.02470711902614483,0.047671887,105
0,[],27,[],2019-03-18 11:53:37,0.0,0,0,6963856,2019-03-18 11:53:37,,36.61213037936601,0.0,0,btc,1531551.60039724,0.0,0.0,105
0,[],22,[],2019-03-18 11:54:26,0.0,0,0,6963857,2019-03-18 11:54:26,,0.0,0.0,0,,0.0,0.0,0.0,107
1,[],26,[],2019-03-18 11:54:27,0.0,0.00000000,0,6963858,2019-03-18 11:54:27,btc,0.0,0.0,0.00000000,btc,0.0,0.0,0.0,107
1,[],5,[],2019-03-18 11:54:29,0.0,0,0,6963859,2019-03-18 11:54:29,btc,0.0,0.00140688,0,btc,0.0,0.0,0.0,112
0,[],22,[],2019-03-18 11:55:17,0.0,0,0,6963860,2019-03-18 11:55:17,,0.0,0.0,0,,0.0,0.0,0.0,112
0.0000000003458675,[],27,[],2019-03-18 11:55:21,2000.0,3.4586750000000002e-18,1.375297150975e-22,6963861,2019-03-18 11:55:21,eth,1.24996908,0.0,0.00000001,"btc,eth",1289.0,0.0,6.91735e-15,112
1,[],4,[],2019-03-18 11:55:23,749236.85809717,0.00000187,0.000000000074358119,6963862,2019-03-18 11:55:23,btc,4.315677114542693,0.0,0.00000187,btc,407975.4916528,0.21461986,0.7137196297773567,113
1,[],5,[],2019-03-18 11:55:25,0.0,0,0,6963863,2019-03-18 11:55:25,btc,0.0,0.0,0,btc,0.0,0.0,0.0,113
0,[],27,[],2019-03-18 11:55:28,0.0,0,0,6963864,2019-03-18 11:55:28,,0.0,0.0,0,btc,0.0,0.0,0.0,116
1,[],17,[],2019-03-18 11:03:43,152738.278,0.00000004,0.0000000000015834760000000001,6963667,2019-03-18 11:03:43,btc,1.33680302678,0.0,0.00000004,btc,50696.221,0.0,0.0022095311199999998,116
1,[],4,[],2019-03-18 11:55:30,67214.62602781,0.00004778,0.000000001899909586,6963865,2019-03-18 11:55:30,btc,103.16738058008028,0.0,0.00004778,btc,48763.01535931,0.30477459,1.2866010297713537,120
1,[],7,[],2019-03-18 11:55:34,23146.45280819,0.00002799999999999999957998007837911558226551278494298458099365234375,0.0000000011133836,6963866,2019-03-18 11:55:34,btc,115651.27322872334,150.28774618,0.00002799999999999999957998007837911558226551278494298458099365234375,btc,27786.46884297,0.00701739,0.0577218998156474,120
1,[],20,[],2019-03-18 11:55:37,1562127.0982,0.000000034,0.0000000000013519658,6963867,2019-03-18 11:55:37,btc,32.3019190406648,9517.559,0.000000034,btc,1028084.0986,0.000323597006,0.0117960626506,125
0,[],22,[],2019-03-18 11:56:26,0.0,0,0,6963868,2019-03-18 11:56:26,,0.0,0.0,0,,0.0,0.0,0.0,126
0,[],17,[],2019-03-18 10:00:36,0.0,0,0,6963475,2019-03-18 10:00:36,btc,0.0953976503951408,0.0,0,btc,5037.62507334,0.0,0.0,131
1,[],4,[],2019-03-18 11:56:27,1304158.15673972,0.00001127,0.000000000448136899,6963869,2019-03-18 11:56:27,btc,3.0069988188830536,0.0,0.00001127,btc,126466.0038683,0.1073926,0.4978547440486287,131
0,[],2,[],2019-01-20 23:25:46,0.0,0,0,6476969,2019-01-20 23:25:46,,0.0,0.0,0,,0.0,0.0,0.0,131
1,[],4,[],2019-03-18 11:56:40,4597.90047619,0.00025392,0.000000010096798704,6963870,2019-03-18 11:56:40,btc,0.5257822744450135,0.0,0.00025392,btc,193.40119446,0.01891779,0.0167734160943722,135
1,[],3,[],2019-03-07 00:20:44,877702.73244099,0.00000004,0.00000000000154846,6863392,2019-03-07 00:20:44,btc,0.119366241821405,0.0,0.00000004,btc,760637.99421222,0.0,0.023771231960604298,136
1,[],4,[],2019-03-18 11:56:41,167045.9986615,0.00000124,0.000000000049306988,6963871,2019-03-18 11:56:41,btc,38.765943322280705,0.0,0.00000124,btc,580226.86040437,0.05523845,0.1336458678596934,137
1,[],12,[],2019-03-18 11:56:43,170078.59067965,0.000001129999999999999980629101885287735029805844533257186412811279296875,0.000000000044932981,6963872,2019-03-18 11:56:43,btc,37.49958855935846,0.0,0.000001129999999999999980629101885287735029805844533257186412811279296875,btc,5296.32065971,0.0123992996885971,0.0108609399999207,137
1,[],4,[],2019-03-18 11:56:45,38333.56725425,0.00003622,0.000000001440241214,6963873,2019-03-18 11:56:45,btc,28.767241485671814,0.0,0.00003622,btc,51307.39483506,0.36966438,0.3727827916506127,142
1,[],5,[],2019-03-18 11:56:46,0.0,0,0,6963874,2019-03-18 11:56:46,btc,0.0,0.07270132,0,btc,0.0,0.0,0.0,142
1,[],17,[],2019-03-18 11:56:48,22967.386363640002,0.00000088,0.000000000034992056000000004,6963875,2019-03-18 11:56:48,btc,20.06991335271878,0.0,0.00000088,btc,2746.079105,0.0,0.0104613000000032,142
1,[],20,[],2019-03-18 11:56:50,149118.4475,0.000031,0.0000000012326746999999999,6963876,2019-03-18 11:56:50,btc,0.3359263738872,3.1793,0.000031,btc,2242.1771,9.5556965e-05,0.3137471204883,142
0,[],22,[],2019-03-18 11:57:39,0.0,0,0,6963877,2019-03-18 11:57:39,,0.0,0.0,0,,0.0,0.0,0.0,142
0.0,[],25,[],2019-03-18 11:57:41,0.0,0,0,6963878,2019-03-18 11:57:41,,0.0,0.0,0.0,btc,0.0,0.0,0.0,142
1,[],28,[],2019-03-18 11:57:48,82318.0,0.00001400,0.0000000005566918,6963879,2019-03-18 11:57:48,btc,0.0598892044,883.0,0.00001400,btc,406.39693,0.0,0.07022398,142
0,[],22,[],2019-03-18 11:58:37,0.0,0,0,6963880,2019-03-18 11:58:37,,0.0,0.0,0,,0.0,0.0,0.0,143
0,[],22,[],2019-02-25 15:42:22,0.0,0,0,6783783,2019-02-25 15:42:22,,4.2131946,0.0,0,,2322156.0,0.0,0.0,146
,[],22,[],2018-11-20 23:01:11,0.0,0,0,4862114,2018-11-20 23:01:11,,2.56807021,0.0,,,61828.4988236,0.0,0.0,147
1,[],12,[],2019-03-18 11:58:39,358899.95430329,0.0000027300000000000001199843176202808336938687716610729694366455078125,0.00000000010855490100000001,6963881,2019-03-18 11:58:39,btc,9.693728121754921,0.0,0.0000027300000000000001199843176202808336938687716610729694366455078125,btc,108330.39740171,0.0,0.1679670299999032,148
1,[],4,[],2019-03-18 11:58:41,266713.74270951,0.00000030,0.00000000001192911,6963882,2019-03-18 11:58:41,btc,218.95566424346652,0.0,0.00000030,btc,801811.42486661,0.00142141,0.0643335474147602,152
0,[],22,[],2019-03-18 11:59:30,0.0,0,0,6963883,2019-03-18 11:59:30,,0.0,0.0,0,,0.0,0.0,0.0,152
1,[],5,[],2019-03-18 11:59:31,0.0,0,0,6963884,2019-03-18 11:59:31,btc,0.0,0.0,0,btc,0.0,0.0,0.0,153
,[],16,[],2019-01-11 15:38:59,0.0,0,0,6366141,2019-01-11 15:38:59,btc,0.0,0.0,,btc,0.0,0.0,0.0,155
0,[],23,[],2019-01-20 23:24:29,0.0,0,0,6476932,2019-01-20 23:24:29,,0.0,0.0,0,,0.0,0.0,0.0,156
0,[],22,[],2019-03-18 12:00:21,0.0,0,0,6963885,2019-03-18 12:00:21,,0.0,0.0,0,,0.0,0.0,0.0,156
0,[],22,[],2019-03-18 12:01:10,0.0,0,0,6963886,2019-03-18 12:01:10,,0.0,0.0,0,,0.0,0.0,0.0,157
0,[],22,[],2019-03-18 12:01:59,0.0,0,0,6963887,2019-03-18 12:01:59,,0.0,0.0,0,,0.0,0.0,0.0,158
,[],17,[],2018-11-20 22:56:10,0.0,0,0,4861976,2018-11-20 22:56:10,btc,1.1265625,0.0,,btc,1000.0,0.0,0.0,159
,[],20,[],2018-11-20 22:56:12,0.0,0,0,4861977,2018-11-20 22:56:12,btc,11912.7940471,0.0,,btc,34413894.3617,0.0,0.0,159
1,[],12,[],2019-03-18 12:02:00,235285.87982271,0.000007279999999999999755269548817881997138101723976433277130126953125,0.00000000028947973599999997,6963888,2019-03-18 12:02:00,btc,12.667236230908413,0.0,0.000007279999999999999755269548817881997138101723976433277130126953125,btc,7901.5139693500005,0.0024494086521699,0.1176084879047459,168
1,[],17,[],2019-03-18 12:02:12,29784.95,0.000001,0.0000000000397637,6963889,2019-03-18 12:02:12,btc,0.03026736251542,0.0,0.000001,btc,144.46171372,0.0,0.00716147,168
0,[],22,[],2019-03-18 12:03:01,0.0,0,0,6963890,2019-03-18 12:03:01,,0.0,0.0,0,,0.0,0.0,0.0,169
0,[],22,[],2019-03-18 12:03:49,0.0,0,0,6963891,2019-03-18 12:03:49,,0.0,0.0,0,,0.0,0.0,0.0,171
0,[],22,[],2019-03-18 12:04:38,0.0,0,0,6963892,2019-03-18 12:04:38,,0.0,0.0,0,,0.0,0.0,0.0,173
1,[],5,[],2019-03-18 12:04:40,0.0,0,0,6963893,2019-03-18 12:04:40,btc,0.0,0.00587817,0,btc,0.0,0.0,0.0,175
0,[],22,[],2019-03-18 12:05:29,0.0,0,0,6963894,2019-03-18 12:05:29,,0.0,0.0,0,,0.0,0.0,0.0,176
1,[],7,[],2019-03-18 12:05:31,9382149.39234144,0.00000001,0.000000000000397637,6963895,2019-03-18 12:05:31,btc,410194.08958496986,76887915.1812,0.00000001,btc,34371920.874675944,0.7788531,0.0938214939234144,178
0,[],22,[],2019-03-18 12:06:20,0.0,0,0,6963896,2019-03-18 12:06:20,,0.0,0.0,0,,0.0,0.0,0.0,178
0,[],2,[],2019-01-20 23:28:34,0.0,0,0,6477001,2019-01-20 23:28:34,,0.0,0.0,0,,0.0,0.0,0.0,178
0,[],23,[],2019-01-20 23:25:08,0.0,0,0,6476952,2019-01-20 23:25:08,,0.0,0.0,0,,0.0,0.0,0.0,179
1,[],5,[],2019-03-18 12:06:22,0.0,0,0,6963897,2019-03-18 12:06:22,btc,0.0,0.0673874,0,btc,0.0,0.0,0.0,179
0,[],22,[],2019-03-18 12:07:11,0.0,0,0,6963898,2019-03-18 12:07:11,,0.0,0.0,0,,0.0,0.0,0.0,179
0,[],22,[],2019-03-18 12:08:11,0.0,0,0,6963899,2019-03-18 12:08:11,,0.0,0.0,0,,0.0,0.0,0.0,180
1,[],26,[],2019-03-18 12:08:11,0.0,0.00000126,0.000000000050102262,6963900,2019-03-18 12:08:11,btc,0.0,0.0,0.00000126,btc,0.0,0.0,0.0,180
1,[],17,[],2019-03-18 07:02:11,10504.725,0.0000001,0.00000000000396877,6962912,2019-03-18 07:02:11,btc,5.201069583844188,0.0,0.0000001,btc,5033.45945,0.0,0.0010504725,180
,[],7,[],2018-11-20 22:58:01,562227.975654,0.00000085,0.000000000036176765,4862015,2018-11-20 22:58:01,btc,21836.6059674,2491.87645172,,btc,749999.041456,0.00211021,0.127565380455,183
,[],5,[],2019-01-10 08:11:41,0.0,0,0,6347036,2019-01-10 08:11:41,btc,82.15055501,0.00261,,btc,1.19002445,0.0,0.0,187
,[],17,[],2018-11-16 20:58:10,4062536.27273,0.00000001,0.000000000000550501,4708775,2018-11-16 20:58:10,btc,3.36492563466,0.195460381006,,"btc,eth",110697919.549,0.0,0.0157628953496,187
1,[],24,[],2019-03-18 12:08:11,0.0,0.000000000001,3.97637e-17,6963901,2019-03-18 12:08:11,btc,0.0,0.0,0.000000000001,btc,0.0,0.0,0.0,187
0,[],22,[],2019-03-18 12:09:00,0.0,0,0,6963902,2019-03-18 12:09:00,,0.0,0.0,0,,0.0,0.0,0.0,191
0,[],22,[],2019-03-18 12:09:49,0.0,0,0,6963903,2019-03-18 12:09:49,,0.0,0.0,0,,0.0,0.0,0.0,197
0,[],23,[],2019-01-20 23:31:41,0.0,0,0,6477079,2019-01-20 23:31:41,,0.0,0.0,0,,0.0,0.0,0.0,199
0,[],22,[],2019-03-18 12:10:38,0.0,0,0,6963904,2019-03-18 12:10:38,,0.0,0.0,0,,0.0,0.0,0.0,199
1,[],26,[],2019-03-18 12:10:38,0.0,0.00000000,0,6963905,2019-03-18 12:10:38,btc,0.0,131318.0,0.00000000,btc,0.0,0.0,0.0,199
0,[],2,[],2019-01-20 23:30:49,0.0,0,0,6477059,2019-01-20 23:30:49,,0.0,0.0,0,,0.0,0.0,0.0,201
1,[],4,[],2019-01-25 15:51:35,2084389.58565343,0.00000936,0.000000000333526752,6499557,2019-01-25 15:51:35,btc,2.0092503037378524,0.0,0.00000936,btc,160195.80207885,0.19272417,1.242687955921835,211
1,[],7,[],2019-03-18 12:10:42,4125364.84431883,0.000001049999999999999899545958213786800428124479367397725582122802734375,0.000000000041751884999999994,6963906,2019-03-18 12:10:42,btc,15476712.402490845,2212557.18942,0.000001049999999999999899545958213786800428124479367397725582122802734375,btc,14082024.73672757,0.0,2.894487554434554,212
1,[],12,[],2019-01-25 02:44:32,207462.42853209,0.000001080000000000000035831255497387193287295303889550268650054931640625,0.000000000038610756000000006,6493050,2019-01-25 02:44:32,btc,85023.03793723314,0.0,0.000001080000000000000035831255497387193287295303889550268650054931640625,btc,43675.73520027,0.000146250909087,0.0348620860622024,213
1,[],5,[],2019-03-18 12:10:44,0.0,0,0,6963907,2019-03-18 12:10:44,btc,0.0,0.09083864,0,btc,0.0,0.0,0.0,213
1,[],24,[],2019-03-18 12:10:44,0.0,0.000000220000,0.000000000008748014,6963908,2019-03-18 12:10:44,btc,0.0,0.0,0.000000220000,btc,0.0,0.0,0.0,213
1,[],26,[],2019-03-18 12:10:44,0.0,0.00000040,0.00000000001590548,6963909,2019-03-18 12:10:44,btc,0.0,0.0,0.00000040,btc,0.0,0.0,0.0,213
0,[],22,[],2019-03-18 12:11:33,0.0,0,0,6963910,2019-03-18 12:11:33,,0.0,0.0,0,,0.0,0.0,0.0,216
1,[],27,[],2019-03-18 12:11:36,1233122.0,0.00000003,0.000000000001192911,6963911,2019-03-18 12:11:36,btc,316.9775071147724,0.0,0.00000003,"btc,ltc",239299.924324,0.0,0.033757640000074314,216
0,[],22,[],2019-03-18 12:12:25,0.0,0,0,6963912,2019-03-18 12:12:25,,0.0,0.0,0,,0.0,0.0,0.0,217
1,[],7,[],2019-03-18 12:12:26,0.0,0,0,6963913,2019-03-18 12:12:26,btc,77969.33757097446,0.0,0,btc,135811624.2426053,0.0,0.0,219
0,[],27,[],2019-03-18 12:12:29,0.0,0,0,6963914,2019-03-18 12:12:29,,0.03997288,0.0,0,btc,2007233.0,0.0,0.0,219
0.0000000000000052,[],28,[],2019-03-18 12:12:36,170722989.525,2.6e-18,1.0338562e-22,6963915,2019-03-18 12:12:36,doge,116924.3400685315,28842.5,0.00050000,"btc,doge",8645714.84061,0.0,1.735449385700524e-11,219
0,[],22,[],2019-03-18 12:13:25,0.0,0,0,6963916,2019-03-18 12:13:25,,0.0,0.0,0,,0.0,0.0,0.0,221
1,[],24,[],2019-03-18 12:13:25,0.0,0.000000200000,0.00000000000795274,6963917,2019-03-18 12:13:25,btc,0.0,0.0,0.000000200000,btc,0.0,0.0,0.0,221
1,[],20,[],2019-03-18 12:13:27,47570391.6886,0.000000005,0.0000000000001988185,6963918,2019-03-18 12:13:27,btc,49.4227336439533,2576026.8119,0.000000005,btc,15511966.5652,0.0237652614973,0.0612277657352,224
0,[],22,[],2019-03-18 12:14:16,0.0,0,0,6963919,2019-03-18 12:14:16,,0.0,0.0,0,,0.0,0.0,0.0,224
1,[],26,[],2019-03-18 12:14:16,0.0,0.00000022,0.000000000008748014,6963920,2019-03-18 12:14:16,btc,0.0,0.0,0.00000022,btc,0.0,0.0,0.0,231
1,[],26,[],2019-03-18 12:14:17,0.0,0.00000005,0.000000000001988185,6963921,2019-03-18 12:14:17,btc,0.0,100.0,0.00000005,btc,0.0,0.0,0.0,234
0.0000000003458675,[],27,[],2019-03-18 12:14:19,2000.0,3.4586750000000002e-18,1.375297150975e-22,6963922,2019-03-18 12:14:19,eth,0.01134836604,0.0,0.00000001,"btc,eth",11462.996,0.0,6.91735e-15,234
1,[],4,[],2019-03-18 12:14:21,1019469.50344819,0.00000115,0.000000000045728255,6963923,2019-03-18 12:14:21,btc,4.314536434233681,0.0,0.00000115,btc,1031459.90018636,0.26414499,0.4478424046731247,236
1,[],24,[],2019-03-18 12:14:21,0.0,0.000000500000,0.00000000001988185,6963924,2019-03-18 12:14:21,btc,0.0,0.0,0.000000500000,btc,0.0,0.0,0.0,236
1,[],20,[],2019-03-18 12:14:23,216991894.4074,0.000000042,0.0000000000016700754,6963925,2019-03-18 12:14:23,btc,94.2882906710424,5413293.7602,0.000000042,btc,30681538.9394,0.2450375581333,0.3428651196958,237
0,[],22,[],2019-03-18 12:15:12,0.0,0,0,6963926,2019-03-18 12:15:12,,0.0,0.0,0,,0.0,0.0,0.0,237
1,[],4,[],2019-03-18 12:15:13,10340719.86545267,0.00000037,0.000000000014712569,6963927,2019-03-18 12:15:13,btc,5.245231722552043,0.0,0.00000037,btc,7625482.35478748,0.28932726,2.9117602162607192,238
1,[],5,[],2019-03-18 12:15:15,0.0,0,0,6963928,2019-03-18 12:15:15,btc,0.0,0.01221633,0,btc,0.0,0.0,0.0,238
0,[],22,[],2019-03-12 16:49:32,0.0,0,0,6914458,2019-03-12 16:49:32,,0.40415746,0.0,0,,526736.5639027493,0.0,0.0,249
0,[],22,[],2019-03-18 12:16:04,0.0,0,0,6963929,2019-03-18 12:16:04,,0.0,0.0,0,,0.0,0.0,0.0,252
1,[],28,[],2019-03-18 12:16:11,1718172.998,0.0000007,0.00000000002783459,6963930,2019-03-18 12:16:11,btc,164780.49337444297,81741.1,0.0000007,btc,559147.871,0.0,0.4616886214,256
0,[],22,[],2019-03-18 12:17:00,0.0,0,0,6963931,2019-03-18 12:17:00,,0.0,0.0,0,,0.0,0.0,0.0,258
1,[],22,[],2019-03-13 00:07:30,47146.0,0.00000001,0.000000000000387233,6917028,2019-03-13 00:07:30,BTC,2.415167,0.0,0.00000001,BTC,157.0,0.0,0.00047146,259
1,[],5,[],2019-03-18 12:17:01,0.0,0,0,6963932,2019-03-18 12:17:01,btc,0.0,0.2788937,0,btc,0.0,0.0,0.0,264
1,[],20,[],2019-03-18 12:17:03,1272490.777,0.00000192,0.000000000076346304,6963933,2019-03-18 12:17:03,btc,7.2052988645425,16910.68,0.00000192,btc,99052.6253,0.0389107624971,0.026421200208,264
0,[],22,[],2019-03-18 12:17:52,0.0,0,0,6963934,2019-03-18 12:17:52,,0.0,0.0,0,,0.0,0.0,0.0,271
0,[],22,[],2019-03-18 12:18:41,0.0,0,0,6963935,2019-03-18 12:18:41,,0.0,0.0,0,,0.0,0.0,0.0,272
0.0000000000000052,[],28,[],2019-03-18 12:18:47,206317293566.671,3.848e-21,1.530107176e-25,6963936,2019-03-18 12:18:47,doge,147713412.78256518,2933239441.0622,0.00000074,doge,244361215055.2514,0.0,5.320051861620695e-10,272
0,[],22,[],2019-03-18 12:19:36,0.0,0,0,6963937,2019-03-18 12:19:36,,0.0,0.0,0,,0.0,0.0,0.0,281
0,[],22,[],2019-03-18 11:37:16,0.0,0,0,6963741,2019-03-18 11:37:16,,0.0,0.0,0,,0.0,0.0,0.0,286
0,[],22,[],2019-03-18 11:38:05,0.0,0,0,6963742,2019-03-18 11:38:05,,0.0,0.0,0,,0.0,0.0,0.0,294
