pairValue,buyBook,exchangeId,sellBook,updated,buyTotal,satoshiPrice,usdPrice,exchangeLogId,created,bestPair,sellTotalBtc,volume,pairPrice,activePairs,sellTotal,volumeBtc,buyTotalBtc,coinId
1,[],3,[],2019-06-29 07:27:57,32161.257062287536,0.0080946999999999998121058553124385070987045764923095703125,0.00000095259158123,7777849,2019-06-29 07:27:57,btc,10.843648469614052,106.461249944,0.0080946999999999998121058553124385070987045764923095703125,btc,43.74536643602,0.0,0.228376545942318,1
1,[],4,[],2019-06-29 07:27:58,207789.84175178,0.00819001,0.000000963807747809,7777850,2019-06-29 07:27:58,btc,9.024315828401837,0.0,0.00819001,btc,426.07844791,4.89580761,0.5242437308983051,1
1,[],5,[],2019-06-29 07:27:59,0.0,0,0,7777851,2019-06-29 07:27:59,btc,0.0,0.07073924,0,btc,0.0,0.0,0.0,1
1,[],10,[],2019-06-29 07:28:02,245917.84527655,0.00333004,0.000000391882104236,7777852,2019-06-29 07:28:02,btc,6522.240612203931,2121.94686917,0.00333004,btc,1297.32192944,0.0,1.3847177678761655,1
1,[],12,[],2019-06-29 07:28:05,93.14877862,0.00814999999999999925892613106270800926722586154937744140625,0.0000009590993349999999,7777853,2019-06-29 07:28:05,btc,0.6622869840295,0.0,0.00814999999999999925892613106270800926722586154937744140625,btc,29.860938140000002,1.810747614056,0.1230279418315,1
1,[],20,[],2019-06-29 07:28:06,928.5695,0.008010075,0.0000009426328350675,7777854,2019-06-29 07:28:06,btc,0.1560297540401,1.786,0.008010075,btc,11.7547,0.0158574357708,0.1288472240855,1
1,[],21,[],2019-06-29 07:28:08,2433.74217038,0.008172999999999999709565656758,0.0000009618059957,7777855,2019-06-29 07:28:08,btc,11.807661610005168,5190.21365439,0.00817299999999999970956565675805904902517795562744140625,"btc,eth",1969.52989609,39.12937769424456,14.477666282573578,1
1,[],22,[],2019-06-29 07:28:12,0.0469,0.00850000,0.000001000287650000000033297707149,7777856,2019-06-29 07:28:12,BTC,0.01666796,0.0,0.00850000,BTC,0.25318100557485945,0.0,0.00025139,1
1,[],24,[],2019-06-29 07:28:12,0.0,0.000000000000,0,7777857,2019-06-29 07:28:12,btc,0.0,0.0,0.000000000000,btc,0.0,0.0,0.0,1
0.0,[],25,[],2019-06-29 07:28:15,0.0,0,0,7777858,2019-06-29 07:28:15,btc,31.9844999990226,29918.77787535,0.0,btc,3826.98790491,245.21,0.0,1
1,[],26,[],2019-06-29 07:28:17,0.0,0,0,7777859,2019-06-29 07:28:17,,0.0,0.0,0,,0.0,0.0,0.0,1
0,[],28,[],2019-06-29 07:28:19,0.0,0,0,7777860,2019-06-29 07:28:19,,0.0,0.0,0,,0.0,0.0,0.0,1
0,[],2,[],2019-01-20 23:28:45,0.0,0,0,6477011,2019-01-20 23:28:45,,0.0,0.0,0,,0.0,0.0,0.0,1
1,[],5,[],2019-06-17 14:29:02,0.0,0,0,7740076,2019-06-17 14:29:02,btc,0.0,2.72e-05,0,btc,0.0,0.0,0.0,2
1,[],22,[],2019-06-17 14:29:06,11550.3,0.0000002,0.0000000000185828,7740077,2019-06-17 14:29:06,BTC,21.00897301,0.0,0.0000002,"BTC,XMR",20678.87287795317,1.754e-05,0.00143681,2
1,[],5,[],2019-06-03 14:48:58,0.0,0,0,7731126,2019-06-03 14:48:58,btc,0.0,0.05905545,0,btc,0.0,0.0,0.0,3
1,[],12,[],2019-06-03 14:48:59,3468623.70302,0.000000116,0.000000000009823402000000002,7731127,2019-06-03 14:48:59,btc,169531.0336573751,0.0,0.000000116,btc,2361209.62379607,0.041350953071,0.33764769154428,3
0,[],28,[],2019-06-03 14:49:00,0.0,0,0,7731128,2019-06-03 14:49:00,,0.0,0.0,0,,0.0,0.0,0.0,3
0,[],2,[],2019-01-20 23:31:32,0.0,0,0,6477077,2019-01-20 23:31:32,,0.0,0.0,0,,0.0,0.0,0.0,4
1,[],4,[],2019-05-18 21:29:50,562734.9206932,0.00000010,0.000000000007298720000000001,7650946,2019-05-18 21:29:50,btc,41.9347137769675,0.0,0.00000010,btc,1123702.32192634,0.00052462,0.029254593370966,4
0,[],12,[],2019-06-02 05:03:43,0.0,0,0,7724919,2019-06-02 05:03:43,btc,625.901992874995,0.0,0,btc,1211362.4995005,0.0,0.0,5
0,[],2,[],2019-01-20 23:31:51,0.0,0,0,6477087,2019-01-20 23:31:51,,0.0,0.0,0,,0.0,0.0,0.0,6
1,[],11,[],2019-06-29 07:28:21,8551847.276736,0.00000001,0.0000000000011768090000000001,7777861,2019-06-29 07:28:21,btc,9583.567648478911,810685.0,0.00000001,btc,76358159.65670685,0.0,0.08551847276736001,6
1,[],3,[],2019-06-29 07:28:22,12581.850801475666,0.0000538100000000000014931111902427574023022316396236419677734375,0.000000006332409229,7777862,2019-06-29 07:28:22,btc,1026.2942628916846,627.29874475,0.0000538100000000000014931111902427574023022316396236419677734375,btc,402.064760213096,0.0,0.018105602303727465,7
1,[],4,[],2019-06-29 07:28:23,322529.10696986,0.00006291,0.000000007403305419,7777863,2019-06-29 07:28:23,btc,6.973130198356883,0.0,0.00006291,btc,56044.61818399,0.77849328,2.155396579768897,7
1,[],5,[],2019-06-29 07:28:24,0.0,0,0,7777864,2019-06-29 07:28:24,btc,0.0,0.09187224,0,btc,0.0,0.0,0.0,7
1,[],20,[],2019-04-07 22:06:50,3201475.0482,0.000000001,0.000000000000051590000000000004,7213932,2019-04-07 22:06:50,btc,30.8005781811902,0.0,0.000000001,btc,23077405.3926,0.0,0.0032014750482,8
1,[],4,[],2019-06-29 07:28:27,2279129.68800079,0.00000039,0.000000000045895551,7777865,2019-06-29 07:28:27,btc,2.885406947598599,0.0,0.00000039,btc,3064250.43773001,0.1976351,0.4110606471400186,9
0,[],28,[],2019-06-29 07:28:28,0.0,0,0,7777866,2019-06-29 07:28:28,,0.0,0.0,0,,0.0,0.0,0.0,9
0,[],2,[],2019-01-20 23:22:42,0.0,0,0,6476876,2019-01-20 23:22:42,,0.0,0.0,0,,0.0,0.0,0.0,9
0,[],23,[],2019-01-20 23:22:48,0.0,0,0,6476878,2019-01-20 23:22:48,,0.0,0.0,0,,0.0,0.0,0.0,9
1,[],1,[],2019-02-17 23:31:42,1822507.21,0.00000181000000000000003456111265232042484285557293333113193511962890625,0.000000000066086901,6701244,2019-02-17 23:31:42,btc,3.6990969245,17153386.5,0.00000181000000000000003456111265232042484285557293333113193511962890625,btc,1997391.71,31.11772986,3.2610482446,9
1,[],4,[],2019-02-17 11:22:43,4341674.27126056,0.00000002,0.0000000000007272960000000001,6696112,2019-02-17 11:22:43,btc,0.1997230937751353,0.0,0.00000002,btc,4109766.79808031,0.00215132,0.0479381022052112,10
1,[],4,[],2019-06-29 07:28:29,29134409.92165133,0.00000029,0.000000000034127461000000004,7777867,2019-06-29 07:28:29,btc,7.763282197675949,0.0,0.00000029,btc,8812249.21308682,0.34626914,1.2395149537153671,12
1,[],5,[],2019-06-29 07:28:30,0.0,0,0,7777868,2019-06-29 07:28:30,btc,0.0,0.03730877,0,btc,0.0,0.0,0.0,12
0.0,[],25,[],2019-06-29 07:28:32,0.0,0,0,7777869,2019-06-29 07:28:32,,0.0,0.0,0.0,btc,0.0,0.0,0.0,12
0,[],2,[],2019-01-20 23:23:08,0.0,0,0,6476890,2019-01-20 23:23:08,,0.0,0.0,0,,0.0,0.0,0.0,12
1,[],4,[],2019-06-29 07:28:33,537048.32178262,0.00000243,0.000000000285964587,7777870,2019-06-29 07:28:33,btc,1.9155657940123831,0.0,0.00000243,btc,339856.27642845,0.24519018,0.2190118078225083,13
1,[],21,[],2019-06-29 07:28:36,6946736.6778638,0.000002430000000000000027680765666,0.000000000285964587,7777871,2019-06-29 07:28:36,btc,3.0612542560723344,931967.21211414,0.00000243000000000000002768076566572741370464427745901048183441162109375,btc,904952.8206753,2.33474714,2.370731618069177,13
1,[],10,[],2019-06-29 07:04:04,576506.72954178,0.00000242,0.00000000028665940600000005,7777753,2019-06-29 07:04:04,btc,666797.6615760458,56452.1023139,0.00000242,btc,872120.56667611,0.0,0.1826252319139942,13
1,[],4,[],2019-06-29 07:28:37,1121344.88475324,0.00000037,0.000000000043541933000000003,7777872,2019-06-29 07:28:37,btc,3.0121220298191798,0.0,0.00000037,btc,769532.69718441,0.0007968,0.1024070647703037,14
1,[],12,[],2019-06-29 07:28:38,196042.0,0.00000045,0.000000000052956404999999996,7777873,2019-06-29 07:28:38,btc,193.4809055903095,0.0,0.00000045,btc,40726.05244047,0.000171753526,0.00741992,14
1,[],26,[],2019-06-29 07:30:38,0.0,0.00000050,0.00000000005884045,7777874,2019-06-29 07:30:38,btc,0.0,0.0,0.00000050,btc,0.0,0.0,0.0,14
0,[],17,[],2019-05-03 00:53:32,0.0,0,0,7558876,2019-05-03 00:53:32,btc,0.0,0.0,0,btc,0.0,0.0,0.0,14
0,[],4,[],2019-06-29 07:30:39,0.0,0,0,7777875,2019-06-29 07:30:39,,0.0,0.0,0,,0.0,0.0,0.0,15
,[],12,[],2018-12-01 15:15:48,204241.84496,0.00000489,0.000000000202473384,5260204,2018-12-01 15:15:48,btc,49.5475654835,0.0,,btc,35763.2193806,0.0163153972027625,0.0203389899998,15
1,[],4,[],2019-06-29 07:30:41,29845.27344556,0.00000802,0.000000000943800818,7777876,2019-06-29 07:30:41,btc,2.3623105157494053,0.0,0.00000802,btc,16566.90857138,0.01475283,0.0296101243843053,18
1,[],10,[],2019-06-29 07:30:43,400728.33206092,0.00000811,0.0000000009543920990000002,7777877,2019-06-29 07:30:43,btc,14.898786290188966,5239.86701225,0.00000811,btc,11340.67651674,0.0,0.3056237635944293,18
1,[],12,[],2019-06-29 07:30:44,1701.12168675,0.000007940000000000000212447247294189622834892361424863338470458984375,0.000000000934386346,7777878,2019-06-29 07:30:44,btc,0.5295065462735213,0.0,0.000007940000000000000212447247294189622834892361424863338470458984375,btc,1928.82773008,9.179915e-06,0.0035903224599925,18
0,[],2,[],2019-01-20 23:23:38,0.0,0,0,6476906,2019-01-20 23:23:38,,0.0,0.0,0,,0.0,0.0,0.0,18
0,[],17,[],2019-05-03 00:53:39,0.0,0,0,7558882,2019-05-03 00:53:39,btc,0.0,0.0,0,btc,0.0,0.0,0.0,18
1,[],3,[],2019-06-29 07:32:45,159886.63775275,0.000007920000000000000403934698189889473951552645303308963775634765625,0.000000000932032728,7777879,2019-06-29 07:32:45,btc,192.73804752198558,16041.8444588,0.000007920000000000000403934698189889473951552645303308963775634765625,btc,18659.196716540635,0.0,0.1053607258907104,19
1,[],4,[],2019-06-29 07:32:46,208656.97038818,0.00000695,0.000000000817882255,7777880,2019-06-29 07:32:46,btc,4.071521543054315,0.0,0.00000695,btc,250297.81192123,0.34062976,0.7460379972154677,19
1,[],5,[],2019-06-29 07:32:48,0.0,0,0,7777881,2019-06-29 07:32:48,btc,0.0,0.0,0,btc,0.0,0.0,0.0,19
1,[],12,[],2019-06-29 07:32:49,107051.92557222,0.0000060599999999999995775427918953681682978640310466289520263671875,0.000000000713146254,7777882,2019-06-29 07:32:49,btc,1.2046839039117625,0.0,0.0000060599999999999995775427918953681682978640310466289520263671875,btc,3008.56634116,0.0,0.0098125199998035,19
0,[],27,[],2019-06-29 07:32:55,0.0,0,0,7777883,2019-06-29 07:32:55,,0.0,0.0,0,btc,0.0,0.0,0.0,19
0,[],2,[],2019-01-20 23:24:19,0.0,0,0,6476924,2019-01-20 23:24:19,,0.0,0.0,0,,0.0,0.0,0.0,19
1,[],4,[],2019-06-29 07:32:56,9961191.09278478,0.00000005,0.0000000000058840450000000005,7777884,2019-06-29 07:32:56,btc,5.161999225062317,0.0,0.00000005,btc,2237645.99057627,0.0,0.1113794166205056,20
0,[],4,[],2019-06-29 07:32:57,0.0,0,0,7777885,2019-06-29 07:32:57,,13838.476761848238,0.0,0,,166003796.6737067,0.0,0.0,21
0,[],12,[],2019-06-29 07:32:58,0.0,0,0,7777886,2019-06-29 07:32:58,btc,2602.9606819574524,0.0,0,btc,10311974.54345651,0.0,0.0,21
0,[],17,[],2019-05-03 00:53:51,0.0,0,0,7558891,2019-05-03 00:53:51,btc,0.0,0.0,0,btc,0.0,0.0,0.0,21
1,[],12,[],2019-06-29 07:34:59,6598621729.281567,0.0000000006,0.00000000000007060854,7777887,2019-06-29 07:34:59,btc,1426620312292.8774,0.0,0.0000000006,btc,2670997335.2279067,0.66464130858,2.140728723495683,23
0.0000000002553782,[],27,[],2019-06-29 07:35:05,61201543.95004998,2.553782e-16,3.005313641638e-20,7777888,2019-06-29 07:35:05,eth,1111.8188872543117,83566858.62459101,0.00000100,eth,3889159.62788612,2.1341153934030085e-08,1.6554045320738243e-09,23
1,[],4,[],2019-06-22 05:45:29,6100414.07522138,0.00000017,0.00000000001823352,7751732,2019-06-22 05:45:29,btc,10.22685272773715,0.0,0.00000017,btc,1790815.48208265,0.0,0.1345450262400025,24
0,[],22,[],2019-06-22 05:45:31,0.0,0,0,7751733,2019-06-22 05:45:31,,6.22e-05,0.0,0,,517.4264705882352,0.0,0.0,24
0.0,[],25,[],2019-06-22 05:45:32,0.0,0,0,7751734,2019-06-22 05:45:32,,0.0,0.0,0.0,btc,0.0,0.0,0.0,24
0,[],2,[],2019-01-20 23:25:56,0.0,0,0,6476976,2019-01-20 23:25:56,,0.0,0.0,0,,0.0,0.0,0.0,26
1,[],4,[],2019-06-29 07:10:36,26943645.26437949,0.00000335,0.00000000039682190500000004,7777772,2019-06-29 07:10:36,btc,7.261719893837566,0.0,0.00000335,btc,198527.19722913,0.10642531,0.3492077110469578,26
1,[],10,[],2019-06-29 07:10:38,128698.80174999,0.00000451,0.0000000005342288930000001,7777773,2019-06-29 07:10:38,btc,25.13166551021295,5755.00617961,0.00000451,btc,19877.76470604,0.0,0.0474027037857409,26
1,[],5,[],2019-04-26 09:47:06,0.0,0,0,7465326,2019-04-26 09:47:06,btc,0.0,0.0,0,btc,0.0,0.0,0.0,27
1,[],3,[],2019-06-17 14:30:26,13571825.64059417,0.00000001,0.00000000000092914,7740112,2019-06-17 14:30:26,btc,3.485049956644059,4264730.43754,0.00000001,btc,23500048.28518193,0.0,0.1357182564059417,27
1,[],11,[],2019-06-17 14:30:28,2031833.58157834,0.00000001,0.00000000000092914,7740113,2019-06-17 14:30:28,btc,67502.92060589766,32677.9652116,0.00000001,btc,6487362.95640949,0.0,0.0203183358157834,27
0.00000000009925399999999999,[],4,[],2019-06-29 07:35:06,427181824.73826337,9.627638e-17,1.1329891047142e-20,7777889,2019-06-29 07:35:06,ltc,10.45570488417658,0.0,0.00000097,ltc,633210813.9138291,0.29833132,1.121751798488817e-08,29
1,[],7,[],2019-06-29 07:35:08,2308999.41628904,0.00000001,0.0000000000011768090000000001,7777890,2019-06-29 07:35:08,btc,46548272.43080099,3804563.98,0.00000001,btc,47366816.83384949,0.03804564,0.023089994162890398,29
1,[],4,[],2019-06-29 07:35:09,15247247.18640204,0.00000004,0.000000000004707236,7777891,2019-06-29 07:35:09,btc,2.5757306845267913,0.0,0.00000004,btc,2263912.01112021,0.00045297,0.1669783403867238,30
0,[],17,[],2019-05-03 01:11:25,0.0,0,0,7559066,2019-05-03 01:11:25,btc,0.0,0.0,0,btc,0.0,0.0,0.0,30
1,[],4,[],2019-06-29 07:37:11,224002.76306206,0.00002757,0.000000003244462413,7777892,2019-06-29 07:37:11,btc,3.7915183933160783,0.0,0.00002757,btc,54861.423019,0.22839336,0.3296528304701356,31
1,[],21,[],2019-06-29 07:37:12,711311.78475645,0.00002847999999999999837241304590,0.000000003351552032,7777893,2019-06-29 07:37:12,btc,4.54958334452264,91062.53296533,0.000028479999999999998372413045899520511738955974578857421875,btc,116240.63997853,2.67000128,3.169008069780202,31
0,[],2,[],2019-01-20 23:28:43,0.0,0,0,6477009,2019-01-20 23:28:43,,0.0,0.0,0,,0.0,0.0,0.0,32
0,[],4,[],2019-06-29 07:37:15,0.0,0,0,7777894,2019-06-29 07:37:15,,0.0,0.0,0,,0.0,0.0,0.0,33
1,[],12,[],2019-03-30 07:55:10,40641173.964,0.00000003,0.000000000001228359,7108785,2019-03-30 07:55:10,btc,4233210.82356125,0.0,0.00000003,btc,28378394.68333462,0.0126927883965248,0.90752895892,33
0.00000000009925399999999999,[],4,[],2019-06-29 07:37:16,149352698.15628988,5.4589699999999995e-17,6.42416502673e-21,7777895,2019-06-29 07:37:16,ltc,4.523350339182215,0.0,0.00000055,ltc,165877689.6828853,0.00010079,6.4792238378977e-10,34
1,[],5,[],2019-06-29 07:37:18,0.0,0,0,7777896,2019-06-29 07:37:18,btc,0.0,0.0,0,btc,0.0,0.0,0.0,34
0.0000000002926451,[],17,[],2019-05-02 18:17:47,200000.0,2.9264510000000002e-18,1.596703856561e-22,7556430,2019-05-02 18:17:47,eth,0.20942468735267253,0.0,0.00000001,"btc,eth",1018272.20243647,0.0,5.852902e-13,36
0.0000000001311821,[],4,[],2019-05-31 13:28:19,2417517744.0607657,1.311821e-18,1.105058333085e-22,7717483,2019-05-31 13:28:19,ltc,5.019900492391546e-08,0.0,0.00000001,ltc,7102398142.262129,0.0,3.171350544531538e-09,36
1,[],5,[],2019-05-31 13:28:21,0.0,0,0,7717484,2019-05-31 13:28:21,btc,0.0,0.0,0,btc,0.0,0.0,0.0,36
0.0000000003108179,[],27,[],2019-05-31 13:30:34,10388811.226876,6.216358000000001e-18,5.236566733830001e-22,7717485,2019-05-31 13:30:34,eth,1569.8708019850988,761866.634299,0.00000002,"ltc,eth",5084024.2511555,4.736034912207001e-12,3.3251980286483705e-11,36
1,[],4,[],2019-06-25 10:05:55,10747826.61931615,0.00000014,0.000000000015920562,7762320,2019-06-25 10:05:55,btc,19773.05513423956,0.0,0.00000014,btc,682946.14349671,0.0006293,0.1362851255028938,37
1,[],12,[],2019-06-25 10:05:57,4167862.54235103,0.00000013,0.000000000014783379,7762321,2019-06-25 10:05:57,btc,7.381091518261743,0.0,0.00000013,btc,1713444.53926904,0.016313049979,0.1478110147956336,37
1,[],27,[],2019-06-25 10:08:02,10970.0,0.00000019,0.000000000021606477,7762322,2019-06-25 10:08:02,btc,22.62970013895233,0.0,0.00000019,btc,4298.824295,0.0,0.00167419,37
1,[],17,[],2019-05-03 01:11:36,211752.74075282,0.00000025,0.000000000013700074999999998,7559074,2019-05-03 01:11:36,btc,0.055484923955058496,0.0,0.00000025,"btc,eth",1387.19918473,0.0,0.0005381851887916605,37
1,[],5,[],2019-06-29 07:12:51,0.0,0,0,7777782,2019-06-29 07:12:51,btc,0.0,0.19254173,0,btc,0.0,0.0,0.0,42
1,[],12,[],2019-06-29 07:12:53,2025258.46480856,0.000001300000000000000047051663780439678674838432925753295421600341796875,0.00000000015399059000000002,7777783,2019-06-29 07:12:53,btc,526.3244174461231,0.0,0.000001300000000000000047051663780439678674838432925753295421600341796875,btc,146232.73888691,0.089364743294,0.0624022176922638,42
1,[],27,[],2019-06-29 07:13:00,683.0,0.00000140,0.00000000016583602,7777784,2019-06-29 07:13:00,btc,0.07600425,0.0,0.00000140,"btc,eth",18.0,0.0,0.0005422,42
1,[],12,[],2019-03-13 09:13:29,1112112.0,0.00000001,0.000000000000386531,6919902,2019-03-13 09:13:29,btc,29058.00478931866,0.0,0.00000001,btc,5967681.93306694,9.99000999e-07,0.01112112,43
1,[],5,[],2019-04-26 22:38:52,0.0,0,0,7474154,2019-04-26 22:38:52,btc,0.0,0.02638891,0,btc,0.0,0.0,0.0,43
0,[],17,[],2019-04-26 22:38:53,0.0,0,0,7474155,2019-04-26 22:38:53,btc,0.0,0.0,0,btc,0.0,0.0,0.0,43
1,[],12,[],2019-03-05 01:54:08,639326.02,0.00000004,0.000000000001486676,6845775,2019-03-05 01:54:08,btc,11116042.728239931,0.0,0.00000004,btc,1103841.4595604,0.0003330765234764,0.014975410599999999,44
0.00000000009925399999999999,[],4,[],2019-06-29 07:37:20,109940635.68363228,5.4589699999999995e-17,6.42416502673e-21,7777897,2019-06-29 07:37:20,ltc,2762.213254203096,0.0,0.00000055,ltc,26839479.32532352,0.0,4.643787658443043e-10,49
0.00000000009925399999999999,[],4,[],2019-06-29 07:37:21,318212513.0025864,2.084334e-17,2.452863010206e-21,7777898,2019-06-29 07:37:21,ltc,28232.03216862608,0.0,0.00000021,ltc,190548467.2023694,0.0,1.839478472759353e-09,52
0,[],22,[],2019-06-29 07:13:05,0.0,0,0,7777787,2019-06-29 07:13:05,,10289.80784133,0.0,0,,287058287.4566013,0.0,0.0,57
0,[],27,[],2019-06-29 07:13:11,0.0,0,0,7777788,2019-06-29 07:13:11,,0.0,0.0,0,"btc,eth",0.0,0.0,0.0,57
1,[],17,[],2019-05-03 01:12:09,1200000.0,0.0000000001,0.00000000000000548003,7559085,2019-05-03 01:12:09,btc,1e+24,0.0,0.0000000001,"btc,eth",39516342.31952568,0.0,0.00010000000058666061,58
0,[],4,[],2019-06-29 07:13:12,0.0,0,0,7777789,2019-06-29 07:13:12,,19.719361598392688,0.0,0,,6086353772.914692,0.0,0.0,58
0,[],12,[],2019-06-29 07:13:14,0.0,0,0,7777790,2019-06-29 07:13:14,btc,54171188.306822374,0.0,0,btc,3426559204.791166,0.000257282817,0.0,58
0.0000000000818664,[],22,[],2019-06-29 07:15:17,126877.0,8.186640000000001e-19,9.697427105520001e-23,7777791,2019-06-29 07:15:17,XMR,68.17454206,0.0,0.00000001,XMR,9626402.6,0.0,0.00126877,58
1,[],5,[],2019-06-17 14:31:27,0.0,0,0,7740135,2019-06-17 14:31:27,btc,0.0,0.00079154,0,btc,0.0,0.0,0.0,61
1,[],22,[],2019-06-17 14:31:30,13612.833333333334,0.00000012,0.00000000001114968,7740136,2019-06-17 14:31:30,BTC,1002.29123003,0.0,0.00000012,BTC,15014.200177125656,0.0,0.00153257,61
1,[],26,[],2019-06-17 14:31:30,0.0,0.00000050,0.000000000046457,7740137,2019-06-17 14:31:30,btc,0.0,0.0,0.00000050,btc,0.0,0.0,0.0,61
1,[],27,[],2019-06-17 14:31:36,8400.0,0.00000018,0.00000000001672452,7740138,2019-06-17 14:31:36,btc,1.9742539297246655,0.0,0.00000018,"btc,eth",10953.51663696,0.0,0.001512,61
0,[],28,[],2019-06-17 14:31:38,0.0,0,0,7740139,2019-06-17 14:31:38,,0.0,0.0,0,,0.0,0.0,0.0,61
1,[],4,[],2019-06-29 07:15:19,367418.07716667,0.00000065,0.000000000076995295,7777792,2019-06-29 07:15:19,btc,3.335533421803239,0.0,0.00000065,btc,1200630.43910329,0.13430548,0.0244121892439044,67
0.0,[],25,[],2019-06-29 07:15:21,0.0,0,0,7777793,2019-06-29 07:15:21,,0.0,0.0,0.0,btc,0.0,0.0,0.0,67
1,[],12,[],2019-06-02 06:23:14,910048.355,0.00000006,0.000000000005154929999999999,7725270,2019-06-02 06:23:14,btc,5.167005424215783,0.0,0.00000006,btc,738530.60239759,0.003159757462,0.0187188113,71
,[],5,[],2018-11-20 23:02:39,1.5e-07,0.00000005,0.000000000002128045,4862160,2018-11-20 23:02:39,btc,2.84511358,0.0,,btc,0.00036572,0.0,0.07381892,74
1,[],5,[],2019-06-29 07:15:22,0.0,0,0,7777794,2019-06-29 07:15:22,btc,0.0,0.005743,0,btc,0.0,0.0,0.0,75
1,[],4,[],2019-06-04 03:25:15,715281.46076168,0.00000001,0.000000000000803619,7734085,2019-06-04 03:25:15,btc,581089.6218469425,0.0,0.00000001,btc,37692563.61091116,0.0,0.0071528146076168,81
0,[],20,[],2019-01-25 09:30:31,0.0,0,0,6495923,2019-01-25 09:30:31,btc,0.0,0.0,0,btc,0.0,0.0,0.0,81
1,[],4,[],2019-06-29 07:15:23,238103.20315349,0.00007044,0.000000008343920892,7777795,2019-06-29 07:15:23,btc,58.64125417582195,0.0,0.00007044,btc,123428.30320788,0.23124396,0.2584201487000953,82
1,[],21,[],2019-06-29 07:15:25,315374.60557502,0.00006799000000000000464191185490,0.000000008053707857,7777796,2019-06-29 07:15:25,btc,3.9218404381721763,11799.53538324,0.00006799000000000000464191185489681856779498048126697540283203125,btc,41545.85565272,0.85458482,2.8253773537507465,82
0,[],17,[],2019-03-25 22:42:34,0.0,0,0,7038780,2019-03-25 22:42:34,btc,0.0445064681804024,0.0,0,btc,995513.18476001,0.0,0.0,84
0.0000000001161485,[],4,[],2019-05-20 13:09:39,216715621.0206096,1.161485e-18,9.0533806701e-23,7657228,2019-05-20 13:09:39,ltc,1.6511566870244727,0.0,0.00000001,ltc,471032407.9048656,0.0,2.5171194308112273e-10,85
,[],22,[],2018-11-20 23:09:34,3408.1,0.0000001,0.0000000000041895,4862324,2018-11-20 23:09:34,BTC,0.04624735,0.0,,BTC,4990.0,0.0,0.00033081,86
1,[],22,[],2019-06-26 09:07:19,62694.0,0.00000005,0.0000000000063518149999999994,7766682,2019-06-26 09:07:19,BTC,1.85249053,0.0,0.00000005,BTC,287024.94736842107,0.0003,0.00062846,87
1,[],27,[],2019-06-26 09:07:25,361781.0,0.0000002,0.000000000025407259999999998,7766683,2019-06-26 09:07:25,btc,19.86923154858,99950.0,0.0000002,btc,548343.482,0.01999,0.01237888,87
,[],2,[],2018-11-20 23:10:47,0.0,0,0,4862359,2018-11-20 23:10:47,,0.0,0.0,,,0.0,0.0,0.0,88
1,[],11,[],2019-06-17 14:31:59,193715.3529613,0.000073310000000000001140094962881477158589405007660388946533203125,0.00000000681152534,7740147,2019-06-17 14:31:59,btc,168.35454702024953,5791.70569014,0.000073310000000000001140094962881477158589405007660388946533203125,btc,196971.41170107,0.0,1.1996165759440112,89
1,[],12,[],2019-06-29 07:15:26,397420.20521364,0.00000027,0.000000000031982661,7777797,2019-06-29 07:15:26,btc,122.14777877099914,0.0,0.00000027,btc,294054.30259661,0.0,0.0258248129538369,91
1,[],22,[],2019-06-29 07:17:30,75900.0,0.00000001,0.000000000001184543,7777798,2019-06-29 07:17:30,BTC,0.495,0.0,0.00000001,"BTC,LTC",4.95,0.0,0.001659,91
0,[],2,[],2019-01-20 23:31:45,0.0,0,0,6477083,2019-01-20 23:31:45,,0.0,0.0,0,,0.0,0.0,0.0,91
0,[],17,[],2019-05-03 01:12:26,0.0,0,0,7559096,2019-05-03 01:12:26,btc,0.0,0.0,0,btc,0.0,0.0,0.0,91
1,[],22,[],2019-06-29 07:17:35,94060.0,0.00000002,0.000000000002369086,7777799,2019-06-29 07:17:35,BTC,11.45990384,0.0,0.00000002,"BTC,LTC",334809.4683191416,0.00034497000000143727,0.0662712,95
0.0000000000991888,[],4,[],2019-06-29 07:17:36,538144901.6290456,2.5789088e-17,3.0548283666784002e-21,7777800,2019-06-29 07:17:36,ltc,10.916552555250696,0.0,0.00000026,ltc,153627371.18338636,0.00010079,6.660655839847651e-10,96
0,[],12,[],2019-06-29 07:17:37,0.0,0,0,7777801,2019-06-29 07:17:37,btc,36.789789746493504,0.0,0,btc,9955405.649350641,2.007992e-06,0.0,96
0,[],17,[],2019-05-03 01:12:32,0.0,0,0,7559100,2019-05-03 01:12:32,btc,0.0,0.0,0,btc,0.0,0.0,0.0,96
1,[],4,[],2019-04-14 03:32:46,1039404.33283278,0.00000038,0.000000000019245518,7293458,2019-04-14 03:32:46,btc,4.170086055365747,0.0,0.00000038,btc,3097704.34561074,0.06260606,0.1859928211030784,99
1,[],4,[],2019-06-29 07:19:38,183302.68157288,0.00001636,0.000000001937912348,7777802,2019-06-29 07:19:38,btc,8.681457493009479,0.0,0.00001636,btc,159411.25868688,0.7567934,0.4635853933699609,100
0,[],2,[],2019-01-20 23:23:55,0.0,0,0,6476914,2019-01-20 23:23:55,,0.0,0.0,0,,0.0,0.0,0.0,100
1,[],22,[],2019-06-05 06:30:35,150000.0,0.00000002,0.000000000001558192,7740007,2019-06-05 06:30:35,BTC,28.56386409,0.0,0.00000002,BTC,12787.719,0.0,0.0017,101
1,[],4,[],2019-06-29 07:19:40,444549.94376061,0.00000157,0.000000000185973251,7777803,2019-06-29 07:19:40,btc,882.6241898495948,0.0,0.00000157,btc,744828.88855165,0.02802781,0.064245339966807,103
1,[],12,[],2019-06-17 14:32:14,179201505.10870332,0.000000005,0.00000000000046457,7740154,2019-06-17 14:32:14,btc,113577.79366343976,0.0,0.000000005,btc,79148141.67831126,0.019059029059,0.27280986350611003,105
1,[],27,[],2019-06-17 14:32:19,18306828.03496503,0.00000002,0.00000000000185828,7740155,2019-06-17 14:32:19,btc,180.7198218385489,1083.96503497,0.00000002,btc,276513.60142659,7.588e-05,0.3661365606993006,105
1,[],22,[],2019-04-21 00:17:26,21333.0,0.00000001,0.000000000000532493,7385819,2019-04-21 00:17:26,BTC,51.38182867,0.0,0.00000001,BTC,470435.0,0.0,0.00021333,107
1,[],26,[],2019-04-21 00:17:26,0.0,0.00000000,0,7385820,2019-04-21 00:17:26,btc,0.0,0.0,0.00000000,btc,0.0,0.0,0.0,107
1,[],5,[],2019-06-29 07:19:42,0.0,0,0,7777804,2019-06-29 07:19:42,btc,0.0,0.0,0,btc,0.0,0.0,0.0,112
0,[],22,[],2019-06-29 07:19:45,0.0,0,0,7777805,2019-06-29 07:19:45,,6.79500102,0.0,0,,3375892.0833333335,0.0,0.0,112
1,[],27,[],2019-06-29 07:19:53,1.0,0.00000001,0.000000000001184543,7777806,2019-06-29 07:19:53,btc,0.0,0.0,0.00000001,"btc,eth",0.0,0.0,1e-08,112
1,[],4,[],2019-06-29 07:19:54,994996.20649738,0.00000039,0.000000000046197177000000005,7777807,2019-06-29 07:19:54,btc,6.57833731635141,0.0,0.00000039,btc,988865.58030982,0.00742237,0.1159167175986688,113
1,[],5,[],2019-06-29 07:19:56,0.0,0,0,7777808,2019-06-29 07:19:56,btc,0.0,0.0,0,btc,0.0,0.0,0.0,113
1,[],17,[],2019-04-26 02:17:47,162738.278,0.00000004,0.0000000000021069000000000002,7461287,2019-04-26 02:17:47,btc,1.3331140273775473,0.0,0.00000004,btc,51796.221,0.0,0.00230953112,116
1,[],27,[],2019-05-22 05:13:01,210000.0,0.00000001,0.00000000000079145,7666372,2019-05-22 05:13:01,btc,3919.0005001478,0.0,0.00000001,btc,128660.871,0.0,0.0021,116
1,[],4,[],2019-05-21 22:31:11,138169.03963019,0.00000701,0.000000000558364025,7664793,2019-05-21 22:31:11,btc,150.95388250938234,0.0,0.00000701,btc,344631.17141974,0.07552974,0.4288357684941946,120
1,[],7,[],2019-05-21 22:31:12,3901.07750076,0.000010679999999999999389654892212320191902108490467071533203125,0.0000000008506887,7664794,2019-05-21 22:31:12,btc,231188.94669936574,0.0,0.000010679999999999999389654892212320191902108490467071533203125,btc,4133.83151364,0.0,0.0113888422364489,120
1,[],20,[],2019-04-07 18:42:29,1914137.0852,0.000000035,0.0000000000017871910000000002,7211992,2019-04-07 18:42:29,btc,32.2497668025648,25528.85,0.000000035,btc,1001975.4986,0.00089350975,0.0152723574729,125
1,[],22,[],2019-06-17 14:32:38,10000.0,0.00000001,0.00000000000092914,7740161,2019-06-17 14:32:38,BTC,0.032061,0.0,0.00000001,BTC,299316.7611111111,0.0,0.0001,126
1,[],4,[],2019-06-29 07:19:58,597127.83992364,0.00000305,0.000000000361285615,7777809,2019-06-29 07:19:58,btc,2.405613170122189,0.0,0.00000305,btc,175364.84030691,0.04166811,0.5735663634730338,131
0,[],2,[],2019-01-20 23:25:46,0.0,0,0,6476969,2019-01-20 23:25:46,,0.0,0.0,0,,0.0,0.0,0.0,131
1,[],17,[],2019-05-03 01:13:10,10000.0,0.00000001,0.000000000000548003,7559115,2019-05-03 01:13:10,btc,0.0953976503951408,0.0,0.00000001,btc,5037.62507334,0.0,0.0001,131
1,[],4,[],2019-06-17 14:32:42,4848.49465417,0.00007919,0.00000000735785966,7740163,2019-06-17 14:32:42,btc,0.9905723729472744,0.0,0.00007919,btc,202.13055914,0.0,0.0061509344290166,135
1,[],3,[],2019-06-05 06:33:11,40600.27748212,0.00000001,0.000000000000779096,7740019,2019-06-05 06:33:11,btc,0.2308097808993716,2146378.52189,0.00000001,btc,2477992.76904676,0.0,0.0004060027748212,136
1,[],4,[],2019-06-29 07:22:00,198570.95191681,0.00000149,0.00000000017649690700000002,7777810,2019-06-29 07:22:00,btc,112.5114881285044,0.0,0.00000149,btc,507195.20369598,0.01057515,0.2107098537084989,137
1,[],12,[],2019-06-29 07:22:01,67111.9530979,0.000001700000000000000028950908510794182149084008415229618549346923828125,0.00000000020137231,7777811,2019-06-29 07:22:01,btc,57.97375259763821,0.0,0.000001700000000000000028950908510794182149084008415229618549346923828125,btc,81732.8079228,0.001946269294,0.0143035299999054,137
1,[],4,[],2019-06-29 07:22:03,357646.6338093,0.00001015,0.000000001202311145,7777812,2019-06-29 07:22:03,btc,5.217888634002191,0.0,0.00001015,btc,162157.94197591,0.13221093,0.2626676952788033,142
1,[],5,[],2019-06-29 07:22:04,0.0,0,0,7777813,2019-06-29 07:22:04,btc,0.0,0.01782072,0,btc,0.0,0.0,0.0,142
1,[],20,[],2019-06-29 07:24:07,274660.8521,0.000010123,0.0000000011991128789000001,7777814,2019-06-29 07:24:07,btc,1.6108888345203,0.0,0.000010123,btc,10038.3532,0.0,0.0070722772028,142
1,[],22,[],2019-06-29 07:24:10,10820.0,0.00000600,0.0000000007107258,7777815,2019-06-29 07:24:10,BTC,2.99759384,0.0,0.00000600,BTC,835.7198755539798,0.0,0.0053672,142
0.0,[],25,[],2019-06-29 07:24:12,0.0,0,0,7777816,2019-06-29 07:24:12,,0.0,0.0,0.0,btc,0.0,0.0,0.0,142
0,[],28,[],2019-06-29 07:24:13,0.0,0,0,7777817,2019-06-29 07:24:13,,0.0,0.0,0,,0.0,0.0,0.0,142
1,[],17,[],2019-05-03 01:13:16,32967.38636364,0.00000088,0.000000000048224264,7559122,2019-05-03 01:13:16,btc,20.06976206696776,0.0,0.00000088,btc,2746.079105,0.0,0.0105613000000032,142
0,[],22,[],2019-06-29 07:24:16,0.0,0,0,7777818,2019-06-29 07:24:16,,1635.49920992,0.0,0,,707007055.1744589,0.0,0.0,143
0,[],22,[],2019-02-25 15:42:22,0.0,0,0,6783783,2019-02-25 15:42:22,,4.2131946,0.0,0,,2322156.0,0.0,0.0,146
,[],22,[],2018-11-20 23:01:11,0.0,0,0,4862114,2018-11-20 23:01:11,,2.56807021,0.0,,,61828.4988236,0.0,0.0,147
1,[],12,[],2019-04-21 06:38:04,193091.5971266,0.00000071,0.000000000037635183,7388679,2019-04-21 06:38:04,btc,2.301232411611175,0.0,0.00000071,btc,9957.48302385,0.00023528,0.0313308199999888,148
1,[],4,[],2019-03-19 21:31:25,255810.0415942,0.00000029,0.000000000011615747,6982695,2019-03-19 21:31:25,btc,218.94922712414143,0.0,0.00000029,btc,793529.37642722,0.00117,0.0608347789473395,152
0,[],22,[],2019-03-19 21:31:27,0.0,0,0,6982696,2019-03-19 21:31:27,,0.0,0.0,0,,0.0,0.0,0.0,152
1,[],5,[],2019-04-26 09:36:59,0.0,0,0,7465040,2019-04-26 09:36:59,btc,0.0,0.0,0,btc,0.0,0.0,0.0,153
,[],16,[],2019-01-11 15:38:59,0.0,0,0,6366141,2019-01-11 15:38:59,btc,0.0,0.0,,btc,0.0,0.0,0.0,155
0,[],23,[],2019-01-20 23:24:29,0.0,0,0,6476932,2019-01-20 23:24:29,,0.0,0.0,0,,0.0,0.0,0.0,156
0,[],22,[],2019-06-04 06:02:09,0.0,0,0,7734688,2019-06-04 06:02:09,,7.43375324,0.0,0,,5955762.942592593,0.0,0.0,156
1,[],22,[],2019-06-29 07:24:20,6996.0,0.00000001,0.000000000001184543,7777819,2019-06-29 07:24:20,BTC,1.7543039,0.0,0.00000001,BTC,57.0,0.0,6.996e-05,157
0,[],22,[],2019-05-21 23:40:32,0.0,0,0,7665049,2019-05-21 23:40:32,,50234.60468402,0.0,0,,54786159.03179465,0.0,0.0,158
,[],17,[],2018-11-20 22:56:10,0.0,0,0,4861976,2018-11-20 22:56:10,btc,1.1265625,0.0,,btc,1000.0,0.0,0.0,159
,[],20,[],2018-11-20 22:56:12,0.0,0,0,4861977,2018-11-20 22:56:12,btc,11912.7940471,0.0,,btc,34413894.3617,0.0,0.0,159
1,[],12,[],2019-05-24 02:51:20,9178.522006449999,0.00000191999999999999982841307998027158276954651228152215480804443359375,0.000000000151222656,7676256,2019-05-24 02:51:20,btc,149.80414728631675,0.0,0.00000191999999999999982841307998027158276954651228152215480804443359375,btc,1115.7451448499999,0.01783167678326,0.0120075778999181,168
1,[],17,[],2019-05-03 01:13:36,42852.0,0.00000002,0.000000000001096006,7559132,2019-05-03 01:13:36,btc,0.04279856251542,0.0,0.00000002,btc,274.46171372,0.0,0.00052852,168
1,[],22,[],2019-05-17 03:01:52,10.0,0.00000001,0.000000000000778341,7642059,2019-05-17 03:01:52,BTC,41.95893009,0.0,0.00000001,BTC,1753972.7737547632,0.0,1e-07,169
1,[],22,[],2019-05-30 08:38:18,202834.0,0.00000002,0.0000000000017416160000000001,7711049,2019-05-30 08:38:18,BTC,27.87002826,0.0,0.00000002,BTC,462189.5410507793,0.0,0.00211768,171
1,[],22,[],2019-05-29 08:05:18,349870.0,0.00000002,0.000000000001705894,7705265,2019-05-29 08:05:18,BTC,24.05907723,0.0,0.00000002,"BTC,LTC",1224285.4355616204,0.0,0.0039847,173
1,[],5,[],2019-06-29 07:24:21,0.0,0,0,7777820,2019-06-29 07:24:21,btc,0.0,0.00401997,0,btc,0.0,0.0,0.0,175
1,[],22,[],2019-06-17 14:33:12,90671.0,0.00000001,0.00000000000092914,7740175,2019-06-17 14:33:12,BTC,394.35459412,0.0,0.00000001,BTC,136275.61833431243,0.0,0.00090671,176
1,[],7,[],2019-06-29 07:24:23,0.0,0,0,7777821,2019-06-29 07:24:23,btc,521516.2378498755,0.0,0,btc,27325354.03590646,0.0,0.0,178
0,[],22,[],2019-06-29 07:24:25,0.0,0,0,7777822,2019-06-29 07:24:25,,1.00242428,0.0,0,,57512.0,0.0,0.0,178
0,[],2,[],2019-01-20 23:28:34,0.0,0,0,6477001,2019-01-20 23:28:34,,0.0,0.0,0,,0.0,0.0,0.0,178
1,[],5,[],2019-06-29 07:24:26,0.0,0,0,7777823,2019-06-29 07:24:26,btc,0.0,0.00199465,0,btc,0.0,0.0,0.0,179
0,[],22,[],2019-06-29 07:24:29,0.0,0,0,7777824,2019-06-29 07:24:29,,9.36129742,0.0,0,,14660694.311946675,0.0,0.0,179
0,[],23,[],2019-01-20 23:25:08,0.0,0,0,6476952,2019-01-20 23:25:08,,0.0,0.0,0,,0.0,0.0,0.0,179
1,[],22,[],2019-06-29 07:26:34,695155.5363636364,0.00000036,0.000000000042643548,7777825,2019-06-29 07:26:34,BTC,40.6048381,0.0,0.00000036,"BTC,LTC",159319.51587503732,0.00082542,0.56506569,180
1,[],26,[],2019-06-29 07:26:34,0.0,0.00000010,0.00000000001184543,7777826,2019-06-29 07:26:34,btc,0.0,0.0,0.00000010,btc,0.0,0.0,0.0,180
1,[],17,[],2019-05-03 01:13:56,20504.725000000002,0.0000001,0.00000000000548003,7559141,2019-05-03 01:13:56,btc,5.2010695838400265,0.0,0.0000001,btc,5033.45945,0.0,0.0011504725,180
,[],7,[],2018-11-20 22:58:01,562227.975654,0.00000085,0.000000000036176765,4862015,2018-11-20 22:58:01,btc,21836.6059674,2491.87645172,,btc,749999.041456,0.00211021,0.127565380455,183
,[],5,[],2019-01-10 08:11:41,0.0,0,0,6347036,2019-01-10 08:11:41,btc,82.15055501,0.00261,,btc,1.19002445,0.0,0.0,187
,[],17,[],2018-11-16 20:58:10,4062536.27273,0.00000001,0.000000000000550501,4708775,2018-11-16 20:58:10,btc,3.36492563466,0.195460381006,,"btc,eth",110697919.549,0.0,0.0157628953496,187
1,[],24,[],2019-05-22 21:04:52,0.0,0.000000000014,0.0000000000000010960978,7670219,2019-05-22 21:04:52,btc,0.0,0.0,0.000000000014,btc,0.0,0.0,0.0,187
0,[],22,[],2019-04-25 02:54:07,0.0,0,0,7447896,2019-04-25 02:54:07,,7.54794454,0.0,0,,76361.7243344055,0.0,0.0,191
0,[],22,[],2019-06-17 14:33:34,0.0,0,0,7740182,2019-06-17 14:33:34,,0.0,0.0,0,,0.0,0.0,0.0,197
0,[],23,[],2019-01-20 23:31:41,0.0,0,0,6477079,2019-01-20 23:31:41,,0.0,0.0,0,,0.0,0.0,0.0,199
0,[],22,[],2019-06-29 07:26:36,0.0,0,0,7777827,2019-06-29 07:26:36,,10.58263174,0.0,0,,84280969.0,0.0,0.0,199
1,[],26,[],2019-06-29 07:26:36,0.0,0.00000000,0,7777828,2019-06-29 07:26:36,btc,0.0,0.0,0.00000000,btc,0.0,0.0,0.0,199
0,[],2,[],2019-01-20 23:30:49,0.0,0,0,6477059,2019-01-20 23:30:49,,0.0,0.0,0,,0.0,0.0,0.0,201
1,[],4,[],2019-01-25 15:51:35,2084389.58565343,0.00000936,0.000000000333526752,6499557,2019-01-25 15:51:35,btc,2.0092503037378524,0.0,0.00000936,btc,160195.80207885,0.19272417,1.242687955921835,211
1,[],7,[],2019-06-29 07:26:39,1170054124.6898527,0.00000018,0.000000000021321774,7777829,2019-06-29 07:26:39,btc,1346736.2851717293,0.0,0.00000018,btc,5638363.71348161,0.0,11.954344045954047,212
1,[],12,[],2019-01-25 02:44:32,207462.42853209,0.000001080000000000000035831255497387193287295303889550268650054931640625,0.000000000038610756000000006,6493050,2019-01-25 02:44:32,btc,85023.03793723314,0.0,0.000001080000000000000035831255497387193287295303889550268650054931640625,btc,43675.73520027,0.000146250909087,0.0348620860622024,213
1,[],5,[],2019-05-30 00:07:46,0.0,0,0,7709357,2019-05-30 00:07:46,btc,0.0,0.06425239,0,btc,0.0,0.0,0.0,213
1,[],24,[],2019-05-30 00:07:46,0.0,0.000000399202,0.0000000000344859829346,7709358,2019-05-30 00:07:46,btc,0.0,0.0,0.000000399202,btc,0.0,0.0,0.0,213
1,[],26,[],2019-05-30 00:07:47,0.0,0.00000040,0.000000000034554919999999996,7709359,2019-05-30 00:07:47,btc,0.0,0.0,0.00000040,btc,0.0,0.0,0.0,213
0,[],22,[],2019-06-29 07:26:42,0.0,0,0,7777830,2019-06-29 07:26:42,,9.56923849,0.0,0,,3661587.2040649247,0.0,0.0,216
0,[],27,[],2019-06-29 07:26:49,0.0,0,0,7777831,2019-06-29 07:26:49,,1948.3380992991977,0.0,0,"btc,ltc",497450.29534794,0.0,0.0,216
1,[],22,[],2019-06-29 07:26:52,1015585.5238095238,0.00000021,0.000000000024875403,7777832,2019-06-29 07:26:52,BTC,12055.86962148,0.0,0.00000021,BTC,588501.4363606856,0.00882839,0.04544833,217
0,[],27,[],2019-06-29 07:26:59,0.0,0,0,7777833,2019-06-29 07:26:59,,250.21442758069674,0.0,0,btc,146772.535837,0.0,0.0,219
0,[],28,[],2019-06-29 07:27:00,0.0,0,0,7777834,2019-06-29 07:27:00,,0.0,0.0,0,,0.0,0.0,0.0,219
1,[],7,[],2019-06-27 19:02:35,0.0,0,0,7772298,2019-06-27 19:02:35,btc,2123800.2774640615,0.0,0,btc,82333746.4752352,0.0,0.0,219
0,[],22,[],2019-06-26 23:36:41,0.0,0,0,7769178,2019-06-26 23:36:41,,56.75439223,0.0,0,,184664.6482738741,0.0,0.0,221
1,[],24,[],2019-06-26 23:36:41,0.0,0.000000030000,0.000000000003835668,7769179,2019-06-26 23:36:41,btc,0.0,0.0,0.000000030000,btc,0.0,0.0,0.0,221
1,[],20,[],2019-06-17 14:34:11,26882155.8301,0.000000003,0.000000000000278742,7740192,2019-06-17 14:34:11,btc,100050.81956632523,233521.3529,0.000000003,btc,38769742.8604,0.0007925640587,0.0306863532672,224
0,[],22,[],2019-06-17 14:34:13,0.0,0,0,7740193,2019-06-17 14:34:13,,0.0,0.0,0,,0.0,0.0,0.0,224
1,[],26,[],2019-06-29 07:27:00,0.0,0.00000022,0.000000000026059946000000003,7777835,2019-06-29 07:27:00,btc,0.0,0.0,0.00000022,btc,0.0,0.0,0.0,231
1,[],26,[],2019-06-29 07:27:01,0.0,0.00000005,0.000000000005922715,7777836,2019-06-29 07:27:01,btc,0.0,0.0,0.00000005,btc,0.0,0.0,0.0,234
0.0000000002558955,[],27,[],2019-06-29 07:27:09,100.0,2.558955e-18,3.031192232565e-22,7777837,2019-06-29 07:27:09,eth,0.0,0.0,0.00000001,"btc,eth",0.0,0.0,2.558955e-16,234
1,[],4,[],2019-05-22 17:06:12,91780.56053785,0.00000078,0.000000000061977552,7669277,2019-05-22 17:06:12,btc,5.573372450018177,0.0,0.00000078,btc,729173.93529783,0.0,0.0307060663355679,236
1,[],24,[],2019-05-22 17:06:12,0.0,0.000000010000,0.000000000000794584,7669278,2019-05-22 17:06:12,btc,0.0,0.0,0.000000010000,btc,0.0,0.0,0.0,236
1,[],5,[],2019-06-29 07:27:11,0.0,0,0,7777838,2019-06-29 07:27:11,btc,0.0,0.71593097,0,btc,0.0,0.0,0.0,237
1,[],20,[],2019-06-29 07:27:13,117919508.2954,0.000000057,0.0000000000067518951,7777839,2019-06-29 07:27:13,btc,549.1413941891508,9132927.6535,0.000000057,btc,49020634.4406,0.5549872902305,0.570841540473,237
1,[],22,[],2019-06-29 07:27:17,2084614.0,0.00000004,0.000000000004738172,7777840,2019-06-29 07:27:17,BTC,1.20112188,0.0,0.00000004,"BTC,LTC",14507.148717948718,0.0,0.02587451,237
1,[],4,[],2019-06-29 07:27:18,25727810.15718939,0.00000006,0.000000000007107258000000001,7777841,2019-06-29 07:27:18,btc,2.693604596135579,0.0,0.00000006,btc,11007614.42630836,0.06648534,0.5075001102025858,238
1,[],5,[],2019-06-29 07:27:19,0.0,0,0,7777842,2019-06-29 07:27:19,btc,0.0,0.00207722,0,btc,0.0,0.0,0.0,238
0,[],22,[],2019-03-12 16:49:32,0.0,0,0,6914458,2019-03-12 16:49:32,,0.40415746,0.0,0,,526736.5639027493,0.0,0.0,249
0,[],22,[],2019-05-28 23:53:45,0.0,0,0,7703643,2019-05-28 23:53:45,,13.44714864,0.0,0,,43777534.3426455,0.0,0.0,252
0,[],28,[],2019-06-29 07:27:21,0.0,0,0,7777843,2019-06-29 07:27:21,,0.0,0.0,0,,0.0,0.0,0.0,256
1,[],22,[],2019-06-29 07:27:25,528824.0,0.00000001,0.000000000001184543,7777844,2019-06-29 07:27:25,BTC,31471.48541794,0.0,0.00000001,"BTC,LTC",1165516.0289488921,0.0,0.00768824,258
1,[],22,[],2019-05-19 18:12:02,400.0,0.00000001,0.0000000000007957800000000001,7653905,2019-05-19 18:12:02,BTC,2.415167,0.0,0.00000001,BTC,157.0,0.0,4e-06,259
1,[],5,[],2019-06-29 07:27:27,0.0,0,0,7777845,2019-06-29 07:27:27,btc,0.0,0.04072908,0,btc,0.0,0.0,0.0,264
1,[],20,[],2019-06-29 06:28:15,935149.3489,0.000000177,0.0000000000205553286,7777727,2019-06-29 06:28:15,btc,1.0498331993291,33336.1791,0.000000177,btc,34657.2132,0.0128682839728,0.0056255409284,264
0,[],22,[],2019-04-12 17:57:27,0.0,0,0,7278186,2019-04-12 17:57:27,,66.37522201,0.0,0,,677842.4169881374,0.0,0.0,271
0,[],22,[],2019-06-29 07:27:31,0.0,0,0,7777846,2019-06-29 07:27:31,,33050469.74148113,0.0,0,,14261527780.7,0.0,0.0,272
0,[],28,[],2019-06-29 07:27:32,0.0,0,0,7777847,2019-06-29 07:27:32,,0.0,0.0,0,,0.0,0.0,0.0,272
1,[],22,[],2019-05-23 07:12:29,219930.0,0.00000004,0.000000000003048688,7671985,2019-05-23 07:12:29,BTC,426.77835217,0.0,0.00000004,BTC,248664.3325962929,0.0,0.00739728,281
1,[],22,[],2019-06-29 07:27:37,86301.7,0.00000001,0.000000000001184543,7777848,2019-06-29 07:27:37,BTC,7.83790337,0.0,0.00000001,"BTC,LTC",1106800.2660440896,0.00034677000000212264,0.00417427,286
0,[],22,[],2019-06-17 14:34:53,0.0,0,0,7740207,2019-06-17 14:34:53,,7337915.80475575,0.0,0,,2078527309.6797826,0.0,0.0,294
