pairValue,buyBook,exchangeId,sellBook,updated,buyTotal,satoshiPrice,usdPrice,exchangeLogId,created,bestPair,sellTotalBtc,volume,pairPrice,activePairs,sellTotal,volumeBtc,buyTotalBtc,coinId
1,[],3,[],2019-06-02 10:02:57,65.54924071492199,0.01065983000000000034679370486401239759288728237152099609375,0.000000928764338325,7725867,2019-06-02 10:02:57,btc,1.8870242998227131,41.3779488665,0.01065983000000000034679370486401239759288728237152099609375,btc,23.649195030564,0.0,0.24123185655053972,1
1,[],4,[],2019-06-02 10:02:57,207697.74433037,0.01080501,0.000000941413508775,7725868,2019-06-02 10:02:57,btc,7.7374137568233134,0.0,0.01080501,btc,310.91090598,0.55882298,0.6939523747128834,1
1,[],5,[],2019-06-02 10:03:00,0.0,0,0,7725869,2019-06-02 10:03:00,btc,0.0,0.01887807,0,btc,0.0,0.0,0.0,1
1,[],10,[],2019-06-02 10:03:02,312495.94805623,0.00740053,0.000000644789677575,7725870,2019-06-02 10:03:02,btc,6520.2478900480455,1620.30159658,0.00740053,btc,1220.96452737,0.0,2.4682285219581255,1
1,[],12,[],2019-06-02 10:03:04,86.12844984,0.010829999999999999349409307569658267311751842498779296875,0.0000009435908249999999,7725871,2019-06-02 10:03:04,btc,0.1292027134796,0.0,0.010829999999999999349409307569658267311751842498779296875,btc,11.13417559,0.094899078366,0.40629950006800003,1
1,[],20,[],2019-06-02 10:03:06,934.1604,0.009208992,0.00000080235645048,7725872,2019-06-02 10:03:06,btc,0.2237101451974,0.0,0.009208992,btc,17.3543,0.0,0.0997308263584,1
1,[],21,[],2019-06-02 10:03:07,2014.59568703,0.01088955999999999951777240881,0.0000009487801389,7725873,2019-06-02 10:03:07,btc,8.59296801336457,5679.7622605199995,0.010889559999999999517772408808014006353914737701416015625,"btc,eth",1141.71742386,60.2964290656024,18.226562261063666,1
1,[],22,[],2019-06-02 10:03:10,0.0025666666666666667,0.00900000,0.0000007841475,7725874,2019-06-02 10:03:10,BTC,0.31629903,0.0,0.00900000,BTC,0.2505752479991019,0.0,2.31e-05,1
1,[],24,[],2019-06-02 10:03:10,0.0,0.000000000000,0,7725875,2019-06-02 10:03:10,btc,0.0,0.0,0.000000000000,btc,0.0,0.0,0.0,1
0.0,[],25,[],2019-06-02 10:03:11,0.0,0,0,7725876,2019-06-02 10:03:11,btc,15.899999999263397,4792.79808102,0.0,btc,1426.12746737,52.4888,0.0,1
1,[],26,[],2019-06-02 10:03:16,0.0,0,0,7725877,2019-06-02 10:03:16,,0.0,0.0,0,,0.0,0.0,0.0,1
0,[],28,[],2019-06-02 10:03:52,0.0,0,0,7725878,2019-06-02 10:03:52,,0.0,295853.3,0,,0.0,0.0,0.0,1
0,[],2,[],2019-01-20 23:28:45,0.0,0,0,6477011,2019-01-20 23:28:45,,0.0,0.0,0,,0.0,0.0,0.0,1
1,[],5,[],2019-06-02 10:03:54,0.0,0,0,7725879,2019-06-02 10:03:54,btc,0.0,0.01482823,0,btc,0.0,0.0,0.0,2
0,[],22,[],2019-06-02 10:03:56,0.0,0,0,7725880,2019-06-02 10:03:56,,0.0,0.0,0,,0.0,0.0,0.0,2
1,[],5,[],2019-06-02 10:03:59,0.0,0,0,7725881,2019-06-02 10:03:59,btc,0.0,0.04914479,0,btc,0.0,0.0,0.0,3
1,[],12,[],2019-06-02 10:04:00,3411595.51372,0.000000116,0.000000000010106790000000001,7725882,2019-06-02 10:04:00,btc,169531.08460674615,0.0,0.000000116,btc,2626843.75231594,0.053299427911,0.33065878772128,3
0,[],28,[],2019-06-02 10:04:01,0.0,0,0,7725883,2019-06-02 10:04:01,,0.0,0.0,0,,0.0,0.0,0.0,3
0,[],2,[],2019-01-20 23:31:32,0.0,0,0,6477077,2019-01-20 23:31:32,,0.0,0.0,0,,0.0,0.0,0.0,4
1,[],4,[],2019-05-18 21:29:50,562734.9206932,0.00000010,0.000000000007298720000000001,7650946,2019-05-18 21:29:50,btc,41.9347137769675,0.0,0.00000010,btc,1123702.32192634,0.00052462,0.029254593370966,4
0,[],12,[],2019-06-02 05:03:43,0.0,0,0,7724919,2019-06-02 05:03:43,btc,625.901992874995,0.0,0,btc,1211362.4995005,0.0,0.0,5
0,[],2,[],2019-01-20 23:31:51,0.0,0,0,6477087,2019-01-20 23:31:51,,0.0,0.0,0,,0.0,0.0,0.0,6
1,[],11,[],2019-06-02 10:04:03,9165012.776736,0.00000003,0.000000000002613825,7725884,2019-06-02 10:04:03,btc,9582.816256002945,36335.0,0.00000003,btc,67249595.46260394,0.0,0.13989205276736,6
1,[],3,[],2019-06-02 10:04:04,13004.786286144115,0.0000888800000000000028389790518446034184307791292667388916015625,0.0000000077438922,7725885,2019-06-02 10:04:04,btc,0.11177055696927587,362.367019599,0.0000888800000000000028389790518446034184307791292667388916015625,btc,246.609651403082,0.0,0.022211703448399,7
1,[],4,[],2019-06-02 10:04:04,320330.63731028,0.00008284,0.0000000072176421,7725886,2019-06-02 10:04:04,btc,9.395458955572526,0.0,0.00008284,btc,57985.939891,1.04794534,1.807392718021836,7
1,[],5,[],2019-06-02 10:04:06,0.0,0,0,7725887,2019-06-02 10:04:06,btc,0.0,0.39636082,0,btc,0.0,0.0,0.0,7
1,[],20,[],2019-04-07 22:06:50,3201475.0482,0.000000001,0.000000000000051590000000000004,7213932,2019-04-07 22:06:50,btc,30.8005781811902,0.0,0.000000001,btc,23077405.3926,0.0,0.0032014750482,8
1,[],4,[],2019-06-02 10:04:07,3033354.88926555,0.00000047,0.000000000040949925,7725888,2019-06-02 10:04:07,btc,3.2061111213795073,0.0,0.00000047,btc,3083192.1712701,0.18257021,0.3537346055682646,9
0,[],28,[],2019-06-02 10:04:43,0.0,0,0,7725889,2019-06-02 10:04:43,,0.0,3434409.0,0,,0.0,0.0,0.0,9
0,[],2,[],2019-01-20 23:22:42,0.0,0,0,6476876,2019-01-20 23:22:42,,0.0,0.0,0,,0.0,0.0,0.0,9
0,[],23,[],2019-01-20 23:22:48,0.0,0,0,6476878,2019-01-20 23:22:48,,0.0,0.0,0,,0.0,0.0,0.0,9
1,[],1,[],2019-02-17 23:31:42,1822507.21,0.00000181000000000000003456111265232042484285557293333113193511962890625,0.000000000066086901,6701244,2019-02-17 23:31:42,btc,3.6990969245,17153386.5,0.00000181000000000000003456111265232042484285557293333113193511962890625,btc,1997391.71,31.11772986,3.2610482446,9
1,[],4,[],2019-02-17 11:22:43,4341674.27126056,0.00000002,0.0000000000007272960000000001,6696112,2019-02-17 11:22:43,btc,0.1997230937751353,0.0,0.00000002,btc,4109766.79808031,0.00215132,0.0479381022052112,10
1,[],4,[],2019-06-02 10:04:44,8614433.89866591,0.00000044,0.0000000000383361,7725890,2019-06-02 10:04:44,btc,4.499009249897993,0.0,0.00000044,btc,4887557.9951787,0.58086395,1.3364364504646795,12
1,[],5,[],2019-06-02 10:04:45,0.0,0,0,7725891,2019-06-02 10:04:45,btc,0.0,0.29369971,0,btc,0.0,0.0,0.0,12
0.0,[],25,[],2019-06-02 10:04:47,0.0,0,0,7725892,2019-06-02 10:04:47,,0.0,0.0,0.0,btc,0.0,0.0,0.0,12
0,[],2,[],2019-01-20 23:23:08,0.0,0,0,6476890,2019-01-20 23:23:08,,0.0,0.0,0,,0.0,0.0,0.0,12
1,[],4,[],2019-06-02 10:04:47,342594.43675318,0.00000587,0.0000000005114384250000001,7725893,2019-06-02 10:04:47,btc,1.7930269599451822,0.0,0.00000587,btc,228036.80950999,0.7476548,0.5119484425165752,13
1,[],21,[],2019-06-02 10:04:51,2593499.61711642,0.000005939999999999999879434550015,0.00000000051753735,7725894,2019-06-02 10:04:51,btc,2.8598279381983027,1477764.22483825,0.0000059399999999999998794345500152669359295032336376607418060302734375,btc,424689.43152167,8.66428193,12.085373904752029,13
1,[],10,[],2019-06-02 08:43:42,651546.71394857,0.00000587,0.000000000512649406,7725659,2019-06-02 08:43:42,btc,666803.2821581394,10208.5354091,0.00000587,btc,869084.46364535,0.0,0.2307284706505649,13
1,[],4,[],2019-06-02 10:04:51,910030.77676701,0.00000075,0.000000000065345625,7725895,2019-06-02 10:04:51,btc,4.235646256871313,0.0,0.00000075,btc,846269.98851643,0.00097116,0.0809548981340808,14
1,[],12,[],2019-06-02 10:04:52,137079.727144,0.00000073,0.000000000063603075,7725896,2019-06-02 10:04:52,btc,14.139192922997921,0.0,0.00000073,btc,21325.79861006,5.154845e-06,0.0161386099999638,14
1,[],26,[],2019-06-02 10:06:53,0.0,0,0,7725897,2019-06-02 10:06:53,,0.0,0.0,0,,0.0,0.0,0.0,14
0,[],17,[],2019-05-03 00:53:32,0.0,0,0,7558876,2019-05-03 00:53:32,btc,0.0,0.0,0,btc,0.0,0.0,0.0,14
0,[],4,[],2019-06-02 10:06:54,0.0,0,0,7725898,2019-06-02 10:06:54,,0.0,0.0,0,,0.0,0.0,0.0,15
,[],12,[],2018-12-01 15:15:48,204241.84496,0.00000489,0.000000000202473384,5260204,2018-12-01 15:15:48,btc,49.5475654835,0.0,,btc,35763.2193806,0.0163153972027625,0.0203389899998,15
1,[],4,[],2019-06-02 10:06:55,35274.16862407,0.00001045,0.000000000910482375,7725899,2019-06-02 10:06:55,btc,0.9970486941083779,0.0,0.00001045,btc,13351.9050304,0.08175606,0.0884726846207374,18
1,[],10,[],2019-06-02 10:06:57,495379.33041003,0.00001195,0.0000000010411736250000002,7725900,2019-06-02 10:06:57,btc,15.347810050339888,4722.95669172,0.00001195,btc,13899.86929848,0.0,0.1556084896629819,18
1,[],12,[],2019-06-02 10:06:58,3200.69982489,0.000012049999999999999825291661925685815504039055667817592620849609375,0.000000001049886375,7725901,2019-06-02 10:06:58,btc,0.4010283631161237,0.0,0.000012049999999999999825291661925685815504039055667817592620849609375,btc,1475.46762187,0.000206572571,0.013216533198461,18
0,[],2,[],2019-01-20 23:23:38,0.0,0,0,6476906,2019-01-20 23:23:38,,0.0,0.0,0,,0.0,0.0,0.0,18
0,[],17,[],2019-05-03 00:53:39,0.0,0,0,7558882,2019-05-03 00:53:39,btc,0.0,0.0,0,btc,0.0,0.0,0.0,18
1,[],3,[],2019-06-02 10:08:59,148474.58973827542,0.000005519999999999999665506282553462114037756691686809062957763671875,0.0000000004809438,7725902,2019-06-02 10:08:59,btc,0.21551828732972647,5449.68204435,0.000005519999999999999665506282553462114037756691686809062957763671875,btc,5877.709832191002,0.0,0.0477782786718248,19
1,[],4,[],2019-06-02 10:09:00,519108.55251318,0.00000802,0.0000000006987625500000001,7725903,2019-06-02 10:09:00,btc,4.101338525922789,0.0,0.00000802,btc,170338.48386419,0.14992482,0.4551922501951741,19
1,[],5,[],2019-06-02 10:09:01,0.0,0,0,7725904,2019-06-02 10:09:01,btc,0.0,0.0,0,btc,0.0,0.0,0.0,19
1,[],12,[],2019-06-02 10:09:03,14504.15201032,0.000007089999999999999880334437818429904609729419462382793426513671875,0.000000000617733975,7725905,2019-06-02 10:09:03,btc,0.051835027377469,0.0,0.000007089999999999999880334437818429904609729419462382793426513671875,btc,1949.0831785,0.00413586,0.0222093599997423,19
0,[],27,[],2019-06-02 10:09:10,0.0,0,0,7725906,2019-06-02 10:09:10,,0.0,0.0,0,btc,0.0,0.0,0.0,19
0,[],2,[],2019-01-20 23:24:19,0.0,0,0,6476924,2019-01-20 23:24:19,,0.0,0.0,0,,0.0,0.0,0.0,19
1,[],4,[],2019-06-02 10:09:11,10062076.88478525,0.00000007,0.000000000006098925,7725907,2019-06-02 10:09:11,btc,6.4029639466023385,0.0,0.00000007,btc,2322306.93095912,0.0,0.1174938176872809,20
1,[],4,[],2019-06-02 10:09:12,7289656.348,0.00000001,0.000000000000871275,7725908,2019-06-02 10:09:12,btc,39233.95858782037,0.0,0.00000001,btc,71043369.46759267,0.013118,0.07289656348,21
1,[],12,[],2019-06-02 10:09:14,2140017.0,0.00000001,0.000000000000871275,7725909,2019-06-02 10:09:14,btc,2566.627116425355,0.0,0.00000001,btc,5033244.76723275,0.0,0.02140017,21
0,[],17,[],2019-05-03 00:53:51,0.0,0,0,7558891,2019-05-03 00:53:51,btc,0.0,0.0,0,btc,0.0,0.0,0.0,21
1,[],12,[],2019-06-02 10:11:15,5165774816.0,0.0000000003,0.00000000000002613825,7725910,2019-06-02 10:11:15,btc,709129802.768804,0.0,0.0000000003,btc,3087295698.0196238,0.056897317121,1.1549621841,23
0.00000000031140550000000003,[],27,[],2019-06-02 10:11:20,39974200.53462002,6.22811e-18,5.42639654025e-22,7725911,2019-06-02 10:11:20,eth,105073.035088212,596620981.7072815,0.00000002,eth,26277919.82,3.715821101089965e-09,1.367935480759573e-10,23
1,[],4,[],2019-06-02 10:11:21,1883540.57079304,0.00000023,0.000000000020039325,7725912,2019-06-02 10:11:21,btc,10.665668171928736,0.0,0.00000023,btc,1728515.57139942,0.00150356,0.0635909696200115,24
1,[],22,[],2019-06-02 10:11:25,21.76,0.00000100,0.0000000000871275,7725913,2019-06-02 10:11:25,BTC,7.415e-05,0.0,0.00000100,BTC,23.919354838709676,0.0,1.186e-05,24
0.0,[],25,[],2019-06-02 10:11:26,0.0,0,0,7725914,2019-06-02 10:11:26,,0.0,0.0,0.0,btc,0.0,0.0,0.0,24
1,[],4,[],2019-06-02 10:11:27,26943169.49364545,0.00000480,0.000000000418212,7725915,2019-06-02 10:11:27,btc,14.270115707853762,0.0,0.00000480,btc,239830.09537678,0.19511663,0.4769309724115894,26
1,[],10,[],2019-06-02 10:11:29,150586.95459126,0.0000042,0.0000000003659355,7725916,2019-06-02 10:11:29,btc,25.587024584631322,7865.30011951,0.0000042,btc,23342.93455713,0.0,0.0349554231492537,26
0,[],2,[],2019-01-20 23:25:56,0.0,0,0,6476976,2019-01-20 23:25:56,,0.0,0.0,0,,0.0,0.0,0.0,26
1,[],3,[],2019-06-02 10:11:30,21383720.185043,0.00000001,0.000000000000871275,7725917,2019-06-02 10:11:30,btc,3.7657509559635454,3682265.48668,0.00000001,btc,26151255.65043252,0.0,0.21383720185043,27
1,[],11,[],2019-06-02 10:11:32,2071589.08157834,0.00000002,0.00000000000174255,7725918,2019-06-02 10:11:32,btc,67503.04527066177,19676.5543251,0.00000002,btc,6588861.32608848,0.0,0.0211134458157834,27
1,[],5,[],2019-04-26 09:47:06,0.0,0,0,7465326,2019-04-26 09:47:06,btc,0.0,0.0,0,btc,0.0,0.0,0.0,27
1,[],4,[],2019-06-02 10:11:34,1199777778.5497677,0.00000001,0.000000000000871275,7725919,2019-06-02 10:11:34,btc,4.840350908647164,0.0,0.00000001,"btc,ltc",294599185.489881,0.05933941,8.689766631547148,29
1,[],7,[],2019-06-02 10:11:35,85451021.33155985,0.00000001,0.000000000000871275,7725920,2019-06-02 10:11:35,btc,46548272.13357518,0.0,0.00000001,btc,35322890.12009385,0.0,0.8545102133155985,29
1,[],4,[],2019-06-02 10:11:36,15242848.2015631,0.00000006,0.00000000000522765,7725921,2019-06-02 10:11:36,btc,2.5620676639503692,0.0,0.00000006,btc,2014935.18803927,0.00085594,0.1687433592294358,30
0,[],17,[],2019-05-03 01:11:25,0.0,0,0,7559066,2019-05-03 01:11:25,btc,0.0,0.0,0,btc,0.0,0.0,0.0,30
1,[],4,[],2019-06-02 10:13:37,108868.5145485,0.00004515,0.000000003933806625,7725922,2019-06-02 10:13:37,btc,3.0290801263102094,0.0,0.00004515,btc,40092.83670811,0.75982781,0.5731764880572536,31
1,[],21,[],2019-06-02 10:13:38,172670.88553677,0.00004541000000000000060267763002,0.000000003956459775,7725923,2019-06-02 10:13:38,btc,5.526320391942273,237531.48869885,0.000045410000000000000602677630023862320740590803325176239013671875,btc,111015.73316217,11.24046466,6.5798651759114675,31
0,[],2,[],2019-01-20 23:28:43,0.0,0,0,6477009,2019-01-20 23:28:43,,0.0,0.0,0,,0.0,0.0,0.0,32
0,[],4,[],2019-06-02 10:13:39,0.0,0,0,7725924,2019-06-02 10:13:39,,0.0,0.0,0,,0.0,0.0,0.0,33
1,[],12,[],2019-03-30 07:55:10,40641173.964,0.00000003,0.000000000001228359,7108785,2019-03-30 07:55:10,btc,4233210.82356125,0.0,0.00000003,btc,28378394.68333462,0.0126927883965248,0.90752895892,33
0.0000000001321479,[],4,[],2019-06-02 10:13:40,466492182.4490105,5.9466555e-17,5.1811722707625005e-21,7725925,2019-06-02 10:13:40,ltc,3.7133354288322855,0.0,0.00000045,ltc,155823033.5033885,0.00768519,1.8071799776905265e-09,34
1,[],5,[],2019-06-02 10:13:41,0.0,0,0,7725926,2019-06-02 10:13:41,btc,0.0,0.0,0,btc,0.0,0.0,0.0,34
0.0000000002926451,[],17,[],2019-05-02 18:17:47,200000.0,2.9264510000000002e-18,1.596703856561e-22,7556430,2019-05-02 18:17:47,eth,0.20942468735267253,0.0,0.00000001,"btc,eth",1018272.20243647,0.0,5.852902e-13,36
0.0000000001311821,[],4,[],2019-05-31 13:28:19,2417517744.0607657,1.311821e-18,1.105058333085e-22,7717483,2019-05-31 13:28:19,ltc,5.019900492391546e-08,0.0,0.00000001,ltc,7102398142.262129,0.0,3.171350544531538e-09,36
1,[],5,[],2019-05-31 13:28:21,0.0,0,0,7717484,2019-05-31 13:28:21,btc,0.0,0.0,0,btc,0.0,0.0,0.0,36
0.0000000003108179,[],27,[],2019-05-31 13:30:34,10388811.226876,6.216358000000001e-18,5.236566733830001e-22,7717485,2019-05-31 13:30:34,eth,1569.8708019850988,761866.634299,0.00000002,"ltc,eth",5084024.2511555,4.736034912207001e-12,3.3251980286483705e-11,36
1,[],4,[],2019-06-02 10:13:42,9987397.6914428,0.00000016,0.0000000000139404,7725927,2019-06-02 10:13:42,btc,19772.501812848386,0.0,0.00000016,btc,729755.46183135,0.00247119,0.12966997306137,37
1,[],12,[],2019-06-02 10:13:43,3608203.74028571,0.00000018,0.00000000001568295,7725928,2019-06-02 10:13:43,btc,9.35942815122879,0.0,0.00000018,btc,982428.45835004,0.011594143545,0.1571203632514278,37
1,[],27,[],2019-06-02 10:15:50,11126.0,0.00000018,0.00000000001568295,7725929,2019-06-02 10:15:50,btc,22.62970013895233,0.0,0.00000018,btc,4298.824295,0.0,0.00165394,37
1,[],17,[],2019-05-03 01:11:36,211752.74075282,0.00000025,0.000000000013700074999999998,7559074,2019-05-03 01:11:36,btc,0.055484923955058496,0.0,0.00000025,"btc,eth",1387.19918473,0.0,0.0005381851887916605,37
1,[],5,[],2019-06-02 10:15:51,0.0,0,0,7725930,2019-06-02 10:15:51,btc,0.0,0.00186455,0,btc,0.0,0.0,0.0,42
1,[],12,[],2019-06-02 10:15:52,149220.52197982,0.000001030000000000000091033409109486651544784763245843350887298583984375,0.00000000008974132500000001,7725931,2019-06-02 10:15:52,btc,24.791536548695994,0.0,0.000001030000000000000091033409109486651544784763245843350887298583984375,btc,73590.26285722,0.007523349452,0.0603127168898527,42
1,[],27,[],2019-06-02 10:15:57,506.0,0.00000002,0.00000000000174255,7725932,2019-06-02 10:15:57,btc,0.07600425,0.0,0.00000002,"btc,eth",18.0,0.0,6.000000327162619e-06,42
1,[],12,[],2019-03-13 09:13:29,1112112.0,0.00000001,0.000000000000386531,6919902,2019-03-13 09:13:29,btc,29058.00478931866,0.0,0.00000001,btc,5967681.93306694,9.99000999e-07,0.01112112,43
1,[],5,[],2019-04-26 22:38:52,0.0,0,0,7474154,2019-04-26 22:38:52,btc,0.0,0.02638891,0,btc,0.0,0.0,0.0,43
0,[],17,[],2019-04-26 22:38:53,0.0,0,0,7474155,2019-04-26 22:38:53,btc,0.0,0.0,0,btc,0.0,0.0,0.0,43
1,[],12,[],2019-03-05 01:54:08,639326.02,0.00000004,0.000000000001486676,6845775,2019-03-05 01:54:08,btc,11116042.728239931,0.0,0.00000004,btc,1103841.4595604,0.0003330765234764,0.014975410599999999,44
1,[],4,[],2019-06-02 10:15:58,105177995.34087455,0.00000001,0.000000000000871275,7725933,2019-06-02 10:15:58,btc,2660396.605437403,0.0,0.00000001,"btc,ltc",28289085.90928054,0.0010291,0.03315708595968633,49
0.0000000001321479,[],4,[],2019-06-02 10:15:59,134174132.4849754,4.6251765e-17,4.0298006550375005e-21,7725934,2019-06-02 10:15:59,ltc,194920.22225562733,0.0,0.00000035,ltc,196276257.3568099,0.0,1.4106035329743352e-09,52
0,[],22,[],2019-06-02 10:16:02,0.0,0,0,7725935,2019-06-02 10:16:02,,10289.52569349,0.0,0,,305146396.4566013,0.0,0.0,57
1,[],27,[],2019-06-02 10:16:12,2297.0,0.0000003,0.00000000002613825,7725936,2019-06-02 10:16:12,btc,0.0,0.0,0.0000003,"btc,eth",0.0,0.0,0.0003891,57
0.0000000001321479,[],4,[],2019-06-02 10:16:13,3421440497.0161414,1.3214790000000001e-18,1.151371615725e-22,7725937,2019-06-02 10:16:13,ltc,19.341013595900577,0.0,0.00000001,ltc,5851927500.768803,0.0,4.521361766556394e-09,58
1,[],12,[],2019-06-02 10:16:15,709231771.0,0.0000000001,0.00000000000000871275,7725938,2019-06-02 10:16:15,btc,2307368.805725198,0.0,0.0000000001,btc,3413649169.9180384,0.001111944334,0.0709231771,58
0.0000000001088536,[],22,[],2019-06-02 10:18:18,126877.0,1.088536e-18,9.484142034000001e-23,7725939,2019-06-02 10:18:18,XMR,68.17454206,0.0,0.00000001,XMR,9626402.6,0.0,0.00126877,58
1,[],17,[],2019-05-03 01:12:09,1200000.0,0.0000000001,0.00000000000000548003,7559085,2019-05-03 01:12:09,btc,1e+24,0.0,0.0000000001,"btc,eth",39516342.31952568,0.0,0.00010000000058666061,58
1,[],5,[],2019-06-02 10:18:20,0.0,0,0,7725940,2019-06-02 10:18:20,btc,0.0,0.00733591,0,btc,0.0,0.0,0.0,61
1,[],22,[],2019-06-02 10:18:23,13613.833333333334,0.00000012,0.0000000000104553,7725941,2019-06-02 10:18:23,BTC,1002.29123003,0.0,0.00000012,BTC,15014.200177125656,0.0,0.00153269,61
1,[],26,[],2019-06-02 10:18:23,0.0,0,0,7725942,2019-06-02 10:18:23,,0.0,0.0,0,,0.0,0.0,0.0,61
1,[],27,[],2019-06-02 10:18:33,8450.0,0.0000002,0.000000000017425500000000002,7725943,2019-06-02 10:18:33,btc,1.9582485601246655,0.0,0.0000002,"btc,eth",11379.41563696,0.0,0.001522,61
0,[],28,[],2019-06-02 10:19:17,0.0,0,0,7725944,2019-06-02 10:19:17,,0.0,761.0,0,,0.0,0.0,0.0,61
1,[],4,[],2019-06-02 10:19:17,773656.3847793,0.00000067,0.000000000058375425,7725945,2019-06-02 10:19:17,btc,2.9307353800912113,0.0,0.00000067,btc,953867.10884163,0.05236237,0.3800224722065098,67
0.0,[],25,[],2019-06-02 10:19:19,0.0,0,0,7725946,2019-06-02 10:19:19,,0.0,0.0,0.0,btc,0.0,0.0,0.0,67
1,[],12,[],2019-06-02 06:23:14,910048.355,0.00000006,0.000000000005154929999999999,7725270,2019-06-02 06:23:14,btc,5.167005424215783,0.0,0.00000006,btc,738530.60239759,0.003159757462,0.0187188113,71
,[],5,[],2018-11-20 23:02:39,1.5e-07,0.00000005,0.000000000002128045,4862160,2018-11-20 23:02:39,btc,2.84511358,0.0,,btc,0.00036572,0.0,0.07381892,74
1,[],5,[],2019-06-02 10:19:21,0.0,0,0,7725947,2019-06-02 10:19:21,btc,0.0,0.05948207,0,btc,0.0,0.0,0.0,75
0,[],4,[],2019-05-25 21:33:44,0.0,0,0,7686249,2019-05-25 21:33:44,,133656.37989170782,0.0,0,,33439209.5909442,0.0,0.0,81
0,[],20,[],2019-01-25 09:30:31,0.0,0,0,6495923,2019-01-25 09:30:31,btc,0.0,0.0,0,btc,0.0,0.0,0.0,81
1,[],4,[],2019-06-02 10:19:22,29374.07722854,0.00010954,0.00000000954394635,7725948,2019-06-02 10:19:22,btc,55.81381230594401,0.0,0.00010954,btc,121923.42352882,0.30574467,0.5773923012198334,82
1,[],21,[],2019-06-02 10:19:23,94753.1527401,0.0001100899999999999979722470345,0.000000009591866475,7725949,2019-06-02 10:19:23,btc,15.503668000025645,28835.69622225,0.00011008999999999999797224703446119065120001323521137237548828125,btc,95494.43328564,3.14784814,7.732518170287546,82
0,[],17,[],2019-03-25 22:42:34,0.0,0,0,7038780,2019-03-25 22:42:34,btc,0.0445064681804024,0.0,0,btc,995513.18476001,0.0,0.0,84
0.0000000001161485,[],4,[],2019-05-20 13:09:39,216715621.0206096,1.161485e-18,9.0533806701e-23,7657228,2019-05-20 13:09:39,ltc,1.6511566870244727,0.0,0.00000001,ltc,471032407.9048656,0.0,2.5171194308112273e-10,85
,[],22,[],2018-11-20 23:09:34,3408.1,0.0000001,0.0000000000041895,4862324,2018-11-20 23:09:34,BTC,0.04624735,0.0,,BTC,4990.0,0.0,0.00033081,86
1,[],22,[],2019-06-02 10:19:27,62656.0,0.00000001,0.000000000000871275,7725950,2019-06-02 10:19:27,BTC,1.46327546,0.0,0.00000001,BTC,411805.21403508773,0.00011064,0.00062656,87
1,[],27,[],2019-06-02 10:19:32,98632.0,0.00000008,0.0000000000069702,7725951,2019-06-02 10:19:32,btc,5.057418228036,1280.0,0.00000008,btc,92485.67341,0.000128,0.00132364,87
,[],2,[],2018-11-20 23:10:47,0.0,0,0,4862359,2018-11-20 23:10:47,,0.0,0.0,,,0.0,0.0,0.0,88
1,[],11,[],2019-06-02 10:19:35,131948.06258584,0.00007804999999999999980328235782423007549368776381015777587890625,0.000000006800301375,7725952,2019-06-02 10:19:35,btc,167.39477332470128,196.0,0.00007804999999999999980328235782423007549368776381015777587890625,btc,200777.61163851,0.0,1.8926894319676226,89
0,[],2,[],2019-01-20 23:31:45,0.0,0,0,6477083,2019-01-20 23:31:45,,0.0,0.0,0,,0.0,0.0,0.0,91
1,[],12,[],2019-06-02 10:19:36,389562.11860639,0.00000035,0.000000000030494625,7725953,2019-06-02 10:19:36,btc,88.53053473097934,0.0,0.00000035,btc,164074.434995,0.017323820741,0.0235248548999836,91
1,[],22,[],2019-06-02 10:21:40,75910.55,0.0000002,0.000000000017425500000000002,7725954,2019-06-02 10:21:40,BTC,0.497,0.0,0.0000002,"BTC,LTC",6.95,0.0,0.00165931,91
0,[],17,[],2019-05-03 01:12:26,0.0,0,0,7559096,2019-05-03 01:12:26,btc,0.0,0.0,0,btc,0.0,0.0,0.0,91
1,[],22,[],2019-04-09 20:17:52,374949.73333333334,0.00000015,0.000000000007771935,7235704,2019-04-09 20:17:52,BTC,6.87372503,0.0,0.00000015,"BTC,LTC",159980.01196797504,1.1e-05,0.80510266,95
0.0000000001321479,[],4,[],2019-06-02 10:21:42,543429902.4500628,2.9072538e-17,2.5330175545950003e-21,7725955,2019-06-02 10:21:42,ltc,11.302987465687025,0.0,0.00000022,ltc,153393011.42804345,0.0,8.815747105074811e-10,96
0,[],12,[],2019-06-02 10:21:43,0.0,0,0,7725956,2019-06-02 10:21:43,btc,17.17800296048951,0.0,0,btc,9674310.04895105,0.0,0.0,96
0,[],17,[],2019-05-03 01:12:32,0.0,0,0,7559100,2019-05-03 01:12:32,btc,0.0,0.0,0,btc,0.0,0.0,0.0,96
1,[],4,[],2019-04-14 03:32:46,1039404.33283278,0.00000038,0.000000000019245518,7293458,2019-04-14 03:32:46,btc,4.170086055365747,0.0,0.00000038,btc,3097704.34561074,0.06260606,0.1859928211030784,99
0,[],2,[],2019-01-20 23:23:55,0.0,0,0,6476914,2019-01-20 23:23:55,,0.0,0.0,0,,0.0,0.0,0.0,100
1,[],4,[],2019-06-02 09:26:05,247003.19568805,0.00001734,0.0000000015151431900000002,7725809,2019-06-02 09:26:05,btc,7.661891729022324,0.0,0.00001734,btc,160105.04064275,0.48927108,0.4464102138890311,100
1,[],22,[],2019-06-02 09:26:08,150000.0,0.00000002,0.0000000000017475700000000002,7725810,2019-06-02 09:26:08,BTC,24.83526409,0.0,0.00000002,BTC,11187.719,0.0,0.0017,101
1,[],4,[],2019-06-02 09:26:09,556919.52902417,0.00000163,0.000000000142426955,7725811,2019-06-02 09:26:09,btc,549.1771923130924,0.0,0.00000163,btc,670575.03140694,0.02986175,0.2047700611051589,103
1,[],12,[],2019-06-02 09:26:12,176797030.0,0.000000004,0.00000000000034951400000000003,7725812,2019-06-02 09:26:12,btc,2404.690134456261,0.0,0.000000004,btc,70386921.8461467,0.000762590862,0.234961469,105
0,[],27,[],2019-06-02 09:26:19,0.0,0,0,7725813,2019-06-02 09:26:19,,0.3237034,377744.0,0,btc,1967183.0,0.00377744,0.0,105
1,[],22,[],2019-04-21 00:17:26,21333.0,0.00000001,0.000000000000532493,7385819,2019-04-21 00:17:26,BTC,51.38182867,0.0,0.00000001,BTC,470435.0,0.0,0.00021333,107
1,[],26,[],2019-04-21 00:17:26,0.0,0.00000000,0,7385820,2019-04-21 00:17:26,btc,0.0,0.0,0.00000000,btc,0.0,0.0,0.0,107
1,[],5,[],2019-06-02 09:26:20,0.0,0,0,7725814,2019-06-02 09:26:20,btc,0.0,0.0,0,btc,0.0,0.0,0.0,112
0,[],22,[],2019-06-02 09:26:23,0.0,0,0,7725815,2019-06-02 09:26:23,,6.79500102,0.0,0,,3375892.0833333335,0.0,0.0,112
1,[],27,[],2019-06-02 09:26:30,1.0,0.00000001,0.0000000000008737850000000001,7725816,2019-06-02 09:26:30,btc,1.15032588,0.0,0.00000001,"btc,eth",1818.0,0.0,1e-08,112
1,[],4,[],2019-06-02 09:26:31,259315.75369205,0.00000085,0.000000000074271725,7725817,2019-06-02 09:26:31,btc,5.562048601654671,0.0,0.00000085,btc,628605.89083595,0.0484003,0.1571119783479264,113
1,[],5,[],2019-06-02 09:26:32,0.0,0,0,7725818,2019-06-02 09:26:32,btc,0.0,0.0,0,btc,0.0,0.0,0.0,113
1,[],17,[],2019-04-26 02:17:47,162738.278,0.00000004,0.0000000000021069000000000002,7461287,2019-04-26 02:17:47,btc,1.3331140273775473,0.0,0.00000004,btc,51796.221,0.0,0.00230953112,116
1,[],27,[],2019-05-22 05:13:01,210000.0,0.00000001,0.00000000000079145,7666372,2019-05-22 05:13:01,btc,3919.0005001478,0.0,0.00000001,btc,128660.871,0.0,0.0021,116
1,[],4,[],2019-05-21 22:31:11,138169.03963019,0.00000701,0.000000000558364025,7664793,2019-05-21 22:31:11,btc,150.95388250938234,0.0,0.00000701,btc,344631.17141974,0.07552974,0.4288357684941946,120
1,[],7,[],2019-05-21 22:31:12,3901.07750076,0.000010679999999999999389654892212320191902108490467071533203125,0.0000000008506887,7664794,2019-05-21 22:31:12,btc,231188.94669936574,0.0,0.000010679999999999999389654892212320191902108490467071533203125,btc,4133.83151364,0.0,0.0113888422364489,120
1,[],20,[],2019-04-07 18:42:29,1914137.0852,0.000000035,0.0000000000017871910000000002,7211992,2019-04-07 18:42:29,btc,32.2497668025648,25528.85,0.000000035,btc,1001975.4986,0.00089350975,0.0152723574729,125
1,[],22,[],2019-06-02 09:26:35,10000.0,0.00000001,0.0000000000008737850000000001,7725819,2019-06-02 09:26:35,BTC,0.032061,0.0,0.00000001,BTC,299316.7611111111,0.0,0.0001,126
0,[],2,[],2019-01-20 23:25:46,0.0,0,0,6476969,2019-01-20 23:25:46,,0.0,0.0,0,,0.0,0.0,0.0,131
1,[],17,[],2019-05-03 01:13:10,10000.0,0.00000001,0.000000000000548003,7559115,2019-05-03 01:13:10,btc,0.0953976503951408,0.0,0.00000001,btc,5037.62507334,0.0,0.0001,131
1,[],4,[],2019-06-02 09:26:36,254294.27142086,0.00000781,0.000000000682426085,7725820,2019-06-02 09:26:36,btc,3.999108216448652,0.0,0.00000781,btc,182772.49125011,0.41845521,0.9652397274748825,131
1,[],4,[],2019-06-01 22:22:37,4877.33287432,0.00010000,0.000000008588780000000001,7724055,2019-06-01 22:22:37,btc,5.03221070889025,0.0,0.00010000,btc,202.13055914,0.0,0.0067319517514342,135
1,[],3,[],2019-06-02 09:28:37,529157.22392675,0.00000001,0.0000000000008737850000000001,7725821,2019-06-02 09:28:37,btc,0.2222037390970869,1672649.79937,0.00000001,btc,1905502.43168451,0.0,0.0052915722392675,136
1,[],4,[],2019-06-02 09:28:38,2143500.0890556,0.00000181,0.000000000158155085,7725822,2019-06-02 09:28:38,btc,109.22325462935848,0.0,0.00000181,btc,532318.35512295,0.02242784,0.4767577533535404,137
1,[],12,[],2019-06-02 09:28:39,88848.63794288,0.0000017799999999999998982758153687200319836847484111785888671875,0.00000000015553373,7725823,2019-06-02 09:28:39,btc,57.84179621797416,0.0,0.0000017799999999999998982758153687200319836847484111785888671875,btc,50822.49064291,0.000150897222,0.018547299999896,137
1,[],4,[],2019-06-02 09:28:40,100192.86855432,0.00001632,0.00000000142601712,7725824,2019-06-02 09:28:40,btc,8.716742067321556,0.0,0.00001632,btc,124661.83157218,0.36663392,0.8851783344210566,142
1,[],5,[],2019-06-02 09:28:41,0.0,0,0,7725825,2019-06-02 09:28:41,btc,0.0,0.0014663,0,btc,0.0,0.0,0.0,142
1,[],20,[],2019-06-02 09:30:43,209210.911,0.00001606,0.0000000014032987100000002,7725826,2019-06-02 09:30:43,btc,1.6087786448226,0.02,0.00001606,btc,9872.8163,3.2122e-07,0.0213728214357,142
1,[],22,[],2019-06-02 09:30:46,11028.645,0.00001000,0.0000000008737850000000001,7725827,2019-06-02 09:30:46,BTC,3.27323936,0.0,0.00001000,BTC,1114.1496937357979,0.0,0.00745365,142
0.0,[],25,[],2019-06-02 09:30:47,0.0,0,0,7725828,2019-06-02 09:30:47,,0.0,0.0,0.0,btc,0.0,0.0,0.0,142
0,[],28,[],2019-06-02 09:30:49,0.0,0,0,7725829,2019-06-02 09:30:49,,0.0,0.0,0,,0.0,0.0,0.0,142
1,[],17,[],2019-05-03 01:13:16,32967.38636364,0.00000088,0.000000000048224264,7559122,2019-05-03 01:13:16,btc,20.06976206696776,0.0,0.00000088,btc,2746.079105,0.0,0.0105613000000032,142
0,[],22,[],2019-06-02 09:30:51,0.0,0,0,7725830,2019-06-02 09:30:51,,64.98618676,0.0,0,,787024755.3,0.0,0.0,143
0,[],22,[],2019-02-25 15:42:22,0.0,0,0,6783783,2019-02-25 15:42:22,,4.2131946,0.0,0,,2322156.0,0.0,0.0,146
,[],22,[],2018-11-20 23:01:11,0.0,0,0,4862114,2018-11-20 23:01:11,,2.56807021,0.0,,,61828.4988236,0.0,0.0,147
1,[],12,[],2019-04-21 06:38:04,193091.5971266,0.00000071,0.000000000037635183,7388679,2019-04-21 06:38:04,btc,2.301232411611175,0.0,0.00000071,btc,9957.48302385,0.00023528,0.0313308199999888,148
1,[],4,[],2019-03-19 21:31:25,255810.0415942,0.00000029,0.000000000011615747,6982695,2019-03-19 21:31:25,btc,218.94922712414143,0.0,0.00000029,btc,793529.37642722,0.00117,0.0608347789473395,152
0,[],22,[],2019-03-19 21:31:27,0.0,0,0,6982696,2019-03-19 21:31:27,,0.0,0.0,0,,0.0,0.0,0.0,152
1,[],5,[],2019-04-26 09:36:59,0.0,0,0,7465040,2019-04-26 09:36:59,btc,0.0,0.0,0,btc,0.0,0.0,0.0,153
,[],16,[],2019-01-11 15:38:59,0.0,0,0,6366141,2019-01-11 15:38:59,btc,0.0,0.0,,btc,0.0,0.0,0.0,155
0,[],22,[],2019-06-02 09:30:54,0.0,0,0,7725831,2019-06-02 09:30:54,,7.44455324,0.0,0,,5955762.942592593,0.0,0.0,156
0,[],23,[],2019-01-20 23:24:29,0.0,0,0,6476932,2019-01-20 23:24:29,,0.0,0.0,0,,0.0,0.0,0.0,156
1,[],22,[],2019-06-02 09:30:57,6996.0,0.00000001,0.0000000000008737850000000001,7725832,2019-06-02 09:30:57,BTC,1.7543039,0.0,0.00000001,BTC,57.0,0.0,6.996e-05,157
0,[],22,[],2019-05-21 23:40:32,0.0,0,0,7665049,2019-05-21 23:40:32,,50234.60468402,0.0,0,,54786159.03179465,0.0,0.0,158
,[],17,[],2018-11-20 22:56:10,0.0,0,0,4861976,2018-11-20 22:56:10,btc,1.1265625,0.0,,btc,1000.0,0.0,0.0,159
,[],20,[],2018-11-20 22:56:12,0.0,0,0,4861977,2018-11-20 22:56:12,btc,11912.7940471,0.0,,btc,34413894.3617,0.0,0.0,159
1,[],12,[],2019-05-24 02:51:20,9178.522006449999,0.00000191999999999999982841307998027158276954651228152215480804443359375,0.000000000151222656,7676256,2019-05-24 02:51:20,btc,149.80414728631675,0.0,0.00000191999999999999982841307998027158276954651228152215480804443359375,btc,1115.7451448499999,0.01783167678326,0.0120075778999181,168
1,[],17,[],2019-05-03 01:13:36,42852.0,0.00000002,0.000000000001096006,7559132,2019-05-03 01:13:36,btc,0.04279856251542,0.0,0.00000002,btc,274.46171372,0.0,0.00052852,168
1,[],22,[],2019-05-17 03:01:52,10.0,0.00000001,0.000000000000778341,7642059,2019-05-17 03:01:52,BTC,41.95893009,0.0,0.00000001,BTC,1753972.7737547632,0.0,1e-07,169
1,[],22,[],2019-05-30 08:38:18,202834.0,0.00000002,0.0000000000017416160000000001,7711049,2019-05-30 08:38:18,BTC,27.87002826,0.0,0.00000002,BTC,462189.5410507793,0.0,0.00211768,171
1,[],22,[],2019-05-29 08:05:18,349870.0,0.00000002,0.000000000001705894,7705265,2019-05-29 08:05:18,BTC,24.05907723,0.0,0.00000002,"BTC,LTC",1224285.4355616204,0.0,0.0039847,173
1,[],5,[],2019-06-02 09:30:59,0.0,0,0,7725833,2019-06-02 09:30:59,btc,0.0,0.04210426,0,btc,0.0,0.0,0.0,175
1,[],22,[],2019-06-02 09:33:01,90671.0,0.00000001,0.0000000000008737850000000001,7725834,2019-06-02 09:33:01,BTC,394.35459412,0.0,0.00000001,BTC,136275.61833431243,0.0,0.00090671,176
1,[],7,[],2019-06-02 09:33:01,0.0,0,0,7725835,2019-06-02 09:33:01,btc,522272.5137934946,2548.45154845,0,btc,21477346.91829112,2.548e-05,0.0,178
0,[],22,[],2019-06-02 09:33:04,0.0,0,0,7725836,2019-06-02 09:33:04,,1.00242428,0.0,0,,57512.0,0.0,0.0,178
0,[],2,[],2019-01-20 23:28:34,0.0,0,0,6477001,2019-01-20 23:28:34,,0.0,0.0,0,,0.0,0.0,0.0,178
1,[],5,[],2019-06-02 09:33:05,0.0,0,0,7725837,2019-06-02 09:33:05,btc,0.0,0.06221556,0,btc,0.0,0.0,0.0,179
0,[],22,[],2019-06-02 09:33:07,0.0,0,0,7725838,2019-06-02 09:33:07,,5.31916692,0.0,0,,13263921.231946677,0.0,0.0,179
0,[],23,[],2019-01-20 23:25:08,0.0,0,0,6476952,2019-01-20 23:25:08,,0.0,0.0,0,,0.0,0.0,0.0,179
1,[],22,[],2019-06-02 09:35:11,681397.6642749348,0.00000107,0.000000000093494995,7725839,2019-06-02 09:35:11,BTC,39.19123004,0.0,0.00000107,"BTC,LTC",146291.47882410654,0.00170537,0.58084534,180
1,[],26,[],2019-06-02 09:35:11,0.0,0,0,7725840,2019-06-02 09:35:11,,0.0,0.0,0,,0.0,0.0,0.0,180
1,[],17,[],2019-05-03 01:13:56,20504.725000000002,0.0000001,0.00000000000548003,7559141,2019-05-03 01:13:56,btc,5.2010695838400265,0.0,0.0000001,btc,5033.45945,0.0,0.0011504725,180
,[],7,[],2018-11-20 22:58:01,562227.975654,0.00000085,0.000000000036176765,4862015,2018-11-20 22:58:01,btc,21836.6059674,2491.87645172,,btc,749999.041456,0.00211021,0.127565380455,183
,[],5,[],2019-01-10 08:11:41,0.0,0,0,6347036,2019-01-10 08:11:41,btc,82.15055501,0.00261,,btc,1.19002445,0.0,0.0,187
,[],17,[],2018-11-16 20:58:10,4062536.27273,0.00000001,0.000000000000550501,4708775,2018-11-16 20:58:10,btc,3.36492563466,0.195460381006,,"btc,eth",110697919.549,0.0,0.0157628953496,187
1,[],24,[],2019-05-22 21:04:52,0.0,0.000000000014,0.0000000000000010960978,7670219,2019-05-22 21:04:52,btc,0.0,0.0,0.000000000014,btc,0.0,0.0,0.0,187
0,[],22,[],2019-04-25 02:54:07,0.0,0,0,7447896,2019-04-25 02:54:07,,7.54794454,0.0,0,,76361.7243344055,0.0,0.0,191
0,[],22,[],2019-06-02 09:35:15,0.0,0,0,7725841,2019-06-02 09:35:15,,0.0,0.0,0,,0.0,0.0,0.0,197
0,[],22,[],2019-06-02 09:35:18,0.0,0,0,7725842,2019-06-02 09:35:18,,10.92255994,0.0,0,,98734032.0,0.0,0.0,199
1,[],26,[],2019-06-02 09:35:18,0.0,0,0,7725843,2019-06-02 09:35:18,,0.0,0.0,0,,0.0,0.0,0.0,199
0,[],23,[],2019-01-20 23:31:41,0.0,0,0,6477079,2019-01-20 23:31:41,,0.0,0.0,0,,0.0,0.0,0.0,199
0,[],2,[],2019-01-20 23:30:49,0.0,0,0,6477059,2019-01-20 23:30:49,,0.0,0.0,0,,0.0,0.0,0.0,201
1,[],4,[],2019-01-25 15:51:35,2084389.58565343,0.00000936,0.000000000333526752,6499557,2019-01-25 15:51:35,btc,2.0092503037378524,0.0,0.00000936,btc,160195.80207885,0.19272417,1.242687955921835,211
1,[],7,[],2019-06-02 09:35:21,1170196356.7039578,0.00000037,0.000000000032330045,7725844,2019-06-02 09:35:21,btc,15201833.254150618,0.0,0.00000037,btc,6786537.40107219,0.0,11.977918348061934,212
1,[],12,[],2019-01-25 02:44:32,207462.42853209,0.000001080000000000000035831255497387193287295303889550268650054931640625,0.000000000038610756000000006,6493050,2019-01-25 02:44:32,btc,85023.03793723314,0.0,0.000001080000000000000035831255497387193287295303889550268650054931640625,btc,43675.73520027,0.000146250909087,0.0348620860622024,213
1,[],5,[],2019-05-30 00:07:46,0.0,0,0,7709357,2019-05-30 00:07:46,btc,0.0,0.06425239,0,btc,0.0,0.0,0.0,213
1,[],24,[],2019-05-30 00:07:46,0.0,0.000000399202,0.0000000000344859829346,7709358,2019-05-30 00:07:46,btc,0.0,0.0,0.000000399202,btc,0.0,0.0,0.0,213
1,[],26,[],2019-05-30 00:07:47,0.0,0.00000040,0.000000000034554919999999996,7709359,2019-05-30 00:07:47,btc,0.0,0.0,0.00000040,btc,0.0,0.0,0.0,213
0,[],22,[],2019-06-02 09:35:23,0.0,0,0,7725845,2019-06-02 09:35:23,,9.61445386,0.0,0,,3661587.094064925,0.0,0.0,216
1,[],27,[],2019-06-02 09:35:32,193550.0,0.00000001,0.0000000000008737850000000001,7725846,2019-06-02 09:35:32,btc,88.91793967917752,1000.0,0.00000001,"btc,ltc",385585.407688,1e-05,0.0019255000000013276,216
1,[],22,[],2019-06-02 09:35:35,721451.0,0.00000028,0.00000000002446598,7725847,2019-06-02 09:35:35,BTC,12056.47460377,0.0,0.00000028,BTC,516928.6446520223,0.00106011,0.05452579,217
1,[],7,[],2019-06-02 09:35:36,0.0,0,0,7725848,2019-06-02 09:35:36,btc,1234864.1040716618,0.0,0,btc,164001712.13147992,0.0,0.0,219
0,[],27,[],2019-06-02 09:35:41,0.0,0,0,7725849,2019-06-02 09:35:41,,261.41644782671324,0.0,0,btc,15857918.74381025,0.0,0.0,219
0,[],28,[],2019-06-02 09:35:43,0.0,0,0,7725850,2019-06-02 09:35:43,,0.0,12810.0,0,,0.0,0.0,0.0,219
1,[],22,[],2019-05-23 16:41:05,172069.0,0.00000004,0.0000000000031167080000000004,7674065,2019-05-23 16:41:05,BTC,56.76466137,0.0,0.00000004,BTC,127061.6482738741,0.0,0.00393676,221
1,[],24,[],2019-05-23 16:41:05,0.0,0.000000010000,0.0000000000007791770000000001,7674066,2019-05-23 16:41:05,btc,0.0,0.0,0.000000010000,btc,0.0,0.0,0.0,221
1,[],20,[],2019-06-02 09:35:45,10722536.0,0.000000001,0.00000000000008737850000000001,7725851,2019-06-02 09:35:45,btc,100052.6745247987,567225.0146,0.000000001,btc,45543451.0108,0.0011344500292,0.010722536,224
0,[],22,[],2019-06-02 09:35:47,0.0,0,0,7725852,2019-06-02 09:35:47,,0.0,0.0,0,,0.0,0.0,0.0,224
1,[],26,[],2019-06-02 09:35:47,0.0,0,0,7725853,2019-06-02 09:35:47,,0.0,0.0,0,,0.0,0.0,0.0,231
1,[],26,[],2019-06-02 09:35:48,0.0,0,0,7725854,2019-06-02 09:35:48,,0.0,0.0,0,,0.0,0.0,0.0,234
0.0000000003117847,[],27,[],2019-06-02 09:35:52,100.0,3.117847e-18,2.7243279408950004e-22,7725855,2019-06-02 09:35:52,eth,0.01134836604,0.0,0.00000001,"btc,eth",11462.996,0.0,3.117847e-16,234
1,[],4,[],2019-05-22 17:06:12,91780.56053785,0.00000078,0.000000000061977552,7669277,2019-05-22 17:06:12,btc,5.573372450018177,0.0,0.00000078,btc,729173.93529783,0.0,0.0307060663355679,236
1,[],24,[],2019-05-22 17:06:12,0.0,0.000000010000,0.000000000000794584,7669278,2019-05-22 17:06:12,btc,0.0,0.0,0.000000010000,btc,0.0,0.0,0.0,236
1,[],5,[],2019-06-02 09:35:54,0.0,0,0,7725856,2019-06-02 09:35:54,btc,0.0,0.2043433,0,btc,0.0,0.0,0.0,237
1,[],20,[],2019-06-02 09:35:56,118156936.8879,0.000000041,0.0000000000035825185000000003,7725857,2019-06-02 09:35:56,btc,608.7607179914086,14430024.4672,0.000000041,btc,43411677.611,0.6322651497391,0.4259036670622,237
1,[],22,[],2019-06-02 09:35:59,288100.0,0.00000003,0.000000000002621355,7725858,2019-06-02 09:35:59,BTC,1.20267422,0.0,0.00000003,"BTC,LTC",17930.94871794872,0.0,0.007541,237
1,[],4,[],2019-06-02 09:36:00,27010349.86768357,0.00000011,0.000000000009611635,7725859,2019-06-02 09:36:00,btc,2.7221339312759048,0.0,0.00000011,btc,8945555.5323433,0.04447001,0.5388549593441523,238
1,[],5,[],2019-06-02 09:36:01,0.0,0,0,7725860,2019-06-02 09:36:01,btc,0.0,0.00250151,0,btc,0.0,0.0,0.0,238
0,[],22,[],2019-03-12 16:49:32,0.0,0,0,6914458,2019-03-12 16:49:32,,0.40415746,0.0,0,,526736.5639027493,0.0,0.0,249
0,[],22,[],2019-05-28 23:53:45,0.0,0,0,7703643,2019-05-28 23:53:45,,13.44714864,0.0,0,,43777534.3426455,0.0,0.0,252
0,[],28,[],2019-06-02 09:36:03,0.0,0,0,7725861,2019-06-02 09:36:03,,0.0,667997.2115,0,,0.0,0.0,0.0,256
1,[],22,[],2019-06-02 09:36:06,1021960.0,0.00000001,0.0000000000008737850000000001,7725862,2019-06-02 09:36:06,BTC,31464.5506333,0.0,0.00000001,BTC,584951.6675322719,1.251e-05,0.0102196,258
1,[],22,[],2019-05-19 18:12:02,400.0,0.00000001,0.0000000000007957800000000001,7653905,2019-05-19 18:12:02,BTC,2.415167,0.0,0.00000001,BTC,157.0,0.0,4e-06,259
1,[],5,[],2019-06-02 09:36:07,0.0,0,0,7725863,2019-06-02 09:36:07,btc,0.0,0.05934894,0,btc,0.0,0.0,0.0,264
1,[],20,[],2019-06-02 09:36:09,958722.4487,0.000000161,0.0000000000140679385,7725864,2019-06-02 09:36:09,btc,0.9761054832195,32516.6255,0.000000161,btc,51736.5911,0.01885964279,0.008053777273,264
0,[],22,[],2019-04-12 17:57:27,0.0,0,0,7278186,2019-04-12 17:57:27,,66.37522201,0.0,0,,677842.4169881374,0.0,0.0,271
0,[],22,[],2019-05-29 08:10:20,0.0,0,0,7705301,2019-05-29 08:10:20,,33050470.74998113,0.0,0,,14361377780.7,0.0,0.0,272
0,[],28,[],2019-05-29 08:10:54,0.0,0,0,7705302,2019-05-29 08:10:54,,0.0,22189957216.5758,0,,0.0,0.0,0.0,272
1,[],22,[],2019-05-23 07:12:29,219930.0,0.00000004,0.000000000003048688,7671985,2019-05-23 07:12:29,BTC,426.77835217,0.0,0.00000004,BTC,248664.3325962929,0.0,0.00739728,281
1,[],22,[],2019-06-02 09:36:13,376787.43333333335,0.00000004,0.0000000000034951400000000004,7725865,2019-06-02 09:36:13,BTC,31.67371653,0.0,0.00000004,"BTC,LTC",1518017.0569583753,0.0018753,0.01581517,286
0,[],22,[],2019-06-02 09:36:15,0.0,0,0,7725866,2019-06-02 09:36:15,,7337904.96568486,0.0,0,,2004620112.6797826,0.0,0.0,294
