pairValue,buyBook,exchangeId,sellBook,updated,buyTotal,satoshiPrice,usdPrice,exchangeLogId,created,bestPair,sellTotalBtc,volume,pairPrice,activePairs,sellTotal,volumeBtc,buyTotalBtc,coinId
1,[],3,[],2019-03-18 06:25:02,31035.996265598187,0.0130368800000000006900080506966332904994487762451171875,0.000000517403782376,6962759,2019-03-18 06:25:02,btc,60.16370003906624,0.010699220123,0.0130368800000000006900080506966332904994487762451171875,btc,25.720307003484,0.0,0.2754957834195027,1
1,[],4,[],2019-03-18 06:25:04,207746.3386456,0.01302603,0.0000005169731708310001,6962760,2019-03-18 06:25:04,btc,12.951169583118878,0.0,0.01302603,btc,224.488277,0.65411223,1.0654505355862864,1
1,[],5,[],2019-03-18 06:25:07,0.0,0,0,6962761,2019-03-18 06:25:07,btc,0.0,0.11983865,0,btc,0.0,0.0,0.0,1
1,[],10,[],2019-03-18 06:25:09,413711.19726069,0.01107855,0.000000439682168835,6962762,2019-03-18 06:25:09,btc,6522.699171969636,1732.04054195,0.01107855,btc,1000.67772505,0.0,4.553712370304275,1
1,[],12,[],2019-03-18 06:25:11,112.90285756,0.0130399999999999995081712000910556525923311710357666015625,0.000000517527608,6962763,2019-03-18 06:25:11,btc,0.1487089021101,0.0,0.0130399999999999995081712000910556525923311710357666015625,btc,10.86817488,0.5154569294234,0.4548344505842,1
1,[],20,[],2019-03-18 06:25:13,1152.6081,0.01070001,0.000000424658786877,6962764,2019-03-18 06:25:13,btc,0.0533371999966,0.1455,0.01070001,btc,2.311,0.0018713069031,0.0974182203341,1
1,[],21,[],2019-03-18 06:25:14,2319.06163403,0.01308439999999999950319740094,0.00000051928974188,6962765,2019-03-18 06:25:14,btc,56.662158932909655,6091.79557155,0.0130843999999999995031974009407349512912333011627197265625,"btc,eth",5077.41836708,75.70720308017768,21.21787900343636,1
0,[],22,[],2019-03-18 06:26:03,0.0,0,0,6962766,2019-03-18 06:26:03,,0.0,0.0,0,,0.0,0.0,0.0,1
1,[],24,[],2019-03-18 06:26:03,0.0,0.000000000000,0,6962767,2019-03-18 06:26:03,btc,0.0,0.0,0.000000000000,btc,0.0,0.0,0.0,1
0.0,[],25,[],2019-03-18 06:26:04,0.0,0,0,6962768,2019-03-18 06:26:04,btc,40.04119999798144,46.06480053,0.0,btc,2994.17078993,0.6182,0.0,1
1,[],26,[],2019-03-18 06:26:05,0.0,0,0,6962769,2019-03-18 06:26:05,,0.0,0.0,0,,0.0,0.0,0.0,1
0,[],28,[],2019-03-18 06:28:06,0.0,0,0,6962770,2019-03-18 06:28:06,,0.0,0.0,0,,0.0,0.0,0.0,1
0,[],2,[],2019-01-20 23:28:45,0.0,0,0,6477011,2019-01-20 23:28:45,,0.0,0.0,0,,0.0,0.0,0.0,1
1,[],5,[],2019-03-18 06:28:08,0.0,0,0,6962771,2019-03-18 06:28:08,btc,0.0,0.01185352,0,btc,0.0,0.0,0.0,2
0,[],22,[],2019-03-18 06:28:57,0.0,0,0,6962772,2019-03-18 06:28:57,,0.0,0.0,0,,0.0,0.0,0.0,2
1,[],5,[],2019-03-18 06:28:59,0.0,0,0,6962773,2019-03-18 06:28:59,btc,0.0,0.02911119,0,btc,0.0,0.0,0.0,3
1,[],12,[],2019-03-18 06:29:00,3054029.82129998,0.000000195,0.0000000000077391015,6962774,2019-03-18 06:29:00,btc,23451.63364511896,0.0,0.000000195,btc,1309833.15176004,0.03150493643963184,0.4389479611534964,3
0,[],28,[],2019-03-18 06:31:58,0.0,0,0,6962775,2019-03-18 06:31:58,,0.0,0.0,0,,0.0,0.0,0.0,3
0,[],2,[],2019-01-20 23:31:32,0.0,0,0,6477077,2019-01-20 23:31:32,,0.0,0.0,0,,0.0,0.0,0.0,4
1,[],4,[],2019-03-18 06:31:59,360394.20460331,0.00000031,0.000000000012303187,6962776,2019-03-18 06:31:59,btc,32.08725129329981,0.0,0.00000031,btc,725153.97080371,0.00047,0.0370375691884767,4
1,[],12,[],2019-03-18 06:32:01,393075.0,0.00000002,0.000000000000793754,6962777,2019-03-18 06:32:01,btc,1111853.28825052,0.0,0.00000002,btc,781851.33266733,0.0,0.0043212400000000005,5
0,[],2,[],2019-01-20 23:31:51,0.0,0,0,6477087,2019-01-20 23:31:51,,0.0,0.0,0,,0.0,0.0,0.0,6
1,[],11,[],2019-03-18 06:32:03,3935711.8988200002,0.00000002,0.000000000000793754,6962778,2019-03-18 06:32:03,btc,9574.30034761844,10000.0,0.00000002,btc,43081567.92614274,0.0,0.0449565813342,6
1,[],3,[],2019-03-18 06:32:04,1091.911995800215,0.00015480999999999998993464866980929173223557882010936737060546875,0.0000000061440528369999995,6962779,2019-03-18 06:32:04,btc,29.634654231634162,0.0,0.00015480999999999998993464866980929173223557882010936737060546875,btc,241.020514578101,0.0,0.03510108781629161,7
1,[],4,[],2019-03-18 06:32:05,94496.2773936,0.00021797,0.000000008650727969,6962780,2019-03-18 06:32:05,btc,10.049086946922413,0.0,0.00021797,btc,36527.67401792,3.19155992,8.447383136617995,7
1,[],5,[],2019-03-18 06:32:07,0.0,0,0,6962781,2019-03-18 06:32:07,btc,0.0,1.23352865,0,btc,0.0,0.0,0.0,7
1,[],20,[],2019-02-20 02:16:17,39399275.8418,0.000000001,0.0000000000000390183,6728586,2019-02-20 02:16:17,btc,116.9737569154545,525.0,0.000000001,btc,56932965.8895,5.25e-07,0.0393992758418,8
0,[],2,[],2019-01-20 23:22:42,0.0,0,0,6476876,2019-01-20 23:22:42,,0.0,0.0,0,,0.0,0.0,0.0,9
0,[],23,[],2019-01-20 23:22:48,0.0,0,0,6476878,2019-01-20 23:22:48,,0.0,0.0,0,,0.0,0.0,0.0,9
1,[],4,[],2019-03-18 06:32:10,1834522.75793366,0.00000158,0.000000000062706566,6962782,2019-03-18 06:32:10,btc,7.077953421026583,0.0,0.00000158,btc,3152722.4207612,2.40009531,1.2912369929915635,9
0,[],28,[],2019-03-18 06:33:06,0.0,0,0,6962783,2019-03-18 06:33:06,,0.0,1236958.44,0,,0.0,0.0,0.0,9
1,[],1,[],2019-02-17 23:31:42,1822507.21,0.00000181000000000000003456111265232042484285557293333113193511962890625,0.000000000066086901,6701244,2019-02-17 23:31:42,btc,3.6990969245,17153386.5,0.00000181000000000000003456111265232042484285557293333113193511962890625,btc,1997391.71,31.11772986,3.2610482446,9
1,[],4,[],2019-02-17 11:22:43,4341674.27126056,0.00000002,0.0000000000007272960000000001,6696112,2019-02-17 11:22:43,btc,0.1997230937751353,0.0,0.00000002,btc,4109766.79808031,0.00215132,0.0479381022052112,10
0,[],2,[],2019-01-20 23:23:08,0.0,0,0,6476890,2019-01-20 23:23:08,,0.0,0.0,0,,0.0,0.0,0.0,12
1,[],4,[],2019-03-18 06:33:07,5773883.03299152,0.00000180,0.00000000007143786,6962784,2019-03-18 06:33:07,btc,13.985783438985424,0.0,0.00000180,btc,5411517.14803785,2.27997161,7.109073199011509,12
1,[],5,[],2019-03-18 06:33:08,0.0,0,0,6962785,2019-03-18 06:33:08,btc,0.0,0.04066819,0,btc,0.0,0.0,0.0,12
0.0,[],25,[],2019-03-18 06:33:09,0.0,0,0,6962786,2019-03-18 06:33:09,,0.0,0.0,0.0,btc,0.0,0.0,0.0,12
1,[],4,[],2019-03-18 06:33:10,32905920.92184168,0.00001068,0.000000000423864636,6962787,2019-03-18 06:33:10,btc,3.7380846906641936,0.0,0.00001068,btc,276870.60172164,2.88029725,1.2225422736499527,13
1,[],21,[],2019-03-18 06:33:14,1690277.68965795,0.00001073000000000000060500215948,0.00000000042584902100000006,6962788,2019-03-18 06:33:14,btc,13.874932682429607,6867584.74628574,0.00001073000000000000060500215948167124224710278213024139404296875,btc,1109523.61085279,78.89529428,16.737769261512607,13
1,[],10,[],2019-03-18 05:27:14,458419.82510457,0.00001058,0.00000000042294396400000003,6962590,2019-03-18 05:27:14,btc,666776.7437905276,25538.9835613,0.00001058,btc,663942.75189362,0.0,0.465388817810915,13
1,[],4,[],2019-03-18 06:33:15,1551737.57292653,0.00000080,0.00000000003175016,6962789,2019-03-18 06:33:15,btc,5.2933120746534525,0.0,0.00000080,btc,1001782.59702118,0.00744538,0.1885915308191223,14
1,[],12,[],2019-03-18 06:33:17,303584.0,0.00000069,0.000000000027384512999999998,6962790,2019-03-18 06:33:17,btc,0.0560828882585684,0.0,0.00000069,btc,13816.8948088,0.0,0.03214623,14
0,[],17,[],2019-03-18 06:33:21,0.0,0,0,6962791,2019-03-18 06:33:21,btc,0.0,0.0,0,btc,0.0,0.0,0.0,14
1,[],26,[],2019-03-18 06:33:21,0.0,0.00000050,0.00000000001984385,6962792,2019-03-18 06:33:21,btc,0.0,0.0,0.00000050,btc,0.0,0.0,0.0,14
0,[],4,[],2019-03-18 06:33:22,0.0,0,0,6962793,2019-03-18 06:33:22,,0.0,0.0,0,,0.0,0.0,0.0,15
,[],12,[],2018-12-01 15:15:48,204241.84496,0.00000489,0.000000000202473384,5260204,2018-12-01 15:15:48,btc,49.5475654835,0.0,,btc,35763.2193806,0.0163153972027625,0.0203389899998,15
1,[],4,[],2019-03-18 06:33:24,74485.46823086,0.00001490,0.00000000059134673,6962794,2019-03-18 06:33:24,btc,3.7830084193265447,0.0,0.00001490,btc,18777.03484232,0.02979685,0.0532809550392678,18
0,[],2,[],2019-01-20 23:23:38,0.0,0,0,6476906,2019-01-20 23:23:38,,0.0,0.0,0,,0.0,0.0,0.0,18
1,[],10,[],2019-03-18 06:33:26,783233.70975549,0.00001485,0.000000000589362345,6962795,2019-03-18 06:33:26,btc,15.39857120030979,3400.09975589,0.00001485,btc,12969.51659853,0.0,0.1228381672105144,18
1,[],12,[],2019-03-18 06:33:27,313438.24580251,0.0000155099999999999988852146526330244569180649705231189727783203125,0.0000000006155562269999999,6962796,2019-03-18 06:33:27,btc,33214.72764858034,0.0,0.0000155099999999999988852146526330244569180649705231189727783203125,btc,801.90602614,0.0035440882721387,0.0231026586311939,18
0,[],17,[],2019-03-18 06:33:39,0.0,0,0,6962797,2019-03-18 06:33:39,btc,0.0,0.0,0,btc,0.0,0.0,0.0,18
1,[],3,[],2019-03-18 06:33:39,119765.61389461825,0.00001858000000000000167914293580651019510696642100811004638671875,0.0000000007373974660000001,6962798,2019-03-18 06:33:39,btc,0.6919407325489582,0.0,0.00001858000000000000167914293580651019510696642100811004638671875,btc,15054.205445313173,0.0,0.04600981799878507,19
1,[],4,[],2019-03-18 06:33:40,222528.23752961,0.00001962,0.000000000778672674,6962799,2019-03-18 06:33:40,btc,2.2283330027727217,0.0,0.00001962,btc,76371.87670098,0.33431923,2.3346323061127285,19
1,[],5,[],2019-03-18 06:33:42,0.0,0,0,6962800,2019-03-18 06:33:42,btc,0.0,2.21e-06,0,btc,0.0,0.0,0.0,19
1,[],12,[],2019-03-18 06:33:43,193573.82038598,0.00001868000000000000072170568132801093952366500161588191986083984375,0.000000000741366236,6962801,2019-03-18 06:33:43,btc,0.1518251104157064,0.0,0.00001868000000000000072170568132801093952366500161588191986083984375,btc,638.96416567,0.0042402645663027,0.0510358699979399,19
0,[],27,[],2019-03-18 06:33:45,0.0,0,0,6962802,2019-03-18 06:33:45,,0.0,0.0,0,btc,0.0,0.0,0.0,19
0,[],2,[],2019-01-20 23:24:19,0.0,0,0,6476924,2019-01-20 23:24:19,,0.0,0.0,0,,0.0,0.0,0.0,19
1,[],4,[],2019-03-18 06:33:46,2840997.20631087,0.00000013,0.000000000005159401,6962803,2019-03-18 06:33:46,btc,7.3815737746397,0.0,0.00000013,btc,2871716.96906976,0.0,0.085967240489147,20
0,[],17,[],2019-03-18 03:00:13,0.0,0,0,6962215,2019-03-18 03:00:13,btc,0.0,0.0,0,btc,0.0,0.0,0.0,21
1,[],4,[],2019-03-18 06:33:47,93553004.24946246,0.00000002,0.000000000000793754,6962804,2019-03-18 06:33:47,btc,39417.16469133277,0.0,0.00000002,btc,54324840.53537982,0.08997193,0.9994651378898894,21
1,[],12,[],2019-03-18 06:33:48,2175571.0,0.00000001,0.000000000000396877,6962805,2019-03-18 06:33:48,btc,2870.53741960017,0.0,0.00000001,btc,2922668.50849151,1.36888111888e-05,0.02175571,21
1,[],12,[],2019-03-18 06:34:00,3171715940.0,0.0000000001,0.00000000000000396877,6962806,2019-03-18 06:34:00,btc,1951142.8727084892,0.0,0.0000000001,btc,1617759386.8825064,0.06789927896633367,0.317171594,23
0,[],27,[],2019-03-18 06:34:02,0.0,0,0,6962807,2019-03-18 06:34:02,,13.972018501006241,0.0,0,eth,6275713.95973186,0.0,0.0,23
1,[],4,[],2019-03-18 06:34:03,676069.44919084,0.00000045,0.000000000017859465,6962808,2019-03-18 06:34:03,btc,9.90220344674042,0.0,0.00000045,btc,1613839.23671592,0.00467791,0.1709288540267973,24
0,[],22,[],2019-03-18 06:34:52,0.0,0,0,6962809,2019-03-18 06:34:52,,0.0,0.0,0,,0.0,0.0,0.0,24
0.0,[],25,[],2019-03-18 06:34:53,0.0,0,0,6962810,2019-03-18 06:34:53,,0.0,0.0,0.0,btc,0.0,0.0,0.0,24
1,[],4,[],2019-03-18 06:34:54,28219126.24815502,0.00000666,0.000000000264320082,6962811,2019-03-18 06:34:54,btc,141.4162080345627,0.0,0.00000666,btc,249947.14351353,0.27452223,0.6866798683144795,26
1,[],10,[],2019-03-18 06:34:56,602925.23251558,0.00000543,0.000000000215504211,6962812,2019-03-18 06:34:56,btc,25.233548923876036,2861.03689196,0.00000543,btc,14324.4645187,0.0,0.1443916358988472,26
0,[],2,[],2019-01-20 23:25:56,0.0,0,0,6476976,2019-01-20 23:25:56,,0.0,0.0,0,,0.0,0.0,0.0,26
1,[],3,[],2019-03-18 06:34:57,10888354.54084747,0.00000001,0.000000000000396877,6962813,2019-03-18 06:34:57,btc,2.0565801810436755,185.0,0.00000001,btc,15720086.39008366,0.0,0.1088835454084747,27
1,[],5,[],2019-03-18 06:34:58,0.0,0,0,6962814,2019-03-18 06:34:58,btc,0.0,0.0,0,btc,0.0,0.0,0.0,27
1,[],11,[],2019-03-18 06:35:00,8493678.24590115,0.00000006,0.000000000002381262,6962815,2019-03-18 06:35:00,btc,67506.1992155516,5956.66666667,0.00000006,btc,7966196.08369704,0.0,0.4691399049180229,27
1,[],4,[],2019-03-18 06:35:01,2159617433.189749,0.00000001,0.000000000000396877,6962816,2019-03-18 06:35:01,btc,3.088470470809765,0.0,0.00000001,"btc,ltc",253936327.16110194,0.14543326,9.91572195805248,29
1,[],7,[],2019-03-18 06:35:03,35613182.13418711,0.00000001,0.000000000000396877,6962817,2019-03-18 06:35:03,btc,44461604.29079431,1854.5,0.00000001,btc,52325034.42656505,3.709e-05,0.3561318213418711,29
1,[],4,[],2019-03-18 06:35:03,4119924.73048294,0.00000018,0.000000000007143786,6962818,2019-03-18 06:35:03,btc,2.8019379004604974,0.0,0.00000018,btc,2296278.44330629,0.00205867,0.1155331731174381,30
0,[],17,[],2019-03-18 05:29:07,0.0,0,0,6962621,2019-03-18 05:29:07,btc,0.0,0.0,0,btc,0.0,0.0,0.0,30
1,[],4,[],2019-03-18 06:35:05,183331.24389938,0.00006052,0.0000000024018996040000002,6962819,2019-03-18 06:35:05,btc,6.574800322713948,0.0,0.00006052,btc,66348.52866244,1.34411653,2.078991360631758,31
1,[],21,[],2019-03-18 06:35:10,71297.36533426,0.00006098000000000000230156171899,0.0000000024201559460000002,6962820,2019-03-18 06:35:10,btc,7.3369421434016635,637276.41207686,0.00006098000000000000230156171898698858058196492493152618408203125,btc,107309.59667443,39.68007256,4.081621662992505,31
0,[],2,[],2019-01-20 23:28:43,0.0,0,0,6477009,2019-01-20 23:28:43,,0.0,0.0,0,,0.0,0.0,0.0,32
1,[],4,[],2019-03-18 06:35:11,392847450.6062665,0.00000004,0.000000000001587508,6962821,2019-03-18 06:35:11,btc,8.901697786912955,0.0,0.00000004,"btc,ltc",181753428.9591691,0.48425455,8.283541138422091,33
1,[],12,[],2019-03-18 06:35:12,29550274.99233333,0.00000004,0.000000000001587508,6962822,2019-03-18 06:35:12,btc,4127597.57367329,0.0,0.00000004,btc,23335619.68943556,0.1688617993943557,0.7160517967199999,33
1,[],4,[],2019-03-18 06:35:13,90415684.88817006,0.00000001,0.000000000000396877,6962823,2019-03-18 06:35:13,btc,3.2744024730105346,0.0,0.00000001,btc,103289899.16533832,0.00272827,0.9041568488817007,34
1,[],5,[],2019-03-18 06:35:14,0.0,0,0,6962824,2019-03-18 06:35:14,btc,0.0,0.04543099,0,btc,0.0,0.0,0.0,34
0.0000000001487604,[],4,[],2019-03-18 06:35:15,5088366620.992448,1.487604e-18,5.90395812708e-23,6962825,2019-03-18 06:35:15,ltc,4.9691826525211365e-08,0.0,0.00000001,ltc,6357868517.702046,0.0,7.56947453885485e-09,36
1,[],5,[],2019-03-18 06:35:17,0.0,0,0,6962826,2019-03-18 06:35:17,btc,0.0,0.0,0,btc,0.0,0.0,0.0,36
0,[],17,[],2019-03-18 06:35:18,0.0,0,0,6962827,2019-03-18 06:35:18,btc,0.0746458232965017,0.0,0,btc,4103573.70243647,0.0,0.0,36
0.00000000034633709999999997,[],27,[],2019-03-18 06:35:21,998000.16325,3.463371e-18,1.374532292367e-22,6962828,2019-03-18 06:35:21,eth,223.80396210580784,0.0,0.00000001,"ltc,eth",12165396.31058689,0.0,1.4846293573953157e-12,36
1,[],4,[],2019-03-18 06:35:23,374497.81194037,0.00000058,0.000000000023018866,6962829,2019-03-18 06:35:23,btc,19772.49120193122,0.0,0.00000058,btc,595649.5494869,0.05590206,0.0830482674758434,37
1,[],12,[],2019-03-18 06:35:24,619236.85562727,0.00000059,0.000000000023415743,6962830,2019-03-18 06:35:24,btc,21.621068432189137,0.0,0.00000059,btc,365442.88763842,0.030598762629745,0.2458671756041465,37
1,[],27,[],2019-03-18 06:35:26,14685.567,0.00000045,0.000000000017859465,6962831,2019-03-18 06:35:26,btc,24.25536383611233,0.0,0.00000045,btc,6518.38138508,0.0,0.00480032515,37
1,[],17,[],2019-03-18 05:29:23,1752.74075282,0.00000025,0.00000000000999395,6962634,2019-03-18 05:29:23,btc,0.055484923989100494,0.0,0.00000025,btc,1387.19918473,0.0,0.00043818518820499993,37
1,[],5,[],2019-03-18 06:35:28,0.0,0,0,6962832,2019-03-18 06:35:28,btc,0.0,0.10763566,0,btc,0.0,0.0,0.0,42
1,[],12,[],2019-03-18 06:35:29,254007.83878983,0.000001049999999999999899545958213786800428124479367397725582122802734375,0.000000000041672085,6962833,2019-03-18 06:35:29,btc,5.577441285559565,0.0,0.000001049999999999999899545958213786800428124479367397725582122802734375,btc,27432.44516415,0.0104186818712464,0.0201708743611966,42
0.00000000034633709999999997,[],27,[],2019-03-18 06:35:31,22000.0,4.1560452e-17,1.6494387508404e-21,6962834,2019-03-18 06:35:31,eth,0.00315028,0.0,0.00000012,"btc,eth",11.007,0.0,8.38135782e-13,42
0,[],17,[],2019-03-18 02:15:25,0.0,0,0,6962049,2019-03-18 02:15:25,btc,0.0,0.0,0,btc,0.0,0.0,0.0,43
1,[],5,[],2019-03-18 06:35:33,0.0,0,0,6962835,2019-03-18 06:35:33,btc,0.0,0.01813389,0,btc,0.0,0.0,0.0,43
1,[],12,[],2019-03-13 09:13:29,1112112.0,0.00000001,0.000000000000386531,6919902,2019-03-13 09:13:29,btc,29058.00478931866,0.0,0.00000001,btc,5967681.93306694,9.99000999e-07,0.01112112,43
1,[],12,[],2019-03-05 01:54:08,639326.02,0.00000004,0.000000000001486676,6845775,2019-03-05 01:54:08,btc,11116042.728239931,0.0,0.00000004,btc,1103841.4595604,0.0003330765234764,0.014975410599999999,44
1,[],4,[],2019-03-18 06:35:34,298151345.2748583,0.00000002,0.000000000000793754,6962836,2019-03-18 06:35:34,btc,497.81315429671923,0.0,0.00000002,"btc,ltc",16762670.45353309,0.0051177,0.28392044690254625,49
0.0000000001487604,[],4,[],2019-03-18 06:35:35,527978587.8666691,1.487604e-18,5.90395812708e-23,6962837,2019-03-18 06:35:35,ltc,25.901654672475843,0.0,0.00000001,ltc,8614125116.009727,0.0,7.854230592248085e-10,52
0,[],22,[],2019-03-18 06:36:24,0.0,0,0,6962838,2019-03-18 06:36:24,,0.0,0.0,0,,0.0,0.0,0.0,57
0.00000000034633709999999997,[],27,[],2019-03-18 06:36:27,2000.0,3.463371e-18,1.374532292367e-22,6962839,2019-03-18 06:36:27,eth,0.0,0.0,0.00000001,"btc,eth",0.0,0.0,6.926742e-15,57
0,[],17,[],2019-03-18 04:14:54,0.0,0,0,6962447,2019-03-18 04:14:54,btc,1e+24,0.0,0,btc,49226522.0897055,0.0,0.0,58
0.0000000001487604,[],4,[],2019-03-18 06:36:27,791782892.751,2.975208e-18,1.180791625416e-22,6962840,2019-03-18 06:36:27,ltc,18.657617490304123,0.0,0.00000002,ltc,4686446040.785704,0.0,1.7927391666237827e-09,58
1,[],12,[],2019-03-18 06:36:28,1431400932.0,0.0000000003,0.00000000000001190631,6962841,2019-03-18 06:36:28,btc,4265307.07844094,0.0,0.0000000003,btc,1606715653.6293707,0.001651931659340662,0.3677443737,58
0,[],22,[],2019-03-18 06:37:28,0.0,0,0,6962842,2019-03-18 06:37:28,,0.0,0.0,0,,0.0,0.0,0.0,58
1,[],5,[],2019-03-18 06:37:30,0.0,0,0,6962843,2019-03-18 06:37:30,btc,0.0,0.02357038,0,btc,0.0,0.0,0.0,61
0,[],22,[],2019-03-18 06:38:19,0.0,0,0,6962844,2019-03-18 06:38:19,,0.0,0.0,0,,0.0,0.0,0.0,61
1,[],26,[],2019-03-18 06:38:19,0.0,0.00000800,0.0000000003175016,6962845,2019-03-18 06:38:19,btc,0.0,0.0,0.00000800,btc,0.0,0.0,0.0,61
1,[],27,[],2019-03-18 06:38:22,2138.56798,0.00000047,0.000000000018653219000000002,6962846,2019-03-18 06:38:22,btc,2.8850305703141323,0.0,0.00000047,"btc,eth",19862.59257617,0.0,0.0001983399935131048,61
1,[],28,[],2019-03-18 06:41:07,13880.304,0.0000005,0.00000000001984385,6962847,2019-03-18 06:41:07,btc,2.056312978300105,256.0,0.0000005,btc,9730.59500005,0.0,0.00566391304,61
1,[],4,[],2019-03-18 06:41:08,1351876.20887969,0.00000255,0.00000000010120363500000001,6962848,2019-03-18 06:41:08,btc,9.785640831137881,0.0,0.00000255,btc,849879.89901495,0.30574464,1.1416093640544942,67
0.0,[],25,[],2019-03-18 06:41:10,0.0,0,0,6962849,2019-03-18 06:41:10,,0.0,0.0,0.0,btc,0.0,0.0,0.0,67
1,[],12,[],2019-03-18 06:41:12,844193.99026981,0.00000015,0.000000000005953155,6962850,2019-03-18 06:41:12,btc,1111615.210790431,0.0,0.00000015,btc,923863.34914189,0.00122323966034,0.0665576641918155,71
,[],5,[],2018-11-20 23:02:39,1.5e-07,0.00000005,0.000000000002128045,4862160,2018-11-20 23:02:39,btc,2.84511358,0.0,,btc,0.00036572,0.0,0.07381892,74
1,[],5,[],2019-03-18 06:41:13,0.0,0,0,6962851,2019-03-18 06:41:13,btc,0.0,0.0,0,btc,0.0,0.0,0.0,75
1,[],4,[],2019-03-18 06:41:15,13382103.94481309,0.00000001,0.000000000000396877,6962852,2019-03-18 06:41:15,btc,11370.01956508711,0.0,0.00000001,btc,39949505.59932191,0.0,0.1338210394481309,81
0,[],20,[],2019-01-25 09:30:31,0.0,0,0,6495923,2019-01-25 09:30:31,btc,0.0,0.0,0,btc,0.0,0.0,0.0,81
1,[],4,[],2019-03-18 06:41:20,23631.38601466,0.00008056,0.000000003197241112,6962853,2019-03-18 06:41:20,btc,17.913330118366357,0.0,0.00008056,btc,12080.4977079,0.03107137,0.0814912122157633,82
1,[],21,[],2019-03-18 06:41:21,919347.98720344,0.00007846000000000000434811908701,0.000000003113896942,6962854,2019-03-18 06:41:21,btc,2.794997434181115,2314.88711983,0.00007846000000000000434811908700538651828537695109844207763671875,btc,30898.55157808,0.18332706,3.7263778217670027,82
0,[],17,[],2019-03-18 06:41:33,0.0,0,0,6962855,2019-03-18 06:41:33,btc,0.0447233088476774,0.0,0,btc,999127.19588126,0.0,0.0,84
0.0000000001487604,[],4,[],2019-03-18 06:41:34,150224377.180213,4.462812e-18,1.7711874381240001e-22,6962856,2019-03-18 06:41:34,ltc,1.676291536938551,0.0,0.00000003,ltc,391033060.6929961,0.0,3.2752972329948837e-10,85
,[],22,[],2018-11-20 23:09:34,3408.1,0.0000001,0.0000000000041895,4862324,2018-11-20 23:09:34,BTC,0.04624735,0.0,,BTC,4990.0,0.0,0.00033081,86
0,[],22,[],2019-03-18 06:42:23,0.0,0,0,6962857,2019-03-18 06:42:23,,0.0,0.0,0,,0.0,0.0,0.0,87
1,[],27,[],2019-03-18 06:42:25,50.0,0.00000001,0.000000000000396877,6962858,2019-03-18 06:42:25,btc,5.0620453089352,0.0,0.00000001,btc,27725.9038596,0.0,5e-07,87
,[],2,[],2018-11-20 23:10:47,0.0,0,0,4862359,2018-11-20 23:10:47,,0.0,0.0,,,0.0,0.0,0.0,88
1,[],11,[],2019-03-18 06:42:27,110782.96151311,0.0001502200000000000084700302327433973914594389498233795166015625,0.000000005961886294000001,6962859,2019-03-18 06:42:27,btc,612.0279782195599,21.79999999,0.0001502200000000000084700302327433973914594389498233795166015625,btc,100904.69506985,0.0,8.930362426474785,89
0,[],2,[],2019-01-20 23:31:45,0.0,0,0,6477083,2019-01-20 23:31:45,,0.0,0.0,0,,0.0,0.0,0.0,91
0,[],17,[],2019-03-18 04:21:08,0.0,0,0,6962467,2019-03-18 04:21:08,btc,0.0,0.0,0,btc,0.0,0.0,0.0,91
1,[],12,[],2019-03-18 06:42:28,312900.07395002997,0.00000092,0.000000000036512684,6962860,2019-03-18 06:42:28,btc,58.444437785372685,0.0,0.00000092,btc,89143.65126046,8.73618e-05,0.031486591299992,91
0,[],22,[],2019-03-18 06:43:18,0.0,0,0,6962861,2019-03-18 06:43:18,,0.0,0.0,0,,0.0,0.0,0.0,91
0,[],22,[],2019-03-18 06:44:07,0.0,0,0,6962862,2019-03-18 06:44:07,,0.0,0.0,0,,0.0,0.0,0.0,95
0.0000000001487604,[],4,[],2019-03-18 06:44:09,541012801.2512879,7.43802e-17,2.95197906354e-21,6962863,2019-03-18 06:44:09,ltc,11.883229165762538,0.0,0.0000005,ltc,134875865.11121503,0.0,1.1815415464139499e-09,96
0,[],12,[],2019-03-18 06:44:10,0.0,0,0,6962864,2019-03-18 06:44:10,btc,10.670117804305693,0.0,0,btc,3148038.4305694,0.0001680319680321,0.0,96
0,[],17,[],2019-03-18 06:44:11,0.0,0,0,6962865,2019-03-18 06:44:11,btc,0.0,0.0,0,btc,0.0,0.0,0.0,96
1,[],4,[],2019-03-18 06:44:13,3830490.41442734,0.00000059,0.000000000023415743,6962866,2019-03-18 06:44:13,btc,6.3818240931840595,0.0,0.00000059,btc,3245623.03292439,0.8990308,0.8130059106337091,99
0,[],2,[],2019-01-20 23:23:55,0.0,0,0,6476914,2019-01-20 23:23:55,,0.0,0.0,0,,0.0,0.0,0.0,100
1,[],4,[],2019-03-18 06:44:14,300935.22407214,0.00003485,0.000000001383116345,6962867,2019-03-18 06:44:14,btc,11.289257468267293,0.0,0.00003485,btc,177794.38988057,0.53206857,1.7026191509102067,100
0,[],22,[],2019-03-18 06:45:03,0.0,0,0,6962868,2019-03-18 06:45:03,,0.0,0.0,0,,0.0,0.0,0.0,101
1,[],4,[],2019-03-18 06:45:04,361135.0279827,0.00000091,0.000000000036115807000000003,6962869,2019-03-18 06:45:04,btc,292.5357065548014,0.0,0.00000091,btc,557927.16089499,0.07744229,0.1943769933070793,103
1,[],12,[],2019-03-18 06:45:07,34325630.22452997,0.000000008,0.0000000000003175016,6962870,2019-03-18 06:45:07,btc,3219028.6602815534,0.0,0.000000008,btc,65306411.99041956,0.01447941072292516,0.058294347796239765,105
0,[],27,[],2019-03-18 06:45:09,0.0,0,0,6962871,2019-03-18 06:45:09,,36.61213037936601,0.0,0,btc,1531551.60039724,0.0,0.0,105
0,[],22,[],2019-03-18 06:45:58,0.0,0,0,6962872,2019-03-18 06:45:58,,0.0,0.0,0,,0.0,0.0,0.0,107
1,[],26,[],2019-03-18 06:45:58,0.0,0.00000000,0,6962873,2019-03-18 06:45:58,btc,0.0,0.0,0.00000000,btc,0.0,0.0,0.0,107
1,[],5,[],2019-03-18 06:46:00,0.0,0,0,6962874,2019-03-18 06:46:00,btc,0.0,0.00072892,0,btc,0.0,0.0,0.0,112
0,[],22,[],2019-03-18 06:46:49,0.0,0,0,6962875,2019-03-18 06:46:49,,0.0,0.0,0,,0.0,0.0,0.0,112
0.00000000034633709999999997,[],27,[],2019-03-18 06:46:52,2000.0,3.463371e-18,1.374532292367e-22,6962876,2019-03-18 06:46:52,eth,1.24996908,0.0,0.00000001,"btc,eth",1289.0,0.0,6.926742e-15,112
1,[],4,[],2019-03-18 06:46:54,735082.39181246,0.00000168,0.000000000066675336,6962877,2019-03-18 06:46:54,btc,4.339443631742318,0.0,0.00000168,btc,421819.53256848,0.15869406,0.6894789121768612,113
1,[],5,[],2019-03-18 06:46:56,0.0,0,0,6962878,2019-03-18 06:46:56,btc,0.0,0.0,0,btc,0.0,0.0,0.0,113
1,[],17,[],2019-03-18 03:11:06,152738.278,0.00000004,0.000000000001606432,6962289,2019-03-18 03:11:06,btc,1.33680302678,0.0,0.00000004,btc,50696.221,0.0,0.0022095311199999998,116
0,[],27,[],2019-03-18 06:47:09,0.0,0,0,6962879,2019-03-18 06:47:09,,0.0,0.0,0,btc,0.0,0.0,0.0,116
1,[],4,[],2019-03-18 06:47:11,67937.55659832,0.00004518,0.000000001793090286,6962880,2019-03-18 06:47:11,btc,102.9942669675371,0.0,0.00004518,btc,45894.67091963,0.41703994,1.3113886016872072,120
1,[],7,[],2019-03-18 06:47:13,23379.40957903,0.0000270100000000000005882794251732548218569718301296234130859375,0.000000001071964777,6962881,2019-03-18 06:47:13,btc,115651.2704258741,150.28774618,0.0000270100000000000005882794251732548218569718301296234130859375,btc,27728.65002019,0.00701739,0.0600804561488162,120
1,[],20,[],2019-03-18 06:47:16,1562127.0982,0.000000034,0.0000000000013493818,6962882,2019-03-18 06:47:16,btc,32.3019190406648,9517.559,0.000000034,btc,1028084.0986,0.000323597006,0.0117960626506,125
0,[],22,[],2019-03-18 06:48:05,0.0,0,0,6962883,2019-03-18 06:48:05,,0.0,0.0,0,,0.0,0.0,0.0,126
0,[],2,[],2019-01-20 23:25:46,0.0,0,0,6476969,2019-01-20 23:25:46,,0.0,0.0,0,,0.0,0.0,0.0,131
1,[],4,[],2019-03-18 06:48:06,1305827.16499287,0.00001127,0.000000000447280379,6962884,2019-03-18 06:48:06,btc,3.109624406108002,0.0,0.00001127,btc,132170.46193579,0.2177409,0.516743362031028,131
0,[],17,[],2019-03-18 05:46:52,0.0,0,0,6962687,2019-03-18 05:46:52,btc,0.0953976503951408,0.0,0,btc,5037.62507334,0.0,0.0,131
1,[],4,[],2019-03-18 06:48:08,4580.75439177,0.00025254,0.000000010022731758,6962885,2019-03-18 06:48:08,btc,0.5257822744450135,0.0,0.00025254,btc,193.40119446,0.01903506,0.0137803609350899,135
1,[],3,[],2019-03-07 00:20:44,877702.73244099,0.00000004,0.00000000000154846,6863392,2019-03-07 00:20:44,btc,0.119366241821405,0.0,0.00000004,btc,760637.99421222,0.0,0.023771231960604298,136
1,[],4,[],2019-03-18 06:48:10,164333.94016057,0.00000125,0.000000000049609625,6962886,2019-03-18 06:48:10,btc,38.76976624265449,0.0,0.00000125,btc,581997.84576698,0.05509645,0.1304239721396695,137
1,[],12,[],2019-03-18 06:48:11,170156.60594633,0.000001129999999999999980629101885287735029805844533257186412811279296875,0.000000000044847101,6962887,2019-03-18 06:48:11,btc,37.499556619909775,0.0,0.000001129999999999999980629101885287735029805844533257186412811279296875,btc,5296.32065971,0.0140469886442239,0.0107376699999119,137
1,[],17,[],2019-03-18 05:47:01,22967.386363640002,0.00000088,0.000000000035178704,6962693,2019-03-18 05:47:01,btc,20.069913352763393,0.0,0.00000088,btc,2746.079105,0.0,0.0104613000000032,142
1,[],4,[],2019-03-18 06:48:12,36812.48283038,0.00003656,0.000000001450982312,6962888,2019-03-18 06:48:12,btc,28.7265472910379,0.0,0.00003656,btc,50825.29171059,0.38747792,0.3228717618675611,142
1,[],5,[],2019-03-18 06:48:13,0.0,0,0,6962889,2019-03-18 06:48:13,btc,0.0,0.08619533,0,btc,0.0,0.0,0.0,142
1,[],20,[],2019-03-18 06:48:16,149100.2909,0.00003007,0.000000001193409139,6962890,2019-03-18 06:48:16,btc,0.3359273383772,3.6583,0.00003007,btc,2242.1971,0.000109931915,0.3131894979377,142
0,[],22,[],2019-03-18 06:49:05,0.0,0,0,6962891,2019-03-18 06:49:05,,0.0,0.0,0,,0.0,0.0,0.0,142
0.0,[],25,[],2019-03-18 06:49:06,0.0,0,0,6962892,2019-03-18 06:49:06,,0.0,0.0,0.0,btc,0.0,0.0,0.0,142
0,[],28,[],2019-03-18 06:53:34,0.0,0,0,6962893,2019-03-18 06:53:34,,0.0,0.0,0,,0.0,0.0,0.0,142
0,[],22,[],2019-03-18 05:50:39,0.0,0,0,6962698,2019-03-18 05:50:39,,0.0,0.0,0,,0.0,0.0,0.0,143
0,[],22,[],2019-02-25 15:42:22,0.0,0,0,6783783,2019-02-25 15:42:22,,4.2131946,0.0,0,,2322156.0,0.0,0.0,146
,[],22,[],2018-11-20 23:01:11,0.0,0,0,4862114,2018-11-20 23:01:11,,2.56807021,0.0,,,61828.4988236,0.0,0.0,147
1,[],12,[],2019-03-18 05:50:41,388938.98568619,0.0000027300000000000001199843176202808336938687716610729694366455078125,0.00000000010913393400000001,6962699,2019-03-18 05:50:41,btc,9.693581487239824,0.0,0.0000027300000000000001199843176202808336938687716610729694366455078125,btc,108330.39740171,0.0,0.1690270299998872,148
1,[],4,[],2019-03-18 05:50:42,266644.90330978,0.00000029,0.000000000011592982,6962700,2019-03-18 05:50:42,btc,218.95240137696462,0.0,0.00000029,btc,806434.2620324,0.0,0.0636995099147647,152
0,[],22,[],2019-03-18 05:51:31,0.0,0,0,6962701,2019-03-18 05:51:31,,0.0,0.0,0,,0.0,0.0,0.0,152
1,[],5,[],2019-03-18 05:51:34,0.0,0,0,6962702,2019-03-18 05:51:34,btc,0.0,0.0,0,btc,0.0,0.0,0.0,153
,[],16,[],2019-01-11 15:38:59,0.0,0,0,6366141,2019-01-11 15:38:59,btc,0.0,0.0,,btc,0.0,0.0,0.0,155
0,[],22,[],2019-03-18 05:52:23,0.0,0,0,6962703,2019-03-18 05:52:23,,0.0,0.0,0,,0.0,0.0,0.0,156
0,[],23,[],2019-01-20 23:24:29,0.0,0,0,6476932,2019-01-20 23:24:29,,0.0,0.0,0,,0.0,0.0,0.0,156
0,[],22,[],2019-03-18 05:53:12,0.0,0,0,6962704,2019-03-18 05:53:12,,0.0,0.0,0,,0.0,0.0,0.0,157
0,[],22,[],2019-03-18 05:54:01,0.0,0,0,6962705,2019-03-18 05:54:01,,0.0,0.0,0,,0.0,0.0,0.0,158
,[],17,[],2018-11-20 22:56:10,0.0,0,0,4861976,2018-11-20 22:56:10,btc,1.1265625,0.0,,btc,1000.0,0.0,0.0,159
,[],20,[],2018-11-20 22:56:12,0.0,0,0,4861977,2018-11-20 22:56:12,btc,11912.7940471,0.0,,btc,34413894.3617,0.0,0.0,159
1,[],12,[],2019-03-18 05:54:03,235418.86887812,0.0000073300000000000001235838688329327084147735149599611759185791015625,0.000000000293022614,6962706,2019-03-18 05:54:03,btc,12.666564507997299,0.0,0.0000073300000000000001235838688329327084147735149599611759185791015625,btc,7811.757989,0.0013187544521699,0.1185600868195443,168
1,[],17,[],2019-03-18 05:54:05,29784.95,0.000001,0.0000000000399758,6962707,2019-03-18 05:54:05,btc,0.03026736251542,0.0,0.000001,btc,144.46171372,0.0,0.00716147,168
0,[],22,[],2019-03-18 05:54:54,0.0,0,0,6962708,2019-03-18 05:54:54,,0.0,0.0,0,,0.0,0.0,0.0,169
0,[],22,[],2019-03-18 05:55:43,0.0,0,0,6962709,2019-03-18 05:55:43,,0.0,0.0,0,,0.0,0.0,0.0,171
0,[],22,[],2019-03-18 05:56:32,0.0,0,0,6962710,2019-03-18 05:56:32,,0.0,0.0,0,,0.0,0.0,0.0,173
1,[],5,[],2019-03-18 05:56:34,0.0,0,0,6962711,2019-03-18 05:56:34,btc,0.0,0.0054767,0,btc,0.0,0.0,0.0,175
0,[],22,[],2019-03-18 05:57:23,0.0,0,0,6962712,2019-03-18 05:57:23,,0.0,0.0,0,,0.0,0.0,0.0,176
1,[],7,[],2019-03-18 05:57:24,119006799.74199179,0.00000001,0.000000000000399758,6962713,2019-03-18 05:57:24,btc,410194.25819718785,101528059.082,0.00000001,btc,33760474.61277177,1.02240499,1.190067997419918,178
0,[],22,[],2019-03-18 05:58:13,0.0,0,0,6962714,2019-03-18 05:58:13,,0.0,0.0,0,,0.0,0.0,0.0,178
0,[],2,[],2019-01-20 23:28:34,0.0,0,0,6477001,2019-01-20 23:28:34,,0.0,0.0,0,,0.0,0.0,0.0,178
1,[],5,[],2019-03-18 05:58:15,0.0,0,0,6962715,2019-03-18 05:58:15,btc,0.0,0.0673874,0,btc,0.0,0.0,0.0,179
0,[],22,[],2019-03-18 05:59:03,0.0,0,0,6962716,2019-03-18 05:59:03,,0.0,0.0,0,,0.0,0.0,0.0,179
0,[],23,[],2019-01-20 23:25:08,0.0,0,0,6476952,2019-01-20 23:25:08,,0.0,0.0,0,,0.0,0.0,0.0,179
1,[],17,[],2019-03-18 05:59:15,10504.725,0.0000001,0.00000000000399758,6962717,2019-03-18 05:59:15,btc,5.2010695838170005,0.0,0.0000001,btc,4994.45945,0.0,0.0010504725,180
0,[],22,[],2019-03-18 06:00:04,0.0,0,0,6962718,2019-03-18 06:00:04,,0.0,0.0,0,,0.0,0.0,0.0,180
1,[],26,[],2019-03-18 06:00:04,0.0,0.00000126,0.000000000050369508,6962719,2019-03-18 06:00:04,btc,0.0,0.0,0.00000126,btc,0.0,0.0,0.0,180
,[],7,[],2018-11-20 22:58:01,562227.975654,0.00000085,0.000000000036176765,4862015,2018-11-20 22:58:01,btc,21836.6059674,2491.87645172,,btc,749999.041456,0.00211021,0.127565380455,183
,[],5,[],2019-01-10 08:11:41,0.0,0,0,6347036,2019-01-10 08:11:41,btc,82.15055501,0.00261,,btc,1.19002445,0.0,0.0,187
1,[],24,[],2019-03-18 06:00:04,0.0,0.000000000001,3.99758e-17,6962720,2019-03-18 06:00:04,btc,0.0,0.0,0.000000000001,btc,0.0,0.0,0.0,187
,[],17,[],2018-11-16 20:58:10,4062536.27273,0.00000001,0.000000000000550501,4708775,2018-11-16 20:58:10,btc,3.36492563466,0.195460381006,,"btc,eth",110697919.549,0.0,0.0157628953496,187
0,[],22,[],2019-03-18 06:00:53,0.0,0,0,6962721,2019-03-18 06:00:53,,0.0,0.0,0,,0.0,0.0,0.0,191
0,[],22,[],2019-03-18 06:01:42,0.0,0,0,6962722,2019-03-18 06:01:42,,0.0,0.0,0,,0.0,0.0,0.0,197
0,[],23,[],2019-01-20 23:31:41,0.0,0,0,6477079,2019-01-20 23:31:41,,0.0,0.0,0,,0.0,0.0,0.0,199
0,[],22,[],2019-03-18 06:02:35,0.0,0,0,6962723,2019-03-18 06:02:35,,0.0,0.0,0,,0.0,0.0,0.0,199
1,[],26,[],2019-03-18 06:02:35,0.0,0.00000000,0,6962724,2019-03-18 06:02:35,btc,0.0,131404.0,0.00000000,btc,0.0,0.0,0.0,199
0,[],2,[],2019-01-20 23:30:49,0.0,0,0,6477059,2019-01-20 23:30:49,,0.0,0.0,0,,0.0,0.0,0.0,201
1,[],4,[],2019-01-25 15:51:35,2084389.58565343,0.00000936,0.000000000333526752,6499557,2019-01-25 15:51:35,btc,2.0092503037378524,0.0,0.00000936,btc,160195.80207885,0.19272417,1.242687955921835,211
1,[],7,[],2019-03-18 06:02:40,4229463.32227463,0.000001030000000000000091033409109486651544784763245843350887298583984375,0.000000000041175074000000007,6962725,2019-03-18 06:02:40,btc,15476701.428648682,2212724.59844,0.000001030000000000000091033409109486651544784763245843350887298583984375,btc,13784559.71999124,2.27587187,2.978780671389993,212
1,[],5,[],2019-03-18 06:02:41,0.0,0,0,6962726,2019-03-18 06:02:41,btc,0.0,0.10011035,0,btc,0.0,0.0,0.0,213
1,[],24,[],2019-03-18 06:02:41,0.0,0.000000220000,0.000000000008794676,6962727,2019-03-18 06:02:41,btc,0.0,0.0,0.000000220000,btc,0.0,0.0,0.0,213
1,[],26,[],2019-03-18 06:02:41,0.0,0.00000040,0.00000000001599032,6962728,2019-03-18 06:02:41,btc,0.0,0.0,0.00000040,btc,0.0,0.0,0.0,213
1,[],12,[],2019-01-25 02:44:32,207462.42853209,0.000001080000000000000035831255497387193287295303889550268650054931640625,0.000000000038610756000000006,6493050,2019-01-25 02:44:32,btc,85023.03793723314,0.0,0.000001080000000000000035831255497387193287295303889550268650054931640625,btc,43675.73520027,0.000146250909087,0.0348620860622024,213
0,[],22,[],2019-03-18 06:03:30,0.0,0,0,6962729,2019-03-18 06:03:30,,0.0,0.0,0,,0.0,0.0,0.0,216
1,[],27,[],2019-03-18 06:03:32,1233122.0,0.00000003,0.000000000001199274,6962730,2019-03-18 06:03:32,btc,316.9780375147724,0.0,0.00000003,"btc,ltc",245929.924324,0.0,0.03375764000007647,216
0,[],22,[],2019-03-18 06:04:22,0.0,0,0,6962731,2019-03-18 06:04:22,,0.0,0.0,0,,0.0,0.0,0.0,217
1,[],7,[],2019-03-18 06:04:24,0.0,0,0,6962732,2019-03-18 06:04:24,btc,77969.33757097446,0.0,0,btc,135811624.2426053,0.0,0.0,219
0,[],27,[],2019-03-18 06:04:25,0.0,0,0,6962733,2019-03-18 06:04:25,,0.03997288,0.0,0,btc,2007233.0,0.0,0.0,219
0,[],28,[],2019-03-18 06:06:26,0.0,0,0,6962734,2019-03-18 06:06:26,,5.6109944575003,2340.0,0,btc,2395401.84751,0.0,0.0,219
0,[],22,[],2019-03-18 06:07:15,0.0,0,0,6962735,2019-03-18 06:07:15,,0.0,0.0,0,,0.0,0.0,0.0,221
1,[],24,[],2019-03-18 06:07:15,0.0,0.000000200000,0.00000000000799516,6962736,2019-03-18 06:07:15,btc,0.0,0.0,0.000000200000,btc,0.0,0.0,0.0,221
1,[],20,[],2019-03-18 06:07:17,45961450.7762,0.00000001,0.000000000000399758,6962737,2019-03-18 06:07:17,btc,49.3994788691693,2541411.4274,0.00000001,btc,14019456.9874,0.0234191076523,0.0547963569312,224
0,[],22,[],2019-03-18 06:08:06,0.0,0,0,6962738,2019-03-18 06:08:06,,0.0,0.0,0,,0.0,0.0,0.0,224
1,[],26,[],2019-03-18 06:08:07,0.0,0.00000022,0.000000000008794676,6962739,2019-03-18 06:08:07,btc,0.0,0.0,0.00000022,btc,0.0,0.0,0.0,231
1,[],26,[],2019-03-18 06:08:07,0.0,0.00000005,0.00000000000199879,6962740,2019-03-18 06:08:07,btc,0.0,100.0,0.00000005,btc,0.0,0.0,0.0,234
0.0000000003494404,[],27,[],2019-03-18 06:08:09,2000.0,3.494404e-18,1.396915954232e-22,6962741,2019-03-18 06:08:09,eth,0.01134836604,0.0,0.00000001,"btc,eth",11462.996,0.0,6.9888080000000004e-15,234
1,[],4,[],2019-03-18 06:08:10,1020994.22169213,0.00000107,0.000000000042774106,6962742,2019-03-18 06:08:10,btc,4.388587667749498,0.0,0.00000107,btc,1105954.99347243,0.21043015,0.3846446199215948,236
1,[],24,[],2019-03-18 06:08:11,0.0,0.000000500000,0.0000000000199879,6962743,2019-03-18 06:08:11,btc,0.0,0.0,0.000000500000,btc,0.0,0.0,0.0,236
1,[],20,[],2019-03-18 06:08:13,216633396.3511,0.00000005,0.00000000000199879,6962744,2019-03-18 06:08:13,btc,94.4842155445464,6763832.7152,0.00000005,btc,31694470.4579,0.3098445371492,0.3278155624422,237
0,[],22,[],2019-03-18 06:08:59,0.0,0,0,6962745,2019-03-18 06:08:59,,0.0,0.0,0,,0.0,0.0,0.0,237
1,[],4,[],2019-03-18 06:09:00,10811890.47736823,0.00000039,0.000000000015590562,6962746,2019-03-18 06:09:00,btc,5.593248780291917,0.0,0.00000039,btc,7890095.64100473,0.26705888,3.063630133480086,238
1,[],5,[],2019-03-18 06:09:02,0.0,0,0,6962747,2019-03-18 06:09:02,btc,0.0,0.02178472,0,btc,0.0,0.0,0.0,238
0,[],22,[],2019-03-12 16:49:32,0.0,0,0,6914458,2019-03-12 16:49:32,,0.40415746,0.0,0,,526736.5639027493,0.0,0.0,249
0,[],22,[],2019-03-18 06:09:52,0.0,0,0,6962748,2019-03-18 06:09:52,,0.0,0.0,0,,0.0,0.0,0.0,252
1,[],28,[],2019-03-18 06:12:57,1718172.998,0.0000007,0.00000000002798306,6962749,2019-03-18 06:12:57,btc,164780.49606913296,30669.0,0.0000007,btc,562558.871,0.0,0.4616886214,256
0,[],22,[],2019-03-18 06:13:46,0.0,0,0,6962750,2019-03-18 06:13:46,,0.0,0.0,0,,0.0,0.0,0.0,258
1,[],22,[],2019-03-13 00:07:30,47146.0,0.00000001,0.000000000000387233,6917028,2019-03-13 00:07:30,BTC,2.415167,0.0,0.00000001,BTC,157.0,0.0,0.00047146,259
1,[],5,[],2019-03-18 06:13:48,0.0,0,0,6962751,2019-03-18 06:13:48,btc,0.0,0.27867591,0,btc,0.0,0.0,0.0,264
1,[],20,[],2019-03-18 06:13:50,1294822.5608,0.00000192,0.000000000076753536,6962752,2019-03-18 06:13:50,btc,7.1930154245425,16910.68,0.00000192,btc,98928.6253,0.0389107624971,0.030791667932,264
0,[],22,[],2019-03-18 06:14:40,0.0,0,0,6962753,2019-03-18 06:14:40,,0.0,0.0,0,,0.0,0.0,0.0,271
0,[],22,[],2019-03-18 06:15:29,0.0,0,0,6962754,2019-03-18 06:15:29,,0.0,0.0,0,,0.0,0.0,0.0,272
0.0000000000000052,[],28,[],2019-03-18 06:22:15,206317293566.671,3.848e-21,1.538268784e-25,6962755,2019-03-18 06:22:15,doge,147719575.31339312,102095675.979,0.00000074,doge,246348898382.2514,0.0,5.320051861620695e-10,272
0,[],22,[],2019-03-18 06:23:04,0.0,0,0,6962756,2019-03-18 06:23:04,,0.0,0.0,0,,0.0,0.0,0.0,281
0,[],22,[],2019-03-18 06:23:54,0.0,0,0,6962757,2019-03-18 06:23:54,,0.0,0.0,0,,0.0,0.0,0.0,286
0,[],22,[],2019-03-18 06:24:43,0.0,0,0,6962758,2019-03-18 06:24:43,,0.0,0.0,0,,0.0,0.0,0.0,294
