pairValue,buyBook,exchangeId,sellBook,updated,buyTotal,satoshiPrice,usdPrice,exchangeLogId,created,bestPair,sellTotalBtc,volume,pairPrice,activePairs,sellTotal,volumeBtc,buyTotalBtc,coinId
1,[],3,[],2019-04-06 23:25:05,31231.152649484407,0.0133311300000000000631761309932699077762663364410400390625,0.000000672220897137,7202682,2019-04-06 23:25:05,btc,113.59713561914063,0.0,0.0133311300000000000631761309932699077762663364410400390625,btc,16.175334881266,0.0,0.45351041372002954,1
1,[],4,[],2019-04-06 23:25:06,233830.75338833,0.01343007,0.000000677209936743,7202683,2019-04-06 23:25:06,btc,9.016967299646932,0.0,0.01343007,btc,328.43840337,0.9192314,1.526350514097612,1
1,[],5,[],2019-04-06 23:25:09,0.0,0,0,7202684,2019-04-06 23:25:09,btc,0.0,0.08481048,0,btc,0.0,0.0,0.0,1
1,[],10,[],2019-04-06 23:25:11,422039.29847913,0.009903,0.0000004993577847,7202685,2019-04-06 23:25:11,btc,6522.269363031904,1218.0931344,0.009903,btc,1180.92088535,0.0,4.384535329569475,1
1,[],12,[],2019-04-06 23:25:13,59.5004149,0.01324999999999999962529972918900966760702431201934814453125,0.0000006681299249999999,7202686,2019-04-06 23:25:13,btc,0.4004416302682,0.0,0.01324999999999999962529972918900966760702431201934814453125,btc,21.400723290000002,0.4276798458201,0.25617243936330003,1
1,[],20,[],2019-04-06 23:25:15,1188.043,0.01322002,0.000000666618186498,7202687,2019-04-06 23:25:15,btc,0.0310524529545,5.9492,0.01322002,btc,1.7055,0.0931820198264,0.1723599468549,1
1,[],21,[],2019-04-06 23:25:16,2715.87953444,0.01340849000000000033894220763,0.000000676121767401,7202688,2019-04-06 23:25:16,btc,20.22704454423926,3148.95083261,0.01340849000000000033894220763386329053901135921478271484375,"btc,eth",1932.91990408,40.8897765369456,27.489348679103916,1
1,[],22,[],2019-04-06 23:25:19,0.07690488253968254,0.01260000,0.00000063535374,7202689,2019-04-06 23:25:19,BTC,0.31439419,0.0,0.01260000,BTC,0.12751438772928525,0.0,0.0009684,1
1,[],24,[],2019-04-06 23:25:20,0.0,0.000000000000,0,7202690,2019-04-06 23:25:20,btc,0.0,0.0,0.000000000000,btc,0.0,0.0,0.0,1
0.0,[],25,[],2019-04-06 23:25:20,0.0,0,0,7202691,2019-04-06 23:25:20,btc,10.199999999302118,1606.80022676,0.0,btc,739.48968896,21.79,0.0,1
1,[],26,[],2019-04-06 23:25:21,0.0,0,0,7202692,2019-04-06 23:25:21,,0.0,0.0,0,,0.0,0.0,0.0,1
1,[],28,[],2019-04-06 23:25:36,988.9,0.01300200,0.0000006556245498,7202693,2019-04-06 23:25:36,btc,0.158971879,17798.92,0.01300200,btc,8.7032,0.0,0.037553096,1
0,[],2,[],2019-01-20 23:28:45,0.0,0,0,6477011,2019-01-20 23:28:45,,0.0,0.0,0,,0.0,0.0,0.0,1
1,[],5,[],2019-04-06 23:25:37,0.0,0,0,7202694,2019-04-06 23:25:37,btc,0.0,0.13335948,0,btc,0.0,0.0,0.0,2
0,[],22,[],2019-04-06 23:25:39,0.0,0,0,7202695,2019-04-06 23:25:39,,0.0,0.0,0,,0.0,0.0,0.0,2
1,[],5,[],2019-04-06 23:25:40,0.0,0,0,7202696,2019-04-06 23:25:40,btc,0.0,0.0629868,0,btc,0.0,0.0,0.0,3
1,[],12,[],2019-04-06 23:25:40,2501903.94440377,0.000000191,0.0000000000096311559,7202697,2019-04-06 23:25:40,btc,23498.98196194412,0.0,0.000000191,btc,2399151.30814161,0.04317774521969601,0.3155006160998363,3
0,[],28,[],2019-04-06 23:25:48,0.0,0,0,7202698,2019-04-06 23:25:48,,0.0,0.0,0,,0.0,0.0,0.0,3
0,[],2,[],2019-01-20 23:31:32,0.0,0,0,6477077,2019-01-20 23:31:32,,0.0,0.0,0,,0.0,0.0,0.0,4
1,[],4,[],2019-03-31 15:22:41,353217.65794564,0.00000029,0.000000000011904674,7122029,2019-03-31 15:22:41,btc,32.078041210795526,0.0,0.00000029,btc,733585.73137669,0.0,0.0341999475799974,4
1,[],12,[],2019-04-06 23:25:49,802028.0,0.00000001,0.000000000000504249,7202699,2019-04-06 23:25:49,btc,1111896.6064659702,0.0,0.00000001,btc,1521428.00798202,0.0,0.00802028,5
0,[],2,[],2019-01-20 23:31:51,0.0,0,0,6477087,2019-01-20 23:31:51,,0.0,0.0,0,,0.0,0.0,0.0,6
1,[],11,[],2019-04-06 23:25:51,5267153.66422,0.00000002,0.000000000001008498,7202700,2019-04-06 23:25:51,btc,9584.207934805281,283700.0,0.00000002,btc,42990533.14863166,0.0,0.0586245366422,6
1,[],3,[],2019-04-06 23:25:52,1121.00823753072,0.00015579999999999999231448111203235384891740977764129638671875,0.00000000785619942,7202701,2019-04-06 23:25:52,btc,2.6920165431241956,0.0,0.00015579999999999999231448111203235384891740977764129638671875,btc,298.919206426181,0.0,0.0341105353076525,7
1,[],4,[],2019-04-06 23:25:53,75168.46749954,0.00020827,0.000000010501993923,7202702,2019-04-06 23:25:53,btc,12.001819857555521,0.0,0.00020827,btc,42413.75612656,2.79737798,5.224889885331434,7
1,[],5,[],2019-04-06 23:25:54,0.0,0,0,7202703,2019-04-06 23:25:54,btc,0.0,0.11259878,0,btc,0.0,0.0,0.0,7
1,[],20,[],2019-04-04 05:40:47,4271533.0066,0.000000001,0.000000000000049976400000000003,7169322,2019-04-04 05:40:47,btc,30.6354288730721,0.0,0.000000001,btc,17991077.4875,0.0,0.0042715330066,8
0,[],2,[],2019-01-20 23:22:42,0.0,0,0,6476876,2019-01-20 23:22:42,,0.0,0.0,0,,0.0,0.0,0.0,9
0,[],23,[],2019-01-20 23:22:48,0.0,0,0,6476878,2019-01-20 23:22:48,,0.0,0.0,0,,0.0,0.0,0.0,9
1,[],4,[],2019-04-06 23:25:56,1360712.69686959,0.00000118,0.000000000059501382,7202704,2019-04-06 23:25:56,btc,4.33208090153872,0.0,0.00000118,btc,2562808.16712171,1.32001702,1.0053628186349735,9
1,[],28,[],2019-04-06 23:26:21,18305.0,0.0000005,0.00000000002521245,7202705,2019-04-06 23:26:21,btc,2708.782593555347,3647227.137,0.0000005,btc,25383.8518,0.0,0.00198655,9
1,[],1,[],2019-02-17 23:31:42,1822507.21,0.00000181000000000000003456111265232042484285557293333113193511962890625,0.000000000066086901,6701244,2019-02-17 23:31:42,btc,3.6990969245,17153386.5,0.00000181000000000000003456111265232042484285557293333113193511962890625,btc,1997391.71,31.11772986,3.2610482446,9
1,[],4,[],2019-02-17 11:22:43,4341674.27126056,0.00000002,0.0000000000007272960000000001,6696112,2019-02-17 11:22:43,btc,0.1997230937751353,0.0,0.00000002,btc,4109766.79808031,0.00215132,0.0479381022052112,10
0,[],2,[],2019-01-20 23:23:08,0.0,0,0,6476890,2019-01-20 23:23:08,,0.0,0.0,0,,0.0,0.0,0.0,12
1,[],4,[],2019-04-06 23:26:22,3926526.61567547,0.00000129,0.00000000006504812099999999,7202706,2019-04-06 23:26:22,btc,6.798747248257366,0.0,0.00000129,btc,3693933.20057642,2.17187943,2.3209592393721548,12
1,[],5,[],2019-04-06 23:26:24,0.0,0,0,7202707,2019-04-06 23:26:24,btc,0.0,0.02233985,0,btc,0.0,0.0,0.0,12
0.0,[],25,[],2019-04-06 23:26:25,0.0,0,0,7202708,2019-04-06 23:26:25,,0.0,0.0,0.0,btc,0.0,0.0,0.0,12
1,[],4,[],2019-04-06 23:26:26,32081163.03455246,0.00000905,0.000000000456345345,7202709,2019-04-06 23:26:26,btc,3.4466742226223155,0.0,0.00000905,btc,255995.16804482,2.03145609,1.6415923936330425,13
1,[],10,[],2019-04-06 23:26:29,563018.28618417,0.00000874,0.00000000044071362599999993,7202710,2019-04-06 23:26:29,btc,666790.148583707,9938.64785608,0.00000874,btc,611146.56954399,0.0,1.2298553704741984,13
1,[],21,[],2019-04-06 23:26:31,868894.38751774,0.000009190000000000000102942827873,0.000000000463404831,7202711,2019-04-06 23:26:31,btc,4.466403825000454,1780025.30736445,0.000009190000000000000102942827873153675000139628536999225616455078125,btc,426151.52495287,17.38639682,7.2176662773409035,13
1,[],4,[],2019-04-06 23:26:32,1818874.19247613,0.00000113,0.000000000056980137,7202712,2019-04-06 23:26:32,btc,6.217433491703397,0.0,0.00000113,btc,948134.56409854,0.00306943,0.2369753016828229,14
1,[],12,[],2019-04-06 23:26:34,313643.68315807,0.000001,0.0000000000504249,7202713,2019-04-06 23:26:34,btc,0.157557305974,0.0,0.000001,btc,11104.003996,0.000605804195807,0.040948989999958704,14
0,[],17,[],2019-04-06 23:26:35,0.0,0,0,7202714,2019-04-06 23:26:35,btc,0.0,0.0,0,btc,0.0,0.0,0.0,14
1,[],26,[],2019-04-06 23:26:36,0.0,0.00000050,0.00000000002521245,7202715,2019-04-06 23:26:36,btc,0.0,0.0,0.00000050,btc,0.0,0.0,0.0,14
0,[],4,[],2019-04-06 23:26:37,0.0,0,0,7202716,2019-04-06 23:26:37,,0.0,0.0,0,,0.0,0.0,0.0,15
,[],12,[],2018-12-01 15:15:48,204241.84496,0.00000489,0.000000000202473384,5260204,2018-12-01 15:15:48,btc,49.5475654835,0.0,,btc,35763.2193806,0.0163153972027625,0.0203389899998,15
0,[],2,[],2019-01-20 23:23:38,0.0,0,0,6476906,2019-01-20 23:23:38,,0.0,0.0,0,,0.0,0.0,0.0,18
1,[],4,[],2019-04-06 23:26:38,26401.67875254,0.00001559,0.000000000786124191,7202717,2019-04-06 23:26:38,btc,1.0324773149532689,0.0,0.00001559,btc,14817.11754483,0.02222798,0.0779440020087028,18
1,[],10,[],2019-04-06 23:26:40,480058.63319882,0.00001601,0.0000000008073026490000001,7202718,2019-04-06 23:26:40,btc,15.391592599194617,12844.5298815,0.00001601,btc,13695.49079194,0.0,0.0695119108370373,18
1,[],12,[],2019-04-06 23:26:41,315378.04675198,0.00001622000000000000055773961837868313295984989963471889495849609375,0.000000000817891878,7202719,2019-04-06 23:26:41,btc,33874.33642454832,0.0,0.00001622000000000000055773961837868313295984989963471889495849609375,btc,955.32204335,0.0021394349675748,0.0337281596835319,18
0,[],17,[],2019-04-06 23:26:43,0.0,0,0,7202720,2019-04-06 23:26:43,btc,0.0,0.0,0,btc,0.0,0.0,0.0,18
0,[],27,[],2019-04-06 22:50:23,0.0,0,0,7202605,2019-04-06 22:50:23,,0.0,0.0,0,,0.0,0.0,0.0,19
0,[],2,[],2019-01-20 23:24:19,0.0,0,0,6476924,2019-01-20 23:24:19,,0.0,0.0,0,,0.0,0.0,0.0,19
1,[],3,[],2019-04-06 23:26:44,124811.2629844588,0.0000302199999999999986536637630596402459559612907469272613525390625,0.000000001523840478,7202721,2019-04-06 23:26:44,btc,0.4282629103947828,3481.2873386,0.0000302199999999999986536637630596402459559612907469272613525390625,btc,6870.113684790733,0.0,0.22321729051815475,19
1,[],4,[],2019-04-06 23:26:45,280110.05898786,0.00003652,0.000000001841517348,7202722,2019-04-06 23:26:45,btc,9.363934173985157,0.0,0.00003652,btc,165257.25241386,2.84337544,4.39720433776283,19
1,[],5,[],2019-04-06 23:26:47,0.0,0,0,7202723,2019-04-06 23:26:47,btc,0.0,4.081e-05,0,btc,0.0,0.0,0.0,19
1,[],12,[],2019-04-06 23:26:48,184557.68109692,0.0000349500000000000024947925669760451228285091929137706756591796875,0.000000001762350255,7202724,2019-04-06 23:26:48,btc,0.0956441566437046,0.0,0.0000349500000000000024947925669760451228285091929137706756591796875,btc,478.26921118,6.93e-05,0.093834666984137,19
1,[],4,[],2019-04-06 22:50:24,1423114.09920322,0.00000011,0.000000000005535134,7202606,2019-04-06 22:50:24,btc,6.074298577343329,0.0,0.00000011,btc,2365861.04881084,0.0,0.0461847363435042,20
1,[],4,[],2019-04-06 22:50:25,88962632.71545188,0.00000001,0.000000000000503194,7202607,2019-04-06 22:50:25,btc,51.15012427083107,0.0,0.00000001,btc,63900683.55856905,0.00153272,0.8896263271545188,21
1,[],12,[],2019-04-06 22:50:26,10305683.0,0.00000001,0.000000000000503194,7202608,2019-04-06 22:50:26,btc,2904.544392588981,0.0,0.00000001,btc,5075011.70629371,0.00174333,0.10305683,21
0,[],17,[],2019-04-06 22:50:28,0.0,0,0,7202609,2019-04-06 22:50:28,btc,0.0,0.0,0,btc,0.0,0.0,0.0,21
1,[],12,[],2019-04-06 22:50:29,3690817690.0,0.0000000002,0.00000000000001006388,7202610,2019-04-06 22:50:29,btc,317475322038.38153,0.0,0.0000000002,btc,2208306954.8411593,0.027016745091508625,0.47004869530000004,23
0,[],27,[],2019-04-06 22:50:29,0.0,0,0,7202611,2019-04-06 22:50:29,,0.0,0.0,0,,0.0,0.0,0.0,23
1,[],4,[],2019-04-06 22:50:30,456078.26368978,0.00000042,0.000000000021134148,7202612,2019-04-06 22:50:30,btc,13.568036165085184,0.0,0.00000042,btc,2130241.45144201,0.01487132,0.1313438365186666,24
1,[],22,[],2019-04-06 22:50:33,11.76,0.00000100,0.000000000050319399999999997,7202613,2019-04-06 22:50:33,BTC,7.415e-05,0.0,0.00000100,BTC,23.919354838709676,0.0,1.176e-05,24
0.0,[],25,[],2019-04-06 22:50:34,0.0,0,0,7202614,2019-04-06 22:50:34,,0.0,0.0,0.0,btc,0.0,0.0,0.0,24
0,[],2,[],2019-01-20 23:25:56,0.0,0,0,6476976,2019-01-20 23:25:56,,0.0,0.0,0,,0.0,0.0,0.0,26
1,[],4,[],2019-04-06 22:25:21,26744450.23190369,0.00000779,0.000000000390798593,7202252,2019-04-06 22:25:21,btc,173.03302765373616,0.0,0.00000779,btc,258411.39374203,0.75286409,0.7529687669203659,26
1,[],10,[],2019-04-06 22:25:23,93456.60197032,0.00000684,0.000000000343140228,7202253,2019-04-06 22:25:23,btc,25.56761866066658,4213.88515532,0.00000684,btc,21598.16272848,0.0,0.1215683900733633,26
1,[],3,[],2019-04-06 22:50:34,5331321.13394161,0.00000001,0.000000000000503194,7202615,2019-04-06 22:50:34,btc,1.8643691489144254,518833.221548,0.00000001,btc,14392385.05308531,0.0,0.053313211339416106,27
1,[],5,[],2019-04-06 22:50:36,0.0,0,0,7202616,2019-04-06 22:50:36,btc,0.0,0.00144469,0,btc,0.0,0.0,0.0,27
1,[],11,[],2019-04-06 22:50:38,7108765.91256781,0.00000006,0.0000000000030191639999999997,7202617,2019-04-06 22:50:38,btc,67502.97299864117,1198400.0,0.00000006,btc,6586383.7503637,0.0,0.38614616491802245,27
1,[],4,[],2019-04-06 22:50:39,1736244643.3937154,0.00000003,0.0000000000015095819999999999,7202618,2019-04-06 22:50:39,btc,4.997706008251719,0.0,0.00000003,"btc,ltc",387318742.5190849,0.79185013,17.30737319395707,29
1,[],7,[],2019-04-06 22:50:39,41868984.83091861,0.00000003,0.0000000000015095819999999999,7202619,2019-04-06 22:50:39,btc,44884768.16615814,214901.347729,0.00000003,btc,29642278.00837847,0.00861624,0.5578138736086018,29
1,[],4,[],2019-04-06 22:50:40,2395565.08831432,0.00000016,0.000000000008051104,7202620,2019-04-06 22:50:40,btc,3.281124649779396,0.0,0.00000016,btc,2709867.58131995,0.00791176,0.0927516524546331,30
0,[],17,[],2019-04-06 22:50:42,0.0,0,0,7202621,2019-04-06 22:50:42,btc,0.0,0.0,0,btc,0.0,0.0,0.0,30
1,[],4,[],2019-04-06 22:50:43,160875.42725951,0.00010272,0.0000000051688087679999995,7202622,2019-04-06 22:50:43,btc,8.894481438390402,0.0,0.00010272,btc,46321.48815981,7.37683956,2.261970452952051,31
1,[],21,[],2019-04-06 22:50:44,51588.64114388,0.0001060200000000000047526912961,0.000000005334862788,7202623,2019-04-06 22:50:44,btc,25.433894102694495,2102927.02884248,0.000106020000000000004752691296072697468844125978648662567138671875,btc,222384.44421257,199.28105809,5.323686668825063,31
0,[],2,[],2019-01-20 23:28:43,0.0,0,0,6477009,2019-01-20 23:28:43,,0.0,0.0,0,,0.0,0.0,0.0,32
0,[],4,[],2019-04-06 22:50:44,0.0,0,0,7202624,2019-04-06 22:50:44,,0.0,0.0,0,,0.0,0.0,0.0,33
1,[],12,[],2019-03-30 07:55:10,40641173.964,0.00000003,0.000000000001228359,7108785,2019-03-30 07:55:10,btc,4233210.82356125,0.0,0.00000003,btc,28378394.68333462,0.0126927883965248,0.90752895892,33
1,[],4,[],2019-04-06 22:50:45,2039680.41672552,0.00000001,0.000000000000503194,7202625,2019-04-06 22:50:45,btc,4.197003027802947,0.0,0.00000001,btc,152166267.20306477,0.08587156,0.0203968041672552,34
1,[],5,[],2019-04-06 22:50:46,0.0,0,0,7202626,2019-04-06 22:50:46,btc,0.0,0.0011475,0,btc,0.0,0.0,0.0,34
0.00000000018352340000000003,[],4,[],2019-04-06 22:50:48,3074216902.22278,1.835234e-18,9.234787373960001e-23,7202627,2019-04-06 22:50:48,ltc,6.055980127373978e-08,0.0,0.00000001,ltc,6526539205.278749,0.0,5.641907382333923e-09,36
1,[],5,[],2019-04-06 22:50:49,0.0,0,0,7202628,2019-04-06 22:50:49,btc,0.0,0.0,0,btc,0.0,0.0,0.0,36
0,[],17,[],2019-04-06 22:50:50,0.0,0,0,7202629,2019-04-06 22:50:50,btc,0.043774687860113334,0.0,0,btc,1018272.20243647,0.0,0.0,36
0,[],27,[],2019-04-06 22:50:56,0.0,0,0,7202630,2019-04-06 22:50:56,,0.0,0.0,0,,0.0,0.0,0.0,36
1,[],4,[],2019-04-06 22:50:57,628761.55893209,0.00000038,0.000000000019121371999999998,7202631,2019-04-06 22:50:57,btc,19775.08747981752,0.0,0.00000038,btc,780015.2068959,0.03888667,0.0509286762103147,37
1,[],12,[],2019-04-06 22:50:59,697645.45557676,0.0000004,0.00000000002012776,7202632,2019-04-06 22:50:59,btc,18.611886468931402,0.0,0.0000004,btc,443027.68276276,0.0846375380277121,0.204806710913684,37
1,[],17,[],2019-04-06 22:51:00,1752.74075282,0.00000025,0.000000000012579849999999999,7202633,2019-04-06 22:51:00,btc,0.055484923976854617,0.0,0.00000025,btc,1387.19918473,0.0,0.00043818518820499993,37
0,[],27,[],2019-04-06 22:51:00,0.0,0,0,7202634,2019-04-06 22:51:00,,0.0,0.0,0,,0.0,0.0,0.0,37
1,[],5,[],2019-04-06 22:51:01,0.0,0,0,7202635,2019-04-06 22:51:01,btc,0.0,0.00378312,0,btc,0.0,0.0,0.0,42
1,[],12,[],2019-04-06 22:51:02,252230.06631632,0.00000081,0.000000000040758714,7202636,2019-04-06 22:51:02,btc,10.205676386744834,0.0,0.00000081,btc,43160.90522738,0.006369758705197,0.0168183970813346,42
0,[],27,[],2019-04-06 22:51:02,0.0,0,0,7202637,2019-04-06 22:51:02,,0.0,0.0,0,,0.0,0.0,0.0,42
1,[],5,[],2019-04-03 07:21:02,0.0,0,0,7159930,2019-04-03 07:21:02,btc,0.0,0.00286478,0,btc,0.0,0.0,0.0,43
0,[],17,[],2019-04-03 07:21:05,0.0,0,0,7159931,2019-04-03 07:21:05,btc,0.0,0.0,0,btc,0.0,0.0,0.0,43
1,[],12,[],2019-03-13 09:13:29,1112112.0,0.00000001,0.000000000000386531,6919902,2019-03-13 09:13:29,btc,29058.00478931866,0.0,0.00000001,btc,5967681.93306694,9.99000999e-07,0.01112112,43
1,[],12,[],2019-03-05 01:54:08,639326.02,0.00000004,0.000000000001486676,6845775,2019-03-05 01:54:08,btc,11116042.728239931,0.0,0.00000004,btc,1103841.4595604,0.0003330765234764,0.014975410599999999,44
1,[],4,[],2019-04-06 22:51:03,123385088.37486273,0.00000001,0.000000000000503194,7202638,2019-04-06 22:51:03,btc,479.5097056484225,0.0,0.00000001,"btc,ltc",18089585.74363179,0.00206055,0.1892648283560319,49
0.00000000018329080000000002,[],4,[],2019-04-06 22:40:10,1580318987.638,1.832908e-18,9.233585644360001e-23,7202459,2019-04-06 22:40:10,ltc,24.5620890781089,0.0,0.00000001,ltc,7119732188.85841,0.0,2.8965793149935917e-09,52
0.0000000001346418,[],22,[],2019-04-06 22:51:37,2590.0,1.3464179999999999e-18,6.77509459092e-23,7202639,2019-04-06 22:51:37,XMR,10308.14362209,0.0,0.00000001,XMR,314387050.4566013,0.0,2.59e-05,57
0,[],27,[],2019-04-06 22:51:52,0.0,0,0,7202640,2019-04-06 22:51:52,,0.0,0.0,0,,0.0,0.0,0.0,57
0.00000000018329080000000002,[],4,[],2019-04-06 22:40:21,1195855164.3009994,1.832908e-18,9.233585644360001e-23,7202462,2019-04-06 22:40:21,ltc,18.62767028074305,0.0,0.00000001,ltc,4728297148.11432,0.0,2.1918924974886163e-09,58
1,[],12,[],2019-04-06 22:40:22,797968069.0,0.0000000002,0.000000000000010075340000000001,7202463,2019-04-06 22:40:22,btc,8621352.84420983,0.0,0.0000000002,btc,1889023708.0627732,0.004262655290709291,0.1420200404,58
0,[],17,[],2019-04-06 22:40:24,0.0,0,0,7202464,2019-04-06 22:40:24,btc,1e+24,0.0,0,btc,49306342.21952568,0.0,0.0,58
0.0000000001343497,[],22,[],2019-04-06 22:40:27,137438.0,1.343497e-18,6.76809453199e-23,7202465,2019-04-06 22:40:27,XMR,69.1795942,0.0,0.00000001,XMR,9887963.0,0.0,0.00137438,58
1,[],5,[],2019-04-06 22:51:54,0.0,0,0,7202641,2019-04-06 22:51:54,btc,0.0,0.0341434,0,btc,0.0,0.0,0.0,61
1,[],22,[],2019-04-06 22:51:56,63542.833333333336,0.00000013,0.000000000006541522,7202642,2019-04-06 22:51:56,BTC,1002.29602762,0.0,0.00000013,BTC,15234.52361146909,9.23e-06,0.00802346,61
1,[],26,[],2019-04-06 22:51:57,0.0,0.00000800,0.00000000040255519999999997,7202643,2019-04-06 22:51:57,btc,0.0,0.0,0.00000800,btc,0.0,0.0,0.0,61
0,[],27,[],2019-04-06 22:51:57,0.0,0,0,7202644,2019-04-06 22:51:57,,0.0,0.0,0,,0.0,0.0,0.0,61
1,[],28,[],2019-04-06 22:52:00,1880.304,0.00000022,0.000000000011070268,7202645,2019-04-06 22:52:00,btc,2.071633822092105,736.0,0.00000022,btc,26999.49520005,0.0,0.00016391304,61
1,[],4,[],2019-04-06 22:52:02,1645421.17842101,0.00000194,0.00000000009761963599999999,7202646,2019-04-06 22:52:02,btc,9.553827602925294,0.0,0.00000194,btc,909011.0950422,0.24074768,1.308156104567332,67
0.0,[],25,[],2019-04-06 22:52:04,0.0,0,0,7202647,2019-04-06 22:52:04,,0.0,0.0,0.0,btc,0.0,0.0,0.0,67
1,[],12,[],2019-04-06 22:52:05,1044292.46479443,0.00000027,0.000000000013586238,7202648,2019-04-06 22:52:05,btc,56667922.008991316,0.0,0.00000027,btc,1222814.77986859,0.0011096580619373,0.0687303199999914,71
,[],5,[],2018-11-20 23:02:39,1.5e-07,0.00000005,0.000000000002128045,4862160,2018-11-20 23:02:39,btc,2.84511358,0.0,,btc,0.00036572,0.0,0.07381892,74
1,[],5,[],2019-04-06 22:52:07,0.0,0,0,7202649,2019-04-06 22:52:07,btc,0.0,0.04194741,0,btc,0.0,0.0,0.0,75
1,[],4,[],2019-04-06 22:52:08,3278481.00028221,0.00000001,0.000000000000503194,7202650,2019-04-06 22:52:08,btc,133688.01308578925,0.0,0.00000001,btc,35702004.26498174,0.04249948,0.0327848100028221,81
0,[],20,[],2019-01-25 09:30:31,0.0,0,0,6495923,2019-01-25 09:30:31,btc,0.0,0.0,0,btc,0.0,0.0,0.0,81
1,[],4,[],2019-04-06 22:40:40,18952.9135187,0.00007765,0.0000000039117507550000004,7202475,2019-04-06 22:40:40,btc,17.764816154950633,0.0,0.00007765,btc,13047.35964607,0.25796572,0.2882851068152079,82
1,[],21,[],2019-04-06 22:40:41,744961.6289498201,0.00007525999999999999432852976211,0.0000000037913504419999995,7202476,2019-04-06 22:40:41,btc,3.9012130948636936,23841.39211957,0.000075259999999999994328529762110946421671542339026927947998046875,btc,45859.73510844,1.81579028,2.1188857570302253,82
0,[],17,[],2019-03-25 22:42:34,0.0,0,0,7038780,2019-03-25 22:42:34,btc,0.0445064681804024,0.0,0,btc,995513.18476001,0.0,0.0,84
0.00000000018352340000000003,[],4,[],2019-04-06 22:52:09,248128933.6102013,1.835234e-18,9.234787373960001e-23,7202651,2019-04-06 22:52:09,ltc,1.6830049616017364,0.0,0.00000001,ltc,449808063.2105059,0.00033713,4.5537465534518423e-10,85
,[],22,[],2018-11-20 23:09:34,3408.1,0.0000001,0.0000000000041895,4862324,2018-11-20 23:09:34,BTC,0.04624735,0.0,,BTC,4990.0,0.0,0.00033081,86
1,[],22,[],2019-04-06 22:40:45,107643.2,0.00000005,0.000000000002518835,7202478,2019-04-06 22:40:45,BTC,3.66195928,0.0,0.00000005,BTC,224414.04041017056,0.0,0.00154216,87
0,[],27,[],2019-04-06 22:41:16,0.0,0,0,7202479,2019-04-06 22:41:16,,0.0,0.0,0,,0.0,0.0,0.0,87
,[],2,[],2018-11-20 23:10:47,0.0,0,0,4862359,2018-11-20 23:10:47,,0.0,0.0,,,0.0,0.0,0.0,88
1,[],11,[],2019-04-06 22:41:19,89566.64120356,0.000140060000000000010877965195277283783070743083953857421875,0.0000000070557606020000005,7202480,2019-04-06 22:41:19,btc,529.4406667355503,1899.65128715,0.000140060000000000010877965195277283783070743083953857421875,btc,102136.83994005,0.0,5.798170884470927,89
0,[],2,[],2019-01-20 23:31:45,0.0,0,0,6477083,2019-01-20 23:31:45,,0.0,0.0,0,,0.0,0.0,0.0,91
1,[],12,[],2019-04-06 22:41:21,325787.4746171,0.00000076,0.000000000038286292,7202481,2019-04-06 22:41:21,btc,83.1594718897243,0.0,0.00000076,btc,101847.94746334,0.0009263309106686,0.0451912730981549,91
0,[],17,[],2019-04-06 22:41:23,0.0,0,0,7202482,2019-04-06 22:41:23,btc,0.0,0.0,0,btc,0.0,0.0,0.0,91
1,[],22,[],2019-04-06 22:41:26,65900.0,0.00000001,0.000000000000503767,7202483,2019-04-06 22:41:26,BTC,3e-06,0.0,0.00000001,BTC,1.0,0.0,0.000659,91
0,[],22,[],2019-03-21 12:10:46,0.0,0,0,6996572,2019-03-21 12:10:46,,4.56897116,0.0,0,,46768900.1,0.0,0.0,95
0.00000000018329080000000002,[],4,[],2019-04-06 22:41:27,537882583.4361367,2.3827804000000003e-17,1.2003661337668002e-21,7202484,2019-04-06 22:41:27,ltc,11.963950060193627,0.0,0.00000013,ltc,142163153.7578207,0.0,1.2498353423428286e-09,96
0,[],12,[],2019-04-06 22:41:28,0.0,0,0,7202485,2019-04-06 22:41:28,btc,50.500399827372625,0.0,0,btc,5060961.7372627,0.0,0.0,96
0,[],17,[],2019-04-06 22:41:30,0.0,0,0,7202486,2019-04-06 22:41:30,btc,0.0,0.0,0,btc,0.0,0.0,0.0,96
1,[],4,[],2019-04-03 20:04:38,1523570.8786377,0.00000040,0.00000000002042612,7166515,2019-04-03 20:04:38,btc,4.6810255304234305,0.0,0.00000040,btc,3209413.55187158,0.19593752,0.1820333463725714,99
0,[],2,[],2019-01-20 23:23:55,0.0,0,0,6476914,2019-01-20 23:23:55,,0.0,0.0,0,,0.0,0.0,0.0,100
1,[],4,[],2019-04-06 22:41:31,340783.19145593,0.00004495,0.000000002264432665,7202487,2019-04-06 22:41:31,btc,11.291007786435978,0.0,0.00004495,btc,163142.09562734,1.11123883,3.4547823187097104,100
1,[],22,[],2019-04-06 22:41:34,120000.0,0.00000002,0.000000000001007534,7202488,2019-04-06 22:41:34,BTC,24.82891609,0.0,0.00000002,BTC,11877.22,0.0,0.0014,101
1,[],4,[],2019-04-06 22:41:35,392565.78524006,0.00000087,0.000000000043827729,7202489,2019-04-06 22:41:35,btc,278.9886898754854,0.0,0.00000087,btc,644780.53777385,0.01365081,0.2157303150726392,103
1,[],12,[],2019-04-06 22:41:37,40277143.0,0.000000007,0.00000000000035263690000000003,7202490,2019-04-06 22:41:37,btc,468419473.45922107,0.0,0.000000007,btc,90581000.70277748,0.01622647104557064,0.085766104,105
0,[],27,[],2019-04-06 22:41:40,0.0,0,0,7202491,2019-04-06 22:41:40,,0.0,0.0,0,,0.0,0.0,0.0,105
1,[],22,[],2019-04-01 17:44:48,9328.0,0.00000001,0.00000000000041453500000000006,7138290,2019-04-01 17:44:48,BTC,51.38182867,0.0,0.00000001,BTC,470435.0,0.00050637,9.328e-05,107
1,[],26,[],2019-04-01 17:44:48,0.0,0.00000000,0,7138291,2019-04-01 17:44:48,btc,0.0,0.0,0.00000000,btc,0.0,0.0,0.0,107
1,[],5,[],2019-04-06 22:41:42,0.0,0,0,7202492,2019-04-06 22:41:42,btc,0.0,0.00382424,0,btc,0.0,0.0,0.0,112
0,[],22,[],2019-04-06 22:41:44,0.0,0,0,7202493,2019-04-06 22:41:44,,2.78752585,0.0,0,,1029384.0833333334,0.0,0.0,112
0,[],27,[],2019-04-06 22:41:44,0.0,0,0,7202494,2019-04-06 22:41:44,,0.0,0.0,0,,0.0,0.0,0.0,112
1,[],4,[],2019-04-06 22:41:45,411480.28603721,0.00000166,0.000000000083625322,7202495,2019-04-06 22:41:45,btc,3.9386643537823947,0.0,0.00000166,btc,482653.93290793,0.04086579,0.4842645527149428,113
1,[],5,[],2019-04-06 22:41:46,0.0,0,0,7202496,2019-04-06 22:41:46,btc,0.0,2.86e-05,0,btc,0.0,0.0,0.0,113
1,[],17,[],2019-04-06 22:41:47,152738.278,0.00000004,0.0000000000020150680000000003,7202497,2019-04-06 22:41:47,btc,1.336803027446665,0.0,0.00000004,btc,51896.221,0.0,0.0022095311199999998,116
0,[],27,[],2019-04-06 22:41:53,0.0,0,0,7202498,2019-04-06 22:41:53,,0.0,0.0,0,,0.0,0.0,0.0,116
1,[],4,[],2019-04-06 22:41:55,63189926.37454693,0.00001274,0.000000000641799158,7202499,2019-04-06 22:41:55,btc,118.04999796072616,0.0,0.00001274,btc,226927.50072776,0.01549432,7.210431449443701,120
1,[],7,[],2019-04-06 22:42:49,9490.32343403,0.00001304000000000000051105820964014725404922501184046268463134765625,0.000000000656912168,7202500,2019-04-06 22:42:49,btc,231206.46671510895,52.20543897,0.00001304000000000000051105820964014725404922501184046268463134765625,btc,30441.46504757,0.0007003,0.0168928836461714,120
1,[],20,[],2019-04-06 22:42:52,1680884.78,0.000000035,0.0000000000017631845000000001,7202501,2019-04-06 22:42:52,btc,32.2497668025648,0.0,0.000000035,btc,1001975.4986,0.0,0.0161458672221,125
0,[],22,[],2019-04-06 22:42:55,0.0,0,0,7202502,2019-04-06 22:42:55,,0.01444887,0.0,0,,296263.5111111111,0.0,0.0,126
0,[],2,[],2019-01-20 23:25:46,0.0,0,0,6476969,2019-01-20 23:25:46,,0.0,0.0,0,,0.0,0.0,0.0,131
1,[],4,[],2019-04-06 22:42:56,3238510.43888173,0.00001094,0.000000000551121098,7202503,2019-04-06 22:42:56,btc,4.166771239071955,0.0,0.00001094,btc,169626.91227462,0.24739129,0.5161222663597049,131
0,[],17,[],2019-04-06 22:42:58,0.0,0,0,7202504,2019-04-06 22:42:58,btc,0.0953976503951408,0.0,0,btc,5037.62507334,0.0,0.0,131
1,[],4,[],2019-04-06 22:42:59,4736.93287809,0.00011164,0.000000005624054788,7202505,2019-04-06 22:42:59,btc,9.983719189904132,0.0,0.00011164,btc,242.95868326,0.0,0.0113209661883358,135
1,[],3,[],2019-03-07 00:20:44,877702.73244099,0.00000004,0.00000000000154846,6863392,2019-03-07 00:20:44,btc,0.119366241821405,0.0,0.00000004,btc,760637.99421222,0.0,0.023771231960604298,136
1,[],4,[],2019-04-06 22:43:00,2549133.06283352,0.00000096,0.000000000048361632,7202506,2019-04-06 22:43:00,btc,50.303031522473,0.0,0.00000096,btc,595289.8419427,0.02472462,0.1487205033976096,137
1,[],12,[],2019-04-06 22:43:01,148821.60784311,0.000001039999999999999995289683661636725986454621306620538234710693359375,0.000000000052391768,7202507,2019-04-06 22:43:01,btc,10234.70584162922,0.0,0.000001039999999999999995289683661636725986454621306620538234710693359375,btc,10529.14273091,1.457676324e-05,0.0080389299999861,137
1,[],4,[],2019-04-06 22:43:02,47446.65432162,0.00002979,0.0000000015007218930000001,7202508,2019-04-06 22:43:02,btc,5.014988331911579,0.0,0.00002979,btc,82066.19101333,0.9186715,0.5341488600055316,142
1,[],5,[],2019-04-06 22:43:04,0.0,0,0,7202509,2019-04-06 22:43:04,btc,0.0,0.07685406,0,btc,0.0,0.0,0.0,142
1,[],17,[],2019-04-06 22:43:05,22967.386363640002,0.00000088,0.000000000044331496,7202510,2019-04-06 22:43:05,btc,20.069762067418065,0.0,0.00000088,btc,2746.079105,0.0,0.0104613000000032,142
1,[],20,[],2019-04-06 22:43:07,60382.6234,0.00002855,0.000000001438254785,7202511,2019-04-06 22:43:07,btc,1.3841158758415,0.02,0.00002855,btc,3331.5358,5.71e-07,0.0449705959411,142
1,[],22,[],2019-04-06 22:43:10,1621.0,0.00001020,0.00000000051384234,7202512,2019-04-06 22:43:10,BTC,3.27948712,0.0,0.00001020,BTC,1169.5278181818182,0.0,0.0007584,142
0.0,[],25,[],2019-04-06 22:43:12,0.0,0,0,7202513,2019-04-06 22:43:12,,0.0,0.0,0.0,btc,0.0,0.0,0.0,142
1,[],28,[],2019-04-06 22:43:15,77757.207,0.00004735,0.0000000023853367450000002,7202514,2019-04-06 22:43:15,btc,0.0477314554747,1989.0,0.00004735,btc,312.37303,0.0,0.01634985145,142
0,[],22,[],2019-04-06 22:43:17,0.0,0,0,7202515,2019-04-06 22:43:17,,62.98070713,0.0,0,,767832216.8,0.0,0.0,143
0,[],22,[],2019-02-25 15:42:22,0.0,0,0,6783783,2019-02-25 15:42:22,,4.2131946,0.0,0,,2322156.0,0.0,0.0,146
,[],22,[],2018-11-20 23:01:11,0.0,0,0,4862114,2018-11-20 23:01:11,,2.56807021,0.0,,,61828.4988236,0.0,0.0,147
1,[],12,[],2019-04-06 22:31:27,258235.04246558,0.0000020399999999999999500377954875229846720685600303113460540771484375,0.000000000102340068,7202336,2019-04-06 22:31:27,btc,9.696117500585398,0.0,0.0000020399999999999999500377954875229846720685600303113460540771484375,btc,106386.49999209,0.0,0.0108857599999515,148
1,[],4,[],2019-03-19 21:31:25,255810.0415942,0.00000029,0.000000000011615747,6982695,2019-03-19 21:31:25,btc,218.94922712414143,0.0,0.00000029,btc,793529.37642722,0.00117,0.0608347789473395,152
0,[],22,[],2019-03-19 21:31:27,0.0,0,0,6982696,2019-03-19 21:31:27,,0.0,0.0,0,,0.0,0.0,0.0,152
1,[],5,[],2019-04-06 22:43:19,0.0,0,0,7202516,2019-04-06 22:43:19,btc,0.0,0.0,0,btc,0.0,0.0,0.0,153
,[],16,[],2019-01-11 15:38:59,0.0,0,0,6366141,2019-01-11 15:38:59,btc,0.0,0.0,,btc,0.0,0.0,0.0,155
0,[],23,[],2019-01-20 23:24:29,0.0,0,0,6476932,2019-01-20 23:24:29,,0.0,0.0,0,,0.0,0.0,0.0,156
0,[],22,[],2019-04-06 22:43:21,0.0,0,0,7202517,2019-04-06 22:43:21,,6.80640151,0.0,0,,4675792.242592593,0.0,0.0,156
1,[],22,[],2019-04-06 22:43:24,7066.0,0.00000800,0.0000000004030136,7202518,2019-04-06 22:43:24,BTC,1.79802465,0.0,0.00000800,BTC,802.6461988741639,0.0,0.00062996,157
0,[],22,[],2019-04-06 22:43:26,0.0,0,0,7202519,2019-04-06 22:43:26,,50234.63121379,0.0,0,,55029136.03179465,0.0,0.0,158
,[],17,[],2018-11-20 22:56:10,0.0,0,0,4861976,2018-11-20 22:56:10,btc,1.1265625,0.0,,btc,1000.0,0.0,0.0,159
,[],20,[],2018-11-20 22:56:12,0.0,0,0,4861977,2018-11-20 22:56:12,btc,11912.7940471,0.0,,btc,34413894.3617,0.0,0.0,159
1,[],12,[],2019-04-06 22:43:28,244192.85505148998,0.0000061199999999999998501133864625689540162056800909340381622314453125,0.000000000308305404,7202520,2019-04-06 22:43:28,btc,17.95162916086879,0.0,0.0000061199999999999998501133864625689540162056800909340381622314453125,btc,10192.75667815,0.0032542206571167,0.1115789673999761,168
1,[],17,[],2019-04-06 22:43:29,22852.0,0.00000001,0.0000000000005037670000000001,7202521,2019-04-06 22:43:29,btc,0.04106974251542,0.0,0.00000001,btc,256.46171372,0.0,0.00022852000000000001,168
1,[],22,[],2019-04-06 22:43:32,993744.0,0.00000001,0.000000000000503767,7202522,2019-04-06 22:43:32,BTC,45.65738194,0.0,0.00000001,BTC,529106.1947107811,0.0,0.00993744,169
1,[],22,[],2019-04-06 22:43:36,640018.6666666666,0.00000005,0.000000000002518835,7202523,2019-04-06 22:43:36,BTC,11.28981243,0.0,0.00000005,BTC,121855.29625227844,0.0,0.01551998,171
1,[],22,[],2019-04-01 09:30:11,464224.0,0.00000029,0.000000000011989963000000002,7131874,2019-04-01 09:30:11,BTC,2.300003,0.0,0.00000029,"BTC,LTC",295879.07579844765,0.00203181,0.12689866,173
1,[],5,[],2019-04-06 22:43:37,0.0,0,0,7202524,2019-04-06 22:43:37,btc,0.0,0.00442971,0,btc,0.0,0.0,0.0,175
1,[],22,[],2019-04-06 22:43:40,634768.6666666666,0.00000003,0.000000000001511301,7202525,2019-04-06 22:43:40,BTC,0.52441472,0.0,0.00000003,BTC,129184.40469601455,1.283e-05,0.00704306,176
0,[],2,[],2019-01-20 23:28:34,0.0,0,0,6477001,2019-01-20 23:28:34,,0.0,0.0,0,,0.0,0.0,0.0,178
1,[],7,[],2019-04-06 22:43:41,0.0,0,0,7202526,2019-04-06 22:43:41,btc,410872.19514906954,0.0,0,btc,85367347.2367181,0.0,0.0,178
0,[],22,[],2019-04-06 22:43:44,0.0,0,0,7202527,2019-04-06 22:43:44,,1.00242438,0.0,0,,57522.0,0.0,0.0,178
0,[],23,[],2019-01-20 23:25:08,0.0,0,0,6476952,2019-01-20 23:25:08,,0.0,0.0,0,,0.0,0.0,0.0,179
1,[],5,[],2019-04-06 22:43:45,0.0,0,0,7202528,2019-04-06 22:43:45,btc,0.0,0.18764945,0,btc,0.0,0.0,0.0,179
1,[],22,[],2019-04-06 22:43:48,866558.0,0.00000001,0.000000000000503767,7202529,2019-04-06 22:43:48,BTC,5.52123924,0.0,0.00000001,BTC,17683112.192249708,9.358e-05,0.00866558,179
1,[],17,[],2019-04-06 22:43:50,10504.725,0.0000001,0.00000000000503767,7202530,2019-04-06 22:43:50,btc,5.201069583842858,0.0,0.0000001,btc,5033.45945,0.0,0.0010504725,180
1,[],22,[],2019-04-06 22:43:54,671853.7090909091,0.00000055,0.000000000027707185,7202531,2019-04-06 22:43:54,BTC,38.03645013,0.0,0.00000055,"BTC,LTC",131471.8594236411,0.0,0.55989283,180
1,[],26,[],2019-04-06 22:43:54,0.0,0.00000125,0.000000000062970875,7202532,2019-04-06 22:43:54,btc,0.0,0.0,0.00000125,btc,0.0,0.0,0.0,180
,[],7,[],2018-11-20 22:58:01,562227.975654,0.00000085,0.000000000036176765,4862015,2018-11-20 22:58:01,btc,21836.6059674,2491.87645172,,btc,749999.041456,0.00211021,0.127565380455,183
,[],5,[],2019-01-10 08:11:41,0.0,0,0,6347036,2019-01-10 08:11:41,btc,82.15055501,0.00261,,btc,1.19002445,0.0,0.0,187
,[],17,[],2018-11-16 20:58:10,4062536.27273,0.00000001,0.000000000000550501,4708775,2018-11-16 20:58:10,btc,3.36492563466,0.195460381006,,"btc,eth",110697919.549,0.0,0.0157628953496,187
1,[],24,[],2019-04-06 22:43:54,0.0,0.000000000014,7.052738e-16,7202533,2019-04-06 22:43:54,btc,0.0,0.0,0.000000000014,btc,0.0,0.0,0.0,187
1,[],22,[],2019-03-26 06:20:29,12315.0,0.00000001,0.00000000000039339800000000003,7044441,2019-03-26 06:20:29,BTC,7.56699454,0.0,0.00000001,BTC,79361.7243344055,0.0,0.00012315,191
0,[],22,[],2019-04-06 22:43:58,0.0,0,0,7202534,2019-04-06 22:43:58,,0.0,0.0,0,,0.0,0.0,0.0,197
0,[],23,[],2019-01-20 23:31:41,0.0,0,0,6477079,2019-01-20 23:31:41,,0.0,0.0,0,,0.0,0.0,0.0,199
0.00000000018329080000000002,[],22,[],2019-04-06 22:44:23,40000000.0,1.832908e-18,9.233585644360001e-23,7202535,2019-04-06 22:44:23,LTC,5.45812985,0.0,0.00000001,LTC,26942169.15,0.0,0.4,199
1,[],26,[],2019-04-06 22:44:23,0.0,0.00000000,0,7202536,2019-04-06 22:44:23,btc,0.0,130272.0,0.00000000,btc,0.0,0.0,0.0,199
0,[],2,[],2019-01-20 23:30:49,0.0,0,0,6477059,2019-01-20 23:30:49,,0.0,0.0,0,,0.0,0.0,0.0,201
1,[],4,[],2019-01-25 15:51:35,2084389.58565343,0.00000936,0.000000000333526752,6499557,2019-01-25 15:51:35,btc,2.0092503037378524,0.0,0.00000936,btc,160195.80207885,0.19272417,1.242687955921835,211
1,[],7,[],2019-04-06 23:21:31,3034509.97534958,0.00000110000000000000005610204141526242693771564518101513385772705078125,0.000000000055293920000000005,7202652,2019-04-06 23:21:31,btc,15586195.66378458,561678.688871,0.00000110000000000000005610204141526242693771564518101513385772705078125,btc,13525234.31669846,0.0,2.408993394732305,212
1,[],5,[],2019-04-06 23:21:34,0.0,0,0,7202653,2019-04-06 23:21:34,btc,0.0,0.19492696,0,btc,0.0,0.0,0.0,213
1,[],24,[],2019-04-06 23:21:35,0.0,0.000000220000,0.000000000011058784000000001,7202654,2019-04-06 23:21:35,btc,0.0,0.0,0.000000220000,btc,0.0,0.0,0.0,213
1,[],26,[],2019-04-06 23:21:37,0.0,0.00000040,0.00000000002010688,7202655,2019-04-06 23:21:37,btc,0.0,0.0,0.00000040,btc,0.0,0.0,0.0,213
1,[],12,[],2019-01-25 02:44:32,207462.42853209,0.000001080000000000000035831255497387193287295303889550268650054931640625,0.000000000038610756000000006,6493050,2019-01-25 02:44:32,btc,85023.03793723314,0.0,0.000001080000000000000035831255497387193287295303889550268650054931640625,btc,43675.73520027,0.000146250909087,0.0348620860622024,213
1,[],22,[],2019-04-06 23:21:40,35836.0,0.00000001,0.0000000000005026720000000001,7202656,2019-04-06 23:21:40,BTC,9.52190871,0.0,0.00000001,BTC,1112735.9818427025,0.00214164,0.00035836,216
0,[],27,[],2019-04-06 23:22:29,0.0,0,0,7202657,2019-04-06 23:22:29,,0.0,0.0,0,,0.0,0.0,0.0,216
1,[],22,[],2019-04-06 23:22:33,257241.42316088176,0.00000183,0.000000000091988976,7202658,2019-04-06 23:22:33,BTC,12043.61282115,0.0,0.00000183,BTC,310404.7819970572,0.33129512,0.25810151,217
1,[],7,[],2019-04-06 23:22:35,0.0,0,0,7202659,2019-04-06 23:22:35,btc,77969.70443924062,0.0,0,btc,136424979.15198368,0.0,0.0,219
0,[],27,[],2019-04-06 23:23:29,0.0,0,0,7202660,2019-04-06 23:23:29,,0.0,0.0,0,,0.0,0.0,0.0,219
0.000000000000006799999999999999,[],28,[],2019-04-06 23:23:38,260261592.061,3.06068e-18,1.53851813696e-22,7202661,2019-04-06 23:23:38,doge,126776.05050840901,1342049.619,0.00045010,"btc,doge",16003599.13126,0.0,1.1501607259900303e-11,219
1,[],22,[],2019-04-02 19:32:29,694653.0,0.00000007,0.00000000000330008,7153804,2019-04-02 19:32:29,BTC,2.83309452,0.0,0.00000007,BTC,94373.03430328587,0.00135954,0.03572421,221
1,[],24,[],2019-04-02 19:32:29,0.0,0.000000140000,0.00000000000660016,7153805,2019-04-02 19:32:29,btc,0.0,0.0,0.000000140000,btc,0.0,0.0,0.0,221
1,[],20,[],2019-03-31 04:10:59,44278413.4439,0.000000004,0.0000000000001637328,7116160,2019-03-31 04:10:59,btc,505.9313517634928,196869.539,0.000000004,btc,19332181.9792,0.000787478156,0.0533873483986,224
0,[],22,[],2019-03-31 04:11:02,0.0,0,0,7116161,2019-03-31 04:11:02,,0.0,0.0,0,,0.0,0.0,0.0,224
1,[],26,[],2019-04-06 23:23:38,0.0,0.00000022,0.000000000011058784000000001,7202662,2019-04-06 23:23:38,btc,0.0,0.0,0.00000022,btc,0.0,0.0,0.0,231
1,[],26,[],2019-04-06 23:23:39,0.0,0.00000005,0.00000000000251336,7202663,2019-04-06 23:23:39,btc,0.0,200.0,0.00000005,btc,0.0,0.0,0.0,234
0,[],27,[],2019-04-06 23:23:39,0.0,0,0,7202664,2019-04-06 23:23:39,,0.0,0.0,0,,0.0,0.0,0.0,234
1,[],4,[],2019-04-06 23:23:41,17261796.41617999,0.00000082,0.000000000041219104,7202665,2019-04-06 23:23:41,btc,4.928465164714762,0.0,0.00000082,btc,1317927.78488689,0.02974644,0.3229716849943498,236
1,[],24,[],2019-04-06 23:23:41,0.0,0.000000500000,0.000000000025133600000000002,7202666,2019-04-06 23:23:41,btc,0.0,0.0,0.000000500000,btc,0.0,0.0,0.0,236
1,[],20,[],2019-04-06 23:23:43,76524768.417,0.000000035,0.0000000000017593520000000001,7202667,2019-04-06 23:23:43,btc,481.8222090558685,11906560.2999,0.000000035,btc,29627583.4324,0.4267107992635,0.6530620703922,237
1,[],22,[],2019-04-06 23:23:47,795976.9,0.00000001,0.0000000000005026720000000001,7202668,2019-04-06 23:23:47,BTC,1.20377519,0.0,0.00000001,"BTC,LTC",18869.0,0.0,0.12586331,237
1,[],4,[],2019-04-06 23:23:48,6026766.82587926,0.00000036,0.000000000018096192,7202669,2019-04-06 23:23:48,btc,4.6968910925219545,0.0,0.00000036,btc,8294661.80548063,0.35463997,1.4776652844047835,238
1,[],5,[],2019-04-06 23:23:50,0.0,0,0,7202670,2019-04-06 23:23:50,btc,0.0,0.27138125,0,btc,0.0,0.0,0.0,238
0,[],22,[],2019-03-12 16:49:32,0.0,0,0,6914458,2019-03-12 16:49:32,,0.40415746,0.0,0,,526736.5639027493,0.0,0.0,249
0.0000000001828208,[],22,[],2019-04-06 23:23:53,20049849.0,1.828208e-18,9.18988971776e-23,7202671,2019-04-06 23:23:53,LTC,2.40073678,0.0,0.00000001,LTC,30475477.66010582,5.3975193954816e-11,0.20049849,252
1,[],28,[],2019-04-06 23:24:00,1682228.299,0.00000079,0.000000000039711088000000005,7202672,2019-04-06 23:24:00,btc,164694.2966272621,257901.8479,0.00000079,btc,619045.3518,0.0,0.7865530471,256
1,[],22,[],2019-04-06 23:24:03,1243358.5,0.00000002,0.0000000000010053440000000001,7202673,2019-04-06 23:24:03,BTC,21.75700264,0.0,0.00000002,"BTC,LTC",545178.2454253442,9e-05,0.01333363,258
1,[],22,[],2019-03-13 00:07:30,47146.0,0.00000001,0.000000000000387233,6917028,2019-03-13 00:07:30,BTC,2.415167,0.0,0.00000001,BTC,157.0,0.0,0.00047146,259
1,[],5,[],2019-04-06 23:24:05,0.0,0,0,7202674,2019-04-06 23:24:05,btc,0.0,0.24478837,0,btc,0.0,0.0,0.0,264
1,[],20,[],2019-04-06 23:24:07,1267786.6461,0.000001392,0.0000000000699719424,7202675,2019-04-06 23:24:07,btc,4.7261573775839,121357.2815,0.000001392,btc,95069.8142,0.248750939087,0.0334628481319,264
0,[],22,[],2019-04-06 23:24:09,0.0,0,0,7202676,2019-04-06 23:24:09,,66.41228252,0.0,0,,721235.4233983938,0.0,0.0,271
0,[],22,[],2019-04-06 23:24:11,0.0,0,0,7202677,2019-04-06 23:24:11,,111843.11266242,0.0,0,,14245627424.692,0.0,0.0,272
0.000000000000006799999999999999,[],28,[],2019-04-06 23:24:17,257616479557.083,3.06e-21,1.53817632e-25,7202678,2019-04-06 23:24:17,doge,44525780.772659756,71965794340.2082,0.00000045,doge,251984028477.3362,0.0,6.474449964819283e-10,272
1,[],22,[],2019-04-06 23:24:21,225244.41176470587,0.00000017,0.000000000008545424,7202679,2019-04-06 23:24:21,BTC,79.78708232,0.0,0.00000017,BTC,47299.28614701752,0.0,0.01883593,281
1,[],22,[],2019-04-06 23:24:41,952679.6095238095,0.00000015,0.00000000000754008,7202680,2019-04-06 23:24:41,BTC,1.4208785,0.0,0.00000015,BTC,247133.6754839786,0.0098046,0.06454105,286
0,[],22,[],2019-04-06 23:24:44,0.0,0,0,7202681,2019-04-06 23:24:44,,1044974.57066254,0.0,0,,1132418521.4347825,0.0,0.0,294
