pairValue,buyBook,exchangeId,sellBook,updated,buyTotal,satoshiPrice,usdPrice,exchangeLogId,created,bestPair,sellTotalBtc,volume,pairPrice,activePairs,sellTotal,volumeBtc,buyTotalBtc,coinId
1,[],3,[],2019-06-26 20:06:29,31410.141898070102,0.00829858999999999978613995921250534593127667903900146484375,0.000001145022021161000066905060485,7768450,2019-06-26 20:06:29,btc,12.0177469532408,60.895099465,0.00829858999999999978613995921250534593127667903900146484375,btc,43.920931279172,0.0,0.3872371070136095,1
1,[],4,[],2019-06-26 20:06:30,208308.42179566,0.00791101,0.000001091544546679000091910115311,7768451,2019-06-26 20:06:30,btc,14.708040697297328,0.0,0.00791101,btc,1043.40000694,6.87111643,4.597381453578549,1
1,[],5,[],2019-06-26 20:06:32,0.0,0,0,7768452,2019-06-26 20:06:32,btc,0.0,0.2215921,0,btc,0.0,0.0,0.0,1
1,[],10,[],2019-06-26 20:06:34,138452.02011214,0.00220041,0.000000303607950939,7768453,2019-06-26 20:06:34,btc,6521.383078870799,1677.79103777,0.00220041,btc,1260.90239597,0.0,1.2324899309970885,1
1,[],12,[],2019-06-26 20:06:37,103.79809862,0.00787000000000000025923707624997405218891799449920654296875,0.000001085886073000000127202648509,7768454,2019-06-26 20:06:37,btc,0.2792929772479,0.0,0.00787000000000000025923707624997405218891799449920654296875,btc,27.81516252,1.664951759792,0.1926498232368,1
1,[],20,[],2019-06-26 20:06:39,928.2058,0.00801003,0.000001105207118337000093060529685,7768455,2019-06-26 20:06:39,btc,0.1500835241186,2.2726,0.00801003,btc,11.2421,0.0229174950345,0.1259837888347,1
1,[],21,[],2019-06-26 20:06:40,1944.35733517,0.007886850000000000804334376880,0.000001088211000615000202609792648,7768456,2019-06-26 20:06:40,btc,9.916413104645855,19439.11617185,0.0078868500000000008043343768804334104061126708984375,"btc,eth",1639.55539041,150.2398424630232,11.997283067792562,1
1,[],22,[],2019-06-26 20:06:44,0.0199,0.00110000,0.00000015177569,7768457,2019-06-26 20:06:44,BTC,0.01666796,0.0,0.00110000,BTC,0.25318100557485945,0.0,2.189e-05,1
1,[],24,[],2019-06-26 20:06:44,0.0,0.000000000000,0,7768458,2019-06-26 20:06:44,btc,0.0,0.0,0.000000000000,btc,0.0,0.0,0.0,1
0.0,[],25,[],2019-06-26 20:06:47,0.0,0,0,7768459,2019-06-26 20:06:47,btc,9.699999999830286,21131.43994052,0.0,btc,1150.76569551,191.113,0.0,1
1,[],26,[],2019-06-26 20:06:50,0.0,0,0,7768460,2019-06-26 20:06:50,,0.0,0.0,0,,0.0,0.0,0.0,1
0,[],28,[],2019-06-26 20:06:52,0.0,0,0,7768461,2019-06-26 20:06:52,,0.0,0.0,0,,0.0,0.0,0.0,1
0,[],2,[],2019-01-20 23:28:45,0.0,0,0,6477011,2019-01-20 23:28:45,,0.0,0.0,0,,0.0,0.0,0.0,1
1,[],5,[],2019-06-17 14:29:02,0.0,0,0,7740076,2019-06-17 14:29:02,btc,0.0,2.72e-05,0,btc,0.0,0.0,0.0,2
1,[],22,[],2019-06-17 14:29:06,11550.3,0.0000002,0.0000000000185828,7740077,2019-06-17 14:29:06,BTC,21.00897301,0.0,0.0000002,"BTC,XMR",20678.87287795317,1.754e-05,0.00143681,2
1,[],5,[],2019-06-03 14:48:58,0.0,0,0,7731126,2019-06-03 14:48:58,btc,0.0,0.05905545,0,btc,0.0,0.0,0.0,3
1,[],12,[],2019-06-03 14:48:59,3468623.70302,0.000000116,0.000000000009823402000000002,7731127,2019-06-03 14:48:59,btc,169531.0336573751,0.0,0.000000116,btc,2361209.62379607,0.041350953071,0.33764769154428,3
0,[],28,[],2019-06-03 14:49:00,0.0,0,0,7731128,2019-06-03 14:49:00,,0.0,0.0,0,,0.0,0.0,0.0,3
0,[],2,[],2019-01-20 23:31:32,0.0,0,0,6477077,2019-01-20 23:31:32,,0.0,0.0,0,,0.0,0.0,0.0,4
1,[],4,[],2019-05-18 21:29:50,562734.9206932,0.00000010,0.000000000007298720000000001,7650946,2019-05-18 21:29:50,btc,41.9347137769675,0.0,0.00000010,btc,1123702.32192634,0.00052462,0.029254593370966,4
0,[],12,[],2019-06-02 05:03:43,0.0,0,0,7724919,2019-06-02 05:03:43,btc,625.901992874995,0.0,0,btc,1211362.4995005,0.0,0.0,5
0,[],2,[],2019-01-20 23:31:51,0.0,0,0,6477087,2019-01-20 23:31:51,,0.0,0.0,0,,0.0,0.0,0.0,6
1,[],11,[],2019-06-26 20:06:53,6351847.276736,0.00000001,0.0000000000013797790000000002,7768462,2019-06-26 20:06:53,btc,9583.571929362632,10000.0,0.00000001,btc,76590844.64770687,0.0,0.06351847276736,6
1,[],3,[],2019-06-26 20:06:54,11529.061806895666,0.0000509700000000000015792749052945254106816719286143779754638671875,0.0000000070327335630000006,7768463,2019-06-26 20:06:54,btc,1026.2832147578993,627.29874475,0.0000509700000000000015792749052945254106816719286143779754638671875,btc,358.273903354402,0.0,0.013014050358692665,7
1,[],4,[],2019-06-26 20:06:55,322387.85376309,0.00006278,0.000000008662252562,7768464,2019-06-26 20:06:55,btc,6.552823322138518,0.0,0.00006278,btc,50967.20873363,1.34610779,1.8860544304735447,7
1,[],5,[],2019-06-26 20:06:56,0.0,0,0,7768465,2019-06-26 20:06:56,btc,0.0,0.26610618,0,btc,0.0,0.0,0.0,7
1,[],20,[],2019-04-07 22:06:50,3201475.0482,0.000000001,0.000000000000051590000000000004,7213932,2019-04-07 22:06:50,btc,30.8005781811902,0.0,0.000000001,btc,23077405.3926,0.0,0.0032014750482,8
0,[],2,[],2019-01-20 23:22:42,0.0,0,0,6476876,2019-01-20 23:22:42,,0.0,0.0,0,,0.0,0.0,0.0,9
0,[],23,[],2019-01-20 23:22:48,0.0,0,0,6476878,2019-01-20 23:22:48,,0.0,0.0,0,,0.0,0.0,0.0,9
1,[],4,[],2019-06-26 20:06:58,1947868.77123841,0.00000036,0.000000000049672044000000005,7768466,2019-06-26 20:06:58,btc,2.9433068594033993,0.0,0.00000036,btc,3160059.32515634,0.55130459,0.322603140948835,9
0,[],28,[],2019-06-26 20:07:00,0.0,0,0,7768467,2019-06-26 20:07:00,,0.0,0.0,0,,0.0,0.0,0.0,9
1,[],1,[],2019-02-17 23:31:42,1822507.21,0.00000181000000000000003456111265232042484285557293333113193511962890625,0.000000000066086901,6701244,2019-02-17 23:31:42,btc,3.6990969245,17153386.5,0.00000181000000000000003456111265232042484285557293333113193511962890625,btc,1997391.71,31.11772986,3.2610482446,9
1,[],4,[],2019-02-17 11:22:43,4341674.27126056,0.00000002,0.0000000000007272960000000001,6696112,2019-02-17 11:22:43,btc,0.1997230937751353,0.0,0.00000002,btc,4109766.79808031,0.00215132,0.0479381022052112,10
0,[],2,[],2019-01-20 23:23:08,0.0,0,0,6476890,2019-01-20 23:23:08,,0.0,0.0,0,,0.0,0.0,0.0,12
1,[],4,[],2019-06-26 20:07:01,40272951.31856853,0.00000026,0.000000000035874254,7768468,2019-06-26 20:07:01,btc,7.1655669882953275,0.0,0.00000026,btc,8577087.13466813,0.91369435,1.5499631779773364,12
1,[],5,[],2019-06-26 20:07:02,0.0,0,0,7768469,2019-06-26 20:07:02,btc,0.0,0.10265272,0,btc,0.0,0.0,0.0,12
0.0,[],25,[],2019-06-26 20:07:04,0.0,0,0,7768470,2019-06-26 20:07:04,,0.0,0.0,0.0,btc,0.0,0.0,0.0,12
1,[],4,[],2019-06-26 20:07:05,530667.20504965,0.00000246,0.00000000033942563400000004,7768471,2019-06-26 20:07:05,btc,1.934123638705385,0.0,0.00000246,btc,322879.70702323,0.28395995,0.2312794636608564,13
1,[],10,[],2019-06-26 20:07:07,426833.72575541,0.0000022,0.00000000030355138000000005,7768472,2019-06-26 20:07:07,btc,666797.9238380978,112305.489005,0.0000022,btc,885390.33152052,0.0,0.1790997025200133,13
1,[],21,[],2019-06-26 20:07:08,5983612.68768943,0.000002529999999999999917276458442,0.00000000034908408700000004,7768473,2019-06-26 20:07:08,btc,3.706024923473583,1098884.82013596,0.00000252999999999999991727645844152849718966535874642431735992431640625,btc,1037269.1512387,3.05464703,2.9543004644035884,13
1,[],4,[],2019-06-26 20:07:09,945446.73886724,0.00000042,0.000000000057950718000000005,7768474,2019-06-26 20:07:09,btc,3.8365087331184755,0.0,0.00000042,btc,1642361.64968999,0.00416107,0.0686978822637268,14
1,[],12,[],2019-06-26 20:07:10,227483.346901,0.0000005,0.00000000006898895,7768475,2019-06-26 20:07:10,btc,193.48112166773618,0.0,0.0000005,btc,37571.58920806,0.00624543,0.0118403699999919,14
1,[],26,[],2019-06-26 20:09:10,0.0,0.00000050,0.00000000006898895,7768476,2019-06-26 20:09:10,btc,0.0,0.0,0.00000050,btc,0.0,0.0,0.0,14
0,[],17,[],2019-05-03 00:53:32,0.0,0,0,7558876,2019-05-03 00:53:32,btc,0.0,0.0,0,btc,0.0,0.0,0.0,14
0,[],4,[],2019-06-26 20:09:11,0.0,0,0,7768477,2019-06-26 20:09:11,,0.0,0.0,0,,0.0,0.0,0.0,15
,[],12,[],2018-12-01 15:15:48,204241.84496,0.00000489,0.000000000202473384,5260204,2018-12-01 15:15:48,btc,49.5475654835,0.0,,btc,35763.2193806,0.0163153972027625,0.0203389899998,15
0,[],2,[],2019-01-20 23:23:38,0.0,0,0,6476906,2019-01-20 23:23:38,,0.0,0.0,0,,0.0,0.0,0.0,18
1,[],4,[],2019-06-26 20:09:13,30077.1202257,0.00000800,0.0000000011038232,7768478,2019-06-26 20:09:13,btc,2.3668452595265213,0.0,0.00000800,btc,16948.84063497,0.02828502,0.0297623034174163,18
1,[],10,[],2019-06-26 20:09:15,156951.33594468,0.00000777,0.0000000010720882830000002,7768479,2019-06-26 20:09:15,btc,14.906139264428637,18349.4804477,0.00000777,btc,12038.16598335,0.0,0.2752751830830854,18
1,[],12,[],2019-06-26 20:09:16,970.73393448,0.000008509999999999999837252580292545900420009274967014789581298828125,0.000000001174191929,7768480,2019-06-26 20:09:16,btc,0.5224329423119557,0.0,0.000008509999999999999837252580292545900420009274967014789581298828125,btc,1928.74278592,2.23005e-06,0.0038494336989148,18
0,[],17,[],2019-05-03 00:53:39,0.0,0,0,7558882,2019-05-03 00:53:39,btc,0.0,0.0,0,btc,0.0,0.0,0.0,18
0,[],2,[],2019-01-20 23:24:19,0.0,0,0,6476924,2019-01-20 23:24:19,,0.0,0.0,0,,0.0,0.0,0.0,19
1,[],3,[],2019-06-26 20:11:17,151469.82762834555,0.0000061099999999999999458571119104188795745358220301568508148193359375,0.0000000008430449690000001,7768481,2019-06-26 20:11:17,btc,190.34904712133,16784.9873264,0.0000061099999999999999458571119104188795745358220301568508148193359375,btc,18638.856383140635,0.0,0.0468840722003834,19
1,[],4,[],2019-06-26 20:11:18,220818.23820964,0.00000800,0.0000000011038232,7768482,2019-06-26 20:11:18,btc,4.945580788798066,0.0,0.00000800,btc,246386.45027684,0.29938079,0.8968674748315425,19
1,[],5,[],2019-06-26 20:11:19,0.0,0,0,7768483,2019-06-26 20:11:19,btc,0.0,0.01035764,0,btc,0.0,0.0,0.0,19
1,[],12,[],2019-06-26 20:11:20,107183.81625251,0.0000060599999999999995775427918953681682978640310466289520263671875,0.000000000836146074,7768484,2019-06-26 20:11:20,btc,1.2060049101304402,0.0,0.0000060599999999999995775427918953681682978640310466289520263671875,btc,3008.56634116,4.7762537e-05,0.0096725499997452,19
0,[],27,[],2019-06-26 20:11:26,0.0,0,0,7768485,2019-06-26 20:11:26,,0.0,0.0,0,btc,0.0,0.0,0.0,19
1,[],4,[],2019-06-26 20:11:27,10027693.3660973,0.00000005,0.000000000006898895,7768486,2019-06-26 20:11:27,btc,5.1679866775506085,0.0,0.00000005,btc,2227203.78226973,0.00297019,0.1147045302861316,20
0,[],4,[],2019-06-26 20:11:28,0.0,0,0,7768487,2019-06-26 20:11:28,,12551.413785056273,0.0,0,,81616187.36940409,0.0,0.0,21
0,[],12,[],2019-06-26 20:11:30,0.0,0,0,7768488,2019-06-26 20:11:30,btc,2602.9478706769532,0.0,0,btc,7525906.49350646,5.654346e-06,0.0,21
0,[],17,[],2019-05-03 00:53:51,0.0,0,0,7558891,2019-05-03 00:53:51,btc,0.0,0.0,0,btc,0.0,0.0,0.0,21
1,[],12,[],2019-06-26 20:13:32,5893298259.277,0.0000000004,0.00000000000005519116000000001,7768489,2019-06-26 20:13:32,btc,1426620274979.3057,0.0,0.0000000004,btc,2764538520.0084257,0.042464665679,1.4698391211108004,23
0.000000000255015,[],27,[],2019-06-26 20:13:39,115818000.53796203,7.65045e-18,1.055593025055e-21,7768490,2019-06-26 20:13:39,eth,1072.79537230082,538939.96203796,0.00000003,eth,5546298.756,4.123133523e-12,5.587169387595267e-10,23
1,[],4,[],2019-06-22 05:45:29,6100414.07522138,0.00000017,0.00000000001823352,7751732,2019-06-22 05:45:29,btc,10.22685272773715,0.0,0.00000017,btc,1790815.48208265,0.0,0.1345450262400025,24
0,[],22,[],2019-06-22 05:45:31,0.0,0,0,7751733,2019-06-22 05:45:31,,6.22e-05,0.0,0,,517.4264705882352,0.0,0.0,24
0.0,[],25,[],2019-06-22 05:45:32,0.0,0,0,7751734,2019-06-22 05:45:32,,0.0,0.0,0.0,btc,0.0,0.0,0.0,24
1,[],4,[],2019-06-26 20:13:39,26925982.2893546,0.00000334,0.000000000460846186,7768491,2019-06-26 20:13:39,btc,6.230959580533491,0.0,0.00000334,btc,219173.45121022,0.08236724,0.3475403818687913,26
1,[],10,[],2019-06-26 20:13:42,80096.19401557,0.00000457,0.0000000006305590030000001,7768492,2019-06-26 20:13:42,btc,25.35928316189749,5414.83499046,0.00000457,btc,19881.83116064,0.0,0.0496816129144576,26
0,[],2,[],2019-01-20 23:25:56,0.0,0,0,6476976,2019-01-20 23:25:56,,0.0,0.0,0,,0.0,0.0,0.0,26
1,[],5,[],2019-04-26 09:47:06,0.0,0,0,7465326,2019-04-26 09:47:06,btc,0.0,0.0,0,btc,0.0,0.0,0.0,27
1,[],3,[],2019-06-17 14:30:26,13571825.64059417,0.00000001,0.00000000000092914,7740112,2019-06-17 14:30:26,btc,3.485049956644059,4264730.43754,0.00000001,btc,23500048.28518193,0.0,0.1357182564059417,27
1,[],11,[],2019-06-17 14:30:28,2031833.58157834,0.00000001,0.00000000000092914,7740113,2019-06-17 14:30:28,btc,67502.92060589766,32677.9652116,0.00000001,btc,6487362.95640949,0.0,0.0203183358157834,27
1,[],7,[],2019-06-26 19:34:05,65853297.37986747,0.00000001,0.000000000001378682,7768436,2019-06-26 19:34:05,btc,46548272.2719851,20056583.7917,0.00000001,btc,40843663.68476522,0.0,0.6585329737986747,29
1,[],4,[],2019-06-26 20:13:43,372565796.3999107,0.00000001,0.000000000001379779,7768493,2019-06-26 20:13:43,btc,9.938604093988914,0.0,0.00000001,"btc,ltc",579465630.9071424,3.64365052,0.06272947188205852,29
0,[],17,[],2019-05-03 01:11:25,0.0,0,0,7559066,2019-05-03 01:11:25,btc,0.0,0.0,0,btc,0.0,0.0,0.0,30
1,[],4,[],2019-06-26 20:15:44,15145000.68713505,0.00000004,0.000000000005519116,7768494,2019-06-26 20:15:44,btc,2.5705927587471455,0.0,0.00000004,btc,2194108.39164344,0.00634512,0.1624880015787141,30
1,[],4,[],2019-06-26 20:17:45,235693.93042312,0.00002301,0.0000000031748714790000005,7768495,2019-06-26 20:17:45,btc,3.3878762482635776,0.0,0.00002301,btc,55077.76594865,0.95453507,0.2160665654552161,31
1,[],21,[],2019-06-26 20:17:45,788307.88455411,0.00002691999999999999975590705970,0.000000003714365068,7768496,2019-06-26 20:17:45,btc,7.039828964003982,1288300.11684219,0.0000269199999999999997559070596953034737452981062233448028564453125,btc,191293.47739053,40.04164589,3.318274260320585,31
0,[],2,[],2019-01-20 23:28:43,0.0,0,0,6477009,2019-01-20 23:28:43,,0.0,0.0,0,,0.0,0.0,0.0,32
1,[],12,[],2019-03-30 07:55:10,40641173.964,0.00000003,0.000000000001228359,7108785,2019-03-30 07:55:10,btc,4233210.82356125,0.0,0.00000003,btc,28378394.68333462,0.0126927883965248,0.90752895892,33
0,[],4,[],2019-06-26 20:17:47,0.0,0,0,7768497,2019-06-26 20:17:47,,0.0,0.0,0,,0.0,0.0,0.0,33
0.00000000009784889999999999,[],4,[],2019-06-26 20:17:49,147401350.3285222,4.4032005e-17,6.0754435826895e-21,7768498,2019-06-26 20:17:49,ltc,4.526992085695655,0.0,0.00000045,ltc,164580215.27106884,0.00111336,5.95569522775011e-10,34
1,[],5,[],2019-06-26 20:17:51,0.0,0,0,7768499,2019-06-26 20:17:51,btc,0.0,0.0427168,0,btc,0.0,0.0,0.0,34
0.0000000002926451,[],17,[],2019-05-02 18:17:47,200000.0,2.9264510000000002e-18,1.596703856561e-22,7556430,2019-05-02 18:17:47,eth,0.20942468735267253,0.0,0.00000001,"btc,eth",1018272.20243647,0.0,5.852902e-13,36
0.0000000001311821,[],4,[],2019-05-31 13:28:19,2417517744.0607657,1.311821e-18,1.105058333085e-22,7717483,2019-05-31 13:28:19,ltc,5.019900492391546e-08,0.0,0.00000001,ltc,7102398142.262129,0.0,3.171350544531538e-09,36
1,[],5,[],2019-05-31 13:28:21,0.0,0,0,7717484,2019-05-31 13:28:21,btc,0.0,0.0,0,btc,0.0,0.0,0.0,36
0.0000000003108179,[],27,[],2019-05-31 13:30:34,10388811.226876,6.216358000000001e-18,5.236566733830001e-22,7717485,2019-05-31 13:30:34,eth,1569.8708019850988,761866.634299,0.00000002,"ltc,eth",5084024.2511555,4.736034912207001e-12,3.3251980286483705e-11,36
1,[],4,[],2019-06-25 10:05:55,10747826.61931615,0.00000014,0.000000000015920562,7762320,2019-06-25 10:05:55,btc,19773.05513423956,0.0,0.00000014,btc,682946.14349671,0.0006293,0.1362851255028938,37
1,[],12,[],2019-06-25 10:05:57,4167862.54235103,0.00000013,0.000000000014783379,7762321,2019-06-25 10:05:57,btc,7.381091518261743,0.0,0.00000013,btc,1713444.53926904,0.016313049979,0.1478110147956336,37
1,[],27,[],2019-06-25 10:08:02,10970.0,0.00000019,0.000000000021606477,7762322,2019-06-25 10:08:02,btc,22.62970013895233,0.0,0.00000019,btc,4298.824295,0.0,0.00167419,37
1,[],17,[],2019-05-03 01:11:36,211752.74075282,0.00000025,0.000000000013700074999999998,7559074,2019-05-03 01:11:36,btc,0.055484923955058496,0.0,0.00000025,"btc,eth",1387.19918473,0.0,0.0005381851887916605,37
1,[],5,[],2019-06-26 20:17:52,0.0,0,0,7768500,2019-06-26 20:17:52,btc,0.0,0.30645712,0,btc,0.0,0.0,0.0,42
1,[],12,[],2019-06-26 20:17:53,2028602.45198806,0.000001619999999999999947867764839293247547402643249370157718658447265625,0.000000000223524198,7768501,2019-06-26 20:17:53,btc,524.60850440033,0.0,0.000001619999999999999947867764839293247547402643249370157718658447265625,btc,154215.80261897,0.134321445942,0.0688181699998959,42
1,[],27,[],2019-06-26 20:18:02,683.0,0.00000140,0.00000000019316906000000002,7768502,2019-06-26 20:18:02,btc,0.07600425,0.0,0.00000140,"btc,eth",18.0,0.0,0.0005422,42
1,[],12,[],2019-03-13 09:13:29,1112112.0,0.00000001,0.000000000000386531,6919902,2019-03-13 09:13:29,btc,29058.00478931866,0.0,0.00000001,btc,5967681.93306694,9.99000999e-07,0.01112112,43
1,[],5,[],2019-04-26 22:38:52,0.0,0,0,7474154,2019-04-26 22:38:52,btc,0.0,0.02638891,0,btc,0.0,0.0,0.0,43
0,[],17,[],2019-04-26 22:38:53,0.0,0,0,7474155,2019-04-26 22:38:53,btc,0.0,0.0,0,btc,0.0,0.0,0.0,43
1,[],12,[],2019-03-05 01:54:08,639326.02,0.00000004,0.000000000001486676,6845775,2019-03-05 01:54:08,btc,11116042.728239931,0.0,0.00000004,btc,1103841.4595604,0.0003330765234764,0.014975410599999999,44
0.00000000009784889999999999,[],4,[],2019-06-26 20:18:02,108351376.9511354,4.1096538e-17,5.6704140105102e-21,7768503,2019-06-26 20:18:02,ltc,2762.212987630459,0.0,0.00000042,ltc,26096895.09496898,0.0013066,4.6112448893620623e-10,49
0.00000000009784889999999999,[],4,[],2019-06-26 20:18:03,316542043.808046,1.8591291e-17,2.5651872904689e-21,7768504,2019-06-26 20:18:03,ltc,28197.536313914577,0.0,0.00000019,ltc,196189231.28369576,0.0,1.7813729103318737e-09,52
0,[],22,[],2019-06-26 20:18:06,0.0,0,0,7768505,2019-06-26 20:18:06,,10289.80784133,0.0,0,,287058287.4566013,0.0,0.0,57
0,[],27,[],2019-06-26 20:18:14,0.0,0,0,7768506,2019-06-26 20:18:14,,0.0,0.0,0,"btc,eth",0.0,0.0,0.0,57
1,[],17,[],2019-05-03 01:12:09,1200000.0,0.0000000001,0.00000000000000548003,7559085,2019-05-03 01:12:09,btc,1e+24,0.0,0.0000000001,"btc,eth",39516342.31952568,0.0,0.00010000000058666061,58
0,[],4,[],2019-06-26 20:18:15,0.0,0,0,7768507,2019-06-26 20:18:15,,19.719361259856775,0.0,0,,6040987733.402391,0.0,0.0,58
0,[],12,[],2019-06-26 20:18:16,0.0,0,0,7768508,2019-06-26 20:18:16,btc,53646106.63585134,0.0,0,btc,3794791195.8211355,0.005535379617,0.0,58
0.00000000007905179999999999,[],22,[],2019-06-26 20:20:20,126877.0,7.905179999999999e-19,1.090740135522e-22,7768509,2019-06-26 20:20:20,XMR,68.17454206,0.0,0.00000001,XMR,9626402.6,0.0,0.00126877,58
1,[],5,[],2019-06-17 14:31:27,0.0,0,0,7740135,2019-06-17 14:31:27,btc,0.0,0.00079154,0,btc,0.0,0.0,0.0,61
1,[],22,[],2019-06-17 14:31:30,13612.833333333334,0.00000012,0.00000000001114968,7740136,2019-06-17 14:31:30,BTC,1002.29123003,0.0,0.00000012,BTC,15014.200177125656,0.0,0.00153257,61
1,[],26,[],2019-06-17 14:31:30,0.0,0.00000050,0.000000000046457,7740137,2019-06-17 14:31:30,btc,0.0,0.0,0.00000050,btc,0.0,0.0,0.0,61
1,[],27,[],2019-06-17 14:31:36,8400.0,0.00000018,0.00000000001672452,7740138,2019-06-17 14:31:36,btc,1.9742539297246655,0.0,0.00000018,"btc,eth",10953.51663696,0.0,0.001512,61
0,[],28,[],2019-06-17 14:31:38,0.0,0,0,7740139,2019-06-17 14:31:38,,0.0,0.0,0,,0.0,0.0,0.0,61
1,[],4,[],2019-06-26 20:20:21,374454.09083513,0.00000066,0.000000000091065414,7768510,2019-06-26 20:20:21,btc,3.4646127918707825,0.0,0.00000066,btc,1265720.60667206,0.07299107,0.1889754403825358,67
0.0,[],25,[],2019-06-26 20:20:23,0.0,0,0,7768511,2019-06-26 20:20:23,,0.0,0.0,0.0,btc,0.0,0.0,0.0,67
1,[],12,[],2019-06-02 06:23:14,910048.355,0.00000006,0.000000000005154929999999999,7725270,2019-06-02 06:23:14,btc,5.167005424215783,0.0,0.00000006,btc,738530.60239759,0.003159757462,0.0187188113,71
,[],5,[],2018-11-20 23:02:39,1.5e-07,0.00000005,0.000000000002128045,4862160,2018-11-20 23:02:39,btc,2.84511358,0.0,,btc,0.00036572,0.0,0.07381892,74
1,[],5,[],2019-06-26 20:20:24,0.0,0,0,7768512,2019-06-26 20:20:24,btc,0.0,0.01509236,0,btc,0.0,0.0,0.0,75
1,[],4,[],2019-06-04 03:25:15,715281.46076168,0.00000001,0.000000000000803619,7734085,2019-06-04 03:25:15,btc,581089.6218469425,0.0,0.00000001,btc,37692563.61091116,0.0,0.0071528146076168,81
0,[],20,[],2019-01-25 09:30:31,0.0,0,0,6495923,2019-01-25 09:30:31,btc,0.0,0.0,0,btc,0.0,0.0,0.0,81
1,[],4,[],2019-06-26 20:20:24,215752.44124571,0.00008300,0.0000000114521657,7768513,2019-06-26 20:20:24,btc,57.81183407391596,0.0,0.00008300,btc,118030.15397826,0.13793976,0.2503344316188975,82
1,[],21,[],2019-06-26 20:20:25,303036.48247612,0.00006676999999999999938198741445,0.000000009212784383000001,7768514,2019-06-26 20:20:25,btc,5.923431084498225,52781.12502592,0.000066769999999999999381987414448502704544807784259319305419921875,btc,66593.47185397,4.16441373,2.147838710620349,82
0,[],17,[],2019-03-25 22:42:34,0.0,0,0,7038780,2019-03-25 22:42:34,btc,0.0445064681804024,0.0,0,btc,995513.18476001,0.0,0.0,84
0.0000000001161485,[],4,[],2019-05-20 13:09:39,216715621.0206096,1.161485e-18,9.0533806701e-23,7657228,2019-05-20 13:09:39,ltc,1.6511566870244727,0.0,0.00000001,ltc,471032407.9048656,0.0,2.5171194308112273e-10,85
,[],22,[],2018-11-20 23:09:34,3408.1,0.0000001,0.0000000000041895,4862324,2018-11-20 23:09:34,BTC,0.04624735,0.0,,BTC,4990.0,0.0,0.00033081,86
1,[],22,[],2019-06-26 09:07:19,62694.0,0.00000005,0.0000000000063518149999999994,7766682,2019-06-26 09:07:19,BTC,1.85249053,0.0,0.00000005,BTC,287024.94736842107,0.0003,0.00062846,87
1,[],27,[],2019-06-26 09:07:25,361781.0,0.0000002,0.000000000025407259999999998,7766683,2019-06-26 09:07:25,btc,19.86923154858,99950.0,0.0000002,btc,548343.482,0.01999,0.01237888,87
,[],2,[],2018-11-20 23:10:47,0.0,0,0,4862359,2018-11-20 23:10:47,,0.0,0.0,,,0.0,0.0,0.0,88
1,[],11,[],2019-06-17 14:31:59,193715.3529613,0.000073310000000000001140094962881477158589405007660388946533203125,0.00000000681152534,7740147,2019-06-17 14:31:59,btc,168.35454702024953,5791.70569014,0.000073310000000000001140094962881477158589405007660388946533203125,btc,196971.41170107,0.0,1.1996165759440112,89
0,[],2,[],2019-01-20 23:31:45,0.0,0,0,6477083,2019-01-20 23:31:45,,0.0,0.0,0,,0.0,0.0,0.0,91
1,[],12,[],2019-06-18 02:35:48,427715.74,0.00000015,0.000000000013911045000000001,7746087,2019-06-18 02:35:48,btc,116.61022144471085,0.0,0.00000015,btc,193315.55943968,0.000180759303,0.0129558314,91
1,[],22,[],2019-06-20 20:27:07,75910.0,0.00000002,0.000000000001914908,7746207,2019-06-20 20:27:07,BTC,0.49565371,0.0,0.00000002,"BTC,LTC",6.384990670617935,0.0,0.0016592,91
0,[],17,[],2019-05-03 01:12:26,0.0,0,0,7559096,2019-05-03 01:12:26,btc,0.0,0.0,0,btc,0.0,0.0,0.0,91
1,[],22,[],2019-06-26 20:20:29,105655.66666666667,0.00000003,0.000000000004139337000000001,7768515,2019-06-26 20:20:29,BTC,11.48182956,0.0,0.00000003,"BTC,LTC",315261.4683191416,0.0,0.06677967,95
0,[],17,[],2019-05-03 01:12:32,0.0,0,0,7559100,2019-05-03 01:12:32,btc,0.0,0.0,0,btc,0.0,0.0,0.0,96
0.00000000009784889999999999,[],4,[],2019-06-26 20:20:30,538007830.120943,2.4462224999999998e-17,3.3752464348275e-21,7768516,2019-06-26 20:20:30,ltc,10.918623406961418,0.0,0.00000025,ltc,152641547.26358712,0.0,6.562364916813776e-10,96
0,[],12,[],2019-06-26 20:20:31,0.0,0,0,7768517,2019-06-26 20:20:31,btc,36.38288093448551,0.0,0,btc,9955245.448551439,7.5644356e-05,0.0,96
1,[],4,[],2019-04-14 03:32:46,1039404.33283278,0.00000038,0.000000000019245518,7293458,2019-04-14 03:32:46,btc,4.170086055365747,0.0,0.00000038,btc,3097704.34561074,0.06260606,0.1859928211030784,99
0,[],2,[],2019-01-20 23:23:55,0.0,0,0,6476914,2019-01-20 23:23:55,,0.0,0.0,0,,0.0,0.0,0.0,100
1,[],4,[],2019-06-26 20:22:32,273589.67857189,0.00001000,0.000000001379779,7768518,2019-06-26 20:22:32,btc,7.605494963140101,0.0,0.00001000,btc,168531.46560711,0.19172011,0.2404926438017076,100
1,[],22,[],2019-06-05 06:30:35,150000.0,0.00000002,0.000000000001558192,7740007,2019-06-05 06:30:35,BTC,28.56386409,0.0,0.00000002,BTC,12787.719,0.0,0.0017,101
1,[],4,[],2019-06-26 20:22:33,531810.45227536,0.00000147,0.00000000020282751300000002,7768519,2019-06-26 20:22:33,btc,882.8712605186349,0.0,0.00000147,btc,748281.10895682,0.02635818,0.0757474929265024,103
1,[],12,[],2019-06-17 14:32:14,179201505.10870332,0.000000005,0.00000000000046457,7740154,2019-06-17 14:32:14,btc,113577.79366343976,0.0,0.000000005,btc,79148141.67831126,0.019059029059,0.27280986350611003,105
1,[],27,[],2019-06-17 14:32:19,18306828.03496503,0.00000002,0.00000000000185828,7740155,2019-06-17 14:32:19,btc,180.7198218385489,1083.96503497,0.00000002,btc,276513.60142659,7.588e-05,0.3661365606993006,105
1,[],22,[],2019-04-21 00:17:26,21333.0,0.00000001,0.000000000000532493,7385819,2019-04-21 00:17:26,BTC,51.38182867,0.0,0.00000001,BTC,470435.0,0.0,0.00021333,107
1,[],26,[],2019-04-21 00:17:26,0.0,0.00000000,0,7385820,2019-04-21 00:17:26,btc,0.0,0.0,0.00000000,btc,0.0,0.0,0.0,107
1,[],5,[],2019-06-26 20:22:37,0.0,0,0,7768520,2019-06-26 20:22:37,btc,0.0,0.015,0,btc,0.0,0.0,0.0,112
0,[],22,[],2019-06-26 20:22:40,0.0,0,0,7768521,2019-06-26 20:22:40,,6.79500102,0.0,0,,3375892.0833333335,0.0,0.0,112
1,[],27,[],2019-06-26 20:22:47,1.0,0.00000001,0.000000000001379779,7768522,2019-06-26 20:22:47,btc,0.0,0.0,0.00000001,"btc,eth",0.0,0.0,1e-08,112
1,[],4,[],2019-06-26 20:22:48,933073.17772393,0.00000050,0.00000000006898895,7768523,2019-06-26 20:22:48,btc,6.591776526126786,0.0,0.00000050,btc,998519.66491607,0.13807592,0.1056662142332511,113
1,[],5,[],2019-06-26 20:22:49,0.0,0,0,7768524,2019-06-26 20:22:49,btc,0.0,0.0,0,btc,0.0,0.0,0.0,113
1,[],17,[],2019-04-26 02:17:47,162738.278,0.00000004,0.0000000000021069000000000002,7461287,2019-04-26 02:17:47,btc,1.3331140273775473,0.0,0.00000004,btc,51796.221,0.0,0.00230953112,116
1,[],27,[],2019-05-22 05:13:01,210000.0,0.00000001,0.00000000000079145,7666372,2019-05-22 05:13:01,btc,3919.0005001478,0.0,0.00000001,btc,128660.871,0.0,0.0021,116
1,[],4,[],2019-05-21 22:31:11,138169.03963019,0.00000701,0.000000000558364025,7664793,2019-05-21 22:31:11,btc,150.95388250938234,0.0,0.00000701,btc,344631.17141974,0.07552974,0.4288357684941946,120
1,[],7,[],2019-05-21 22:31:12,3901.07750076,0.000010679999999999999389654892212320191902108490467071533203125,0.0000000008506887,7664794,2019-05-21 22:31:12,btc,231188.94669936574,0.0,0.000010679999999999999389654892212320191902108490467071533203125,btc,4133.83151364,0.0,0.0113888422364489,120
1,[],20,[],2019-04-07 18:42:29,1914137.0852,0.000000035,0.0000000000017871910000000002,7211992,2019-04-07 18:42:29,btc,32.2497668025648,25528.85,0.000000035,btc,1001975.4986,0.00089350975,0.0152723574729,125
1,[],22,[],2019-06-17 14:32:38,10000.0,0.00000001,0.00000000000092914,7740161,2019-06-17 14:32:38,BTC,0.032061,0.0,0.00000001,BTC,299316.7611111111,0.0,0.0001,126
0,[],2,[],2019-01-20 23:25:46,0.0,0,0,6476969,2019-01-20 23:25:46,,0.0,0.0,0,,0.0,0.0,0.0,131
1,[],17,[],2019-05-03 01:13:10,10000.0,0.00000001,0.000000000000548003,7559115,2019-05-03 01:13:10,btc,0.0953976503951408,0.0,0.00000001,btc,5037.62507334,0.0,0.0001,131
1,[],4,[],2019-06-26 20:22:50,1181763.01537428,0.00000316,0.00000000043601016400000004,7768525,2019-06-26 20:22:50,btc,2.406589225421056,0.0,0.00000316,btc,177386.50634657,0.10509912,0.643944480111633,131
1,[],4,[],2019-06-17 14:32:42,4848.49465417,0.00007919,0.00000000735785966,7740163,2019-06-17 14:32:42,btc,0.9905723729472744,0.0,0.00007919,btc,202.13055914,0.0,0.0061509344290166,135
1,[],3,[],2019-06-05 06:33:11,40600.27748212,0.00000001,0.000000000000779096,7740019,2019-06-05 06:33:11,btc,0.2308097808993716,2146378.52189,0.00000001,btc,2477992.76904676,0.0,0.0004060027748212,136
1,[],4,[],2019-06-26 19:21:02,818444.11045474,0.00000159,0.000000000219552447,7768352,2019-06-26 19:21:02,btc,112.63839304756378,0.0,0.00000159,btc,510114.55211693,0.07499461,0.3116114592699412,137
1,[],12,[],2019-06-26 19:21:03,67536.53948686,0.000001610000000000000043611490287143173105732785188592970371246337890625,0.00000000022231411300000002,7768353,2019-06-26 19:21:03,btc,80.2418670800321,0.0,0.000001610000000000000043611490287143173105732785188592970371246337890625,btc,83175.92097078,1.62e-06,0.0162518899999569,137
1,[],4,[],2019-06-26 19:21:04,454449.29778607,0.00000950,0.00000000131179135,7768354,2019-06-26 19:21:04,btc,6.495748315723714,0.0,0.00000950,btc,165328.29733192,0.23594204,0.3168358540906928,142
1,[],5,[],2019-06-26 19:21:05,0.0,0,0,7768355,2019-06-26 19:21:05,btc,0.0,0.02315308,0,btc,0.0,0.0,0.0,142
1,[],20,[],2019-06-26 19:23:07,268550.648,0.000010143,0.0000000014005789119,7768356,2019-06-26 19:23:07,btc,1.6105857606921,71.3191,0.000010143,btc,9994.3792,0.0007465826375,0.0067655976771,142
1,[],22,[],2019-06-26 19:23:10,10820.0,0.00000600,0.0000000008284998,7768357,2019-06-26 19:23:10,BTC,2.99759384,0.0,0.00000600,BTC,835.7198755539798,0.0,0.0053672,142
0.0,[],25,[],2019-06-26 19:23:12,0.0,0,0,7768358,2019-06-26 19:23:12,,0.0,0.0,0.0,btc,0.0,0.0,0.0,142
0,[],28,[],2019-06-26 19:23:13,0.0,0,0,7768359,2019-06-26 19:23:13,,0.0,0.0,0,,0.0,0.0,0.0,142
1,[],17,[],2019-05-03 01:13:16,32967.38636364,0.00000088,0.000000000048224264,7559122,2019-05-03 01:13:16,btc,20.06976206696776,0.0,0.00000088,btc,2746.079105,0.0,0.0105613000000032,142
0,[],22,[],2019-06-26 19:23:16,0.0,0,0,7768360,2019-06-26 19:23:16,,1635.98618676,0.0,0,,788450755.3,0.0,0.0,143
0,[],22,[],2019-02-25 15:42:22,0.0,0,0,6783783,2019-02-25 15:42:22,,4.2131946,0.0,0,,2322156.0,0.0,0.0,146
,[],22,[],2018-11-20 23:01:11,0.0,0,0,4862114,2018-11-20 23:01:11,,2.56807021,0.0,,,61828.4988236,0.0,0.0,147
1,[],12,[],2019-04-21 06:38:04,193091.5971266,0.00000071,0.000000000037635183,7388679,2019-04-21 06:38:04,btc,2.301232411611175,0.0,0.00000071,btc,9957.48302385,0.00023528,0.0313308199999888,148
1,[],4,[],2019-03-19 21:31:25,255810.0415942,0.00000029,0.000000000011615747,6982695,2019-03-19 21:31:25,btc,218.94922712414143,0.0,0.00000029,btc,793529.37642722,0.00117,0.0608347789473395,152
0,[],22,[],2019-03-19 21:31:27,0.0,0,0,6982696,2019-03-19 21:31:27,,0.0,0.0,0,,0.0,0.0,0.0,152
1,[],5,[],2019-04-26 09:36:59,0.0,0,0,7465040,2019-04-26 09:36:59,btc,0.0,0.0,0,btc,0.0,0.0,0.0,153
,[],16,[],2019-01-11 15:38:59,0.0,0,0,6366141,2019-01-11 15:38:59,btc,0.0,0.0,,btc,0.0,0.0,0.0,155
0,[],23,[],2019-01-20 23:24:29,0.0,0,0,6476932,2019-01-20 23:24:29,,0.0,0.0,0,,0.0,0.0,0.0,156
0,[],22,[],2019-06-04 06:02:09,0.0,0,0,7734688,2019-06-04 06:02:09,,7.43375324,0.0,0,,5955762.942592593,0.0,0.0,156
1,[],22,[],2019-06-26 19:23:19,6996.0,0.00000001,0.000000000001380833,7768361,2019-06-26 19:23:19,BTC,1.7543039,0.0,0.00000001,BTC,57.0,0.0,6.996e-05,157
0,[],22,[],2019-05-21 23:40:32,0.0,0,0,7665049,2019-05-21 23:40:32,,50234.60468402,0.0,0,,54786159.03179465,0.0,0.0,158
,[],17,[],2018-11-20 22:56:10,0.0,0,0,4861976,2018-11-20 22:56:10,btc,1.1265625,0.0,,btc,1000.0,0.0,0.0,159
,[],20,[],2018-11-20 22:56:12,0.0,0,0,4861977,2018-11-20 22:56:12,btc,11912.7940471,0.0,,btc,34413894.3617,0.0,0.0,159
1,[],12,[],2019-05-24 02:51:20,9178.522006449999,0.00000191999999999999982841307998027158276954651228152215480804443359375,0.000000000151222656,7676256,2019-05-24 02:51:20,btc,149.80414728631675,0.0,0.00000191999999999999982841307998027158276954651228152215480804443359375,btc,1115.7451448499999,0.01783167678326,0.0120075778999181,168
1,[],17,[],2019-05-03 01:13:36,42852.0,0.00000002,0.000000000001096006,7559132,2019-05-03 01:13:36,btc,0.04279856251542,0.0,0.00000002,btc,274.46171372,0.0,0.00052852,168
1,[],22,[],2019-05-17 03:01:52,10.0,0.00000001,0.000000000000778341,7642059,2019-05-17 03:01:52,BTC,41.95893009,0.0,0.00000001,BTC,1753972.7737547632,0.0,1e-07,169
1,[],22,[],2019-05-30 08:38:18,202834.0,0.00000002,0.0000000000017416160000000001,7711049,2019-05-30 08:38:18,BTC,27.87002826,0.0,0.00000002,BTC,462189.5410507793,0.0,0.00211768,171
1,[],22,[],2019-05-29 08:05:18,349870.0,0.00000002,0.000000000001705894,7705265,2019-05-29 08:05:18,BTC,24.05907723,0.0,0.00000002,"BTC,LTC",1224285.4355616204,0.0,0.0039847,173
1,[],5,[],2019-06-26 19:23:21,0.0,0,0,7768362,2019-06-26 19:23:21,btc,0.0,0.01926912,0,btc,0.0,0.0,0.0,175
1,[],22,[],2019-06-17 14:33:12,90671.0,0.00000001,0.00000000000092914,7740175,2019-06-17 14:33:12,BTC,394.35459412,0.0,0.00000001,BTC,136275.61833431243,0.0,0.00090671,176
1,[],7,[],2019-06-26 19:23:22,0.0,0,0,7768363,2019-06-26 19:23:22,btc,522525.8732386979,0.0,0,btc,27663522.71864717,0.0,0.0,178
0,[],22,[],2019-06-26 19:23:24,0.0,0,0,7768364,2019-06-26 19:23:24,,1.00242428,0.0,0,,57512.0,0.0,0.0,178
0,[],2,[],2019-01-20 23:28:34,0.0,0,0,6477001,2019-01-20 23:28:34,,0.0,0.0,0,,0.0,0.0,0.0,178
1,[],5,[],2019-06-26 19:23:25,0.0,0,0,7768365,2019-06-26 19:23:25,btc,0.0,0.00019051,0,btc,0.0,0.0,0.0,179
0,[],22,[],2019-06-26 19:23:28,0.0,0,0,7768366,2019-06-26 19:23:28,,5.31753917,0.0,0,,14450788.311946675,0.0,0.0,179
0,[],23,[],2019-01-20 23:25:08,0.0,0,0,6476952,2019-01-20 23:25:08,,0.0,0.0,0,,0.0,0.0,0.0,179
1,[],22,[],2019-06-26 19:25:32,699334.6113636363,0.0000004,0.00000000005523332,7768367,2019-06-26 19:25:32,BTC,40.6057021,0.0,0.0000004,"BTC,LTC",159909.76349408494,0.00211791,0.56273732,180
1,[],26,[],2019-06-26 19:25:32,0.0,0.00000010,0.00000000001380833,7768368,2019-06-26 19:25:32,btc,0.0,0.0,0.00000010,btc,0.0,0.0,0.0,180
1,[],17,[],2019-05-03 01:13:56,20504.725000000002,0.0000001,0.00000000000548003,7559141,2019-05-03 01:13:56,btc,5.2010695838400265,0.0,0.0000001,btc,5033.45945,0.0,0.0011504725,180
,[],7,[],2018-11-20 22:58:01,562227.975654,0.00000085,0.000000000036176765,4862015,2018-11-20 22:58:01,btc,21836.6059674,2491.87645172,,btc,749999.041456,0.00211021,0.127565380455,183
,[],5,[],2019-01-10 08:11:41,0.0,0,0,6347036,2019-01-10 08:11:41,btc,82.15055501,0.00261,,btc,1.19002445,0.0,0.0,187
,[],17,[],2018-11-16 20:58:10,4062536.27273,0.00000001,0.000000000000550501,4708775,2018-11-16 20:58:10,btc,3.36492563466,0.195460381006,,"btc,eth",110697919.549,0.0,0.0157628953496,187
1,[],24,[],2019-05-22 21:04:52,0.0,0.000000000014,0.0000000000000010960978,7670219,2019-05-22 21:04:52,btc,0.0,0.0,0.000000000014,btc,0.0,0.0,0.0,187
0,[],22,[],2019-04-25 02:54:07,0.0,0,0,7447896,2019-04-25 02:54:07,,7.54794454,0.0,0,,76361.7243344055,0.0,0.0,191
0,[],22,[],2019-06-17 14:33:34,0.0,0,0,7740182,2019-06-17 14:33:34,,0.0,0.0,0,,0.0,0.0,0.0,197
0,[],23,[],2019-01-20 23:31:41,0.0,0,0,6477079,2019-01-20 23:31:41,,0.0,0.0,0,,0.0,0.0,0.0,199
0,[],22,[],2019-06-26 19:25:35,0.0,0,0,7768369,2019-06-26 19:25:35,,10.58263174,0.0,0,,84280969.0,0.0,0.0,199
1,[],26,[],2019-06-26 19:25:35,0.0,0.00000000,0,7768370,2019-06-26 19:25:35,btc,0.0,0.0,0.00000000,btc,0.0,0.0,0.0,199
0,[],2,[],2019-01-20 23:30:49,0.0,0,0,6477059,2019-01-20 23:30:49,,0.0,0.0,0,,0.0,0.0,0.0,201
1,[],4,[],2019-01-25 15:51:35,2084389.58565343,0.00000936,0.000000000333526752,6499557,2019-01-25 15:51:35,btc,2.0092503037378524,0.0,0.00000936,btc,160195.80207885,0.19272417,1.242687955921835,211
1,[],7,[],2019-06-26 19:25:37,1170054124.6898527,0.00000018,0.000000000024854994,7768371,2019-06-26 19:25:37,btc,1346838.6258339162,0.0,0.00000018,btc,5739479.26464841,0.0,11.954344045954047,212
1,[],12,[],2019-01-25 02:44:32,207462.42853209,0.000001080000000000000035831255497387193287295303889550268650054931640625,0.000000000038610756000000006,6493050,2019-01-25 02:44:32,btc,85023.03793723314,0.0,0.000001080000000000000035831255497387193287295303889550268650054931640625,btc,43675.73520027,0.000146250909087,0.0348620860622024,213
1,[],5,[],2019-05-30 00:07:46,0.0,0,0,7709357,2019-05-30 00:07:46,btc,0.0,0.06425239,0,btc,0.0,0.0,0.0,213
1,[],24,[],2019-05-30 00:07:46,0.0,0.000000399202,0.0000000000344859829346,7709358,2019-05-30 00:07:46,btc,0.0,0.0,0.000000399202,btc,0.0,0.0,0.0,213
1,[],26,[],2019-05-30 00:07:47,0.0,0.00000040,0.000000000034554919999999996,7709359,2019-05-30 00:07:47,btc,0.0,0.0,0.00000040,btc,0.0,0.0,0.0,213
0,[],22,[],2019-06-26 19:25:40,0.0,0,0,7768372,2019-06-26 19:25:40,,9.56923849,0.0,0,,3661587.2040649247,0.0,0.0,216
0,[],27,[],2019-06-26 19:25:48,0.0,0,0,7768373,2019-06-26 19:25:48,,1949.5038794861975,915.0,0,"btc,ltc",478785.29534794,9.15e-06,0.0,216
1,[],22,[],2019-06-26 19:25:51,1423273.723076923,0.00000017,0.000000000023474161,7768374,2019-06-26 19:25:51,BTC,12055.86402412,0.0,0.00000017,BTC,549718.8459048452,0.00238396,0.03825929,217
1,[],7,[],2019-06-26 19:25:52,0.0,0,0,7768375,2019-06-26 19:25:52,btc,2123800.2786640613,4000.0,0,btc,82453746.4752352,4e-05,0.0,219
0,[],27,[],2019-06-26 19:25:57,0.0,0,0,7768376,2019-06-26 19:25:57,,250.23456542469674,0.0,0,btc,2160556.935837,0.0,0.0,219
0,[],28,[],2019-06-26 19:25:58,0.0,0,0,7768377,2019-06-26 19:25:58,,0.0,0.0,0,,0.0,0.0,0.0,219
0,[],22,[],2019-06-26 19:26:01,0.0,0,0,7768378,2019-06-26 19:26:01,,56.75439223,0.0,0,,184664.6482738741,0.0,0.0,221
1,[],24,[],2019-06-26 19:26:01,0.0,0.000000030000,0.000000000004142499,7768379,2019-06-26 19:26:01,btc,0.0,0.0,0.000000030000,btc,0.0,0.0,0.0,221
1,[],20,[],2019-06-17 14:34:11,26882155.8301,0.000000003,0.000000000000278742,7740192,2019-06-17 14:34:11,btc,100050.81956632523,233521.3529,0.000000003,btc,38769742.8604,0.0007925640587,0.0306863532672,224
0,[],22,[],2019-06-17 14:34:13,0.0,0,0,7740193,2019-06-17 14:34:13,,0.0,0.0,0,,0.0,0.0,0.0,224
1,[],26,[],2019-06-26 19:26:02,0.0,0.00000022,0.000000000030378326,7768380,2019-06-26 19:26:02,btc,0.0,0.0,0.00000022,btc,0.0,0.0,0.0,231
1,[],26,[],2019-06-26 19:26:02,0.0,0.00000005,0.000000000006904165,7768381,2019-06-26 19:26:02,btc,0.0,0.0,0.00000005,btc,0.0,0.0,0.0,234
0.00000000025668570000000005,[],27,[],2019-06-26 19:26:10,100.0,2.5668570000000004e-18,3.5444008518810004e-22,7768382,2019-06-26 19:26:10,eth,0.0,0.0,0.00000001,"btc,eth",0.0,0.0,2.566857e-16,234
1,[],4,[],2019-05-22 17:06:12,91780.56053785,0.00000078,0.000000000061977552,7669277,2019-05-22 17:06:12,btc,5.573372450018177,0.0,0.00000078,btc,729173.93529783,0.0,0.0307060663355679,236
1,[],24,[],2019-05-22 17:06:12,0.0,0.000000010000,0.000000000000794584,7669278,2019-05-22 17:06:12,btc,0.0,0.0,0.000000010000,btc,0.0,0.0,0.0,236
1,[],5,[],2019-06-26 19:26:12,0.0,0,0,7768383,2019-06-26 19:26:12,btc,0.0,2.10786233,0,btc,0.0,0.0,0.0,237
1,[],20,[],2019-06-26 19:26:13,123768911.1651,0.00000006,0.000000000008284998,7768384,2019-06-26 19:26:13,btc,8172549.314457604,26643214.7514,0.00000006,btc,46854281.2752,1.9947769409294,0.6102197688486,237
1,[],22,[],2019-06-26 19:26:17,2084614.0,0.00000004,0.000000000005523332,7768385,2019-06-26 19:26:17,BTC,1.20112188,0.0,0.00000004,"BTC,LTC",14507.148717948718,0.0,0.02587451,237
1,[],4,[],2019-06-26 19:26:18,30363165.84773345,0.00000006,0.000000000008284998,7768386,2019-06-26 19:26:18,btc,2.3289530201165443,0.0,0.00000006,btc,10804842.67802893,0.13437491,0.4748269785501006,238
1,[],5,[],2019-06-26 19:26:19,0.0,0,0,7768387,2019-06-26 19:26:19,btc,0.0,0.02587397,0,btc,0.0,0.0,0.0,238
0,[],22,[],2019-03-12 16:49:32,0.0,0,0,6914458,2019-03-12 16:49:32,,0.40415746,0.0,0,,526736.5639027493,0.0,0.0,249
0,[],22,[],2019-05-28 23:53:45,0.0,0,0,7703643,2019-05-28 23:53:45,,13.44714864,0.0,0,,43777534.3426455,0.0,0.0,252
0,[],28,[],2019-06-26 19:26:21,0.0,0,0,7768388,2019-06-26 19:26:21,,0.0,0.0,0,,0.0,0.0,0.0,256
1,[],22,[],2019-06-26 19:26:24,539194.0,0.00000001,0.000000000001380833,7768389,2019-06-26 19:26:24,BTC,31464.57209997,0.0,0.00000001,BTC,1031955.2230878276,6.117e-05,0.00539194,258
1,[],22,[],2019-05-19 18:12:02,400.0,0.00000001,0.0000000000007957800000000001,7653905,2019-05-19 18:12:02,BTC,2.415167,0.0,0.00000001,BTC,157.0,0.0,4e-06,259
1,[],5,[],2019-06-26 19:26:25,0.0,0,0,7768390,2019-06-26 19:26:25,btc,0.0,0.02602013,0,btc,0.0,0.0,0.0,264
1,[],20,[],2019-06-26 19:26:27,933617.1631,0.000000141,0.0000000000194697453,7768391,2019-06-26 19:26:27,btc,1.0498334672425,6203.8411,0.000000141,btc,33018.822,0.0037511507996,0.0054874328455,264
0,[],22,[],2019-04-12 17:57:27,0.0,0,0,7278186,2019-04-12 17:57:27,,66.37522201,0.0,0,,677842.4169881374,0.0,0.0,271
0,[],22,[],2019-06-26 19:26:29,0.0,0,0,7768392,2019-06-26 19:26:29,,33050469.74148113,0.0,0,,14261527780.7,0.0,0.0,272
0,[],28,[],2019-06-26 19:26:32,0.0,0,0,7768393,2019-06-26 19:26:32,,0.0,0.0,0,,0.0,0.0,0.0,272
1,[],22,[],2019-05-23 07:12:29,219930.0,0.00000004,0.000000000003048688,7671985,2019-05-23 07:12:29,BTC,426.77835217,0.0,0.00000004,BTC,248664.3325962929,0.0,0.00739728,281
1,[],22,[],2019-06-26 19:26:36,2019102.1,0.00000001,0.000000000001380833,7768394,2019-06-26 19:26:36,BTC,4.68182136,0.0,0.00000001,"BTC,LTC",1100825.3657646375,0.00045275,0.02468671,286
0,[],22,[],2019-06-17 14:34:53,0.0,0,0,7740207,2019-06-17 14:34:53,,7337915.80475575,0.0,0,,2078527309.6797826,0.0,0.0,294
