pairValue,buyBook,exchangeId,sellBook,updated,buyTotal,satoshiPrice,usdPrice,exchangeLogId,created,bestPair,sellTotalBtc,volume,pairPrice,activePairs,sellTotal,volumeBtc,buyTotalBtc,coinId
1,[],3,[],2019-02-22 03:28:07,30555.02243083575,0.0125839899999999997592947664770690607838332653045654296875,0.000000498096975382,6756287,2019-02-22 03:28:07,btc,60.994734326753004,0.495793572924,0.0125839899999999997592947664770690607838332653045654296875,btc,16.131887178230002,0.0,0.24921713614414576,1
1,[],4,[],2019-02-22 03:28:08,120066.44972771,0.01277782,0.000000505769115676,6756288,2019-02-22 03:28:08,btc,9.174354686134205,0.0,0.01277782,btc,257.53031789,0.85925578,1.271836695605991,1
1,[],5,[],2019-02-22 03:28:09,0.0,0,0,6756289,2019-02-22 03:28:09,btc,0.0,0.30027995,0,btc,0.0,0.0,0.0,1
1,[],10,[],2019-02-22 03:28:12,414442.59892802,0.01160457,0.000000459329768826,6756290,2019-02-22 03:28:12,btc,6524.674519628498,1045.58462612,0.01160457,btc,1200.38255849,0.0,5.521996580807973,1
1,[],12,[],2019-02-22 03:28:14,10450.4470252,0.01265999999999999937883021772222491563297808170318603515625,0.000000501105588,6756291,2019-02-22 03:28:14,btc,0.2849294602201,0.0,0.01265999999999999937883021772222491563297808170318603515625,btc,14.46027391,0.1181719926218,0.5315565614682,1
1,[],20,[],2019-02-22 03:28:19,1152.7302,0.0106,0.00000041956708,6756292,2019-02-22 03:28:19,btc,0.0630660786722,0.0,0.0106,btc,2.9601,0.0,0.1067393885231,1
1,[],21,[],2019-02-22 03:28:20,2690.0716716800002,0.01269190000000000075053296911,0.00000050236824742,6756293,2019-02-22 03:28:20,btc,24.50135429354186,2804.93801784,0.01269190000000000075053296910709832445718348026275634765625,"btc,eth",2364.08610131,34.56648361203818,26.626069395086628,1
1,[],22,[],2019-02-22 03:28:27,0.0163776,0.01300000,0.0000005145634,6756294,2019-02-22 03:28:27,BTC,0.31423927,0.0,0.01300000,BTC,0.11751954901960784,0.0,0.00020972,1
1,[],24,[],2019-02-22 03:28:27,0.0,0.000000000000,0,6756295,2019-02-22 03:28:27,btc,0.0,0.0,0.000000000000,btc,0.0,0.0,0.0,1
0.0,[],25,[],2019-02-22 03:28:28,0.0,0,0,6756296,2019-02-22 03:28:28,btc,16.15119999850776,573.46065374,0.0,btc,1237.73068337,7.3317,0.0,1
1,[],26,[],2019-02-22 03:28:38,0.0,0,0,6756297,2019-02-22 03:28:38,,0.0,0.0,0,,0.0,0.0,0.0,1
1,[],28,[],2019-02-22 03:28:46,993.21,0.01323000,0.000000523667214,6756298,2019-02-22 03:28:46,btc,0.162839806,18689.05,0.01323000,btc,8.9,0.0,0.090071836,1
0,[],2,[],2019-01-20 23:28:45,0.0,0,0,6477011,2019-01-20 23:28:45,,0.0,0.0,0,,0.0,0.0,0.0,1
1,[],5,[],2019-02-22 03:28:47,0.0,0,0,6756299,2019-02-22 03:28:47,btc,0.0,0.00154106,0,btc,0.0,0.0,0.0,2
0,[],22,[],2019-02-22 03:29:11,0.0,0,0,6756300,2019-02-22 03:29:11,,0.0,0.0,0,,0.0,0.0,0.0,2
1,[],5,[],2019-02-22 03:29:13,0.0,0,0,6756301,2019-02-22 03:29:13,btc,0.0,0.29377953,0,btc,0.0,0.0,0.0,3
1,[],12,[],2019-02-22 03:29:14,12369125.718087541,0.000000173,0.0000000000068476514,6756302,2019-02-22 03:29:14,btc,924396.6116265438,0.0,0.000000173,btc,8719224.90397035,0.0926471601255287,0.5305925016450364,3
0,[],28,[],2019-02-22 03:29:20,0.0,0,0,6756303,2019-02-22 03:29:20,,0.0,0.0,0,,0.0,0.0,0.0,3
0,[],2,[],2019-01-20 23:31:32,0.0,0,0,6477077,2019-01-20 23:31:32,,0.0,0.0,0,,0.0,0.0,0.0,4
1,[],4,[],2019-02-22 03:29:21,400439.70738348,0.00000032,0.000000000012666176,6756304,2019-02-22 03:29:21,btc,31.537298912891686,0.0,0.00000032,btc,683574.47034998,0.0,0.0547125982053145,4
1,[],12,[],2019-02-21 15:21:17,1297518.5219999999,0.00000003,0.000000000001178625,6753381,2019-02-21 15:21:17,btc,11013879.586285478,0.0,0.00000003,btc,1205406.24379976,0.001562545568112,0.01981748044,5
0,[],2,[],2019-01-20 23:31:51,0.0,0,0,6477087,2019-01-20 23:31:51,,0.0,0.0,0,,0.0,0.0,0.0,6
1,[],11,[],2019-02-22 03:29:23,1699030.5,0.00000001,0.000000000000395818,6756305,2019-02-22 03:29:23,btc,9432.817435181234,1076145.0,0.00000001,btc,41369686.95347657,0.0,0.016990305,6
1,[],3,[],2019-02-22 03:29:24,1091.956916111364,0.00015101000000000000598847360588905530676129274070262908935546875,0.000000005977247618,6756306,2019-02-22 03:29:24,btc,27.605796873748474,0.0,0.00015101000000000000598847360588905530676129274070262908935546875,btc,249.144760639695,0.0,0.03419747781770456,7
1,[],4,[],2019-02-22 03:29:26,357386.78878808,0.00023113,0.000000009148541434,6756307,2019-02-22 03:29:26,btc,13.031337651696626,0.0,0.00023113,btc,43488.93268129,6.02318801,6.402741690745122,7
1,[],5,[],2019-02-22 03:29:27,0.0,0,0,6756308,2019-02-22 03:29:27,btc,0.0,0.65778256,0,btc,0.0,0.0,0.0,7
1,[],20,[],2019-02-20 02:16:17,39399275.8418,0.000000001,0.0000000000000390183,6728586,2019-02-20 02:16:17,btc,116.9737569154545,525.0,0.000000001,btc,56932965.8895,5.25e-07,0.0393992758418,8
0,[],2,[],2019-01-20 23:22:42,0.0,0,0,6476876,2019-01-20 23:22:42,,0.0,0.0,0,,0.0,0.0,0.0,9
0,[],23,[],2019-01-20 23:22:48,0.0,0,0,6476878,2019-01-20 23:22:48,,0.0,0.0,0,,0.0,0.0,0.0,9
1,[],1,[],2019-02-17 23:31:42,1822507.21,0.00000181000000000000003456111265232042484285557293333113193511962890625,0.000000000066086901,6701244,2019-02-17 23:31:42,btc,3.6990969245,17153386.5,0.00000181000000000000003456111265232042484285557293333113193511962890625,btc,1997391.71,31.11772986,3.2610482446,9
1,[],4,[],2019-02-22 03:29:29,2038344.58950693,0.00000181,0.00000000007164305799999999,6756309,2019-02-22 03:29:29,btc,3.6926791674186696,0.0,0.00000181,btc,1829807.37054762,2.60926141,0.7693607414405167,9
1,[],28,[],2019-02-22 03:29:36,44667.0,0.00000175,0.00000000006926815,6756310,2019-02-22 03:29:36,btc,2708.762412957195,3558105.92,0.00000175,btc,12356.2201,0.0,0.04554025,9
1,[],4,[],2019-02-17 11:22:43,4341674.27126056,0.00000002,0.0000000000007272960000000001,6696112,2019-02-17 11:22:43,btc,0.1997230937751353,0.0,0.00000002,btc,4109766.79808031,0.00215132,0.0479381022052112,10
0,[],2,[],2019-01-20 23:23:08,0.0,0,0,6476890,2019-01-20 23:23:08,,0.0,0.0,0,,0.0,0.0,0.0,12
1,[],4,[],2019-02-22 03:29:38,3295732.28085215,0.00000149,0.000000000058976882,6756311,2019-02-22 03:29:38,btc,15.80561838988601,0.0,0.00000149,btc,6884804.50074377,2.01421662,3.5151085628961414,12
1,[],5,[],2019-02-22 03:29:39,0.0,0,0,6756312,2019-02-22 03:29:39,btc,0.0,0.52988878,0,btc,0.0,0.0,0.0,12
0.0,[],25,[],2019-02-22 03:29:40,0.0,0,0,6756313,2019-02-22 03:29:40,,0.0,0.0,0.0,btc,0.0,0.0,0.0,12
1,[],4,[],2019-02-22 03:29:41,1309734.90127618,0.00000588,0.000000000232740984,6756314,2019-02-22 03:29:41,btc,3.4844753840368665,0.0,0.00000588,btc,470381.67416308,0.45425556,1.3353888774720302,13
1,[],10,[],2019-02-22 03:29:45,487202.7685931,0.00000582,0.000000000230366076,6756315,2019-02-22 03:29:45,btc,666802.4683275444,6199.77017625,0.00000582,btc,723379.59134448,0.0,0.3237583804054335,13
1,[],21,[],2019-02-22 03:29:46,504991.02643846,0.000006070000000000000328832013702,0.000000000240261526,6756316,2019-02-22 03:29:46,btc,7.145162162508864,501341.63924981,0.0000060700000000000003288320137018185818078563897870481014251708984375,btc,1106486.79915614,2.98607221,2.7609548415907876,13
1,[],4,[],2019-02-22 03:29:47,984978.94554281,0.00000139,0.000000000055018702,6756317,2019-02-22 03:29:47,btc,21.430322992349378,0.0,0.00000139,btc,867206.30109127,0.10831589,0.4073835371226196,14
1,[],12,[],2019-02-22 03:29:48,111218.19607843,0.000001300000000000000047051663780439678674838432925753295421600341796875,0.00000000005145634,6756318,2019-02-22 03:29:48,btc,5.309829492932805,0.0,0.000001300000000000000047051663780439678674838432925753295421600341796875,btc,32714.78078516,0.0011178089006826,0.0179822799999986,14
0,[],17,[],2019-02-22 03:29:50,0.0,0,0,6756319,2019-02-22 03:29:50,btc,0.0,0.0,0,btc,0.0,0.0,0.0,14
1,[],26,[],2019-02-22 03:29:50,0.0,0.00000050,0.0000000000197909,6756320,2019-02-22 03:29:50,btc,0.0,0.0,0.00000050,btc,0.0,0.0,0.0,14
,[],12,[],2018-12-01 15:15:48,204241.84496,0.00000489,0.000000000202473384,5260204,2018-12-01 15:15:48,btc,49.5475654835,0.0,,btc,35763.2193806,0.0163153972027625,0.0203389899998,15
0,[],4,[],2019-02-22 03:29:52,0.0,0,0,6756321,2019-02-22 03:29:52,,0.0,0.0,0,,0.0,0.0,0.0,15
0,[],17,[],2019-02-22 02:31:21,0.0,0,0,6756120,2019-02-22 02:31:21,btc,0.0,0.0,0,btc,0.0,0.0,0.0,18
0,[],2,[],2019-01-20 23:23:38,0.0,0,0,6476906,2019-01-20 23:23:38,,0.0,0.0,0,,0.0,0.0,0.0,18
1,[],4,[],2019-02-22 03:29:54,26714.58629052,0.00001807,0.000000000715243126,6756322,2019-02-22 03:29:54,btc,1.2478981667615592,0.0,0.00001807,btc,8971.46469854,0.02407083,0.0964293580401453,18
1,[],10,[],2019-02-22 03:29:56,779757.33688066,0.00001774,0.000000000702181132,6756323,2019-02-22 03:29:56,btc,15.542601588775705,19659.020726,0.00001774,btc,10849.37807742,0.0,0.1316546905676832,18
1,[],12,[],2019-02-22 03:29:57,199490.19134649998,0.00001800000000000000045601543374740316494353464804589748382568359375,0.0000000007124724,6756324,2019-02-22 03:29:57,btc,21.979794228383298,0.0,0.00001800000000000000045601543374740316494353464804589748382568359375,btc,1744.43913463,2.46198218381e-05,0.036269713844702095,18
0,[],2,[],2019-01-20 23:24:19,0.0,0,0,6476924,2019-01-20 23:24:19,,0.0,0.0,0,,0.0,0.0,0.0,19
1,[],3,[],2019-02-22 03:30:10,120776.55875134739,0.00002220000000000000090123221385685070572435506619513034820556640625,0.00000000087871596,6756325,2019-02-22 03:30:10,btc,0.562685580307966,0.21768707483,0.00002220000000000000090123221385685070572435506619513034820556640625,btc,9524.56963067002,0.0,0.07966721993169824,19
1,[],4,[],2019-02-22 03:30:10,298566.3261788,0.00002175,0.00000000086090415,6756326,2019-02-22 03:30:10,btc,2.479376358059535,0.0,0.00002175,btc,72229.57666743,1.38392612,2.7499707501998505,19
1,[],5,[],2019-02-22 03:30:12,0.0,0,0,6756327,2019-02-22 03:30:12,btc,0.0,0.0,0,btc,0.0,0.0,0.0,19
1,[],12,[],2019-02-22 03:30:13,128816.0,0.0000224199999999999987948702540041523434410919435322284698486328125,0.0000000008874239559999999,6756328,2019-02-22 03:30:13,btc,1.2822215785220323,0.0,0.0000224199999999999987948702540041523434410919435322284698486328125,btc,365.1508782,0.00062844,0.03021488,19
0,[],27,[],2019-02-22 03:30:15,0.0,0,0,6756329,2019-02-22 03:30:15,,0.0,0.0,0,btc,0.0,0.0,0.0,19
1,[],4,[],2019-02-22 03:30:17,8070160.95424551,0.00000013,0.000000000005145634,6756330,2019-02-22 03:30:17,btc,7.376065179582633,0.0,0.00000013,btc,2843149.4360639,0.0,0.2584025451781454,20
0,[],17,[],2019-02-22 02:06:11,0.0,0,0,6756003,2019-02-22 02:06:11,btc,0.0,0.0,0,btc,0.0,0.0,0.0,21
1,[],4,[],2019-02-22 03:30:18,109302084.86437024,0.00000002,0.000000000000791636,6756331,2019-02-22 03:30:18,btc,360.01099823782266,0.0,0.00000002,btc,55684427.81417261,0.0,1.2238821411680452,21
1,[],12,[],2019-02-22 03:30:19,18647376.0,0.00000002,0.000000000000791636,6756332,2019-02-22 03:30:19,btc,670.3900728834847,0.0,0.00000002,btc,8549207.32857329,0.0015968580219782,0.24518776,21
1,[],12,[],2019-02-22 03:30:31,3054571827.531895,0.0000000001,0.00000000000000395818,6756333,2019-02-22 03:30:31,btc,880865842988.1663,0.0,0.0000000001,btc,4909200135.579865,0.00216518156233805,0.3054571827531895,23
0,[],27,[],2019-02-22 03:30:33,0.0,0,0,6756334,2019-02-22 03:30:33,,1.3429826565934113,0.0,0,eth,1964879.85514486,0.0,0.0,23
1,[],4,[],2019-02-22 03:30:35,281669.77442223,0.00000060,0.00000000002374908,6756335,2019-02-22 03:30:35,btc,8.44416694952145,0.0,0.00000060,btc,1471186.95122282,0.0071125,0.1381979570821121,24
1,[],22,[],2019-02-22 03:31:12,11.76,0.00000100,0.0000000000395818,6756336,2019-02-22 03:31:12,BTC,7.415e-05,0.0,0.00000100,BTC,23.919354838709676,0.0,1.176e-05,24
0.0,[],25,[],2019-02-22 03:31:13,0.0,0,0,6756337,2019-02-22 03:31:13,,0.0,0.0,0.0,btc,0.0,0.0,0.0,24
0,[],2,[],2019-01-20 23:25:56,0.0,0,0,6476976,2019-01-20 23:25:56,,0.0,0.0,0,,0.0,0.0,0.0,26
1,[],4,[],2019-02-22 03:31:15,26866572.21949948,0.00000603,0.000000000238678254,6756338,2019-02-22 03:31:15,btc,119.12532751987438,0.0,0.00000603,btc,218215.41088563,0.09165173,0.4825244154850209,26
1,[],10,[],2019-02-22 03:31:17,691117.28078475,0.00000552,0.000000000218491536,6756339,2019-02-22 03:31:17,btc,25.929892448321056,6433.04120919,0.00000552,btc,14702.98277874,0.0,0.2178898390092254,26
1,[],3,[],2019-02-22 03:31:18,7034251.70213569,0.00000001,0.000000000000395818,6756340,2019-02-22 03:31:18,btc,2.82825642819826,217.5,0.00000001,btc,18068492.95734499,0.0,0.0703425170213569,27
1,[],5,[],2019-02-22 03:31:19,0.0,0,0,6756341,2019-02-22 03:31:19,btc,0.0,0.0,0,btc,0.0,0.0,0.0,27
1,[],11,[],2019-02-22 03:31:20,9803584.35433359,0.00000005,0.00000000000197909,6756342,2019-02-22 03:31:20,btc,67506.54015390559,8080.0,0.00000005,btc,8318063.39032784,0.0,0.458287845339645,27
1,[],4,[],2019-02-22 03:31:21,1634834989.547199,0.00000002,0.000000000000791636,6756343,2019-02-22 03:31:21,btc,7.85832646653957,0.0,0.00000002,"btc,ltc",403997399.8191832,0.64636729,11.476263029107603,29
1,[],7,[],2019-02-22 03:31:23,37614179.02444293,0.00000001,0.000000000000395818,6756344,2019-02-22 03:31:23,btc,44465227.24046146,77564.3060922,0.00000001,btc,58775940.32545258,0.0,0.37614179024442934,29
0,[],17,[],2019-02-22 02:07:07,0.0,0,0,6756015,2019-02-22 02:07:07,btc,0.0,0.0,0,btc,0.0,0.0,0.0,30
1,[],4,[],2019-02-22 03:31:25,1433646.90671723,0.00000031,0.000000000012270358,6756345,2019-02-22 03:31:25,btc,2.3035597875614946,0.0,0.00000031,btc,1504618.27267482,0.00191749,0.1070706428612412,30
1,[],4,[],2019-02-22 03:31:27,1132328.49659108,0.00005843,0.000000002312764574,6756346,2019-02-22 03:31:27,btc,5.202366883833511,0.0,0.00005843,btc,60125.52544132,1.85548435,1.4500309468575605,31
1,[],21,[],2019-02-22 03:31:28,55440.4377622,0.00005920000000000000240328590362,0.00000000234324256,6756347,2019-02-22 03:31:28,btc,3.0697290144022973,142152.71802957,0.00005920000000000000240328590361826854859828017652034759521484375,btc,47952.36384024,8.244592,2.8099680943409675,31
0,[],2,[],2019-01-20 23:28:43,0.0,0,0,6477009,2019-01-20 23:28:43,,0.0,0.0,0,,0.0,0.0,0.0,32
1,[],4,[],2019-02-22 03:31:30,367484570.6153465,0.00000004,0.000000000001583272,6756348,2019-02-22 03:31:30,btc,11.481605156085577,0.0,0.00000004,"btc,ltc",195829993.7650358,0.46740417,8.50842429512531,33
1,[],12,[],2019-02-22 03:31:31,15053144.0,0.00000004,0.000000000001583272,6756349,2019-02-22 03:31:31,btc,35620499.84977369,0.0,0.00000004,btc,89175277.01398575,0.0204845097702305,0.49124097,33
1,[],4,[],2019-02-22 03:31:33,127842661.0327251,0.00000001,0.000000000000395818,6756350,2019-02-22 03:31:33,btc,4.709127859598135,0.0,0.00000001,btc,100856006.51246296,0.01395507,1.2784266103272508,34
1,[],5,[],2019-02-22 03:31:34,0.0,0,0,6756351,2019-02-22 03:31:34,btc,0.0,0.52461714,0,btc,0.0,0.0,0.0,34
0.0000000001250347,[],4,[],2019-02-22 03:31:36,1046293970.9310471,2.500694e-18,9.89819697692e-23,6756352,2019-02-22 03:31:36,ltc,2.7209842831983355e-08,0.0,0.00000002,ltc,3203738434.5245266,0.0,2.00844538466085e-09,36
1,[],5,[],2019-02-22 03:31:37,0.0,0,0,6756353,2019-02-22 03:31:37,btc,0.0,0.0,0,btc,0.0,0.0,0.0,36
0,[],27,[],2019-02-22 03:31:40,0.0,0,0,6756354,2019-02-22 03:31:40,,114.1676941557863,0.0,0,"ltc,eth",4107666.4875004,0.0,0.0,36
0,[],17,[],2019-02-22 02:32:16,0.0,0,0,6756150,2019-02-22 02:32:16,btc,0.07464582844446674,0.0,0,btc,4105386.20243647,0.0,0.0,36
1,[],4,[],2019-02-22 03:31:41,274505.91633679,0.00000071,0.000000000028103077999999998,6756355,2019-02-22 03:31:41,btc,19772.48359816142,0.0,0.00000071,btc,566708.78431417,0.00318013,0.1271971055803013,37
1,[],12,[],2019-02-22 03:31:42,504033.70029094,0.00000073,0.000000000028894714,6756356,2019-02-22 03:31:42,btc,1365.087064156417,0.0,0.00000073,btc,869142.98214571,0.1928340255622569,0.1421407643752007,37
1,[],17,[],2019-02-22 03:31:44,1752.74075282,0.00000025,0.00000000000989545,6756357,2019-02-22 03:31:44,btc,0.055484923777095005,0.0,0.00000025,btc,1319.19918473,0.0,0.00043818518820499993,37
1,[],27,[],2019-02-22 03:31:46,14685.567,0.00000045,0.00000000001781181,6756358,2019-02-22 03:31:46,btc,25.83024737411233,66.433,0.00000045,btc,6763.38138508,2.989e-05,0.00480032515,37
1,[],5,[],2019-02-22 03:31:47,0.0,0,0,6756359,2019-02-22 03:31:47,btc,0.0,0.08947902,0,btc,0.0,0.0,0.0,42
1,[],12,[],2019-02-22 03:31:48,132787.27125617,0.00000086,0.000000000034040348,6756360,2019-02-22 03:31:48,btc,94.68320540282552,0.0,0.00000086,btc,102599.21495161,0.0071907896336393,0.04031108,42
0,[],27,[],2019-02-22 03:31:50,0.0,0,0,6756361,2019-02-22 03:31:50,,0.00315028,0.0,0,"btc,eth",11.007,0.0,0.0,42
1,[],5,[],2019-02-22 03:31:51,0.0,0,0,6756362,2019-02-22 03:31:51,btc,0.0,0.0001592,0,btc,0.0,0.0,0.0,43
1,[],12,[],2019-02-22 03:31:54,3709302.0,0.00000002,0.000000000000791636,6756363,2019-02-22 03:31:54,btc,20007435.27450556,0.0,0.00000002,btc,38974190.26313686,2.0085914085e-06,0.03759302,43
0,[],17,[],2019-02-22 03:31:57,0.0,0,0,6756364,2019-02-22 03:31:57,btc,0.0,0.0,0,btc,0.0,0.0,0.0,43
1,[],12,[],2019-02-22 03:31:58,694430.0,0.00000005,0.00000000000197909,6756365,2019-02-22 03:31:58,btc,11115177.726584056,0.0,0.00000005,btc,1077583.39762234,6.9750249752e-06,0.018040379999999998,44
1,[],4,[],2019-02-22 03:31:59,304163016.64405817,0.00000002,0.000000000000791636,6756366,2019-02-22 03:31:59,btc,474.57134500070515,0.0,0.00000002,"btc,ltc",12283111.22500239,0.0,0.21780285782046752,49
0,[],4,[],2019-02-22 03:32:02,0.0,0,0,6756367,2019-02-22 03:32:02,,25.46993631909134,0.0,0,,10615528693.087873,0.0,0.0,52
0.00000000012720610000000002,[],22,[],2019-02-22 03:32:52,80945862.0,1.2720610000000001e-18,5.03504640898e-23,6756368,2019-02-22 03:32:52,XMR,4366.33224183,0.0,0.00000001,XMR,248874057.67882353,9.155171848137e-12,0.80945862,57
0,[],27,[],2019-02-22 03:32:55,0.0,0,0,6756369,2019-02-22 03:32:55,,0.0,0.0,0,"btc,eth",0.0,0.0,0.0,57
0.0000000001250347,[],4,[],2019-02-22 03:32:56,760315423.4753206,3.7510409999999995e-18,1.4847295465379998e-22,6756370,2019-02-22 03:32:56,ltc,18.829624743290463,0.0,0.00000003,ltc,3898281412.3083434,0.0,1.6365350842653823e-09,58
1,[],12,[],2019-02-22 03:32:58,1602543294.843957,0.0000000004,0.00000000000001583272,6756371,2019-02-22 03:32:58,btc,224005479441.61774,0.0,0.0000000004,btc,3670372415.218083,0.10783176082597402,0.5161978553011392,58
0.00000000012720610000000002,[],22,[],2019-02-22 03:33:26,137438.0,1.2720610000000001e-18,5.03504640898e-23,6756372,2019-02-22 03:33:26,XMR,69.8835922,0.0,0.00000001,XMR,9887963.0,0.0,0.00137438,58
0,[],17,[],2019-02-22 02:32:57,0.0,0,0,6756169,2019-02-22 02:32:57,btc,1e+24,0.0,0,btc,41481695.95832568,0.0,0.0,58
1,[],5,[],2019-02-22 03:33:27,0.0,0,0,6756373,2019-02-22 03:33:27,btc,0.0,0.12376964,0,btc,0.0,0.0,0.0,61
1,[],22,[],2019-02-22 03:33:49,5149.5,0.00000011,0.000000000004353998,6756374,2019-02-22 03:33:49,BTC,1002.29597012,0.0,0.00000011,BTC,14947.700278135757,0.0,0.00051596,61
1,[],26,[],2019-02-22 03:33:49,0.0,0.00000800,0.0000000003166544,6756375,2019-02-22 03:33:49,btc,0.0,0.0,0.00000800,btc,0.0,0.0,0.0,61
1,[],27,[],2019-02-22 03:33:51,2493.55,0.00000045,0.00000000001781181,6756376,2019-02-22 03:33:51,btc,2.9493343005130614,0.0,0.00000045,"btc,eth",19197.38399471,0.0,0.0002155975036343496,61
1,[],28,[],2019-02-22 03:33:56,13882.304,0.0000005,0.0000000000197909,6756377,2019-02-22 03:33:56,btc,2.056328285685105,763.0,0.0000005,btc,9746.52450005,0.0,0.00566491304,61
1,[],4,[],2019-02-22 03:33:58,1458463.90244093,0.00000275,0.00000000010884995,6756378,2019-02-22 03:33:58,btc,11.23128228260551,0.0,0.00000275,btc,785286.28393912,0.12253169,1.3208425103531973,67
0.0,[],25,[],2019-02-22 03:33:59,0.0,0,0,6756379,2019-02-22 03:33:59,,0.0,0.0,0.0,btc,0.0,0.0,0.0,67
1,[],12,[],2019-02-22 03:34:01,3013744.61582539,0.00000025,0.00000000000989545,6756380,2019-02-22 03:34:01,btc,11115996.103801649,0.0,0.00000025,btc,1989435.89946717,0.0039755827472535,0.1063726364411103,71
,[],5,[],2018-11-20 23:02:39,1.5e-07,0.00000005,0.000000000002128045,4862160,2018-11-20 23:02:39,btc,2.84511358,0.0,,btc,0.00036572,0.0,0.07381892,74
1,[],5,[],2019-02-22 03:34:02,0.0,0,0,6756381,2019-02-22 03:34:02,btc,0.0,0.0,0,btc,0.0,0.0,0.0,75
1,[],4,[],2019-02-22 03:34:03,17197128.37031862,0.00000001,0.000000000000395818,6756382,2019-02-22 03:34:03,btc,11394.388595673243,0.0,0.00000001,btc,34744270.17624532,0.00757814,0.1719712837031862,81
0,[],20,[],2019-01-25 09:30:31,0.0,0,0,6495923,2019-01-25 09:30:31,btc,0.0,0.0,0,btc,0.0,0.0,0.0,81
1,[],4,[],2019-02-22 03:34:05,33580.86014535,0.00007612,0.000000003012966616,6756383,2019-02-22 03:34:05,btc,17.759759661588063,0.0,0.00007612,btc,12595.73755731,0.00441627,0.5313104371266165,82
1,[],21,[],2019-02-22 03:34:05,49551.79683483,0.00007807000000000000299992669595,0.0000000030901511260000002,6756384,2019-02-22 03:34:05,btc,2.829338091883701,3953.57260277,0.000078070000000000002999926695945731580650317482650279998779296875,btc,28053.94937643,0.30704907,2.8053507570691236,82
0,[],17,[],2019-02-21 22:08:50,0.0,0,0,6755035,2019-02-21 22:08:50,btc,0.0447233088476774,0.0,0,btc,999127.19588126,0.0,0.0,84
0.0000000001250347,[],4,[],2019-02-22 03:34:07,177364470.1336371,5.001388e-18,1.979639395384e-22,6756385,2019-02-22 03:34:07,ltc,1.7857317796783063,0.0,0.00000004,ltc,403325003.23880136,0.0001,4.988930944326323e-10,85
,[],22,[],2018-11-20 23:09:34,3408.1,0.0000001,0.0000000000041895,4862324,2018-11-20 23:09:34,BTC,0.04624735,0.0,,BTC,4990.0,0.0,0.00033081,86
0,[],22,[],2019-02-22 03:34:26,0.0,0,0,6756386,2019-02-22 03:34:26,,2.0760781,0.0,0,,140622.94736842104,0.0,0.0,87
0,[],27,[],2019-02-22 03:34:28,0.0,0,0,6756387,2019-02-22 03:34:28,,0.0,0.0,0,btc,0.0,0.0,0.0,87
,[],2,[],2018-11-20 23:10:47,0.0,0,0,4862359,2018-11-20 23:10:47,,0.0,0.0,,,0.0,0.0,0.0,88
1,[],11,[],2019-02-22 03:34:29,90899.27431009,0.0001460599999999999940893113947737447233521379530429840087890625,0.000000005781317708,6756388,2019-02-22 03:34:29,btc,609.1447421915633,10.5000978,0.0001460599999999999940893113947737447233521379530429840087890625,btc,89469.36829785,0.0,5.97531074128358,89
0,[],2,[],2019-01-20 23:31:45,0.0,0,0,6477083,2019-01-20 23:31:45,,0.0,0.0,0,,0.0,0.0,0.0,91
1,[],12,[],2019-02-22 03:34:30,430335.57385378,0.00000154999999999999998279913253351747215447176131419837474822998046875,0.00000000006135179,6756389,2019-02-22 03:34:30,btc,4.298932994499,0.0,0.00000154999999999999998279913253351747215447176131419837474822998046875,btc,53001.7323838,0.0003796517999968,0.0440370144000073,91
0,[],17,[],2019-02-22 03:34:43,0.0,0,0,6756390,2019-02-22 03:34:43,btc,0.0,0.0,0,btc,0.0,0.0,0.0,91
0,[],22,[],2019-02-22 03:35:00,0.0,0,0,6756391,2019-02-22 03:35:00,,3.1e-06,0.0,0,,2.0,0.0,0.0,91
0.0000000001250347,[],22,[],2019-02-22 03:35:49,3506520.0,5.001388e-18,1.979639395384e-22,6756392,2019-02-22 03:35:49,LTC,8.54811591,0.0,0.00000004,LTC,72080461.1,0.0,0.1050108,95
0.0000000001250347,[],4,[],2019-02-22 03:35:50,138979614.5296412,7.6271167e-17,3.0189500779605997e-21,6756393,2019-02-22 03:35:50,ltc,12.43699484820313,0.0,0.00000061,ltc,149569819.23032004,0.0001,1.0653022011735767e-09,96
1,[],12,[],2019-02-22 03:35:51,244006.0,0.00000001,0.000000000000395818,6756394,2019-02-22 03:35:51,btc,255075.89595435586,0.0,0.00000001,btc,8802090.84546427,0.000290729000999,0.00244006,96
0,[],17,[],2019-02-22 03:35:52,0.0,0,0,6756395,2019-02-22 03:35:52,btc,0.0,0.0,0,btc,0.0,0.0,0.0,96
1,[],4,[],2019-02-22 03:35:53,1357826.10246835,0.00000032,0.000000000012666176,6756396,2019-02-22 03:35:53,btc,3.240299469839435,0.0,0.00000032,btc,2459534.39129759,0.04387195,0.1227960237891703,99
1,[],4,[],2019-02-22 03:35:54,209637.97746921,0.00003501,0.000000001385758818,6756397,2019-02-22 03:35:54,btc,7.504433186871998,0.0,0.00003501,btc,113886.11053197,1.30777562,1.1064774935903476,100
0,[],2,[],2019-01-20 23:23:55,0.0,0,0,6476914,2019-01-20 23:23:55,,0.0,0.0,0,,0.0,0.0,0.0,100
1,[],22,[],2019-02-22 03:36:52,50000.0,0.00000001,0.000000000000395818,6756398,2019-02-22 03:36:52,BTC,23.49896609,0.0,0.00000001,BTC,10277.22,0.0,0.0005,101
1,[],4,[],2019-02-22 03:36:53,457759.60897136,0.00000085,0.00000000003364453,6756399,2019-02-22 03:36:53,btc,257.70903309095166,0.0,0.00000085,btc,504643.749243,0.00245306,0.2302658905673833,103
1,[],12,[],2019-02-22 03:36:56,50061382.0,0.000000012,0.0000000000004749816,6756400,2019-02-22 03:36:56,btc,137279450.89572796,0.0,0.000000012,btc,119078364.77596687,0.0411621155094215,0.11401525600000001,105
1,[],27,[],2019-02-22 03:36:58,413310.89,0.00000001,0.000000000000395818,6756401,2019-02-22 03:36:58,btc,0.2139890355560939,9980.0,0.00000001,btc,389775.05581977,0.0001996,0.0041331089,105
1,[],22,[],2019-02-22 03:37:25,9328.0,0.00000001,0.000000000000395818,6756402,2019-02-22 03:37:25,BTC,51.10837004,0.0,0.00000001,BTC,470435.0,0.0,9.328e-05,107
1,[],26,[],2019-02-22 03:37:26,0.0,0.00000000,0,6756403,2019-02-22 03:37:26,btc,0.0,0.0,0.00000000,btc,0.0,0.0,0.0,107
1,[],5,[],2019-02-22 03:37:27,0.0,0,0,6756404,2019-02-22 03:37:27,btc,0.0,0.00142373,0,btc,0.0,0.0,0.0,112
1,[],22,[],2019-02-22 03:37:46,1966.0,0.00000001,0.000000000000395818,6756405,2019-02-22 03:37:46,BTC,2.81183288,0.0,0.00000001,BTC,808524.0833333334,0.0,1.966e-05,112
0,[],27,[],2019-02-22 03:37:49,0.0,0,0,6756406,2019-02-22 03:37:49,,1.35132491849924,0.0,0,"btc,eth",1328.641654,0.0,0.0,112
1,[],4,[],2019-02-22 03:37:51,483833.1528945,0.00000313,0.000000000123891034,6756407,2019-02-22 03:37:51,btc,5.630413195975511,0.0,0.00000313,btc,316112.39758256,0.03061875,0.2969899097850674,113
1,[],5,[],2019-02-22 03:37:52,0.0,0,0,6756408,2019-02-22 03:37:52,btc,0.0,0.00016901,0,btc,0.0,0.0,0.0,113
1,[],17,[],2019-02-22 01:36:24,152738.278,0.00000004,0.000000000001572364,6755872,2019-02-22 01:36:24,btc,1.3368030275265324,0.0,0.00000004,btc,51896.221,0.0,0.0022095311199999998,116
0,[],27,[],2019-02-22 03:38:05,0.0,0,0,6756409,2019-02-22 03:38:05,,0.0,0.0,0,btc,0.0,0.0,0.0,116
1,[],4,[],2019-02-22 03:38:07,71214.46135557,0.00002855,0.00000000113006039,6756410,2019-02-22 03:38:07,btc,26.628231899340616,0.0,0.00002855,btc,55822.29803285,0.63578252,0.9320530745990048,120
1,[],7,[],2019-02-22 03:38:10,210599.50165946,0.0000193000000000000015618582815957182674537762068212032318115234375,0.00000000076392874,6756411,2019-02-22 03:38:10,btc,115652.87417538413,6741.45055791,0.0000193000000000000015618582815957182674537762068212032318115234375,btc,38045.70123619,0.26475611,0.0619451722975075,120
1,[],20,[],2019-02-22 03:38:13,1205470.0397,0.000000012,0.0000000000004749816,6756412,2019-02-22 03:38:13,btc,31.9239877861223,1057.6,0.000000012,btc,1149876.605,1.26912e-05,0.0037161417072,125
1,[],22,[],2019-02-22 03:38:33,3053.0,0.00000001,0.000000000000395818,6756413,2019-02-22 03:38:33,BTC,0.01444887,0.0,0.00000001,BTC,296263.5111111111,0.0,3.053e-05,126
1,[],4,[],2019-02-22 03:38:34,102555.57802963,0.00001526,0.000000000604018268,6756414,2019-02-22 03:38:34,btc,24.250110983630854,0.0,0.00001526,btc,137633.62841864,0.2388147,0.6601539569245972,131
0,[],2,[],2019-01-20 23:25:46,0.0,0,0,6476969,2019-01-20 23:25:46,,0.0,0.0,0,,0.0,0.0,0.0,131
0,[],17,[],2019-02-21 23:39:18,0.0,0,0,6755265,2019-02-21 23:39:18,btc,0.0009561751951600001,0.0,0,btc,35.42829368,0.0,0.0,131
1,[],4,[],2019-02-22 03:38:46,4557.67280624,0.00016721,0.0000000066184727779999995,6756415,2019-02-22 03:38:46,btc,1.6462887882650394,0.0,0.00016721,btc,334.27808618,0.0,0.0091209685943077,135
1,[],3,[],2019-02-22 03:38:47,1494906.66238508,0.00000005,0.00000000000197909,6756416,2019-02-22 03:38:47,btc,0.1358217413247742,28286.31,0.00000005,btc,597822.99008313,0.0,0.0548386662803677,136
1,[],4,[],2019-02-22 03:38:47,319370.38067694,0.00000165,0.00000000006530997,6756417,2019-02-22 03:38:47,btc,38.87098128365988,0.0,0.00000165,btc,634616.57942444,0.09528586,0.1619608800579037,137
1,[],12,[],2019-02-22 03:38:48,288568.28887926,0.000001340000000000000087593235616190145975679115508683025836944580078125,0.000000000053039612,6756418,2019-02-22 03:38:48,btc,11807.70183523633,0.0,0.000001340000000000000087593235616190145975679115508683025836944580078125,btc,158496.38316351,0.0028533286897057,0.0148869999999538,137
1,[],4,[],2019-02-22 03:38:50,206698.73055608,0.00004752,0.000000001880927136,6756419,2019-02-22 03:38:50,btc,28.466837302300554,0.0,0.00004752,btc,42350.54224554,0.13035472,0.3542431732885304,142
1,[],5,[],2019-02-22 03:38:53,0.0,0,0,6756420,2019-02-22 03:38:53,btc,0.0,0.2063782,0,btc,0.0,0.0,0.0,142
1,[],17,[],2019-02-22 03:38:54,22967.386363640002,0.00000088,0.000000000034831984,6756421,2019-02-22 03:38:54,btc,20.069913353030756,0.0,0.00000088,btc,2746.079105,0.0,0.0104613000000032,142
1,[],20,[],2019-02-22 03:38:56,133495.7644,0.0000451,0.00000000178513918,6756422,2019-02-22 03:38:56,btc,0.4934565146914,11.856,0.0000451,btc,3751.6313,0.0006692655,0.2417000720137,142
1,[],22,[],2019-02-22 03:39:46,1670.2794996606253,0.00004651,0.000000001840949518,6756423,2019-02-22 03:39:46,BTC,3.00424677,0.0,0.00004651,BTC,896.9785515239478,0.0,0.00544952,142
0.0,[],25,[],2019-02-22 03:39:47,0.0,0,0,6756424,2019-02-22 03:39:47,,0.0,0.0,0.0,btc,0.0,0.0,0.0,142
1,[],28,[],2019-02-22 03:39:54,76883.0,0.00004500,0.000000001781181,6756425,2019-02-22 03:39:54,btc,0.060714749,564.0,0.00004500,btc,406.4319,0.0,0.0388422,142
0,[],22,[],2019-02-22 03:40:24,0.0,0,0,6756426,2019-02-22 03:40:24,,61.2661956,0.0,0,,747539842.3,0.0,0.0,143
1,[],21,[],2019-02-22 03:40:25,50933585.93816025,0.00000024,0.000000000009499631999999999,6756427,2019-02-22 03:40:25,btc,40.923163144017266,5734775.41684589,0.00000024,btc,85830186.09019707,1.43041691,3.357192210993612,145
0,[],22,[],2019-02-22 01:39:34,0.0,0,0,6755891,2019-02-22 01:39:34,,4.24946284,0.0,0,,1812156.0,0.0,0.0,146
,[],22,[],2018-11-20 23:01:11,0.0,0,0,4862114,2018-11-20 23:01:11,,2.56807021,0.0,,,61828.4988236,0.0,0.0,147
1,[],12,[],2019-02-22 03:40:28,99304.11000625,0.00000251000000000000010876390933722834830632564262486994266510009765625,0.000000000099350318,6756428,2019-02-22 03:40:28,btc,16.28921100327137,0.0,0.00000251000000000000010876390933722834830632564262486994266510009765625,btc,116969.3360165,0.006109418,0.0182653099999905,148
1,[],4,[],2019-02-22 03:40:30,240513.36796929,0.00000028,0.000000000011082904,6756429,2019-02-22 03:40:30,btc,219.93856610390392,0.0,0.00000028,btc,787982.17261454,0.000319,0.0564957890840236,152
0,[],22,[],2019-02-22 03:40:45,0.0,0,0,6756430,2019-02-22 03:40:45,,0.0,0.0,0,,0.0,0.0,0.0,152
1,[],5,[],2019-02-22 03:40:46,0.0,0,0,6756431,2019-02-22 03:40:46,btc,0.0,0.0001,0,btc,0.0,0.0,0.0,153
,[],16,[],2019-01-11 15:38:59,0.0,0,0,6366141,2019-01-11 15:38:59,btc,0.0,0.0,,btc,0.0,0.0,0.0,155
0,[],22,[],2019-02-22 03:40:55,0.0,0,0,6756432,2019-02-22 03:40:55,,6.74608761,0.0,0,,4644402.242592593,0.0,0.0,156
0,[],23,[],2019-01-20 23:24:29,0.0,0,0,6476932,2019-01-20 23:24:29,,0.0,0.0,0,,0.0,0.0,0.0,156
1,[],22,[],2019-02-22 03:43:04,7073.8,0.00005300,0.0000000020978354,6756433,2019-02-22 03:43:04,BTC,1.80343699,0.0,0.00005300,BTC,899.6422341958436,0.0,0.00104336,157
0,[],22,[],2019-02-22 02:43:01,0.0,0,0,6756230,2019-02-22 02:43:01,,50175.68008609,0.0,0,,54479136.04179466,0.0,0.0,158
,[],17,[],2018-11-20 22:56:10,0.0,0,0,4861976,2018-11-20 22:56:10,btc,1.1265625,0.0,,btc,1000.0,0.0,0.0,159
,[],20,[],2018-11-20 22:56:12,0.0,0,0,4861977,2018-11-20 22:56:12,btc,11912.7940471,0.0,,btc,34413894.3617,0.0,0.0,159
1,[],12,[],2019-02-22 02:43:03,183066.57588817,0.0000088999999999999994913790768436001599184237420558929443359375,0.00000000035203326999999996,6756231,2019-02-22 02:43:03,btc,6.65617895092096,0.0,0.0000088999999999999994913790768436001599184237420558929443359375,btc,14354.924700970001,0.002950260030687,0.10093519197726569,168
1,[],17,[],2019-02-22 02:43:15,29784.95,0.000001,0.000000000039554299999999996,6756232,2019-02-22 02:43:15,btc,0.03026736251542,0.0,0.000001,btc,144.46171372,0.0,0.00716147,168
0,[],22,[],2019-02-22 02:43:52,0.0,0,0,6756233,2019-02-22 02:43:52,,1.14695792,0.0,0,,779972.8900917594,0.0,0.0,169
1,[],22,[],2019-02-22 02:44:57,166150.0,0.00000018,0.000000000007119774,6756234,2019-02-22 02:44:57,BTC,13.25716759,0.0,0.00000018,BTC,154828.8139641707,0.000668,0.020438,171
1,[],22,[],2019-02-22 02:46:07,152929.125,0.00000008,0.000000000003164344,6756235,2019-02-22 02:46:07,BTC,2.66650723,0.0,0.00000008,BTC,275598.94731670973,0.00156826,0.0089885,173
1,[],5,[],2019-02-22 02:46:10,0.0,0,0,6756236,2019-02-22 02:46:10,btc,0.0,0.06273533,0,btc,0.0,0.0,0.0,175
1,[],22,[],2019-02-22 02:47:01,45784.0,0.0000003,0.000000000011866289999999999,6756237,2019-02-22 02:47:01,BTC,0.5289391,0.0,0.0000003,BTC,142708.91384013777,0.0,0.0052016,176
1,[],7,[],2019-02-22 02:47:03,0.0,0,0,6756238,2019-02-22 02:47:03,btc,410932.427678026,0.0,0,btc,117633836.32502417,0.0,0.0,178
0,[],22,[],2019-02-22 02:47:33,0.0,0,0,6756239,2019-02-22 02:47:33,,1.00242428,0.0,0,,57512.0,0.0,0.0,178
0,[],2,[],2019-01-20 23:28:34,0.0,0,0,6477001,2019-01-20 23:28:34,,0.0,0.0,0,,0.0,0.0,0.0,178
1,[],5,[],2019-02-22 02:47:34,0.0,0,0,6756240,2019-02-22 02:47:34,btc,0.0,0.12536566,0,btc,0.0,0.0,0.0,179
1,[],22,[],2019-02-22 02:48:17,7050947.0,0.00000002,0.000000000000791086,6756241,2019-02-22 02:48:17,BTC,5.48914188,0.0,0.00000002,"BTC,LTC",17362807.968656633,0.0,0.37595966,179
0,[],23,[],2019-01-20 23:25:08,0.0,0,0,6476952,2019-01-20 23:25:08,,0.0,0.0,0,,0.0,0.0,0.0,179
1,[],17,[],2019-02-22 01:46:33,10504.725,0.0000001,0.00000000000393091,6755910,2019-02-22 01:46:33,btc,5.201069583845955,0.0,0.0000001,btc,5033.45945,0.0,0.0010504725,180
0.0000000001252781,[],22,[],2019-02-22 02:48:59,128605.4,1.252781e-17,4.95528755083e-22,6756242,2019-02-22 02:48:59,LTC,0.19387709,0.0,0.0000001,LTC,57423.30659767064,0.0,0.00130544,180
1,[],26,[],2019-02-22 02:48:59,0.0,0.00000100,0.0000000000395543,6756243,2019-02-22 02:48:59,btc,0.0,100.0,0.00000100,btc,0.0,0.0,0.0,180
,[],7,[],2018-11-20 22:58:01,562227.975654,0.00000085,0.000000000036176765,4862015,2018-11-20 22:58:01,btc,21836.6059674,2491.87645172,,btc,749999.041456,0.00211021,0.127565380455,183
,[],5,[],2019-01-10 08:11:41,0.0,0,0,6347036,2019-01-10 08:11:41,btc,82.15055501,0.00261,,btc,1.19002445,0.0,0.0,187
1,[],24,[],2019-02-22 02:48:59,0.0,0.000000000001,3.95543e-17,6756244,2019-02-22 02:48:59,btc,0.0,0.0,0.000000000001,btc,0.0,0.0,0.0,187
,[],17,[],2018-11-16 20:58:10,4062536.27273,0.00000001,0.000000000000550501,4708775,2018-11-16 20:58:10,btc,3.36492563466,0.195460381006,,"btc,eth",110697919.549,0.0,0.0157628953496,187
0,[],22,[],2019-02-22 02:49:28,0.0,0,0,6756245,2019-02-22 02:49:28,,1.19374396,0.0,0,,16308.869534405507,0.0,0.0,191
0,[],22,[],2019-02-22 02:50:37,0.0,0,0,6756246,2019-02-22 02:50:37,,0.0,0.0,0,,0.0,0.0,0.0,197
0,[],23,[],2019-01-20 23:31:41,0.0,0,0,6477079,2019-01-20 23:31:41,,0.0,0.0,0,,0.0,0.0,0.0,199
0,[],22,[],2019-02-22 02:50:54,0.0,0,0,6756247,2019-02-22 02:50:54,,5.17330081,0.0,0,,21824453.0,0.0,0.0,199
1,[],26,[],2019-02-22 02:50:54,0.0,0.00000000,0,6756248,2019-02-22 02:50:54,btc,0.0,0.0,0.00000000,btc,0.0,0.0,0.0,199
0,[],17,[],2019-01-30 16:32:01,0.0,0,0,6540827,2019-01-30 16:32:01,btc,6.802544163788159,0.0,0,btc,105897.55575295,0.0,0.0,200
0,[],2,[],2019-01-20 23:30:49,0.0,0,0,6477059,2019-01-20 23:30:49,,0.0,0.0,0,,0.0,0.0,0.0,201
1,[],4,[],2019-01-25 15:51:35,2084389.58565343,0.00000936,0.000000000333526752,6499557,2019-01-25 15:51:35,btc,2.0092503037378524,0.0,0.00000936,btc,160195.80207885,0.19272417,1.242687955921835,211
1,[],7,[],2019-02-22 02:51:00,4142147.99089044,0.00000137000000000000001212029608621545406776931486092507839202880859375,0.000000000054189391,6756249,2019-02-22 02:51:00,btc,15475878.154221559,208126.65879,0.00000137000000000000001212029608621545406776931486092507839202880859375,btc,14328086.57065276,0.28377242,3.075256583749393,212
1,[],12,[],2019-01-25 02:44:32,207462.42853209,0.000001080000000000000035831255497387193287295303889550268650054931640625,0.000000000038610756000000006,6493050,2019-01-25 02:44:32,btc,85023.03793723314,0.0,0.000001080000000000000035831255497387193287295303889550268650054931640625,btc,43675.73520027,0.000146250909087,0.0348620860622024,213
1,[],5,[],2019-02-22 02:51:02,0.0,0,0,6756250,2019-02-22 02:51:02,btc,0.0,0.13798633,0,btc,0.0,0.0,0.0,213
1,[],24,[],2019-02-22 02:51:03,0.0,0.000000150000,0.0000000000059331449999999996,6756251,2019-02-22 02:51:03,btc,0.0,0.0,0.000000150000,btc,0.0,0.0,0.0,213
1,[],26,[],2019-02-22 02:51:04,0.0,0.00000009,0.000000000003559887,6756252,2019-02-22 02:51:04,btc,0.0,0.0,0.00000009,btc,0.0,0.0,0.0,213
1,[],22,[],2019-02-22 02:51:46,120000.0,0.00000001,0.000000000000395543,6756253,2019-02-22 02:51:46,BTC,2.19671377,0.0,0.00000001,BTC,271112.59081706154,0.0,0.0012,216
1,[],27,[],2019-02-22 02:51:49,1217904.5615,0.00000008,0.000000000003164344,6756254,2019-02-22 02:51:49,btc,355.9342228329,40299.4,0.00000008,"btc,ltc",219414.501,0.00523892,0.03527856246,216
1,[],22,[],2019-02-22 02:52:23,277711.72409638553,0.00000250,0.00000000009888575,6756255,2019-02-22 02:52:23,BTC,12673.4875715,0.0,0.00000250,BTC,356992.62392557156,0.11618898,0.41784213,217
1,[],7,[],2019-02-22 02:52:24,0.0,0,0,6756256,2019-02-22 02:52:24,btc,77969.6156418105,0.0,0,btc,137055636.5050253,0.0,0.0,219
0,[],27,[],2019-02-22 02:52:27,0.0,0,0,6756257,2019-02-22 02:52:27,,0.0740438339680921,0.0,0,btc,1536429.20709513,0.0,0.0,219
0.0000000000000051,[],28,[],2019-02-22 02:52:33,168262604.092,4.23351e-18,1.67453524593e-22,6756258,2019-02-22 02:52:33,doge,83813.6478917675,39428.7478,0.00083010,"btc,doge",4822399.34751,0.0,1.175777295731244e-11,219
1,[],22,[],2019-02-22 02:53:11,196135.6,0.00000012,0.000000000004746516,6756259,2019-02-22 02:53:11,BTC,3.00159283,0.0,0.00000012,BTC,106936.27041875875,0.01625106,0.02066356,221
1,[],24,[],2019-02-22 02:53:11,0.0,0.000000200000,0.00000000000791086,6756260,2019-02-22 02:53:11,btc,0.0,0.0,0.000000200000,btc,0.0,0.0,0.0,221
1,[],20,[],2019-02-22 02:53:13,43228436.1239,0.000000001,0.0000000000000395543,6756261,2019-02-22 02:53:13,btc,47.9968636290187,1015845.7339,0.000000001,btc,11147457.9984,0.0010158457339,0.0432284361239,224
0,[],22,[],2019-02-22 02:53:47,0.0,0,0,6756262,2019-02-22 02:53:47,,0.0,0.0,0,,0.0,0.0,0.0,224
1,[],26,[],2019-02-22 02:53:47,0.0,0.00000036,0.000000000014239548,6756263,2019-02-22 02:53:47,btc,0.0,0.0,0.00000036,btc,0.0,0.0,0.0,231
1,[],26,[],2019-02-22 02:53:48,0.0,0.00000006,0.000000000002373258,6756264,2019-02-22 02:53:48,btc,0.0,0.0,0.00000006,btc,0.0,0.0,0.0,234
0,[],27,[],2019-02-22 02:53:50,0.0,0,0,6756265,2019-02-22 02:53:50,,0.0113483662182,0.0,0,"btc,eth",11462.99618,0.0,0.0,234
0,[],22,[],2019-02-22 02:54:10,0.0,0,0,6756266,2019-02-22 02:54:10,,4.02258988,0.0,0,,106046393.81349206,0.0,0.0,235
1,[],4,[],2019-02-22 02:54:11,1245280.97136189,0.00000086,0.000000000034016697999999996,6756267,2019-02-22 02:54:11,btc,4.8896265159076755,0.0,0.00000086,btc,1057059.27806696,0.1960422,0.511712711844453,236
1,[],24,[],2019-02-22 02:54:12,0.0,0.000000020010,0.000000000000791481543,6756268,2019-02-22 02:54:12,btc,0.0,0.0,0.000000020010,btc,0.0,0.0,0.0,236
1,[],20,[],2019-02-22 02:54:13,64789678.0844,0.000000065,0.0000000000025710295,6756269,2019-02-22 02:54:13,btc,8.8727515466896,31207485.4603,0.000000065,btc,44102366.01,1.9008803259005,0.3225107772993,237
1,[],22,[],2019-02-22 02:54:45,116403.0,0.00000004,0.000000000001582172,6756270,2019-02-22 02:54:45,BTC,0.0405823,0.0,0.00000004,"BTC,LTC",3164.0,0.0,0.00482009,237
1,[],4,[],2019-02-22 02:54:46,8140372.70013313,0.00000033,0.000000000013052919,6756271,2019-02-22 02:54:46,btc,5.453780957918829,0.0,0.00000033,btc,8164557.03887191,0.41445997,1.8100638321188682,238
1,[],5,[],2019-02-22 02:54:47,0.0,0,0,6756272,2019-02-22 02:54:47,btc,0.0,0.01146422,0,btc,0.0,0.0,0.0,238
0,[],22,[],2019-02-22 02:55:07,0.0,0,0,6756273,2019-02-22 02:55:07,,27.41701007,0.0,0,,370860.0639027493,0.0,0.0,249
0.0000000001252781,[],22,[],2019-02-22 02:55:54,7021097.666666667,3.758343e-18,1.486586265249e-22,6756274,2019-02-22 02:55:54,LTC,0.54280194,0.0,0.00000003,LTC,14549981.09,2.994176656744e-12,0.20963595,252
1,[],28,[],2019-02-22 02:56:02,4391956.698,0.0000001,0.00000000000395543,6756275,2019-02-22 02:56:02,btc,164693.72235365084,102926.5,0.0000001,btc,1231660.0351,0.0,0.2663411375,256
1,[],22,[],2019-02-22 02:56:35,2448447.6666666665,0.00000003,0.000000000001186629,6756276,2019-02-22 02:56:35,BTC,31.42325404,0.0,0.00000003,BTC,516668.9505485993,0.00075,0.05230815,258
1,[],22,[],2019-02-22 02:58:34,48751.0,0.00000001,0.000000000000395543,6756277,2019-02-22 02:58:34,BTC,2.4175745,0.0,0.00000001,BTC,1762.0,0.0,0.00048751,259
1,[],22,[],2019-02-22 02:59:07,12388.0,0.00000950,0.00000000037576585,6756278,2019-02-22 02:59:07,BTC,1398.83475345,0.0,0.00000950,"BTC,LTC",9345.75403987134,0.00106632,0.02743425,262
1,[],5,[],2019-02-22 02:59:09,0.0,0,0,6756279,2019-02-22 02:59:09,btc,0.0,0.18652746,0,btc,0.0,0.0,0.0,264
1,[],20,[],2019-02-22 02:59:10,1216484.9088,0.000002013,0.0000000000796228059,6756280,2019-02-22 02:59:10,btc,7.6838665914988,67371.0077,0.000002013,btc,106405.0146,0.224130246221,0.0211074653372,264
1,[],22,[],2019-02-22 02:59:37,31914.0,0.00000001,0.000000000000395543,6756281,2019-02-22 02:59:37,BTC,8.4442135,0.0,0.00000001,BTC,427909.69136002666,6.5e-05,0.00031914,271
0,[],22,[],2019-02-22 02:59:57,0.0,0,0,6756282,2019-02-22 02:59:57,,390.78678703,0.0,0,,15707597515.9,0.0,0.0,272
0.0000000000000051,[],28,[],2019-02-22 02:59:59,253278339768.612,4.08e-21,1.6138154399999999e-25,6756283,2019-02-22 02:59:59,doge,5989751.4743294455,17301962104.733,0.0000008,doge,210681557779.02954,0.0,6.898812967228143e-10,272
1,[],22,[],2019-02-22 03:00:59,15071.41,0.00000206,0.000000000081481858,6756284,2019-02-22 03:00:59,BTC,74.30180155,0.0,0.00000206,"BTC,LTC",7862.487639773189,0.09422626,0.04526758,281
1,[],22,[],2019-02-22 03:01:29,59394.0,0.00000002,0.000000000000791086,6756285,2019-02-22 03:01:29,BTC,1.3322851,0.0,0.00000002,BTC,139503.04598459575,0.00011106,0.00098018,286
0,[],22,[],2019-02-22 03:01:47,0.0,0,0,6756286,2019-02-22 03:01:47,,43633.68112286,0.0,0,,335177129.0,0.0,0.0,294
