pairValue,buyBook,exchangeId,sellBook,updated,buyTotal,satoshiPrice,usdPrice,exchangeLogId,created,bestPair,sellTotalBtc,volume,pairPrice,activePairs,sellTotal,volumeBtc,buyTotalBtc,coinId
1,[],3,[],2019-06-21 07:59:41,33012.08552179354,0.01050286999999999922039695121611657668836414813995361328125,0.000001021375749750999899704442520,7747867,2019-06-21 07:59:41,btc,10.880902630963721,58.9980871299,0.01050286999999999922039695121611657668836414813995361328125,btc,19.829973838421,0.0,0.4244182267640328,1
1,[],4,[],2019-06-21 07:59:42,353707.83649042,0.01120000,0.000001089169759999999973893785391,7747868,2019-06-21 07:59:42,btc,13.514609849115137,0.0,0.01120000,btc,664.22984455,12.73682908,6.313828402699747,1
1,[],5,[],2019-06-21 07:59:44,0.0,0,0,7747869,2019-06-21 07:59:44,btc,0.0,0.01133337,0,btc,0.0,0.0,0.0,1
1,[],10,[],2019-06-21 07:59:47,314573.04463831,0.00440029,0.00000042791632171700003,7747870,2019-06-21 07:59:47,btc,6512.1868792433725,1684.32717393,0.00440029,btc,1373.60133023,0.0,1.8842278772313088,1
1,[],12,[],2019-06-21 07:59:50,97.54248305,0.0110899999999999991640020624572571250610053539276123046875,0.000001078472556999999892851643481,7747871,2019-06-21 07:59:50,btc,0.2594085388246,0.0,0.0110899999999999991640020624572571250610053539276123046875,btc,22.357440229999998,2.505537573922,0.2962892023776,1
1,[],20,[],2019-06-21 07:59:52,918.9354,0.01111001,0.000001080418475472999974103544163,7747872,2019-06-21 07:59:52,btc,0.1769908359783,0.4074,0.01111001,btc,13.1621,0.004639315696,0.1344654430315,1
1,[],21,[],2019-06-21 07:59:53,1814.78077809,0.01110799999999999981836751317,0.000001080223008399999956444960360,7747873,2019-06-21 07:59:53,btc,12.505610471023413,3951.45678183,0.011107999999999999818367513171324389986693859100341796875,"btc,eth",1462.66670243,39.05186932995344,15.717749416083553,1
1,[],22,[],2019-06-21 07:59:57,0.0395979803020197,0.01000001,0.000000972473972473,7747874,2019-06-21 07:59:57,BTC,0.01666796,0.0,0.01000001,BTC,0.25318100557485945,0.0,0.00021887,1
1,[],24,[],2019-06-21 07:59:58,0.0,0.000000000000,0,7747875,2019-06-21 07:59:58,btc,0.0,0.0,0.000000000000,btc,0.0,0.0,0.0,1
0.0,[],25,[],2019-06-21 07:59:59,0.0,0,0,7747876,2019-06-21 07:59:59,btc,16.59999999934908,3362.99986269,0.0,btc,1458.33338921,37.49,0.0,1
1,[],26,[],2019-06-21 08:00:01,0.0,0,0,7747877,2019-06-21 08:00:01,,0.0,0.0,0,,0.0,0.0,0.0,1
0,[],28,[],2019-06-21 08:00:02,0.0,0,0,7747878,2019-06-21 08:00:02,,0.0,0.0,0,,0.0,0.0,0.0,1
0,[],2,[],2019-01-20 23:28:45,0.0,0,0,6477011,2019-01-20 23:28:45,,0.0,0.0,0,,0.0,0.0,0.0,1
1,[],5,[],2019-06-17 14:29:02,0.0,0,0,7740076,2019-06-17 14:29:02,btc,0.0,2.72e-05,0,btc,0.0,0.0,0.0,2
1,[],22,[],2019-06-17 14:29:06,11550.3,0.0000002,0.0000000000185828,7740077,2019-06-17 14:29:06,BTC,21.00897301,0.0,0.0000002,"BTC,XMR",20678.87287795317,1.754e-05,0.00143681,2
1,[],5,[],2019-06-03 14:48:58,0.0,0,0,7731126,2019-06-03 14:48:58,btc,0.0,0.05905545,0,btc,0.0,0.0,0.0,3
1,[],12,[],2019-06-03 14:48:59,3468623.70302,0.000000116,0.000000000009823402000000002,7731127,2019-06-03 14:48:59,btc,169531.0336573751,0.0,0.000000116,btc,2361209.62379607,0.041350953071,0.33764769154428,3
0,[],28,[],2019-06-03 14:49:00,0.0,0,0,7731128,2019-06-03 14:49:00,,0.0,0.0,0,,0.0,0.0,0.0,3
0,[],2,[],2019-01-20 23:31:32,0.0,0,0,6477077,2019-01-20 23:31:32,,0.0,0.0,0,,0.0,0.0,0.0,4
1,[],4,[],2019-05-18 21:29:50,562734.9206932,0.00000010,0.000000000007298720000000001,7650946,2019-05-18 21:29:50,btc,41.9347137769675,0.0,0.00000010,btc,1123702.32192634,0.00052462,0.029254593370966,4
0,[],12,[],2019-06-02 05:03:43,0.0,0,0,7724919,2019-06-02 05:03:43,btc,625.901992874995,0.0,0,btc,1211362.4995005,0.0,0.0,5
0,[],2,[],2019-01-20 23:31:51,0.0,0,0,6477087,2019-01-20 23:31:51,,0.0,0.0,0,,0.0,0.0,0.0,6
1,[],11,[],2019-06-21 08:00:04,5375894.076736,0.00000002,0.000000000001944946,7747879,2019-06-21 08:00:04,btc,9583.531581907093,1009530.66667,0.00000002,btc,73308645.95688245,0.0,0.06758688876736,6
1,[],3,[],2019-06-21 08:00:05,12431.63103715357,0.000085259999999999993452494406742658838993520475924015045166015625,0.000000008291304797999999,7747880,2019-06-21 08:00:05,btc,2027.8319585728927,383.237283558,0.000085259999999999993452494406742658838993520475924015045166015625,btc,394.627047325782,0.0,0.03273992394363385,7
1,[],4,[],2019-06-21 08:00:05,303502.78609061,0.00008605,0.000000008368130164999999,7747881,2019-06-21 08:00:05,btc,8.418404396862053,0.0,0.00008605,btc,62512.37311156,2.31181652,2.1966341931912106,7
1,[],5,[],2019-06-21 08:00:07,0.0,0,0,7747882,2019-06-21 08:00:07,btc,0.0,0.05102741,0,btc,0.0,0.0,0.0,7
1,[],20,[],2019-04-07 22:06:50,3201475.0482,0.000000001,0.000000000000051590000000000004,7213932,2019-04-07 22:06:50,btc,30.8005781811902,0.0,0.000000001,btc,23077405.3926,0.0,0.0032014750482,8
1,[],4,[],2019-06-21 08:00:09,1544129.65378572,0.00000055,0.000000000053486015,7747883,2019-06-21 08:00:09,btc,3.4991023852953145,0.0,0.00000055,btc,2997908.03397175,0.64490825,0.3662135641316126,9
0,[],28,[],2019-06-21 08:00:10,0.0,0,0,7747884,2019-06-21 08:00:10,,0.0,0.0,0,,0.0,0.0,0.0,9
0,[],2,[],2019-01-20 23:22:42,0.0,0,0,6476876,2019-01-20 23:22:42,,0.0,0.0,0,,0.0,0.0,0.0,9
0,[],23,[],2019-01-20 23:22:48,0.0,0,0,6476878,2019-01-20 23:22:48,,0.0,0.0,0,,0.0,0.0,0.0,9
1,[],1,[],2019-02-17 23:31:42,1822507.21,0.00000181000000000000003456111265232042484285557293333113193511962890625,0.000000000066086901,6701244,2019-02-17 23:31:42,btc,3.6990969245,17153386.5,0.00000181000000000000003456111265232042484285557293333113193511962890625,btc,1997391.71,31.11772986,3.2610482446,9
1,[],4,[],2019-02-17 11:22:43,4341674.27126056,0.00000002,0.0000000000007272960000000001,6696112,2019-02-17 11:22:43,btc,0.1997230937751353,0.0,0.00000002,btc,4109766.79808031,0.00215132,0.0479381022052112,10
1,[],4,[],2019-06-21 08:00:12,39753942.51889242,0.00000031,0.000000000030146663,7747885,2019-06-21 08:00:12,btc,7.658123585850988,0.0,0.00000031,btc,9114807.80258511,1.77395264,1.851310889785901,12
1,[],5,[],2019-06-21 08:00:13,0.0,0,0,7747886,2019-06-21 08:00:13,btc,0.0,0.01658123,0,btc,0.0,0.0,0.0,12
0.0,[],25,[],2019-06-21 08:00:14,0.0,0,0,7747887,2019-06-21 08:00:14,,0.0,0.0,0.0,btc,0.0,0.0,0.0,12
0,[],2,[],2019-01-20 23:23:08,0.0,0,0,6476890,2019-01-20 23:23:08,,0.0,0.0,0,,0.0,0.0,0.0,12
1,[],4,[],2019-06-21 08:00:15,438051.07689847,0.00000382,0.00000000037148468599999997,7747888,2019-06-21 08:00:15,btc,1.9168902408211743,0.0,0.00000382,btc,302583.72406188,0.53625656,0.260346104351589,13
1,[],10,[],2019-06-21 08:00:17,664284.17488319,0.00000368,0.00000000035787006399999996,7747889,2019-06-21 08:00:17,btc,666797.3538205724,36451.8420369,0.00000368,btc,883331.17391036,0.0,0.3712917300926915,13
1,[],21,[],2019-06-21 08:00:18,3585095.77401548,0.000003819999999999999848313610856,0.00000000037148468599999997,7747890,2019-06-21 08:00:18,btc,3.701180008222,667840.89444655,0.0000038199999999999998483136108562430166557533084414899349212646484375,btc,777659.2050150901,2.58779354,2.910544219490403,13
1,[],4,[],2019-06-21 08:00:19,1267877.11259408,0.00000064,0.000000000062238272,7747891,2019-06-21 08:00:19,btc,9.526248528120641,0.0,0.00000064,btc,893853.25666844,0.22248695,0.2419525977035055,14
1,[],12,[],2019-06-21 08:00:20,215353.10374847,0.00000055,0.000000000053486015,7747892,2019-06-21 08:00:20,btc,184.25496406162375,0.0,0.00000055,btc,26727.75357547,4.755245e-06,0.0153292199999736,14
1,[],26,[],2019-06-21 08:02:20,0.0,0.00000050,0.000000000048623649999999996,7747893,2019-06-21 08:02:20,btc,0.0,0.0,0.00000050,btc,0.0,0.0,0.0,14
0,[],17,[],2019-05-03 00:53:32,0.0,0,0,7558876,2019-05-03 00:53:32,btc,0.0,0.0,0,btc,0.0,0.0,0.0,14
0,[],4,[],2019-06-21 08:02:21,0.0,0,0,7747894,2019-06-21 08:02:21,,0.0,0.0,0,,0.0,0.0,0.0,15
,[],12,[],2018-12-01 15:15:48,204241.84496,0.00000489,0.000000000202473384,5260204,2018-12-01 15:15:48,btc,49.5475654835,0.0,,btc,35763.2193806,0.0163153972027625,0.0203389899998,15
1,[],4,[],2019-06-21 08:02:22,33259.56347132,0.00000996,0.0000000009685831079999999,7747895,2019-06-21 08:02:22,btc,2.459035229833708,0.0,0.00000996,btc,17009.64937691,0.03342492,0.0612414744002535,18
1,[],10,[],2019-06-21 08:02:25,275378.48988869,0.00001026,0.000000000997757298,7747896,2019-06-21 08:02:25,btc,14.90605627743822,13105.6614026,0.00001026,btc,11686.93323939,0.0,0.1271865663306635,18
1,[],12,[],2019-06-21 08:02:25,3165.21037722,0.000011029999999999999426756290554774153633843525312840938568115234375,0.000000001072637719,7747897,2019-06-21 08:02:25,btc,0.5369832551097243,0.0,0.000011029999999999999426756290554774153633843525312840938568115234375,btc,1909.29471369,1.729575e-06,0.0089699743228611,18
0,[],2,[],2019-01-20 23:23:38,0.0,0,0,6476906,2019-01-20 23:23:38,,0.0,0.0,0,,0.0,0.0,0.0,18
0,[],17,[],2019-05-03 00:53:39,0.0,0,0,7558882,2019-05-03 00:53:39,btc,0.0,0.0,0,btc,0.0,0.0,0.0,18
1,[],3,[],2019-06-21 08:04:26,155940.2442613852,0.00000948000000000000071450657890270719008185551501810550689697265625,0.000000000921904404,7747898,2019-06-21 08:04:26,btc,191.5592742357318,13862.9553515,0.00000948000000000000071450657890270719008185551501810550689697265625,btc,21251.96260652027,0.0,0.07859419997619897,19
1,[],4,[],2019-06-21 08:04:27,344353.40723249,0.00001065,0.000000001035683745,7747899,2019-06-21 08:04:27,btc,6.48241698343211,0.0,0.00001065,btc,265999.84921956,0.84318874,1.6535231922566331,19
1,[],5,[],2019-06-21 08:04:28,0.0,0,0,7747900,2019-06-21 08:04:28,btc,0.0,0.01277807,0,btc,0.0,0.0,0.0,19
1,[],12,[],2019-06-21 08:04:29,109045.12059943,0.0000070199999999999997035075686990790444497179123573005199432373046875,0.000000000682676046,7747901,2019-06-21 08:04:29,btc,0.3685010550728543,0.0,0.0000070199999999999997035075686990790444497179123573005199432373046875,btc,2973.67008334,0.0,0.0199774313763141,19
0,[],27,[],2019-06-21 08:04:36,0.0,0,0,7747902,2019-06-21 08:04:36,,0.0,0.0,0,btc,0.0,0.0,0.0,19
0,[],2,[],2019-01-20 23:24:19,0.0,0,0,6476924,2019-01-20 23:24:19,,0.0,0.0,0,,0.0,0.0,0.0,19
1,[],4,[],2019-06-21 08:04:37,10208097.23656777,0.00000005,0.000000000004862365,7747903,2019-06-21 08:04:37,btc,6.352442372727201,0.0,0.00000005,btc,2208335.2064439,0.01241812,0.1229147238096551,20
0,[],4,[],2019-06-21 08:04:38,0.0,0,0,7747904,2019-06-21 08:04:38,,5367.794656750465,0.0,0,,83371698.26581892,0.0,0.0,21
0,[],12,[],2019-06-21 08:04:39,0.0,0,0,7747905,2019-06-21 08:04:39,btc,2603.6057869046153,0.0,0,btc,7575442.25974023,7.056943e-05,0.0,21
0,[],17,[],2019-05-03 00:53:51,0.0,0,0,7558891,2019-05-03 00:53:51,btc,0.0,0.0,0,btc,0.0,0.0,0.0,21
1,[],12,[],2019-06-21 08:06:41,5482495000.237,0.0000000005,0.000000000000048623650000000004,7747906,2019-06-21 08:06:41,btc,1426620268575.7642,0.0,0.0000000005,btc,2447121760.176823,0.324260075539,1.3234331002908002,23
0.0000000002940067,[],27,[],2019-06-21 08:06:47,106121088.0,8.820201e-18,8.577407327073e-22,7747907,2019-06-21 08:06:47,eth,1048.5261174770806,372563537.94295377,0.00000003,eth,5152071.24779221,2.190723526954092e-09,3.92316478061846e-10,23
1,[],4,[],2019-06-21 08:06:48,6067562.90663314,0.00000016,0.000000000015559568,7747908,2019-06-21 08:06:48,btc,10.22387860984626,0.0,0.00000016,btc,1775210.43027004,0.00010102,0.1294603275800017,24
0,[],22,[],2019-06-21 08:06:50,0.0,0,0,7747909,2019-06-21 08:06:50,,6.22e-05,0.0,0,,517.4264705882352,0.0,0.0,24
0.0,[],25,[],2019-06-21 08:06:51,0.0,0,0,7747910,2019-06-21 08:06:51,,0.0,0.0,0.0,btc,0.0,0.0,0.0,24
1,[],4,[],2019-06-21 08:06:52,26942047.80904091,0.00000450,0.00000000043761285,7747911,2019-06-21 08:06:52,btc,7.790444295720571,0.0,0.00000450,btc,204792.04123445,0.08939731,0.4646065026742013,26
1,[],10,[],2019-06-21 08:06:54,222977.61667748,0.00000375,0.000000000364677375,7747912,2019-06-21 08:06:54,btc,25.266752900141338,7933.44701951,0.00000375,btc,19881.28046896,0.0,0.0527290650289069,26
0,[],2,[],2019-01-20 23:25:56,0.0,0,0,6476976,2019-01-20 23:25:56,,0.0,0.0,0,,0.0,0.0,0.0,26
1,[],5,[],2019-04-26 09:47:06,0.0,0,0,7465326,2019-04-26 09:47:06,btc,0.0,0.0,0,btc,0.0,0.0,0.0,27
1,[],3,[],2019-06-17 14:30:26,13571825.64059417,0.00000001,0.00000000000092914,7740112,2019-06-17 14:30:26,btc,3.485049956644059,4264730.43754,0.00000001,btc,23500048.28518193,0.0,0.1357182564059417,27
1,[],11,[],2019-06-17 14:30:28,2031833.58157834,0.00000001,0.00000000000092914,7740113,2019-06-17 14:30:28,btc,67502.92060589766,32677.9652116,0.00000001,btc,6487362.95640949,0.0,0.0203183358157834,27
1,[],4,[],2019-06-21 08:06:55,949650495.3133746,0.00000001,0.000000000000972473,7747913,2019-06-21 08:06:55,btc,6.16585708661384,0.0,0.00000001,"btc,ltc",402275319.186606,0.03724024,6.2763618008948,29
1,[],7,[],2019-06-21 08:06:56,88246545.39145988,0.00000001,0.000000000000972473,7747914,2019-06-21 08:06:56,btc,46548272.35423474,0.0,0.00000001,btc,44569950.98844044,0.0,0.8824654539145989,29
1,[],4,[],2019-06-21 08:06:57,15540131.87331458,0.00000005,0.000000000004862365,7747915,2019-06-21 08:06:57,btc,2.5886069753308303,0.0,0.00000005,btc,2238109.19211373,0.0,0.1737670435910232,30
0,[],17,[],2019-05-03 01:11:25,0.0,0,0,7559066,2019-05-03 01:11:25,btc,0.0,0.0,0,btc,0.0,0.0,0.0,30
1,[],4,[],2019-06-21 08:08:58,208214.82771185,0.00004560,0.0000000044344768799999995,7747916,2019-06-21 08:08:58,btc,4.203392846387059,0.0,0.00004560,btc,56343.52959349,0.51559262,0.6237426984198203,31
1,[],21,[],2019-06-21 08:09:00,86635.27579016,0.00004432999999999999739047282232,0.000000004310972809,7747917,2019-06-21 08:09:00,btc,5.366316855001318,167113.89823048,0.0000443299999999999973904728223228488559470861218869686126708984375,btc,104757.31841189999,7.76320673,2.929100574394739,31
0,[],2,[],2019-01-20 23:28:43,0.0,0,0,6477009,2019-01-20 23:28:43,,0.0,0.0,0,,0.0,0.0,0.0,32
0,[],4,[],2019-06-21 08:09:01,0.0,0,0,7747918,2019-06-21 08:09:01,,0.0,0.0,0,,0.0,0.0,0.0,33
1,[],12,[],2019-03-30 07:55:10,40641173.964,0.00000003,0.000000000001228359,7108785,2019-03-30 07:55:10,btc,4233210.82356125,0.0,0.00000003,btc,28378394.68333462,0.0126927883965248,0.90752895892,33
0.0000000001403344,[],4,[],2019-06-21 08:09:02,151944490.82280454,6.7360512e-17,6.5506279186176e-21,7747919,2019-06-21 08:09:02,ltc,4.1034838705267935,0.0,0.00000048,ltc,160343155.0537575,0.0,1.0997385797590397e-09,34
1,[],5,[],2019-06-21 08:09:03,0.0,0,0,7747920,2019-06-21 08:09:03,btc,0.0,0.06788709,0,btc,0.0,0.0,0.0,34
0.0000000002926451,[],17,[],2019-05-02 18:17:47,200000.0,2.9264510000000002e-18,1.596703856561e-22,7556430,2019-05-02 18:17:47,eth,0.20942468735267253,0.0,0.00000001,"btc,eth",1018272.20243647,0.0,5.852902e-13,36
0.0000000001311821,[],4,[],2019-05-31 13:28:19,2417517744.0607657,1.311821e-18,1.105058333085e-22,7717483,2019-05-31 13:28:19,ltc,5.019900492391546e-08,0.0,0.00000001,ltc,7102398142.262129,0.0,3.171350544531538e-09,36
1,[],5,[],2019-05-31 13:28:21,0.0,0,0,7717484,2019-05-31 13:28:21,btc,0.0,0.0,0,btc,0.0,0.0,0.0,36
0.0000000003108179,[],27,[],2019-05-31 13:30:34,10388811.226876,6.216358000000001e-18,5.236566733830001e-22,7717485,2019-05-31 13:30:34,eth,1569.8708019850988,761866.634299,0.00000002,"ltc,eth",5084024.2511555,4.736034912207001e-12,3.3251980286483705e-11,36
1,[],4,[],2019-06-21 08:09:04,10401149.26158937,0.00000013,0.000000000012642149,7747921,2019-06-21 08:09:04,btc,19772.15872632906,0.0,0.00000013,btc,686208.71588046,0.00161585,0.1452301296194838,37
1,[],12,[],2019-06-21 08:09:05,5095512.21400003,0.00000013,0.000000000012642149,7747922,2019-06-21 08:09:05,btc,7.3743596002197895,0.0,0.00000013,btc,1688307.58322511,0.008742734442,0.20026010211000358,37
1,[],27,[],2019-06-21 08:11:12,11304.0,0.00000019,0.000000000018476987,7747923,2019-06-21 08:11:12,btc,22.62970013895233,0.0,0.00000019,btc,4298.824295,0.0,0.00168776,37
1,[],17,[],2019-05-03 01:11:36,211752.74075282,0.00000025,0.000000000013700074999999998,7559074,2019-05-03 01:11:36,btc,0.055484923955058496,0.0,0.00000025,"btc,eth",1387.19918473,0.0,0.0005381851887916605,37
1,[],5,[],2019-06-21 08:11:13,0.0,0,0,7747924,2019-06-21 08:11:13,btc,0.0,0.68187273,0,btc,0.0,0.0,0.0,42
1,[],12,[],2019-06-21 08:11:14,174812.38439178,0.0000020399999999999999500377954875229846720685600303113460540771484375,0.000000000198384492,7747925,2019-06-21 08:11:14,btc,489.64884080603787,0.0,0.0000020399999999999999500377954875229846720685600303113460540771484375,btc,124722.9714451,0.102714185716,0.0552223675900952,42
1,[],27,[],2019-06-21 08:11:22,1581.0,0.0000005,0.000000000048623649999999996,7747926,2019-06-21 08:11:22,btc,0.07600425,0.0,0.0000005,"btc,eth",18.0,0.0,0.0005435000003088835,42
1,[],12,[],2019-03-13 09:13:29,1112112.0,0.00000001,0.000000000000386531,6919902,2019-03-13 09:13:29,btc,29058.00478931866,0.0,0.00000001,btc,5967681.93306694,9.99000999e-07,0.01112112,43
1,[],5,[],2019-04-26 22:38:52,0.0,0,0,7474154,2019-04-26 22:38:52,btc,0.0,0.02638891,0,btc,0.0,0.0,0.0,43
0,[],17,[],2019-04-26 22:38:53,0.0,0,0,7474155,2019-04-26 22:38:53,btc,0.0,0.0,0,btc,0.0,0.0,0.0,43
1,[],12,[],2019-03-05 01:54:08,639326.02,0.00000004,0.000000000001486676,6845775,2019-03-05 01:54:08,btc,11116042.728239931,0.0,0.00000004,btc,1103841.4595604,0.0003330765234764,0.014975410599999999,44
0.0000000001403344,[],4,[],2019-06-21 08:11:23,106349252.1248656,5.0520383999999997e-17,4.9129709389631996e-21,7747927,2019-06-21 08:11:23,ltc,1601.921927158265,0.0,0.00000036,ltc,26627481.17067719,0.00286734,6.635845548654572e-10,49
0.0000000001403344,[],4,[],2019-06-21 08:11:24,313888178.6168062,2.806688e-17,2.7294282994239998e-21,7747928,2019-06-21 08:11:24,ltc,26727.589944605705,0.0,0.0000002,ltc,174885384.74949756,0.0,2.590996656152558e-09,52
0,[],22,[],2019-06-21 08:11:26,0.0,0,0,7747929,2019-06-21 08:11:26,,10289.79884133,0.0,0,,286158287.4566013,0.0,0.0,57
0,[],27,[],2019-06-21 08:11:33,0.0,0,0,7747930,2019-06-21 08:11:33,,0.0,0.0,0,"btc,eth",0.0,0.0,0.0,57
0,[],4,[],2019-06-21 08:11:34,0.0,0,0,7747931,2019-06-21 08:11:34,,19.716967726271704,0.0,0,,5745464042.941043,0.00085,0.0,58
1,[],12,[],2019-06-21 08:11:35,874273596.1,0.0000000001,0.00000000000000972473,7747932,2019-06-21 08:11:35,btc,34239331.01377478,0.0,0.0000000001,btc,2682204280.2666903,0.002299363945,0.08742735961,58
0.00000000011148550000000001,[],22,[],2019-06-21 08:13:38,126877.0,1.114855e-18,1.084166386415e-22,7747933,2019-06-21 08:13:38,XMR,68.17454206,0.0,0.00000001,XMR,9626402.6,0.0,0.00126877,58
1,[],17,[],2019-05-03 01:12:09,1200000.0,0.0000000001,0.00000000000000548003,7559085,2019-05-03 01:12:09,btc,1e+24,0.0,0.0000000001,"btc,eth",39516342.31952568,0.0,0.00010000000058666061,58
1,[],5,[],2019-06-17 14:31:27,0.0,0,0,7740135,2019-06-17 14:31:27,btc,0.0,0.00079154,0,btc,0.0,0.0,0.0,61
1,[],22,[],2019-06-17 14:31:30,13612.833333333334,0.00000012,0.00000000001114968,7740136,2019-06-17 14:31:30,BTC,1002.29123003,0.0,0.00000012,BTC,15014.200177125656,0.0,0.00153257,61
1,[],26,[],2019-06-17 14:31:30,0.0,0.00000050,0.000000000046457,7740137,2019-06-17 14:31:30,btc,0.0,0.0,0.00000050,btc,0.0,0.0,0.0,61
1,[],27,[],2019-06-17 14:31:36,8400.0,0.00000018,0.00000000001672452,7740138,2019-06-17 14:31:36,btc,1.9742539297246655,0.0,0.00000018,"btc,eth",10953.51663696,0.0,0.001512,61
0,[],28,[],2019-06-17 14:31:38,0.0,0,0,7740139,2019-06-17 14:31:38,,0.0,0.0,0,,0.0,0.0,0.0,61
1,[],4,[],2019-06-21 08:13:39,889442.39962489,0.00000087,0.00000000008460515099999999,7747934,2019-06-21 08:13:39,btc,3.3968677569824677,0.0,0.00000087,btc,1215320.49007626,0.48707558,0.512824504103705,67
0.0,[],25,[],2019-06-21 08:13:40,0.0,0,0,7747935,2019-06-21 08:13:40,,0.0,0.0,0.0,btc,0.0,0.0,0.0,67
1,[],12,[],2019-06-02 06:23:14,910048.355,0.00000006,0.000000000005154929999999999,7725270,2019-06-02 06:23:14,btc,5.167005424215783,0.0,0.00000006,btc,738530.60239759,0.003159757462,0.0187188113,71
,[],5,[],2018-11-20 23:02:39,1.5e-07,0.00000005,0.000000000002128045,4862160,2018-11-20 23:02:39,btc,2.84511358,0.0,,btc,0.00036572,0.0,0.07381892,74
1,[],5,[],2019-06-21 08:13:42,0.0,0,0,7747936,2019-06-21 08:13:42,btc,0.0,0.00919418,0,btc,0.0,0.0,0.0,75
1,[],4,[],2019-06-04 03:25:15,715281.46076168,0.00000001,0.000000000000803619,7734085,2019-06-04 03:25:15,btc,581089.6218469425,0.0,0.00000001,btc,37692563.61091116,0.0,0.0071528146076168,81
0,[],20,[],2019-01-25 09:30:31,0.0,0,0,6495923,2019-01-25 09:30:31,btc,0.0,0.0,0,btc,0.0,0.0,0.0,81
1,[],4,[],2019-06-21 08:13:42,225332.51931087,0.00010001,0.000000009725702473,7747937,2019-06-21 08:13:42,btc,57.166476043786304,0.0,0.00010001,btc,113561.22268588,1.5223337,0.2912867904454332,82
1,[],21,[],2019-06-21 08:13:43,71217.8254953,0.00009650999999999999585508642097,0.000000009385336923,7747938,2019-06-21 08:13:43,btc,7.13236234739766,20146.71928452,0.000096509999999999995855086420970536664754035882651805877685546875,btc,57867.80961507,1.97821086,5.144872325292489,82
0,[],17,[],2019-03-25 22:42:34,0.0,0,0,7038780,2019-03-25 22:42:34,btc,0.0445064681804024,0.0,0,btc,995513.18476001,0.0,0.0,84
0.0000000001161485,[],4,[],2019-05-20 13:09:39,216715621.0206096,1.161485e-18,9.0533806701e-23,7657228,2019-05-20 13:09:39,ltc,1.6511566870244727,0.0,0.00000001,ltc,471032407.9048656,0.0,2.5171194308112273e-10,85
,[],22,[],2018-11-20 23:09:34,3408.1,0.0000001,0.0000000000041895,4862324,2018-11-20 23:09:34,BTC,0.04624735,0.0,,BTC,4990.0,0.0,0.00033081,86
1,[],22,[],2019-06-21 08:13:47,117294.0,0.00000006,0.0000000000058348379999999995,7747939,2019-06-21 08:13:47,BTC,1.81020153,0.0,0.00000006,BTC,196224.94736842104,0.0,0.00390484,87
1,[],27,[],2019-06-21 08:13:52,313713.0,0.00000012,0.000000000011669675999999999,7747940,2019-06-21 08:13:52,btc,1.94218418326,0.0,0.00000012,btc,500743.402,0.0,0.01197659,87
,[],2,[],2018-11-20 23:10:47,0.0,0,0,4862359,2018-11-20 23:10:47,,0.0,0.0,,,0.0,0.0,0.0,88
1,[],11,[],2019-06-17 14:31:59,193715.3529613,0.000073310000000000001140094962881477158589405007660388946533203125,0.00000000681152534,7740147,2019-06-17 14:31:59,btc,168.35454702024953,5791.70569014,0.000073310000000000001140094962881477158589405007660388946533203125,btc,196971.41170107,0.0,1.1996165759440112,89
0,[],2,[],2019-01-20 23:31:45,0.0,0,0,6477083,2019-01-20 23:31:45,,0.0,0.0,0,,0.0,0.0,0.0,91
1,[],12,[],2019-06-18 02:35:48,427715.74,0.00000015,0.000000000013911045000000001,7746087,2019-06-18 02:35:48,btc,116.61022144471085,0.0,0.00000015,btc,193315.55943968,0.000180759303,0.0129558314,91
1,[],22,[],2019-06-20 20:27:07,75910.0,0.00000002,0.000000000001914908,7746207,2019-06-20 20:27:07,BTC,0.49565371,0.0,0.00000002,"BTC,LTC",6.384990670617935,0.0,0.0016592,91
0,[],17,[],2019-05-03 01:12:26,0.0,0,0,7559096,2019-05-03 01:12:26,btc,0.0,0.0,0,btc,0.0,0.0,0.0,91
1,[],22,[],2019-06-21 08:13:56,106655.66666666667,0.00000003,0.0000000000029174189999999997,7747941,2019-06-21 08:13:56,BTC,11.33054936,0.0,0.00000003,"BTC,LTC",292512.0280038263,0.0,0.06917967,95
0.0000000001403344,[],4,[],2019-06-21 08:13:57,538893254.9301962,1.9646816e-17,1.9105998095967997e-21,7747942,2019-06-21 08:13:57,ltc,11.329597825861281,0.0,0.00000014,ltc,157130372.9178878,0.0,8.943937718133522e-10,96
0,[],12,[],2019-06-21 08:13:58,0.0,0,0,7747943,2019-06-21 08:13:58,btc,36.47432094859141,0.0,0,btc,9846523.85914086,7.872128e-06,0.0,96
0,[],17,[],2019-05-03 01:12:32,0.0,0,0,7559100,2019-05-03 01:12:32,btc,0.0,0.0,0,btc,0.0,0.0,0.0,96
1,[],4,[],2019-04-14 03:32:46,1039404.33283278,0.00000038,0.000000000019245518,7293458,2019-04-14 03:32:46,btc,4.170086055365747,0.0,0.00000038,btc,3097704.34561074,0.06260606,0.1859928211030784,99
1,[],4,[],2019-06-21 08:15:59,307582.23312109,0.00001342,0.000000001305058766,7747944,2019-06-21 08:15:59,btc,7.347352597247053,0.0,0.00001342,btc,168225.69395418,0.40041876,0.7304062325196442,100
0,[],2,[],2019-01-20 23:23:55,0.0,0,0,6476914,2019-01-20 23:23:55,,0.0,0.0,0,,0.0,0.0,0.0,100
1,[],22,[],2019-06-05 06:30:35,150000.0,0.00000002,0.000000000001558192,7740007,2019-06-05 06:30:35,BTC,28.56386409,0.0,0.00000002,BTC,12787.719,0.0,0.0017,101
1,[],4,[],2019-06-21 08:15:59,469010.84527989,0.00000171,0.000000000166292883,7747945,2019-06-21 08:15:59,btc,553.6187837716509,0.0,0.00000171,btc,646277.11108823,0.0300584,0.1491411358313446,103
1,[],12,[],2019-06-17 14:32:14,179201505.10870332,0.000000005,0.00000000000046457,7740154,2019-06-17 14:32:14,btc,113577.79366343976,0.0,0.000000005,btc,79148141.67831126,0.019059029059,0.27280986350611003,105
1,[],27,[],2019-06-17 14:32:19,18306828.03496503,0.00000002,0.00000000000185828,7740155,2019-06-17 14:32:19,btc,180.7198218385489,1083.96503497,0.00000002,btc,276513.60142659,7.588e-05,0.3661365606993006,105
1,[],22,[],2019-04-21 00:17:26,21333.0,0.00000001,0.000000000000532493,7385819,2019-04-21 00:17:26,BTC,51.38182867,0.0,0.00000001,BTC,470435.0,0.0,0.00021333,107
1,[],26,[],2019-04-21 00:17:26,0.0,0.00000000,0,7385820,2019-04-21 00:17:26,btc,0.0,0.0,0.00000000,btc,0.0,0.0,0.0,107
1,[],5,[],2019-06-21 08:16:03,0.0,0,0,7747946,2019-06-21 08:16:03,btc,0.0,0.02512414,0,btc,0.0,0.0,0.0,112
0,[],22,[],2019-06-21 08:16:05,0.0,0,0,7747947,2019-06-21 08:16:05,,6.79500102,0.0,0,,3375892.0833333335,0.0,0.0,112
1,[],27,[],2019-06-21 08:16:12,1.0,0.00000001,0.000000000000972473,7747948,2019-06-21 08:16:12,btc,1.14885,0.0,0.00000001,"btc,eth",39.0,0.0,1e-08,112
1,[],4,[],2019-06-21 08:16:12,1075740.91957364,0.00000069,0.00000000006710063699999999,7747949,2019-06-21 08:16:12,btc,4.782839964397185,0.0,0.00000069,btc,789113.12175718,0.14004767,0.2440062606488612,113
1,[],5,[],2019-06-21 08:16:13,0.0,0,0,7747950,2019-06-21 08:16:13,btc,0.0,0.0,0,btc,0.0,0.0,0.0,113
1,[],17,[],2019-04-26 02:17:47,162738.278,0.00000004,0.0000000000021069000000000002,7461287,2019-04-26 02:17:47,btc,1.3331140273775473,0.0,0.00000004,btc,51796.221,0.0,0.00230953112,116
1,[],27,[],2019-05-22 05:13:01,210000.0,0.00000001,0.00000000000079145,7666372,2019-05-22 05:13:01,btc,3919.0005001478,0.0,0.00000001,btc,128660.871,0.0,0.0021,116
1,[],4,[],2019-05-21 22:31:11,138169.03963019,0.00000701,0.000000000558364025,7664793,2019-05-21 22:31:11,btc,150.95388250938234,0.0,0.00000701,btc,344631.17141974,0.07552974,0.4288357684941946,120
1,[],7,[],2019-05-21 22:31:12,3901.07750076,0.000010679999999999999389654892212320191902108490467071533203125,0.0000000008506887,7664794,2019-05-21 22:31:12,btc,231188.94669936574,0.0,0.000010679999999999999389654892212320191902108490467071533203125,btc,4133.83151364,0.0,0.0113888422364489,120
1,[],20,[],2019-04-07 18:42:29,1914137.0852,0.000000035,0.0000000000017871910000000002,7211992,2019-04-07 18:42:29,btc,32.2497668025648,25528.85,0.000000035,btc,1001975.4986,0.00089350975,0.0152723574729,125
1,[],22,[],2019-06-17 14:32:38,10000.0,0.00000001,0.00000000000092914,7740161,2019-06-17 14:32:38,BTC,0.032061,0.0,0.00000001,BTC,299316.7611111111,0.0,0.0001,126
1,[],4,[],2019-06-21 08:16:14,2962900.81622388,0.00000454,0.00000000044150274199999997,7747951,2019-06-21 08:16:14,btc,2.44378562699362,0.0,0.00000454,btc,171644.43277606,0.16080387,0.5638607899590422,131
0,[],2,[],2019-01-20 23:25:46,0.0,0,0,6476969,2019-01-20 23:25:46,,0.0,0.0,0,,0.0,0.0,0.0,131
1,[],17,[],2019-05-03 01:13:10,10000.0,0.00000001,0.000000000000548003,7559115,2019-05-03 01:13:10,btc,0.0953976503951408,0.0,0.00000001,btc,5037.62507334,0.0,0.0001,131
1,[],4,[],2019-06-17 14:32:42,4848.49465417,0.00007919,0.00000000735785966,7740163,2019-06-17 14:32:42,btc,0.9905723729472744,0.0,0.00007919,btc,202.13055914,0.0,0.0061509344290166,135
1,[],3,[],2019-06-05 06:33:11,40600.27748212,0.00000001,0.000000000000779096,7740019,2019-06-05 06:33:11,btc,0.2308097808993716,2146378.52189,0.00000001,btc,2477992.76904676,0.0,0.0004060027748212,136
1,[],4,[],2019-06-21 08:18:16,573256.85517476,0.00000176,0.000000000171155248,7747952,2019-06-21 08:18:16,btc,110.30532643089755,0.0,0.00000176,btc,582878.00258821,0.04368303,0.4980657914819409,137
1,[],12,[],2019-06-21 08:18:17,65991.64853321,0.00000154000000000000007854285798136739771280190325342118740081787109375,0.00000000014976084200000002,7747953,2019-06-21 08:18:17,btc,84.62661981633006,0.0,0.00000154000000000000007854285798136739771280190325342118740081787109375,btc,82792.24240518,6.16e-06,0.0138334499999486,137
1,[],4,[],2019-06-21 08:18:17,269254.30568319,0.00001610,0.00000000156568153,7747954,2019-06-21 08:18:17,btc,10.12987462416547,0.0,0.00001610,btc,161162.35195526,0.45503462,0.5748961269145348,142
1,[],5,[],2019-06-21 08:18:19,0.0,0,0,7747955,2019-06-21 08:18:19,btc,0.0,0.016258,0,btc,0.0,0.0,0.0,142
1,[],20,[],2019-06-21 08:20:21,269391.1688,0.00001501,0.000000001459681973,7747956,2019-06-21 08:20:21,btc,1.6075911973695,0.0,0.00001501,btc,9785.9993,0.0,0.0192795863466,142
1,[],22,[],2019-06-21 08:20:24,10715.0,0.00001299,0.000000001263242427,7747957,2019-06-21 08:20:24,BTC,2.99759384,0.0,0.00001299,BTC,835.7198755539798,0.0,0.00540125,142
0.0,[],25,[],2019-06-21 08:20:26,0.0,0,0,7747958,2019-06-21 08:20:26,,0.0,0.0,0.0,btc,0.0,0.0,0.0,142
0,[],28,[],2019-06-21 08:20:27,0.0,0,0,7747959,2019-06-21 08:20:27,,0.0,0.0,0,,0.0,0.0,0.0,142
1,[],17,[],2019-05-03 01:13:16,32967.38636364,0.00000088,0.000000000048224264,7559122,2019-05-03 01:13:16,btc,20.06976206696776,0.0,0.00000088,btc,2746.079105,0.0,0.0105613000000032,142
0,[],22,[],2019-06-21 08:20:29,0.0,0,0,7747960,2019-06-21 08:20:29,,1635.98618676,0.0,0,,788450755.3,0.0,0.0,143
0,[],22,[],2019-02-25 15:42:22,0.0,0,0,6783783,2019-02-25 15:42:22,,4.2131946,0.0,0,,2322156.0,0.0,0.0,146
,[],22,[],2018-11-20 23:01:11,0.0,0,0,4862114,2018-11-20 23:01:11,,2.56807021,0.0,,,61828.4988236,0.0,0.0,147
1,[],12,[],2019-04-21 06:38:04,193091.5971266,0.00000071,0.000000000037635183,7388679,2019-04-21 06:38:04,btc,2.301232411611175,0.0,0.00000071,btc,9957.48302385,0.00023528,0.0313308199999888,148
1,[],4,[],2019-03-19 21:31:25,255810.0415942,0.00000029,0.000000000011615747,6982695,2019-03-19 21:31:25,btc,218.94922712414143,0.0,0.00000029,btc,793529.37642722,0.00117,0.0608347789473395,152
0,[],22,[],2019-03-19 21:31:27,0.0,0,0,6982696,2019-03-19 21:31:27,,0.0,0.0,0,,0.0,0.0,0.0,152
1,[],5,[],2019-04-26 09:36:59,0.0,0,0,7465040,2019-04-26 09:36:59,btc,0.0,0.0,0,btc,0.0,0.0,0.0,153
,[],16,[],2019-01-11 15:38:59,0.0,0,0,6366141,2019-01-11 15:38:59,btc,0.0,0.0,,btc,0.0,0.0,0.0,155
0,[],23,[],2019-01-20 23:24:29,0.0,0,0,6476932,2019-01-20 23:24:29,,0.0,0.0,0,,0.0,0.0,0.0,156
0,[],22,[],2019-06-04 06:02:09,0.0,0,0,7734688,2019-06-04 06:02:09,,7.43375324,0.0,0,,5955762.942592593,0.0,0.0,156
1,[],22,[],2019-06-21 08:20:34,6996.0,0.00000001,0.000000000000972473,7747961,2019-06-21 08:20:34,BTC,1.7543039,0.0,0.00000001,BTC,57.0,0.0,6.996e-05,157
0,[],22,[],2019-05-21 23:40:32,0.0,0,0,7665049,2019-05-21 23:40:32,,50234.60468402,0.0,0,,54786159.03179465,0.0,0.0,158
,[],17,[],2018-11-20 22:56:10,0.0,0,0,4861976,2018-11-20 22:56:10,btc,1.1265625,0.0,,btc,1000.0,0.0,0.0,159
,[],20,[],2018-11-20 22:56:12,0.0,0,0,4861977,2018-11-20 22:56:12,btc,11912.7940471,0.0,,btc,34413894.3617,0.0,0.0,159
1,[],12,[],2019-05-24 02:51:20,9178.522006449999,0.00000191999999999999982841307998027158276954651228152215480804443359375,0.000000000151222656,7676256,2019-05-24 02:51:20,btc,149.80414728631675,0.0,0.00000191999999999999982841307998027158276954651228152215480804443359375,btc,1115.7451448499999,0.01783167678326,0.0120075778999181,168
1,[],17,[],2019-05-03 01:13:36,42852.0,0.00000002,0.000000000001096006,7559132,2019-05-03 01:13:36,btc,0.04279856251542,0.0,0.00000002,btc,274.46171372,0.0,0.00052852,168
1,[],22,[],2019-05-17 03:01:52,10.0,0.00000001,0.000000000000778341,7642059,2019-05-17 03:01:52,BTC,41.95893009,0.0,0.00000001,BTC,1753972.7737547632,0.0,1e-07,169
1,[],22,[],2019-05-30 08:38:18,202834.0,0.00000002,0.0000000000017416160000000001,7711049,2019-05-30 08:38:18,BTC,27.87002826,0.0,0.00000002,BTC,462189.5410507793,0.0,0.00211768,171
1,[],22,[],2019-05-29 08:05:18,349870.0,0.00000002,0.000000000001705894,7705265,2019-05-29 08:05:18,BTC,24.05907723,0.0,0.00000002,"BTC,LTC",1224285.4355616204,0.0,0.0039847,173
1,[],5,[],2019-06-21 08:20:35,0.0,0,0,7747962,2019-06-21 08:20:35,btc,0.0,0.04451707,0,btc,0.0,0.0,0.0,175
1,[],22,[],2019-06-17 14:33:12,90671.0,0.00000001,0.00000000000092914,7740175,2019-06-17 14:33:12,BTC,394.35459412,0.0,0.00000001,BTC,136275.61833431243,0.0,0.00090671,176
1,[],7,[],2019-06-21 08:20:36,0.0,0,0,7747963,2019-06-21 08:20:36,btc,522272.5938942698,0.0,0,btc,27854037.73829655,0.0,0.0,178
0,[],22,[],2019-06-21 08:20:38,0.0,0,0,7747964,2019-06-21 08:20:38,,1.00242428,0.0,0,,57512.0,0.0,0.0,178
0,[],2,[],2019-01-20 23:28:34,0.0,0,0,6477001,2019-01-20 23:28:34,,0.0,0.0,0,,0.0,0.0,0.0,178
1,[],5,[],2019-06-21 08:20:40,0.0,0,0,7747965,2019-06-21 08:20:40,btc,0.0,0.03836976,0,btc,0.0,0.0,0.0,179
0,[],22,[],2019-06-21 08:20:42,0.0,0,0,7747966,2019-06-21 08:20:42,,5.17403917,0.0,0,,13450788.311946675,0.0,0.0,179
0,[],23,[],2019-01-20 23:25:08,0.0,0,0,6476952,2019-01-20 23:25:08,,0.0,0.0,0,,0.0,0.0,0.0,179
1,[],22,[],2019-06-21 08:22:46,737777.0729490023,0.00000041,0.000000000039871392999999997,7747967,2019-06-21 08:22:46,BTC,40.61593435,0.0,0.00000041,"BTC,LTC",169064.879930538,0.00056349,0.57304052,180
1,[],26,[],2019-06-21 08:22:46,0.0,0.00000010,0.00000000000972473,7747968,2019-06-21 08:22:46,btc,0.0,0.0,0.00000010,btc,0.0,0.0,0.0,180
1,[],17,[],2019-05-03 01:13:56,20504.725000000002,0.0000001,0.00000000000548003,7559141,2019-05-03 01:13:56,btc,5.2010695838400265,0.0,0.0000001,btc,5033.45945,0.0,0.0011504725,180
,[],7,[],2018-11-20 22:58:01,562227.975654,0.00000085,0.000000000036176765,4862015,2018-11-20 22:58:01,btc,21836.6059674,2491.87645172,,btc,749999.041456,0.00211021,0.127565380455,183
,[],5,[],2019-01-10 08:11:41,0.0,0,0,6347036,2019-01-10 08:11:41,btc,82.15055501,0.00261,,btc,1.19002445,0.0,0.0,187
,[],17,[],2018-11-16 20:58:10,4062536.27273,0.00000001,0.000000000000550501,4708775,2018-11-16 20:58:10,btc,3.36492563466,0.195460381006,,"btc,eth",110697919.549,0.0,0.0157628953496,187
1,[],24,[],2019-05-22 21:04:52,0.0,0.000000000014,0.0000000000000010960978,7670219,2019-05-22 21:04:52,btc,0.0,0.0,0.000000000014,btc,0.0,0.0,0.0,187
0,[],22,[],2019-04-25 02:54:07,0.0,0,0,7447896,2019-04-25 02:54:07,,7.54794454,0.0,0,,76361.7243344055,0.0,0.0,191
0,[],22,[],2019-06-17 14:33:34,0.0,0,0,7740182,2019-06-17 14:33:34,,0.0,0.0,0,,0.0,0.0,0.0,197
0,[],23,[],2019-01-20 23:31:41,0.0,0,0,6477079,2019-01-20 23:31:41,,0.0,0.0,0,,0.0,0.0,0.0,199
0,[],22,[],2019-06-21 08:22:49,0.0,0,0,7747969,2019-06-21 08:22:49,,10.58263174,0.0,0,,84280969.0,0.0,0.0,199
1,[],26,[],2019-06-21 08:22:49,0.0,0.00000000,0,7747970,2019-06-21 08:22:49,btc,0.0,0.0,0.00000000,btc,0.0,0.0,0.0,199
0,[],2,[],2019-01-20 23:30:49,0.0,0,0,6477059,2019-01-20 23:30:49,,0.0,0.0,0,,0.0,0.0,0.0,201
1,[],4,[],2019-01-25 15:51:35,2084389.58565343,0.00000936,0.000000000333526752,6499557,2019-01-25 15:51:35,btc,2.0092503037378524,0.0,0.00000936,btc,160195.80207885,0.19272417,1.242687955921835,211
1,[],7,[],2019-06-21 08:22:52,1170054124.6898527,0.00000018,0.000000000017504514,7747971,2019-06-21 08:22:52,btc,1346840.2653139164,0.0,0.00000018,btc,6166479.26464841,0.0,11.954344045954047,212
1,[],12,[],2019-01-25 02:44:32,207462.42853209,0.000001080000000000000035831255497387193287295303889550268650054931640625,0.000000000038610756000000006,6493050,2019-01-25 02:44:32,btc,85023.03793723314,0.0,0.000001080000000000000035831255497387193287295303889550268650054931640625,btc,43675.73520027,0.000146250909087,0.0348620860622024,213
1,[],5,[],2019-05-30 00:07:46,0.0,0,0,7709357,2019-05-30 00:07:46,btc,0.0,0.06425239,0,btc,0.0,0.0,0.0,213
1,[],24,[],2019-05-30 00:07:46,0.0,0.000000399202,0.0000000000344859829346,7709358,2019-05-30 00:07:46,btc,0.0,0.0,0.000000399202,btc,0.0,0.0,0.0,213
1,[],26,[],2019-05-30 00:07:47,0.0,0.00000040,0.000000000034554919999999996,7709359,2019-05-30 00:07:47,btc,0.0,0.0,0.00000040,btc,0.0,0.0,0.0,213
0,[],22,[],2019-06-21 08:22:54,0.0,0,0,7747972,2019-06-21 08:22:54,,9.56923849,0.0,0,,3661587.2040649247,0.0,0.0,216
0,[],27,[],2019-06-21 08:23:01,0.0,0,0,7747973,2019-06-21 08:23:01,,95.90151902917752,0.0,0,"btc,ltc",650175.407688,0.0,0.0,216
1,[],22,[],2019-06-21 08:23:04,580126.4852813852,0.0000003,0.000000000029174189999999996,7747974,2019-06-21 08:23:04,BTC,12055.91758565,0.0,0.0000003,BTC,498026.3626290264,0.00765504,0.0345805,217
1,[],7,[],2019-06-21 08:23:05,0.0,0,0,7747975,2019-06-21 08:23:05,btc,1234860.113407799,0.0,0,btc,89033761.305454,0.0,0.0,219
0,[],27,[],2019-06-21 08:23:11,0.0,0,0,7747976,2019-06-21 08:23:11,,250.36597143533322,0.0,0,btc,7934668.36581025,0.0,0.0,219
0,[],28,[],2019-06-21 08:23:13,0.0,0,0,7747977,2019-06-21 08:23:13,,0.0,0.0,0,,0.0,0.0,0.0,219
1,[],22,[],2019-05-23 16:41:05,172069.0,0.00000004,0.0000000000031167080000000004,7674065,2019-05-23 16:41:05,BTC,56.76466137,0.0,0.00000004,BTC,127061.6482738741,0.0,0.00393676,221
1,[],24,[],2019-05-23 16:41:05,0.0,0.000000010000,0.0000000000007791770000000001,7674066,2019-05-23 16:41:05,btc,0.0,0.0,0.000000010000,btc,0.0,0.0,0.0,221
1,[],20,[],2019-06-17 14:34:11,26882155.8301,0.000000003,0.000000000000278742,7740192,2019-06-17 14:34:11,btc,100050.81956632523,233521.3529,0.000000003,btc,38769742.8604,0.0007925640587,0.0306863532672,224
0,[],22,[],2019-06-17 14:34:13,0.0,0,0,7740193,2019-06-17 14:34:13,,0.0,0.0,0,,0.0,0.0,0.0,224
1,[],26,[],2019-06-21 08:23:14,0.0,0.00000022,0.000000000021394406,7747978,2019-06-21 08:23:14,btc,0.0,0.0,0.00000022,btc,0.0,0.0,0.0,231
1,[],26,[],2019-06-21 08:23:15,0.0,0.00000005,0.000000000004862365,7747979,2019-06-21 08:23:15,btc,0.0,100.0,0.00000005,btc,0.0,0.0,0.0,234
0.0000000002940067,[],27,[],2019-06-21 08:23:22,100.0,2.940067e-18,2.859135775691e-22,7747980,2019-06-21 08:23:22,eth,0.0,0.0,0.00000001,"btc,eth",0.0,0.0,2.940067e-16,234
1,[],4,[],2019-05-22 17:06:12,91780.56053785,0.00000078,0.000000000061977552,7669277,2019-05-22 17:06:12,btc,5.573372450018177,0.0,0.00000078,btc,729173.93529783,0.0,0.0307060663355679,236
1,[],24,[],2019-05-22 17:06:12,0.0,0.000000010000,0.000000000000794584,7669278,2019-05-22 17:06:12,btc,0.0,0.0,0.000000010000,btc,0.0,0.0,0.0,236
1,[],5,[],2019-06-21 08:23:23,0.0,0,0,7747981,2019-06-21 08:23:23,btc,0.0,1.96169105,0,btc,0.0,0.0,0.0,237
1,[],20,[],2019-06-21 08:23:25,48197333.9082,0.000000081,0.0000000000078770313,7747982,2019-06-21 08:23:25,btc,8172547.773438817,26857703.8553,0.000000081,btc,30012391.2015,2.5016553826607,1.0380719532206,237
1,[],22,[],2019-06-21 08:23:28,2084614.0,0.00000004,0.000000000003889892,7747983,2019-06-21 08:23:28,BTC,1.20112207,0.0,0.00000004,"BTC,LTC",14507.148717948718,0.0,0.02587451,237
1,[],4,[],2019-06-21 08:23:29,40967034.22285209,0.00000007,0.000000000006807311,7747984,2019-06-21 08:23:29,btc,2.6400833579569927,0.0,0.00000007,btc,11806727.01020021,0.22215087,0.7978689891451309,238
1,[],5,[],2019-06-21 08:23:31,0.0,0,0,7747985,2019-06-21 08:23:31,btc,0.0,0.03590893,0,btc,0.0,0.0,0.0,238
0,[],22,[],2019-03-12 16:49:32,0.0,0,0,6914458,2019-03-12 16:49:32,,0.40415746,0.0,0,,526736.5639027493,0.0,0.0,249
0,[],22,[],2019-05-28 23:53:45,0.0,0,0,7703643,2019-05-28 23:53:45,,13.44714864,0.0,0,,43777534.3426455,0.0,0.0,252
0,[],28,[],2019-06-21 08:23:33,0.0,0,0,7747986,2019-06-21 08:23:33,,0.0,0.0,0,,0.0,0.0,0.0,256
1,[],22,[],2019-06-21 08:23:36,573068.0,0.00000001,0.000000000000972473,7747987,2019-06-21 08:23:36,BTC,31464.57242089,0.0,0.00000001,BTC,1034643.2230878276,0.000194,0.00573068,258
1,[],22,[],2019-05-19 18:12:02,400.0,0.00000001,0.0000000000007957800000000001,7653905,2019-05-19 18:12:02,BTC,2.415167,0.0,0.00000001,BTC,157.0,0.0,4e-06,259
1,[],5,[],2019-06-21 08:23:37,0.0,0,0,7747988,2019-06-21 08:23:37,btc,0.0,0.06313719,0,btc,0.0,0.0,0.0,264
1,[],20,[],2019-06-21 08:23:40,911825.8273,0.000000473,0.0000000000459979729,7747989,2019-06-21 08:23:40,btc,0.9571325128821,22900.9868,0.000000473,btc,38292.3694,0.0159986915591,0.0078978603167,264
0,[],22,[],2019-04-12 17:57:27,0.0,0,0,7278186,2019-04-12 17:57:27,,66.37522201,0.0,0,,677842.4169881374,0.0,0.0,271
0,[],22,[],2019-06-21 08:23:42,0.0,0,0,7747990,2019-06-21 08:23:42,,33050469.74148113,0.0,0,,14261527780.7,0.0,0.0,272
0,[],28,[],2019-06-21 08:23:45,0.0,0,0,7747991,2019-06-21 08:23:45,,0.0,0.0,0,,0.0,0.0,0.0,272
1,[],22,[],2019-05-23 07:12:29,219930.0,0.00000004,0.000000000003048688,7671985,2019-05-23 07:12:29,BTC,426.77835217,0.0,0.00000004,BTC,248664.3325962929,0.0,0.00739728,281
1,[],22,[],2019-06-21 08:23:49,43076.1,0.00000002,0.000000000001944946,7747992,2019-06-21 08:23:49,BTC,2.67867943,0.0,0.00000002,"BTC,LTC",1069550.9093393278,0.00253366,0.00511264,286
0,[],22,[],2019-06-17 14:34:53,0.0,0,0,7740207,2019-06-17 14:34:53,,7337915.80475575,0.0,0,,2078527309.6797826,0.0,0.0,294
