pairValue,buyBook,exchangeId,sellBook,updated,buyTotal,satoshiPrice,usdPrice,exchangeLogId,created,bestPair,sellTotalBtc,volume,pairPrice,activePairs,sellTotal,volumeBtc,buyTotalBtc,coinId
1,[],3,[],2019-06-25 01:47:31,32165.39727047189,0.010697550000000000114397380457376129925251007080078125,0.000001187094286439999951913180038,7760972,2019-06-25 01:47:31,btc,11.076413538547289,58.1544518351,0.010697550000000000114397380457376129925251007080078125,btc,21.494226440573,0.0,0.3795187464485406,1
1,[],4,[],2019-06-25 01:47:32,353583.06329725,0.01064506,0.000001181269534127999939516877788,7760973,2019-06-25 01:47:32,btc,8.767023636178626,0.0,0.01064506,btc,392.01659285,3.79585795,0.9019291757287518,1
1,[],5,[],2019-06-25 01:47:34,0.0,0,0,7760974,2019-06-25 01:47:34,btc,0.0,0.25171047,0,btc,0.0,0.0,0.0,1
1,[],10,[],2019-06-25 01:47:36,308418.92627927,0.00326997,0.00000036286464693599997,7760975,2019-06-25 01:47:36,btc,6522.199925664604,2084.52886285,0.00326997,btc,1435.25090347,0.0,1.5370512512907708,1
1,[],12,[],2019-06-25 01:47:39,92.18559362,0.01051999999999999983735232689241456682793796062469482421875,0.000001167391775999999922178626827,7760976,2019-06-25 01:47:39,btc,0.3452583721393,0.0,0.01051999999999999983735232689241456682793796062469482421875,btc,29.88191895,2.416433464549,0.1968652851471,1
1,[],20,[],2019-06-25 01:47:42,919.133,0.010300021,0.000001142980970344799941477321036,7760977,2019-06-25 01:47:42,btc,0.1528571904591,0.7479,0.010300021,btc,11.283,0.0089818881805,0.1361756757561,1
1,[],21,[],2019-06-25 01:47:43,1847.99860925,0.01053194000000000005168310224,0.000001168716743471999945894815055,7760978,2019-06-25 01:47:43,btc,24.508592636786528,2458.0580969400003,0.0105319400000000000516831022423502872698009014129638671875,"btc,eth",2649.16354848,22.504915777418514,14.731534025001523,1
1,[],22,[],2019-06-25 01:47:47,0.0199,0.00110000,0.00000012206568,7760979,2019-06-25 01:47:47,BTC,0.01666796,0.0,0.00110000,BTC,0.25318100557485945,0.0,2.189e-05,1
1,[],24,[],2019-06-25 01:47:47,0.0,0.000000000000,0,7760980,2019-06-25 01:47:47,btc,0.0,0.0,0.000000000000,btc,0.0,0.0,0.0,1
0.0,[],25,[],2019-06-25 01:47:48,0.0,0,0,7760981,2019-06-25 01:47:48,btc,50.084499998259794,7387.2479631,0.0,btc,4613.85101509,79.9401,0.0,1
1,[],26,[],2019-06-25 01:47:50,0.0,0,0,7760982,2019-06-25 01:47:50,,0.0,0.0,0,,0.0,0.0,0.0,1
0,[],28,[],2019-06-25 01:47:52,0.0,0,0,7760983,2019-06-25 01:47:52,,0.0,0.0,0,,0.0,0.0,0.0,1
0,[],2,[],2019-01-20 23:28:45,0.0,0,0,6477011,2019-01-20 23:28:45,,0.0,0.0,0,,0.0,0.0,0.0,1
1,[],5,[],2019-06-17 14:29:02,0.0,0,0,7740076,2019-06-17 14:29:02,btc,0.0,2.72e-05,0,btc,0.0,0.0,0.0,2
1,[],22,[],2019-06-17 14:29:06,11550.3,0.0000002,0.0000000000185828,7740077,2019-06-17 14:29:06,BTC,21.00897301,0.0,0.0000002,"BTC,XMR",20678.87287795317,1.754e-05,0.00143681,2
1,[],5,[],2019-06-03 14:48:58,0.0,0,0,7731126,2019-06-03 14:48:58,btc,0.0,0.05905545,0,btc,0.0,0.0,0.0,3
1,[],12,[],2019-06-03 14:48:59,3468623.70302,0.000000116,0.000000000009823402000000002,7731127,2019-06-03 14:48:59,btc,169531.0336573751,0.0,0.000000116,btc,2361209.62379607,0.041350953071,0.33764769154428,3
0,[],28,[],2019-06-03 14:49:00,0.0,0,0,7731128,2019-06-03 14:49:00,,0.0,0.0,0,,0.0,0.0,0.0,3
0,[],2,[],2019-01-20 23:31:32,0.0,0,0,6477077,2019-01-20 23:31:32,,0.0,0.0,0,,0.0,0.0,0.0,4
1,[],4,[],2019-05-18 21:29:50,562734.9206932,0.00000010,0.000000000007298720000000001,7650946,2019-05-18 21:29:50,btc,41.9347137769675,0.0,0.00000010,btc,1123702.32192634,0.00052462,0.029254593370966,4
0,[],12,[],2019-06-02 05:03:43,0.0,0,0,7724919,2019-06-02 05:03:43,btc,625.901992874995,0.0,0,btc,1211362.4995005,0.0,0.0,5
0,[],2,[],2019-01-20 23:31:51,0.0,0,0,6477087,2019-01-20 23:31:51,,0.0,0.0,0,,0.0,0.0,0.0,6
1,[],11,[],2019-06-25 01:47:54,5614839.276736,0.00000002,0.000000000002219376,7760984,2019-06-25 01:47:54,btc,9583.590213561649,1938000.0,0.00000002,btc,75296651.28160685,0.0,0.07043955276736,6
1,[],3,[],2019-06-25 01:47:55,12621.145418483076,0.00008500000000000000610622663543836097232997417449951171875,0.000000009432348,7760985,2019-06-25 01:47:55,btc,2027.8873425354268,517.254334368,0.00008500000000000000610622663543836097232997417449951171875,btc,417.230398928042,0.0,0.02341589108341417,7
1,[],4,[],2019-06-25 01:47:56,301079.69664501,0.00007000,0.000000007767816,7760986,2019-06-25 01:47:56,btc,7.186134170001614,0.0,0.00007000,btc,55341.4174564,2.03514853,1.6879381438878471,7
1,[],5,[],2019-06-25 01:47:57,0.0,0,0,7760987,2019-06-25 01:47:57,btc,0.0,0.05651616,0,btc,0.0,0.0,0.0,7
1,[],20,[],2019-04-07 22:06:50,3201475.0482,0.000000001,0.000000000000051590000000000004,7213932,2019-04-07 22:06:50,btc,30.8005781811902,0.0,0.000000001,btc,23077405.3926,0.0,0.0032014750482,8
0,[],2,[],2019-01-20 23:22:42,0.0,0,0,6476876,2019-01-20 23:22:42,,0.0,0.0,0,,0.0,0.0,0.0,9
0,[],23,[],2019-01-20 23:22:48,0.0,0,0,6476878,2019-01-20 23:22:48,,0.0,0.0,0,,0.0,0.0,0.0,9
1,[],4,[],2019-06-25 01:47:59,1458954.06658,0.00000052,0.000000000057703775999999994,7760988,2019-06-25 01:47:59,btc,2.9222744985591684,0.0,0.00000052,btc,2886275.32239268,0.38840809,0.347520512828022,9
0,[],28,[],2019-06-25 01:48:00,0.0,0,0,7760989,2019-06-25 01:48:00,,0.0,0.0,0,,0.0,0.0,0.0,9
1,[],1,[],2019-02-17 23:31:42,1822507.21,0.00000181000000000000003456111265232042484285557293333113193511962890625,0.000000000066086901,6701244,2019-02-17 23:31:42,btc,3.6990969245,17153386.5,0.00000181000000000000003456111265232042484285557293333113193511962890625,btc,1997391.71,31.11772986,3.2610482446,9
1,[],4,[],2019-02-17 11:22:43,4341674.27126056,0.00000002,0.0000000000007272960000000001,6696112,2019-02-17 11:22:43,btc,0.1997230937751353,0.0,0.00000002,btc,4109766.79808031,0.00215132,0.0479381022052112,10
0,[],2,[],2019-01-20 23:23:08,0.0,0,0,6476890,2019-01-20 23:23:08,,0.0,0.0,0,,0.0,0.0,0.0,12
1,[],4,[],2019-06-25 01:48:01,40754595.70883047,0.00000029,0.000000000032180952,7760990,2019-06-25 01:48:01,btc,6.858429879291149,0.0,0.00000029,btc,8513047.21964238,0.81801017,2.0892792831723126,12
1,[],5,[],2019-06-25 01:48:03,0.0,0,0,7760991,2019-06-25 01:48:03,btc,0.0,0.00869723,0,btc,0.0,0.0,0.0,12
0.0,[],25,[],2019-06-25 01:48:04,0.0,0,0,7760992,2019-06-25 01:48:04,,0.0,0.0,0.0,btc,0.0,0.0,0.0,12
1,[],4,[],2019-06-25 01:48:05,562538.82119775,0.00000348,0.00000000038617142399999997,7760993,2019-06-25 01:48:05,btc,2.0654639485966944,0.0,0.00000348,btc,336739.87874919,0.49733568,0.3041775567717426,13
1,[],21,[],2019-06-25 01:48:08,5844703.79387581,0.000003509999999999999851753784350,0.00000000038950048799999997,7760994,2019-06-25 01:48:08,btc,3.2695856956837623,949819.41009418,0.00000350999999999999985175378434953952222485895617865025997161865234375,btc,739237.03278301,3.37088738,3.433961780723877,13
1,[],10,[],2019-06-25 00:47:51,577378.06314311,0.0000034,0.00000000037669518000000004,7760872,2019-06-25 00:47:51,btc,666798.2916671806,35938.206872,0.0000034,btc,872415.33075247,0.0,0.2678042739687688,13
1,[],4,[],2019-06-25 01:48:09,1025351.12865572,0.00000064,0.000000000071020032,7760995,2019-06-25 01:48:09,btc,9.405365146188474,0.0,0.00000064,btc,1274023.04019459,0.00567526,0.1051309079240149,14
1,[],12,[],2019-06-25 01:48:10,216127.57263213,0.00000056,0.000000000062142528,7760996,2019-06-25 01:48:10,btc,193.47209410362035,0.0,0.00000056,btc,26427.59520206,0.000557581878,0.0171879999999901,14
0,[],17,[],2019-05-03 00:53:32,0.0,0,0,7558876,2019-05-03 00:53:32,btc,0.0,0.0,0,btc,0.0,0.0,0.0,14
1,[],26,[],2019-06-25 00:49:54,0.0,0.00000050,0.000000000055396350000000004,7760876,2019-06-25 00:49:54,btc,0.0,0.0,0.00000050,btc,0.0,0.0,0.0,14
,[],12,[],2018-12-01 15:15:48,204241.84496,0.00000489,0.000000000202473384,5260204,2018-12-01 15:15:48,btc,49.5475654835,0.0,,btc,35763.2193806,0.0163153972027625,0.0203389899998,15
0,[],4,[],2019-06-25 00:49:55,0.0,0,0,7760877,2019-06-25 00:49:55,,0.0,0.0,0,,0.0,0.0,0.0,15
0,[],2,[],2019-01-20 23:23:38,0.0,0,0,6476906,2019-01-20 23:23:38,,0.0,0.0,0,,0.0,0.0,0.0,18
0,[],17,[],2019-05-03 00:53:39,0.0,0,0,7558882,2019-05-03 00:53:39,btc,0.0,0.0,0,btc,0.0,0.0,0.0,18
1,[],4,[],2019-06-25 00:49:56,31855.54653012,0.00000918,0.000000001017076986,7760878,2019-06-25 00:49:56,btc,2.45298713958197,0.0,0.00000918,btc,16783.92177132,0.02162021,0.0477989617010118,18
1,[],10,[],2019-06-25 00:49:58,398189.05262274,0.00000846,0.000000000937306242,7760879,2019-06-25 00:49:58,btc,14.898596367799302,13735.0340458,0.00000846,btc,11641.80622561,0.0,0.1774443983053685,18
1,[],12,[],2019-06-25 00:49:59,934.04385043,0.000009500000000000000523019128007007338965195231139659881591796875,0.00000000105253065,7760880,2019-06-25 00:49:59,btc,0.5224326158693589,0.0,0.000009500000000000000523019128007007338965195231139659881591796875,btc,1928.46661749,6.09898e-07,0.0037267240859529,18
0,[],2,[],2019-01-20 23:24:19,0.0,0,0,6476924,2019-01-20 23:24:19,,0.0,0.0,0,,0.0,0.0,0.0,19
1,[],3,[],2019-06-25 00:52:00,153446.0463820649,0.000008790000000000000544560056769949341060055303387343883514404296875,0.0000000009738678330000002,7760881,2019-06-25 00:52:00,btc,190.32795868369683,13854.7859271,0.000008790000000000000544560056769949341060055303387343883514404296875,btc,18499.607774457105,0.0,0.0552397961659426,19
1,[],4,[],2019-06-25 00:52:01,336898.11311602,0.00000925,0.000000001024832475,7760882,2019-06-25 00:52:01,btc,5.609034727931299,0.0,0.00000925,btc,253099.50136795,0.28191279,1.444783871854403,19
1,[],5,[],2019-06-25 00:52:02,0.0,0,0,7760883,2019-06-25 00:52:02,btc,0.0,0.00221556,0,btc,0.0,0.0,0.0,19
1,[],12,[],2019-06-25 00:52:03,109040.77872349,0.0000070299999999999996077638432512291188913877704180777072906494140625,0.000000000778872681,7760884,2019-06-25 00:52:03,btc,1.206812433163991,0.0,0.0000070299999999999996077638432512291188913877704180777072906494140625,btc,2973.67008334,0.0,0.019964621376261298,19
0,[],27,[],2019-06-25 00:52:09,0.0,0,0,7760885,2019-06-25 00:52:09,,0.0,0.0,0,btc,0.0,0.0,0.0,19
1,[],4,[],2019-06-25 00:52:09,10087097.23656777,0.00000005,0.000000000005539635,7760886,2019-06-25 00:52:09,btc,5.170297171161309,0.0,0.00000005,btc,2243203.91669223,0.0,0.1176747238096551,20
0,[],17,[],2019-05-03 00:53:51,0.0,0,0,7558891,2019-05-03 00:53:51,btc,0.0,0.0,0,btc,0.0,0.0,0.0,21
0,[],4,[],2019-06-25 00:52:10,0.0,0,0,7760887,2019-06-25 00:52:10,,11340.23298842239,0.0,0,,83615259.30349497,0.0,0.0,21
0,[],12,[],2019-06-25 00:52:11,0.0,0,0,7760888,2019-06-25 00:52:11,btc,2602.9689298654944,0.0,0,btc,7531299.34765232,3.996e-07,0.0,21
1,[],12,[],2019-06-25 00:54:13,5928599456.277,0.0000000004,0.00000000000004431708,7760889,2019-06-25 00:54:13,btc,1426624034798.6938,0.0,0.0000000004,btc,2702146919.841159,0.014923160439,1.4785214222108003,23
0.00000000028050350000000004,[],27,[],2019-06-25 00:54:19,65740675.0,8.415105000000001e-18,9.323322037335001e-22,7760890,2019-06-25 00:54:19,eth,1046.1271035479006,321483.0,0.00000003,eth,7723385.70979221,2.705313200715e-12,2.73321261178165e-10,23
1,[],4,[],2019-06-22 05:45:29,6100414.07522138,0.00000017,0.00000000001823352,7751732,2019-06-22 05:45:29,btc,10.22685272773715,0.0,0.00000017,btc,1790815.48208265,0.0,0.1345450262400025,24
0,[],22,[],2019-06-22 05:45:31,0.0,0,0,7751733,2019-06-22 05:45:31,,6.22e-05,0.0,0,,517.4264705882352,0.0,0.0,24
0.0,[],25,[],2019-06-22 05:45:32,0.0,0,0,7751734,2019-06-22 05:45:32,,0.0,0.0,0.0,btc,0.0,0.0,0.0,24
0,[],2,[],2019-01-20 23:25:56,0.0,0,0,6476976,2019-01-20 23:25:56,,0.0,0.0,0,,0.0,0.0,0.0,26
1,[],4,[],2019-06-25 00:54:20,26922130.45785439,0.00000393,0.000000000435415311,7760891,2019-06-25 00:54:20,btc,6.476205312052399,0.0,0.00000393,btc,211567.67863462,0.07284638,0.3875627256328515,26
1,[],10,[],2019-06-25 00:54:22,162280.48121622,0.00000457,0.0000000005063226390000001,7760892,2019-06-25 00:54:22,btc,25.360499479715138,5689.42217341,0.00000457,btc,19949.46566142,0.0,0.0499681151986816,26
1,[],5,[],2019-04-26 09:47:06,0.0,0,0,7465326,2019-04-26 09:47:06,btc,0.0,0.0,0,btc,0.0,0.0,0.0,27
1,[],3,[],2019-06-17 14:30:26,13571825.64059417,0.00000001,0.00000000000092914,7740112,2019-06-17 14:30:26,btc,3.485049956644059,4264730.43754,0.00000001,btc,23500048.28518193,0.0,0.1357182564059417,27
1,[],11,[],2019-06-17 14:30:28,2031833.58157834,0.00000001,0.00000000000092914,7740113,2019-06-17 14:30:28,btc,67502.92060589766,32677.9652116,0.00000001,btc,6487362.95640949,0.0,0.0203183358157834,27
1,[],4,[],2019-06-25 00:54:23,886145339.3298097,0.00000001,0.000000000001107927,7760893,2019-06-25 00:54:23,btc,5.928263811090253,0.0,0.00000001,"btc,ltc",411310243.8946474,0.07038836,5.3122839081157744,29
1,[],7,[],2019-06-25 00:54:25,88235545.39145988,0.00000001,0.000000000001107927,7760894,2019-06-25 00:54:25,btc,46548272.19330677,0.0,0.00000001,btc,36539993.21302779,0.0,0.8823554539145988,29
0,[],17,[],2019-05-03 01:11:25,0.0,0,0,7559066,2019-05-03 01:11:25,btc,0.0,0.0,0,btc,0.0,0.0,0.0,30
1,[],4,[],2019-06-25 00:54:26,15492325.97378427,0.00000005,0.000000000005539635,7760895,2019-06-25 00:54:26,btc,2.5882812799918344,0.0,0.00000005,btc,2237643.51667946,0.0,0.1716198680678411,30
1,[],4,[],2019-06-25 00:56:26,228609.95788585,0.00003202,0.0000000035475822540000003,7760896,2019-06-25 00:56:26,btc,3.4712561043237056,0.0,0.00003202,btc,55795.46936889,0.57801901,0.3504064362362065,31
1,[],21,[],2019-06-25 00:56:28,712705.87103529,0.00003108000000000000058409874160,0.000000003443437116,7760897,2019-06-25 00:56:28,btc,3.1663386218267155,431297.74975151,0.0000310800000000000005840987415961507167594390921294689178466796875,btc,89718.47905822001,13.73059211,3.9512170804916775,31
0,[],2,[],2019-01-20 23:28:43,0.0,0,0,6477009,2019-01-20 23:28:43,,0.0,0.0,0,,0.0,0.0,0.0,32
0,[],4,[],2019-06-25 00:56:29,0.0,0,0,7760898,2019-06-25 00:56:29,,0.0,0.0,0,,0.0,0.0,0.0,33
1,[],12,[],2019-03-30 07:55:10,40641173.964,0.00000003,0.000000000001228359,7108785,2019-03-30 07:55:10,btc,4233210.82356125,0.0,0.00000003,btc,28378394.68333462,0.0126927883965248,0.90752895892,33
0.0000000001234768,[],4,[],2019-06-25 00:56:30,150323228.6667101,6.4207936e-17,7.1137705908672e-21,7760899,2019-06-25 00:56:30,ltc,4.300296906185158,0.0,0.00000052,ltc,164801364.98005176,0.0,8.620762407285986e-10,34
1,[],5,[],2019-06-25 00:56:31,0.0,0,0,7760900,2019-06-25 00:56:31,btc,0.0,0.0,0,btc,0.0,0.0,0.0,34
0.0000000002926451,[],17,[],2019-05-02 18:17:47,200000.0,2.9264510000000002e-18,1.596703856561e-22,7556430,2019-05-02 18:17:47,eth,0.20942468735267253,0.0,0.00000001,"btc,eth",1018272.20243647,0.0,5.852902e-13,36
0.0000000001311821,[],4,[],2019-05-31 13:28:19,2417517744.0607657,1.311821e-18,1.105058333085e-22,7717483,2019-05-31 13:28:19,ltc,5.019900492391546e-08,0.0,0.00000001,ltc,7102398142.262129,0.0,3.171350544531538e-09,36
1,[],5,[],2019-05-31 13:28:21,0.0,0,0,7717484,2019-05-31 13:28:21,btc,0.0,0.0,0,btc,0.0,0.0,0.0,36
0.0000000003108179,[],27,[],2019-05-31 13:30:34,10388811.226876,6.216358000000001e-18,5.236566733830001e-22,7717485,2019-05-31 13:30:34,eth,1569.8708019850988,761866.634299,0.00000002,"ltc,eth",5084024.2511555,4.736034912207001e-12,3.3251980286483705e-11,36
1,[],4,[],2019-06-25 00:56:32,10754959.07931615,0.00000014,0.000000000015510978000000002,7760901,2019-06-25 00:56:32,btc,19773.05448572964,0.0,0.00000014,btc,682946.14349671,0.00033075,0.1368336699028938,37
1,[],12,[],2019-06-25 00:56:33,4186885.54235103,0.00000013,0.000000000014403051,7760902,2019-06-25 00:56:33,btc,7.380136537003002,0.0,0.00000013,btc,1706677.53027803,0.018450337022,0.15028400479563359,37
1,[],27,[],2019-06-25 00:58:37,11304.0,0.00000019,0.000000000021050613000000003,7760903,2019-06-25 00:58:37,btc,22.62970013895233,0.0,0.00000019,btc,4298.824295,0.0,0.00168776,37
1,[],17,[],2019-05-03 01:11:36,211752.74075282,0.00000025,0.000000000013700074999999998,7559074,2019-05-03 01:11:36,btc,0.055484923955058496,0.0,0.00000025,"btc,eth",1387.19918473,0.0,0.0005381851887916605,37
1,[],5,[],2019-06-25 00:58:38,0.0,0,0,7760904,2019-06-25 00:58:38,btc,0.0,0.22998164,0,btc,0.0,0.0,0.0,42
1,[],12,[],2019-06-25 00:58:39,1323907.73780588,0.00000181999999999999993881738720447049928452543099410831928253173828125,0.00000000020164271400000002,7760905,2019-06-25 00:58:39,btc,537.8711435617058,0.0,0.00000181999999999999993881738720447049928452543099410831928253173828125,btc,134693.08638472,0.117163598209,0.0542969199999105,42
1,[],27,[],2019-06-25 00:58:45,889.0,0.00000140,0.00000000015510978,7760906,2019-06-25 00:58:45,btc,0.07600425,0.0,0.00000140,"btc,eth",18.0,0.0,0.0005422000002946969,42
1,[],12,[],2019-03-13 09:13:29,1112112.0,0.00000001,0.000000000000386531,6919902,2019-03-13 09:13:29,btc,29058.00478931866,0.0,0.00000001,btc,5967681.93306694,9.99000999e-07,0.01112112,43
1,[],5,[],2019-04-26 22:38:52,0.0,0,0,7474154,2019-04-26 22:38:52,btc,0.0,0.02638891,0,btc,0.0,0.0,0.0,43
0,[],17,[],2019-04-26 22:38:53,0.0,0,0,7474155,2019-04-26 22:38:53,btc,0.0,0.0,0,btc,0.0,0.0,0.0,43
1,[],12,[],2019-03-05 01:54:08,639326.02,0.00000004,0.000000000001486676,6845775,2019-03-05 01:54:08,btc,11116042.728239931,0.0,0.00000004,btc,1103841.4595604,0.0003330765234764,0.014975410599999999,44
0.0000000001234768,[],4,[],2019-06-25 00:58:46,106678477.19824575,4.939072e-17,5.472131223744001e-21,7760907,2019-06-25 00:58:46,ltc,1601.8845327784754,0.0,0.0000004,ltc,25994575.67580088,0.00075699,5.895533563995356e-10,49
0.0000000001234768,[],4,[],2019-06-25 00:58:47,319018354.31463796,2.3460592e-17,2.5992623312784002e-21,7760908,2019-06-25 00:58:47,ltc,28149.846493547695,0.0,0.00000019,ltc,199890635.48732096,0.0,2.393811679823767e-09,52
0,[],22,[],2019-06-25 00:58:50,0.0,0,0,7760909,2019-06-25 00:58:50,,10289.80784133,0.0,0,,287058287.4566013,0.0,0.0,57
0,[],27,[],2019-06-25 00:58:55,0.0,0,0,7760910,2019-06-25 00:58:55,,0.0,0.0,0,"btc,eth",0.0,0.0,0.0,57
0,[],4,[],2019-06-25 00:58:56,0.0,0,0,7760911,2019-06-25 00:58:56,,19.719367750294293,0.0,0,,5725492936.402391,0.0,0.0,58
1,[],12,[],2019-06-25 00:58:57,453022342.0999,0.0000000001,0.00000000000001107927,7760912,2019-06-25 00:58:57,btc,45622698.54223669,0.0,0.0000000001,btc,2998830854.2636933,0.011996541194,0.04530223420999,58
0.0000000001062394,[],22,[],2019-06-25 01:01:00,126877.0,1.062394e-18,1.177054997238e-22,7760913,2019-06-25 01:01:00,XMR,68.17454206,0.0,0.00000001,XMR,9626402.6,0.0,0.00126877,58
1,[],17,[],2019-05-03 01:12:09,1200000.0,0.0000000001,0.00000000000000548003,7559085,2019-05-03 01:12:09,btc,1e+24,0.0,0.0000000001,"btc,eth",39516342.31952568,0.0,0.00010000000058666061,58
1,[],5,[],2019-06-17 14:31:27,0.0,0,0,7740135,2019-06-17 14:31:27,btc,0.0,0.00079154,0,btc,0.0,0.0,0.0,61
1,[],22,[],2019-06-17 14:31:30,13612.833333333334,0.00000012,0.00000000001114968,7740136,2019-06-17 14:31:30,BTC,1002.29123003,0.0,0.00000012,BTC,15014.200177125656,0.0,0.00153257,61
1,[],26,[],2019-06-17 14:31:30,0.0,0.00000050,0.000000000046457,7740137,2019-06-17 14:31:30,btc,0.0,0.0,0.00000050,btc,0.0,0.0,0.0,61
1,[],27,[],2019-06-17 14:31:36,8400.0,0.00000018,0.00000000001672452,7740138,2019-06-17 14:31:36,btc,1.9742539297246655,0.0,0.00000018,"btc,eth",10953.51663696,0.0,0.001512,61
0,[],28,[],2019-06-17 14:31:38,0.0,0,0,7740139,2019-06-17 14:31:38,,0.0,0.0,0,,0.0,0.0,0.0,61
1,[],4,[],2019-06-25 01:01:01,560942.75048849,0.00000073,0.00000000008087867100000001,7760914,2019-06-25 01:01:01,btc,3.5252590415817866,0.0,0.00000073,btc,1299881.13126882,0.06916517,0.3099624490459329,67
0.0,[],25,[],2019-06-25 01:01:04,0.0,0,0,7760915,2019-06-25 01:01:04,,0.0,0.0,0.0,btc,0.0,0.0,0.0,67
1,[],12,[],2019-06-02 06:23:14,910048.355,0.00000006,0.000000000005154929999999999,7725270,2019-06-02 06:23:14,btc,5.167005424215783,0.0,0.00000006,btc,738530.60239759,0.003159757462,0.0187188113,71
,[],5,[],2018-11-20 23:02:39,1.5e-07,0.00000005,0.000000000002128045,4862160,2018-11-20 23:02:39,btc,2.84511358,0.0,,btc,0.00036572,0.0,0.07381892,74
1,[],5,[],2019-06-25 01:01:05,0.0,0,0,7760916,2019-06-25 01:01:05,btc,0.0,0.00492861,0,btc,0.0,0.0,0.0,75
1,[],4,[],2019-06-04 03:25:15,715281.46076168,0.00000001,0.000000000000803619,7734085,2019-06-04 03:25:15,btc,581089.6218469425,0.0,0.00000001,btc,37692563.61091116,0.0,0.0071528146076168,81
0,[],20,[],2019-01-25 09:30:31,0.0,0,0,6495923,2019-01-25 09:30:31,btc,0.0,0.0,0,btc,0.0,0.0,0.0,81
1,[],4,[],2019-06-25 01:01:06,188073.51079369,0.00008952,0.000000009918162504000001,7760917,2019-06-25 01:01:06,btc,57.024299747792774,0.0,0.00008952,btc,111223.19618253,1.01870571,0.1827820575792695,82
1,[],21,[],2019-06-25 01:01:08,59573.95347744,0.00009932999999999999934854194583,0.000000011005038891000001,7760918,2019-06-25 01:01:08,btc,6.504747419992307,13642.80943042,0.000099329999999999999348541945831669863764545880258083343505859375,btc,51425.53287219,1.2934379,4.245346018467411,82
0,[],17,[],2019-03-25 22:42:34,0.0,0,0,7038780,2019-03-25 22:42:34,btc,0.0445064681804024,0.0,0,btc,995513.18476001,0.0,0.0,84
0.0000000001161485,[],4,[],2019-05-20 13:09:39,216715621.0206096,1.161485e-18,9.0533806701e-23,7657228,2019-05-20 13:09:39,ltc,1.6511566870244727,0.0,0.00000001,ltc,471032407.9048656,0.0,2.5171194308112273e-10,85
,[],22,[],2018-11-20 23:09:34,3408.1,0.0000001,0.0000000000041895,4862324,2018-11-20 23:09:34,BTC,0.04624735,0.0,,BTC,4990.0,0.0,0.00033081,86
1,[],22,[],2019-06-25 01:01:11,68694.0,0.00000005,0.000000000005539635,7760919,2019-06-25 01:01:11,BTC,1.84070553,0.0,0.00000005,BTC,241024.94736842104,0.0003,0.00092846,87
1,[],27,[],2019-06-25 01:01:15,269536.0,0.00000003,0.0000000000033237810000000004,7760920,2019-06-25 01:01:15,btc,2.02257544326,0.0,0.00000003,btc,559681.402,0.0,0.00708608,87
,[],2,[],2018-11-20 23:10:47,0.0,0,0,4862359,2018-11-20 23:10:47,,0.0,0.0,,,0.0,0.0,0.0,88
1,[],11,[],2019-06-17 14:31:59,193715.3529613,0.000073310000000000001140094962881477158589405007660388946533203125,0.00000000681152534,7740147,2019-06-17 14:31:59,btc,168.35454702024953,5791.70569014,0.000073310000000000001140094962881477158589405007660388946533203125,btc,196971.41170107,0.0,1.1996165759440112,89
0,[],2,[],2019-01-20 23:31:45,0.0,0,0,6477083,2019-01-20 23:31:45,,0.0,0.0,0,,0.0,0.0,0.0,91
1,[],12,[],2019-06-18 02:35:48,427715.74,0.00000015,0.000000000013911045000000001,7746087,2019-06-18 02:35:48,btc,116.61022144471085,0.0,0.00000015,btc,193315.55943968,0.000180759303,0.0129558314,91
1,[],22,[],2019-06-20 20:27:07,75910.0,0.00000002,0.000000000001914908,7746207,2019-06-20 20:27:07,BTC,0.49565371,0.0,0.00000002,"BTC,LTC",6.384990670617935,0.0,0.0016592,91
0,[],17,[],2019-05-03 01:12:26,0.0,0,0,7559096,2019-05-03 01:12:26,btc,0.0,0.0,0,btc,0.0,0.0,0.0,91
1,[],22,[],2019-06-25 01:01:19,105655.66666666667,0.00000003,0.0000000000033237810000000004,7760921,2019-06-25 01:01:19,BTC,11.44342361,0.0,0.00000003,"BTC,LTC",308835.4683191416,0.0,0.06677967,95
0.0000000001234768,[],4,[],2019-06-25 01:01:20,537486038.3293272,2.5930128e-17,2.8728688924656e-21,7760922,2019-06-25 01:01:20,ltc,10.950450785703602,0.0,0.00000021,ltc,156961828.70661703,0.0,8.108856001210894e-10,96
0,[],12,[],2019-06-25 01:01:21,0.0,0,0,7760923,2019-06-25 01:01:21,btc,36.49987924884116,0.0,0,btc,9852353.88411588,0.0,0.0,96
0,[],17,[],2019-05-03 01:12:32,0.0,0,0,7559100,2019-05-03 01:12:32,btc,0.0,0.0,0,btc,0.0,0.0,0.0,96
1,[],4,[],2019-04-14 03:32:46,1039404.33283278,0.00000038,0.000000000019245518,7293458,2019-04-14 03:32:46,btc,4.170086055365747,0.0,0.00000038,btc,3097704.34561074,0.06260606,0.1859928211030784,99
1,[],4,[],2019-06-25 01:03:22,254558.95542618,0.00001055,0.000000001168862985,7760924,2019-06-25 01:03:22,btc,7.14534930136188,0.0,0.00001055,btc,166449.12953839,0.11209435,0.1648316822759512,100
0,[],2,[],2019-01-20 23:23:55,0.0,0,0,6476914,2019-01-20 23:23:55,,0.0,0.0,0,,0.0,0.0,0.0,100
1,[],22,[],2019-06-05 06:30:35,150000.0,0.00000002,0.000000000001558192,7740007,2019-06-05 06:30:35,BTC,28.56386409,0.0,0.00000002,BTC,12787.719,0.0,0.0017,101
1,[],4,[],2019-06-25 01:03:23,546665.16611242,0.00000156,0.000000000172836612,7760925,2019-06-25 01:03:23,btc,882.5838490303806,0.0,0.00000156,btc,738362.84314064,0.00914705,0.0974471147450508,103
1,[],12,[],2019-06-17 14:32:14,179201505.10870332,0.000000005,0.00000000000046457,7740154,2019-06-17 14:32:14,btc,113577.79366343976,0.0,0.000000005,btc,79148141.67831126,0.019059029059,0.27280986350611003,105
1,[],27,[],2019-06-17 14:32:19,18306828.03496503,0.00000002,0.00000000000185828,7740155,2019-06-17 14:32:19,btc,180.7198218385489,1083.96503497,0.00000002,btc,276513.60142659,7.588e-05,0.3661365606993006,105
1,[],22,[],2019-04-21 00:17:26,21333.0,0.00000001,0.000000000000532493,7385819,2019-04-21 00:17:26,BTC,51.38182867,0.0,0.00000001,BTC,470435.0,0.0,0.00021333,107
1,[],26,[],2019-04-21 00:17:26,0.0,0.00000000,0,7385820,2019-04-21 00:17:26,btc,0.0,0.0,0.00000000,btc,0.0,0.0,0.0,107
1,[],5,[],2019-06-25 01:03:26,0.0,0,0,7760926,2019-06-25 01:03:26,btc,0.0,0.0,0,btc,0.0,0.0,0.0,112
0,[],22,[],2019-06-25 01:03:29,0.0,0,0,7760927,2019-06-25 01:03:29,,6.79500102,0.0,0,,3375892.0833333335,0.0,0.0,112
1,[],27,[],2019-06-25 01:03:35,1.0,0.00000001,0.000000000001107927,7760928,2019-06-25 01:03:35,btc,1.14885,0.0,0.00000001,"btc,eth",39.0,0.0,1e-08,112
1,[],4,[],2019-06-25 01:03:36,1017416.20010419,0.00000061,0.000000000067583547,7760929,2019-06-25 01:03:36,btc,4.640750058193136,0.0,0.00000061,btc,733163.09659372,0.02102241,0.2073368714439731,113
1,[],5,[],2019-06-25 01:03:37,0.0,0,0,7760930,2019-06-25 01:03:37,btc,0.0,0.0002604,0,btc,0.0,0.0,0.0,113
1,[],17,[],2019-04-26 02:17:47,162738.278,0.00000004,0.0000000000021069000000000002,7461287,2019-04-26 02:17:47,btc,1.3331140273775473,0.0,0.00000004,btc,51796.221,0.0,0.00230953112,116
1,[],27,[],2019-05-22 05:13:01,210000.0,0.00000001,0.00000000000079145,7666372,2019-05-22 05:13:01,btc,3919.0005001478,0.0,0.00000001,btc,128660.871,0.0,0.0021,116
1,[],4,[],2019-05-21 22:31:11,138169.03963019,0.00000701,0.000000000558364025,7664793,2019-05-21 22:31:11,btc,150.95388250938234,0.0,0.00000701,btc,344631.17141974,0.07552974,0.4288357684941946,120
1,[],7,[],2019-05-21 22:31:12,3901.07750076,0.000010679999999999999389654892212320191902108490467071533203125,0.0000000008506887,7664794,2019-05-21 22:31:12,btc,231188.94669936574,0.0,0.000010679999999999999389654892212320191902108490467071533203125,btc,4133.83151364,0.0,0.0113888422364489,120
1,[],20,[],2019-04-07 18:42:29,1914137.0852,0.000000035,0.0000000000017871910000000002,7211992,2019-04-07 18:42:29,btc,32.2497668025648,25528.85,0.000000035,btc,1001975.4986,0.00089350975,0.0152723574729,125
1,[],22,[],2019-06-17 14:32:38,10000.0,0.00000001,0.00000000000092914,7740161,2019-06-17 14:32:38,BTC,0.032061,0.0,0.00000001,BTC,299316.7611111111,0.0,0.0001,126
1,[],4,[],2019-06-25 01:03:38,949489.83940155,0.00000320,0.00000000035453664,7760931,2019-06-25 01:03:38,btc,2.4033583618872676,0.0,0.00000320,btc,179161.79417743,0.1093914,0.6368868412154487,131
0,[],2,[],2019-01-20 23:25:46,0.0,0,0,6476969,2019-01-20 23:25:46,,0.0,0.0,0,,0.0,0.0,0.0,131
1,[],17,[],2019-05-03 01:13:10,10000.0,0.00000001,0.000000000000548003,7559115,2019-05-03 01:13:10,btc,0.0953976503951408,0.0,0.00000001,btc,5037.62507334,0.0,0.0001,131
1,[],4,[],2019-06-17 14:32:42,4848.49465417,0.00007919,0.00000000735785966,7740163,2019-06-17 14:32:42,btc,0.9905723729472744,0.0,0.00007919,btc,202.13055914,0.0,0.0061509344290166,135
1,[],3,[],2019-06-05 06:33:11,40600.27748212,0.00000001,0.000000000000779096,7740019,2019-06-05 06:33:11,btc,0.2308097808993716,2146378.52189,0.00000001,btc,2477992.76904676,0.0,0.0004060027748212,136
1,[],4,[],2019-06-25 01:05:39,711047.85391651,0.00000170,0.00000000018834759000000002,7760932,2019-06-25 01:05:39,btc,113.11477830034049,0.0,0.00000170,btc,534060.11866286,0.0536955,0.3577032156078999,137
1,[],12,[],2019-06-25 01:05:40,67815.3633558,0.000001610000000000000043611490287143173105732785188592970371246337890625,0.00000000017837624700000002,7760933,2019-06-25 01:05:40,btc,80.24175172574864,0.0,0.000001610000000000000043611490287143173105732785188592970371246337890625,btc,83175.92097078,3.2e-06,0.0166646999999518,137
1,[],4,[],2019-06-25 01:05:41,471093.89566923,0.00001158,0.000000001282979466,7760934,2019-06-25 01:05:41,btc,5.065859150291329,0.0,0.00001158,btc,171196.54710279,0.16046149,0.513566400196739,142
1,[],5,[],2019-06-25 01:05:43,0.0,0,0,7760935,2019-06-25 01:05:43,btc,0.0,0.00129023,0,btc,0.0,0.0,0.0,142
1,[],20,[],2019-06-25 01:07:45,265298.5016,0.00001091,0.000000001208748357,7760936,2019-06-25 01:07:45,btc,1.6108701877377,0.0,0.00001091,btc,10067.362,0.0,0.0075721805914,142
1,[],22,[],2019-06-25 01:07:48,10620.0,0.00000200,0.00000000022158540000000001,7760937,2019-06-25 01:07:48,BTC,2.99759384,0.0,0.00000200,BTC,835.7198755539798,0.0,0.0041672,142
0.0,[],25,[],2019-06-25 01:07:50,0.0,0,0,7760938,2019-06-25 01:07:50,,0.0,0.0,0.0,btc,0.0,0.0,0.0,142
0,[],28,[],2019-06-25 01:07:51,0.0,0,0,7760939,2019-06-25 01:07:51,,0.0,0.0,0,,0.0,0.0,0.0,142
1,[],17,[],2019-05-03 01:13:16,32967.38636364,0.00000088,0.000000000048224264,7559122,2019-05-03 01:13:16,btc,20.06976206696776,0.0,0.00000088,btc,2746.079105,0.0,0.0105613000000032,142
0,[],22,[],2019-06-25 01:07:55,0.0,0,0,7760940,2019-06-25 01:07:55,,1635.98618676,0.0,0,,788450755.3,0.0,0.0,143
0,[],22,[],2019-02-25 15:42:22,0.0,0,0,6783783,2019-02-25 15:42:22,,4.2131946,0.0,0,,2322156.0,0.0,0.0,146
,[],22,[],2018-11-20 23:01:11,0.0,0,0,4862114,2018-11-20 23:01:11,,2.56807021,0.0,,,61828.4988236,0.0,0.0,147
1,[],12,[],2019-04-21 06:38:04,193091.5971266,0.00000071,0.000000000037635183,7388679,2019-04-21 06:38:04,btc,2.301232411611175,0.0,0.00000071,btc,9957.48302385,0.00023528,0.0313308199999888,148
1,[],4,[],2019-03-19 21:31:25,255810.0415942,0.00000029,0.000000000011615747,6982695,2019-03-19 21:31:25,btc,218.94922712414143,0.0,0.00000029,btc,793529.37642722,0.00117,0.0608347789473395,152
0,[],22,[],2019-03-19 21:31:27,0.0,0,0,6982696,2019-03-19 21:31:27,,0.0,0.0,0,,0.0,0.0,0.0,152
1,[],5,[],2019-04-26 09:36:59,0.0,0,0,7465040,2019-04-26 09:36:59,btc,0.0,0.0,0,btc,0.0,0.0,0.0,153
,[],16,[],2019-01-11 15:38:59,0.0,0,0,6366141,2019-01-11 15:38:59,btc,0.0,0.0,,btc,0.0,0.0,0.0,155
0,[],23,[],2019-01-20 23:24:29,0.0,0,0,6476932,2019-01-20 23:24:29,,0.0,0.0,0,,0.0,0.0,0.0,156
0,[],22,[],2019-06-04 06:02:09,0.0,0,0,7734688,2019-06-04 06:02:09,,7.43375324,0.0,0,,5955762.942592593,0.0,0.0,156
1,[],22,[],2019-06-25 01:08:00,6996.0,0.00000001,0.000000000001107927,7760941,2019-06-25 01:08:00,BTC,1.7543039,0.0,0.00000001,BTC,57.0,0.0,6.996e-05,157
0,[],22,[],2019-05-21 23:40:32,0.0,0,0,7665049,2019-05-21 23:40:32,,50234.60468402,0.0,0,,54786159.03179465,0.0,0.0,158
,[],17,[],2018-11-20 22:56:10,0.0,0,0,4861976,2018-11-20 22:56:10,btc,1.1265625,0.0,,btc,1000.0,0.0,0.0,159
,[],20,[],2018-11-20 22:56:12,0.0,0,0,4861977,2018-11-20 22:56:12,btc,11912.7940471,0.0,,btc,34413894.3617,0.0,0.0,159
1,[],12,[],2019-05-24 02:51:20,9178.522006449999,0.00000191999999999999982841307998027158276954651228152215480804443359375,0.000000000151222656,7676256,2019-05-24 02:51:20,btc,149.80414728631675,0.0,0.00000191999999999999982841307998027158276954651228152215480804443359375,btc,1115.7451448499999,0.01783167678326,0.0120075778999181,168
1,[],17,[],2019-05-03 01:13:36,42852.0,0.00000002,0.000000000001096006,7559132,2019-05-03 01:13:36,btc,0.04279856251542,0.0,0.00000002,btc,274.46171372,0.0,0.00052852,168
1,[],22,[],2019-05-17 03:01:52,10.0,0.00000001,0.000000000000778341,7642059,2019-05-17 03:01:52,BTC,41.95893009,0.0,0.00000001,BTC,1753972.7737547632,0.0,1e-07,169
1,[],22,[],2019-05-30 08:38:18,202834.0,0.00000002,0.0000000000017416160000000001,7711049,2019-05-30 08:38:18,BTC,27.87002826,0.0,0.00000002,BTC,462189.5410507793,0.0,0.00211768,171
1,[],22,[],2019-05-29 08:05:18,349870.0,0.00000002,0.000000000001705894,7705265,2019-05-29 08:05:18,BTC,24.05907723,0.0,0.00000002,"BTC,LTC",1224285.4355616204,0.0,0.0039847,173
1,[],5,[],2019-06-25 01:08:01,0.0,0,0,7760942,2019-06-25 01:08:01,btc,0.0,0.00042264,0,btc,0.0,0.0,0.0,175
1,[],22,[],2019-06-17 14:33:12,90671.0,0.00000001,0.00000000000092914,7740175,2019-06-17 14:33:12,BTC,394.35459412,0.0,0.00000001,BTC,136275.61833431243,0.0,0.00090671,176
1,[],7,[],2019-06-25 01:08:02,0.0,0,0,7760943,2019-06-25 01:08:02,btc,522525.9315045951,0.0,0,btc,27133622.41786136,0.0,0.0,178
0,[],22,[],2019-06-25 01:08:05,0.0,0,0,7760944,2019-06-25 01:08:05,,1.00242428,0.0,0,,57512.0,0.0,0.0,178
0,[],2,[],2019-01-20 23:28:34,0.0,0,0,6477001,2019-01-20 23:28:34,,0.0,0.0,0,,0.0,0.0,0.0,178
1,[],5,[],2019-06-25 01:08:06,0.0,0,0,7760945,2019-06-25 01:08:06,btc,0.0,0.0,0,btc,0.0,0.0,0.0,179
0,[],22,[],2019-06-25 01:08:09,0.0,0,0,7760946,2019-06-25 01:08:09,,5.31753917,0.0,0,,14450788.311946675,0.0,0.0,179
0,[],23,[],2019-01-20 23:25:08,0.0,0,0,6476952,2019-01-20 23:25:08,,0.0,0.0,0,,0.0,0.0,0.0,179
1,[],22,[],2019-06-25 01:10:13,687607.9613636363,0.00000065,0.00000000007201525500000001,7760947,2019-06-25 01:10:13,BTC,40.60931682,0.0,0.00000065,"BTC,LTC",159992.85419524388,0.00357785,0.57008666,180
1,[],26,[],2019-06-25 01:10:13,0.0,0.00000010,0.00000000001107927,7760948,2019-06-25 01:10:13,btc,0.0,0.0,0.00000010,btc,0.0,0.0,0.0,180
1,[],17,[],2019-05-03 01:13:56,20504.725000000002,0.0000001,0.00000000000548003,7559141,2019-05-03 01:13:56,btc,5.2010695838400265,0.0,0.0000001,btc,5033.45945,0.0,0.0011504725,180
,[],7,[],2018-11-20 22:58:01,562227.975654,0.00000085,0.000000000036176765,4862015,2018-11-20 22:58:01,btc,21836.6059674,2491.87645172,,btc,749999.041456,0.00211021,0.127565380455,183
,[],5,[],2019-01-10 08:11:41,0.0,0,0,6347036,2019-01-10 08:11:41,btc,82.15055501,0.00261,,btc,1.19002445,0.0,0.0,187
,[],17,[],2018-11-16 20:58:10,4062536.27273,0.00000001,0.000000000000550501,4708775,2018-11-16 20:58:10,btc,3.36492563466,0.195460381006,,"btc,eth",110697919.549,0.0,0.0157628953496,187
1,[],24,[],2019-05-22 21:04:52,0.0,0.000000000014,0.0000000000000010960978,7670219,2019-05-22 21:04:52,btc,0.0,0.0,0.000000000014,btc,0.0,0.0,0.0,187
0,[],22,[],2019-04-25 02:54:07,0.0,0,0,7447896,2019-04-25 02:54:07,,7.54794454,0.0,0,,76361.7243344055,0.0,0.0,191
0,[],22,[],2019-06-17 14:33:34,0.0,0,0,7740182,2019-06-17 14:33:34,,0.0,0.0,0,,0.0,0.0,0.0,197
0,[],23,[],2019-01-20 23:31:41,0.0,0,0,6477079,2019-01-20 23:31:41,,0.0,0.0,0,,0.0,0.0,0.0,199
0,[],22,[],2019-06-25 01:10:16,0.0,0,0,7760949,2019-06-25 01:10:16,,10.58263174,0.0,0,,84280969.0,0.0,0.0,199
1,[],26,[],2019-06-25 01:10:16,0.0,0.00000000,0,7760950,2019-06-25 01:10:16,btc,0.0,0.0,0.00000000,btc,0.0,0.0,0.0,199
0,[],2,[],2019-01-20 23:30:49,0.0,0,0,6477059,2019-01-20 23:30:49,,0.0,0.0,0,,0.0,0.0,0.0,201
1,[],4,[],2019-01-25 15:51:35,2084389.58565343,0.00000936,0.000000000333526752,6499557,2019-01-25 15:51:35,btc,2.0092503037378524,0.0,0.00000936,btc,160195.80207885,0.19272417,1.242687955921835,211
1,[],7,[],2019-06-25 01:10:20,1170054124.6898527,0.00000018,0.000000000019942686,7760951,2019-06-25 01:10:20,btc,1346838.6258339162,0.0,0.00000018,btc,5739479.26464841,0.0,11.954344045954047,212
1,[],12,[],2019-01-25 02:44:32,207462.42853209,0.000001080000000000000035831255497387193287295303889550268650054931640625,0.000000000038610756000000006,6493050,2019-01-25 02:44:32,btc,85023.03793723314,0.0,0.000001080000000000000035831255497387193287295303889550268650054931640625,btc,43675.73520027,0.000146250909087,0.0348620860622024,213
1,[],5,[],2019-05-30 00:07:46,0.0,0,0,7709357,2019-05-30 00:07:46,btc,0.0,0.06425239,0,btc,0.0,0.0,0.0,213
1,[],24,[],2019-05-30 00:07:46,0.0,0.000000399202,0.0000000000344859829346,7709358,2019-05-30 00:07:46,btc,0.0,0.0,0.000000399202,btc,0.0,0.0,0.0,213
1,[],26,[],2019-05-30 00:07:47,0.0,0.00000040,0.000000000034554919999999996,7709359,2019-05-30 00:07:47,btc,0.0,0.0,0.00000040,btc,0.0,0.0,0.0,213
0,[],22,[],2019-06-25 01:10:23,0.0,0,0,7760952,2019-06-25 01:10:23,,9.56923849,0.0,0,,3661587.2040649247,0.0,0.0,216
0,[],27,[],2019-06-25 01:10:29,0.0,0,0,7760953,2019-06-25 01:10:29,,1955.7383243599577,130993.01603206,0,"btc,ltc",517083.16300795,0.0011791400145345948,0.0,216
1,[],22,[],2019-06-25 01:10:33,2989848.708791209,0.00000021,0.000000000023266467,7760954,2019-06-25 01:10:33,BTC,12055.86526481,0.0,0.00000021,BTC,535327.2793692607,0.00136248,0.05690515,217
1,[],7,[],2019-06-25 01:10:34,0.0,0,0,7760955,2019-06-25 01:10:34,btc,1234912.6209040615,0.0,0,btc,89387746.47523518,0.0,0.0,219
0,[],27,[],2019-06-25 01:10:38,0.0,0,0,7760956,2019-06-25 01:10:38,,250.34372354432625,0.0,0,btc,5709879.26511325,0.0,0.0,219
0,[],28,[],2019-06-25 01:10:39,0.0,0,0,7760957,2019-06-25 01:10:39,,0.0,0.0,0,,0.0,0.0,0.0,219
1,[],22,[],2019-05-23 16:41:05,172069.0,0.00000004,0.0000000000031167080000000004,7674065,2019-05-23 16:41:05,BTC,56.76466137,0.0,0.00000004,BTC,127061.6482738741,0.0,0.00393676,221
1,[],24,[],2019-05-23 16:41:05,0.0,0.000000010000,0.0000000000007791770000000001,7674066,2019-05-23 16:41:05,btc,0.0,0.0,0.000000010000,btc,0.0,0.0,0.0,221
1,[],20,[],2019-06-17 14:34:11,26882155.8301,0.000000003,0.000000000000278742,7740192,2019-06-17 14:34:11,btc,100050.81956632523,233521.3529,0.000000003,btc,38769742.8604,0.0007925640587,0.0306863532672,224
0,[],22,[],2019-06-17 14:34:13,0.0,0,0,7740193,2019-06-17 14:34:13,,0.0,0.0,0,,0.0,0.0,0.0,224
1,[],26,[],2019-06-25 01:10:40,0.0,0.00000022,0.000000000024374394000000002,7760958,2019-06-25 01:10:40,btc,0.0,0.0,0.00000022,btc,0.0,0.0,0.0,231
1,[],26,[],2019-06-25 01:10:40,0.0,0.00000005,0.000000000005539635,7760959,2019-06-25 01:10:40,btc,0.0,0.0,0.00000005,btc,0.0,0.0,0.0,234
0.00000000028050350000000004,[],27,[],2019-06-25 01:10:46,100.0,2.8050350000000003e-18,3.1077740124450006e-22,7760960,2019-06-25 01:10:46,eth,0.0,0.0,0.00000001,"btc,eth",0.0,0.0,2.8050350000000003e-16,234
1,[],4,[],2019-05-22 17:06:12,91780.56053785,0.00000078,0.000000000061977552,7669277,2019-05-22 17:06:12,btc,5.573372450018177,0.0,0.00000078,btc,729173.93529783,0.0,0.0307060663355679,236
1,[],24,[],2019-05-22 17:06:12,0.0,0.000000010000,0.000000000000794584,7669278,2019-05-22 17:06:12,btc,0.0,0.0,0.000000010000,btc,0.0,0.0,0.0,236
1,[],5,[],2019-06-25 01:10:47,0.0,0,0,7760961,2019-06-25 01:10:47,btc,0.0,0.41761212,0,btc,0.0,0.0,0.0,237
1,[],22,[],2019-06-25 01:10:52,2084614.0,0.00000004,0.000000000004431708,7760962,2019-06-25 01:10:52,BTC,1.20112188,0.0,0.00000004,"BTC,LTC",14507.148717948718,0.0,0.02587451,237
1,[],20,[],2019-06-25 00:12:59,50197298.7914,0.000000066,0.000000000007283674200000001,7760839,2019-06-25 00:12:59,btc,8172549.229172769,9176915.6405,0.000000066,btc,41617518.4473,0.6930976926487,1.1217193167953,237
1,[],4,[],2019-06-25 01:10:53,39318993.92247539,0.00000008,0.000000000008863416,7760963,2019-06-25 01:10:53,btc,2.5449959077292634,0.0,0.00000008,btc,11648347.63369963,0.12837778,0.7723186555660709,238
1,[],5,[],2019-06-25 01:10:54,0.0,0,0,7760964,2019-06-25 01:10:54,btc,0.0,0.07510406,0,btc,0.0,0.0,0.0,238
0,[],22,[],2019-03-12 16:49:32,0.0,0,0,6914458,2019-03-12 16:49:32,,0.40415746,0.0,0,,526736.5639027493,0.0,0.0,249
0,[],22,[],2019-05-28 23:53:45,0.0,0,0,7703643,2019-05-28 23:53:45,,13.44714864,0.0,0,,43777534.3426455,0.0,0.0,252
0,[],28,[],2019-06-25 01:10:56,0.0,0,0,7760965,2019-06-25 01:10:56,,0.0,0.0,0,,0.0,0.0,0.0,256
1,[],22,[],2019-06-25 01:10:59,547017.0,0.00000001,0.000000000001107927,7760966,2019-06-25 01:10:59,BTC,31464.57209997,0.0,0.00000001,BTC,1031955.2230878276,4.898e-05,0.00547017,258
1,[],22,[],2019-05-19 18:12:02,400.0,0.00000001,0.0000000000007957800000000001,7653905,2019-05-19 18:12:02,BTC,2.415167,0.0,0.00000001,BTC,157.0,0.0,4e-06,259
1,[],5,[],2019-06-25 01:11:00,0.0,0,0,7760967,2019-06-25 01:11:00,btc,0.0,0.04919527,0,btc,0.0,0.0,0.0,264
1,[],20,[],2019-06-25 01:11:02,937050.9498,0.000000322,0.000000000035675249400000004,7760968,2019-06-25 01:11:02,btc,1.1596783193641,19646.3726,0.000000322,btc,68365.6481,0.0117237655439,0.0053324082999,264
0,[],22,[],2019-04-12 17:57:27,0.0,0,0,7278186,2019-04-12 17:57:27,,66.37522201,0.0,0,,677842.4169881374,0.0,0.0,271
0,[],22,[],2019-06-25 01:11:05,0.0,0,0,7760969,2019-06-25 01:11:05,,33050469.74148113,0.0,0,,14261527780.7,0.0,0.0,272
0,[],28,[],2019-06-25 01:11:06,0.0,0,0,7760970,2019-06-25 01:11:06,,0.0,0.0,0,,0.0,0.0,0.0,272
1,[],22,[],2019-05-23 07:12:29,219930.0,0.00000004,0.000000000003048688,7671985,2019-05-23 07:12:29,BTC,426.77835217,0.0,0.00000004,BTC,248664.3325962929,0.0,0.00739728,281
1,[],22,[],2019-06-25 01:11:10,2047003.1,0.00000002,0.000000000002215854,7760971,2019-06-25 01:11:10,BTC,4600.41803815,0.0,0.00000002,"BTC,LTC",1083353.8038598758,0.00048565,0.02524473,286
0,[],22,[],2019-06-17 14:34:53,0.0,0,0,7740207,2019-06-17 14:34:53,,7337915.80475575,0.0,0,,2078527309.6797826,0.0,0.0,294
