pairValue,buyBook,exchangeId,sellBook,updated,buyTotal,satoshiPrice,usdPrice,exchangeLogId,created,bestPair,sellTotalBtc,volume,pairPrice,activePairs,sellTotal,volumeBtc,buyTotalBtc,coinId
1,[],3,[],2019-02-26 22:05:56,30548.16108398086,0.0125028499999999993808064147060576942749321460723876953125,0.00000047527708847499996,6796971,2019-02-26 22:05:56,btc,61.10696107269258,0.006449206496,0.0125028499999999993808064147060576942749321460723876953125,btc,24.955960546276003,0.0,0.4085902290943171,1
1,[],4,[],2019-02-26 22:05:57,303085.82376005,0.01252722,0.00000047620347747,6796972,2019-02-26 22:05:57,btc,9.16188382329597,0.0,0.01252722,btc,259.05783456,0.98689649,2.782090601349894,1
1,[],5,[],2019-02-26 22:05:59,0.0,0,0,6796973,2019-02-26 22:05:59,btc,0.0,0.00328503,0,btc,0.0,0.0,0.0,1
1,[],10,[],2019-02-26 22:06:00,414624.38881521,0.01055913,0.000000401389488255,6796974,2019-02-26 22:06:00,btc,6523.048407720657,1512.23951172,0.01055913,btc,1079.92347316,0.0,5.30226094673821,1
1,[],12,[],2019-02-26 22:06:03,10442.68386026,0.01255000000000000039135361618036768049933016300201416015625,0.000000477069425,6796975,2019-02-26 22:06:03,btc,0.5816135123484,0.0,0.01255000000000000039135361618036768049933016300201416015625,btc,36.73098486,0.0619970329972,0.42237658073740003,1
1,[],20,[],2019-02-26 22:06:05,1150.0464,0.01051,0.000000399521885,6796976,2019-02-26 22:06:05,btc,0.0665459125693,0.4173,0.01051,btc,3.0401,0.0045537988002,0.0875490456215,1
1,[],21,[],2019-02-26 22:06:06,2330.0813996800002,0.01260469999999999993200994197,0.00000047914876345,6796977,2019-02-26 22:06:06,btc,19.598716871408836,2371.82479642,0.0126046999999999999320099419719554134644567966461181640625,"btc,eth",2037.00990161,28.569220932885937,23.71976768505064,1
1,[],22,[],2019-02-26 22:06:10,0.0163776,0.01300000,0.0000004941755,6796978,2019-02-26 22:06:10,BTC,0.31423927,0.0,0.01300000,BTC,0.11751954901960784,0.0,0.00020972,1
1,[],24,[],2019-02-26 22:06:10,0.0,0.000000000000,0,6796979,2019-02-26 22:06:10,btc,0.0,0.0,0.000000000000,btc,0.0,0.0,0.0,1
0.0,[],25,[],2019-02-26 22:06:11,0.0,0,0,6796980,2019-02-26 22:06:11,btc,18.93959999816536,3682.683834,0.0,btc,1465.4795989,47.2315,0.0,1
1,[],26,[],2019-02-26 22:06:12,0.0,0,0,6796981,2019-02-26 22:06:12,,0.0,0.0,0,,0.0,0.0,0.0,1
1,[],28,[],2019-02-26 22:06:14,993.142,0.01323000,0.000000502918605,6796982,2019-02-26 22:06:14,btc,0.162839806,17952.9,0.01323000,btc,8.9,0.0,0.089302756,1
0,[],2,[],2019-01-20 23:28:45,0.0,0,0,6477011,2019-01-20 23:28:45,,0.0,0.0,0,,0.0,0.0,0.0,1
1,[],5,[],2019-02-26 22:06:15,0.0,0,0,6796983,2019-02-26 22:06:15,btc,0.0,0.00042685,0,btc,0.0,0.0,0.0,2
0.0000000001258477,[],22,[],2019-02-26 22:06:19,1148.0,1.3843247e-16,5.262302698345e-21,6796984,2019-02-26 22:06:19,XMR,21.01373823,0.0,0.00000110,XMR,14319.12581,0.0,0.00087635,2
1,[],5,[],2019-02-26 22:06:20,0.0,0,0,6796985,2019-02-26 22:06:20,btc,0.0,0.03186224,0,btc,0.0,0.0,0.0,3
1,[],12,[],2019-02-26 22:06:21,13661189.2175,0.000000173,0.0000000000065763355,6796986,2019-02-26 22:06:21,btc,924396.2362572786,0.0,0.000000173,btc,8116088.1570326,0.03373106469088713,0.7274671502099,3
0,[],28,[],2019-02-26 22:06:23,0.0,0,0,6796987,2019-02-26 22:06:23,,0.0,0.0,0,,0.0,0.0,0.0,3
0,[],2,[],2019-01-20 23:31:32,0.0,0,0,6477077,2019-01-20 23:31:32,,0.0,0.0,0,,0.0,0.0,0.0,4
1,[],4,[],2019-02-26 22:06:24,411324.47432847,0.00000032,0.00000000001216432,6796988,2019-02-26 22:06:24,btc,31.98829919645077,0.0,0.00000032,btc,712506.44072273,0.0,0.0583397307735309,4
1,[],12,[],2019-02-22 14:50:14,1367032.5219999999,0.00000003,0.000000000001190475,6759350,2019-02-22 14:50:14,btc,11013869.583570713,0.0,0.00000003,btc,1211697.32371984,0.00024567976024,0.02065290044,5
0,[],2,[],2019-01-20 23:31:51,0.0,0,0,6477087,2019-01-20 23:31:51,,0.0,0.0,0,,0.0,0.0,0.0,6
1,[],11,[],2019-02-26 22:06:26,4272596.5,0.00000001,0.00000000000038013500000000003,6796989,2019-02-26 22:06:26,btc,9432.752878832815,100000.0,0.00000001,btc,41807017.57452957,0.0,0.042725965,6
1,[],3,[],2019-02-26 22:06:27,1085.537475048359,0.0001510600000000000072038208731584063571062870323657989501953125,0.00000000574231931,6796990,2019-02-26 22:06:27,btc,26.3363151709563,0.0,0.0001510600000000000072038208731584063571062870323657989501953125,btc,247.537822229004,0.0,0.03339742781632559,7
1,[],4,[],2019-02-26 22:06:28,100208.28122948,0.00023916,0.00000000909130866,6796991,2019-02-26 22:06:28,btc,10.617429745553453,0.0,0.00023916,btc,33778.86380433,3.27049195,5.731866691061923,7
1,[],5,[],2019-02-26 22:06:28,0.0,0,0,6796992,2019-02-26 22:06:28,btc,0.0,0.25848773,0,btc,0.0,0.0,0.0,7
1,[],20,[],2019-02-20 02:16:17,39399275.8418,0.000000001,0.0000000000000390183,6728586,2019-02-20 02:16:17,btc,116.9737569154545,525.0,0.000000001,btc,56932965.8895,5.25e-07,0.0393992758418,8
0,[],2,[],2019-01-20 23:22:42,0.0,0,0,6476876,2019-01-20 23:22:42,,0.0,0.0,0,,0.0,0.0,0.0,9
0,[],23,[],2019-01-20 23:22:48,0.0,0,0,6476878,2019-01-20 23:22:48,,0.0,0.0,0,,0.0,0.0,0.0,9
1,[],1,[],2019-02-17 23:31:42,1822507.21,0.00000181000000000000003456111265232042484285557293333113193511962890625,0.000000000066086901,6701244,2019-02-17 23:31:42,btc,3.6990969245,17153386.5,0.00000181000000000000003456111265232042484285557293333113193511962890625,btc,1997391.71,31.11772986,3.2610482446,9
1,[],4,[],2019-02-26 22:06:31,1999746.72668219,0.00000180,0.0000000000684243,6796993,2019-02-26 22:06:31,btc,6.071263361263157,0.0,0.00000180,btc,2365844.69234445,3.30263224,0.8183898758400414,9
1,[],28,[],2019-02-26 22:06:33,50838.0,0.00000186,0.00000000007070511,6796994,2019-02-26 22:06:33,btc,2708.76239652,3698387.75,0.00000186,btc,12076.33,0.0,0.05688413,9
1,[],4,[],2019-02-17 11:22:43,4341674.27126056,0.00000002,0.0000000000007272960000000001,6696112,2019-02-17 11:22:43,btc,0.1997230937751353,0.0,0.00000002,btc,4109766.79808031,0.00215132,0.0479381022052112,10
0,[],2,[],2019-01-20 23:23:08,0.0,0,0,6476890,2019-01-20 23:23:08,,0.0,0.0,0,,0.0,0.0,0.0,12
1,[],4,[],2019-02-26 22:06:35,4108776.27816382,0.00000122,0.00000000004637647,6796995,2019-02-26 22:06:35,btc,10.12713161383594,0.0,0.00000122,btc,5321194.42950803,1.315413,2.462969141849938,12
1,[],5,[],2019-02-26 22:06:36,0.0,0,0,6796996,2019-02-26 22:06:36,btc,0.0,0.25544534,0,btc,0.0,0.0,0.0,12
0.0,[],25,[],2019-02-26 22:06:37,0.0,0,0,6796997,2019-02-26 22:06:37,,0.0,0.0,0.0,btc,0.0,0.0,0.0,12
1,[],10,[],2019-02-26 21:50:00,474293.78334688,0.0000053,0.00000000020205879,6796698,2019-02-26 21:50:00,btc,666802.6252138801,7988.87304047,0.0000053,btc,747097.80562326,0.0,0.2862531528464885,13
1,[],4,[],2019-02-26 22:06:38,1188315.62803092,0.00000555,0.000000000210974925,6796998,2019-02-26 22:06:38,btc,3.1379075453807963,0.0,0.00000555,btc,440521.05751397,0.58401626,0.5256434698804664,13
1,[],21,[],2019-02-26 22:06:44,564057.39693634,0.000005540000000000000321051778912,0.00000000021059479,6796999,2019-02-26 22:06:44,btc,6.0592355971839265,788212.62704022,0.0000055400000000000003210517789120626019894189084880053997039794921875,btc,956973.32303505,4.38084768,2.8885285045745017,13
0,[],17,[],2019-02-26 21:50:05,0.0,0,0,6796702,2019-02-26 21:50:05,btc,0.0,0.0,0,btc,0.0,0.0,0.0,14
1,[],4,[],2019-02-26 22:06:45,703241.77598972,0.00000129,0.000000000049037415,6797000,2019-02-26 22:06:45,btc,13.035069542668271,0.0,0.00000129,btc,892521.10754458,0.10571661,0.1502871613082925,14
1,[],12,[],2019-02-26 22:06:47,217265.91304348,0.000001120000000000000076372827333137660588135986472479999065399169921875,0.000000000042575120000000004,6797001,2019-02-26 22:06:47,btc,5.29441131623878,0.0,0.000001120000000000000076372827333137660588135986472479999065399169921875,btc,33916.19873547,0.0,0.0232142600000004,14
1,[],26,[],2019-02-26 22:06:58,0.0,0.00000050,0.00000000001900675,6797002,2019-02-26 22:06:58,btc,0.0,0.0,0.00000050,btc,0.0,0.0,0.0,14
,[],12,[],2018-12-01 15:15:48,204241.84496,0.00000489,0.000000000202473384,5260204,2018-12-01 15:15:48,btc,49.5475654835,0.0,,btc,35763.2193806,0.0163153972027625,0.0203389899998,15
0,[],4,[],2019-02-26 22:06:59,0.0,0,0,6797003,2019-02-26 22:06:59,,0.0,0.0,0,,0.0,0.0,0.0,15
0,[],2,[],2019-01-20 23:23:38,0.0,0,0,6476906,2019-01-20 23:23:38,,0.0,0.0,0,,0.0,0.0,0.0,18
1,[],4,[],2019-02-26 22:07:00,26306.25631867,0.00001790,0.00000000068044165,6797004,2019-02-26 22:07:00,btc,1.2323835438059108,0.0,0.00001790,btc,9426.51247796,0.01197616,0.0893788360857109,18
1,[],10,[],2019-02-26 22:07:02,783774.17488406,0.00001728,0.0000000006568732800000001,6797005,2019-02-26 22:07:02,btc,16.629065989447216,11489.3584889,0.00001728,btc,14753.19698742,0.0,0.1442011876754599,18
1,[],12,[],2019-02-26 22:07:04,193833.33820174,0.0000187000000000000005302182304323110884070047177374362945556640625,0.00000000071085245,6797006,2019-02-26 22:07:04,btc,23.630968260301174,0.0,0.0000187000000000000005302182304323110884070047177374362945556640625,btc,1890.18419731,7.106e-06,0.0386170520246313,18
0,[],17,[],2019-02-26 18:49:29,0.0,0,0,6795753,2019-02-26 18:49:29,btc,0.0,0.0,0,btc,0.0,0.0,0.0,18
0,[],2,[],2019-01-20 23:24:19,0.0,0,0,6476924,2019-01-20 23:24:19,,0.0,0.0,0,,0.0,0.0,0.0,19
1,[],3,[],2019-02-26 22:07:06,118351.57772255004,0.00002000000000000000163606107828062619091724627651274204254150390625,0.0000000007602700000000001,6797007,2019-02-26 22:07:06,btc,0.5286560728341213,0.0,0.00002000000000000000163606107828062619091724627651274204254150390625,btc,9053.568872553742,0.0,0.03090599409879988,19
1,[],4,[],2019-02-26 22:07:06,475162.00831524,0.00001981,0.0000000007530474349999999,6797008,2019-02-26 22:07:06,btc,2.038546218589676,0.0,0.00001981,btc,71947.14417582,0.16152117,2.454568349082412,19
1,[],5,[],2019-02-26 22:07:08,0.0,0,0,6797009,2019-02-26 22:07:08,btc,0.0,0.00031489,0,btc,0.0,0.0,0.0,19
1,[],12,[],2019-02-26 22:07:09,135348.88640438,0.00001942999999999999862312395626506855705883936025202274322509765625,0.0000000007386023049999999,6797010,2019-02-26 22:07:09,btc,1.3579271222576825,0.0,0.00001942999999999999862312395626506855705883936025202274322509765625,btc,382.27457877,0.00010926,0.1096963400000236,19
0,[],27,[],2019-02-26 22:07:11,0.0,0,0,6797011,2019-02-26 22:07:11,,0.0,0.0,0,btc,0.0,0.0,0.0,19
1,[],4,[],2019-02-26 22:07:12,8069160.95424551,0.00000013,0.000000000004941755,6797012,2019-02-26 22:07:12,btc,7.376127992914799,0.0,0.00000013,btc,2844149.4360639,0.0,0.2582725451781454,20
1,[],4,[],2019-02-26 22:07:12,104036087.13737024,0.00000002,0.00000000000076027,6797013,2019-02-26 22:07:12,btc,1807.0981986415547,0.0,0.00000002,btc,54975780.27639335,0.00017735,1.1684621866280451,21
1,[],12,[],2019-02-26 22:07:14,18647376.0,0.00000002,0.0000000000007602700000000001,6797014,2019-02-26 22:07:14,btc,670.3899289734848,0.0,0.00000002,btc,8544410.32857329,0.0,0.24518776,21
0,[],17,[],2019-02-26 22:07:15,0.0,0,0,6797015,2019-02-26 22:07:15,btc,0.0,0.0,0,btc,0.0,0.0,0.0,21
1,[],12,[],2019-02-26 22:07:17,3265323541.6808996,0.0000000002,0.0000000000000076027,6797016,2019-02-26 22:07:17,btc,875865843010.0005,0.0,0.0000000002,btc,4950529464.020418,0.014523567764635476,0.3593352705829904,23
0.00000000035578760000000003,[],27,[],2019-02-26 22:07:20,2000.0,3.557876e-18,1.35247319326e-22,6797017,2019-02-26 22:07:20,eth,1.3829826565934114,0.0,0.00000001,eth,2164879.85514486,0.0,7.115752e-15,23
1,[],4,[],2019-02-26 22:07:21,456348.70565862,0.00000053,0.000000000020147155,6797018,2019-02-26 22:07:21,btc,9.12632348655023,0.0,0.00000053,btc,1520924.10476705,0.01017589,0.144783646854586,24
1,[],22,[],2019-02-26 22:07:24,11.76,0.00000100,0.0000000000380135,6797019,2019-02-26 22:07:24,BTC,7.415e-05,0.0,0.00000100,BTC,23.919354838709676,0.0,1.176e-05,24
0.0,[],25,[],2019-02-26 22:07:26,0.0,0,0,6797020,2019-02-26 22:07:26,,0.0,0.0,0.0,btc,0.0,0.0,0.0,24
0,[],2,[],2019-01-20 23:25:56,0.0,0,0,6476976,2019-01-20 23:25:56,,0.0,0.0,0,,0.0,0.0,0.0,26
1,[],4,[],2019-02-26 22:07:27,28280494.1499927,0.00000674,0.00000000025621099,6797021,2019-02-26 22:07:27,btc,167.5488976669059,0.0,0.00000674,btc,263865.07241344,0.08872148,0.4700045262058421,26
1,[],10,[],2019-02-26 22:07:29,699272.10261618,0.00000664,0.00000000025240964,6797022,2019-02-26 22:07:29,btc,26.125687216114137,3866.19798288,0.00000664,btc,14006.94892861,0.0,0.264991159199474,26
1,[],3,[],2019-02-26 22:07:30,6199746.70213569,0.00000001,0.00000000000038013500000000003,6797023,2019-02-26 22:07:30,btc,2.3167939879642705,101318.626768,0.00000001,btc,17588297.14858839,0.0,0.061997467021356896,27
1,[],5,[],2019-02-26 22:07:31,0.0,0,0,6797024,2019-02-26 22:07:31,btc,0.0,0.00636819,0,btc,0.0,0.0,0.0,27
1,[],11,[],2019-02-26 22:07:33,9491944.20350207,0.00000005,0.000000000001900675,6797025,2019-02-26 22:07:33,btc,67506.40605986067,169525.403564,0.00000005,btc,8002256.57282965,0.0,0.44249750446473557,27
1,[],4,[],2019-02-26 22:07:34,1469302089.2450078,0.00000002,0.00000000000076027,6797026,2019-02-26 22:07:34,btc,5.144981951540963,0.0,0.00000002,"btc,ltc",381872212.53081274,0.5181548,11.425226468313674,29
1,[],7,[],2019-02-26 22:07:36,47476687.7215207,0.00000002,0.0000000000007602700000000001,6797027,2019-02-26 22:07:36,btc,44462590.76774984,0.0,0.00000002,btc,47164116.521593474,0.0,0.6189312873043272,29
1,[],4,[],2019-02-26 21:59:37,1439182.71487823,0.00000028,0.000000000010672144,6796827,2019-02-26 21:59:37,btc,2.334251439083168,0.0,0.00000028,btc,1570044.46360863,0.00183582,0.0968759610718031,30
0,[],17,[],2019-02-26 21:59:39,0.0,0,0,6796828,2019-02-26 21:59:39,btc,0.0,0.0,0,btc,0.0,0.0,0.0,30
1,[],4,[],2019-02-26 22:07:38,1116862.70869339,0.00005175,0.000000001967198625,6797028,2019-02-26 22:07:38,btc,4.849914557455817,0.0,0.00005175,btc,63070.06885011,0.74008591,1.0859930445470107,31
1,[],21,[],2019-02-26 22:07:39,75231.42994185,0.00005170000000000000306031242014,0.00000000196529795,6797029,2019-02-26 22:07:39,btc,1.1738607143595128,120836.26019093,0.0000517000000000000030603124201444842356067965738475322723388671875,btc,20689.71601335,6.28026913,3.288487946609792,31
0,[],2,[],2019-01-20 23:28:43,0.0,0,0,6477009,2019-01-20 23:28:43,,0.0,0.0,0,,0.0,0.0,0.0,32
1,[],4,[],2019-02-26 22:07:40,374706893.8233383,0.00000004,0.00000000000152054,6797030,2019-02-26 22:07:40,btc,9.714333502648698,0.0,0.00000004,"btc,ltc",180287957.8652915,1.49812272,8.47495839827625,33
1,[],12,[],2019-02-26 22:07:42,16560782.0,0.00000004,0.0000000000015205400000000001,6797031,2019-02-26 22:07:42,btc,35630539.57916358,0.0,0.00000004,btc,90520246.8122464,0.0295081512087925,0.53588593,33
1,[],4,[],2019-02-26 22:07:42,124756880.68062755,0.00000001,0.000000000000380135,6797032,2019-02-26 22:07:42,btc,4.044776132617996,0.0,0.00000001,btc,101587905.2276837,0.01275785,1.2475688068062756,34
1,[],5,[],2019-02-26 22:07:43,0.0,0,0,6797033,2019-02-26 22:07:43,btc,0.0,0.20688249,0,btc,0.0,0.0,0.0,34
0,[],17,[],2019-02-26 21:59:49,0.0,0,0,6796837,2019-02-26 21:59:49,btc,0.07464582822826846,0.0,0,btc,4105386.20243647,0.0,0.0,36
0.0000000001172157,[],4,[],2019-02-26 22:07:44,2255765484.9733334,2.344314e-18,8.9115580239e-23,6797034,2019-02-26 22:07:44,ltc,2.6646084546002506e-08,0.0,0.00000002,ltc,3457844752.8009872,0.0,4.3545206380174296e-09,36
1,[],5,[],2019-02-26 22:07:45,0.0,0,0,6797035,2019-02-26 22:07:45,btc,0.0,0.0,0,btc,0.0,0.0,0.0,36
0.00000000035578760000000003,[],27,[],2019-02-26 22:07:58,1000000.0,3.557876e-18,1.35247319326e-22,6797036,2019-02-26 22:07:58,eth,218.41600790626342,0.0,0.00000001,"ltc,eth",8163566.48751039,0.0,1.176928438e-12,36
1,[],4,[],2019-02-26 21:59:54,402234.99374645,0.00000060,0.00000000002286888,6796839,2019-02-26 21:59:54,btc,19772.495893703443,0.0,0.00000060,btc,572086.36941515,0.02525092,0.2027722839486152,37
1,[],12,[],2019-02-26 21:59:54,463159.58449312,0.00000058,0.000000000022106583999999998,6796840,2019-02-26 21:59:54,btc,1344.7278875122158,0.0,0.00000058,btc,974850.01193326,0.2058640374586939,0.1130669244000013,37
1,[],17,[],2019-02-26 22:00:06,1752.74075282,0.00000025,0.000000000009528699999999999,6796841,2019-02-26 22:00:06,btc,0.055484923777095005,0.0,0.00000025,btc,1319.19918473,0.0,0.00043818518820499993,37
1,[],27,[],2019-02-26 22:00:08,14685.567,0.00000045,0.00000000001715166,6796842,2019-02-26 22:00:08,btc,25.82160393111233,0.0,0.00000045,btc,6804.86438508,0.0,0.00480032515,37
1,[],5,[],2019-02-26 22:07:59,0.0,0,0,6797037,2019-02-26 22:07:59,btc,0.0,0.06427171,0,btc,0.0,0.0,0.0,42
1,[],12,[],2019-02-26 22:08:00,241950.79936153,0.00000092,0.00000000003497242,6797038,2019-02-26 22:08:00,btc,94.70112240227554,0.0,0.00000092,btc,112174.42163686,0.0164658890281783,0.0480714700000007,42
0.00000000035578760000000003,[],27,[],2019-02-26 22:08:02,2000.0,3.557876e-18,1.35247319326e-22,6797039,2019-02-26 22:08:02,eth,0.00315028,0.0,0.00000001,"btc,eth",11.007,0.0,7.115752e-15,42
1,[],5,[],2019-02-26 22:00:14,0.0,0,0,6796846,2019-02-26 22:00:14,btc,0.0,0.00016737,0,btc,0.0,0.0,0.0,43
1,[],12,[],2019-02-26 22:00:16,1793400.0,0.00000001,0.000000000000381148,6796847,2019-02-26 22:00:16,btc,3569.7539986225374,0.0,0.00000001,btc,12096736.47292706,6.000999001e-05,0.017934000000000002,43
0,[],17,[],2019-02-26 22:00:18,0.0,0,0,6796848,2019-02-26 22:00:18,btc,0.0,0.0,0,btc,0.0,0.0,0.0,43
1,[],12,[],2019-02-26 22:08:03,656364.0,0.00000004,0.0000000000015205400000000001,6797040,2019-02-26 22:08:03,btc,11116047.727797108,0.0,0.00000004,btc,1102390.40161834,0.00066694,0.01623847,44
1,[],4,[],2019-02-26 22:08:05,290435799.33727527,0.00000002,0.00000000000076027,6797041,2019-02-26 22:08:05,btc,473.6033618207487,0.0,0.00000002,"btc,ltc",12155941.00365541,0.00068196,0.19654676864715853,49
0.0000000001172157,[],4,[],2019-02-26 22:08:07,122458096.0281663,1.172157e-18,4.45577901195e-23,6797042,2019-02-26 22:08:07,ltc,25.475336666746756,0.0,0.00000001,ltc,10261234855.557455,0.0,1.4354011446608733e-10,52
0.0000000001258477,[],22,[],2019-02-26 22:08:10,80845862.0,1.2584770000000001e-18,4.78391154395e-23,6797043,2019-02-26 22:08:10,XMR,4366.96886713,0.0,0.00000001,XMR,255240310.67882353,0.0,0.80845862,57
0.00000000035578760000000003,[],27,[],2019-02-26 22:08:12,2000.0,3.557876e-18,1.35247319326e-22,6797044,2019-02-26 22:08:12,eth,0.0,0.0,0.00000001,"btc,eth",0.0,0.0,7.115752e-15,57
0,[],17,[],2019-02-26 22:00:42,0.0,0,0,6796856,2019-02-26 22:00:42,btc,1e+24,0.0,0,btc,49226522.0897055,0.0,0.0,58
0.0000000001172157,[],4,[],2019-02-26 22:08:13,1065955689.9580483,3.516471e-18,1.336733703585e-22,6797045,2019-02-26 22:08:13,ltc,18.80755099917469,0.0,0.00000003,ltc,4132999751.9015503,0.001619,2.588768189539536e-09,58
1,[],12,[],2019-02-26 22:08:15,1629364192.843957,0.0000000004,0.0000000000000152054,6797046,2019-02-26 22:08:15,btc,224005479679.70935,0.0,0.0000000004,btc,3799219468.782241,0.004116308304296905,0.5251248579011392,58
0.0000000001258477,[],22,[],2019-02-26 22:08:29,137438.0,1.2584770000000001e-18,4.78391154395e-23,6797047,2019-02-26 22:08:29,XMR,69.8835922,0.0,0.00000001,XMR,9887963.0,0.0,0.00137438,58
1,[],5,[],2019-02-26 22:08:30,0.0,0,0,6797048,2019-02-26 22:08:30,btc,0.0,0.01647767,0,btc,0.0,0.0,0.0,61
1,[],22,[],2019-02-26 22:08:33,5149.5,0.00000011,0.000000000004181485,6797049,2019-02-26 22:08:33,BTC,1002.29597012,0.0,0.00000011,BTC,14947.700278135757,0.0,0.00051596,61
1,[],26,[],2019-02-26 22:08:34,0.0,0.00000800,0.000000000304108,6797050,2019-02-26 22:08:34,btc,0.0,0.0,0.00000800,btc,0.0,0.0,0.0,61
1,[],27,[],2019-02-26 22:08:36,2493.55,0.00000045,0.000000000017106075,6797051,2019-02-26 22:08:36,btc,7.841844928616269,0.0,0.00000045,"btc,eth",20831.38399471,0.0,0.00021559750348671848,61
1,[],28,[],2019-02-26 22:08:38,13880.304,0.0000005,0.00000000001900675,6797052,2019-02-26 22:08:38,btc,2.056291378300105,982.0,0.0000005,btc,9710.59500005,0.0,0.00566391304,61
1,[],4,[],2019-02-26 22:01:04,1396884.48992396,0.00000276,0.000000000105196848,6796863,2019-02-26 22:01:04,btc,11.272989155070892,0.0,0.00000276,btc,804341.63080263,0.23781666,1.2552522167018674,67
0.0,[],25,[],2019-02-26 22:01:05,0.0,0,0,6796864,2019-02-26 22:01:05,,0.0,0.0,0.0,btc,0.0,0.0,0.0,67
1,[],12,[],2019-02-26 22:08:39,2910989.37051515,0.00000025,0.000000000009503375,6797053,2019-02-26 22:08:39,btc,11115999.007761555,0.0,0.00000025,btc,2181901.99017291,0.0197264956055401,0.0928750564411114,71
,[],5,[],2018-11-20 23:02:39,1.5e-07,0.00000005,0.000000000002128045,4862160,2018-11-20 23:02:39,btc,2.84511358,0.0,,btc,0.00036572,0.0,0.07381892,74
1,[],5,[],2019-02-26 22:08:41,0.0,0,0,6797054,2019-02-26 22:08:41,btc,0.0,0.0,0,btc,0.0,0.0,0.0,75
1,[],4,[],2019-02-26 18:38:41,16191516.713575,0.00000001,0.000000000000381725,6795612,2019-02-26 18:38:41,btc,11388.6314586309,0.0,0.00000001,btc,34441504.9695017,0.00017764,0.16191516713575,81
0,[],20,[],2019-01-25 09:30:31,0.0,0,0,6495923,2019-01-25 09:30:31,btc,0.0,0.0,0,btc,0.0,0.0,0.0,81
1,[],21,[],2019-02-26 22:08:43,65332.89509316,0.00007566000000000000405130790027,0.0000000028761014100000003,6797056,2019-02-26 22:08:43,btc,2.2504788066676458,5814.78352276,0.000075660000000000004051307900265754824431496672332286834716796875,btc,24339.99500575,0.43936406,2.096011899159632,82
1,[],4,[],2019-02-26 22:08:42,28480.69066675,0.00007452,0.00000000283276602,6797055,2019-02-26 22:08:42,btc,17.77488928233018,0.0,0.00007452,btc,12760.51873864,0.01655778,0.1281294031156977,82
0,[],17,[],2019-02-26 22:01:14,0.0,0,0,6796869,2019-02-26 22:01:14,btc,0.0447233088476774,0.0,0,btc,999127.19588126,0.0,0.0,84
0.0000000001172157,[],4,[],2019-02-26 22:08:54,119907583.17664471,3.516471e-18,1.336733703585e-22,6797057,2019-02-26 22:08:54,ltc,1.7828320994725277,0.0,0.00000003,ltc,400250503.4223032,0.0,2.1745517353438798e-10,85
,[],22,[],2018-11-20 23:09:34,3408.1,0.0000001,0.0000000000041895,4862324,2018-11-20 23:09:34,BTC,0.04624735,0.0,,BTC,4990.0,0.0,0.00033081,86
0,[],22,[],2019-02-22 12:52:35,0.0,0,0,6758847,2019-02-22 12:52:35,,2.0760781,0.0,0,,140622.94736842104,0.0,0.0,87
0,[],27,[],2019-02-22 12:52:37,0.0,0,0,6758848,2019-02-22 12:52:37,,0.0,0.0,0,btc,0.0,0.0,0.0,87
,[],2,[],2018-11-20 23:10:47,0.0,0,0,4862359,2018-11-20 23:10:47,,0.0,0.0,,,0.0,0.0,0.0,88
1,[],11,[],2019-02-26 22:08:56,87545.99868082,0.00014002000000000000448467651903428077275748364627361297607421875,0.00000000532265027,6797058,2019-02-26 22:08:56,btc,610.6279928827297,2073.39196472,0.00014002000000000000448467651903428077275748364627361297607421875,btc,105182.27222667,0.0,5.4976065113202335,89
0,[],2,[],2019-01-20 23:31:45,0.0,0,0,6477083,2019-01-20 23:31:45,,0.0,0.0,0,,0.0,0.0,0.0,91
0,[],17,[],2019-02-26 18:51:36,0.0,0,0,6795817,2019-02-26 18:51:36,btc,0.0,0.0,0,btc,0.0,0.0,0.0,91
1,[],12,[],2019-02-26 22:01:19,509672.61068387,0.0000020300000000000000457815209353729102303987019695341587066650390625,0.000000000077373044,6796872,2019-02-26 22:01:19,btc,4.3601231335764,0.0,0.0000020300000000000000457815209353729102303987019695341587066650390625,btc,58935.9499919,0.001820180554341,0.11772463769378169,91
0,[],22,[],2019-02-26 22:01:22,0.0,0,0,6796873,2019-02-26 22:01:22,,3.1e-06,0.0,0,,2.0,0.0,0.0,91
0.0000000001172157,[],22,[],2019-02-26 22:09:00,2791021.0,4.688628e-18,1.78231160478e-22,6797059,2019-02-26 22:09:00,LTC,8.53161599,0.0,0.00000004,LTC,71994962.1,0.0,0.09164084,95
0.0000000001172157,[],4,[],2019-02-26 22:09:01,647299739.7891511,8.3223147e-17,3.1636030984845e-21,6797060,2019-02-26 22:09:01,ltc,11.890067413190277,0.0,0.00000071,ltc,136367520.44482967,0.00023037,1.8234751735630422e-09,96
0,[],12,[],2019-02-26 22:09:01,0.0,0,0,6797061,2019-02-26 22:09:01,btc,255077.86232305458,0.0,0,btc,8739592.61569404,5.004995005e-06,0.0,96
0,[],17,[],2019-02-26 22:09:03,0.0,0,0,6797062,2019-02-26 22:09:03,btc,0.0,0.0,0,btc,0.0,0.0,0.0,96
1,[],4,[],2019-02-26 22:09:05,1443477.65351121,0.00000031,0.000000000011784185,6797063,2019-02-26 22:09:05,btc,3.047174858045191,0.0,0.00000031,btc,2429319.47010114,0.00086668,0.1271164887854971,99
1,[],4,[],2019-02-26 22:09:05,180893.0488453,0.00004720,0.0000000017942372,6797064,2019-02-26 22:09:05,btc,11.752866999303006,0.0,0.00004720,btc,158200.45130202,3.86998539,4.133742929059418,100
0,[],2,[],2019-01-20 23:23:55,0.0,0,0,6476914,2019-01-20 23:23:55,,0.0,0.0,0,,0.0,0.0,0.0,100
1,[],22,[],2019-02-26 22:09:09,50000.0,0.00000001,0.000000000000380135,6797065,2019-02-26 22:09:09,BTC,23.49896609,0.0,0.00000001,BTC,10277.22,0.0,0.0005,101
1,[],4,[],2019-02-26 22:09:09,479148.36974951,0.00000086,0.00000000003269161,6797066,2019-02-26 22:09:09,btc,256.2984394550778,0.0,0.00000086,btc,486285.40662458,0.01460335,0.2489814514955164,103
1,[],12,[],2019-02-26 22:09:12,62214007.54400002,0.000000011,0.0000000000004181485,6797067,2019-02-26 22:09:12,btc,137279271.77177888,0.0,0.000000011,btc,122411310.76521534,0.01702629915684343,0.21076740298400023,105
1,[],27,[],2019-02-26 22:09:14,125810.89,0.00000001,0.000000000000380135,6797068,2019-02-26 22:09:14,btc,36.58510134075966,0.0,0.00000001,btc,575922.56793212,0.0,0.0012581089,105
1,[],22,[],2019-02-26 22:09:18,9328.0,0.00000001,0.000000000000380135,6797069,2019-02-26 22:09:18,BTC,51.10837004,0.0,0.00000001,BTC,470435.0,0.0,9.328e-05,107
1,[],26,[],2019-02-26 22:09:18,0.0,0.00000000,0,6797070,2019-02-26 22:09:18,btc,0.0,0.0,0.00000000,btc,0.0,0.0,0.0,107
1,[],5,[],2019-02-26 22:09:19,0.0,0,0,6797071,2019-02-26 22:09:19,btc,0.0,0.04812945,0,btc,0.0,0.0,0.0,112
1,[],22,[],2019-02-26 22:09:22,1966.0,0.00000001,0.000000000000380135,6797072,2019-02-26 22:09:22,BTC,2.81183288,0.0,0.00000001,BTC,808524.0833333334,0.0,1.966e-05,112
0.00000000035578760000000003,[],27,[],2019-02-26 22:09:25,2000.0,3.557876e-18,1.35247319326e-22,6797073,2019-02-26 22:09:25,eth,1.35132491849924,0.0,0.00000001,"btc,eth",1328.641654,0.0,7.115752e-15,112
1,[],4,[],2019-02-26 22:09:26,371146.4699746,0.00000288,0.00000000010947888,6797074,2019-02-26 22:09:26,btc,85.08374102164254,0.0,0.00000288,btc,323380.67010075,0.37229259,0.1541114607900908,113
1,[],5,[],2019-02-26 22:09:26,0.0,0,0,6797075,2019-02-26 22:09:26,btc,0.0,0.11226987,0,btc,0.0,0.0,0.0,113
1,[],17,[],2019-02-26 22:09:28,152738.278,0.00000004,0.0000000000015205400000000001,6797076,2019-02-26 22:09:28,btc,1.33680302678,0.0,0.00000004,btc,50696.221,0.0,0.0022095311199999998,116
0,[],27,[],2019-02-26 22:09:30,0.0,0,0,6797077,2019-02-26 22:09:30,,0.0,0.0,0,btc,0.0,0.0,0.0,116
1,[],4,[],2019-02-26 22:09:31,330854.57941896,0.00002102,0.00000000079904377,6797078,2019-02-26 22:09:31,btc,29.14713901992865,0.0,0.00002102,btc,83216.70765631,2.93687449,2.5866407172991774,120
1,[],7,[],2019-02-26 22:09:33,15945.02404257,0.000017510000000000000065260297166247482891776598989963531494140625,0.000000000665616385,6797079,2019-02-26 22:09:33,btc,115647.7225151597,4267.82980408,0.000017510000000000000065260297166247482891776598989963531494140625,btc,56412.73976436,0.11242318,0.0550054968939691,120
1,[],20,[],2019-02-26 22:09:36,1501162.3955,0.00000004,0.00000000000152054,6797080,2019-02-26 22:09:36,btc,32.2909198576994,128739.7889,0.00000004,btc,945515.0386,0.007051022791,0.010215124441,125
1,[],22,[],2019-02-26 22:09:40,3053.0,0.00000001,0.000000000000380135,6797081,2019-02-26 22:09:40,BTC,0.01444887,0.0,0.00000001,BTC,296263.5111111111,0.0,3.053e-05,126
1,[],4,[],2019-02-26 22:02:09,2680848.01675544,0.00001396,0.000000000532082608,6796897,2019-02-26 22:02:09,btc,11.643091276050058,0.0,0.00001396,btc,131451.18434149,0.09980624,0.7361309446746555,131
0,[],17,[],2019-02-26 22:02:11,0.0,0,0,6796898,2019-02-26 22:02:11,btc,0.0009561751951600001,0.0,0,btc,35.42829368,0.0,0.0,131
0,[],2,[],2019-01-20 23:25:46,0.0,0,0,6476969,2019-01-20 23:25:46,,0.0,0.0,0,,0.0,0.0,0.0,131
1,[],4,[],2019-02-26 22:09:40,4558.88399293,0.00016001,0.000000006082540135,6797082,2019-02-26 22:09:40,btc,1.6200822258787755,0.0,0.00016001,btc,238.2962923,0.0,0.0087097550232815,135
1,[],3,[],2019-02-26 22:09:41,1067833.16685176,0.00000004,0.0000000000015205400000000001,6797083,2019-02-26 22:09:41,btc,0.6402423705362453,17905.0,0.00000004,btc,2343705.33020365,0.0,0.0342510493370351,136
1,[],4,[],2019-02-26 22:09:42,287291.32678751,0.00000175,0.000000000066523625,6797084,2019-02-26 22:09:42,btc,38.98222123751282,0.0,0.00000175,btc,577446.96248263,0.38854139,0.1143532306610626,137
1,[],12,[],2019-02-26 22:09:44,294925.70835392,0.00000172999999999999995347796898081949024117420776747167110443115234375,0.00000000006576335499999999,6797085,2019-02-26 22:09:44,btc,11807.597022429769,0.0,0.00000172999999999999995347796898081949024117420776747167110443115234375,btc,122988.33537073,0.0041214956882909,0.0208084399999677,137
1,[],4,[],2019-02-26 22:09:44,113584.19273856,0.00003556,0.00000000135176006,6797086,2019-02-26 22:09:44,btc,29.11343581363042,0.0,0.00003556,btc,45087.71490457,0.73727015,0.4595803061083384,142
1,[],5,[],2019-02-26 22:09:45,0.0,0,0,6797087,2019-02-26 22:09:45,btc,0.0,0.45391832,0,btc,0.0,0.0,0.0,142
1,[],20,[],2019-02-26 22:09:48,133023.6247,0.000033891,0.0000000012883155285,6797088,2019-02-26 22:09:48,btc,0.3064313196569,8.7156,0.000033891,btc,1363.9861,0.000325058102,0.2281286845659,142
1,[],22,[],2019-02-26 22:09:51,1685.8988921568628,0.00004000,0.00000000152054,6797089,2019-02-26 22:09:51,BTC,3.00385504,0.0,0.00004000,BTC,891.218,0.0,0.00174536,142
0.0,[],25,[],2019-02-26 22:09:52,0.0,0,0,6797090,2019-02-26 22:09:52,,0.0,0.0,0.0,btc,0.0,0.0,0.0,142
1,[],28,[],2019-02-26 22:09:54,76772.0,0.00004500,0.0000000017106075,6797091,2019-02-26 22:09:54,btc,0.0829756127,904.0,0.00004500,btc,740.6025,0.0,0.0338472,142
1,[],17,[],2019-02-26 21:52:35,22967.386363640002,0.00000088,0.000000000033549384,6796761,2019-02-26 21:52:35,btc,20.0699133484,0.0,0.00000088,btc,405.079105,0.0,0.0104613000000032,142
0,[],22,[],2019-02-26 22:09:57,0.0,0,0,6797092,2019-02-26 22:09:57,,60.80280694,0.0,0,,704341446.3,0.0,0.0,143
0,[],22,[],2019-02-25 15:42:22,0.0,0,0,6783783,2019-02-25 15:42:22,,4.2131946,0.0,0,,2322156.0,0.0,0.0,146
,[],22,[],2018-11-20 23:01:11,0.0,0,0,4862114,2018-11-20 23:01:11,,2.56807021,0.0,,,61828.4988236,0.0,0.0,147
1,[],12,[],2019-02-26 22:09:58,218914.0097126,0.00000250000000000000020450763478507827386465578456409275531768798828125,0.00000000009503375000000001,6797093,2019-02-26 22:09:58,btc,16.291380415206028,0.0,0.00000250000000000000020450763478507827386465578456409275531768798828125,btc,117105.96563389,0.0014768581818127,0.0269552799999961,148
1,[],4,[],2019-02-26 22:09:59,246480.27528669,0.00000033,0.000000000012544454999999999,6797094,2019-02-26 22:09:59,btc,219.96747661393132,0.0,0.00000033,btc,800814.6791546,0.00436904,0.0585292308629432,152
0,[],22,[],2019-02-26 22:10:03,0.0,0,0,6797095,2019-02-26 22:10:03,,0.0,0.0,0,,0.0,0.0,0.0,152
1,[],5,[],2019-02-26 22:10:05,0.0,0,0,6797096,2019-02-26 22:10:05,btc,0.0,0.0,0,btc,0.0,0.0,0.0,153
,[],16,[],2019-01-11 15:38:59,0.0,0,0,6366141,2019-01-11 15:38:59,btc,0.0,0.0,,btc,0.0,0.0,0.0,155
0,[],22,[],2019-02-26 22:10:09,0.0,0,0,6797097,2019-02-26 22:10:09,,6.74829967,0.0,0,,4646626.747643097,0.0,0.0,156
0,[],23,[],2019-01-20 23:24:29,0.0,0,0,6476932,2019-01-20 23:24:29,,0.0,0.0,0,,0.0,0.0,0.0,156
1,[],22,[],2019-02-26 22:10:12,7073.8,0.00005300,0.0000000020147155,6797098,2019-02-26 22:10:12,BTC,1.80343699,0.0,0.00005300,BTC,899.6422341958436,0.0,0.00104336,157
0,[],22,[],2019-02-26 22:10:15,0.0,0,0,6797099,2019-02-26 22:10:15,,50175.68008609,0.0,0,,54479136.04179466,0.0,0.0,158
,[],17,[],2018-11-20 22:56:10,0.0,0,0,4861976,2018-11-20 22:56:10,btc,1.1265625,0.0,,btc,1000.0,0.0,0.0,159
,[],20,[],2018-11-20 22:56:12,0.0,0,0,4861977,2018-11-20 22:56:12,btc,11912.7940471,0.0,,btc,34413894.3617,0.0,0.0,159
1,[],12,[],2019-02-26 22:10:17,181124.02477216,0.00000808000000000000056610098553289134315491537563502788543701171875,0.00000000030714908,6797100,2019-02-26 22:10:17,btc,6.642121547146136,0.0,0.00000808000000000000056610098553289134315491537563502788543701171875,btc,13603.824132220001,0.0053924720076038,0.0872636519552838,168
1,[],17,[],2019-02-26 22:03:06,29784.95,0.000001,0.000000000038114799999999997,6796918,2019-02-26 22:03:06,btc,0.03026736251542,0.0,0.000001,btc,144.46171372,0.0,0.00716147,168
1,[],22,[],2019-02-26 22:03:09,262263.0,0.00000001,0.000000000000381148,6796919,2019-02-26 22:03:09,BTC,1.14695792,0.0,0.00000001,BTC,779972.8900917594,2.19e-06,0.00262263,169
1,[],22,[],2019-02-26 22:10:31,200000.0,0.00000001,0.000000000000380135,6797101,2019-02-26 22:10:31,BTC,13.2501524,0.0,0.00000001,BTC,144336.2939341018,0.0010622,0.002,171
1,[],22,[],2019-02-26 22:10:34,33544.0,0.00000005,0.000000000001900675,6797102,2019-02-26 22:10:34,BTC,2.19664002,0.0,0.00000005,BTC,238040.10850564364,0.00062419,0.00033724,173
1,[],5,[],2019-02-26 22:10:35,0.0,0,0,6797103,2019-02-26 22:10:35,btc,0.0,0.14447917,0,btc,0.0,0.0,0.0,175
1,[],22,[],2019-02-26 22:10:39,45904.0,0.0000003,0.00000000001140405,6797104,2019-02-26 22:10:39,BTC,0.52955903,0.0,0.0000003,BTC,143368.41384013777,0.0,0.0052148,176
1,[],7,[],2019-02-26 22:10:40,0.0,0,0,6797105,2019-02-26 22:10:40,btc,410932.5281358376,0.0,0,btc,117881559.31901672,0.0,0.0,178
0,[],22,[],2019-02-26 22:10:43,0.0,0,0,6797106,2019-02-26 22:10:43,,1.00242428,0.0,0,,57512.0,0.0,0.0,178
0,[],2,[],2019-01-20 23:28:34,0.0,0,0,6477001,2019-01-20 23:28:34,,0.0,0.0,0,,0.0,0.0,0.0,178
1,[],5,[],2019-02-26 22:10:44,0.0,0,0,6797107,2019-02-26 22:10:44,btc,0.0,0.00752761,0,btc,0.0,0.0,0.0,179
1,[],22,[],2019-02-26 22:10:49,7047118.666666667,0.00000003,0.000000000001140405,6797108,2019-02-26 22:10:49,BTC,5.63366894,0.0,0.00000003,"BTC,LTC",17147700.756535422,0.00043115,0.381295,179
0,[],23,[],2019-01-20 23:25:08,0.0,0,0,6476952,2019-01-20 23:25:08,,0.0,0.0,0,,0.0,0.0,0.0,179
1,[],17,[],2019-02-26 22:11:00,10504.725,0.0000001,0.00000000000380135,6797109,2019-02-26 22:11:00,btc,5.2010695838170005,0.0,0.0000001,btc,4994.45945,0.0,0.0010504725,180
0.0000000001172157,[],22,[],2019-02-26 22:11:05,128605.4,1.172157e-17,4.45577901195e-22,6797110,2019-02-26 22:11:05,LTC,0.20860545,0.0,0.0000001,LTC,64865.15904628841,0.0,0.00130544,180
1,[],26,[],2019-02-26 22:11:05,0.0,0.00000160,0.0000000000608216,6797111,2019-02-26 22:11:05,btc,0.0,25.0,0.00000160,btc,0.0,0.0,0.0,180
,[],7,[],2018-11-20 22:58:01,562227.975654,0.00000085,0.000000000036176765,4862015,2018-11-20 22:58:01,btc,21836.6059674,2491.87645172,,btc,749999.041456,0.00211021,0.127565380455,183
,[],5,[],2019-01-10 08:11:41,0.0,0,0,6347036,2019-01-10 08:11:41,btc,82.15055501,0.00261,,btc,1.19002445,0.0,0.0,187
1,[],24,[],2019-02-26 22:11:05,0.0,0.000000000001,3.80135e-17,6797112,2019-02-26 22:11:05,btc,0.0,0.0,0.000000000001,btc,0.0,0.0,0.0,187
,[],17,[],2018-11-16 20:58:10,4062536.27273,0.00000001,0.000000000000550501,4708775,2018-11-16 20:58:10,btc,3.36492563466,0.195460381006,,"btc,eth",110697919.549,0.0,0.0157628953496,187
0,[],22,[],2019-02-26 22:11:08,0.0,0,0,6797113,2019-02-26 22:11:08,,1.19374396,0.0,0,,16308.869534405507,0.0,0.0,191
0,[],22,[],2019-02-26 22:11:13,0.0,0,0,6797114,2019-02-26 22:11:13,,0.0,0.0,0,,0.0,0.0,0.0,197
0,[],23,[],2019-01-20 23:31:41,0.0,0,0,6477079,2019-01-20 23:31:41,,0.0,0.0,0,,0.0,0.0,0.0,199
0,[],22,[],2019-02-26 22:11:15,0.0,0,0,6797115,2019-02-26 22:11:15,,5.19477622,0.0,0,,21058553.0,0.0,0.0,199
1,[],26,[],2019-02-26 22:11:15,0.0,0.00000000,0,6797116,2019-02-26 22:11:15,btc,0.0,4.0,0.00000000,btc,0.0,0.0,0.0,199
0,[],17,[],2019-01-30 16:32:01,0.0,0,0,6540827,2019-01-30 16:32:01,btc,6.802544163788159,0.0,0,btc,105897.55575295,0.0,0.0,200
0,[],2,[],2019-01-20 23:30:49,0.0,0,0,6477059,2019-01-20 23:30:49,,0.0,0.0,0,,0.0,0.0,0.0,201
1,[],4,[],2019-01-25 15:51:35,2084389.58565343,0.00000936,0.000000000333526752,6499557,2019-01-25 15:51:35,btc,2.0092503037378524,0.0,0.00000936,btc,160195.80207885,0.19272417,1.242687955921835,211
1,[],7,[],2019-02-26 22:11:18,4386845.69008646,0.000001309999999999999951307938332589753116508290986530482769012451171875,0.000000000049797685,6797117,2019-02-26 22:11:18,btc,15476653.818845585,1471795.96928,0.000001309999999999999951307938332589753116508290986530482769012451171875,btc,12053738.86799418,0.0,3.3957407749889126,212
1,[],5,[],2019-02-26 22:11:19,0.0,0,0,6797118,2019-02-26 22:11:19,btc,0.0,0.32737636,0,btc,0.0,0.0,0.0,213
1,[],24,[],2019-02-26 22:11:20,0.0,0.000000100000,0.00000000000380135,6797119,2019-02-26 22:11:20,btc,0.0,0.0,0.000000100000,btc,0.0,0.0,0.0,213
1,[],26,[],2019-02-26 22:11:20,0.0,0.00000010,0.00000000000380135,6797120,2019-02-26 22:11:20,btc,0.0,0.0,0.00000010,btc,0.0,0.0,0.0,213
1,[],12,[],2019-01-25 02:44:32,207462.42853209,0.000001080000000000000035831255497387193287295303889550268650054931640625,0.000000000038610756000000006,6493050,2019-01-25 02:44:32,btc,85023.03793723314,0.0,0.000001080000000000000035831255497387193287295303889550268650054931640625,btc,43675.73520027,0.000146250909087,0.0348620860622024,213
1,[],22,[],2019-02-26 22:11:28,29085.0,0.00000001,0.000000000000380135,6797121,2019-02-26 22:11:28,BTC,2.2293,0.0,0.00000001,BTC,574426.3963726171,0.00075806,0.00029085,216
1,[],27,[],2019-02-26 22:11:30,1301251.005988,0.00000007,0.000000000002660945,6797122,2019-02-26 22:11:30,btc,316.33345711644,580.0,0.00000007,"btc,ltc",234898.901,6.96e-05,0.033957470419370986,216
1,[],22,[],2019-02-26 22:11:34,253780.0040747906,0.00000230,0.00000000008743105,6797123,2019-02-26 22:11:34,BTC,12673.61999268,0.0,0.00000230,BTC,375054.37176843424,0.39438122,0.3671048,217
1,[],7,[],2019-02-26 22:11:34,0.0,0,0,6797124,2019-02-26 22:11:34,btc,77969.77488735563,0.0,0,btc,137043486.5550253,0.0,0.0,219
0,[],27,[],2019-02-26 22:11:36,0.0,0,0,6797125,2019-02-26 22:11:36,,0.0740438339680921,0.0,0,btc,1536429.20709513,0.0,0.0,219
0.0000000000000053,[],28,[],2019-02-26 22:11:39,167530653.514,2.385e-18,9.066219750000001e-23,6797126,2019-02-26 22:11:39,doge,83883.3352434475,1217492.0,0.00045000,"btc,doge",4823713.77951,0.0,9.26821419433611e-12,219
1,[],22,[],2019-02-26 22:04:32,240665.0,0.00000002,0.000000000000762296,6796945,2019-02-26 22:04:32,BTC,3.01323916,0.0,0.00000002,BTC,129679.27041875875,0.0,0.00440665,221
1,[],24,[],2019-02-26 22:04:32,0.0,0.000000200000,0.00000000000762296,6796946,2019-02-26 22:04:32,btc,0.0,0.0,0.000000200000,btc,0.0,0.0,0.0,221
1,[],20,[],2019-02-26 22:04:34,40808456.2707,0.000000001,0.0000000000000381148,6796947,2019-02-26 22:04:34,btc,48.0252304539449,2030195.8282,0.000000001,btc,11088628.3145,0.0020301958282,0.0408084562707,224
0,[],22,[],2019-02-26 22:04:36,0.0,0,0,6796948,2019-02-26 22:04:36,,0.0,0.0,0,,0.0,0.0,0.0,224
1,[],26,[],2019-02-26 22:11:39,0.0,0.00000035,0.000000000013304725,6797127,2019-02-26 22:11:39,btc,0.0,0.0,0.00000035,btc,0.0,0.0,0.0,231
1,[],26,[],2019-02-26 22:11:39,0.0,0.00000006,0.00000000000228081,6797128,2019-02-26 22:11:39,btc,0.0,2050.0,0.00000006,btc,0.0,0.0,0.0,234
0.00000000035578760000000003,[],27,[],2019-02-26 22:11:42,2000.0,3.557876e-18,1.35247319326e-22,6797129,2019-02-26 22:11:42,eth,0.0113483662182,0.0,0.00000001,"btc,eth",11462.99618,0.0,7.115752e-15,234
1,[],4,[],2019-02-26 22:04:41,892104.36749023,0.00000075,0.0000000000285861,6796952,2019-02-26 22:04:41,btc,4.4490336664774714,0.0,0.00000075,btc,1079815.92099937,0.30141032,0.2888408817062146,236
1,[],24,[],2019-02-26 22:04:41,0.0,0.000000300000,0.00000000001143444,6796953,2019-02-26 22:04:41,btc,0.0,0.0,0.000000300000,btc,0.0,0.0,0.0,236
1,[],20,[],2019-02-26 22:11:44,70483515.36,0.000000054,0.000000000002052729,6797130,2019-02-26 22:11:44,btc,9.3140984385718,11600043.0757,0.000000054,btc,45769404.0511,0.6453014970604,0.4091033706532,237
0.0000000001172157,[],22,[],2019-02-26 22:11:48,14400.0,1.172157e-17,4.45577901195e-22,6797131,2019-02-26 22:11:48,LTC,0.0405823,0.0,0.0000001,LTC,3164.0,0.0,0.00144,237
1,[],4,[],2019-02-26 22:11:49,7622112.72635078,0.00000034,0.000000000012924589999999999,6797132,2019-02-26 22:11:49,btc,6.02706082102464,0.0,0.00000034,btc,9458383.55507081,0.11319832,1.7163218265317453,238
1,[],5,[],2019-02-26 22:11:50,0.0,0,0,6797133,2019-02-26 22:11:50,btc,0.0,0.02180143,0,btc,0.0,0.0,0.0,238
0,[],22,[],2019-02-26 22:04:52,0.0,0,0,6796958,2019-02-26 22:04:52,,0.41356282,0.0,0,,316008.5639027493,0.0,0.0,249
0.0000000001172157,[],22,[],2019-02-26 22:11:54,7121097.666666667,3.516471e-18,1.336733703585e-22,6797134,2019-02-26 22:11:54,LTC,0.52925409,0.0,0.00000003,LTC,19096234.09,0.0,0.21263595,252
1,[],28,[],2019-02-26 22:11:56,4649279.276,0.00000021,0.000000000007982835,6797135,2019-02-26 22:11:56,btc,164706.51492252972,401529.285,0.00000021,btc,1951346.5671,0.0,0.38022038952,256
1,[],22,[],2019-02-26 22:05:07,1066287.3333333333,0.00000003,0.0000000000011434440000000001,6796961,2019-02-26 22:05:07,BTC,31.43427016,0.0,0.00000003,BTC,545727.8076914564,0.0004986,0.01084334,258
1,[],22,[],2019-02-26 22:12:00,48751.0,0.00000001,0.000000000000380135,6797136,2019-02-26 22:12:00,BTC,2.4175745,0.0,0.00000001,BTC,1762.0,0.0,0.00048751,259
1,[],5,[],2019-02-26 22:12:01,0.0,0,0,6797137,2019-02-26 22:12:01,btc,0.0,0.06784483,0,btc,0.0,0.0,0.0,264
1,[],20,[],2019-02-26 22:12:02,1220297.4248,0.00000201,0.000000000076407135,6797138,2019-02-26 22:12:02,btc,7.3491639467078,18294.2744,0.00000201,btc,94583.4014,0.0488555041996,0.0170806856285,264
0,[],22,[],2019-02-26 22:12:05,0.0,0,0,6797139,2019-02-26 22:12:05,,8.43388524,0.0,0,,424741.8107878143,0.0,0.0,271
0,[],22,[],2019-02-26 22:12:07,0.0,0,0,6797140,2019-02-26 22:12:07,,255.79451411,0.0,0,,14042138615.9,0.0,0.0,272
0.0000000000000053,[],28,[],2019-02-26 22:12:09,263317350434.807,5.0350000000000004e-21,1.9139797250000002e-25,6797141,2019-02-26 22:12:09,doge,21988980.581080448,124330953171.82,0.00000095,doge,210157049836.25278,0.0,7.884157025320402e-10,272
1,[],22,[],2019-02-26 22:05:31,114648.74,0.00000200,0.0000000000762296,6796968,2019-02-26 22:05:31,BTC,74.32244193,0.0,0.00000200,"BTC,LTC",8380.527743939856,0.0,0.04337297,281
1,[],22,[],2019-02-26 22:05:35,863814.5,0.00000002,0.000000000000762296,6796969,2019-02-26 22:05:35,BTC,1.33236171,0.0,0.00000002,BTC,138490.6655455173,5.99e-06,0.01714417,286
0,[],22,[],2019-02-26 22:12:12,0.0,0,0,6797142,2019-02-26 22:12:12,,43634.52001853,0.0,0,,419066696.0,0.0,0.0,294
