pairValue,buyBook,exchangeId,sellBook,updated,buyTotal,satoshiPrice,usdPrice,exchangeLogId,created,bestPair,sellTotalBtc,volume,pairPrice,activePairs,sellTotal,volumeBtc,buyTotalBtc,coinId
1,[],3,[],2019-01-30 15:25:29,124.688212573911,0.01269679999999999940596406844406374148093163967132568359375,0.00000043923690823999997,6539866,2019-01-30 15:25:29,btc,107.00304805268873,0.230032799836,0.01269679999999999940596406844406374148093163967132568359375,btc,13.721931376483,0.0,0.38776331926285834,1
1,[],4,[],2019-01-30 15:25:30,25069.36147395,0.01278786,0.000000442387065198,6539867,2019-01-30 15:25:30,btc,0.9632074590483631,0.0,0.01278786,btc,71.34346928,0.32530183,1.1303271798830894,1
1,[],5,[],2019-01-30 15:25:33,0.22325491,0.01252177,0.000000433181867911,6539868,2019-01-30 15:25:33,btc,14578.44977989,0.03088512,0.01252177,btc,35555556.31693294,0.0,1.48095159,1
1,[],10,[],2019-01-30 15:25:35,272484.63393778,0.0120103,0.00000041548792129,6539869,2019-01-30 15:25:35,btc,6536.917708043468,1463.17095539,0.0120103,btc,965.33524931,0.0,4.901830097407494,1
1,[],12,[],2019-01-30 15:25:37,10414.02811804,0.01256999999999999957644991610550277982838451862335205078125,0.00000043485035099999996,6539870,2019-01-30 15:25:37,btc,0.4611743230336,0.0,0.01256999999999999957644991610550277982838451862335205078125,btc,30.41985196,0.0474527008975,0.0771438820525,1
1,[],20,[],2019-01-30 15:25:39,1453.8517,0.0105001,0.00000036324360943,6539871,2019-01-30 15:25:39,btc,0.0564711704203,0.0,0.0105001,btc,2.4781,0.0,0.0967112513876,1
1,[],21,[],2019-01-30 15:25:40,2195.03279231,0.01272374000000000074384054471,0.000000440168878682,6539872,2019-01-30 15:25:40,btc,20.11340386165755,4768.8993438200005,0.0127237400000000007438405447146578808315098285675048828125,"btc,eth",2337.21450398,58.07040428286517,21.02718610051846,1
1,[],22,[],2019-01-30 15:25:47,0.03636045714285714,0.01400000,0.0000004843202,6539873,2019-01-30 15:25:47,BTC,0.31380731,0.0,0.01400000,BTC,0.09124366666666667,6.237e-05,0.00048448,1
1,[],24,[],2019-01-30 15:25:47,0.0,0.000000000000,0,6539874,2019-01-30 15:25:47,btc,0.0,0.0,0.000000000000,btc,0.0,0.0,0.0,1
0.0,[],25,[],2019-01-30 15:25:48,0.0,0,0,6539875,2019-01-30 15:25:48,btc,20.20669999760556,291.86263601,0.0,btc,1550.55262429,3.6915,0.0,1
1,[],26,[],2019-01-30 15:25:58,0.0,0,0,6539876,2019-01-30 15:25:58,,0.0,0.0,0,,0.0,0.0,0.0,1
1,[],28,[],2019-01-30 15:26:03,987.9,0.01131000,0.00000039126153299999997,6539877,2019-01-30 15:26:03,btc,0.162839806,16897.65,0.01131000,btc,8.9,0.0,0.024551096,1
0,[],2,[],2019-01-20 23:28:45,0.0,0,0,6477011,2019-01-20 23:28:45,,0.0,0.0,0,,0.0,0.0,0.0,1
1,[],5,[],2019-01-30 15:26:05,1.891e-05,0.00000075,0.000000000025945725,6539878,2019-01-30 15:26:05,btc,0.1487398,0.05752088,0.00000075,btc,7.279e-05,0.0,0.47242924,2
1,[],22,[],2019-01-30 15:26:12,1754.625335862178,0.0000004,0.00000000001383772,6539879,2019-01-30 15:26:12,BTC,0.0231601,0.0,0.0000004,"BTC,XMR",14562.72385,0.0,0.00111682,2
1,[],5,[],2019-01-30 15:26:14,1.42e-06,0.00000017,0.000000000005881031,6539880,2019-01-30 15:26:14,btc,3.87774427,0.08414294,0.00000017,btc,2.267e-05,0.0,3.69273257,3
1,[],12,[],2019-01-30 15:26:15,12350692.40214979,0.000000172,0.0000000000059502196,6539881,2019-01-30 15:26:15,btc,921319.9150882638,0.0,0.000000172,btc,8030320.81534439,0.02711660243080764,0.5322678937073944,3
0,[],28,[],2019-01-30 15:26:16,0.0,0,0,6539882,2019-01-30 15:26:16,,0.0,0.0,0,,0.0,0.0,0.0,3
0,[],2,[],2019-01-20 23:31:32,0.0,0,0,6477077,2019-01-20 23:31:32,,0.0,0.0,0,,0.0,0.0,0.0,4
1,[],4,[],2019-01-30 15:26:17,235507.87869303,0.00000045,0.000000000015567435,6539883,2019-01-30 15:26:17,btc,0.411500641017036,0.0,0.00000045,btc,330271.97555063,0.00061667,0.0194263704422508,4
1,[],12,[],2019-01-25 15:53:49,1222127.5219999999,0.00000003,0.000000000001069017,6499609,2019-01-25 15:53:49,btc,11013867.817925906,0.0,0.00000003,btc,969763.77092902,0.0,0.01617509044,5
0,[],2,[],2019-01-20 23:31:51,0.0,0,0,6477087,2019-01-20 23:31:51,,0.0,0.0,0,,0.0,0.0,0.0,6
1,[],11,[],2019-01-30 15:26:19,5068764.08392,0.00000002,0.000000000000691886,6539884,2019-01-30 15:26:19,btc,9432.454658026567,250191.41608,0.00000002,btc,41305903.12229939,0.0,0.0512857266784,6
1,[],3,[],2019-01-30 15:26:20,1070.673071960979,0.000150559999999999995050348200464895853656344115734100341796875,0.000000005208517807999999,6539885,2019-01-30 15:26:20,btc,28.510202753279106,0.0,0.000150559999999999995050348200464895853656344115734100341796875,btc,234.145665820227,0.0,0.031146277816609152,7
1,[],4,[],2019-01-30 15:26:20,23883.45114393,0.00016833,0.0000000058232585189999995,6539886,2019-01-30 15:26:20,btc,2.8001625844330236,0.0,0.00016833,btc,14956.54001288,4.25118908,3.60615076104466,7
1,[],5,[],2019-01-30 15:26:22,0.00524914,0.00016202,0.000000005604968486,6539887,2019-01-30 15:26:22,btc,1.32015758,0.87889152,0.00016202,btc,0.01127734,0.0,1.41266362,7
1,[],20,[],2019-01-30 15:26:24,62771509.8802,0.000000001,0.000000000000034594299999999997,6539888,2019-01-30 15:26:24,btc,136.3794032759826,3088827.1843,0.000000001,btc,24923278.1195,0.0061776543686,0.0627715098802,8
0,[],2,[],2019-01-20 23:22:42,0.0,0,0,6476876,2019-01-20 23:22:42,,0.0,0.0,0,,0.0,0.0,0.0,9
0,[],23,[],2019-01-20 23:22:48,0.0,0,0,6476878,2019-01-20 23:22:48,,0.0,0.0,0,,0.0,0.0,0.0,9
1,[],1,[],2019-01-30 15:26:25,3227043.71,0.000001740000000000000069492480346544649449924690998159348964691162109375,0.000000000060194082,6539889,2019-01-30 15:26:25,btc,0.5728310332,17884663.67,0.000001740000000000000069492480346544649449924690998159348964691162109375,btc,321901.21,32.19683851,5.5199898567000005,9
1,[],4,[],2019-01-30 15:26:26,1246036.34128387,0.00000175,0.000000000060540025,6539890,2019-01-30 15:26:26,btc,1.213007000125389,0.0,0.00000175,btc,636950.55767634,0.5681157,0.6077269207210443,9
1,[],28,[],2019-01-30 15:26:28,49320.0,0.00000190,0.00000000006572917,6539891,2019-01-30 15:26:28,btc,2708.750989044,3623113.0,0.00000190,btc,7870.28,0.0,0.056698,9
1,[],4,[],2019-01-30 15:26:29,7704347.66126053,0.00000002,0.000000000000691886,6539892,2019-01-30 15:26:29,btc,0.2059096907857639,0.0,0.00000002,btc,4034631.16091358,0.00998019,0.0827994438452106,10
0,[],2,[],2019-01-20 23:23:08,0.0,0,0,6476890,2019-01-20 23:23:08,,0.0,0.0,0,,0.0,0.0,0.0,12
1,[],4,[],2019-01-30 15:26:29,3673298.4165374,0.00000143,0.000000000049469849,6539893,2019-01-30 15:26:29,btc,1.0165959350692986,0.0,0.00000143,btc,685248.10854558,2.81522137,2.9490379686767074,12
1,[],5,[],2019-01-30 15:26:30,1.583e-05,0.00000136,0.000000000047048248,6539894,2019-01-30 15:26:30,btc,0.236017,1.88204492,0.00000136,btc,0.00011577,0.0,0.67411554,12
0.0,[],25,[],2019-01-30 15:26:31,0.0,0,0,6539895,2019-01-30 15:26:31,,0.0,0.0,0.0,btc,0.0,0.0,0.0,12
1,[],4,[],2019-01-30 15:26:32,291776.91016301,0.00000620,0.00000000021448466,6539896,2019-01-30 15:26:32,btc,0.3291247818735947,0.0,0.00000620,btc,47848.98209357,1.49696754,1.2259435687478462,13
1,[],10,[],2019-01-30 15:26:35,581297.33416882,0.00000622,0.00000000021517654599999998,6539897,2019-01-30 15:26:35,btc,666810.8298378388,15076.4463325,0.00000622,btc,834811.89719116,0.0,0.7979139441239181,13
1,[],21,[],2019-01-30 15:26:36,2028131.93690014,0.000006340000000000000284850268373,0.000000000219327862,6539898,2019-01-30 15:26:36,btc,6.9330937103510495,1420459.82838067,0.00000634000000000000028485026837277160893791005946695804595947265625,btc,955534.195851,9.17706159,9.002546519168526,13
1,[],4,[],2019-01-30 15:26:37,850088.90709078,0.00000141,0.000000000048777963,6539899,2019-01-30 15:26:37,btc,0.1592539523467197,0.0,0.00000141,btc,75972.58334638,0.00127211,0.1573412682517857,14
1,[],12,[],2019-01-30 15:26:38,86164.42857143,0.000001170000000000000021170673721038202330646527116186916828155517578125,0.000000000040475331,6539900,2019-01-30 15:26:38,btc,1.7870420966516911,0.0,0.000001170000000000000021170673721038202330646527116186916828155517578125,btc,38567.61958427,0.0,0.0095840400000016,14
0,[],17,[],2019-01-30 15:26:40,0.0,0,0,6539901,2019-01-30 15:26:40,btc,0.0,0.0,0,btc,0.0,0.0,0.0,14
1,[],26,[],2019-01-30 15:26:40,0.0,0.00000049,0.000000000016951207,6539902,2019-01-30 15:26:40,btc,0.0,0.0,0.00000049,btc,0.0,0.0,0.0,14
0,[],4,[],2019-01-30 15:26:41,0.0,0,0,6539903,2019-01-30 15:26:41,,0.0,0.0,0,,0.0,0.0,0.0,15
,[],12,[],2018-12-01 15:15:48,204241.84496,0.00000489,0.000000000202473384,5260204,2018-12-01 15:15:48,btc,49.5475654835,0.0,,btc,35763.2193806,0.0163153972027625,0.0203389899998,15
0,[],2,[],2019-01-20 23:23:38,0.0,0,0,6476906,2019-01-20 23:23:38,,0.0,0.0,0,,0.0,0.0,0.0,18
1,[],4,[],2019-01-30 15:26:43,23122.94383189,0.00001800,0.0000000006226974,6539904,2019-01-30 15:26:43,btc,1.2280309317417757,0.0,0.00001800,btc,7450.90282225,0.01200031,0.0481346718839746,18
1,[],10,[],2019-01-30 15:26:44,396489.20785244,0.000018,0.0000000006226974,6539905,2019-01-30 15:26:44,btc,15.566604801112227,4331.78167012,0.000018,btc,11162.76064277,0.0,0.2943154838977113,18
1,[],12,[],2019-01-30 15:26:46,200782.04723249,0.00001758000000000000108912011353989868212011060677468776702880859375,0.000000000608167794,6539906,2019-01-30 15:26:46,btc,0.1842647526893832,0.0,0.00001758000000000000108912011353989868212011060677468776702880859375,btc,1629.21937285,0.0159137860325815,0.0167673452291498,18
0,[],17,[],2019-01-30 15:26:47,0.0,0,0,6539907,2019-01-30 15:26:47,btc,0.0,0.0,0,btc,0.0,0.0,0.0,18
0,[],2,[],2019-01-20 23:24:19,0.0,0,0,6476924,2019-01-20 23:24:19,,0.0,0.0,0,,0.0,0.0,0.0,19
1,[],3,[],2019-01-30 15:26:49,109028.57792712914,0.00003512000000000000256121512887119706647354178130626678466796875,0.000000001214951816,6539908,2019-01-30 15:26:49,btc,1.196934398661776,218.047216631,0.00003512000000000000256121512887119706647354178130626678466796875,btc,8447.872943989312,0.0,0.11026457525184542,19
1,[],4,[],2019-01-30 15:26:50,71858.42335292,0.00003350,0.00000000115890905,6539909,2019-01-30 15:26:50,btc,0.7370743345010929,0.0,0.00003350,btc,18080.77631168,1.22039148,1.5579468281552593,19
1,[],5,[],2019-01-30 15:26:51,0.00047549,0.00003157,0.0000000010921420509999999,6539910,2019-01-30 15:26:51,btc,0.31830458,0.0,0.00003157,btc,0.00350906,0.0,0.24078388,19
1,[],12,[],2019-01-30 15:26:52,133583.0,0.0000333099999999999978679728063202247767549124546349048614501953125,0.000000001152336133,6539911,2019-01-30 15:26:52,btc,1.990714868201558,0.0,0.0000333099999999999978679728063202247767549124546349048614501953125,btc,431.27457877,0.002767868601326,0.03157285,19
0,[],27,[],2019-01-30 15:26:54,0.0,0,0,6539912,2019-01-30 15:26:54,,0.0,0.0,0,btc,0.0,0.0,0.0,19
1,[],4,[],2019-01-30 15:26:55,9445137.15447708,0.00000013,0.000000000004497259,6539913,2019-01-30 15:26:55,btc,0.8122401620688696,0.0,0.00000013,btc,1597393.93239221,0.00316998,0.395211008171568,20
1,[],4,[],2019-01-30 15:26:56,119696029.36523025,0.00000002,0.000000000000691886,6539914,2019-01-30 15:26:56,btc,0.6225803674414744,0.0,0.00000002,btc,14781662.76181205,0.00088208,1.4034152624744454,21
1,[],12,[],2019-01-30 15:26:57,19388582.0,0.00000002,0.000000000000691886,6539915,2019-01-30 15:26:57,btc,668.0328591524888,0.0,0.00000002,btc,8169481.96204064,0.0003645397002997,0.26070816,21
0,[],17,[],2019-01-30 15:26:59,0.0,0,0,6539916,2019-01-30 15:26:59,btc,0.0,0.0,0,btc,0.0,0.0,0.0,21
1,[],12,[],2019-01-30 15:27:00,4523972267.531896,0.0000000001,0.00000000000000345943,6539917,2019-01-30 15:27:00,btc,1721704714463.8801,0.0,0.0000000001,btc,7026279854.416815,0.002300200777722276,0.4523972267531896,23
0,[],27,[],2019-01-30 15:27:02,0.0,0,0,6539918,2019-01-30 15:27:02,,0.424699,0.0,0,eth,424699.0,0.0,0.0,23
1,[],4,[],2019-01-30 15:27:03,879990.15776197,0.00000089,0.000000000030788927,6539919,2019-01-30 15:27:03,btc,0.0803096498022814,0.0,0.00000089,btc,67320.55338793,0.00334141,0.3728985865166873,24
1,[],22,[],2019-01-30 15:27:09,11.76,0.00000100,0.0000000000345943,6539920,2019-01-30 15:27:09,BTC,7.415e-05,0.0,0.00000100,BTC,23.919354838709676,0.0,1.176e-05,24
0.0,[],25,[],2019-01-30 15:27:10,0.0,0,0,6539921,2019-01-30 15:27:10,,0.0,0.0,0.0,btc,0.0,0.0,0.0,24
1,[],4,[],2019-01-30 15:27:11,27077423.66375514,0.00000666,0.000000000230398038,6539922,2019-01-30 15:27:11,btc,0.4602011404287412,0.0,0.00000666,btc,38077.55206812,0.11521418,0.4847382896932023,26
1,[],10,[],2019-01-30 15:27:13,732443.47594257,0.0000071,0.00000000024561953,6539923,2019-01-30 15:27:13,btc,27.980141511451368,1228.25655312,0.0000071,btc,12873.91623737,0.0,0.2150377917476457,26
0,[],2,[],2019-01-20 23:25:56,0.0,0,0,6476976,2019-01-20 23:25:56,,0.0,0.0,0,,0.0,0.0,0.0,26
1,[],3,[],2019-01-30 15:27:14,6396256.03885143,0.00000001,0.000000000000345943,6539924,2019-01-30 15:27:14,btc,2.9567696814174513,2047544.0,0.00000001,btc,17505913.9542977,0.0,0.06396256038851429,27
1,[],5,[],2019-01-30 15:27:15,1e-08,0.00000001,0.000000000000345943,6539925,2019-01-30 15:27:15,btc,1.48685309,0.05413084,0.00000001,btc,5.008e-05,0.0,0.09692843,27
1,[],11,[],2019-01-30 15:27:17,10597882.41182718,0.00000005,0.000000000001729715,6539926,2019-01-30 15:27:17,btc,370.5931920764931,1000.0,0.00000005,btc,8220964.80991447,0.0,0.4932896594767663,27
1,[],4,[],2019-01-30 15:27:19,133662635.73887877,0.00000003,0.000000000001037829,6539927,2019-01-30 15:27:19,btc,4.09677095707825,0.0,0.00000003,"btc,ltc",154765282.20610532,0.32478593,1.9466641242334553,29
1,[],7,[],2019-01-30 15:27:20,39731453.61823904,0.00000003,0.0000000000010378289999999999,6539928,2019-01-30 15:27:20,btc,44465206.10828227,3156107.68488,0.00000003,btc,38212986.12676291,0.13075333,0.7241496813070245,29
1,[],4,[],2019-01-30 15:27:21,1315708.37155411,0.00000035,0.000000000012108005,6539929,2019-01-30 15:27:21,btc,0.2698465727524205,0.0,0.00000035,btc,485178.22636702,0.00183776,0.0725558312735864,30
0,[],17,[],2019-01-30 15:27:22,0.0,0,0,6539930,2019-01-30 15:27:22,btc,0.0,0.0,0,btc,0.0,0.0,0.0,30
1,[],4,[],2019-01-30 15:27:23,132176.10299428,0.00008368,0.000000002894851024,6539931,2019-01-30 15:27:23,btc,1.2372552817511948,0.0,0.00008368,btc,12980.3552297,0.7270425,2.5060605265401916,31
1,[],21,[],2019-01-30 15:27:24,45136.45458232,0.00008409999999999999778250298066,0.00000000290938063,6539932,2019-01-30 15:27:24,btc,4.738382543688489,97945.46791497,0.000084099999999999997782502980658847491213236935436725616455078125,btc,50143.13285154,8.27020074,3.605424552832409,31
0,[],2,[],2019-01-20 23:28:43,0.0,0,0,6477009,2019-01-20 23:28:43,,0.0,0.0,0,,0.0,0.0,0.0,32
1,[],4,[],2019-01-30 15:27:25,142015816.38091195,0.00000005,0.000000000001729715,6539933,2019-01-30 15:27:25,btc,2.3667423591149546,0.0,0.00000005,"btc,ltc",39757982.73880466,0.21449623,2.175143222665004,33
1,[],12,[],2019-01-30 15:27:26,21108962.0,0.00000006,0.0000000000020756579999999997,6539934,2019-01-30 15:27:26,btc,17267338.582542248,0.0,0.00000006,btc,89098730.62737247,0.0115486481118886,0.8389272099999999,33
1,[],4,[],2019-01-30 15:27:27,105157325.24315792,0.00000002,0.000000000000691886,6539935,2019-01-30 15:27:27,btc,0.8359267124382684,0.0,0.00000002,btc,27864223.74794228,4.07472199,1.0654604733215793,34
1,[],5,[],2019-01-30 15:27:28,3e-08,0.00000002,0.000000000000691886,6539936,2019-01-30 15:27:28,btc,3.83211238,1.66212172,0.00000002,btc,1.394e-05,0.0,0.78016254,34
0.000000000091664,[],4,[],2019-01-30 15:27:29,2211996035.186273,3.66656e-18,1.26842076608e-22,6539937,2019-01-30 15:27:29,ltc,5.887631578889982e-09,0.0,0.00000004,ltc,1193591257.8887832,0.0,5.112746392506657e-09,36
1,[],5,[],2019-01-30 15:27:30,0.0,0,0,6539938,2019-01-30 15:27:30,btc,202.53500469,0.0,0,btc,1.295e-05,0.0,0.0,36
0,[],17,[],2019-01-30 15:27:32,0.0,0,0,6539939,2019-01-30 15:27:32,btc,0.14892131555289867,0.0,0,btc,12533924.99083647,0.0,0.0,36
0.000000000091664,[],27,[],2019-01-30 15:27:34,2000000.0,1.83328e-18,6.3421038304e-23,6539940,2019-01-30 15:27:34,ltc,448.594787045,0.0,0.00000002,"ltc,eth",3711932.58,0.0,2.74992e-12,36
1,[],4,[],2019-01-30 15:27:35,522320.15391732,0.00000148,0.000000000051199563999999995,6539941,2019-01-30 15:27:35,btc,0.4526883074394614,0.0,0.00000148,btc,238654.5206783,0.1640711,0.5216147005413696,37
1,[],12,[],2019-01-30 15:27:36,512238.91582492,0.00000146999999999999990171598886201653755279039614833891391754150390625,0.000000000050853620999999994,6539942,2019-01-30 15:27:36,btc,1337.7791429227145,0.0,0.00000146999999999999990171598886201653755279039614833891391754150390625,btc,798241.17504942,0.1925189512485631,0.414546500000005,37
1,[],17,[],2019-01-30 15:27:38,1752.74075282,0.00000025,0.000000000008648574999999999,6539943,2019-01-30 15:27:38,btc,0.055487313967380304,0.0,0.00000025,btc,1388.79251806,0.0,0.00043818518820499993,37
1,[],27,[],2019-01-30 15:27:39,32911.0,0.00000037,0.000000000012799890999999999,6539944,2019-01-30 15:27:39,btc,29.14432516998993,318.0,0.00000037,btc,5135.24792508,3.18e-06,0.00329017,37
1,[],5,[],2019-01-30 15:27:41,8.45e-06,0.00000074,0.000000000025599781999999998,6539945,2019-01-30 15:27:41,btc,0.098936,0.02457858,0.00000074,btc,0.00010658,0.0,0.03340256,42
1,[],12,[],2019-01-30 15:27:42,121169.88869765,0.00000084,0.000000000029059212,6539946,2019-01-30 15:27:42,btc,109.31452712984205,0.0,0.00000084,btc,84449.51339312,0.0183522543424561,0.0277290500000019,42
0,[],27,[],2019-01-30 15:27:44,0.0,0,0,6539947,2019-01-30 15:27:44,,0.00315028,0.0,0,"btc,eth",11.007,0.0,0.0,42
1,[],5,[],2019-01-30 15:27:47,3e-08,0.00000002,0.000000000000691886,6539948,2019-01-30 15:27:47,btc,6.14250866,1.96e-06,0.00000002,btc,1.425e-05,0.0,0.54258138,43
1,[],12,[],2019-01-30 15:27:48,6432544.0,0.00000001,0.000000000000345943,6539949,2019-01-30 15:27:48,btc,20007434.261817243,0.0,0.00000001,btc,38998834.77462537,0.0009415594605394,0.06432544,43
0,[],17,[],2019-01-30 15:27:49,0.0,0,0,6539950,2019-01-30 15:27:49,btc,0.0,0.0,0,btc,0.0,0.0,0.0,43
1,[],12,[],2019-01-30 15:27:51,956859.748,0.00000013,0.000000000004497259,6539951,2019-01-30 15:27:51,btc,11114794.669822434,0.0,0.00000013,btc,885278.98526806,0.1429881625554699,0.03502730974,44
1,[],4,[],2019-01-30 15:27:52,261471956.2022475,0.00000003,0.000000000001037829,6539952,2019-01-30 15:27:52,btc,0.18771764462294102,0.0,0.00000003,"btc,ltc",3769150.23572471,0.01084428,0.559015875683824,49
0.000000000091664,[],4,[],2019-01-30 15:27:53,3817574456.828636,1.83328e-18,6.3421038304e-23,6539953,2019-01-30 15:27:53,ltc,4.994394634413884,0.0,0.00000002,ltc,2128377471.8934135,0.0,3.511093731512398e-09,52
0,[],22,[],2019-01-30 15:28:26,0.0,0,0,6539954,2019-01-30 15:28:26,,3693.80493996,0.0,0,,264578085.90882352,0.0,0.0,57
0,[],27,[],2019-01-30 15:28:28,0.0,0,0,6539955,2019-01-30 15:28:28,,0.0,0.0,0,"btc,eth",0.0,0.0,0.0,57
0.000000000091664,[],4,[],2019-01-30 15:28:29,1553905570.7097683,5.49984e-18,1.90263114912e-22,6539956,2019-01-30 15:28:29,ltc,3.3216613261320806,0.0,0.00000006,ltc,1189645903.0929904,0.01501568,7.111561952404439e-09,58
1,[],12,[],2019-01-30 15:28:30,2385285938.932997,0.0000000007,0.00000000000002421601,6539957,2019-01-30 15:28:30,btc,684074799613.3884,0.0,0.0000000007,btc,3058134681.302797,0.03296570312937064,0.9415734065195632,58
0,[],17,[],2019-01-30 15:28:31,0.0,0,0,6539958,2019-01-30 15:28:31,btc,1e+24,0.0,0,btc,41616695.95832568,0.0,0.0,58
0.0000000001261656,[],22,[],2019-01-30 15:28:40,137438.0,1.2616560000000001e-18,4.3646106160800005e-23,6539959,2019-01-30 15:28:40,XMR,69.8835922,0.0,0.00000001,XMR,9887963.0,0.0,0.00137438,58
1,[],5,[],2019-01-30 15:28:41,2.44e-06,0.00000036,0.000000000012453947999999999,6539960,2019-01-30 15:28:41,btc,0.43018392,0.00368546,0.00000036,btc,7.252e-05,0.0,0.01788466,61
1,[],22,[],2019-01-30 15:29:36,5111.5,0.00000011,0.000000000003805373,6539961,2019-01-30 15:29:36,BTC,1002.29606732,0.0,0.00000011,BTC,15028.700278135757,0.0,0.00051178,61
1,[],26,[],2019-01-30 15:29:36,0.0,0.00000800,0.0000000002767544,6539962,2019-01-30 15:29:36,btc,0.0,0.0,0.00000800,btc,0.0,0.0,0.0,61
0,[],27,[],2019-01-30 15:29:39,0.0,0,0,6539963,2019-01-30 15:29:39,,0.0,0.0,0,"btc,eth",0.0,0.0,0.0,61
1,[],28,[],2019-01-30 15:29:47,6900.304,0.00000210,0.00000000007264803,6539964,2019-01-30 15:29:47,btc,2.064440110600106,735.0,0.00000210,btc,11198.17500005,0.0,0.00218431304,61
1,[],4,[],2019-01-30 15:29:48,1321393.08373908,0.00000166,0.000000000057426538,6539965,2019-01-30 15:29:48,btc,0.5634176634845878,0.0,0.00000166,btc,210522.71710046,0.09629446,0.982220176336986,67
0.0,[],25,[],2019-01-30 15:29:49,0.0,0,0,6539966,2019-01-30 15:29:49,,0.0,0.0,0.0,btc,0.0,0.0,0.0,67
1,[],12,[],2019-01-30 15:29:51,3076646.66344444,0.00000009,0.0000000000031134869999999998,6539967,2019-01-30 15:29:51,btc,16893710.13700082,0.0,0.00000009,btc,2013129.31848146,0.001880913418676,0.0818976164411108,71
,[],5,[],2018-11-20 23:02:39,1.5e-07,0.00000005,0.000000000002128045,4862160,2018-11-20 23:02:39,btc,2.84511358,0.0,,btc,0.00036572,0.0,0.07381892,74
1,[],5,[],2019-01-25 15:53:51,3.303e-05,0.00000156,0.000000000055588884,6499610,2019-01-25 15:53:51,btc,1.42844212,0.0,0.00000156,btc,0.00015937,0.0,0.49487621,75
0,[],20,[],2019-01-25 09:30:31,0.0,0,0,6495923,2019-01-25 09:30:31,btc,0.0,0.0,0,btc,0.0,0.0,0.0,81
1,[],4,[],2019-01-30 15:29:53,71883049.91787337,0.00000001,0.000000000000345943,6539968,2019-01-30 15:29:53,btc,0.8144650091483037,0.0,0.00000001,btc,15000789.10300357,0.0,0.7188304991787337,81
1,[],4,[],2019-01-30 15:29:55,23783.2276945,0.00007275,0.000000002516735325,6539969,2019-01-30 15:29:55,btc,0.9377619440603909,0.0,0.00007275,btc,8634.15728224,0.0079266,0.0898920470653425,82
1,[],21,[],2019-01-30 15:29:55,73537.35714216,0.00008022999999999999587180915528,0.0000000027755006889999996,6539970,2019-01-30 15:29:55,btc,3.963142051792241,25159.67832939,0.000080229999999999995871809155278953085144166834652423858642578125,btc,43573.34751346,2.0132131,3.574004179479114,82
0,[],17,[],2019-01-30 15:29:57,0.0,0,0,6539971,2019-01-30 15:29:57,btc,0.0447233088476774,0.0,0,btc,999127.19588126,0.0,0.0,84
0.000000000091664,[],4,[],2019-01-30 15:29:58,140822507.04092503,1.37496e-17,4.7565778728e-22,6539972,2019-01-30 15:29:58,ltc,0.197541824928691,0.0,0.00000015,ltc,70200551.58413702,0.0,1.1768036900376663e-09,85
,[],22,[],2018-11-20 23:09:34,3408.1,0.0000001,0.0000000000041895,4862324,2018-11-20 23:09:34,BTC,0.04624735,0.0,,BTC,4990.0,0.0,0.00033081,86
0,[],22,[],2019-01-30 15:30:06,0.0,0,0,6539973,2019-01-30 15:30:06,,2.07810912,0.0,0,,154826.94736842104,0.0,0.0,87
0,[],27,[],2019-01-30 15:30:08,0.0,0,0,6539974,2019-01-30 15:30:08,,0.0,0.0,0,btc,0.0,0.0,0.0,87
,[],2,[],2018-11-20 23:10:47,0.0,0,0,4862359,2018-11-20 23:10:47,,0.0,0.0,,,0.0,0.0,0.0,88
1,[],11,[],2019-01-30 15:30:10,97570.72887754,0.00019959999999999999986156906661705079386592842638492584228515625,0.00000000690502228,6539975,2019-01-30 15:30:10,btc,235.5127010586597,3135.2838419,0.00019959999999999999986156906661705079386592842638492584228515625,btc,184122.86385753,0.0,6.8951051781512644,89
0,[],2,[],2019-01-20 23:31:45,0.0,0,0,6477083,2019-01-20 23:31:45,,0.0,0.0,0,,0.0,0.0,0.0,91
1,[],12,[],2019-01-30 15:30:11,517898.00632835,0.000004819999999999999591303485868554190574286621995270252227783203125,0.00000000016674452599999997,6539976,2019-01-30 15:30:11,btc,2.851439893016037,0.0,0.000004819999999999999591303485868554190574286621995270252227783203125,btc,13533.90042246,0.1751537269468399,0.1047461906755301,91
0,[],17,[],2019-01-30 15:30:13,0.0,0,0,6539977,2019-01-30 15:30:13,btc,0.0,0.0,0,btc,0.0,0.0,0.0,91
0.000000000091664,[],22,[],2019-01-30 15:30:19,38733515.0,4.5832000000000004e-18,1.5855259576e-22,6539978,2019-01-30 15:30:19,LTC,8.48445395,0.0,0.00000005,LTC,73792734.1,1.78243214592e-12,1.38604729,95
1,[],4,[],2019-01-30 15:30:20,133286709.36428808,0.00000001,0.000000000000345943,6539979,2019-01-30 15:30:20,btc,1.3638392965178432,0.0,0.00000001,"btc,ltc",68208199.11437337,0.0025147,0.006027673973652563,96
1,[],12,[],2019-01-30 15:30:21,1220983.0,0.00000001,0.000000000000345943,6539980,2019-01-30 15:30:21,btc,255060.8646481856,0.0,0.00000001,btc,8059554.332976759,1.28e-06,0.01220983,96
0,[],17,[],2019-01-30 15:30:23,0.0,0,0,6539981,2019-01-30 15:30:23,btc,0.0,0.0,0,btc,0.0,0.0,0.0,96
1,[],4,[],2019-01-28 01:29:03,1472892.19429314,0.00000039,0.000000000013841295,6517118,2019-01-28 01:29:03,btc,0.30363706505258,0.0,0.00000039,btc,473598.41813208,0.02260545,0.1322524391209234,99
0,[],2,[],2019-01-20 23:23:55,0.0,0,0,6476914,2019-01-20 23:23:55,,0.0,0.0,0,,0.0,0.0,0.0,100
1,[],4,[],2019-01-30 15:30:24,225348.12769371,0.00004106,0.000000001420441958,6539982,2019-01-30 15:30:24,btc,1.4303124720446656,0.0,0.00004106,btc,29016.21904778,2.94489463,2.7648179624580878,100
1,[],22,[],2019-01-30 15:31:45,50000.0,0.00000001,0.000000000000345943,6539983,2019-01-30 15:31:45,BTC,23.50383609,0.0,0.00000001,BTC,11277.22,0.0,0.0005,101
1,[],4,[],2019-01-30 15:31:46,177768.937116,0.00000095,0.000000000032864585,6539984,2019-01-30 15:31:46,btc,0.3995795113433709,0.0,0.00000095,btc,149298.24797185,0.03166248,0.0879322185352843,103
1,[],12,[],2019-01-30 15:31:48,81753713.77474426,0.000000018,0.0000000000006226974,6539985,2019-01-30 15:31:48,btc,9138292659.314331,0.0,0.000000018,btc,149772787.07103267,0.08137708377322996,0.5685208619453966,105
1,[],27,[],2019-01-30 15:31:50,416797.89,0.00000002,0.000000000000691886,6539986,2019-01-30 15:31:50,btc,0.5568805755148419,0.0,0.00000002,btc,645722.67435029,0.0,0.0048235289,105
0,[],22,[],2019-01-30 15:31:55,0.0,0,0,6539987,2019-01-30 15:31:55,,1.07253299,0.0,0,,94300.0,0.0,0.0,107
1,[],26,[],2019-01-30 15:31:55,0.0,0.00000000,0,6539988,2019-01-30 15:31:55,btc,0.0,0.0,0.00000000,btc,0.0,0.0,0.0,107
1,[],5,[],2019-01-30 15:31:57,1e-08,0.00000001,0.000000000000345943,6539989,2019-01-30 15:31:57,btc,3.28786693,0.00187094,0.00000001,btc,1.512e-05,0.0,0.04857408,112
1,[],22,[],2019-01-30 15:32:06,1966.0,0.00000001,0.000000000000345943,6539990,2019-01-30 15:32:06,BTC,2.84243449,0.0,0.00000001,BTC,977103.5833333334,0.0,1.966e-05,112
0.0000000003136481,[],27,[],2019-01-30 15:32:08,500000.0,3.136481e-18,1.085043646583e-22,6539991,2019-01-30 15:32:08,eth,1.25356065,0.0,0.00000001,"btc,eth",1328.0,0.0,1.5682405e-12,112
1,[],4,[],2019-01-30 15:32:10,495926.86083801,0.00000486,0.000000000168128298,6539992,2019-01-30 15:32:10,btc,0.5729065110449199,0.0,0.00000486,btc,86266.08373213,0.18740358,0.400302590165047,113
1,[],5,[],2019-01-30 15:32:11,3.347e-05,0.00000420,0.00000000014529606,6539993,2019-01-30 15:32:11,btc,2.43731005,0.00208538,0.00000420,btc,0.00381454,0.0,0.21567775,113
1,[],17,[],2019-01-30 15:32:13,233369.0,0.00000004,0.000000000001383772,6539994,2019-01-30 15:32:13,btc,1.3376290575747987,0.0,0.00000004,btc,72546.975,0.0,0.00543476,116
0,[],27,[],2019-01-30 15:32:15,0.0,0,0,6539995,2019-01-30 15:32:15,,0.0,0.0,0,btc,0.0,0.0,0.0,116
1,[],4,[],2019-01-30 15:32:17,65750.22649604,0.00001770,0.00000000061231911,6539996,2019-01-30 15:32:17,btc,0.4045867069865959,0.0,0.00001770,btc,19481.80225603,0.50177295,0.713340747503573,120
1,[],7,[],2019-01-30 15:32:18,2664.74997738,0.00002298000000000000020948520695895922472118400037288665771484375,0.000000000794977014,6539997,2019-01-30 15:32:18,btc,90.21996736242106,4823.35514077,0.00002298000000000000020948520695895922472118400037288665771484375,btc,22843.98384868,0.17638718,0.031206887424268998,120
1,[],20,[],2019-01-30 15:32:20,1162393.8668,0.000000013,0.0000000000004497259,6539998,2019-01-30 15:32:20,btc,33.7489442370083,2907.794,0.000000013,btc,1074422.3317,3.7801322e-05,0.0061551098646,125
1,[],22,[],2019-01-30 15:32:27,68433.0,0.00000001,0.000000000000345943,6539999,2019-01-30 15:32:27,BTC,0.01415863,0.0,0.00000001,BTC,293039.4,0.0,0.00068433,126
0,[],2,[],2019-01-20 23:25:46,0.0,0,0,6476969,2019-01-20 23:25:46,,0.0,0.0,0,,0.0,0.0,0.0,131
1,[],4,[],2019-01-30 15:32:28,81282.51811531,0.00001533,0.000000000530330619,6540000,2019-01-30 15:32:28,btc,0.7596389424430305,0.0,0.00001533,btc,39583.36171486,0.38774563,0.4122726426188525,131
0,[],17,[],2019-01-30 15:32:29,0.0,0,0,6540001,2019-01-30 15:32:29,btc,0.0008451375975800001,0.0,0,btc,30.89614684,0.0,0.0,131
1,[],4,[],2019-01-30 15:32:30,4562.17814515,0.00018451,0.000000006382994293,6540002,2019-01-30 15:32:30,btc,1.636821963802198,0.0,0.00018451,btc,284.34476376,0.0,0.0093874177233554,135
1,[],3,[],2019-01-30 15:32:31,1847203.10018509,0.00000008,0.000000000002767544,6540003,2019-01-30 15:32:31,btc,0.1298473526783118,47976.1822874,0.00000008,btc,268542.1405051,0.0,0.065639437337035,136
1,[],4,[],2019-01-30 15:32:32,103000.8019112,0.00000211,0.000000000072993973,6540004,2019-01-30 15:32:32,btc,0.9318510707280306,0.0,0.00000211,btc,258716.07020696,0.24564099,0.1503575510849476,137
1,[],12,[],2019-01-30 15:32:33,331715.56226197,0.0000020499999999999998542940700396730591137384180910885334014892578125,0.00000000007091831499999999,6540005,2019-01-30 15:32:33,btc,11972.808679129264,0.0,0.0000020499999999999998542940700396730591137384180910885334014892578125,btc,126215.68101816,0.1244167898156427,0.0937511429452585,137
1,[],5,[],2019-01-30 15:32:35,0.00111409,0.00003519,0.000000001217373417,6540006,2019-01-30 15:32:35,btc,2.44542795,1.45616319,0.00003519,btc,0.002215,0.0,0.99553767,142
1,[],17,[],2019-01-30 15:32:37,12500.0,0.0000001,0.00000000000345943,6540007,2019-01-30 15:32:37,btc,0.6809500039164611,0.0,0.0000001,btc,5932.0,0.0,0.00125,142
1,[],20,[],2019-01-30 15:32:38,156928.8418,0.000035507,0.0000000012283398101,6540008,2019-01-30 15:32:38,btc,2.8406674982182,10996.0379,0.000035507,btc,11709.5119,0.453738239181,0.4455645310301,142
1,[],22,[],2019-01-30 15:32:45,990.0,0.00001880,0.0000000006503728399999999,6540009,2019-01-30 15:32:45,BTC,0.00073414,0.0,0.00001880,BTC,10.000500375281462,0.0,0.00022106,142
0.0,[],25,[],2019-01-30 15:32:46,0.0,0,0,6540010,2019-01-30 15:32:46,,0.0,0.0,0.0,btc,0.0,0.0,0.0,142
1,[],28,[],2019-01-30 15:32:48,78710.0,0.00002500,0.0000000008648575,6540011,2019-01-30 15:32:48,btc,0.15112850002,3310.291,0.00002500,btc,3009.998,0.0,0.0312247,142
0,[],22,[],2019-01-28 18:33:43,0.0,0,0,6521842,2019-01-28 18:33:43,,61.27958297,0.0,0,,815366265.8,0.0,0.0,143
1,[],21,[],2019-01-30 15:32:50,35331676.83657135,0.00000028,0.000000000009686404000000001,6540012,2019-01-30 15:32:50,btc,54.79814227804051,11316044.68964684,0.00000028,btc,93853315.43701953,3.19237659,5.06430405395727,145
0,[],22,[],2019-01-30 09:23:07,0.0,0,0,6537273,2019-01-30 09:23:07,,4.49004284,0.0,0,,1498238.5,0.0,0.0,146
,[],22,[],2018-11-20 23:01:11,0.0,0,0,4862114,2018-11-20 23:01:11,,2.56807021,0.0,,,61828.4988236,0.0,0.0,147
1,[],12,[],2019-01-30 15:32:51,8694518.32848124,0.000003549999999999999892295356185289989525699638761579990386962890625,0.000000000122809765,6540013,2019-01-30 15:32:51,btc,17.14265692469806,0.0,0.000003549999999999999892295356185289989525699638761579990386962890625,btc,111981.39732023,0.0007515645,0.13011587550002,148
1,[],4,[],2019-01-30 15:32:52,224440.10659603,0.00000030,0.000000000010378289999999999,6540014,2019-01-30 15:32:52,btc,0.6890812936953522,0.0,0.00000030,btc,504704.17821085,0.0,0.0467335588797333,152
0,[],22,[],2019-01-30 15:32:57,0.0,0,0,6540015,2019-01-30 15:32:57,,0.0,0.0,0,,0.0,0.0,0.0,152
1,[],5,[],2019-01-30 15:32:58,0.0,0,0,6540016,2019-01-30 15:32:58,btc,4.37874355,0.0,0,btc,0.00161275,0.0,0.0,153
,[],16,[],2019-01-11 15:38:59,0.0,0,0,6366141,2019-01-11 15:38:59,btc,0.0,0.0,,btc,0.0,0.0,0.0,155
0,[],23,[],2019-01-20 23:24:29,0.0,0,0,6476932,2019-01-20 23:24:29,,0.0,0.0,0,,0.0,0.0,0.0,156
0,[],22,[],2019-01-30 15:33:08,0.0,0,0,6540017,2019-01-30 15:33:08,,6.73308927,0.0,0,,4561867.742592593,0.0,0.0,156
1,[],22,[],2019-01-30 15:33:14,7906.0,0.00000801,0.000000000277100343,6540018,2019-01-30 15:33:14,BTC,43.78801181,0.0,0.00000801,BTC,1067.5805334758436,0.0,0.00743836,157
0,[],22,[],2019-01-30 15:33:19,0.0,0,0,6540019,2019-01-30 15:33:19,,50175.6753658,0.0,0,,54007107.04179466,0.0,0.0,158
,[],17,[],2018-11-20 22:56:10,0.0,0,0,4861976,2018-11-20 22:56:10,btc,1.1265625,0.0,,btc,1000.0,0.0,0.0,159
,[],20,[],2018-11-20 22:56:12,0.0,0,0,4861977,2018-11-20 22:56:12,btc,11912.7940471,0.0,,btc,34413894.3617,0.0,0.0,159
1,[],12,[],2019-01-30 15:33:20,194728.01978844,0.0000104699999999999997062072321085679504903964698314666748046875,0.000000000362202321,6540020,2019-01-30 15:33:20,btc,6.677199155253867,0.0,0.0000104699999999999997062072321085679504903964698314666748046875,btc,14052.11133708,0.0087267779943779,0.0978509195998306,168
1,[],17,[],2019-01-30 15:33:22,29784.95,0.000001,0.000000000034594299999999994,6540021,2019-01-30 15:33:22,btc,0.0353989844335,0.0,0.000001,btc,196.82520268,0.0,0.00716147,168
1,[],22,[],2019-01-30 15:33:28,1433447.0,0.00000001,0.000000000000345943,6540022,2019-01-30 15:33:28,BTC,1.13380276,0.0,0.00000001,BTC,689102.5537281231,0.0,0.01433447,169
1,[],22,[],2019-01-30 15:33:35,18774.657142857144,0.0000004,0.00000000001383772,6540023,2019-01-30 15:33:35,BTC,2.46413367,0.0,0.0000004,BTC,55168.795760620735,0.01238091,0.00340414,171
1,[],22,[],2019-01-30 15:33:42,176627.00789473683,0.00000021,0.000000000007264803,6540024,2019-01-30 15:33:42,BTC,2.85246626,0.0,0.00000021,BTC,256631.0798222788,1.688e-05,0.01099656,173
1,[],5,[],2019-01-30 15:33:43,6.248e-05,0.00000436,0.000000000150831148,6540025,2019-01-30 15:33:43,btc,0.43769022,0.01170643,0.00000436,btc,0.00035407,0.0,0.82184446,175
1,[],22,[],2019-01-30 15:33:57,40554.0,0.0000007,0.00000000002421601,6540026,2019-01-30 15:33:57,BTC,0.64514623,0.0,0.0000007,BTC,158526.57822767255,0.0,0.01480313,176
0,[],2,[],2019-01-20 23:28:34,0.0,0,0,6477001,2019-01-20 23:28:34,,0.0,0.0,0,,0.0,0.0,0.0,178
1,[],7,[],2019-01-30 15:33:58,0.0,0,0,6540027,2019-01-30 15:33:58,btc,10965.643600862513,3577858.0,0,btc,118922270.45418899,0.03577858,0.0,178
0,[],22,[],2019-01-30 15:34:11,0.0,0,0,6540028,2019-01-30 15:34:11,,1.00242428,0.0,0,,57512.0,0.0,0.0,178
0,[],23,[],2019-01-20 23:25:08,0.0,0,0,6476952,2019-01-20 23:25:08,,0.0,0.0,0,,0.0,0.0,0.0,179
1,[],5,[],2019-01-30 15:34:12,6e-08,0.00000003,0.000000000001037829,6540029,2019-01-30 15:34:12,btc,16.63929039,1.13467547,0.00000003,btc,2.285e-05,0.0,1.37115161,179
1,[],22,[],2019-01-30 15:34:32,8029423.0,0.00000003,0.000000000001037829,6540030,2019-01-30 15:34:32,BTC,5.48896887,0.0,0.00000003,"BTC,LTC",16977205.651989967,0.000485,0.39540237,179
1,[],22,[],2019-01-30 15:34:48,5785.4,0.00000001,0.000000000000345943,6540032,2019-01-30 15:34:48,BTC,0.09613315,0.0,0.00000001,"BTC,LTC",16616.37037600151,0.0,7.724e-05,180
1,[],26,[],2019-01-30 15:34:48,0.0,0.00000020,0.00000000000691886,6540033,2019-01-30 15:34:48,btc,0.0,4255.0,0.00000020,btc,0.0,0.0,0.0,180
1,[],17,[],2019-01-30 15:34:34,10504.725,0.0000001,0.00000000000345943,6540031,2019-01-30 15:34:34,btc,5.206877489877572,0.0,0.0000001,btc,7465.6174587,0.0,0.0010504725,180
,[],7,[],2018-11-20 22:58:01,562227.975654,0.00000085,0.000000000036176765,4862015,2018-11-20 22:58:01,btc,21836.6059674,2491.87645172,,btc,749999.041456,0.00211021,0.127565380455,183
1,[],24,[],2019-01-30 15:34:48,0.0,0.000000000001,3.45943e-17,6540034,2019-01-30 15:34:48,btc,0.0,0.0,0.000000000001,btc,0.0,0.0,0.0,187
,[],5,[],2019-01-10 08:11:41,0.0,0,0,6347036,2019-01-10 08:11:41,btc,82.15055501,0.00261,,btc,1.19002445,0.0,0.0,187
,[],17,[],2018-11-16 20:58:10,4062536.27273,0.00000001,0.000000000000550501,4708775,2018-11-16 20:58:10,btc,3.36492563466,0.195460381006,,"btc,eth",110697919.549,0.0,0.0157628953496,187
0,[],22,[],2019-01-30 15:35:02,0.0,0,0,6540035,2019-01-30 15:35:02,,1.19382741,0.0,0,,13380.036201072173,0.0,0.0,191
0,[],22,[],2019-01-29 02:57:02,0.0,0,0,6524994,2019-01-29 02:57:02,,0.0,0.0,0,,0.0,0.0,0.0,197
1,[],26,[],2019-01-30 15:35:02,0.0,0.00000000,0,6540036,2019-01-30 15:35:02,btc,0.0,746609.0,0.00000000,btc,0.0,0.0,0.0,199
0,[],23,[],2019-01-20 23:31:41,0.0,0,0,6477079,2019-01-20 23:31:41,,0.0,0.0,0,,0.0,0.0,0.0,199
0,[],17,[],2019-01-30 15:35:04,0.0,0,0,6540037,2019-01-30 15:35:04,btc,6.802544163790069,0.0,0,btc,105897.55575295,0.0,0.0,200
0,[],2,[],2019-01-20 23:30:49,0.0,0,0,6477059,2019-01-20 23:30:49,,0.0,0.0,0,,0.0,0.0,0.0,201
1,[],4,[],2019-01-25 15:51:35,2084389.58565343,0.00000936,0.000000000333526752,6499557,2019-01-25 15:51:35,btc,2.0092503037378524,0.0,0.00000936,btc,160195.80207885,0.19272417,1.242687955921835,211
1,[],7,[],2019-01-30 15:35:07,16696551.512252718,0.00000119999999999999994569773419106351042273672646842896938323974609375,0.000000000041513159999999996,6540038,2019-01-30 15:35:07,btc,16567816.350517424,1106598.01089,0.00000119999999999999994569773419106351042273672646842896938323974609375,btc,12089779.81158459,0.0,6.561200901773954,212
1,[],5,[],2019-01-30 15:35:08,4.54e-06,0.00000033,0.000000000011416119,6540039,2019-01-30 15:35:08,btc,0.94583147,0.0536578,0.00000033,btc,3.114e-05,0.0,0.3200382,213
1,[],24,[],2019-01-30 15:35:08,0.0,0.000000050000,0.000000000001729715,6540040,2019-01-30 15:35:08,btc,0.0,0.0,0.000000050000,btc,0.0,0.0,0.0,213
1,[],26,[],2019-01-30 15:35:08,0.0,0.00000003,0.000000000001037829,6540041,2019-01-30 15:35:08,btc,0.0,0.0,0.00000003,btc,0.0,0.0,0.0,213
1,[],12,[],2019-01-25 02:44:32,207462.42853209,0.000001080000000000000035831255497387193287295303889550268650054931640625,0.000000000038610756000000006,6493050,2019-01-25 02:44:32,btc,85023.03793723314,0.0,0.000001080000000000000035831255497387193287295303889550268650054931640625,btc,43675.73520027,0.000146250909087,0.0348620860622024,213
1,[],22,[],2019-01-30 15:35:22,276400.0,0.00000002,0.000000000000691886,6540042,2019-01-30 15:35:22,BTC,70.22563965,0.0,0.00000002,BTC,269624.63907173084,0.0,0.004714,216
1,[],27,[],2019-01-30 15:35:24,5072246.0,0.00000012,0.000000000004151316,6540043,2019-01-30 15:35:24,btc,323.28942420316,7399.0,0.00000012,"btc,ltc",264209.13311,0.0036995,0.0532436,216
1,[],22,[],2019-01-30 15:35:31,349655.8333529199,0.00000257,0.000000000088907351,6540044,2019-01-30 15:35:31,BTC,12678.12044061,0.0,0.00000257,BTC,382939.8857105142,0.36311277,0.56052814,217
1,[],7,[],2019-01-30 15:35:32,0.0,0,0,6540045,2019-01-30 15:35:32,btc,302.5343166391106,0.0,0,btc,130240320.6214003,0.0,0.0,219
0,[],27,[],2019-01-30 15:35:34,0.0,0,0,6540046,2019-01-30 15:35:34,,0.0747309448198,0.0,0,btc,1605140.29226592,0.0,0.0,219
0.0000000000000056,[],28,[],2019-01-30 15:35:36,202610664.421,5.3760000000000005e-18,1.8597895680000001e-22,6540047,2019-01-30 15:35:36,doge,88554.0338717675,13729.0,0.00096000,"btc,doge",5169437.84751,0.0,1.5282235811731786e-11,219
1,[],22,[],2019-01-30 15:35:44,203618.0,0.00000055,0.000000000019026865,6540048,2019-01-30 15:35:44,BTC,2.39357774,0.0,0.00000055,BTC,34845.901116463814,0.00043065,0.02088973,221
1,[],24,[],2019-01-30 15:35:45,0.0,0.000000550000,0.000000000019026865,6540049,2019-01-30 15:35:45,btc,0.0,0.0,0.000000550000,btc,0.0,0.0,0.0,221
1,[],26,[],2019-01-30 15:35:46,0.0,0.00000002,0.000000000000691886,6540050,2019-01-30 15:35:46,btc,0.0,11483.0,0.00000002,btc,0.0,0.0,0.0,231
1,[],26,[],2019-01-30 15:35:46,0.0,0.00000004,0.000000000001383772,6540051,2019-01-30 15:35:46,btc,0.0,200.0,0.00000004,btc,0.0,0.0,0.0,234
0,[],27,[],2019-01-30 15:35:49,0.0,0,0,6540052,2019-01-30 15:35:49,,0.0113483662182,0.0,0,"btc,eth",11462.99618,0.0,0.0,234
0.000000000091664,[],22,[],2019-01-30 15:35:57,8415864.0,9.1664e-19,3.1710519152e-23,6540053,2019-01-30 15:35:57,LTC,3.23778345,0.0,0.00000001,LTC,95693207.88015874,3.08708585792e-12,0.08415864,235
1,[],4,[],2019-01-30 15:35:58,748247.6540603,0.00000079,0.000000000027329496999999998,6540054,2019-01-30 15:35:58,btc,0.1420460055157412,0.0,0.00000079,btc,119121.70594837,0.02342868,0.1831419413266558,236
1,[],24,[],2019-01-30 15:35:58,0.0,0.000000010000,0.000000000000345943,6540055,2019-01-30 15:35:58,btc,0.0,0.0,0.000000010000,btc,0.0,0.0,0.0,236
1,[],20,[],2019-01-30 15:36:00,23607241.8862,0.000000066,0.0000000000022832238,6540056,2019-01-30 15:36:00,btc,14.3017188575019,26612498.1853,0.000000066,btc,24195710.8458,1.9117763546436,0.6727704663535,237
1,[],22,[],2019-01-30 15:36:13,10000.0,0.00000001,0.000000000000345943,6540057,2019-01-30 15:36:13,BTC,0.04144357,0.0,0.00000001,BTC,10254.2,0.0,0.0001,237
1,[],4,[],2019-01-30 15:36:14,4629197.33759874,0.00000033,0.000000000011416119,6540058,2019-01-30 15:36:14,btc,0.3777110993660767,0.0,0.00000033,btc,1070051.59630638,0.10606841,1.3818573478578724,238
1,[],5,[],2019-01-30 15:36:15,3.96e-06,0.00000032,0.000000000011070176,6540059,2019-01-30 15:36:15,btc,0.75583138,0.00462323,0.00000032,btc,2.906e-05,0.0,0.33823055,238
1,[],22,[],2019-01-30 15:36:23,239857.25,0.00000004,0.000000000001383772,6540060,2019-01-30 15:36:23,BTC,15.41004419,0.0,0.00000004,BTC,237175.03876566415,0.00107028,0.00759441,249
0.000000000091664,[],22,[],2019-01-30 15:36:30,4782656.0,2.74992e-18,9.5131557456e-23,6540061,2019-01-30 15:36:30,LTC,0.69139672,0.0,0.00000003,LTC,15451945.015,1.453607712e-14,0.10741884,252
1,[],28,[],2019-01-30 15:36:32,2279549.485,0.00000007,0.000000000002421601,6540062,2019-01-30 15:36:32,btc,164692.82560623123,65205.0,0.00000007,btc,1169412.6695,0.0,0.07561535623,256
0,[],27,[],2019-01-30 15:36:35,0.0,0,0,6540063,2019-01-30 15:36:35,,4.96668,0.0,0,"btc,eth",90.59,0.0,0.0,257
1,[],22,[],2019-01-30 15:36:41,187985.0,0.00000004,0.000000000001383772,6540064,2019-01-30 15:36:41,BTC,35605.56091422,0.0,0.00000004,BTC,494209.71026957524,8.05e-05,0.00232685,258
1,[],22,[],2019-01-26 20:58:41,368451.0,0.00000001,0.000000000000356135,6510120,2019-01-26 20:58:41,BTC,2.642917,0.0,0.00000001,"BTC,LTC",1862.0,0.0,0.02488451,259
1,[],22,[],2019-01-30 15:36:47,3394.846193548387,0.00000775,0.000000000268105825,6540065,2019-01-30 15:36:47,BTC,4.68663848,0.0,0.00000775,BTC,6070.262274124706,0.00035649,0.0233971,262
1,[],5,[],2019-01-30 15:36:49,0.0001036,0.00000409,0.00000000014149068699999998,6540066,2019-01-30 15:36:49,btc,2.8076384,0.3522213,0.00000409,btc,0.00164557,0.0,0.3417441,264
1,[],20,[],2019-01-30 15:36:51,1175183.9166,0.0000051,0.00000000017643092999999999,6540067,2019-01-30 15:36:51,btc,6.2465295585237,20485.3335,0.0000051,btc,106566.0082,0.098876388344,0.033656009339,264
1,[],22,[],2019-01-30 15:36:58,149151.0,0.00000002,0.000000000000691886,6540068,2019-01-30 15:36:58,BTC,6.54353112,0.0,0.00000002,BTC,246955.0926495266,0.00030775,0.00248539,271
0,[],22,[],2019-01-30 15:37:05,0.0,0,0,6540069,2019-01-30 15:37:05,,360.69195325,0.0,0,,13887077225.9,0.0,0.0,272
0.0000000000000056,[],28,[],2019-01-30 15:37:07,204810812945.024,5.376e-21,1.8597895680000002e-25,6540070,2019-01-30 15:37:07,doge,74346584.06163481,28183813006.066,0.00000096,doge,143313399835.2562,0.0,5.656846393283112e-10,272
