pairValue,buyBook,exchangeId,sellBook,updated,buyTotal,satoshiPrice,usdPrice,exchangeLogId,created,bestPair,sellTotalBtc,volume,pairPrice,activePairs,sellTotal,volumeBtc,buyTotalBtc,coinId
1,[],10,[],2019-05-28 04:57:21,309956.79915627,0.00720248,0.000000631447903832,7698688,2019-05-28 04:57:21,btc,6521.855168712731,1862.02340323,0.00720248,btc,1361.03958574,0.0,2.4383825100898444,1
1,[],12,[],2019-05-28 04:57:24,80.02480010000001,0.01112999999999999926891813828433441813103854656219482421875,0.000000975777117,7698689,2019-05-28 04:57:24,btc,0.2149990453107,0.0,0.01112999999999999926891813828433441813103854656219482421875,btc,18.41867764,0.142388120465,0.3409182244813,1
1,[],20,[],2019-05-28 04:57:25,973.0428,0.010262851,0.0000008997533837359,7698690,2019-05-28 04:57:25,btc,0.5004177412745,0.1139,0.010262851,btc,41.6349,0.00129704764,0.1092457222912,1
1,[],21,[],2019-05-28 04:57:28,2231.62537718,0.01115561999999999977239983906,0.000000978023245458,7698691,2019-05-28 04:57:28,btc,10.857973033836878,3890.7444136100003,0.01115561999999999977239983905974440858699381351470947265625,"btc,eth",1337.42711609,37.832699369281904,19.625740923565054,1
1,[],22,[],2019-05-28 04:57:32,0.0025666666666666667,0.00900000,0.0000007890381,7698692,2019-05-28 04:57:32,BTC,0.31629903,0.0,0.00900000,BTC,0.2505752479991019,0.0,2.31e-05,1
1,[],24,[],2019-05-28 04:57:33,0.0,0.000000000000,0,7698693,2019-05-28 04:57:33,btc,0.0,0.0,0.000000000000,btc,0.0,0.0,0.0,1
0.0,[],25,[],2019-05-28 04:57:34,0.0,0,0,7698694,2019-05-28 04:57:34,btc,23.164999999220765,3223.0736875,0.0,btc,1984.28674919,35.125,0.0,1
1,[],26,[],2019-05-28 04:57:37,0.0,0,0,7698695,2019-05-28 04:57:37,,0.0,0.0,0,,0.0,0.0,0.0,1
0,[],28,[],2019-05-28 04:58:08,0.0,0,0,7698696,2019-05-28 04:58:08,,0.0,362437.8,0,,0.0,0.0,0.0,1
0,[],2,[],2019-01-20 23:28:45,0.0,0,0,6477011,2019-01-20 23:28:45,,0.0,0.0,0,,0.0,0.0,0.0,1
1,[],3,[],2019-05-28 04:57:16,39.742956125856,0.01109591000000000049485748832012177444994449615478515625,0.0000009727884160190002,7698685,2019-05-28 04:57:16,btc,8.879452859278494,47.7181666216,0.01109591000000000049485748832012177444994449615478515625,btc,24.33151520741,0.0,0.352868276022865,1
1,[],4,[],2019-05-28 04:57:17,207675.19674113,0.01085324,0.0000009515133187160001,7698686,2019-05-28 04:57:17,btc,8.009377005923929,0.0,0.01085324,btc,329.24254468,2.07824958,0.5242921266191313,1
1,[],5,[],2019-05-28 04:57:19,0.0,0,0,7698687,2019-05-28 04:57:19,btc,0.0,0.00492479,0,btc,0.0,0.0,0.0,1
1,[],5,[],2019-05-28 04:58:09,0.0,0,0,7698697,2019-05-28 04:58:09,btc,0.0,0.00044261,0,btc,0.0,0.0,0.0,2
0,[],22,[],2019-05-28 04:58:12,0.0,0,0,7698698,2019-05-28 04:58:12,,0.0,0.0,0,,0.0,0.0,0.0,2
1,[],5,[],2019-05-28 04:58:14,0.0,0,0,7698699,2019-05-28 04:58:14,btc,0.0,0.18293162,0,btc,0.0,0.0,0.0,3
1,[],12,[],2019-05-28 04:58:15,2334273.65697,0.000000102,0.0000000000089424318,7698700,2019-05-28 04:58:15,btc,4527.18456715306,0.0,0.000000102,btc,3406521.49285131,0.137638853956,0.18716494094161,3
0,[],28,[],2019-05-28 04:58:16,0.0,0,0,7698701,2019-05-28 04:58:16,,0.0,0.0,0,,0.0,0.0,0.0,3
0,[],2,[],2019-01-20 23:31:32,0.0,0,0,6477077,2019-01-20 23:31:32,,0.0,0.0,0,,0.0,0.0,0.0,4
1,[],4,[],2019-05-18 21:29:50,562734.9206932,0.00000010,0.000000000007298720000000001,7650946,2019-05-18 21:29:50,btc,41.9347137769675,0.0,0.00000010,btc,1123702.32192634,0.00052462,0.029254593370966,4
0,[],12,[],2019-05-28 01:22:52,0.0,0,0,7697898,2019-05-28 01:22:52,btc,0.415868044995005,0.0,0,btc,1049061.4995005,0.0,0.0,5
1,[],11,[],2019-05-28 04:58:18,7250289.776736,0.00000002,0.000000000001753418,7698702,2019-05-28 04:58:18,btc,9578.922527111881,3429798.0,0.00000002,btc,65060656.39865396,0.0,0.09337137276736,6
0,[],2,[],2019-01-20 23:31:51,0.0,0,0,6477087,2019-01-20 23:31:51,,0.0,0.0,0,,0.0,0.0,0.0,6
1,[],3,[],2019-05-28 04:58:19,1632.746735237125,0.0000888800000000000028389790518446034184307791292667388916015625,0.000000007792189592000001,7698703,2019-05-28 04:58:19,btc,0.058940481247292335,176.533509258,0.0000888800000000000028389790518446034184307791292667388916015625,btc,187.822029933764,0.0,0.026156343595639286,7
1,[],4,[],2019-05-28 04:58:21,331608.08613986,0.00008215,0.000000007202164435,7698704,2019-05-28 04:58:21,btc,9.403119726397978,0.0,0.00008215,btc,57684.67005435,2.75709328,2.255109301964719,7
1,[],5,[],2019-05-28 04:58:23,0.0,0,0,7698705,2019-05-28 04:58:23,btc,0.0,0.64757334,0,btc,0.0,0.0,0.0,7
1,[],20,[],2019-04-07 22:06:50,3201475.0482,0.000000001,0.000000000000051590000000000004,7213932,2019-04-07 22:06:50,btc,30.8005781811902,0.0,0.000000001,btc,23077405.3926,0.0,0.0032014750482,8
1,[],4,[],2019-05-28 04:58:26,21277423.34395714,0.00000050,0.000000000043835450000000004,7698706,2019-05-28 04:58:26,btc,3.9815681398510696,0.0,0.00000050,btc,3440416.37068302,0.5519751,0.5706083265133552,9
0,[],28,[],2019-05-28 04:59:14,0.0,0,0,7698707,2019-05-28 04:59:14,,0.0,3579121.43,0,,0.0,0.0,0.0,9
0,[],2,[],2019-01-20 23:22:42,0.0,0,0,6476876,2019-01-20 23:22:42,,0.0,0.0,0,,0.0,0.0,0.0,9
0,[],23,[],2019-01-20 23:22:48,0.0,0,0,6476878,2019-01-20 23:22:48,,0.0,0.0,0,,0.0,0.0,0.0,9
1,[],1,[],2019-02-17 23:31:42,1822507.21,0.00000181000000000000003456111265232042484285557293333113193511962890625,0.000000000066086901,6701244,2019-02-17 23:31:42,btc,3.6990969245,17153386.5,0.00000181000000000000003456111265232042484285557293333113193511962890625,btc,1997391.71,31.11772986,3.2610482446,9
1,[],4,[],2019-02-17 11:22:43,4341674.27126056,0.00000002,0.0000000000007272960000000001,6696112,2019-02-17 11:22:43,btc,0.1997230937751353,0.0,0.00000002,btc,4109766.79808031,0.00215132,0.0479381022052112,10
1,[],4,[],2019-05-28 04:59:16,8581262.12249699,0.00000051,0.000000000044712159,7698708,2019-05-28 04:59:16,btc,4.681452857812645,0.0,0.00000051,btc,4874745.14427421,0.74868173,1.5321101863216244,12
1,[],5,[],2019-05-28 04:59:17,0.0,0,0,7698709,2019-05-28 04:59:17,btc,0.0,0.12027988,0,btc,0.0,0.0,0.0,12
0.0,[],25,[],2019-05-28 04:59:20,0.0,0,0,7698710,2019-05-28 04:59:20,,0.0,0.0,0.0,btc,0.0,0.0,0.0,12
0,[],2,[],2019-01-20 23:23:08,0.0,0,0,6476890,2019-01-20 23:23:08,,0.0,0.0,0,,0.0,0.0,0.0,12
1,[],4,[],2019-05-28 04:59:21,339275.96597403,0.00000571,0.000000000500600839,7698711,2019-05-28 04:59:21,btc,2.0344334485080124,0.0,0.00000571,btc,254727.43451813,0.32508161,0.5383583545499349,13
1,[],10,[],2019-05-28 04:59:23,651803.90379469,0.00000575,0.000000000504107675,7698712,2019-05-28 04:59:23,btc,666803.2984090272,10978.459921,0.00000575,btc,866952.43686478,0.0,0.250581672692697,13
1,[],21,[],2019-05-28 04:59:24,2063911.11233164,0.000005810000000000000277070033583,0.000000000509367929,7698713,2019-05-28 04:59:24,btc,2.886716787774081,992496.17977326,0.00000581000000000000027707003358301562911947257816791534423828125,btc,448966.66662875,5.89556845,8.707555117239815,13
1,[],4,[],2019-05-28 04:59:25,803559.48786191,0.00000081,0.000000000071013429,7698714,2019-05-28 04:59:25,btc,4.512968206848584,0.0,0.00000081,btc,851101.12154653,0.00991463,0.0554534781474275,14
1,[],12,[],2019-05-28 04:59:27,135674.80986237,0.00000077,0.00000000006750659300000001,7698715,2019-05-28 04:59:27,btc,14.13463258509312,0.0,0.00000077,btc,21543.71741965,0.000322191372,0.0151602399999649,14
1,[],26,[],2019-05-28 05:01:27,0.0,0.00000050,0.000000000043835450000000004,7698716,2019-05-28 05:01:27,btc,0.0,0.0,0.00000050,btc,0.0,0.0,0.0,14
0,[],17,[],2019-05-03 00:53:32,0.0,0,0,7558876,2019-05-03 00:53:32,btc,0.0,0.0,0,btc,0.0,0.0,0.0,14
0,[],4,[],2019-05-28 05:01:28,0.0,0,0,7698717,2019-05-28 05:01:28,,0.0,0.0,0,,0.0,0.0,0.0,15
,[],12,[],2018-12-01 15:15:48,204241.84496,0.00000489,0.000000000202473384,5260204,2018-12-01 15:15:48,btc,49.5475654835,0.0,,btc,35763.2193806,0.0163153972027625,0.0203389899998,15
1,[],4,[],2019-05-28 05:01:30,35358.23067833,0.00001100,0.0000000009643799000000001,7698718,2019-05-28 05:01:30,btc,0.9689814802764096,0.0,0.00001100,btc,10904.60952247,0.04516765,0.0872300585009543,18
1,[],10,[],2019-05-28 05:01:32,497165.5368793,0.00001025,0.000000000898626725,7698719,2019-05-28 05:01:32,btc,15.349470434800544,48084.2445057,0.00001025,btc,13914.94639816,0.0,0.1259671399220871,18
1,[],12,[],2019-05-28 05:01:33,6944.12726659,0.000010610000000000000059860970347269670810419484041631221771240234375,0.0000000009301882490000001,7698720,2019-05-28 05:01:33,btc,0.3988633153469474,0.0,0.000010610000000000000059860970347269670810419484041631221771240234375,btc,1255.93459134,0.002118009252,0.010057800295945,18
0,[],2,[],2019-01-20 23:23:38,0.0,0,0,6476906,2019-01-20 23:23:38,,0.0,0.0,0,,0.0,0.0,0.0,18
0,[],17,[],2019-05-03 00:53:39,0.0,0,0,7558882,2019-05-03 00:53:39,btc,0.0,0.0,0,btc,0.0,0.0,0.0,18
1,[],3,[],2019-05-28 05:03:34,148780.93762390906,0.000008209999999999999321432554710842310896623530425131320953369140625,0.000000000719778089,7698721,2019-05-28 05:03:34,btc,0.1250364618356261,3754.77071591,0.000008209999999999999321432554710842310896623530425131320953369140625,btc,3585.91641638062,0.0,0.048575250765917004,19
1,[],4,[],2019-05-28 05:03:35,612035.09811583,0.00000825,0.000000000723284925,7698722,2019-05-28 05:03:35,btc,3.3506743351241126,0.0,0.00000825,btc,156450.4588759,0.2455604,0.7971889332430002,19
1,[],5,[],2019-05-28 05:03:37,0.0,0,0,7698723,2019-05-28 05:03:37,btc,0.0,6.948e-05,0,btc,0.0,0.0,0.0,19
1,[],12,[],2019-05-28 05:03:38,15562.06500631,0.000007109999999999999688846986922730053493069135583937168121337890625,0.000000000623340099,7698724,2019-05-28 05:03:38,btc,0.0595961977490736,0.0,0.000007109999999999999688846986922730053493069135583937168121337890625,btc,2092.39552447,0.002866711859,0.0290408699996735,19
0,[],27,[],2019-05-28 05:03:44,0.0,0,0,7698725,2019-05-28 05:03:44,,0.0,0.0,0,btc,0.0,0.0,0.0,19
0,[],2,[],2019-01-20 23:24:19,0.0,0,0,6476924,2019-01-20 23:24:19,,0.0,0.0,0,,0.0,0.0,0.0,19
1,[],4,[],2019-05-28 05:03:45,10062076.88478525,0.00000007,0.000000000006136963,7698726,2019-05-28 05:03:45,btc,6.411239436602338,0.0,0.00000007,btc,2322306.93095912,0.0,0.1174938176872809,20
1,[],4,[],2019-05-28 05:03:46,72531683.2473748,0.00000001,0.000000000000876709,7698727,2019-05-28 05:03:46,btc,1768.0897419398937,0.0,0.00000001,btc,66738003.11973631,0.0015,0.7253168324737481,21
1,[],12,[],2019-05-28 05:03:47,2459280.0,0.00000001,0.000000000000876709,7698728,2019-05-28 05:03:47,btc,1008.0147310128372,0.0,0.00000001,btc,5931773.6413586205,0.002289478711,0.0245928,21
0,[],17,[],2019-05-03 00:53:51,0.0,0,0,7558891,2019-05-03 00:53:51,btc,0.0,0.0,0,btc,0.0,0.0,0.0,21
1,[],12,[],2019-05-28 05:05:49,4687883033.0,0.0000000004,0.00000000000003506836,7698729,2019-05-28 05:05:49,btc,708147258.8204266,0.0,0.0000000004,btc,2643798157.748252,0.067390283194,0.9585520988,23
0.0000000003090627,[],27,[],2019-05-28 05:05:56,93490717.95654348,9.271881e-18,8.128741519629e-22,7698730,2019-05-28 05:05:56,eth,1171.5361762628,791110907.0434563,0.00000003,eth,17841385.028,7.335086187506067e-09,4.940958368790783e-10,23
1,[],4,[],2019-05-28 05:05:57,1809509.07699412,0.00000020,0.00000000001753418,7698731,2019-05-28 05:05:57,btc,13.477554781121938,0.0,0.00000020,btc,2151371.70080148,0.01593476,0.0565509620189353,24
1,[],22,[],2019-05-28 05:06:01,21.76,0.00000100,0.00000000008767090000000001,7698732,2019-05-28 05:06:01,BTC,7.415e-05,0.0,0.00000100,BTC,23.919354838709676,0.0,1.186e-05,24
0.0,[],25,[],2019-05-28 05:06:02,0.0,0,0,7698733,2019-05-28 05:06:02,,0.0,0.0,0.0,btc,0.0,0.0,0.0,24
1,[],4,[],2019-05-28 05:06:04,335778.43067684,0.00000422,0.000000000369971198,7698734,2019-05-28 05:06:04,btc,10.15501180138716,0.0,0.00000422,btc,253456.62761128,0.13386363,0.2974162999623296,26
1,[],10,[],2019-05-28 05:06:07,149491.84782691,0.00000401,0.00000000035156030899999996,7698735,2019-05-28 05:06:07,btc,25.508835232263667,6833.31197679,0.00000401,btc,22959.56181785,0.0,0.0302764064798729,26
0,[],2,[],2019-01-20 23:25:56,0.0,0,0,6476976,2019-01-20 23:25:56,,0.0,0.0,0,,0.0,0.0,0.0,26
1,[],3,[],2019-05-28 05:06:08,10473124.60144003,0.00000001,0.000000000000876709,7698736,2019-05-28 05:06:08,btc,3.5898990758064944,4925879.53413,0.00000001,btc,26894283.90121958,0.0,0.1047312460144003,27
1,[],11,[],2019-05-28 05:06:09,1070969.08157834,0.00000002,0.000000000001753418,7698737,2019-05-28 05:06:09,btc,67503.03934773499,19676.5543251,0.00000002,btc,6639861.32608848,0.0,0.0107207058157834,27
1,[],5,[],2019-04-26 09:47:06,0.0,0,0,7465326,2019-04-26 09:47:06,btc,0.0,0.0,0,btc,0.0,0.0,0.0,27
1,[],4,[],2019-05-28 05:06:10,1164168597.0350912,0.00000001,0.000000000000876709,7698738,2019-05-28 05:06:10,btc,4.897368398554334,0.0,0.00000001,"btc,ltc",299258402.27765006,0.07159678,8.067416320755443,29
1,[],7,[],2019-05-28 05:06:12,86565332.30740812,0.00000001,0.000000000000876709,7698739,2019-05-28 05:06:12,btc,46548272.111209735,0.0,0.00000001,btc,35027731.06505293,0.0,0.8656533230740813,29
1,[],4,[],2019-05-28 05:06:13,15163814.27217546,0.00000006,0.000000000005260254,7698740,2019-05-28 05:06:13,btc,2.6727346225518587,0.0,0.00000006,btc,2114397.46538939,0.00010668,0.1659692359941774,30
0,[],17,[],2019-05-03 01:11:25,0.0,0,0,7559066,2019-05-03 01:11:25,btc,0.0,0.0,0,btc,0.0,0.0,0.0,30
1,[],4,[],2019-05-28 05:08:16,119754.43791388,0.00004507,0.0000000039513274630000006,7698741,2019-05-28 05:08:16,btc,3.8285205891323435,0.0,0.00004507,btc,45588.93739242,1.46880171,0.7526159788485255,31
1,[],21,[],2019-05-28 05:08:18,159226.26075837,0.00004797999999999999801939681854,0.000000004206449782,7698742,2019-05-28 05:08:18,btc,4.201096573461592,551512.55704843,0.000047979999999999998019396818538240268026129342615604400634765625,btc,77415.15749156,25.54918134,6.614833534372677,31
0,[],2,[],2019-01-20 23:28:43,0.0,0,0,6477009,2019-01-20 23:28:43,,0.0,0.0,0,,0.0,0.0,0.0,32
0,[],4,[],2019-05-28 05:08:19,0.0,0,0,7698743,2019-05-28 05:08:19,,0.0,0.0,0,,0.0,0.0,0.0,33
1,[],12,[],2019-03-30 07:55:10,40641173.964,0.00000003,0.000000000001228359,7108785,2019-03-30 07:55:10,btc,4233210.82356125,0.0,0.00000003,btc,28378394.68333462,0.0126927883965248,0.90752895892,33
0.0000000001322281,[],4,[],2019-05-28 05:08:21,510338348.88813335,1.1900529e-17,1.0433300879061e-21,7698744,2019-05-28 05:08:21,ltc,3.5114557819984626,0.0,0.00000009,ltc,155809438.1585306,0.0,2.0112532348943633e-09,34
1,[],5,[],2019-05-28 05:08:23,0.0,0,0,7698745,2019-05-28 05:08:23,btc,0.0,2.679e-05,0,btc,0.0,0.0,0.0,34
0.0000000001322281,[],4,[],2019-05-28 05:08:24,80740056.16077778,1.322281e-18,1.159255653229e-22,7698746,2019-05-28 05:08:24,ltc,5.047291951316096e-08,0.0,0.00000001,ltc,7051461285.111265,0.0,1.067610422003294e-10,36
1,[],5,[],2019-05-28 05:08:26,0.0,0,0,7698747,2019-05-28 05:08:26,btc,0.0,0.0,0,btc,0.0,0.0,0.0,36
0.0000000002926451,[],17,[],2019-05-02 18:17:47,200000.0,2.9264510000000002e-18,1.596703856561e-22,7556430,2019-05-02 18:17:47,eth,0.20942468735267253,0.0,0.00000001,"btc,eth",1018272.20243647,0.0,5.852902e-13,36
0.00000000030928290000000004,[],27,[],2019-05-28 04:35:35,41737858.4,9.278487e-18,8.139209416731e-22,7698586,2019-05-28 04:35:35,eth,1670.43116568,1519874198.6039999,0.00000003,"ltc,eth",4726977.0,9.870217653818942e-08,3.455492309830128e-10,36
1,[],4,[],2019-05-28 04:35:36,9956778.63087131,0.00000018,0.000000000015789834,7698587,2019-05-28 04:35:36,btc,19772.564514455677,0.0,0.00000018,btc,769956.20680854,0.0023635,0.1378619329263104,37
1,[],12,[],2019-05-28 04:35:38,4066623.32628572,0.0000002,0.00000000001754426,7698588,2019-05-28 04:35:38,btc,8.134011449210778,0.0,0.0000002,btc,859128.87112882,0.031723824198,0.1989893586442866,37
1,[],27,[],2019-05-28 04:37:44,1600.0,0.00000015,0.000000000013158195,7698589,2019-05-28 04:37:44,btc,24.11463822903233,0.0,0.00000015,btc,5792.59438508,0.0,3e-05,37
1,[],17,[],2019-05-03 01:11:36,211752.74075282,0.00000025,0.000000000013700074999999998,7559074,2019-05-03 01:11:36,btc,0.055484923955058496,0.0,0.00000025,"btc,eth",1387.19918473,0.0,0.0005381851887916605,37
1,[],5,[],2019-05-28 04:37:45,0.0,0,0,7698590,2019-05-28 04:37:45,btc,0.0,0.00103689,0,btc,0.0,0.0,0.0,42
1,[],12,[],2019-05-28 04:37:47,133332.18733911,0.00000094,0.00000000008245802199999999,7698591,2019-05-28 04:37:47,btc,24.540282203628347,0.0,0.00000094,btc,70605.64631566,0.013256566845,0.0455145799999526,42
1,[],27,[],2019-05-28 04:37:55,506.0,0.00000002,0.000000000001754426,7698592,2019-05-28 04:37:55,btc,0.39085425,0.0,0.00000002,"btc,eth",735.0,0.0,6.000000324932615e-06,42
1,[],12,[],2019-03-13 09:13:29,1112112.0,0.00000001,0.000000000000386531,6919902,2019-03-13 09:13:29,btc,29058.00478931866,0.0,0.00000001,btc,5967681.93306694,9.99000999e-07,0.01112112,43
1,[],5,[],2019-04-26 22:38:52,0.0,0,0,7474154,2019-04-26 22:38:52,btc,0.0,0.02638891,0,btc,0.0,0.0,0.0,43
0,[],17,[],2019-04-26 22:38:53,0.0,0,0,7474155,2019-04-26 22:38:53,btc,0.0,0.0,0,btc,0.0,0.0,0.0,43
1,[],12,[],2019-03-05 01:54:08,639326.02,0.00000004,0.000000000001486676,6845775,2019-03-05 01:54:08,btc,11116042.728239931,0.0,0.00000004,btc,1103841.4595604,0.0003330765234764,0.014975410599999999,44
1,[],4,[],2019-05-28 04:37:56,115138091.81204626,0.00000001,0.000000000000877213,7698593,2019-05-28 04:37:56,btc,291324.2225415552,0.0,0.00000001,"btc,ltc",27254312.40187069,0.00201642,0.08799417844373002,49
0.00000000013205760000000002,[],4,[],2019-05-28 04:37:58,136367836.71375978,3.8296704e-17,3.3594366605952e-21,7698594,2019-05-28 04:37:58,ltc,22050.151287147328,0.0,0.00000029,ltc,157736869.0587601,0.0,7.576498172534272e-10,52
0,[],22,[],2019-05-28 04:38:01,0.0,0,0,7698595,2019-05-28 04:38:01,,10289.55991011,0.0,0,,308568058.4566013,0.0,0.0,57
0,[],27,[],2019-05-28 04:38:12,0.0,0,0,7698596,2019-05-28 04:38:12,,0.0,0.0,0,"btc,eth",0.0,0.0,0.0,57
0.00000000013205760000000002,[],4,[],2019-05-28 04:38:13,2695987137.494031,1.320576e-18,1.158426434688e-22,7698597,2019-05-28 04:38:13,ltc,19.263871719132514,0.0,0.00000001,ltc,5780707068.79815,0.0,3.560255910083318e-09,58
1,[],12,[],2019-05-28 04:38:14,772277955.0,0.0000000001,0.00000000000000877213,7698598,2019-05-28 04:38:14,btc,2179511.790472318,0.0,0.0000000001,btc,2682774740.678322,0.00434637162,0.0772277955,58
0.00000000011141119999999999,[],22,[],2019-05-28 04:40:19,126877.0,1.114112e-18,9.773135298559998e-23,7698599,2019-05-28 04:40:19,XMR,68.17454206,0.0,0.00000001,XMR,9626402.6,0.0,0.00126877,58
1,[],17,[],2019-05-03 01:12:09,1200000.0,0.0000000001,0.00000000000000548003,7559085,2019-05-03 01:12:09,btc,1e+24,0.0,0.0000000001,"btc,eth",39516342.31952568,0.0,0.00010000000058666061,58
1,[],5,[],2019-05-28 04:40:21,0.0,0,0,7698600,2019-05-28 04:40:21,btc,0.0,1.97e-05,0,btc,0.0,0.0,0.0,61
1,[],22,[],2019-05-28 04:40:24,13613.833333333334,0.00000012,0.000000000010526555999999999,7698601,2019-05-28 04:40:24,BTC,1002.29590883,0.0,0.00000012,BTC,15092.180177125656,0.0,0.00153269,61
1,[],26,[],2019-05-28 04:40:24,0.0,0.00000050,0.00000000004386065,7698602,2019-05-28 04:40:24,btc,0.0,0.0,0.00000050,btc,0.0,0.0,0.0,61
1,[],27,[],2019-05-28 04:40:37,13712.0,0.0000002,0.00000000001754426,7698603,2019-05-28 04:40:37,btc,1.9582485601246655,0.0,0.0000002,"btc,eth",11379.41563696,0.0,0.00252178,61
0,[],28,[],2019-05-28 04:40:39,0.0,0,0,7698604,2019-05-28 04:40:39,,0.0,758.0,0,,0.0,0.0,0.0,61
1,[],4,[],2019-05-28 04:40:41,1041519.27787406,0.00000080,0.00000000007017704,7698605,2019-05-28 04:40:41,btc,2.6033884058196626,0.0,0.00000080,btc,843038.94495727,0.08312421,0.6089581874483153,67
0.0,[],25,[],2019-05-28 04:40:42,0.0,0,0,7698606,2019-05-28 04:40:42,,0.0,0.0,0.0,btc,0.0,0.0,0.0,67
1,[],12,[],2019-05-28 04:40:44,805100.0,0.00000005,0.000000000004386065,7698607,2019-05-28 04:40:44,btc,5.167187931438559,0.0,0.00000005,btc,767001.77822175,0.000163982549,0.01728616,71
,[],5,[],2018-11-20 23:02:39,1.5e-07,0.00000005,0.000000000002128045,4862160,2018-11-20 23:02:39,btc,2.84511358,0.0,,btc,0.00036572,0.0,0.07381892,74
1,[],5,[],2019-05-28 04:40:46,0.0,0,0,7698608,2019-05-28 04:40:46,btc,0.0,0.10399215,0,btc,0.0,0.0,0.0,75
0,[],4,[],2019-05-25 21:33:44,0.0,0,0,7686249,2019-05-25 21:33:44,,133656.37989170782,0.0,0,,33439209.5909442,0.0,0.0,81
0,[],20,[],2019-01-25 09:30:31,0.0,0,0,6495923,2019-01-25 09:30:31,btc,0.0,0.0,0,btc,0.0,0.0,0.0,81
1,[],4,[],2019-05-28 04:40:47,32969.34966597,0.00022001,0.000000019299563212999997,7698609,2019-05-28 04:40:47,btc,16.95455802120191,0.0,0.00022001,btc,2008.59194599,3.27232415,1.0894245636937299,82
1,[],21,[],2019-05-28 04:40:48,111680.96268199,0.0001586100000000000009858780459,0.000000013913475392999999,7698610,2019-05-28 04:40:48,btc,23.10788988066103,207795.1062753,0.0001586100000000000009858780458671390078961849212646484375,btc,64696.22203269,33.68571834,6.896766658890695,82
0,[],17,[],2019-03-25 22:42:34,0.0,0,0,7038780,2019-03-25 22:42:34,btc,0.0445064681804024,0.0,0,btc,995513.18476001,0.0,0.0,84
0.0000000001161485,[],4,[],2019-05-20 13:09:39,216715621.0206096,1.161485e-18,9.0533806701e-23,7657228,2019-05-20 13:09:39,ltc,1.6511566870244727,0.0,0.00000001,ltc,471032407.9048656,0.0,2.5171194308112273e-10,85
,[],22,[],2018-11-20 23:09:34,3408.1,0.0000001,0.0000000000041895,4862324,2018-11-20 23:09:34,BTC,0.04624735,0.0,,BTC,4990.0,0.0,0.00033081,86
1,[],22,[],2019-05-28 04:40:52,65156.0,0.00000001,0.000000000000877213,7698611,2019-05-28 04:40:52,BTC,1.45608405,0.0,0.00000001,BTC,314587.29736842104,0.0,0.00065156,87
0,[],27,[],2019-05-28 04:40:59,0.0,0,0,7698612,2019-05-28 04:40:59,,4.962566382816,0.0,0,btc,66120.49241,0.0,0.0,87
,[],2,[],2018-11-20 23:10:47,0.0,0,0,4862359,2018-11-20 23:10:47,,0.0,0.0,,,0.0,0.0,0.0,88
1,[],11,[],2019-05-28 04:41:02,97858.90305951,0.0000850100000000000009282852264647090123617090284824371337890625,0.000000007457187712999999,7698613,2019-05-28 04:41:02,btc,184.39441988311012,51.0,0.0000850100000000000009282852264647090123617090284824371337890625,btc,225868.71360549,0.0,3.272402812331723,89
0,[],2,[],2019-01-20 23:31:45,0.0,0,0,6477083,2019-01-20 23:31:45,,0.0,0.0,0,,0.0,0.0,0.0,91
1,[],12,[],2019-05-28 04:41:04,201817.7052139,0.00000038,0.000000000033334094,7698614,2019-05-28 04:41:04,btc,87.6387284439936,0.0,0.00000038,btc,105934.70555554,0.001901457,0.0115291119999834,91
1,[],22,[],2019-05-28 04:43:08,75910.55,0.0000002,0.00000000001754426,7698615,2019-05-28 04:43:08,BTC,0.495,0.0,0.0000002,"BTC,LTC",4.95,0.0,0.00165931,91
0,[],17,[],2019-05-03 01:12:26,0.0,0,0,7559096,2019-05-03 01:12:26,btc,0.0,0.0,0,btc,0.0,0.0,0.0,91
1,[],22,[],2019-04-09 20:17:52,374949.73333333334,0.00000015,0.000000000007771935,7235704,2019-04-09 20:17:52,BTC,6.87372503,0.0,0.00000015,"BTC,LTC",159980.01196797504,1.1e-05,0.80510266,95
0.00000000013205760000000002,[],4,[],2019-05-28 04:43:09,549960105.9617763,2.7732096000000002e-17,2.4326955128448e-21,7698616,2019-05-28 04:43:09,ltc,11.581305421215797,0.0,0.00000021,ltc,175353600.1265924,0.0,1.10180872193432e-09,96
0,[],12,[],2019-05-28 04:43:10,0.0,0,0,7698617,2019-05-28 04:43:10,btc,10.459650100379621,0.0,0,btc,7775557.03796204,0.0,0.0,96
0,[],17,[],2019-05-03 01:12:32,0.0,0,0,7559100,2019-05-03 01:12:32,btc,0.0,0.0,0,btc,0.0,0.0,0.0,96
1,[],4,[],2019-04-14 03:32:46,1039404.33283278,0.00000038,0.000000000019245518,7293458,2019-04-14 03:32:46,btc,4.170086055365747,0.0,0.00000038,btc,3097704.34561074,0.06260606,0.1859928211030784,99
0,[],2,[],2019-01-20 23:23:55,0.0,0,0,6476914,2019-01-20 23:23:55,,0.0,0.0,0,,0.0,0.0,0.0,100
1,[],4,[],2019-05-28 04:45:11,198411.49126204,0.00001650,0.0000000014474014499999998,7698618,2019-05-28 04:45:11,btc,6.785665716131657,0.0,0.00001650,btc,133811.05233352,0.50535414,0.2592797107294457,100
1,[],22,[],2019-05-28 04:45:15,150000.0,0.00000002,0.000000000001754426,7698619,2019-05-28 04:45:15,BTC,24.83526409,0.0,0.00000002,BTC,11187.719,0.0,0.0017,101
1,[],4,[],2019-05-28 04:45:18,538257.91123091,0.00000160,0.00000000014035408,7698620,2019-05-28 04:45:18,btc,362.2103789095033,0.0,0.00000160,btc,597290.10363675,0.01062145,0.1765646194573358,103
1,[],12,[],2019-05-28 04:45:20,139725656.83268034,0.000000004,0.0000000000003508852,7698621,2019-05-28 04:45:20,btc,2379.973272823408,0.0,0.000000004,btc,57634731.67555205,0.009799257666,0.1686737473307214,105
0,[],27,[],2019-05-28 04:45:30,0.0,0,0,7698622,2019-05-28 04:45:30,,0.259402494018824,300.0,0,btc,714350.52604776,3e-06,0.0,105
1,[],22,[],2019-04-21 00:17:26,21333.0,0.00000001,0.000000000000532493,7385819,2019-04-21 00:17:26,BTC,51.38182867,0.0,0.00000001,BTC,470435.0,0.0,0.00021333,107
1,[],26,[],2019-04-21 00:17:26,0.0,0.00000000,0,7385820,2019-04-21 00:17:26,btc,0.0,0.0,0.00000000,btc,0.0,0.0,0.0,107
1,[],5,[],2019-05-28 04:45:32,0.0,0,0,7698623,2019-05-28 04:45:32,btc,0.0,5e-07,0,btc,0.0,0.0,0.0,112
0,[],22,[],2019-05-28 04:47:34,0.0,0,0,7698624,2019-05-28 04:47:34,,2.79635781,0.0,0,,3274992.0833333335,0.0,0.0,112
1,[],27,[],2019-05-28 04:47:40,1.0,0.00000001,0.000000000000877213,7698625,2019-05-28 04:47:40,btc,1.15032588,0.0,0.00000001,"btc,eth",1818.0,0.0,1e-08,112
1,[],4,[],2019-05-28 04:47:41,179373.210329,0.00000081,0.000000000071054253,7698626,2019-05-28 04:47:41,btc,4.351628727101872,0.0,0.00000081,btc,554199.33120116,0.01115325,0.0965276542657624,113
1,[],5,[],2019-05-28 04:47:43,0.0,0,0,7698627,2019-05-28 04:47:43,btc,0.0,0.0,0,btc,0.0,0.0,0.0,113
1,[],17,[],2019-04-26 02:17:47,162738.278,0.00000004,0.0000000000021069000000000002,7461287,2019-04-26 02:17:47,btc,1.3331140273775473,0.0,0.00000004,btc,51796.221,0.0,0.00230953112,116
1,[],27,[],2019-05-22 05:13:01,210000.0,0.00000001,0.00000000000079145,7666372,2019-05-22 05:13:01,btc,3919.0005001478,0.0,0.00000001,btc,128660.871,0.0,0.0021,116
1,[],4,[],2019-05-21 22:31:11,138169.03963019,0.00000701,0.000000000558364025,7664793,2019-05-21 22:31:11,btc,150.95388250938234,0.0,0.00000701,btc,344631.17141974,0.07552974,0.4288357684941946,120
1,[],7,[],2019-05-21 22:31:12,3901.07750076,0.000010679999999999999389654892212320191902108490467071533203125,0.0000000008506887,7664794,2019-05-21 22:31:12,btc,231188.94669936574,0.0,0.000010679999999999999389654892212320191902108490467071533203125,btc,4133.83151364,0.0,0.0113888422364489,120
1,[],20,[],2019-04-07 18:42:29,1914137.0852,0.000000035,0.0000000000017871910000000002,7211992,2019-04-07 18:42:29,btc,32.2497668025648,25528.85,0.000000035,btc,1001975.4986,0.00089350975,0.0152723574729,125
1,[],22,[],2019-05-28 04:47:46,10000.0,0.00000001,0.000000000000877213,7698628,2019-05-28 04:47:46,BTC,0.032061,0.0,0.00000001,BTC,299316.7611111111,0.0,0.0001,126
0,[],2,[],2019-01-20 23:25:46,0.0,0,0,6476969,2019-01-20 23:25:46,,0.0,0.0,0,,0.0,0.0,0.0,131
1,[],4,[],2019-05-28 04:47:48,239614.36281575,0.00000707,0.000000000620189591,7698629,2019-05-28 04:47:48,btc,5.0172480852102295,0.0,0.00000707,btc,167429.311547,0.23747896,0.4542611442340191,131
1,[],17,[],2019-05-03 01:13:10,10000.0,0.00000001,0.000000000000548003,7559115,2019-05-03 01:13:10,btc,0.0953976503951408,0.0,0.00000001,btc,5037.62507334,0.0,0.0001,131
1,[],4,[],2019-05-28 04:49:49,4733.56420138,0.00007919,0.000000006946649747,7698630,2019-05-28 04:49:49,btc,5.045514228108963,0.0,0.00007919,btc,247.17378338,0.0,0.0068732248094688,135
1,[],3,[],2019-05-28 04:49:50,448112.63331819,0.00000001,0.000000000000877213,7698631,2019-05-28 04:49:50,btc,0.2226943255681888,1001197.18998,0.00000001,btc,1999965.74189964,0.0,0.0044811263331819,136
1,[],4,[],2019-05-28 04:49:52,2485756.07988131,0.00000199,0.00000000017456538699999998,7698632,2019-05-28 04:49:52,btc,107.42443800409828,0.0,0.00000199,btc,479513.85951568,0.04561108,0.6482038451707143,137
1,[],12,[],2019-05-28 04:49:53,88633.61799875,0.0000020200000000000001415252463832228357887288439087569713592529296875,0.000000000177197026,7698633,2019-05-28 04:49:53,btc,57.78011867559834,0.0,0.0000020200000000000001415252463832228357887288439087569713592529296875,btc,49254.55496973,0.003468435832,0.0175232399999476,137
1,[],4,[],2019-05-28 04:49:56,82348.05345573,0.00001450,0.0000000012719588499999999,7698634,2019-05-28 04:49:56,btc,9.442344643052275,0.0,0.00001450,btc,139660.31493942,0.23449611,0.7061632401034985,142
1,[],5,[],2019-05-28 04:49:57,0.0,0,0,7698635,2019-05-28 04:49:57,btc,0.0,0.0044535,0,btc,0.0,0.0,0.0,142
1,[],20,[],2019-05-28 04:52:00,208969.7291,0.00001422,0.0000000012473968859999999,7698636,2019-05-28 04:52:00,btc,1.6091970042994,560.976,0.00001422,btc,9969.0955,0.007984502491,0.0171995740179,142
1,[],22,[],2019-05-28 04:52:04,11028.645,0.00001000,0.0000000008772129999999999,7698637,2019-05-28 04:52:04,BTC,3.2754788,0.0,0.00001000,BTC,1133.9993657797618,0.0,0.00745365,142
0.0,[],25,[],2019-05-28 04:52:05,0.0,0,0,7698638,2019-05-28 04:52:05,,0.0,0.0,0.0,btc,0.0,0.0,0.0,142
0,[],28,[],2019-05-28 04:52:06,0.0,0,0,7698639,2019-05-28 04:52:06,,0.0,0.0,0,,0.0,0.0,0.0,142
1,[],17,[],2019-05-03 01:13:16,32967.38636364,0.00000088,0.000000000048224264,7559122,2019-05-03 01:13:16,btc,20.06976206696776,0.0,0.00000088,btc,2746.079105,0.0,0.0105613000000032,142
0,[],22,[],2019-05-28 04:52:09,0.0,0,0,7698640,2019-05-28 04:52:09,,65.51518676,0.0,0,,839924755.3,0.0,0.0,143
0,[],22,[],2019-02-25 15:42:22,0.0,0,0,6783783,2019-02-25 15:42:22,,4.2131946,0.0,0,,2322156.0,0.0,0.0,146
,[],22,[],2018-11-20 23:01:11,0.0,0,0,4862114,2018-11-20 23:01:11,,2.56807021,0.0,,,61828.4988236,0.0,0.0,147
1,[],12,[],2019-04-21 06:38:04,193091.5971266,0.00000071,0.000000000037635183,7388679,2019-04-21 06:38:04,btc,2.301232411611175,0.0,0.00000071,btc,9957.48302385,0.00023528,0.0313308199999888,148
1,[],4,[],2019-03-19 21:31:25,255810.0415942,0.00000029,0.000000000011615747,6982695,2019-03-19 21:31:25,btc,218.94922712414143,0.0,0.00000029,btc,793529.37642722,0.00117,0.0608347789473395,152
0,[],22,[],2019-03-19 21:31:27,0.0,0,0,6982696,2019-03-19 21:31:27,,0.0,0.0,0,,0.0,0.0,0.0,152
1,[],5,[],2019-04-26 09:36:59,0.0,0,0,7465040,2019-04-26 09:36:59,btc,0.0,0.0,0,btc,0.0,0.0,0.0,153
,[],16,[],2019-01-11 15:38:59,0.0,0,0,6366141,2019-01-11 15:38:59,btc,0.0,0.0,,btc,0.0,0.0,0.0,155
0,[],23,[],2019-01-20 23:24:29,0.0,0,0,6476932,2019-01-20 23:24:29,,0.0,0.0,0,,0.0,0.0,0.0,156
0,[],22,[],2019-05-28 04:52:13,0.0,0,0,7698641,2019-05-28 04:52:13,,7.44455324,0.0,0,,5955762.942592593,0.0,0.0,156
1,[],22,[],2019-05-28 04:52:17,7066.0,0.00000800,0.0000000007017704,7698642,2019-05-28 04:52:17,BTC,1.79802465,0.0,0.00000800,BTC,802.6461988741639,0.0,0.00062996,157
0,[],22,[],2019-05-21 23:40:32,0.0,0,0,7665049,2019-05-21 23:40:32,,50234.60468402,0.0,0,,54786159.03179465,0.0,0.0,158
,[],17,[],2018-11-20 22:56:10,0.0,0,0,4861976,2018-11-20 22:56:10,btc,1.1265625,0.0,,btc,1000.0,0.0,0.0,159
,[],20,[],2018-11-20 22:56:12,0.0,0,0,4861977,2018-11-20 22:56:12,btc,11912.7940471,0.0,,btc,34413894.3617,0.0,0.0,159
1,[],12,[],2019-05-24 02:51:20,9178.522006449999,0.00000191999999999999982841307998027158276954651228152215480804443359375,0.000000000151222656,7676256,2019-05-24 02:51:20,btc,149.80414728631675,0.0,0.00000191999999999999982841307998027158276954651228152215480804443359375,btc,1115.7451448499999,0.01783167678326,0.0120075778999181,168
1,[],17,[],2019-05-03 01:13:36,42852.0,0.00000002,0.000000000001096006,7559132,2019-05-03 01:13:36,btc,0.04279856251542,0.0,0.00000002,btc,274.46171372,0.0,0.00052852,168
1,[],22,[],2019-05-17 03:01:52,10.0,0.00000001,0.000000000000778341,7642059,2019-05-17 03:01:52,BTC,41.95893009,0.0,0.00000001,BTC,1753972.7737547632,0.0,1e-07,169
1,[],22,[],2019-05-28 04:52:22,203664.0,0.00000002,0.000000000001754426,7698643,2019-05-28 04:52:22,BTC,27.86392936,0.0,0.00000002,BTC,461717.9785507793,0.0,0.00213428,171
1,[],22,[],2019-05-28 04:52:30,374870.0,0.00000002,0.000000000001754426,7698644,2019-05-28 04:52:30,BTC,24.05841126,0.0,0.00000002,"BTC,LTC",1218236.4355616204,0.00098938,0.0044847,173
1,[],5,[],2019-05-28 04:52:33,0.0,0,0,7698645,2019-05-28 04:52:33,btc,0.0,0.01295035,0,btc,0.0,0.0,0.0,175
1,[],22,[],2019-05-28 04:52:36,90671.0,0.00000001,0.000000000000877213,7698646,2019-05-28 04:52:36,BTC,394.35459412,0.0,0.00000001,BTC,136275.61833431243,0.0,0.00090671,176
0,[],2,[],2019-01-20 23:28:34,0.0,0,0,6477001,2019-01-20 23:28:34,,0.0,0.0,0,,0.0,0.0,0.0,178
1,[],7,[],2019-05-28 04:52:38,0.0,0,0,7698647,2019-05-28 04:52:38,btc,522274.2532042936,0.0,0,btc,26538783.34310775,0.0,0.0,178
0,[],22,[],2019-05-28 04:52:41,0.0,0,0,7698648,2019-05-28 04:52:41,,1.00242428,0.0,0,,57512.0,0.0,0.0,178
0,[],23,[],2019-01-20 23:25:08,0.0,0,0,6476952,2019-01-20 23:25:08,,0.0,0.0,0,,0.0,0.0,0.0,179
1,[],5,[],2019-05-28 04:52:44,0.0,0,0,7698649,2019-05-28 04:52:44,btc,0.0,0.03742517,0,btc,0.0,0.0,0.0,179
0,[],22,[],2019-05-28 04:52:47,0.0,0,0,7698650,2019-05-28 04:52:47,,5.31437491,0.0,0,,13411089.311946675,0.0,0.0,179
1,[],22,[],2019-05-28 04:54:52,673744.8083923836,0.00000111,0.000000000097370643,7698651,2019-05-28 04:54:52,BTC,39.19708281,0.0,0.00000111,"BTC,LTC",149865.2151450798,0.01500882,0.57313021,180
1,[],26,[],2019-05-28 04:54:52,0.0,0.00000010,0.00000000000877213,7698652,2019-05-28 04:54:52,btc,0.0,50.0,0.00000010,btc,0.0,0.0,0.0,180
1,[],17,[],2019-05-03 01:13:56,20504.725000000002,0.0000001,0.00000000000548003,7559141,2019-05-03 01:13:56,btc,5.2010695838400265,0.0,0.0000001,btc,5033.45945,0.0,0.0011504725,180
,[],7,[],2018-11-20 22:58:01,562227.975654,0.00000085,0.000000000036176765,4862015,2018-11-20 22:58:01,btc,21836.6059674,2491.87645172,,btc,749999.041456,0.00211021,0.127565380455,183
,[],5,[],2019-01-10 08:11:41,0.0,0,0,6347036,2019-01-10 08:11:41,btc,82.15055501,0.00261,,btc,1.19002445,0.0,0.0,187
,[],17,[],2018-11-16 20:58:10,4062536.27273,0.00000001,0.000000000000550501,4708775,2018-11-16 20:58:10,btc,3.36492563466,0.195460381006,,"btc,eth",110697919.549,0.0,0.0157628953496,187
1,[],24,[],2019-05-22 21:04:52,0.0,0.000000000014,0.0000000000000010960978,7670219,2019-05-22 21:04:52,btc,0.0,0.0,0.000000000014,btc,0.0,0.0,0.0,187
0,[],22,[],2019-04-25 02:54:07,0.0,0,0,7447896,2019-04-25 02:54:07,,7.54794454,0.0,0,,76361.7243344055,0.0,0.0,191
0,[],22,[],2019-05-28 04:54:59,0.0,0,0,7698653,2019-05-28 04:54:59,,0.0,0.0,0,,0.0,0.0,0.0,197
0,[],23,[],2019-01-20 23:31:41,0.0,0,0,6477079,2019-01-20 23:31:41,,0.0,0.0,0,,0.0,0.0,0.0,199
0,[],22,[],2019-05-28 04:55:04,0.0,0,0,7698654,2019-05-28 04:55:04,,10.5564544,0.0,0,,99450037.0,0.0,0.0,199
1,[],26,[],2019-05-28 04:55:05,0.0,0.00000000,0,7698655,2019-05-28 04:55:05,btc,0.0,0.0,0.00000000,btc,0.0,0.0,0.0,199
0,[],2,[],2019-01-20 23:30:49,0.0,0,0,6477059,2019-01-20 23:30:49,,0.0,0.0,0,,0.0,0.0,0.0,201
1,[],4,[],2019-01-25 15:51:35,2084389.58565343,0.00000936,0.000000000333526752,6499557,2019-01-25 15:51:35,btc,2.0092503037378524,0.0,0.00000936,btc,160195.80207885,0.19272417,1.242687955921835,211
1,[],7,[],2019-05-28 04:55:08,1171838790.1140416,0.00000055,0.000000000048246715,7698656,2019-05-28 04:55:08,btc,15202333.708527045,916650.442773,0.00000055,btc,8827151.65641377,0.0,12.967917554880781,212
1,[],12,[],2019-01-25 02:44:32,207462.42853209,0.000001080000000000000035831255497387193287295303889550268650054931640625,0.000000000038610756000000006,6493050,2019-01-25 02:44:32,btc,85023.03793723314,0.0,0.000001080000000000000035831255497387193287295303889550268650054931640625,btc,43675.73520027,0.000146250909087,0.0348620860622024,213
1,[],5,[],2019-05-28 04:55:09,0.0,0,0,7698657,2019-05-28 04:55:09,btc,0.0,0.11894688,0,btc,0.0,0.0,0.0,213
1,[],24,[],2019-05-28 04:55:09,0.0,0.000000399202,0.0000000000350185184026,7698658,2019-05-28 04:55:09,btc,0.0,433.54035,0.000000399202,btc,0.0,0.00017307,0.0,213
1,[],26,[],2019-05-28 04:55:09,0.0,0.00000040,0.00000000003508852,7698659,2019-05-28 04:55:09,btc,0.0,0.0,0.00000040,btc,0.0,0.0,0.0,213
0,[],22,[],2019-05-28 04:55:14,0.0,0,0,7698660,2019-05-28 04:55:14,,9.61445386,0.0,0,,3661587.094064925,0.0,0.0,216
0,[],27,[],2019-05-28 04:55:28,0.0,0,0,7698661,2019-05-28 04:55:28,,70.5882095580052,0.0,0,"btc,ltc",398836.40768,0.0,0.0,216
1,[],22,[],2019-05-28 04:55:31,569597.65625,0.00000033,0.000000000028948028999999997,7698662,2019-05-28 04:55:31,BTC,12054.75323412,0.0,0.00000033,BTC,407868.93767707155,0.03055813,0.04773955,217
1,[],7,[],2019-05-28 04:55:34,0.0,0,0,7698663,2019-05-28 04:55:34,btc,1234863.9718009047,0.0,0,btc,160745512.9208393,0.0,0.0,219
1,[],27,[],2019-05-28 04:55:45,740528.0,0.00000001,0.000000000000877213,7698664,2019-05-28 04:55:45,btc,0.402528685472,3818580.0337,0.00000001,btc,2725281.6967,0.0763716,0.00740528,219
0,[],28,[],2019-05-28 04:55:49,0.0,0,0,7698665,2019-05-28 04:55:49,,0.0,6822859.5432,0,,0.0,0.0,0.0,219
1,[],22,[],2019-05-23 16:41:05,172069.0,0.00000004,0.0000000000031167080000000004,7674065,2019-05-23 16:41:05,BTC,56.76466137,0.0,0.00000004,BTC,127061.6482738741,0.0,0.00393676,221
1,[],24,[],2019-05-23 16:41:05,0.0,0.000000010000,0.0000000000007791770000000001,7674066,2019-05-23 16:41:05,btc,0.0,0.0,0.000000010000,btc,0.0,0.0,0.0,221
1,[],20,[],2019-05-28 04:55:55,6879470.5336,0.000000002,0.0000000000001754426,7698666,2019-05-28 04:55:55,btc,100050.73323706037,730372.179,0.000000002,btc,40126973.658,0.0015798400246,0.0069783785336,224
0,[],22,[],2019-05-28 04:55:57,0.0,0,0,7698667,2019-05-28 04:55:57,,0.0,0.0,0,,0.0,0.0,0.0,224
1,[],26,[],2019-05-28 04:55:57,0.0,0.00000026,0.000000000022807537999999997,7698668,2019-05-28 04:55:57,btc,0.0,0.0,0.00000026,btc,0.0,0.0,0.0,231
1,[],26,[],2019-05-28 04:55:57,0.0,0.00000006,0.0000000000052632779999999994,7698669,2019-05-28 04:55:57,btc,0.0,100.0,0.00000006,btc,0.0,0.0,0.0,234
0,[],27,[],2019-05-28 04:56:10,0.0,0,0,7698670,2019-05-28 04:56:10,,0.01134836604,0.0,0,"btc,eth",11462.996,0.0,0.0,234
1,[],4,[],2019-05-22 17:06:12,91780.56053785,0.00000078,0.000000000061977552,7669277,2019-05-22 17:06:12,btc,5.573372450018177,0.0,0.00000078,btc,729173.93529783,0.0,0.0307060663355679,236
1,[],24,[],2019-05-22 17:06:12,0.0,0.000000010000,0.000000000000794584,7669278,2019-05-22 17:06:12,btc,0.0,0.0,0.000000010000,btc,0.0,0.0,0.0,236
1,[],5,[],2019-05-28 04:56:12,0.0,0,0,7698671,2019-05-28 04:56:12,btc,0.0,0.04071603,0,btc,0.0,0.0,0.0,237
1,[],20,[],2019-05-28 04:56:14,120324086.8563,0.000000038,0.0000000000033334093999999997,7698672,2019-05-28 04:56:14,btc,58794.210860305946,14153562.4382,0.000000038,btc,43839315.2545,0.5533475751112,0.4473881510003,237
1,[],22,[],2019-05-28 04:56:18,363100.0,0.00000003,0.0000000000026316389999999997,7698673,2019-05-28 04:56:18,BTC,1.20267422,0.0,0.00000003,"BTC,LTC",17930.94871794872,0.0,0.009791,237
1,[],4,[],2019-05-28 04:56:20,26904160.18928541,0.00000012,0.000000000010526555999999999,7698674,2019-05-28 04:56:20,btc,3.2301034527151873,0.0,0.00000012,btc,9237139.28386516,0.06349239,0.5561228056175433,238
1,[],5,[],2019-05-28 04:56:23,0.0,0,0,7698675,2019-05-28 04:56:23,btc,0.0,0.05019306,0,btc,0.0,0.0,0.0,238
0,[],22,[],2019-03-12 16:49:32,0.0,0,0,6914458,2019-03-12 16:49:32,,0.40415746,0.0,0,,526736.5639027493,0.0,0.0,249
0,[],22,[],2019-05-28 04:56:26,0.0,0,0,7698676,2019-05-28 04:56:26,,13.44714864,0.0,0,,43777534.3426455,0.0,0.0,252
0,[],28,[],2019-05-28 04:56:28,0.0,0,0,7698677,2019-05-28 04:56:28,,0.0,243795.685086,0,,0.0,0.0,0.0,256
1,[],22,[],2019-05-28 04:56:31,1041539.0,0.00000001,0.000000000000877213,7698678,2019-05-28 04:56:31,BTC,21.85890394,0.0,0.00000001,BTC,545143.7509808998,0.0001009,0.01041539,258
1,[],22,[],2019-05-19 18:12:02,400.0,0.00000001,0.0000000000007957800000000001,7653905,2019-05-19 18:12:02,BTC,2.415167,0.0,0.00000001,BTC,157.0,0.0,4e-06,259
1,[],5,[],2019-05-28 04:56:32,0.0,0,0,7698679,2019-05-28 04:56:32,btc,0.0,0.16088671,0,btc,0.0,0.0,0.0,264
1,[],20,[],2019-05-28 04:56:35,980215.6101,0.000000142,0.000000000012456424599999999,7698680,2019-05-28 04:56:35,btc,0.9781749883409,74578.8207,0.000000142,btc,52160.9707,0.042689059308,0.0109761547767,264
0,[],22,[],2019-04-12 17:57:27,0.0,0,0,7278186,2019-04-12 17:57:27,,66.37522201,0.0,0,,677842.4169881374,0.0,0.0,271
0,[],22,[],2019-05-28 04:56:40,0.0,0,0,7698681,2019-05-28 04:56:40,,33050470.74998113,0.0,0,,14361377780.7,0.0,0.0,272
0,[],28,[],2019-05-28 04:56:42,0.0,0,0,7698682,2019-05-28 04:56:42,,0.0,50713246845.344,0,,0.0,0.0,0.0,272
1,[],22,[],2019-05-23 07:12:29,219930.0,0.00000004,0.000000000003048688,7671985,2019-05-23 07:12:29,BTC,426.77835217,0.0,0.00000004,BTC,248664.3325962929,0.0,0.00739728,281
1,[],22,[],2019-05-28 04:56:47,582856.5,0.00000005,0.000000000004386065,7698683,2019-05-28 04:56:47,BTC,31.63286794,0.0,0.00000005,"BTC,LTC",1212762.4291012324,0.0007562,0.02298576,286
0,[],22,[],2019-05-28 04:56:50,0.0,0,0,7698684,2019-05-28 04:56:50,,7337904.96568486,0.0,0,,2004620112.6797826,0.0,0.0,294
