pairValue,buyBook,exchangeId,sellBook,updated,buyTotal,satoshiPrice,usdPrice,exchangeLogId,created,bestPair,sellTotalBtc,volume,pairPrice,activePairs,sellTotal,volumeBtc,buyTotalBtc,coinId
1,[],3,[],2019-03-07 22:11:54,30536.74360667106,0.012812179999999999402415795657361741177737712860107421875,0.0000004978146914639999,6871386,2019-03-07 22:11:54,btc,61.08460734207037,3.47388436456,0.012812179999999999402415795657361741177737712860107421875,btc,22.854768993765003,0.0,0.21578529820225945,1
1,[],4,[],2019-03-07 22:11:55,207893.00183805,0.01289923,0.0000005011970018040001,6871387,2019-03-07 22:11:55,btc,9.831676050050623,0.0,0.01289923,btc,307.19664538,2.5610695,2.8580906695081616,1
1,[],5,[],2019-03-07 22:11:59,0.0,0,0,6871388,2019-03-07 22:11:59,btc,0.0,0.11491731,0,btc,0.0,0.0,0.0,1
1,[],10,[],2019-03-07 22:12:01,414583.64916633,0.01070847,0.00000041607546015599996,6871389,2019-03-07 22:12:01,btc,6522.236220586011,1855.28874906,0.01070847,btc,1105.1084524,0.0,5.382265880249963,1
1,[],12,[],2019-03-07 22:12:04,114.22040541,0.01282999999999999939104267099310163757763803005218505859375,0.0000004985070839999999,6871390,2019-03-07 22:12:04,btc,0.3497889598206,0.0,0.01282999999999999939104267099310163757763803005218505859375,btc,24.32224733,0.0122481487211,0.4394452829858,1
1,[],20,[],2019-03-07 22:12:05,1152.5901,0.010500328,0.00000040798814437440003,6871391,2019-03-07 22:12:05,btc,0.0554564862143,0.3915,0.010500328,btc,2.4799,0.0046697723592,0.1060114783121,1
1,[],21,[],2019-03-07 22:12:06,2064.30470562,0.01287148999999999932075667175,0.000000500119169652,6871392,2019-03-07 22:12:06,btc,21.765022872891727,7400.60690462,0.01287148999999999932075667175013222731649875640869140625,"btc,eth",2379.99514871,93.56083114502655,18.45555202707045,1
1,[],22,[],2019-03-07 22:12:11,0.006382215384615385,0.01300000,0.0000005051124,6871393,2019-03-07 22:12:11,BTC,0.31439419,0.0,0.01300000,BTC,0.12751438772928525,0.0,7.978e-05,1
1,[],24,[],2019-03-07 22:12:11,0.0,0.000000000000,0,6871394,2019-03-07 22:12:11,btc,0.0,0.0,0.000000000000,btc,0.0,0.0,0.0,1
0.0,[],25,[],2019-03-07 22:12:12,0.0,0,0,6871395,2019-03-07 22:12:12,btc,16.433899998088783,333.50572773,0.0,btc,1240.68207424,4.3504,0.0,1
1,[],26,[],2019-03-07 22:12:22,0.0,0,0,6871396,2019-03-07 22:12:22,,0.0,0.0,0,,0.0,0.0,0.0,1
1,[],28,[],2019-03-07 22:12:23,993.142,0.01323000,0.000000514049004,6871397,2019-03-07 22:12:23,btc,0.147239806,18499.47,0.01323000,btc,7.9,0.0,0.089302756,1
0,[],2,[],2019-01-20 23:28:45,0.0,0,0,6477011,2019-01-20 23:28:45,,0.0,0.0,0,,0.0,0.0,0.0,1
1,[],5,[],2019-03-07 22:12:25,0.0,0,0,6871398,2019-03-07 22:12:25,btc,0.0,0.00677248,0,btc,0.0,0.0,0.0,2
0,[],22,[],2019-03-07 22:12:28,0.0,0,0,6871399,2019-03-07 22:12:28,,0.0,0.0,0,,0.0,0.0,0.0,2
1,[],5,[],2019-03-07 22:12:30,0.0,0,0,6871400,2019-03-07 22:12:30,btc,0.0,0.8597813,0,btc,0.0,0.0,0.0,3
1,[],12,[],2019-03-07 22:12:31,1973680.36387,0.000000176,0.0000000000068384448,6871401,2019-03-07 22:12:31,btc,22810.245397494826,0.0,0.000000176,btc,1038939.92314776,0.07888809341756761,0.28707270884112,3
0,[],28,[],2019-03-07 22:12:32,0.0,0,0,6871402,2019-03-07 22:12:32,,0.0,0.0,0,,0.0,0.0,0.0,3
0,[],2,[],2019-01-20 23:31:32,0.0,0,0,6477077,2019-01-20 23:31:32,,0.0,0.0,0,,0.0,0.0,0.0,4
1,[],4,[],2019-03-06 07:42:51,399811.41130817,0.00000037,0.000000000014225612,6856592,2019-03-06 07:42:51,btc,32.25588008858344,0.0,0.00000037,btc,710412.77475616,0.01275082,0.0541874837964531,4
1,[],12,[],2019-03-07 22:12:33,370322.0,0.00000002,0.000000000000777096,6871403,2019-03-07 22:12:33,btc,631.55383067,0.0,0.00000002,btc,520237.0,0.00168826,0.00476618,5
0,[],2,[],2019-01-20 23:31:51,0.0,0,0,6477087,2019-01-20 23:31:51,,0.0,0.0,0,,0.0,0.0,0.0,6
1,[],11,[],2019-03-07 22:12:35,4853444.5,0.00000002,0.000000000000777096,6871404,2019-03-07 22:12:35,btc,9568.23120290766,279440.0,0.00000002,btc,42611702.90271394,0.0,0.064543725,6
1,[],3,[],2019-03-07 22:04:22,1083.857791779546,0.000153790000000000003088640454507185495458543300628662109375,0.0000000059717579740000005,6871208,2019-03-07 22:04:22,btc,28.402034233092024,0.0,0.000153790000000000003088640454507185495458543300628662109375,btc,243.122414578101,0.0,0.03372870870383573,7
1,[],4,[],2019-03-07 22:04:23,103369.10088423,0.00025100,0.0000000097464806,6871209,2019-03-07 22:04:23,btc,11.488831622029304,0.0,0.00025100,btc,35830.71137245,3.24775561,7.738635086326503,7
1,[],5,[],2019-03-07 22:04:25,0.0,0,0,6871210,2019-03-07 22:04:25,btc,0.0,0.20266516,0,btc,0.0,0.0,0.0,7
1,[],20,[],2019-02-20 02:16:17,39399275.8418,0.000000001,0.0000000000000390183,6728586,2019-02-20 02:16:17,btc,116.9737569154545,525.0,0.000000001,btc,56932965.8895,5.25e-07,0.0393992758418,8
0,[],2,[],2019-01-20 23:22:42,0.0,0,0,6476876,2019-01-20 23:22:42,,0.0,0.0,0,,0.0,0.0,0.0,9
0,[],23,[],2019-01-20 23:22:48,0.0,0,0,6476878,2019-01-20 23:22:48,,0.0,0.0,0,,0.0,0.0,0.0,9
1,[],4,[],2019-03-07 22:12:37,1453401.78949883,0.00000160,0.00000000006216768,6871405,2019-03-07 22:12:37,btc,5.404324192938636,0.0,0.00000160,btc,2692739.61867178,2.99184599,1.3050727799499835,9
1,[],28,[],2019-03-07 22:12:39,38863.15,0.00000166,0.000000000064498968,6871406,2019-03-07 22:12:39,btc,2708.761281370583,3480669.0,0.00000166,btc,11954.1497,0.0,0.035782829,9
1,[],1,[],2019-02-17 23:31:42,1822507.21,0.00000181000000000000003456111265232042484285557293333113193511962890625,0.000000000066086901,6701244,2019-02-17 23:31:42,btc,3.6990969245,17153386.5,0.00000181000000000000003456111265232042484285557293333113193511962890625,btc,1997391.71,31.11772986,3.2610482446,9
1,[],4,[],2019-02-17 11:22:43,4341674.27126056,0.00000002,0.0000000000007272960000000001,6696112,2019-02-17 11:22:43,btc,0.1997230937751353,0.0,0.00000002,btc,4109766.79808031,0.00215132,0.0479381022052112,10
0,[],2,[],2019-01-20 23:23:08,0.0,0,0,6476890,2019-01-20 23:23:08,,0.0,0.0,0,,0.0,0.0,0.0,12
1,[],4,[],2019-03-07 22:12:40,7022237.72071535,0.00000126,0.000000000048957048,6871407,2019-03-07 22:12:40,btc,13.086016444918622,0.0,0.00000126,btc,6411555.32612551,2.110516,4.65447971412179,12
1,[],5,[],2019-03-07 22:12:41,0.0,0,0,6871408,2019-03-07 22:12:41,btc,0.0,0.35851724,0,btc,0.0,0.0,0.0,12
0.0,[],25,[],2019-03-07 22:12:42,0.0,0,0,6871409,2019-03-07 22:12:42,,0.0,0.0,0.0,btc,0.0,0.0,0.0,12
1,[],4,[],2019-03-07 22:12:44,31987600.07820322,0.00000587,0.000000000228077676,6871410,2019-03-07 22:12:44,btc,3.5643047797503393,0.0,0.00000587,btc,472446.50069598,1.69861876,1.0917822075387411,13
1,[],10,[],2019-03-07 22:12:46,394183.48378801,0.00000582,0.000000000226134936,6871411,2019-03-07 22:12:46,btc,666801.300663048,8793.76433714,0.00000582,btc,713269.91763291,0.0,0.2407252110291425,13
1,[],21,[],2019-03-07 22:12:47,757085.72467701,0.000005879999999999999606863955448,0.00000000022846622399999998,6871412,2019-03-07 22:12:47,btc,5.731216914095542,1081572.66993883,0.000005879999999999999606863955448066150211161584593355655670166015625,btc,871972.61995974,6.47968781,4.118136152180622,13
1,[],4,[],2019-03-07 22:12:49,715709.9050713,0.00000136,0.000000000052842528,6871413,2019-03-07 22:12:49,btc,9.273167343321187,0.0,0.00000136,btc,914664.50601316,0.00737111,0.1674683501254564,14
1,[],12,[],2019-03-07 22:12:50,268480.66153846,0.000001300000000000000047051663780439678674838432925753295421600341796875,0.00000000005051124,6871414,2019-03-07 22:12:50,btc,0.10035812488237959,0.0,0.000001300000000000000047051663780439678674838432925753295421600341796875,btc,7520.80286205,3.29283716204e-05,0.036443529999997996,14
0,[],17,[],2019-03-07 22:12:51,0.0,0,0,6871415,2019-03-07 22:12:51,btc,0.0,0.0,0,btc,0.0,0.0,0.0,14
1,[],26,[],2019-03-07 22:12:51,0.0,0.00000050,0.0000000000194274,6871416,2019-03-07 22:12:51,btc,0.0,0.0,0.00000050,btc,0.0,0.0,0.0,14
0,[],4,[],2019-03-07 22:12:52,0.0,0,0,6871417,2019-03-07 22:12:52,,0.0,0.0,0,,0.0,0.0,0.0,15
,[],12,[],2018-12-01 15:15:48,204241.84496,0.00000489,0.000000000202473384,5260204,2018-12-01 15:15:48,btc,49.5475654835,0.0,,btc,35763.2193806,0.0163153972027625,0.0203389899998,15
0,[],2,[],2019-01-20 23:23:38,0.0,0,0,6476906,2019-01-20 23:23:38,,0.0,0.0,0,,0.0,0.0,0.0,18
1,[],4,[],2019-03-07 22:12:54,23206.81304878,0.00001660,0.00000000064498968,6871418,2019-03-07 22:12:54,btc,4.188322577965091,0.0,0.00001660,btc,18548.92633968,0.03643686,0.0342353731623394,18
1,[],10,[],2019-03-07 22:12:56,785188.4147852,0.00001725,0.0000000006702453,6871419,2019-03-07 22:12:56,btc,15.364533844989442,1317.30473703,0.00001725,btc,12087.27308659,0.0,0.1613877412484423,18
1,[],12,[],2019-03-07 22:12:57,373489.51425949,0.00001654000000000000088207219306468687136657536029815673828125,0.0000000006426583920000001,6871420,2019-03-07 22:12:57,btc,0.0069622257207177,0.0,0.00001654000000000000088207219306468687136657536029815673828125,btc,266.91458781,0.0050926876820904,0.0250404890639106,18
0,[],17,[],2019-03-07 22:04:53,0.0,0,0,6871226,2019-03-07 22:04:53,btc,0.0,0.0,0,btc,0.0,0.0,0.0,18
0,[],2,[],2019-01-20 23:24:19,0.0,0,0,6476924,2019-01-20 23:24:19,,0.0,0.0,0,,0.0,0.0,0.0,19
1,[],3,[],2019-03-07 22:12:58,117132.03257985467,0.0000174999999999999984669381281054967303134617395699024200439453125,0.000000000679959,6871421,2019-03-07 22:12:58,btc,0.5118310879873479,0.03280961183,0.0000174999999999999984669381281054967303134617395699024200439453125,btc,9039.037392201615,0.0,0.012757236698623978,19
1,[],4,[],2019-03-07 22:12:59,282694.69907336,0.00001964,0.000000000763108272,6871422,2019-03-07 22:12:59,btc,3.4563811115085628,0.0,0.00001964,btc,127005.93682496,0.49314983,2.7891347525330206,19
1,[],5,[],2019-03-07 22:13:01,0.0,0,0,6871423,2019-03-07 22:13:01,btc,0.0,0.00070324,0,btc,0.0,0.0,0.0,19
1,[],12,[],2019-03-07 22:13:02,169851.1658582,0.000012109999999999999250829309238586262154058204032480716705322265625,0.000000000470531628,6871424,2019-03-07 22:13:02,btc,0.2299648311986091,0.0,0.000012109999999999999250829309238586262154058204032480716705322265625,btc,358.27457877,0.00013572,0.034688489999921,19
0,[],27,[],2019-03-07 22:13:04,0.0,0,0,6871425,2019-03-07 22:13:04,,0.0,0.0,0,btc,0.0,0.0,0.0,19
1,[],4,[],2019-03-07 22:13:05,2779123.70923423,0.00000012,0.000000000004662576,6871426,2019-03-07 22:13:05,btc,7.383042289760813,0.0,0.00000012,btc,2876583.25385408,0.0,0.0777767845064956,20
0,[],4,[],2019-03-07 22:15:06,0.0,0,0,6871427,2019-03-07 22:15:06,,0.0,0.0,0,,0.0,0.02134227,0.0,21
1,[],12,[],2019-03-07 22:15:07,1000236.0,0.00000001,0.000000000000388548,6871428,2019-03-07 22:15:07,btc,1245.5435753895404,0.0,0.00000001,btc,2375179.97702298,0.0027343804995004,0.01000236,21
0,[],17,[],2019-03-07 22:05:04,0.0,0,0,6871235,2019-03-07 22:05:04,btc,0.0,0.0,0,btc,0.0,0.0,0.0,21
1,[],12,[],2019-03-07 22:15:21,2338514954.0,0.0000000001,0.00000000000000388548,6871429,2019-03-07 22:15:21,btc,5535.620035996102,0.0,0.0000000001,btc,1281272806.0123765,0.00325288975324677,0.2338514954,23
0,[],27,[],2019-03-07 22:15:23,0.0,0,0,6871430,2019-03-07 22:15:23,,13.503256366593412,0.0,0,eth,1966931.35514486,0.0,0.0,23
1,[],4,[],2019-03-07 22:15:25,635858.36295025,0.00000043,0.000000000016707564,6871431,2019-03-07 22:15:25,btc,9.657030363428245,0.0,0.00000043,btc,1610957.60447404,0.02453024,0.1725658817590761,24
1,[],22,[],2019-03-07 22:15:30,11.76,0.00000100,0.0000000000388548,6871432,2019-03-07 22:15:30,BTC,7.415e-05,0.0,0.00000100,BTC,23.919354838709676,0.0,1.176e-05,24
0.0,[],25,[],2019-03-07 22:15:31,0.0,0,0,6871433,2019-03-07 22:15:31,,0.0,0.0,0.0,btc,0.0,0.0,0.0,24
1,[],4,[],2019-03-07 22:15:32,26577343.87947468,0.00000596,0.000000000231574608,6871434,2019-03-07 22:15:32,btc,66.24206991141368,0.0,0.00000596,btc,239432.25428251,0.09325855,0.4335130632882966,26
1,[],10,[],2019-03-07 22:15:34,685341.76589746,0.00000603,0.000000000234294444,6871435,2019-03-07 22:15:34,btc,26.13207398036335,4776.31303564,0.00000603,btc,14784.6569521,0.0,0.2272417155496019,26
0,[],2,[],2019-01-20 23:25:56,0.0,0,0,6476976,2019-01-20 23:25:56,,0.0,0.0,0,,0.0,0.0,0.0,26
1,[],3,[],2019-03-07 22:15:35,10977341.88133568,0.00000001,0.000000000000388548,6871436,2019-03-07 22:15:35,btc,2.263603679415453,690310.446597,0.00000001,btc,17313694.20092981,0.0,0.1097734188133568,27
1,[],5,[],2019-03-07 22:15:37,0.0,0,0,6871437,2019-03-07 22:15:37,btc,0.0,0.00013914,0,btc,0.0,0.0,0.0,27
1,[],11,[],2019-03-07 22:15:39,9461840.38103613,0.00000005,0.00000000000194274,6871438,2019-03-07 22:15:39,btc,67506.32843704063,170.63047893,0.00000005,btc,7972152.75036371,0.0,0.44099231334143857,27
1,[],4,[],2019-03-07 22:15:40,1318165513.6468894,0.00000001,0.000000000000388548,6871439,2019-03-07 22:15:40,btc,3.0074737229673483,0.0,0.00000001,"btc,ltc",204691810.86701623,2.04286627,8.754977276203798,29
1,[],7,[],2019-03-07 22:15:41,36240677.94748193,0.00000002,0.000000000000777096,6871440,2019-03-07 22:15:41,btc,44462588.02220434,78513.3,0.00000002,btc,45741668.4744846,0.00157027,0.3813370207945805,29
1,[],4,[],2019-03-07 22:15:42,2343109.04468681,0.00000023,0.000000000008936604,6871441,2019-03-07 22:15:42,btc,2.477853087286445,0.0,0.00000023,btc,1800160.77601445,0.02334765,0.1031274196116871,30
0,[],17,[],2019-03-07 22:15:44,0.0,0,0,6871442,2019-03-07 22:15:44,btc,0.0,0.0,0,btc,0.0,0.0,0.0,30
1,[],4,[],2019-03-07 22:15:45,426653.88686395,0.00006106,0.000000002372474088,6871443,2019-03-07 22:15:45,btc,8.362312643204483,0.0,0.00006106,btc,87292.23234854,0.86678256,2.42784510708711,31
1,[],21,[],2019-03-07 22:15:46,60461.49191089,0.00006221999999999999720560334149,0.000000002417545656,6871444,2019-03-07 22:15:46,btc,7.044646603946112,339051.53774609,0.000062219999999999997205603341488000523895607329905033111572265625,btc,99366.55650839,21.58724434,3.4457287570153303,31
0,[],2,[],2019-01-20 23:28:43,0.0,0,0,6477009,2019-01-20 23:28:43,,0.0,0.0,0,,0.0,0.0,0.0,32
1,[],4,[],2019-03-07 22:15:48,425797925.6040104,0.00000004,0.000000000001554192,6871445,2019-03-07 22:15:48,btc,10.224250880359008,0.0,0.00000004,"btc,ltc",189568147.18950596,0.61896693,10.221242273125519,33
1,[],12,[],2019-03-07 22:15:50,20491957.87333337,0.00000004,0.000000000001554192,6871446,2019-03-07 22:15:50,btc,1111506.004646345,0.0,0.00000004,btc,14931079.70229766,0.0708611432267726,0.47298062196000146,33
1,[],4,[],2019-03-07 22:15:51,115597362.24475858,0.00000001,0.000000000000388548,6871447,2019-03-07 22:15:51,btc,3.5446417987138044,0.0,0.00000001,btc,101486443.1964667,0.05837944,1.1559736224475856,34
1,[],5,[],2019-03-07 22:15:52,0.0,0,0,6871448,2019-03-07 22:15:52,btc,0.0,0.04371096,0,btc,0.0,0.0,0.0,34
0.0000000001470162,[],4,[],2019-03-07 22:15:53,453785551.00133336,1.4701620000000001e-18,5.71228504776e-23,6871449,2019-03-07 22:15:53,ltc,4.309514810606521e-08,0.0,0.00000001,ltc,6320584135.471238,0.0,6.671382732312222e-10,36
1,[],5,[],2019-03-07 22:15:55,0.0,0,0,6871450,2019-03-07 22:15:55,btc,0.0,0.0,0,btc,0.0,0.0,0.0,36
0,[],17,[],2019-03-07 22:16:07,0.0,0,0,6871451,2019-03-07 22:16:07,btc,0.0746458232965017,0.0,0,btc,4103573.70243647,0.0,0.0,36
0.0000000003552656,[],27,[],2019-03-07 22:16:09,11290000.0,3.552656e-18,1.3803773834880001e-22,6871452,2019-03-07 22:16:09,eth,222.5593883364624,0.0,0.00000001,"ltc,eth",11165403.32426039,0.0,2.4232434748e-11,36
1,[],4,[],2019-03-07 22:16:10,292445.24288724,0.00000056,0.000000000021758688,6871453,2019-03-07 22:16:10,btc,19772.503956565168,0.0,0.00000056,btc,595924.25435412,0.01110741,0.1235585157741783,37
1,[],12,[],2019-03-07 22:16:11,426285.3717745,0.00000061,0.000000000023701428,6871454,2019-03-07 22:16:11,btc,7.973924589257882,0.0,0.00000061,btc,340953.05940324,0.0703874310828374,0.1307695100256364,37
1,[],17,[],2019-03-07 22:16:23,1752.74075282,0.00000025,0.0000000000097137,6871455,2019-03-07 22:16:23,btc,0.055484923777095005,0.0,0.00000025,btc,1319.19918473,0.0,0.00043818518820499993,37
1,[],27,[],2019-03-07 22:16:25,14685.567,0.00000045,0.00000000001748466,6871456,2019-03-07 22:16:25,btc,25.75216805411233,0.0,0.00000045,btc,6518.38138508,0.0,0.00480032515,37
1,[],5,[],2019-03-07 22:16:27,0.0,0,0,6871457,2019-03-07 22:16:27,btc,0.0,0.02636286,0,btc,0.0,0.0,0.0,42
1,[],12,[],2019-03-07 22:16:27,254093.20796451,0.000001129999999999999980629101885287735029805844533257186412811279296875,0.000000000043905924,6871458,2019-03-07 22:16:27,btc,0.2913806508554188,0.0,0.000001129999999999999980629101885287735029805844533257186412811279296875,btc,28900.30739984,0.0529711183877867,0.0187448668099245,42
0.0000000003552656,[],27,[],2019-03-07 22:16:30,22000.0,3.552656e-17,1.380377383488e-21,6871459,2019-03-07 22:16:30,eth,0.00315028,0.0,0.0000001,"btc,eth",11.007,0.0,7.17636512e-13,42
1,[],5,[],2019-03-07 22:16:32,0.0,0,0,6871460,2019-03-07 22:16:32,btc,0.0,0.00021117,0,btc,0.0,0.0,0.0,43
1,[],12,[],2019-03-07 22:16:33,509121.0,0.00000001,0.000000000000388548,6871461,2019-03-07 22:16:33,btc,2.32121442999001,0.0,0.00000001,btc,4360308.4995005,5.114e-05,0.0050912100000000005,43
0,[],17,[],2019-03-07 22:16:34,0.0,0,0,6871462,2019-03-07 22:16:34,btc,0.0,0.0,0,btc,0.0,0.0,0.0,43
1,[],12,[],2019-03-05 01:54:08,639326.02,0.00000004,0.000000000001486676,6845775,2019-03-05 01:54:08,btc,11116042.728239931,0.0,0.00000004,btc,1103841.4595604,0.0003330765234764,0.014975410599999999,44
1,[],4,[],2019-03-07 22:16:37,300717652.3567867,0.00000004,0.000000000001554192,6871463,2019-03-07 22:16:37,btc,473.68449529911476,0.0,0.00000004,"btc,ltc",11800071.73598286,0.06486764,0.37126256457721835,49
0.0000000001470162,[],4,[],2019-03-07 22:16:38,2601415.80852,1.4701620000000001e-18,5.71228504776e-23,6871464,2019-03-07 22:16:38,ltc,25.808545414107396,0.0,0.00000001,ltc,9724871229.04817,0.0,3.82450266788538e-12,52
0.000000000128855,[],22,[],2019-03-07 22:16:41,80845862.0,1.28855e-18,5.006635254e-23,6871465,2019-03-07 22:16:41,XMR,4366.97466637,0.0,0.00000001,XMR,255820234.67882353,0.0,0.80845862,57
0.0000000003552656,[],27,[],2019-03-07 22:16:43,2000.0,3.552656e-18,1.3803773834880001e-22,6871466,2019-03-07 22:16:43,eth,0.0,0.0,0.00000001,"btc,eth",0.0,0.0,7.105312e-15,57
0.0000000001470162,[],4,[],2019-03-07 22:16:44,615626145.673,2.9403240000000003e-18,1.142457009552e-22,6871467,2019-03-07 22:16:44,ltc,18.807189668029377,0.0,0.00000002,ltc,4777500257.895821,0.0,1.3601511420091136e-09,58
1,[],12,[],2019-03-07 22:16:45,606786689.8425,0.0000000004,0.00000000000001554192,6871468,2019-03-07 22:16:45,btc,1121123.5042594625,0.0,0.0000000004,btc,1171274593.2797203,0.003028142856343645,0.197078286337,58
0,[],17,[],2019-03-07 22:16:48,0.0,0,0,6871469,2019-03-07 22:16:48,btc,1e+24,0.0,0,btc,49306342.21952568,0.0,0.0,58
0.000000000128855,[],22,[],2019-03-07 22:16:51,137438.0,1.28855e-18,5.006635254e-23,6871470,2019-03-07 22:16:51,XMR,69.8835922,0.0,0.00000001,XMR,9887963.0,0.0,0.00137438,58
1,[],5,[],2019-03-07 22:16:53,0.0,0,0,6871471,2019-03-07 22:16:53,btc,0.0,0.00257649,0,btc,0.0,0.0,0.0,61
1,[],22,[],2019-03-07 22:16:57,13757.0,0.00000012,0.000000000004662576,6871472,2019-03-07 22:16:57,BTC,1002.2960049,0.0,0.00000012,BTC,14976.68361146909,3e-07,0.00154987,61
1,[],26,[],2019-03-07 22:16:57,0.0,0.00000800,0.0000000003108384,6871473,2019-03-07 22:16:57,btc,0.0,0.0,0.00000800,btc,0.0,0.0,0.0,61
1,[],27,[],2019-03-07 22:16:59,4411.22008,0.00000047,0.000000000018261756,6871474,2019-03-07 22:16:59,btc,2.898491041314132,0.0,0.00000047,"btc,eth",19485.01257617,0.0,0.0012437599595882041,61
1,[],28,[],2019-03-07 22:17:00,13880.304,0.0000005,0.0000000000194274,6871475,2019-03-07 22:17:00,btc,2.056312978300105,726.0,0.0000005,btc,9730.59500005,0.0,0.00566391304,61
1,[],4,[],2019-03-07 22:17:02,1292823.76627417,0.00000280,0.00000000010879344,6871476,2019-03-07 22:17:02,btc,9.090484071221805,0.0,0.00000280,btc,740755.90538529,0.12365583,1.0247221045547013,67
0.0,[],25,[],2019-03-07 22:17:03,0.0,0,0,6871477,2019-03-07 22:17:03,,0.0,0.0,0.0,btc,0.0,0.0,0.0,67
1,[],12,[],2019-03-07 22:17:04,471361.98717328,0.00000028,0.000000000010879344000000001,6871478,2019-03-07 22:17:04,btc,3.0537185536955525,0.0,0.00000028,btc,861781.01890699,0.0083307924305603,0.0801068763804004,71
,[],5,[],2018-11-20 23:02:39,1.5e-07,0.00000005,0.000000000002128045,4862160,2018-11-20 23:02:39,btc,2.84511358,0.0,,btc,0.00036572,0.0,0.07381892,74
1,[],5,[],2019-03-07 22:17:06,0.0,0,0,6871479,2019-03-07 22:17:06,btc,0.0,0.0,0,btc,0.0,0.0,0.0,75
0,[],20,[],2019-01-25 09:30:31,0.0,0,0,6495923,2019-01-25 09:30:31,btc,0.0,0.0,0,btc,0.0,0.0,0.0,81
1,[],4,[],2019-03-07 22:17:08,13147768.81424166,0.00000001,0.000000000000388548,6871480,2019-03-07 22:17:08,btc,11388.985544584346,0.0,0.00000001,btc,40019471.49932191,0.0,0.1314776881424166,81
1,[],4,[],2019-03-07 22:19:09,27763.25926675,0.00007525,0.0000000029238237,6871481,2019-03-07 22:19:09,btc,18.09507795753891,0.0,0.00007525,btc,11976.99265007,0.07417583,0.1315315444942024,82
1,[],21,[],2019-03-07 22:19:09,768156.16096953,0.00007501999999999999662637917286,0.0000000029148870959999998,6871482,2019-03-07 22:19:09,btc,3.516604415490487,7461.43533024,0.00007501999999999999662637917285934463507146574556827545166015625,btc,42100.13033909,0.54935622,3.127594561435844,82
0,[],17,[],2019-03-07 21:04:20,0.0,0,0,6870896,2019-03-07 21:04:20,btc,0.0447233088476774,0.0,0,btc,999127.19588126,0.0,0.0,84
0.0000000001470162,[],4,[],2019-03-07 22:19:22,112201154.3024629,2.9403240000000003e-18,1.142457009552e-22,6871483,2019-03-07 22:19:22,ltc,1.7493646946895762,0.0,0.00000002,ltc,410250862.362934,0.0,2.1445011879952253e-10,85
,[],22,[],2018-11-20 23:09:34,3408.1,0.0000001,0.0000000000041895,4862324,2018-11-20 23:09:34,BTC,0.04624735,0.0,,BTC,4990.0,0.0,0.00033081,86
1,[],22,[],2019-03-07 22:19:25,122000.0,0.00000003,0.000000000001165644,6871484,2019-03-07 22:19:25,BTC,2.078122,0.0,0.00000003,BTC,169918.94736842104,1.4e-05,0.00186,87
0,[],27,[],2019-03-07 22:19:27,0.0,0,0,6871485,2019-03-07 22:19:27,,0.0,0.0,0,btc,0.0,0.0,0.0,87
,[],2,[],2018-11-20 23:10:47,0.0,0,0,4862359,2018-11-20 23:10:47,,0.0,0.0,,,0.0,0.0,0.0,88
1,[],11,[],2019-03-07 22:19:30,95102.7957691,0.00014590999999999999044326959296569157231715507805347442626953125,0.000000005669303868,6871486,2019-03-07 22:19:30,btc,606.9208352997648,1751.16132072,0.00014590999999999999044326959296569157231715507805347442626953125,btc,92762.31458133,0.0,6.5697234790714925,89
0,[],2,[],2019-01-20 23:31:45,0.0,0,0,6477083,2019-01-20 23:31:45,,0.0,0.0,0,,0.0,0.0,0.0,91
1,[],12,[],2019-03-07 22:19:31,250994.24167755,0.0000020300000000000000457815209353729102303987019695341587066650390625,0.000000000078875244,6871487,2019-03-07 22:19:31,btc,61.29163972281836,0.0,0.0000020300000000000000457815209353729102303987019695341587066650390625,btc,107261.00144947,0.0136152601010229,0.053201924299942,91
1,[],22,[],2019-03-07 22:19:46,65900.0,0.00000001,0.000000000000388548,6871488,2019-03-07 22:19:46,BTC,3e-06,0.0,0.00000001,BTC,1.0,0.0,0.000659,91
0,[],17,[],2019-03-07 22:07:02,0.0,0,0,6871291,2019-03-07 22:07:02,btc,0.0,0.0,0,btc,0.0,0.0,0.0,91
0.0000000001470162,[],22,[],2019-03-07 22:19:57,1580418.0,7.35081e-18,2.85614252388e-22,6871489,2019-03-07 22:19:57,LTC,8.53121199,0.0,0.00000005,LTC,71989912.1,0.0,0.0790209,95
0,[],17,[],2019-03-07 22:07:13,0.0,0,0,6871296,2019-03-07 22:07:13,btc,0.0,0.0,0,btc,0.0,0.0,0.0,96
0.0000000001470162,[],4,[],2019-03-07 22:19:58,640913691.5047666,9.556053000000001e-17,3.712985281044e-21,6871490,2019-03-07 22:19:58,ltc,11.88628583307367,0.0,0.00000065,ltc,135439107.9791913,0.0,1.7485686427461441e-09,96
1,[],12,[],2019-03-07 22:19:59,9419.0,0.00000001,0.000000000000388548,6871491,2019-03-07 22:19:59,btc,10.57487076,0.0,0.00000001,btc,2009024.0,2.7e-07,9.419e-05,96
1,[],4,[],2019-03-07 22:20:11,1697866.09916562,0.00000023,0.000000000008936604,6871492,2019-03-07 22:20:11,btc,2.640922000099575,0.0,0.00000023,btc,2572227.6540557,0.01417543,0.1487449370470827,99
0,[],2,[],2019-01-20 23:23:55,0.0,0,0,6476914,2019-01-20 23:23:55,,0.0,0.0,0,,0.0,0.0,0.0,100
1,[],4,[],2019-03-07 22:20:13,292117.2249637,0.00003968,0.000000001541758464,6871493,2019-03-07 22:20:13,btc,11.43839515883682,0.0,0.00003968,btc,159622.76588926,0.61468834,1.820385380390605,100
1,[],22,[],2019-03-07 22:07:19,50000.0,0.00000001,0.000000000000388306,6871299,2019-03-07 22:07:19,BTC,23.49896609,0.0,0.00000001,BTC,10277.22,0.0,0.0005,101
1,[],4,[],2019-03-07 22:07:20,432558.76543512,0.00000083,0.000000000032229398,6871300,2019-03-07 22:07:20,btc,308.0303812615163,0.0,0.00000083,btc,486725.43639501,0.00350581,0.2110607287050945,103
1,[],12,[],2019-03-07 22:07:22,28421403.887000002,0.000000009,0.00000000000034947539999999996,6871301,2019-03-07 22:07:22,btc,1113030.1477731583,0.0,0.000000009,btc,52156485.6713716,0.01666998175293729,0.110599896983,105
1,[],27,[],2019-03-07 22:07:24,229397.89,0.00000001,0.000000000000388306,6871302,2019-03-07 22:07:24,btc,36.60591030491341,0.0,0.00000001,btc,1301440.23571724,0.0,0.0022939789,105
1,[],22,[],2019-03-07 22:07:28,9328.0,0.00000001,0.000000000000388306,6871303,2019-03-07 22:07:28,BTC,51.10837004,0.0,0.00000001,BTC,470435.0,0.0,9.328e-05,107
1,[],26,[],2019-03-07 22:07:28,0.0,0.00000000,0,6871304,2019-03-07 22:07:28,btc,0.0,0.0,0.00000000,btc,0.0,0.0,0.0,107
1,[],5,[],2019-03-07 22:07:30,0.0,0,0,6871305,2019-03-07 22:07:30,btc,0.0,0.0102925,0,btc,0.0,0.0,0.0,112
1,[],22,[],2019-03-07 22:07:34,1966.0,0.00000001,0.000000000000388306,6871306,2019-03-07 22:07:34,BTC,2.78273272,0.0,0.00000001,BTC,826524.0833333334,3.4e-07,1.966e-05,112
0.00000000035463260000000005,[],27,[],2019-03-07 22:07:36,2000.0,3.5463260000000006e-18,1.377059663756e-22,6871307,2019-03-07 22:07:36,eth,1.24892491849924,0.0,0.00000001,"btc,eth",1288.641654,0.0,7.092652000000001e-15,112
1,[],4,[],2019-03-07 22:07:37,1365191.26883147,0.00000204,0.000000000079214424,6871308,2019-03-07 22:07:37,btc,4.742605954010949,0.0,0.00000204,btc,338234.00319501,0.02276908,1.1402776342508012,113
1,[],5,[],2019-03-07 22:07:39,0.0,0,0,6871309,2019-03-07 22:07:39,btc,0.0,0.00018191,0,btc,0.0,0.0,0.0,113
0,[],27,[],2019-03-07 22:07:43,0.0,0,0,6871310,2019-03-07 22:07:43,,0.0,0.0,0,btc,0.0,0.0,0.0,116
1,[],17,[],2019-03-07 20:20:31,152738.278,0.00000004,0.000000000001553024,6870723,2019-03-07 20:20:31,btc,1.336803027496286,0.0,0.00000004,btc,51896.221,0.0,0.0022095311199999998,116
1,[],4,[],2019-03-07 22:07:45,77776.4193101,0.00002461,0.000000000955621066,6871311,2019-03-07 22:07:45,btc,27.669273548997346,0.0,0.00002461,btc,83896.58659658,0.50617363,1.2032705413370417,120
1,[],7,[],2019-03-07 22:07:46,20980.34529234,0.0000212500000000000015265566588595902430824935436248779296875,0.0000000008251502500000001,6871312,2019-03-07 22:07:46,btc,115646.94919545915,1.1652281,0.0000212500000000000015265566588595902430824935436248779296875,btc,36705.38404366,2.476e-05,0.053291773213901,120
1,[],20,[],2019-03-07 22:07:49,3002345.3805,0.000000035,0.000000000001359071,6871313,2019-03-07 22:07:49,btc,33.6156363984428,1589.5,0.000000035,btc,1008323.7699,5.56325e-05,0.0406402484044,125
1,[],22,[],2019-03-07 22:07:53,3053.0,0.00000001,0.000000000000388306,6871314,2019-03-07 22:07:53,BTC,0.01444887,0.0,0.00000001,BTC,296263.5111111111,0.0,3.053e-05,126
1,[],4,[],2019-03-07 22:07:54,149624.94137564,0.00001303,0.000000000505962718,6871315,2019-03-07 22:07:54,btc,3.6602108974630725,0.0,0.00001303,btc,121045.94297504,0.09814008,0.6986374149842837,131
0,[],17,[],2019-03-07 22:07:56,0.0,0,0,6871316,2019-03-07 22:07:56,btc,0.0009561751951600001,0.0,0,btc,35.42829368,0.0,0.0,131
0,[],2,[],2019-01-20 23:25:46,0.0,0,0,6476969,2019-01-20 23:25:46,,0.0,0.0,0,,0.0,0.0,0.0,131
1,[],4,[],2019-03-07 22:07:57,4547.7892029,0.00016000,0.000000006212896,6871317,2019-03-07 22:07:57,btc,1.6186367547021323,0.0,0.00016000,btc,234.59167179,0.00128,0.0068861669105295,135
1,[],3,[],2019-03-07 00:20:44,877702.73244099,0.00000004,0.00000000000154846,6863392,2019-03-07 00:20:44,btc,0.119366241821405,0.0,0.00000004,btc,760637.99421222,0.0,0.023771231960604298,136
1,[],4,[],2019-03-07 22:07:58,326673.4479585,0.00000170,0.00000000006601202,6871318,2019-03-07 22:07:58,btc,38.19102047756093,0.0,0.00000170,btc,510358.27332124,0.0752551,0.0875746572289594,137
1,[],12,[],2019-03-07 22:07:59,245556.21158773,0.000001659999999999999988409336675043714848243325832299888134002685546875,0.000000000064458796,6871319,2019-03-07 22:07:59,btc,4.058143294274856,0.0,0.000001659999999999999988409336675043714848243325832299888134002685546875,btc,3845.77319,7.00469531e-06,0.08995326454773511,137
1,[],4,[],2019-03-07 22:08:00,11951.94768419,0.00003623,0.000000001406832638,6871320,2019-03-07 22:08:00,btc,28.561240852117436,0.0,0.00003623,btc,46721.66231083,0.14235371,0.2791728344472615,142
1,[],5,[],2019-03-07 22:08:01,0.0,0,0,6871321,2019-03-07 22:08:01,btc,0.0,0.33986417,0,btc,0.0,0.0,0.0,142
1,[],20,[],2019-03-07 22:08:04,135639.7742,0.000030022,0.0000000011657722732,6871322,2019-03-07 22:08:04,btc,0.4474428750512,1135.7297,0.000030022,btc,4703.6699,0.050589306092,0.3088982070487,142
1,[],22,[],2019-03-07 22:08:08,1470.8988921568628,0.00004000,0.000000001553224,6871323,2019-03-07 22:08:08,BTC,3.00385504,0.0,0.00004000,BTC,891.218,0.0,0.0012358,142
0.0,[],25,[],2019-03-07 22:08:10,0.0,0,0,6871324,2019-03-07 22:08:10,,0.0,0.0,0.0,btc,0.0,0.0,0.0,142
1,[],28,[],2019-03-07 22:08:18,76124.0,0.00000820,0.00000000031841092,6871325,2019-03-07 22:08:18,btc,0.067100461059305,1047.0,0.00000820,btc,552.61077999,0.0,0.004304,142
1,[],17,[],2019-03-07 21:19:46,22967.386363640002,0.00000088,0.000000000033904552000000005,6871124,2019-03-07 21:19:46,btc,20.069913352821466,0.0,0.00000088,btc,2746.079105,0.0,0.0104613000000032,142
0,[],22,[],2019-03-07 22:08:20,0.0,0,0,6871326,2019-03-07 22:08:20,,62.13631169,0.0,0,,837691921.3,0.0,0.0,143
0,[],22,[],2019-02-25 15:42:22,0.0,0,0,6783783,2019-02-25 15:42:22,,4.2131946,0.0,0,,2322156.0,0.0,0.0,146
,[],22,[],2018-11-20 23:01:11,0.0,0,0,4862114,2018-11-20 23:01:11,,2.56807021,0.0,,,61828.4988236,0.0,0.0,147
1,[],12,[],2019-03-07 22:08:22,293092.86254389,0.00000193000000000000015618582815957182674537762068212032318115234375,0.00000000007494305800000001,6871327,2019-03-07 22:08:22,btc,1.5012340268655455,0.0,0.00000193000000000000015618582815957182674537762068212032318115234375,btc,28032.52606395,0.0004290730345904,0.0243991999998812,148
1,[],4,[],2019-03-07 22:08:23,251367.96686287,0.00000029,0.000000000011260874,6871328,2019-03-07 22:08:23,btc,219.99870157676713,0.0,0.00000029,btc,840465.5176728,0.0,0.0597402236447149,152
0,[],22,[],2019-03-07 22:08:26,0.0,0,0,6871329,2019-03-07 22:08:26,,0.0,0.0,0,,0.0,0.0,0.0,152
1,[],5,[],2019-03-07 22:08:28,0.0,0,0,6871330,2019-03-07 22:08:28,btc,0.0,0.0,0,btc,0.0,0.0,0.0,153
,[],16,[],2019-01-11 15:38:59,0.0,0,0,6366141,2019-01-11 15:38:59,btc,0.0,0.0,,btc,0.0,0.0,0.0,155
0,[],22,[],2019-03-07 22:08:32,0.0,0,0,6871331,2019-03-07 22:08:32,,6.7463875,0.0,0,,4674391.242592593,0.0,0.0,156
0,[],23,[],2019-01-20 23:24:29,0.0,0,0,6476932,2019-01-20 23:24:29,,0.0,0.0,0,,0.0,0.0,0.0,156
1,[],22,[],2019-03-07 22:08:46,7073.8,0.00005300,0.0000000020580218,6871332,2019-03-07 22:08:46,BTC,1.80343699,0.0,0.00005300,BTC,899.6422341958436,0.0,0.00104336,157
0,[],22,[],2019-03-07 22:08:49,0.0,0,0,6871333,2019-03-07 22:08:49,,50175.67608608,0.0,0,,54079135.04179466,0.0,0.0,158
,[],17,[],2018-11-20 22:56:10,0.0,0,0,4861976,2018-11-20 22:56:10,btc,1.1265625,0.0,,btc,1000.0,0.0,0.0,159
,[],20,[],2018-11-20 22:56:12,0.0,0,0,4861977,2018-11-20 22:56:12,btc,11912.7940471,0.0,,btc,34413894.3617,0.0,0.0,159
1,[],12,[],2019-03-07 22:08:51,140511.43781985,0.000006900000000000000005399326818977812081357114948332309722900390625,0.00000000026793114,6871334,2019-03-07 22:08:51,btc,0.37191251313005763,0.0,0.000006900000000000000005399326818977812081357114948332309722900390625,btc,7732.45542208,0.0067019891209061,0.0961434045948327,168
1,[],17,[],2019-03-07 22:08:52,29784.95,0.000001,0.0000000000388306,6871335,2019-03-07 22:08:52,btc,0.03026736251542,0.0,0.000001,btc,144.46171372,0.0,0.00716147,168
0,[],22,[],2019-03-07 13:06:36,0.0,0,0,6867364,2019-03-07 13:06:36,,1.1339604,0.0,0,,520283.17470714403,0.0,0.0,169
1,[],22,[],2019-03-07 22:08:55,203585.5,0.00000002,0.000000000000776612,6871336,2019-03-07 22:08:55,BTC,13.2504702,0.0,0.00000002,BTC,146216.2939341018,8.11e-06,0.00207171,171
1,[],22,[],2019-03-07 22:09:00,374087.42261904763,0.00000011,0.000000000004271366,6871337,2019-03-07 22:09:00,BTC,2.19126031,0.0,0.00000011,"BTC,LTC",263163.090679189,0.000338,0.02169784,173
1,[],5,[],2019-03-05 01:59:40,0.0,0,0,6845846,2019-03-05 01:59:40,btc,0.0,0.00384852,0,btc,0.0,0.0,0.0,175
1,[],22,[],2019-03-07 22:09:04,36500.0,0.00000021,0.000000000008154426,6871338,2019-03-07 22:09:04,BTC,0.54826403,0.0,0.00000021,BTC,138776.41384013777,0.0,0.00227,176
1,[],7,[],2019-03-07 22:09:05,0.0,0,0,6871339,2019-03-07 22:09:05,btc,410914.4951967229,0.0,0,btc,117143049.56236699,0.0,0.0,178
0,[],22,[],2019-03-07 22:09:08,0.0,0,0,6871340,2019-03-07 22:09:08,,1.00242438,0.0,0,,57522.0,0.0,0.0,178
0,[],2,[],2019-01-20 23:28:34,0.0,0,0,6477001,2019-01-20 23:28:34,,0.0,0.0,0,,0.0,0.0,0.0,178
1,[],5,[],2019-03-07 22:09:10,0.0,0,0,6871341,2019-03-07 22:09:10,btc,0.0,0.09323668,0,btc,0.0,0.0,0.0,179
1,[],22,[],2019-03-07 22:09:14,6946207.0,0.00000002,0.000000000000776612,6871342,2019-03-07 22:09:14,BTC,5.67356573,0.0,0.00000002,"BTC,LTC",18498890.756535422,2.975e-05,0.37386486,179
0,[],23,[],2019-01-20 23:25:08,0.0,0,0,6476952,2019-01-20 23:25:08,,0.0,0.0,0,,0.0,0.0,0.0,179
1,[],17,[],2019-03-07 22:09:16,10504.725,0.0000001,0.00000000000388306,6871343,2019-03-07 22:09:16,btc,5.201069583844839,0.0,0.0000001,btc,5033.45945,0.0,0.0010504725,180
1,[],22,[],2019-03-07 22:09:20,292853.05454545456,0.00000095,0.00000000003688907,6871344,2019-03-07 22:09:20,BTC,0.25826383,0.0,0.00000095,"BTC,LTC",92696.73175619463,0.0023006202491577775,0.26053661,180
1,[],26,[],2019-03-07 22:09:20,0.0,0.00000125,0.00000000004853825,6871345,2019-03-07 22:09:20,btc,0.0,390.0,0.00000125,btc,0.0,0.0,0.0,180
,[],7,[],2018-11-20 22:58:01,562227.975654,0.00000085,0.000000000036176765,4862015,2018-11-20 22:58:01,btc,21836.6059674,2491.87645172,,btc,749999.041456,0.00211021,0.127565380455,183
,[],5,[],2019-01-10 08:11:41,0.0,0,0,6347036,2019-01-10 08:11:41,btc,82.15055501,0.00261,,btc,1.19002445,0.0,0.0,187
1,[],24,[],2019-03-07 22:09:21,0.0,0.000000000001,3.88306e-17,6871346,2019-03-07 22:09:21,btc,0.0,0.0,0.000000000001,btc,0.0,0.0,0.0,187
,[],17,[],2018-11-16 20:58:10,4062536.27273,0.00000001,0.000000000000550501,4708775,2018-11-16 20:58:10,btc,3.36492563466,0.195460381006,,"btc,eth",110697919.549,0.0,0.0157628953496,187
0,[],22,[],2019-03-07 22:09:24,0.0,0,0,6871347,2019-03-07 22:09:24,,7.54802454,0.0,0,,79361.7243344055,0.0,0.0,191
0,[],22,[],2019-03-07 22:09:29,0.0,0,0,6871348,2019-03-07 22:09:29,,0.0,0.0,0,,0.0,0.0,0.0,197
0,[],23,[],2019-01-20 23:31:41,0.0,0,0,6477079,2019-01-20 23:31:41,,0.0,0.0,0,,0.0,0.0,0.0,199
0,[],22,[],2019-03-07 22:09:32,0.0,0,0,6871349,2019-03-07 22:09:32,,5.19077022,0.0,0,,21057953.0,0.0,0.0,199
1,[],26,[],2019-03-07 22:09:32,0.0,0.00000000,0,6871350,2019-03-07 22:09:32,btc,0.0,129732.0,0.00000000,btc,0.0,0.0,0.0,199
0,[],17,[],2019-01-30 16:32:01,0.0,0,0,6540827,2019-01-30 16:32:01,btc,6.802544163788159,0.0,0,btc,105897.55575295,0.0,0.0,200
0,[],2,[],2019-01-20 23:30:49,0.0,0,0,6477059,2019-01-20 23:30:49,,0.0,0.0,0,,0.0,0.0,0.0,201
1,[],4,[],2019-01-25 15:51:35,2084389.58565343,0.00000936,0.000000000333526752,6499557,2019-01-25 15:51:35,btc,2.0092503037378524,0.0,0.00000936,btc,160195.80207885,0.19272417,1.242687955921835,211
1,[],7,[],2019-03-07 22:09:35,1912193.83469913,0.000001179999999999999925426948273188276772316385176964104175567626953125,0.000000000045820107999999994,6871351,2019-03-07 22:09:35,btc,15476653.740875466,801800.908015,0.000001179999999999999925426948273188276772316385176964104175567626953125,btc,13194554.79560098,0.0,1.7431630792984685,212
1,[],5,[],2019-03-07 22:09:36,0.0,0,0,6871352,2019-03-07 22:09:36,btc,0.0,0.17943582,0,btc,0.0,0.0,0.0,213
1,[],24,[],2019-03-07 22:09:36,0.0,0.000000120000,0.0000000000046596720000000004,6871353,2019-03-07 22:09:36,btc,0.0,0.0,0.000000120000,btc,0.0,0.0,0.0,213
1,[],26,[],2019-03-07 22:09:37,0.0,0.00000010,0.00000000000388306,6871354,2019-03-07 22:09:37,btc,0.0,0.0,0.00000010,btc,0.0,0.0,0.0,213
1,[],12,[],2019-01-25 02:44:32,207462.42853209,0.000001080000000000000035831255497387193287295303889550268650054931640625,0.000000000038610756000000006,6493050,2019-01-25 02:44:32,btc,85023.03793723314,0.0,0.000001080000000000000035831255497387193287295303889550268650054931640625,btc,43675.73520027,0.000146250909087,0.0348620860622024,213
1,[],22,[],2019-03-07 22:09:40,73967.0,0.00000003,0.0000000000011649180000000001,6871355,2019-03-07 22:09:40,BTC,2.23599134,0.0,0.00000003,BTC,701743.3963726171,0.00025208,0.00163731,216
1,[],27,[],2019-03-07 22:09:43,1298602.0,0.00000003,0.0000000000011649180000000001,6871356,2019-03-07 22:09:43,btc,317.9846054547724,0.0,0.00000003,"btc,ltc",240763.990324,0.0,0.03377204000026395,216
1,[],22,[],2019-03-07 22:09:46,165586.32300942903,0.00000184,0.000000000071448304,6871357,2019-03-07 22:09:46,BTC,12673.38815668,0.0,0.00000184,BTC,384856.8856216486,0.05938853,0.18491671,217
1,[],7,[],2019-03-07 22:09:49,0.0,0,0,6871358,2019-03-07 22:09:49,btc,77969.39215740134,0.0,0,btc,136268679.67428493,0.0,0.0,219
0,[],27,[],2019-03-07 22:09:51,0.0,0,0,6871359,2019-03-07 22:09:51,,0.04027288,0.0,0,btc,2037233.0,0.0,0.0,219
0.0000000000000052,[],28,[],2019-03-07 22:09:53,168883579.283,5.772e-18,2.241302232e-22,6871360,2019-03-07 22:09:53,doge,84451.8501148375,15705.228,0.00111000,"btc,doge",3563815.34751,0.0,1.6274994272990233e-11,219
1,[],22,[],2019-03-07 22:10:11,343042.5,0.00000004,0.000000000001553224,6871361,2019-03-07 22:10:11,BTC,2.76226415,0.0,0.00000004,BTC,86245.27041875875,0.00054995,0.01357175,221
1,[],24,[],2019-03-07 22:10:11,0.0,0.000000200000,0.00000000000776612,6871362,2019-03-07 22:10:11,btc,0.0,0.0,0.000000200000,btc,0.0,0.0,0.0,221
1,[],20,[],2019-03-07 22:10:13,39105329.5253,0.000000001,0.0000000000000388306,6871363,2019-03-07 22:10:13,btc,48.4427536687255,172770.0,0.000000001,btc,16154115.0042,0.00034554,0.0391053295253,224
0,[],22,[],2019-03-07 22:10:15,0.0,0,0,6871364,2019-03-07 22:10:15,,0.0,0.0,0,,0.0,0.0,0.0,224
1,[],26,[],2019-03-07 22:10:15,0.0,0.00000035,0.00000000001359071,6871365,2019-03-07 22:10:15,btc,0.0,0.0,0.00000035,btc,0.0,0.0,0.0,231
1,[],26,[],2019-03-07 22:10:15,0.0,0.00000005,0.00000000000194153,6871366,2019-03-07 22:10:15,btc,0.0,100.0,0.00000005,btc,0.0,0.0,0.0,234
0.00000000035463260000000005,[],27,[],2019-03-07 22:10:18,2000.0,3.5463260000000006e-18,1.377059663756e-22,6871367,2019-03-07 22:10:18,eth,0.01134836604,0.0,0.00000001,"btc,eth",11462.996,0.0,7.092652000000001e-15,234
1,[],4,[],2019-03-07 22:10:19,825353.92988351,0.00000074,0.000000000028734644,6871368,2019-03-07 22:10:19,btc,4.730394037379141,0.0,0.00000074,btc,1258421.59818857,0.04701791,0.2326638777915986,236
1,[],24,[],2019-03-07 22:10:19,0.0,0.000000300000,0.00000000001164918,6871369,2019-03-07 22:10:19,btc,0.0,0.0,0.000000300000,btc,0.0,0.0,0.0,236
1,[],20,[],2019-03-07 22:10:21,167618705.2319,0.00000006,0.0000000000023298360000000002,6871370,2019-03-07 22:10:21,btc,14.1115487217483,2574634.0547,0.00000006,btc,42000706.5806,0.1572752231819,0.5777365381174,237
0.000000000146641,[],22,[],2019-03-07 22:10:24,751594.9,2.492897e-17,9.68006862482e-22,6871371,2019-03-07 22:10:24,LTC,0.04119358,0.0,0.00000017,LTC,7239.2,0.0,0.12541949,237
1,[],4,[],2019-03-07 22:10:25,9042258.05594876,0.00000037,0.000000000014367322,6871372,2019-03-07 22:10:25,btc,9.011486362946659,0.0,0.00000037,btc,10215511.87844462,0.57184262,2.2955697835660236,238
1,[],5,[],2019-03-07 22:10:27,0.0,0,0,6871373,2019-03-07 22:10:27,btc,0.0,0.00358686,0,btc,0.0,0.0,0.0,238
0,[],22,[],2019-03-06 06:43:11,0.0,0,0,6856376,2019-03-06 06:43:11,,0.41338918,0.0,0,,316326.5639027493,0.0,0.0,249
0.000000000146641,[],22,[],2019-03-07 22:10:32,49087204.666666664,5.8656399999999996e-18,2.27766320584e-22,6871374,2019-03-07 22:10:32,LTC,0.46597212,0.0,0.00000004,LTC,12463851.453636363,2.2284625547943e-10,1.18162429,252
1,[],28,[],2019-03-07 22:10:33,3494880.767,0.00000037,0.000000000014367322,6871375,2019-03-07 22:10:33,btc,164734.2564955869,325199.9819,0.00000037,btc,2916268.6607,0.0,0.6700312518,256
1,[],22,[],2019-03-07 22:10:37,1290561.0,0.00000003,0.0000000000011649180000000001,6871376,2019-03-07 22:10:37,BTC,31.45799429,0.0,0.00000003,BTC,719270.3791200279,6.5e-07,0.01764975,258
1,[],22,[],2019-03-07 22:10:51,48751.0,0.00000001,0.000000000000388306,6871377,2019-03-07 22:10:51,BTC,2.4175745,0.0,0.00000001,BTC,1762.0,0.0,0.00048751,259
1,[],5,[],2019-03-07 22:10:54,0.0,0,0,6871378,2019-03-07 22:10:54,btc,0.0,0.16801327,0,btc,0.0,0.0,0.0,264
1,[],20,[],2019-03-07 22:10:56,1252654.3271,0.00000191,0.000000000074166446,6871379,2019-03-07 22:10:56,btc,7.4738929906678,77878.4627,0.00000191,btc,108532.3467,0.1627337303445,0.0182940522757,264
0,[],22,[],2019-03-07 22:10:58,0.0,0,0,6871380,2019-03-07 22:10:58,,8.45833143,0.0,0,,464287.34411321935,0.0,0.0,271
0,[],22,[],2019-03-07 22:11:01,0.0,0,0,6871381,2019-03-07 22:11:01,,266.25196304,0.0,0,,13937792667.692,0.0,0.0,272
0.0000000000000052,[],28,[],2019-03-07 22:11:07,243197203537.905,4.888e-21,1.898039728e-25,6871382,2019-03-07 22:11:07,doge,37029427.42233569,11490136410.0,0.00000094,doge,242076110499.0003,0.0,7.241572495031298e-10,272
1,[],22,[],2019-03-07 22:11:27,183116.74,0.0000009,0.00000000003494754,6871383,2019-03-07 22:11:27,BTC,74.45437649,0.0,0.0000009,"BTC,LTC",33883.48778575859,0.011383,0.05409162,281
1,[],22,[],2019-03-07 22:11:31,135073.4858299595,0.0000003,0.00000000001164918,6871384,2019-03-07 22:11:31,BTC,0.49815494,0.0,0.0000003,BTC,109642.3269231566,0.06521041,0.01750672,286
0,[],22,[],2019-03-07 22:11:33,0.0,0,0,6871385,2019-03-07 22:11:33,,43638.74003002,0.0,0,,691637845.0,0.0,0.0,294
