pairValue,buyBook,exchangeId,sellBook,updated,buyTotal,satoshiPrice,usdPrice,exchangeLogId,created,bestPair,sellTotalBtc,volume,pairPrice,activePairs,sellTotal,volumeBtc,buyTotalBtc,coinId
1,[],3,[],2019-05-27 08:14:02,351.568035777526,0.0102540300000000007829559223182513960637152194976806640625,0.0000008921785406280001,7693913,2019-05-27 08:14:02,btc,33.80331273224101,63.0878130188,0.0102540300000000007829559223182513960637152194976806640625,btc,26.25135689737,0.0,0.2486504789270872,1
1,[],4,[],2019-05-27 08:14:04,207674.74226551,0.01067830,0.0000009290932550800001,7693914,2019-05-27 08:14:04,btc,8.329733740549628,0.0,0.01067830,btc,357.88167986,1.12028508,0.5150156854276268,1
1,[],5,[],2019-05-27 08:14:07,0.0,0,0,7693915,2019-05-27 08:14:07,btc,0.0,0.04866716,0,btc,0.0,0.0,0.0,1
1,[],10,[],2019-05-27 08:14:11,225844.9804795,0.00757061,0.000000658700606636,7693916,2019-05-27 08:14:11,btc,6521.7611203148645,1946.52548183,0.00757061,btc,1325.65930008,0.0,2.4103686347344118,1
1,[],12,[],2019-05-27 08:14:14,75.78636234,0.01077999999999999965194508178001342457719147205352783203125,0.000000937941928,7693917,2019-05-27 08:14:14,btc,0.2291444466371,0.0,0.01077999999999999965194508178001342457719147205352783203125,btc,20.15892383,0.397808548178,0.2905552690148,1
1,[],20,[],2019-05-27 08:14:16,973.4729,0.01026285,0.00000089294594766,7693918,2019-05-27 08:14:16,btc,0.5037388189145,0.0889,0.01026285,btc,41.7488,0.001012358529,0.1101284540359,1
1,[],21,[],2019-05-27 08:14:18,1865.88871114,0.01082030999999999965055508255,0.000000941449204356,7693919,2019-05-27 08:14:18,btc,10.826873531806225,2962.8049861599998,0.010820309999999999650555082553182728588581085205078125,"btc,eth",1476.78390738,27.348016414348,16.74338126077831,1
1,[],22,[],2019-05-27 08:14:21,0.0025666666666666667,0.00900000,0.0000007830684,7693920,2019-05-27 08:14:21,BTC,0.31629903,0.0,0.00900000,BTC,0.2505752479991019,0.0,2.31e-05,1
1,[],24,[],2019-05-27 08:14:22,0.0,0.000000000000,0,7693921,2019-05-27 08:14:22,btc,0.0,0.0,0.000000000000,btc,0.0,0.0,0.0,1
0.0,[],25,[],2019-05-27 08:14:23,0.0,0,0,7693922,2019-05-27 08:14:23,btc,41.749999998730466,4660.4069027,0.0,btc,3774.49965672,49.995,0.0,1
1,[],26,[],2019-05-27 08:14:24,0.0,0,0,7693923,2019-05-27 08:14:24,,0.0,0.0,0,,0.0,0.0,0.0,1
0,[],28,[],2019-05-27 08:15:13,0.0,0,0,7693924,2019-05-27 08:15:13,,0.0,366008.65,0,,0.0,0.0,0.0,1
0,[],2,[],2019-01-20 23:28:45,0.0,0,0,6477011,2019-01-20 23:28:45,,0.0,0.0,0,,0.0,0.0,0.0,1
1,[],5,[],2019-05-27 08:15:15,0.0,0,0,7693925,2019-05-27 08:15:15,btc,0.0,0.00112297,0,btc,0.0,0.0,0.0,2
1,[],22,[],2019-05-27 08:15:18,11638.0,0.0000002,0.00000000001740152,7693926,2019-05-27 08:15:18,BTC,21.00897301,0.0,0.0000002,"BTC,XMR",20678.87287795317,0.0,0.00145435,2
1,[],5,[],2019-05-27 08:15:20,0.0,0,0,7693927,2019-05-27 08:15:20,btc,0.0,0.01663111,0,btc,0.0,0.0,0.0,3
1,[],12,[],2019-05-27 08:15:21,2781758.69583,0.000000105,0.000000000009135798000000001,7693928,2019-05-27 08:15:21,btc,4688.20293544625,0.0,0.000000105,btc,3282748.3265576,0.019286444368,0.19414567306215,3
0,[],28,[],2019-05-27 08:15:23,0.0,0,0,7693929,2019-05-27 08:15:23,,0.0,0.0,0,,0.0,0.0,0.0,3
0,[],2,[],2019-01-20 23:31:32,0.0,0,0,6477077,2019-01-20 23:31:32,,0.0,0.0,0,,0.0,0.0,0.0,4
1,[],4,[],2019-05-18 21:29:50,562734.9206932,0.00000010,0.000000000007298720000000001,7650946,2019-05-18 21:29:50,btc,41.9347137769675,0.0,0.00000010,btc,1123702.32192634,0.00052462,0.029254593370966,4
0,[],12,[],2019-05-27 07:07:39,0.0,0,0,7693608,2019-05-27 07:07:39,btc,0.40767300499500503,0.0,0,btc,1036053.4995005,0.0,0.0,5
0,[],2,[],2019-01-20 23:31:51,0.0,0,0,6477087,2019-01-20 23:31:51,,0.0,0.0,0,,0.0,0.0,0.0,6
1,[],11,[],2019-05-27 08:15:24,6490289.776736,0.00000002,0.0000000000017401520000000002,7693930,2019-05-27 08:15:24,btc,9578.937510718548,956000.0,0.00000002,btc,66005221.06531829,0.0,0.07817137276736,6
1,[],3,[],2019-05-27 08:15:25,13620.915144113791,0.0000888800000000000028389790518446034184307791292667388916015625,0.000000007733235488000001,7693931,2019-05-27 08:15:25,btc,0.045198841632097635,176.533509258,0.0000888800000000000028389790518446034184307791292667388916015625,btc,163.45383294376398,0.0,0.026473996477916983,7
1,[],4,[],2019-05-27 08:15:26,327622.88927344,0.00008836,0.000000007687991536,7693932,2019-05-27 08:15:26,btc,8.193884173866122,0.0,0.00008836,btc,48956.01254829,2.88293828,2.1169167632603023,7
1,[],5,[],2019-05-27 08:15:28,0.0,0,0,7693933,2019-05-27 08:15:28,btc,0.0,0.30343042,0,btc,0.0,0.0,0.0,7
1,[],20,[],2019-04-07 22:06:50,3201475.0482,0.000000001,0.000000000000051590000000000004,7213932,2019-04-07 22:06:50,btc,30.8005781811902,0.0,0.000000001,btc,23077405.3926,0.0,0.0032014750482,8
0,[],2,[],2019-01-20 23:22:42,0.0,0,0,6476876,2019-01-20 23:22:42,,0.0,0.0,0,,0.0,0.0,0.0,9
0,[],23,[],2019-01-20 23:22:48,0.0,0,0,6476878,2019-01-20 23:22:48,,0.0,0.0,0,,0.0,0.0,0.0,9
1,[],4,[],2019-05-27 08:15:30,20978261.15476735,0.00000047,0.000000000040893572,7693934,2019-05-27 08:15:30,btc,3.450998417303996,0.0,0.00000047,btc,3306901.40441629,0.94440989,0.4878392433568168,9
0,[],28,[],2019-05-27 08:16:07,0.0,0,0,7693935,2019-05-27 08:16:07,,0.0,3499399.57,0,,0.0,0.0,0.0,9
1,[],1,[],2019-02-17 23:31:42,1822507.21,0.00000181000000000000003456111265232042484285557293333113193511962890625,0.000000000066086901,6701244,2019-02-17 23:31:42,btc,3.6990969245,17153386.5,0.00000181000000000000003456111265232042484285557293333113193511962890625,btc,1997391.71,31.11772986,3.2610482446,9
1,[],4,[],2019-02-17 11:22:43,4341674.27126056,0.00000002,0.0000000000007272960000000001,6696112,2019-02-17 11:22:43,btc,0.1997230937751353,0.0,0.00000002,btc,4109766.79808031,0.00215132,0.0479381022052112,10
0,[],2,[],2019-01-20 23:23:08,0.0,0,0,6476890,2019-01-20 23:23:08,,0.0,0.0,0,,0.0,0.0,0.0,12
1,[],4,[],2019-05-27 08:16:08,7667696.60402081,0.00000048,0.000000000041763648,7693936,2019-05-27 08:16:08,btc,4.803267485559031,0.0,0.00000048,btc,5019646.53916452,1.52794681,1.383576812740263,12
1,[],5,[],2019-05-27 08:16:11,0.0,0,0,7693937,2019-05-27 08:16:11,btc,0.0,0.36929122,0,btc,0.0,0.0,0.0,12
0.0,[],25,[],2019-05-27 08:16:13,0.0,0,0,7693938,2019-05-27 08:16:13,,0.0,0.0,0.0,btc,0.0,0.0,0.0,12
1,[],4,[],2019-05-27 08:16:15,344740.4964836,0.00000588,0.000000000511604688,7693939,2019-05-27 08:16:15,btc,2.037977075468952,0.0,0.00000588,btc,250895.68521426,0.54491529,0.5709941715915327,13
1,[],10,[],2019-05-27 08:16:18,570831.85798473,0.00000575,0.0000000005002937,7693940,2019-05-27 08:16:18,btc,666803.2769039198,8301.23322973,0.00000575,btc,864322.75104785,0.0,0.2973295007817561,13
1,[],21,[],2019-05-27 08:16:19,1262468.40007249,0.000005869999999999999702607680896,0.000000000510734612,7693941,2019-05-27 08:16:19,btc,2.001918636387162,1183079.71846973,0.00000586999999999999970260768089591607576949172653257846832275390625,btc,300814.00700752,7.20169,5.427660408291943,13
1,[],4,[],2019-05-27 08:16:21,783691.86783684,0.00000079,0.00000000006873600400000001,7693942,2019-05-27 08:16:21,btc,4.119264189522569,0.0,0.00000079,btc,851871.54850703,0.01301838,0.0428546881338546,14
1,[],12,[],2019-05-27 08:16:22,135574.18474045,0.00000066,0.00000000005742501600000001,7693943,2019-05-27 08:16:22,btc,14.135204199597469,0.0,0.00000066,btc,21859.65080592,0.0,0.01493632999998,14
1,[],26,[],2019-05-27 08:18:23,0.0,0.00000050,0.0000000000435038,7693944,2019-05-27 08:18:23,btc,0.0,0.0,0.00000050,btc,0.0,0.0,0.0,14
0,[],17,[],2019-05-03 00:53:32,0.0,0,0,7558876,2019-05-03 00:53:32,btc,0.0,0.0,0,btc,0.0,0.0,0.0,14
0,[],4,[],2019-05-27 08:18:24,0.0,0,0,7693945,2019-05-27 08:18:24,,0.0,0.0,0,,0.0,0.0,0.0,15
,[],12,[],2018-12-01 15:15:48,204241.84496,0.00000489,0.000000000202473384,5260204,2018-12-01 15:15:48,btc,49.5475654835,0.0,,btc,35763.2193806,0.0163153972027625,0.0203389899998,15
0,[],2,[],2019-01-20 23:23:38,0.0,0,0,6476906,2019-01-20 23:23:38,,0.0,0.0,0,,0.0,0.0,0.0,18
1,[],4,[],2019-05-27 08:18:26,34584.79267068,0.00001032,0.0000000008979184320000001,7693946,2019-05-27 08:18:26,btc,0.9724532768400094,0.0,0.00001032,btc,11145.31910008,0.04393165,0.0785140974936357,18
1,[],10,[],2019-05-27 08:18:28,308701.19142884,0.00001135,0.00000000098753626,7693947,2019-05-27 08:18:28,btc,15.34991976434342,8963.72862179,0.00001135,btc,13949.79581288,0.0,0.0714080804385805,18
1,[],12,[],2019-05-27 08:18:29,6861.49971996,0.000010499999999999999418976055765018173815406044013798236846923828125,0.0000000009135798,7693948,2019-05-27 08:18:29,btc,0.11306667256842491,0.0,0.000010499999999999999418976055765018173815406044013798236846923828125,btc,1155.70089134,0.003893834201,0.0080715876759501,18
0,[],17,[],2019-05-03 00:53:39,0.0,0,0,7558882,2019-05-03 00:53:39,btc,0.0,0.0,0,btc,0.0,0.0,0.0,18
0,[],2,[],2019-01-20 23:24:19,0.0,0,0,6476924,2019-01-20 23:24:19,,0.0,0.0,0,,0.0,0.0,0.0,19
1,[],3,[],2019-05-27 08:20:30,158008.38172324077,0.000008139999999999999991638632845791789804934523999691009521484375,0.000000000708241864,7693949,2019-05-27 08:20:30,btc,0.1479563098281884,3754.77071591,0.000008139999999999999991638632845791789804934523999691009521484375,btc,3998.3671295043778,0.0,0.0487503571436136,19
1,[],4,[],2019-05-27 08:20:31,617954.75785299,0.00000831,0.0000000007230331560000001,7693950,2019-05-27 08:20:31,btc,3.7860603280658207,0.0,0.00000831,btc,164057.0224291,0.56462505,0.8439135450127212,19
1,[],5,[],2019-05-27 08:20:32,0.0,0,0,7693951,2019-05-27 08:20:32,btc,0.0,0.0,0,btc,0.0,0.0,0.0,19
1,[],12,[],2019-05-27 08:20:33,15459.009756,0.000007109999999999999688846986922730053493069135583937168121337890625,0.000000000618624036,7693952,2019-05-27 08:20:33,btc,0.0577935105396811,0.0,0.000007109999999999999688846986922730053493069135583937168121337890625,btc,2080.17136297,0.00236618,0.0284661899997138,19
0,[],27,[],2019-05-27 08:20:41,0.0,0,0,7693953,2019-05-27 08:20:41,,0.0,0.0,0,btc,0.0,0.0,0.0,19
1,[],4,[],2019-05-27 08:20:42,10228410.21811859,0.00000007,0.000000000006090532,7693954,2019-05-27 08:20:42,btc,6.4307072950777595,0.0,0.00000007,btc,2332215.60836933,0.0,0.1274738176872813,20
1,[],4,[],2019-05-27 08:20:43,72781483.2473748,0.00000001,0.0000000000008700760000000001,7693955,2019-05-27 08:20:43,btc,1774.7844046158937,0.0,0.00000001,btc,66471138.91973631,0.0,0.7278148324737481,21
1,[],12,[],2019-05-27 08:20:45,2434860.0,0.00000001,0.0000000000008700760000000001,7693956,2019-05-27 08:20:45,btc,1008.0168623015485,0.0,0.00000001,btc,6038338.0769230705,0.00067309,0.0243486,21
0,[],17,[],2019-05-03 00:53:51,0.0,0,0,7558891,2019-05-03 00:53:51,btc,0.0,0.0,0,btc,0.0,0.0,0.0,21
1,[],12,[],2019-05-27 08:22:46,6169212327.0,0.0000000004,0.00000000000003480304,7693957,2019-05-27 08:22:46,btc,708147254.0778875,0.0,0.0000000004,btc,2553914815.785215,0.027803899594,1.2516989424,23
0.0000000003061872,[],27,[],2019-05-27 08:22:52,101373350.77522478,9.185616e-18,7.992184026816e-22,7693958,2019-05-27 08:22:52,eth,1170.9268121408,1640951960.5874128,0.00000003,eth,7660673.208,2.5121924307531214e-08,5.317933580586451e-10,23
1,[],4,[],2019-05-27 08:22:53,1839797.60837964,0.00000021,0.000000000018271596000000002,7693959,2019-05-27 08:22:53,btc,13.479707648527055,0.0,0.00000021,btc,2113288.49252825,0.01701347,0.0628847544920121,24
1,[],22,[],2019-05-27 08:22:56,21.76,0.00000100,0.0000000000870076,7693960,2019-05-27 08:22:56,BTC,7.415e-05,0.0,0.00000100,BTC,23.919354838709676,0.0,1.186e-05,24
0.0,[],25,[],2019-05-27 08:22:58,0.0,0,0,7693961,2019-05-27 08:22:58,,0.0,0.0,0.0,btc,0.0,0.0,0.0,24
1,[],4,[],2019-05-27 08:22:59,331659.65281018,0.00000419,0.00000000036456184400000004,7693962,2019-05-27 08:22:59,btc,10.194551765700515,0.0,0.00000419,btc,261111.3847861,0.1569359,0.2800195355494229,26
1,[],10,[],2019-05-27 08:23:03,159417.44893447,0.00000402,0.000000000349770552,7693963,2019-05-27 08:23:03,btc,25.508960615218385,5206.47480718,0.00000402,btc,22959.07349936,0.0,0.029794126394687,26
0,[],2,[],2019-01-20 23:25:56,0.0,0,0,6476976,2019-01-20 23:25:56,,0.0,0.0,0,,0.0,0.0,0.0,26
1,[],5,[],2019-04-26 09:47:06,0.0,0,0,7465326,2019-04-26 09:47:06,btc,0.0,0.0,0,btc,0.0,0.0,0.0,27
1,[],3,[],2019-05-27 08:23:04,10800453.60144003,0.00000001,0.0000000000008700760000000001,7693964,2019-05-27 08:23:04,btc,3.5918286910274504,5156255.03413,0.00000001,btc,26896489.61147607,0.0,0.1080045360144003,27
1,[],11,[],2019-05-27 08:23:05,1069867.58157834,0.00000001,0.0000000000008700760000000001,7693965,2019-05-27 08:23:05,btc,67503.03909773499,19676.5543251,0.00000001,btc,6639861.32608848,0.0,0.0106986758157834,27
1,[],4,[],2019-05-27 08:23:06,1182297153.6610649,0.00000001,0.0000000000008700760000000001,7693966,2019-05-27 08:23:06,btc,4.861401766180408,0.0,0.00000001,"btc,ltc",298172651.7922905,0.02322161,8.127520706513405,29
1,[],7,[],2019-05-27 08:23:07,86565332.30740812,0.00000001,0.0000000000008700760000000001,7693967,2019-05-27 08:23:07,btc,46548272.111264184,2247.75224775,0.00000001,btc,35027684.50498739,4.496e-05,0.8656533230740813,29
1,[],4,[],2019-05-27 08:23:10,15165592.27217546,0.00000006,0.000000000005220456,7693968,2019-05-27 08:23:10,btc,2.6742592265630787,0.0,0.00000006,btc,2116030.49425126,0.00363937,0.1660759159941774,30
0,[],17,[],2019-05-03 01:11:25,0.0,0,0,7559066,2019-05-03 01:11:25,btc,0.0,0.0,0,btc,0.0,0.0,0.0,30
1,[],4,[],2019-05-27 08:25:11,315327.55281737,0.00004180,0.0000000036369176800000003,7693969,2019-05-27 08:25:11,btc,3.1169510656725974,0.0,0.00004180,btc,39910.07453013,1.32319484,0.7373740861267722,31
1,[],21,[],2019-05-27 08:25:11,217353.48555934,0.00004285999999999999960633920160,0.000000003729145736,7693970,2019-05-27 08:25:11,btc,5.391142183071002,594336.37669849,0.0000428599999999999996063392015965831660651019774377346038818359375,btc,103002.37108151,24.34108453,6.659709965549631,31
0,[],2,[],2019-01-20 23:28:43,0.0,0,0,6477009,2019-01-20 23:28:43,,0.0,0.0,0,,0.0,0.0,0.0,32
0,[],4,[],2019-05-27 08:25:13,0.0,0,0,7693971,2019-05-27 08:25:13,,0.0,0.0,0,,0.0,0.0,0.0,33
1,[],12,[],2019-03-30 07:55:10,40641173.964,0.00000003,0.000000000001228359,7108785,2019-03-30 07:55:10,btc,4233210.82356125,0.0,0.00000003,btc,28378394.68333462,0.0126927883965248,0.90752895892,33
0.0000000001300496,[],4,[],2019-05-27 08:25:14,502130821.5845238,9.103471999999999e-18,7.920712503872e-22,7693972,2019-05-27 08:25:14,ltc,3.498506352810874,0.0,0.00000007,ltc,155843966.89423943,0.0,1.8340558735351073e-09,34
1,[],5,[],2019-05-27 08:25:16,0.0,0,0,7693973,2019-05-27 08:25:16,btc,0.0,5.256e-05,0,btc,0.0,0.0,0.0,34
0.0000000002926451,[],17,[],2019-05-02 18:17:47,200000.0,2.9264510000000002e-18,1.596703856561e-22,7556430,2019-05-02 18:17:47,eth,0.20942468735267253,0.0,0.00000001,"btc,eth",1018272.20243647,0.0,5.852902e-13,36
0.0000000001300496,[],4,[],2019-05-27 08:25:16,46810195.093,1.300496e-18,1.131530357696e-22,7693974,2019-05-27 08:25:16,ltc,4.731040284534937e-08,0.0,0.00000001,ltc,6852100111.610488,0.0,6.087647147766613e-11,36
1,[],5,[],2019-05-27 08:25:18,0.0,0,0,7693975,2019-05-27 08:25:18,btc,0.0,6.38e-06,0,btc,0.0,0.0,0.0,36
0.0000000003061872,[],27,[],2019-05-27 08:27:24,68641264.0,9.185616e-18,7.992184026816e-22,7693976,2019-05-27 08:27:24,eth,1670.41955568,4878901063.004001,0.00000003,"ltc,eth",4735977.0,2.9703809407156255e-08,4.25843492101632e-10,36
1,[],4,[],2019-05-27 08:27:25,10009560.80033799,0.00000018,0.000000000015661368000000002,7693977,2019-05-27 08:27:25,btc,19772.582213659523,0.0,0.00000018,btc,785340.86244527,0.00107418,0.1425970957863112,37
1,[],12,[],2019-05-27 08:27:26,4209821.33528572,0.00000019,0.000000000016531444,7693978,2019-05-27 08:27:26,btc,8.128966516719943,0.0,0.00000019,btc,829079.37695636,0.079460484905,0.1847703204442866,37
1,[],27,[],2019-05-27 08:29:32,1600.0,0.00000015,0.00000000001305114,7693979,2019-05-27 08:29:32,btc,24.11463822903233,0.0,0.00000015,btc,5792.59438508,0.0,3e-05,37
1,[],17,[],2019-05-03 01:11:36,211752.74075282,0.00000025,0.000000000013700074999999998,7559074,2019-05-03 01:11:36,btc,0.055484923955058496,0.0,0.00000025,"btc,eth",1387.19918473,0.0,0.0005381851887916605,37
1,[],5,[],2019-05-27 08:29:34,0.0,0,0,7693980,2019-05-27 08:29:34,btc,0.0,0.00426484,0,btc,0.0,0.0,0.0,42
1,[],12,[],2019-05-27 08:29:35,141062.82134971,0.000001120000000000000076372827333137660588135986472479999065399169921875,0.00000000009744851200000002,7693981,2019-05-27 08:29:35,btc,24.495624619577853,0.0,0.000001120000000000000076372827333137660588135986472479999065399169921875,btc,53570.23840597,0.011350741495,0.0514508399999626,42
1,[],27,[],2019-05-27 08:29:40,506.0,0.00000002,0.0000000000017401520000000002,7693982,2019-05-27 08:29:40,btc,0.39085425,0.0,0.00000002,"btc,eth",735.0,0.0,6.0000003216802724e-06,42
1,[],12,[],2019-03-13 09:13:29,1112112.0,0.00000001,0.000000000000386531,6919902,2019-03-13 09:13:29,btc,29058.00478931866,0.0,0.00000001,btc,5967681.93306694,9.99000999e-07,0.01112112,43
1,[],5,[],2019-04-26 22:38:52,0.0,0,0,7474154,2019-04-26 22:38:52,btc,0.0,0.02638891,0,btc,0.0,0.0,0.0,43
0,[],17,[],2019-04-26 22:38:53,0.0,0,0,7474155,2019-04-26 22:38:53,btc,0.0,0.0,0,btc,0.0,0.0,0.0,43
1,[],12,[],2019-03-05 01:54:08,639326.02,0.00000004,0.000000000001486676,6845775,2019-03-05 01:54:08,btc,11116042.728239931,0.0,0.00000004,btc,1103841.4595604,0.0003330765234764,0.014975410599999999,44
1,[],4,[],2019-05-27 08:29:41,115127568.6371562,0.00000001,0.0000000000008700760000000001,7693983,2019-05-27 08:29:41,btc,291324.2229575351,0.0,0.00000001,"btc,ltc",27127127.53262538,0.00233249,0.09042942840960508,49
0.0000000001300496,[],4,[],2019-05-27 08:29:42,142303059.41393223,3.3812896e-17,2.9419789300096e-21,7693984,2019-05-27 08:29:42,ltc,22050.152072990644,0.0,0.00000026,ltc,157950030.1726567,0.00010884,8.171889231141227e-10,52
0,[],22,[],2019-05-27 08:29:45,0.0,0,0,7693985,2019-05-27 08:29:45,,10289.55991011,0.0,0,,308568058.4566013,0.0,0.0,57
0,[],27,[],2019-05-27 08:29:49,0.0,0,0,7693986,2019-05-27 08:29:49,,0.0,0.0,0,"btc,eth",0.0,0.0,0.0,57
0.0000000001300496,[],4,[],2019-05-27 08:29:50,2721265703.046031,1.300496e-18,1.131530357696e-22,7693987,2019-05-27 08:29:50,ltc,19.263871335166623,0.0,0.00000001,ltc,5768380386.228598,0.0,3.5389951617485513e-09,58
1,[],12,[],2019-05-27 08:29:51,777294076.0,0.0000000001,0.00000000000000870076,7693988,2019-05-27 08:29:51,btc,2038065.149855131,0.0,0.0000000001,btc,2390512406.828172,0.000488686234,0.07772940760000001,58
0.0000000001083671,[],22,[],2019-05-27 08:31:55,126877.0,1.083671e-18,9.428761289960001e-23,7693989,2019-05-27 08:31:55,XMR,68.17454206,0.0,0.00000001,XMR,9626402.6,0.0,0.00126877,58
1,[],17,[],2019-05-03 01:12:09,1200000.0,0.0000000001,0.00000000000000548003,7559085,2019-05-03 01:12:09,btc,1e+24,0.0,0.0000000001,"btc,eth",39516342.31952568,0.0,0.00010000000058666061,58
1,[],5,[],2019-05-27 08:31:56,0.0,0,0,7693990,2019-05-27 08:31:56,btc,0.0,0.01987476,0,btc,0.0,0.0,0.0,61
1,[],22,[],2019-05-27 08:31:59,13613.833333333334,0.00000012,0.000000000010440912,7693991,2019-05-27 08:31:59,BTC,1002.29590883,0.0,0.00000012,BTC,15092.180177125656,0.0,0.00153269,61
1,[],26,[],2019-05-27 08:31:59,0.0,0.00000050,0.0000000000435038,7693992,2019-05-27 08:31:59,btc,0.0,0.0,0.00000050,btc,0.0,0.0,0.0,61
1,[],27,[],2019-05-27 08:32:06,13712.0,0.0000002,0.00000000001740152,7693993,2019-05-27 08:32:06,btc,1.9582485601246655,747.001,0.0000002,"btc,eth",11379.41563696,0.00717121,0.00252178,61
0,[],28,[],2019-05-27 08:32:53,0.0,0,0,7693994,2019-05-27 08:32:53,,0.0,783.0,0,,0.0,0.0,0.0,61
1,[],4,[],2019-05-27 08:32:54,1073115.36787049,0.00000080,0.00000000006960608,7693995,2019-05-27 08:32:54,btc,2.6337910513076217,0.0,0.00000080,btc,877570.42683349,0.03741425,0.6365131147470919,67
0.0,[],25,[],2019-05-27 08:32:56,0.0,0,0,7693996,2019-05-27 08:32:56,,0.0,0.0,0.0,btc,0.0,0.0,0.0,67
1,[],12,[],2019-05-27 08:32:58,806136.0,0.00000006,0.000000000005220456,7693997,2019-05-27 08:32:58,btc,5.169922684485513,0.0,0.00000006,btc,766889.17582416,5.904e-05,0.01733805,71
,[],5,[],2018-11-20 23:02:39,1.5e-07,0.00000005,0.000000000002128045,4862160,2018-11-20 23:02:39,btc,2.84511358,0.0,,btc,0.00036572,0.0,0.07381892,74
1,[],5,[],2019-05-27 08:32:59,0.0,0,0,7693998,2019-05-27 08:32:59,btc,0.0,0.06558532,0,btc,0.0,0.0,0.0,75
0,[],4,[],2019-05-25 21:33:44,0.0,0,0,7686249,2019-05-25 21:33:44,,133656.37989170782,0.0,0,,33439209.5909442,0.0,0.0,81
0,[],20,[],2019-01-25 09:30:31,0.0,0,0,6495923,2019-01-25 09:30:31,btc,0.0,0.0,0,btc,0.0,0.0,0.0,81
1,[],4,[],2019-05-27 08:33:00,25039.6802624,0.00006347,0.000000005522372372,7693999,2019-05-27 08:33:00,btc,18.240011203720545,0.0,0.00006347,btc,21524.9525005,0.21691644,0.1585534948248079,82
1,[],21,[],2019-05-27 08:33:01,79832.01538477,0.00007530000000000000072181843835,0.000000006551672280000001,7694000,2019-05-27 08:33:01,btc,2.6471947506539077,40279.45860617,0.000075300000000000000721818438353949431984801776707172393798828125,btc,30326.65863743,2.86673445,2.954869352341489,82
0,[],17,[],2019-03-25 22:42:34,0.0,0,0,7038780,2019-03-25 22:42:34,btc,0.0445064681804024,0.0,0,btc,995513.18476001,0.0,0.0,84
0.0000000001161485,[],4,[],2019-05-20 13:09:39,216715621.0206096,1.161485e-18,9.0533806701e-23,7657228,2019-05-20 13:09:39,ltc,1.6511566870244727,0.0,0.00000001,ltc,471032407.9048656,0.0,2.5171194308112273e-10,85
,[],22,[],2018-11-20 23:09:34,3408.1,0.0000001,0.0000000000041895,4862324,2018-11-20 23:09:34,BTC,0.04624735,0.0,,BTC,4990.0,0.0,0.00033081,86
1,[],22,[],2019-05-27 08:33:05,65156.0,0.00000001,0.0000000000008700760000000001,7694001,2019-05-27 08:33:05,BTC,1.45608405,0.0,0.00000001,BTC,314587.29736842104,0.0,0.00065156,87
0,[],27,[],2019-05-27 08:33:12,0.0,0,0,7694002,2019-05-27 08:33:12,,4.962566382816,0.0,0,btc,66120.49241,0.0,0.0,87
,[],2,[],2018-11-20 23:10:47,0.0,0,0,4862359,2018-11-20 23:10:47,,0.0,0.0,,,0.0,0.0,0.0,88
1,[],11,[],2019-05-27 08:33:14,58971.96484724,0.000083049999999999999365264680140086284154676832258701324462890625,0.000000007225981180000001,7694003,2019-05-27 08:33:14,btc,184.3603910122845,4826.08172604,0.000083049999999999999365264680140086284154676832258701324462890625,btc,225588.33417184,0.0,2.8480795993685417,89
0,[],2,[],2019-01-20 23:31:45,0.0,0,0,6477083,2019-01-20 23:31:45,,0.0,0.0,0,,0.0,0.0,0.0,91
1,[],12,[],2019-05-27 08:33:15,368906.06860995,0.0000004,0.00000000003480304,7694004,2019-05-27 08:33:15,btc,87.64476312147775,0.0,0.0000004,btc,109459.6216117,0.005806233237,0.0298742719999859,91
1,[],22,[],2019-05-27 08:35:18,75910.55,0.0000002,0.00000000001740152,7694005,2019-05-27 08:35:18,BTC,0.495,0.0,0.0000002,"BTC,LTC",4.95,0.0,0.00165931,91
0,[],17,[],2019-05-03 01:12:26,0.0,0,0,7559096,2019-05-03 01:12:26,btc,0.0,0.0,0,btc,0.0,0.0,0.0,91
1,[],22,[],2019-04-09 20:17:52,374949.73333333334,0.00000015,0.000000000007771935,7235704,2019-04-09 20:17:52,BTC,6.87372503,0.0,0.00000015,"BTC,LTC",159980.01196797504,1.1e-05,0.80510266,95
0.0000000001300496,[],4,[],2019-05-27 08:35:19,541145350.2140294,3.7714384e-17,3.2814380373184e-21,7694006,2019-05-27 08:35:19,ltc,11.604971293778595,0.0,0.00000029,ltc,174433418.92063144,0.0,8.574183282285749e-10,96
0,[],12,[],2019-05-27 08:35:21,0.0,0,0,7694007,2019-05-27 08:35:21,btc,10.433545760379621,0.0,0,btc,7434340.03796204,3.0969e-07,0.0,96
0,[],17,[],2019-05-03 01:12:32,0.0,0,0,7559100,2019-05-03 01:12:32,btc,0.0,0.0,0,btc,0.0,0.0,0.0,96
1,[],4,[],2019-04-14 03:32:46,1039404.33283278,0.00000038,0.000000000019245518,7293458,2019-04-14 03:32:46,btc,4.170086055365747,0.0,0.00000038,btc,3097704.34561074,0.06260606,0.1859928211030784,99
1,[],4,[],2019-05-27 08:04:23,219410.53643666,0.00001851,0.000000001616894775,7693847,2019-05-27 08:04:23,btc,7.148879979878542,0.0,0.00001851,btc,142866.28772401,0.74847511,0.3331169204204563,100
0,[],2,[],2019-01-20 23:23:55,0.0,0,0,6476914,2019-01-20 23:23:55,,0.0,0.0,0,,0.0,0.0,0.0,100
1,[],22,[],2019-05-27 08:04:27,150000.0,0.00000002,0.0000000000017470500000000001,7693848,2019-05-27 08:04:27,BTC,24.83526409,0.0,0.00000002,BTC,11187.719,0.0,0.0017,101
1,[],4,[],2019-05-27 08:04:28,554784.72123541,0.00000160,0.000000000139764,7693849,2019-05-27 08:04:28,btc,362.7496803520347,0.0,0.00000160,btc,635692.85931179,0.03376518,0.1994556849117739,103
1,[],12,[],2019-05-27 08:04:29,138642707.04047254,0.000000004,0.00000000000034941,7693850,2019-05-27 08:04:29,btc,2374.4505399632435,0.0,0.000000004,btc,56609254.64261737,0.001651022641,0.16512915916189022,105
0,[],27,[],2019-05-27 08:04:39,0.0,0,0,7693851,2019-05-27 08:04:39,,0.2583801973531397,300.0,0,btc,612120.85947933,3e-06,0.0,105
1,[],22,[],2019-04-21 00:17:26,21333.0,0.00000001,0.000000000000532493,7385819,2019-04-21 00:17:26,BTC,51.38182867,0.0,0.00000001,BTC,470435.0,0.0,0.00021333,107
1,[],26,[],2019-04-21 00:17:26,0.0,0.00000000,0,7385820,2019-04-21 00:17:26,btc,0.0,0.0,0.00000000,btc,0.0,0.0,0.0,107
1,[],5,[],2019-05-27 08:04:40,0.0,0,0,7693852,2019-05-27 08:04:40,btc,0.0,0.0001,0,btc,0.0,0.0,0.0,112
0,[],22,[],2019-05-27 08:04:42,0.0,0,0,7693853,2019-05-27 08:04:42,,2.79635781,0.0,0,,3274992.0833333335,0.0,0.0,112
1,[],27,[],2019-05-27 08:04:52,1.0,0.00000001,0.0000000000008735250000000001,7693854,2019-05-27 08:04:52,btc,1.15032588,0.0,0.00000001,"btc,eth",1818.0,0.0,1e-08,112
1,[],4,[],2019-05-27 08:04:54,180596.90965767,0.00000085,0.000000000074249625,7693855,2019-05-27 08:04:54,btc,5.029595663869441,0.0,0.00000085,btc,586134.04682948,0.07153364,0.0976274260541999,113
1,[],5,[],2019-05-27 08:04:55,0.0,0,0,7693856,2019-05-27 08:04:55,btc,0.0,0.0,0,btc,0.0,0.0,0.0,113
1,[],17,[],2019-04-26 02:17:47,162738.278,0.00000004,0.0000000000021069000000000002,7461287,2019-04-26 02:17:47,btc,1.3331140273775473,0.0,0.00000004,btc,51796.221,0.0,0.00230953112,116
1,[],27,[],2019-05-22 05:13:01,210000.0,0.00000001,0.00000000000079145,7666372,2019-05-22 05:13:01,btc,3919.0005001478,0.0,0.00000001,btc,128660.871,0.0,0.0021,116
1,[],4,[],2019-05-21 22:31:11,138169.03963019,0.00000701,0.000000000558364025,7664793,2019-05-21 22:31:11,btc,150.95388250938234,0.0,0.00000701,btc,344631.17141974,0.07552974,0.4288357684941946,120
1,[],7,[],2019-05-21 22:31:12,3901.07750076,0.000010679999999999999389654892212320191902108490467071533203125,0.0000000008506887,7664794,2019-05-21 22:31:12,btc,231188.94669936574,0.0,0.000010679999999999999389654892212320191902108490467071533203125,btc,4133.83151364,0.0,0.0113888422364489,120
1,[],20,[],2019-04-07 18:42:29,1914137.0852,0.000000035,0.0000000000017871910000000002,7211992,2019-04-07 18:42:29,btc,32.2497668025648,25528.85,0.000000035,btc,1001975.4986,0.00089350975,0.0152723574729,125
1,[],22,[],2019-05-27 08:05:00,10000.0,0.00000001,0.0000000000008735250000000001,7693857,2019-05-27 08:05:00,BTC,0.032061,0.0,0.00000001,BTC,299316.7611111111,0.0,0.0001,126
1,[],4,[],2019-05-27 08:05:02,183981.15532811,0.00000600,0.000000000524115,7693858,2019-05-27 08:05:02,btc,3.556501249506308,0.0,0.00000600,btc,173408.7796713,0.18522066,0.4988690676709723,131
0,[],2,[],2019-01-20 23:25:46,0.0,0,0,6476969,2019-01-20 23:25:46,,0.0,0.0,0,,0.0,0.0,0.0,131
1,[],17,[],2019-05-03 01:13:10,10000.0,0.00000001,0.000000000000548003,7559115,2019-05-03 01:13:10,btc,0.0953976503951408,0.0,0.00000001,btc,5037.62507334,0.0,0.0001,131
1,[],4,[],2019-05-27 08:07:03,4719.85569348,0.00007919,0.000000006917444475,7693859,2019-05-27 08:07:03,btc,5.043695945065454,0.0,0.00007919,btc,247.17378338,0.0,0.0067732248094998,135
1,[],3,[],2019-05-27 08:07:04,433141.0025,0.00000001,0.0000000000008735250000000001,7693860,2019-05-27 08:07:04,btc,0.2186883925269629,1001168.8208,0.00000001,btc,1859371.474937,0.0,0.004331410025,136
1,[],4,[],2019-05-27 08:07:06,2405874.4604077,0.00000199,0.00000000017383147500000001,7693861,2019-05-27 08:07:06,btc,107.30293809324968,0.0,0.00000199,btc,476625.27712176,0.03088647,0.6968221621147992,137
1,[],12,[],2019-05-27 08:07:07,77482.36385487,0.00000216000000000000007166251099477438657459060777910053730010986328125,0.00000000018868140000000002,7693862,2019-05-27 08:07:07,btc,57.77750176195783,0.0,0.00000216000000000000007166251099477438657459060777910053730010986328125,btc,48260.81344692,0.002439903846,0.0188719199999312,137
1,[],4,[],2019-05-27 08:07:08,106867.25537831,0.00001550,0.0000000013539637500000001,7693863,2019-05-27 08:07:08,btc,9.295073814738142,0.0,0.00001550,btc,132529.22546305,1.25917747,1.1098036534849542,142
1,[],5,[],2019-05-27 08:07:11,0.0,0,0,7693864,2019-05-27 08:07:11,btc,0.0,0.01918536,0,btc,0.0,0.0,0.0,142
1,[],22,[],2019-05-27 08:09:17,11028.645,0.00001000,0.000000000873525,7693865,2019-05-27 08:09:17,BTC,3.2754788,0.0,0.00001000,BTC,1133.9993657797618,0.0,0.00745365,142
0.0,[],25,[],2019-05-27 08:09:18,0.0,0,0,7693866,2019-05-27 08:09:18,,0.0,0.0,0.0,btc,0.0,0.0,0.0,142
0,[],28,[],2019-05-27 08:09:21,0.0,0,0,7693867,2019-05-27 08:09:21,,0.0,0.0,0,,0.0,0.0,0.0,142
1,[],20,[],2019-05-27 07:33:46,209167.0538,0.00001425,0.00000000124216395,7693704,2019-05-27 07:33:46,btc,1.6069926175994,4.98,0.00001425,btc,9788.8796,7.47e-05,0.022949377868,142
1,[],17,[],2019-05-03 01:13:16,32967.38636364,0.00000088,0.000000000048224264,7559122,2019-05-03 01:13:16,btc,20.06976206696776,0.0,0.00000088,btc,2746.079105,0.0,0.0105613000000032,142
0,[],22,[],2019-05-27 08:09:24,0.0,0,0,7693868,2019-05-27 08:09:24,,65.51518676,0.0,0,,839924755.3,0.0,0.0,143
0,[],22,[],2019-02-25 15:42:22,0.0,0,0,6783783,2019-02-25 15:42:22,,4.2131946,0.0,0,,2322156.0,0.0,0.0,146
,[],22,[],2018-11-20 23:01:11,0.0,0,0,4862114,2018-11-20 23:01:11,,2.56807021,0.0,,,61828.4988236,0.0,0.0,147
1,[],12,[],2019-04-21 06:38:04,193091.5971266,0.00000071,0.000000000037635183,7388679,2019-04-21 06:38:04,btc,2.301232411611175,0.0,0.00000071,btc,9957.48302385,0.00023528,0.0313308199999888,148
1,[],4,[],2019-03-19 21:31:25,255810.0415942,0.00000029,0.000000000011615747,6982695,2019-03-19 21:31:25,btc,218.94922712414143,0.0,0.00000029,btc,793529.37642722,0.00117,0.0608347789473395,152
0,[],22,[],2019-03-19 21:31:27,0.0,0,0,6982696,2019-03-19 21:31:27,,0.0,0.0,0,,0.0,0.0,0.0,152
1,[],5,[],2019-04-26 09:36:59,0.0,0,0,7465040,2019-04-26 09:36:59,btc,0.0,0.0,0,btc,0.0,0.0,0.0,153
,[],16,[],2019-01-11 15:38:59,0.0,0,0,6366141,2019-01-11 15:38:59,btc,0.0,0.0,,btc,0.0,0.0,0.0,155
0,[],22,[],2019-05-27 08:09:28,0.0,0,0,7693869,2019-05-27 08:09:28,,7.44455324,0.0,0,,5955762.942592593,0.0,0.0,156
0,[],23,[],2019-01-20 23:24:29,0.0,0,0,6476932,2019-01-20 23:24:29,,0.0,0.0,0,,0.0,0.0,0.0,156
1,[],22,[],2019-05-27 08:09:34,7066.0,0.00000800,0.00000000069882,7693870,2019-05-27 08:09:34,BTC,1.79802465,0.0,0.00000800,BTC,802.6461988741639,0.0,0.00062996,157
0,[],22,[],2019-05-21 23:40:32,0.0,0,0,7665049,2019-05-21 23:40:32,,50234.60468402,0.0,0,,54786159.03179465,0.0,0.0,158
,[],17,[],2018-11-20 22:56:10,0.0,0,0,4861976,2018-11-20 22:56:10,btc,1.1265625,0.0,,btc,1000.0,0.0,0.0,159
,[],20,[],2018-11-20 22:56:12,0.0,0,0,4861977,2018-11-20 22:56:12,btc,11912.7940471,0.0,,btc,34413894.3617,0.0,0.0,159
1,[],12,[],2019-05-24 02:51:20,9178.522006449999,0.00000191999999999999982841307998027158276954651228152215480804443359375,0.000000000151222656,7676256,2019-05-24 02:51:20,btc,149.80414728631675,0.0,0.00000191999999999999982841307998027158276954651228152215480804443359375,btc,1115.7451448499999,0.01783167678326,0.0120075778999181,168
1,[],17,[],2019-05-03 01:13:36,42852.0,0.00000002,0.000000000001096006,7559132,2019-05-03 01:13:36,btc,0.04279856251542,0.0,0.00000002,btc,274.46171372,0.0,0.00052852,168
1,[],22,[],2019-05-17 03:01:52,10.0,0.00000001,0.000000000000778341,7642059,2019-05-17 03:01:52,BTC,41.95893009,0.0,0.00000001,BTC,1753972.7737547632,0.0,1e-07,169
1,[],22,[],2019-05-27 08:09:38,203664.0,0.00000002,0.0000000000017470500000000001,7693871,2019-05-27 08:09:38,BTC,27.86391449,0.0,0.00000002,BTC,461410.9785507793,0.0,0.00213428,171
1,[],22,[],2019-05-27 08:09:43,494339.0,0.00000002,0.0000000000017470500000000001,7693872,2019-05-27 08:09:43,BTC,24.411256,0.0,0.00000002,"BTC,LTC",1165611.8364505093,1.062e-05,0.00547408,173
1,[],5,[],2019-05-27 08:09:45,0.0,0,0,7693873,2019-05-27 08:09:45,btc,0.0,0.01366865,0,btc,0.0,0.0,0.0,175
1,[],22,[],2019-05-27 08:09:48,90671.0,0.00000001,0.0000000000008735250000000001,7693874,2019-05-27 08:09:48,BTC,394.35459412,0.0,0.00000001,BTC,136275.61833431243,0.0,0.00090671,176
1,[],7,[],2019-05-27 08:09:51,0.0,0,0,7693875,2019-05-27 08:09:51,btc,522274.26978567924,260553.446553,0,btc,28196921.909312557,0.00260553,0.0,178
0,[],22,[],2019-05-27 08:09:53,0.0,0,0,7693876,2019-05-27 08:09:53,,1.00242428,0.0,0,,57512.0,0.0,0.0,178
0,[],2,[],2019-01-20 23:28:34,0.0,0,0,6477001,2019-01-20 23:28:34,,0.0,0.0,0,,0.0,0.0,0.0,178
1,[],5,[],2019-05-27 08:09:54,0.0,0,0,7693877,2019-05-27 08:09:54,btc,0.0,0.03513298,0,btc,0.0,0.0,0.0,179
0,[],22,[],2019-05-27 08:09:57,0.0,0,0,7693878,2019-05-27 08:09:57,,5.31437491,0.0,0,,13411089.311946675,0.0,0.0,179
0,[],23,[],2019-01-20 23:25:08,0.0,0,0,6476952,2019-01-20 23:25:08,,0.0,0.0,0,,0.0,0.0,0.0,179
1,[],22,[],2019-05-27 08:12:01,663581.0612270471,0.00000102,0.00000000008909955,7693879,2019-05-27 08:12:01,BTC,39.29228913,0.0,0.00000102,"BTC,LTC",153457.2551323854,0.00793013,0.56203997,180
1,[],26,[],2019-05-27 08:12:03,0.0,0.00000010,0.00000000000873525,7693880,2019-05-27 08:12:03,btc,0.0,0.0,0.00000010,btc,0.0,0.0,0.0,180
1,[],17,[],2019-05-03 01:13:56,20504.725000000002,0.0000001,0.00000000000548003,7559141,2019-05-03 01:13:56,btc,5.2010695838400265,0.0,0.0000001,btc,5033.45945,0.0,0.0011504725,180
,[],7,[],2018-11-20 22:58:01,562227.975654,0.00000085,0.000000000036176765,4862015,2018-11-20 22:58:01,btc,21836.6059674,2491.87645172,,btc,749999.041456,0.00211021,0.127565380455,183
,[],5,[],2019-01-10 08:11:41,0.0,0,0,6347036,2019-01-10 08:11:41,btc,82.15055501,0.00261,,btc,1.19002445,0.0,0.0,187
,[],17,[],2018-11-16 20:58:10,4062536.27273,0.00000001,0.000000000000550501,4708775,2018-11-16 20:58:10,btc,3.36492563466,0.195460381006,,"btc,eth",110697919.549,0.0,0.0157628953496,187
1,[],24,[],2019-05-22 21:04:52,0.0,0.000000000014,0.0000000000000010960978,7670219,2019-05-22 21:04:52,btc,0.0,0.0,0.000000000014,btc,0.0,0.0,0.0,187
0,[],22,[],2019-04-25 02:54:07,0.0,0,0,7447896,2019-04-25 02:54:07,,7.54794454,0.0,0,,76361.7243344055,0.0,0.0,191
0,[],22,[],2019-05-27 08:12:07,0.0,0,0,7693881,2019-05-27 08:12:07,,0.0,0.0,0,,0.0,0.0,0.0,197
0,[],23,[],2019-01-20 23:31:41,0.0,0,0,6477079,2019-01-20 23:31:41,,0.0,0.0,0,,0.0,0.0,0.0,199
0,[],22,[],2019-05-27 08:12:10,0.0,0,0,7693882,2019-05-27 08:12:10,,10.5548544,0.0,0,,99290037.0,0.0,0.0,199
1,[],26,[],2019-05-27 08:12:10,0.0,0.00000000,0,7693883,2019-05-27 08:12:10,btc,0.0,0.0,0.00000000,btc,0.0,0.0,0.0,199
0,[],2,[],2019-01-20 23:30:49,0.0,0,0,6477059,2019-01-20 23:30:49,,0.0,0.0,0,,0.0,0.0,0.0,201
1,[],4,[],2019-01-25 15:51:35,2084389.58565343,0.00000936,0.000000000333526752,6499557,2019-01-25 15:51:35,btc,2.0092503037378524,0.0,0.00000936,btc,160195.80207885,0.19272417,1.242687955921835,211
1,[],7,[],2019-05-27 08:12:14,21814654.83088649,0.00000036,0.0000000000314469,7693884,2019-05-27 08:12:14,btc,15200499.803730512,955076.851214,0.00000036,btc,9789881.33179886,0.0,1.4656528090042509,212
1,[],5,[],2019-05-27 08:12:15,0.0,0,0,7693885,2019-05-27 08:12:15,btc,0.0,0.05997811,0,btc,0.0,0.0,0.0,213
1,[],24,[],2019-05-27 08:12:15,0.0,0.000000090000,0.000000000007861725,7693886,2019-05-27 08:12:15,btc,0.0,0.0,0.000000090000,btc,0.0,0.0,0.0,213
1,[],26,[],2019-05-27 08:12:15,0.0,0.00000040,0.000000000034941,7693887,2019-05-27 08:12:15,btc,0.0,0.0,0.00000040,btc,0.0,0.0,0.0,213
1,[],12,[],2019-01-25 02:44:32,207462.42853209,0.000001080000000000000035831255497387193287295303889550268650054931640625,0.000000000038610756000000006,6493050,2019-01-25 02:44:32,btc,85023.03793723314,0.0,0.000001080000000000000035831255497387193287295303889550268650054931640625,btc,43675.73520027,0.000146250909087,0.0348620860622024,213
0,[],22,[],2019-05-27 08:12:18,0.0,0,0,7693888,2019-05-27 08:12:18,,9.61445386,0.0,0,,3661587.094064925,0.0,0.0,216
0,[],27,[],2019-05-27 08:12:26,0.0,0,0,7693889,2019-05-27 08:12:26,,70.1244104180052,0.0,0,"btc,ltc",398750.40768,0.0,0.0,216
1,[],22,[],2019-05-27 08:12:30,516671.0,0.00000021,0.000000000018344025000000002,7693890,2019-05-27 08:12:30,BTC,12054.76296626,0.0,0.00000021,BTC,425863.6398047311,0.00092152,0.01923425,217
1,[],7,[],2019-05-27 08:12:31,0.0,0,0,7693891,2019-05-27 08:12:31,btc,1234863.9973694147,0.0,0,btc,163302363.92083928,0.0,0.0,219
0,[],27,[],2019-05-27 08:12:37,0.0,0,0,7693892,2019-05-27 08:12:37,,0.105466823472,0.0,0,btc,3058319.8967,0.0,0.0,219
0,[],28,[],2019-05-27 08:12:40,0.0,0,0,7693893,2019-05-27 08:12:40,,0.0,37478.0,0,,0.0,0.0,0.0,219
1,[],22,[],2019-05-23 16:41:05,172069.0,0.00000004,0.0000000000031167080000000004,7674065,2019-05-23 16:41:05,BTC,56.76466137,0.0,0.00000004,BTC,127061.6482738741,0.0,0.00393676,221
1,[],24,[],2019-05-23 16:41:05,0.0,0.000000010000,0.0000000000007791770000000001,7674066,2019-05-23 16:41:05,btc,0.0,0.0,0.000000010000,btc,0.0,0.0,0.0,221
1,[],20,[],2019-05-27 08:12:43,5423738.9208,0.000000003,0.0000000000002620575,7693894,2019-05-27 08:12:43,btc,100050.73144918322,340862.7332,0.000000003,btc,39832517.8618,0.0012549264496,0.0057505195438,224
0,[],22,[],2019-05-27 08:12:47,0.0,0,0,7693895,2019-05-27 08:12:47,,0.0,0.0,0,,0.0,0.0,0.0,224
1,[],26,[],2019-05-27 08:12:47,0.0,0.00000026,0.00000000002271165,7693896,2019-05-27 08:12:47,btc,0.0,0.0,0.00000026,btc,0.0,0.0,0.0,231
1,[],26,[],2019-05-27 08:12:49,0.0,0.00000006,0.00000000000524115,7693897,2019-05-27 08:12:49,btc,0.0,0.0,0.00000006,btc,0.0,0.0,0.0,234
0,[],27,[],2019-05-27 08:12:59,0.0,0,0,7693898,2019-05-27 08:12:59,,0.01134836604,0.0,0,"btc,eth",11462.996,0.0,0.0,234
1,[],4,[],2019-05-22 17:06:12,91780.56053785,0.00000078,0.000000000061977552,7669277,2019-05-22 17:06:12,btc,5.573372450018177,0.0,0.00000078,btc,729173.93529783,0.0,0.0307060663355679,236
1,[],24,[],2019-05-22 17:06:12,0.0,0.000000010000,0.000000000000794584,7669278,2019-05-22 17:06:12,btc,0.0,0.0,0.000000010000,btc,0.0,0.0,0.0,236
1,[],5,[],2019-05-27 08:13:01,0.0,0,0,7693899,2019-05-27 08:13:01,btc,0.0,0.10340117,0,btc,0.0,0.0,0.0,237
1,[],20,[],2019-05-27 08:13:03,121088618.758,0.000000037,0.0000000000032320425000000003,7693900,2019-05-27 08:13:03,btc,58794.11700974971,16088024.4413,0.000000037,btc,42212502.558,0.6806068900462,0.4752551421222,237
1,[],22,[],2019-05-27 08:13:08,363100.0,0.00000003,0.000000000002620575,7693901,2019-05-27 08:13:08,BTC,1.20267422,0.0,0.00000003,"BTC,LTC",17930.94871794872,0.0,0.009791,237
1,[],4,[],2019-05-27 08:13:09,26450907.24702439,0.00000013,0.000000000011355825,7693902,2019-05-27 08:13:09,btc,3.2135786531535677,0.0,0.00000013,btc,8987137.74067659,0.12058448,0.5129137919715635,238
1,[],5,[],2019-05-27 08:13:11,0.0,0,0,7693903,2019-05-27 08:13:11,btc,0.0,0.00212123,0,btc,0.0,0.0,0.0,238
0,[],22,[],2019-03-12 16:49:32,0.0,0,0,6914458,2019-03-12 16:49:32,,0.40415746,0.0,0,,526736.5639027493,0.0,0.0,249
0,[],22,[],2019-05-27 08:13:15,0.0,0,0,7693904,2019-05-27 08:13:15,,13.44714864,0.0,0,,43777534.3426455,0.0,0.0,252
0,[],28,[],2019-05-27 08:13:17,0.0,0,0,7693905,2019-05-27 08:13:17,,0.0,210285.820086,0,,0.0,0.0,0.0,256
1,[],22,[],2019-05-27 08:13:20,1051629.0,0.00000001,0.0000000000008735250000000001,7693906,2019-05-27 08:13:20,BTC,21.85885958,0.0,0.00000001,BTC,542925.7509808998,1.275e-05,0.01051629,258
1,[],22,[],2019-05-19 18:12:02,400.0,0.00000001,0.0000000000007957800000000001,7653905,2019-05-19 18:12:02,BTC,2.415167,0.0,0.00000001,BTC,157.0,0.0,4e-06,259
1,[],5,[],2019-05-27 08:13:24,0.0,0,0,7693907,2019-05-27 08:13:24,btc,0.0,0.06839585,0,btc,0.0,0.0,0.0,264
1,[],20,[],2019-05-27 08:13:26,898224.7257,0.000000139,0.0000000000121419975,7693908,2019-05-27 08:13:26,btc,0.9791391628869,34445.0479,0.000000139,btc,53674.7364,0.018608795628,0.006532721854,264
0,[],22,[],2019-04-12 17:57:27,0.0,0,0,7278186,2019-04-12 17:57:27,,66.37522201,0.0,0,,677842.4169881374,0.0,0.0,271
0,[],22,[],2019-05-27 08:13:29,0.0,0,0,7693909,2019-05-27 08:13:29,,33050470.74998113,0.0,0,,14361377780.7,0.0,0.0,272
0,[],28,[],2019-05-27 08:13:30,0.0,0,0,7693910,2019-05-27 08:13:30,,0.0,7458177381.0,0,,0.0,0.0,0.0,272
1,[],22,[],2019-05-23 07:12:29,219930.0,0.00000004,0.000000000003048688,7671985,2019-05-23 07:12:29,BTC,426.77835217,0.0,0.00000004,BTC,248664.3325962929,0.0,0.00739728,281
1,[],22,[],2019-05-27 08:13:35,579180.1,0.00000005,0.000000000004367625,7693911,2019-05-27 08:13:35,BTC,31.62764302,0.0,0.00000005,"BTC,LTC",1162722.857672661,0.008058600000037509,0.02280194,286
0,[],22,[],2019-05-27 08:13:37,0.0,0,0,7693912,2019-05-27 08:13:37,,7337904.52734956,0.0,0,,1960786582.6797826,0.0,0.0,294
