pairValue,buyBook,exchangeId,sellBook,updated,buyTotal,satoshiPrice,usdPrice,exchangeLogId,created,bestPair,sellTotalBtc,volume,pairPrice,activePairs,sellTotal,volumeBtc,buyTotalBtc,coinId
1,[],3,[],2019-03-04 02:58:17,30539.39650680136,0.01275552999999999929936489451165471109561622142791748046875,0.000000486660460537,6838031,2019-03-04 02:58:17,btc,61.07103917070398,0.0,0.01275552999999999929936489451165471109561622142791748046875,btc,21.931127256169002,0.0,0.30299086003780007,1
1,[],4,[],2019-03-04 02:58:19,208074.71148493,0.01281201,0.000000488815336329,6838032,2019-03-04 02:58:19,btc,9.369396046334497,0.0,0.01281201,btc,274.12087765,0.74508024,3.2219253247375716,1
1,[],5,[],2019-03-04 02:58:21,0.0,0,0,6838033,2019-03-04 02:58:21,btc,0.0,0.1361639,0,btc,0.0,0.0,0.0,1
1,[],10,[],2019-03-04 02:58:24,414691.47703404,0.01100001,0.000000419682281529,6838034,2019-03-04 02:58:24,btc,6522.759451915772,777.40075867,0.01100001,btc,1147.49706816,0.0,5.715935358977577,1
1,[],12,[],2019-03-04 02:58:26,10484.68897744,0.0127700000000000001010302952408892451785504817962646484375,0.000000487212533,6838035,2019-03-04 02:58:26,btc,0.517731009975,0.0,0.0127700000000000001010302952408892451785504817962646484375,btc,31.47184905,0.0650896687143,0.3042285546204,1
1,[],20,[],2019-03-04 02:58:28,1151.0583,0.010500212,0.0000004006135384148,6838036,2019-03-04 02:58:28,btc,0.067162260316,0.0347,0.010500212,btc,3.0899,0.00043722,0.0899620500051,1
1,[],22,[],2019-03-04 03:00:32,0.006382215384615385,0.01300000,0.0000004959877000000001,6838037,2019-03-04 03:00:32,BTC,0.31439419,0.0,0.01300000,BTC,0.12751438772928525,0.0,7.978e-05,1
1,[],24,[],2019-03-04 03:00:33,0.0,0.000000000000,0,6838038,2019-03-04 03:00:33,btc,0.0,0.0,0.000000000000,btc,0.0,0.0,0.0,1
0.0,[],25,[],2019-03-04 03:00:34,0.0,0,0,6838039,2019-03-04 03:00:34,btc,16.08749999882472,620.69971041,0.0,btc,1227.92820609,7.9661,0.0,1
1,[],26,[],2019-03-04 03:00:43,0.0,0,0,6838040,2019-03-04 03:00:43,,0.0,0.0,0,,0.0,0.0,0.0,1
1,[],28,[],2019-03-04 03:00:51,993.142,0.01323000,0.000000504762867,6838041,2019-03-04 03:00:51,btc,0.162839806,17797.05,0.01323000,btc,8.9,0.0,0.089302756,1
1,[],21,[],2019-03-04 02:06:37,1930.1787529599999,0.01279755999999999949157114543,0.000000489112505152,6837860,2019-03-04 02:06:37,btc,13.584328401077126,2567.87971944,0.01279755999999999949157114542686031199991703033447265625,"btc,eth",1412.86144948,30.724092380094323,20.365329718879785,1
0,[],2,[],2019-01-20 23:28:45,0.0,0,0,6477011,2019-01-20 23:28:45,,0.0,0.0,0,,0.0,0.0,0.0,1
1,[],5,[],2019-03-04 03:00:53,0.0,0,0,6838042,2019-03-04 03:00:53,btc,0.0,0.01839976,0,btc,0.0,0.0,0.0,2
0.00000000012753590000000002,[],22,[],2019-03-04 03:00:56,1148.0,1.4028949e-16,5.352450883021e-21,6838043,2019-03-04 03:00:56,XMR,21.01373823,0.0,0.00000110,XMR,14319.12581,0.0,0.00087635,2
1,[],5,[],2019-03-04 03:00:57,0.0,0,0,6838044,2019-03-04 03:00:57,btc,0.0,1.66536867,0,btc,0.0,0.0,0.0,3
1,[],12,[],2019-03-04 03:00:58,13097444.38945,0.000000178,0.0000000000067912162,6838045,2019-03-04 03:00:58,btc,924384.5243432169,0.0,0.000000178,btc,7960008.18817574,0.08731636975039068,0.68293766768805,3
0,[],28,[],2019-03-04 03:01:06,0.0,0,0,6838046,2019-03-04 03:01:06,,0.0,0.0,0,,0.0,0.0,0.0,3
0,[],2,[],2019-01-20 23:31:32,0.0,0,0,6477077,2019-01-20 23:31:32,,0.0,0.0,0,,0.0,0.0,0.0,4
1,[],4,[],2019-03-04 03:01:07,377013.45143067,0.00000032,0.000000000012208928,6838047,2019-03-04 03:01:07,btc,31.987078666479317,0.0,0.00000032,btc,710818.67186142,0.0,0.0479187894946875,4
1,[],12,[],2019-03-03 08:44:09,1180125.33333333,0.00000003,0.000000000001145421,6831890,2019-03-03 08:44:09,btc,11013925.646093752,0.0,0.00000003,btc,1477604.32371984,0.000140961988012,0.0166964599999999,5
0,[],2,[],2019-01-20 23:31:51,0.0,0,0,6477087,2019-01-20 23:31:51,,0.0,0.0,0,,0.0,0.0,0.0,6
1,[],11,[],2019-03-04 03:01:09,6476884.5,0.00000002,0.000000000000763058,6838048,2019-03-04 03:01:09,btc,9568.200630782814,400000.0,0.00000002,btc,41552632.07452957,0.0,0.097012525,6
1,[],3,[],2019-03-04 03:01:15,1072.856293592546,0.0001510899999999999916699966462374504772014915943145751953125,0.0000000057645216609999995,6838049,2019-03-04 03:01:15,btc,28.402034233092024,0.0,0.0001510899999999999916699966462374504772014915943145751953125,btc,243.122414578101,0.0,0.03202593781665577,7
1,[],4,[],2019-03-04 03:01:16,98039.15814313,0.00023500,0.0000000089659315,6838050,2019-03-04 03:01:16,btc,12.366233368850477,0.0,0.00023500,btc,35508.4822708,5.16320589,6.300082403383036,7
1,[],5,[],2019-03-04 03:01:18,0.0,0,0,6838051,2019-03-04 03:01:18,btc,0.0,0.73938987,0,btc,0.0,0.0,0.0,7
1,[],20,[],2019-02-20 02:16:17,39399275.8418,0.000000001,0.0000000000000390183,6728586,2019-02-20 02:16:17,btc,116.9737569154545,525.0,0.000000001,btc,56932965.8895,5.25e-07,0.0393992758418,8
1,[],4,[],2019-03-04 03:01:20,2060250.04298805,0.00000166,0.00000000006333381400000001,6838052,2019-03-04 03:01:20,btc,6.489331173236411,0.0,0.00000166,btc,2869322.85279106,1.45547855,0.810860425436253,9
1,[],28,[],2019-03-04 03:01:26,47563.15,0.00000166,0.00000000006333381400000001,6838053,2019-03-04 03:01:26,btc,2708.761281370583,3600898.9,0.00000166,btc,11954.1497,0.0,0.050224829,9
0,[],2,[],2019-01-20 23:22:42,0.0,0,0,6476876,2019-01-20 23:22:42,,0.0,0.0,0,,0.0,0.0,0.0,9
0,[],23,[],2019-01-20 23:22:48,0.0,0,0,6476878,2019-01-20 23:22:48,,0.0,0.0,0,,0.0,0.0,0.0,9
1,[],1,[],2019-02-17 23:31:42,1822507.21,0.00000181000000000000003456111265232042484285557293333113193511962890625,0.000000000066086901,6701244,2019-02-17 23:31:42,btc,3.6990969245,17153386.5,0.00000181000000000000003456111265232042484285557293333113193511962890625,btc,1997391.71,31.11772986,3.2610482446,9
1,[],4,[],2019-02-17 11:22:43,4341674.27126056,0.00000002,0.0000000000007272960000000001,6696112,2019-02-17 11:22:43,btc,0.1997230937751353,0.0,0.00000002,btc,4109766.79808031,0.00215132,0.0479381022052112,10
1,[],4,[],2019-03-04 03:01:27,6025981.51133636,0.00000121,0.000000000046165009,6838054,2019-03-04 03:01:27,btc,11.796212682902114,0.0,0.00000121,btc,6079036.08369155,2.79155143,3.353126920115957,12
1,[],5,[],2019-03-04 03:01:28,0.0,0,0,6838055,2019-03-04 03:01:28,btc,0.0,0.24742623,0,btc,0.0,0.0,0.0,12
0.0,[],25,[],2019-03-04 03:01:30,0.0,0,0,6838056,2019-03-04 03:01:30,,0.0,0.0,0.0,btc,0.0,0.0,0.0,12
0,[],2,[],2019-01-20 23:23:08,0.0,0,0,6476890,2019-01-20 23:23:08,,0.0,0.0,0,,0.0,0.0,0.0,12
1,[],4,[],2019-03-04 03:01:31,31913008.00386648,0.00000547,0.00000000020869636300000001,6838057,2019-03-04 03:01:31,btc,2.8963396738741487,0.0,0.00000547,btc,404418.84454794,0.29203118,0.6130525294750419,13
1,[],21,[],2019-03-04 03:01:35,890411.76718607,0.000005650000000000000114903746240,0.00000000021556388500000002,6838058,2019-03-04 03:01:35,btc,6.2306376229940295,738056.80425052,0.000005650000000000000114903746240013759916109847836196422576904296875,btc,992150.92663936,4.16966386,4.635468371307444,13
1,[],10,[],2019-03-04 02:09:53,417154.75054619,0.00000531,0.000000000202943952,6837882,2019-03-04 02:09:53,btc,666802.6151248388,13218.782725,0.00000531,btc,746664.03936082,0.0,0.239179466342933,13
1,[],4,[],2019-03-04 03:01:36,739527.09197716,0.00000150,0.00000000005722935,6838059,2019-03-04 03:01:36,btc,53.25661233476295,0.0,0.00000150,btc,896988.22522017,0.00505382,0.2004223915828994,14
1,[],12,[],2019-03-04 03:01:38,218095.8748086,0.000001349999999999999991849510168340220417348973569460213184356689453125,0.000000000051506415000000003,6838060,2019-03-04 03:01:38,btc,5.291274776387474,0.0,0.000001349999999999999991849510168340220417348973569460213184356689453125,btc,31238.09057434,0.0001485,0.027802769999874,14
0,[],17,[],2019-03-04 03:01:39,0.0,0,0,6838061,2019-03-04 03:01:39,btc,0.0,0.0,0,btc,0.0,0.0,0.0,14
1,[],26,[],2019-03-04 03:01:40,0.0,0.00000050,0.00000000001907645,6838062,2019-03-04 03:01:40,btc,0.0,0.0,0.00000050,btc,0.0,0.0,0.0,14
0,[],4,[],2019-03-04 03:01:41,0.0,0,0,6838063,2019-03-04 03:01:41,,0.0,0.0,0,,0.0,0.0,0.0,15
,[],12,[],2018-12-01 15:15:48,204241.84496,0.00000489,0.000000000202473384,5260204,2018-12-01 15:15:48,btc,49.5475654835,0.0,,btc,35763.2193806,0.0163153972027625,0.0203389899998,15
1,[],4,[],2019-03-04 03:01:42,24941.53460003,0.00001761,0.000000000671872569,6838064,2019-03-04 03:01:42,btc,1.3519195413146479,0.0,0.00001761,btc,15491.13960918,0.01419091,0.0653052046110536,18
1,[],10,[],2019-03-04 03:01:44,782689.01623688,0.0000173,0.00000000066004517,6838065,2019-03-04 03:01:44,btc,15.389332251841209,5381.64863968,0.0000173,btc,13435.79750338,0.0,0.1285164983705004,18
1,[],12,[],2019-03-04 03:01:46,193002.32230721,0.00001701999999999999967450516058509180084001854993402957916259765625,0.000000000649362358,6838066,2019-03-04 03:01:46,btc,23.630794005387706,0.0,0.00001701999999999999967450516058509180084001854993402957916259765625,btc,1884.0734013,1.985214e-06,0.0314350460211783,18
0,[],17,[],2019-03-04 03:01:47,0.0,0,0,6838067,2019-03-04 03:01:47,btc,0.0,0.0,0,btc,0.0,0.0,0.0,18
0,[],2,[],2019-01-20 23:23:38,0.0,0,0,6476906,2019-01-20 23:23:38,,0.0,0.0,0,,0.0,0.0,0.0,18
1,[],3,[],2019-03-04 03:01:51,118540.92624607914,0.000020100000000000000678623823802126935333944857120513916015625,0.00000000076687329,6838068,2019-03-04 03:01:51,btc,0.5053395500644071,0.027510917031,0.000020100000000000000678623823802126935333944857120513916015625,btc,7948.069401496711,0.0,0.03403504913392749,19
1,[],4,[],2019-03-04 03:01:52,413816.45622704,0.00002122,0.000000000809604538,6838069,2019-03-04 03:01:52,btc,2.2610139290823317,0.0,0.00002122,btc,70865.98927772,0.34752177,2.3767516748681454,19
1,[],5,[],2019-03-04 03:01:54,0.0,0,0,6838070,2019-03-04 03:01:54,btc,0.0,0.0,0,btc,0.0,0.0,0.0,19
1,[],12,[],2019-03-04 03:01:54,135160.00217155,0.00001841999999999999982291075395490764776695868931710720062255859375,0.000000000702776418,6838071,2019-03-04 03:01:54,btc,0.11083781596058791,0.0,0.00001841999999999999982291075395490764776695868931710720062255859375,btc,380.56200924,0.002388503638107,0.118622209999951,19
0,[],27,[],2019-03-04 03:01:56,0.0,0,0,6838072,2019-03-04 03:01:56,,0.0,0.0,0,btc,0.0,0.0,0.0,19
0,[],2,[],2019-01-20 23:24:19,0.0,0,0,6476924,2019-01-20 23:24:19,,0.0,0.0,0,,0.0,0.0,0.0,19
1,[],4,[],2019-03-04 03:01:57,2774085.15353403,0.00000013,0.000000000004959877,6838073,2019-03-04 03:01:57,btc,7.37869139072158,0.0,0.00000013,btc,2856404.97012105,0.0,0.0773367122838264,20
1,[],4,[],2019-03-04 03:01:58,103956136.13937023,0.00000002,0.000000000000763058,6838074,2019-03-04 03:01:58,btc,1803.1981043602282,0.0,0.00000002,btc,55490787.80039335,0.0,1.1668631666680451,21
1,[],12,[],2019-03-04 03:01:59,17916951.0,0.00000002,0.000000000000763058,6838075,2019-03-04 03:01:59,btc,670.8733402334847,0.0,0.00000002,btc,8127598.32857329,0.0,0.23057926,21
0,[],17,[],2019-03-04 03:02:10,0.0,0,0,6838076,2019-03-04 03:02:10,btc,0.0,0.0,0,btc,0.0,0.0,0.0,21
1,[],12,[],2019-03-04 03:02:12,3142406279.531895,0.0000000001,0.0000000000000038152900000000005,6838077,2019-03-04 03:02:12,btc,975865847290.3846,0.0,0.0000000001,btc,5057824916.634582,0.020263881024619984,0.3142406279531895,23
0,[],27,[],2019-03-04 03:02:13,0.0,0,0,6838078,2019-03-04 03:02:13,,13.503633221578426,0.0,0,eth,2004616.85364636,0.0,0.0,23
1,[],4,[],2019-03-04 03:02:14,468275.39131831,0.00000045,0.000000000017168805,6838079,2019-03-04 03:02:14,btc,8.621710429829662,0.0,0.00000045,btc,1523929.26545855,0.00492028,0.1401509485292859,24
1,[],22,[],2019-03-04 03:02:22,11.76,0.00000100,0.0000000000381529,6838080,2019-03-04 03:02:22,BTC,7.415e-05,0.0,0.00000100,BTC,23.919354838709676,0.0,1.176e-05,24
0.0,[],25,[],2019-03-04 03:02:24,0.0,0,0,6838081,2019-03-04 03:02:24,,0.0,0.0,0.0,btc,0.0,0.0,0.0,24
1,[],4,[],2019-03-04 03:02:25,26581001.19304791,0.00000650,0.00000000024799385000000003,6838082,2019-03-04 03:02:25,btc,153.11936613200623,0.0,0.00000650,btc,243685.03646448,0.08321669,0.4549542587158533,26
1,[],10,[],2019-03-04 03:02:27,686525.23867249,0.00000603,0.000000000230061987,6838083,2019-03-04 03:02:27,btc,26.12698364680268,3491.31388302,0.00000603,btc,14159.94453544,0.0,0.2272716100949004,26
0,[],2,[],2019-01-20 23:25:56,0.0,0,0,6476976,2019-01-20 23:25:56,,0.0,0.0,0,,0.0,0.0,0.0,26
1,[],3,[],2019-03-04 03:02:35,5524918.88133568,0.00000001,0.000000000000381529,6838084,2019-03-04 03:02:35,btc,2.161285153509361,4650.908,0.00000001,btc,17601794.18684187,0.0,0.0552491888133568,27
1,[],5,[],2019-03-04 03:02:37,0.0,0,0,6838085,2019-03-04 03:02:37,btc,0.0,0.00010834,0,btc,0.0,0.0,0.0,27
1,[],11,[],2019-03-04 03:02:38,9470054.891515061,0.00000005,0.0000000000019076449999999998,6838086,2019-03-04 03:02:38,btc,67506.38088715188,21889.311987,0.00000005,btc,7980367.26084264,0.0,0.4414030388653851,27
1,[],4,[],2019-03-04 03:02:39,1525973832.1411188,0.00000002,0.000000000000763058,6838087,2019-03-04 03:02:39,btc,2.8159805638692945,0.0,0.00000002,"btc,ltc",199545557.95740363,0.17744748,12.205587185211769,29
1,[],7,[],2019-03-04 03:02:41,35363805.85823195,0.00000002,0.000000000000763058,6838088,2019-03-04 03:02:41,btc,44462590.66035729,1109640.45263,0.00000002,btc,45659820.78444726,0.03326493,0.377089069029561,29
1,[],4,[],2019-03-04 03:02:42,2074082.51029169,0.00000022,0.000000000008393638,6838089,2019-03-04 03:02:42,btc,2.33502333037558,0.0,0.00000022,btc,1575683.88927162,0.03330773,0.065580758734694,30
0,[],17,[],2019-03-04 02:11:11,0.0,0,0,6837913,2019-03-04 02:11:11,btc,0.0,0.0,0,btc,0.0,0.0,0.0,30
1,[],4,[],2019-03-04 03:02:54,194898.01017972,0.00007107,0.0000000027115266030000002,6838090,2019-03-04 03:02:54,btc,11.859971202022406,0.0,0.00007107,btc,80173.23580134,5.09081573,2.6522476195545055,31
1,[],21,[],2019-03-04 03:02:55,83632.22238141,0.00007634000000000000431699814785,0.000000002912592386,6838091,2019-03-04 03:02:55,btc,9.584972034167087,1372936.7952617,0.000076340000000000004316998147846362599011627025902271270751953125,btc,113771.02614405,91.81152289,5.323486101606279,31
0,[],2,[],2019-01-20 23:28:43,0.0,0,0,6477009,2019-01-20 23:28:43,,0.0,0.0,0,,0.0,0.0,0.0,32
1,[],4,[],2019-03-04 03:02:56,416179703.66891,0.00000004,0.000000000001526116,6838092,2019-03-04 03:02:56,btc,12.328629911393676,0.0,0.00000004,"btc,ltc",224471870.8830202,5.22528279,9.378913912433653,33
1,[],12,[],2019-03-04 03:02:57,16007265.83366667,0.00000004,0.000000000001526116,6838093,2019-03-04 03:02:57,btc,35634732.05775655,0.0,0.00000004,btc,95220914.46753237,0.444208195504496,0.29918916668000006,33
1,[],4,[],2019-03-04 03:02:58,113161330.35625623,0.00000001,0.000000000000381529,6838094,2019-03-04 03:02:58,btc,3.6384087777964673,0.0,0.00000001,btc,99886279.21173152,0.05265129,1.1316133035625624,34
1,[],5,[],2019-03-04 03:03:00,0.0,0,0,6838095,2019-03-04 03:03:00,btc,0.0,0.01663408,0,btc,0.0,0.0,0.0,34
0.0000000001250746,[],4,[],2019-03-04 03:03:01,1808651406.2363334,2.501492e-18,9.54391741268e-23,6838096,2019-03-04 03:03:01,ltc,5.3809415220912915e-08,0.0,0.00000002,ltc,7186860385.095034,0.0,2.5261159829295803e-09,36
1,[],5,[],2019-03-04 03:03:03,0.0,0,0,6838097,2019-03-04 03:03:03,btc,0.0,0.0,0,btc,0.0,0.0,0.0,36
0.0000000003388267,[],27,[],2019-03-04 03:03:16,1090000.0,3.388267e-18,1.2927221202429998e-22,6838098,2019-03-04 03:03:16,eth,222.5997971062634,0.0,0.00000001,"ltc,eth",11163566.48751039,0.0,1.480155322e-12,36
0,[],17,[],2019-03-04 02:11:32,0.0,0,0,6837922,2019-03-04 02:11:32,btc,0.0746458232965017,0.0,0,btc,4103573.70243647,0.0,0.0,36
1,[],4,[],2019-03-04 03:03:17,230937.51867344,0.00000061,0.000000000023273269,6838099,2019-03-04 03:03:17,btc,19772.476736112385,0.0,0.00000061,btc,551674.61258906,0.02845405,0.1000088705227478,37
1,[],12,[],2019-03-04 03:03:18,561942.1030882,0.0000006,0.00000000002289174,6838100,2019-03-04 03:03:18,btc,1345.8279397307224,0.0,0.0000006,btc,965047.84472832,0.0211563971053297,0.1661096799999991,37
1,[],27,[],2019-03-04 03:03:31,14685.567,0.00000045,0.000000000017168805,6838101,2019-03-04 03:03:31,btc,25.82157785111233,0.0,0.00000045,btc,6804.86438508,0.0,0.00480032515,37
1,[],17,[],2019-03-03 23:10:21,1752.74075282,0.00000025,0.000000000009511675,6837156,2019-03-03 23:10:21,btc,0.055484923777095005,0.0,0.00000025,btc,1319.19918473,0.0,0.00043818518820499993,37
1,[],5,[],2019-03-04 03:03:32,0.0,0,0,6838102,2019-03-04 03:03:32,btc,0.0,0.06875808,0,btc,0.0,0.0,0.0,42
1,[],12,[],2019-03-04 03:03:33,251031.9007226,0.00000095,0.000000000036245255,6838103,2019-03-04 03:03:33,btc,94.64762532322762,0.0,0.00000095,btc,99360.80358938,0.0036079120879104,0.057210537149847,42
0.0000000003388267,[],27,[],2019-03-04 03:03:35,2000.0,3.388267e-18,1.2927221202429998e-22,6838104,2019-03-04 03:03:35,eth,0.00315028,0.0,0.00000001,"btc,eth",11.007,0.0,6.776534e-15,42
1,[],5,[],2019-03-04 03:03:37,0.0,0,0,6838105,2019-03-04 03:03:37,btc,0.0,0.0,0,btc,0.0,0.0,0.0,43
1,[],12,[],2019-03-04 03:03:39,1209361.0,0.00000001,0.000000000000381529,6838106,2019-03-04 03:03:39,btc,3569.074552336114,0.0,0.00000001,btc,11768494.65174823,0.0,0.01209361,43
0,[],17,[],2019-03-04 03:03:41,0.0,0,0,6838107,2019-03-04 03:03:41,btc,0.0,0.0,0,btc,0.0,0.0,0.0,43
1,[],12,[],2019-03-04 03:03:42,647534.0,0.00000004,0.000000000001526116,6838108,2019-03-04 03:03:42,btc,11116042.72813873,0.0,0.00000004,btc,1103841.4595604,6.7265734264e-06,0.01530375,44
1,[],4,[],2019-03-04 03:03:44,290664960.0874073,0.00000002,0.000000000000763058,6838109,2019-03-04 03:03:44,btc,473.6502537076445,0.0,0.00000002,"btc,ltc",12388074.85825513,0.00212803,0.1968272460588174,49
0,[],4,[],2019-03-04 03:03:45,0.0,0,0,6838110,2019-03-04 03:03:45,,25.568133935663145,0.0,0,,9647272818.68058,0.0,0.0,52
0.00000000012753590000000002,[],22,[],2019-03-04 03:03:48,80845862.0,1.2753590000000001e-18,4.8658644391100004e-23,6838111,2019-03-04 03:03:48,XMR,4366.97466637,0.0,0.00000001,XMR,255820234.67882353,0.0,0.80845862,57
0.0000000003388267,[],27,[],2019-03-04 03:03:50,2000.0,3.388267e-18,1.2927221202429998e-22,6838112,2019-03-04 03:03:50,eth,0.0,0.0,0.00000001,"btc,eth",0.0,0.0,6.776534e-15,57
0.0000000001250746,[],4,[],2019-03-04 03:03:51,905841811.1593333,3.752238e-18,1.431587611902e-22,6838113,2019-03-04 03:03:51,ltc,18.807185629158997,0.0,0.00000003,ltc,4122637865.006152,0.0,2.1640452185839164e-09,58
1,[],12,[],2019-03-04 03:03:52,1784902379.8439572,0.0000000004,0.000000000000015261160000000002,6838114,2019-03-04 03:03:52,btc,224012809183.47455,0.0,0.0000000004,btc,3833164758.574794,0.003603797705094905,0.5891068361011392,58
0.00000000012753590000000002,[],22,[],2019-03-04 03:03:56,137438.0,1.2753590000000001e-18,4.8658644391100004e-23,6838115,2019-03-04 03:03:56,XMR,69.8835922,0.0,0.00000001,XMR,9887963.0,0.0,0.00137438,58
0,[],17,[],2019-03-04 02:00:40,0.0,0,0,6837744,2019-03-04 02:00:40,btc,1e+24,0.0,0,btc,49226522.0897055,0.0,0.0,58
1,[],5,[],2019-03-04 03:03:58,0.0,0,0,6838116,2019-03-04 03:03:58,btc,0.0,0.04481629,0,btc,0.0,0.0,0.0,61
1,[],22,[],2019-03-04 03:04:01,13759.5,0.00000012,0.000000000004578348,6838117,2019-03-04 03:04:01,BTC,1002.29597012,0.0,0.00000012,BTC,14947.700278135757,0.0,0.00155017,61
1,[],26,[],2019-03-04 03:04:01,0.0,0.00000800,0.0000000003052232,6838118,2019-03-04 03:04:01,btc,0.0,0.0,0.00000800,btc,0.0,0.0,0.0,61
1,[],27,[],2019-03-04 03:04:04,4432.7701,0.00000046,0.000000000017550334,6838119,2019-03-04 03:04:04,btc,7.76072757961638,0.0,0.00000046,"btc,eth",19950.11257617,0.0,0.0012450174688499334,61
1,[],28,[],2019-03-04 03:04:11,13880.304,0.0000005,0.00000000001907645,6838120,2019-03-04 03:04:11,btc,2.056312978300105,883.0,0.0000005,btc,9730.59500005,0.0,0.00566391304,61
1,[],4,[],2019-03-04 03:04:13,1424003.7807627,0.00000280,0.00000000010682812,6838121,2019-03-04 03:04:13,btc,11.265410466499617,0.0,0.00000280,btc,796812.66704458,0.13541046,1.4168783567897514,67
0.0,[],25,[],2019-03-04 03:04:14,0.0,0,0,6838122,2019-03-04 03:04:14,,0.0,0.0,0.0,btc,0.0,0.0,0.0,67
1,[],12,[],2019-03-04 03:04:16,1790806.51139765,0.0000002,0.000000000007630579999999999,6838123,2019-03-04 03:04:16,btc,11115899.043924129,0.0,0.0000002,btc,2219058.36133864,7.84277722296e-05,0.0821193064411096,71
,[],5,[],2018-11-20 23:02:39,1.5e-07,0.00000005,0.000000000002128045,4862160,2018-11-20 23:02:39,btc,2.84511358,0.0,,btc,0.00036572,0.0,0.07381892,74
1,[],5,[],2019-03-04 03:04:18,0.0,0,0,6838124,2019-03-04 03:04:18,btc,0.0,0.0,0,btc,0.0,0.0,0.0,75
1,[],4,[],2019-03-04 03:04:19,15984338.899575,0.00000001,0.000000000000381529,6838125,2019-03-04 03:04:19,btc,11388.971513954408,0.0,0.00000001,btc,39319058.17822428,0.00077802,0.15984338899575,81
0,[],20,[],2019-01-25 09:30:31,0.0,0,0,6495923,2019-01-25 09:30:31,btc,0.0,0.0,0,btc,0.0,0.0,0.0,81
1,[],4,[],2019-03-04 03:04:22,28819.91179776,0.00007997,0.000000003051087413,6838126,2019-03-04 03:04:22,btc,17.723079381345535,0.0,0.00007997,btc,12362.46804905,0.05097132,0.2128800699891962,82
1,[],21,[],2019-03-04 03:04:22,287912.47225232003,0.00007299999999999999902595276824,0.0000000027851617,6838127,2019-03-04 03:04:22,btc,1.9294185330163551,6212.34363238,0.000072999999999999999025952768239022816487704403698444366455078125,btc,21755.11861603,0.45475987,4.152500728581937,82
0,[],17,[],2019-03-04 03:04:34,0.0,0,0,6838128,2019-03-04 03:04:34,btc,0.0447233088476774,0.0,0,btc,999127.19588126,0.0,0.0,84
0.0000000001250746,[],4,[],2019-03-04 03:04:35,122690537.37462391,3.752238e-18,1.431587611902e-22,6838129,2019-03-04 03:04:35,ltc,1.74949313488187,0.0,0.00000003,ltc,410376067.4156315,0.0,2.535553336786506e-10,85
,[],22,[],2018-11-20 23:09:34,3408.1,0.0000001,0.0000000000041895,4862324,2018-11-20 23:09:34,BTC,0.04624735,0.0,,BTC,4990.0,0.0,0.00033081,86
0,[],22,[],2019-02-22 12:52:35,0.0,0,0,6758847,2019-02-22 12:52:35,,2.0760781,0.0,0,,140622.94736842104,0.0,0.0,87
0,[],27,[],2019-02-22 12:52:37,0.0,0,0,6758848,2019-02-22 12:52:37,,0.0,0.0,0,btc,0.0,0.0,0.0,87
,[],2,[],2018-11-20 23:10:47,0.0,0,0,4862359,2018-11-20 23:10:47,,0.0,0.0,,,0.0,0.0,0.0,88
1,[],11,[],2019-03-04 03:04:37,91929.27116805,0.0001414499999999999958755214635175434523262083530426025390625,0.000000005396727705,6838130,2019-03-04 03:04:37,btc,608.5696565694191,630.97972294,0.0001414499999999999958755214635175434523262083530426025390625,btc,95893.23183134,0.0,6.0959959712094856,89
0,[],2,[],2019-01-20 23:31:45,0.0,0,0,6477083,2019-01-20 23:31:45,,0.0,0.0,0,,0.0,0.0,0.0,91
1,[],12,[],2019-03-04 03:04:39,467729.80982272996,0.000001529999999999999962528346615642238504051420022733509540557861328125,0.000000000058373937,6838131,2019-03-04 03:04:39,btc,39.561110418287264,0.0,0.000001529999999999999962528346615642238504051420022733509540557861328125,btc,70374.02925501,0.0037727429,0.08200553300001069,91
0,[],17,[],2019-03-04 03:04:40,0.0,0,0,6838132,2019-03-04 03:04:40,btc,0.0,0.0,0,btc,0.0,0.0,0.0,91
0,[],22,[],2019-03-04 03:04:43,0.0,0,0,6838133,2019-03-04 03:04:43,,3e-06,0.0,0,,1.0,0.0,0.0,91
0.0000000001250746,[],22,[],2019-03-04 03:04:46,1820000.0,6.25373e-18,2.3859793531700002e-22,6838134,2019-03-04 03:04:46,LTC,8.54731773,0.0,0.00000005,LTC,72219994.1,0.0,0.091,95
0,[],17,[],2019-03-03 23:01:21,0.0,0,0,6836997,2019-03-03 23:01:21,btc,0.0,0.0,0,btc,0.0,0.0,0.0,96
0.0000000001250746,[],4,[],2019-03-04 03:04:47,646643889.0099262,7.8796998e-17,3.0063339849942e-21,6838135,2019-03-04 03:04:47,ltc,11.894786834852077,0.0,0.00000063,ltc,136567866.30844912,0.0,1.9519267780214225e-09,96
1,[],12,[],2019-03-04 03:04:49,1574.47400001,0.00000001,0.000000000000381529,6838136,2019-03-04 03:04:49,btc,378535.4566741679,0.0,0.00000001,btc,8730122.94736237,0.00020002998002,1.5744740000100002e-05,96
1,[],4,[],2019-03-04 03:04:50,1829356.9842914,0.00000026,0.000000000009919754,6838137,2019-03-04 03:04:50,btc,2.808658419588135,0.0,0.00000026,btc,2528345.44745402,0.01125356,0.1256674203016758,99
0,[],2,[],2019-01-20 23:23:55,0.0,0,0,6476914,2019-01-20 23:23:55,,0.0,0.0,0,,0.0,0.0,0.0,100
1,[],4,[],2019-03-04 03:04:52,351064.20650306,0.00004215,0.000000001608144735,6838138,2019-03-04 03:04:52,btc,12.439610882542883,0.0,0.00004215,btc,181400.92064559,1.83243092,2.9203189626961503,100
1,[],22,[],2019-03-04 03:04:56,50000.0,0.00000001,0.000000000000381529,6838139,2019-03-04 03:04:56,BTC,23.49896609,0.0,0.00000001,BTC,10277.22,0.0,0.0005,101
1,[],4,[],2019-03-04 03:04:57,472743.34858096,0.00000083,0.000000000031666907000000004,6838140,2019-03-04 03:04:57,btc,256.2956593486376,0.0,0.00000083,btc,495404.42375317,0.00987721,0.2400089481562532,103
1,[],12,[],2019-03-04 03:04:59,66227835.746,0.00000001,0.000000000000381529,6838141,2019-03-04 03:04:59,btc,137279914.44258106,0.0,0.00000001,btc,125401136.72631092,0.04706369554200795,0.245742181714,105
1,[],27,[],2019-03-04 03:05:01,115397.89,0.00000001,0.000000000000381529,6838142,2019-03-04 03:05:01,btc,36.58509958047966,0.0,0.00000001,btc,575834.55393212,0.0,0.0011539789,105
1,[],22,[],2019-03-04 03:05:07,9328.0,0.00000001,0.000000000000381529,6838143,2019-03-04 03:05:07,BTC,51.10837004,0.0,0.00000001,BTC,470435.0,0.0,9.328e-05,107
1,[],26,[],2019-03-04 03:05:07,0.0,0.00000000,0,6838144,2019-03-04 03:05:07,btc,0.0,0.0,0.00000000,btc,0.0,0.0,0.0,107
1,[],5,[],2019-03-04 03:05:09,0.0,0,0,6838145,2019-03-04 03:05:09,btc,0.0,6.06e-06,0,btc,0.0,0.0,0.0,112
1,[],22,[],2019-03-04 03:05:12,1966.0,0.00000001,0.000000000000381529,6838146,2019-03-04 03:05:12,BTC,2.81183288,0.0,0.00000001,BTC,808524.0833333334,0.0,1.966e-05,112
0.0000000003410525,[],27,[],2019-03-04 02:15:27,22000.0,2.0463149999999997e-17,7.8208522248e-22,6837963,2019-03-04 02:15:27,eth,1.24892491849924,0.0,0.00000006,"btc,eth",1288.641654,0.0,4.1608404999999995e-13,112
1,[],4,[],2019-03-04 02:15:28,1261441.19635371,0.00000218,0.000000000083317856,6837964,2019-03-04 02:15:28,btc,4.851481246527253,0.0,0.00000218,btc,332206.0471015,0.07539728,0.9452523299151391,113
1,[],5,[],2019-03-04 02:15:29,0.0,0,0,6837965,2019-03-04 02:15:29,btc,0.0,0.0,0,btc,0.0,0.0,0.0,113
1,[],17,[],2019-03-04 02:02:21,152738.278,0.00000004,0.000000000001529864,6837779,2019-03-04 02:02:21,btc,1.33680302678,0.0,0.00000004,btc,50696.221,0.0,0.0022095311199999998,116
0,[],27,[],2019-03-04 02:15:42,0.0,0,0,6837966,2019-03-04 02:15:42,,0.0,0.0,0,btc,0.0,0.0,0.0,116
1,[],4,[],2019-03-04 02:15:43,92805.88259435,0.00002352,0.0000000008989155840000001,6837967,2019-03-04 02:15:43,btc,28.934672082899716,0.0,0.00002352,btc,73904.46655142,1.42081502,1.2341812561796304,120
1,[],7,[],2019-03-04 02:15:45,21364.74841186,0.000023110000000000000658882670645510870599537156522274017333984375,0.000000000883245712,6837968,2019-03-04 02:15:45,btc,115647.67470447271,67.04635905,0.000023110000000000000658882670645510870599537156522274017333984375,btc,56048.13789209,0.00198847,0.0559364951717725,120
1,[],20,[],2019-03-04 02:15:48,1825099.7372,0.000000035,0.000000000001337672,6837969,2019-03-04 02:15:48,btc,32.295158822642,9959.85,0.000000035,btc,998991.2778,0.00036860675,0.0212241841206,125
1,[],22,[],2019-03-04 02:15:51,3053.0,0.00000001,0.000000000000382192,6837970,2019-03-04 02:15:51,BTC,0.01444887,0.0,0.00000001,BTC,296263.5111111111,0.0,3.053e-05,126
0,[],2,[],2019-01-20 23:25:46,0.0,0,0,6476969,2019-01-20 23:25:46,,0.0,0.0,0,,0.0,0.0,0.0,131
1,[],4,[],2019-03-04 02:15:53,138259.82528355,0.00001165,0.00000000044525368,6837971,2019-03-04 02:15:53,btc,4.082133561745584,0.0,0.00001165,btc,115954.07489381,0.106044,0.5458637499644569,131
0,[],17,[],2019-03-04 02:15:55,0.0,0,0,6837972,2019-03-04 02:15:55,btc,0.0009561751951600001,0.0,0,btc,35.42829368,0.0,0.0,131
1,[],4,[],2019-03-04 02:15:56,4553.72440393,0.00016001,0.000000006115454192,6837973,2019-03-04 02:15:56,btc,1.619969072471686,0.0,0.00016001,btc,238.12730989,0.0,0.0079138371762198,135
1,[],3,[],2019-03-03 16:01:04,958709.8877684299,0.00000004,0.0000000000015183040000000002,6834301,2019-03-03 16:01:04,btc,0.1162519575141759,53730.3554066,0.00000004,btc,667858.8600718,0.0,0.0304115181737019,136
1,[],4,[],2019-03-04 02:15:58,273238.09221753,0.00000172,0.000000000065737024,6837974,2019-03-04 02:15:58,btc,38.26278535707695,0.0,0.00000172,btc,509391.2554167,0.01659644,0.0903546965014038,137
1,[],12,[],2019-03-04 02:15:59,293575.49070171,0.0000016800000000000000086801225929189484986636671237647533416748046875,0.000000000064208256,6837975,2019-03-04 02:15:59,btc,11807.599086667835,0.0,0.0000016800000000000000086801225929189484986636671237647533416748046875,btc,124368.50618413,0.0032910617771385,0.019335359999999,137
1,[],17,[],2019-03-04 01:01:47,22967.386363640002,0.00000088,0.00000000003366264,6837551,2019-03-04 01:01:47,btc,20.0699133484,0.0,0.00000088,btc,405.079105,0.0,0.0104613000000032,142
1,[],4,[],2019-03-04 02:16:00,109661.4374823,0.00004095,0.0000000015650762400000001,6837976,2019-03-04 02:16:00,btc,28.91749427557019,0.0,0.00004095,btc,44543.95184741,0.25210558,0.7960005577085938,142
1,[],5,[],2019-03-04 02:16:02,0.0,0,0,6837977,2019-03-04 02:16:02,btc,0.0,0.17453267,0,btc,0.0,0.0,0.0,142
1,[],20,[],2019-03-04 02:16:04,132695.1495,0.000025674,0.0000000009812397408,6837978,2019-03-04 02:16:04,btc,0.3256490109112,482.3521,0.000025674,btc,1844.2632,0.0178189079939,0.219357179831,142
1,[],22,[],2019-03-04 02:16:08,1685.8988921568628,0.00004000,0.000000001528768,6837979,2019-03-04 02:16:08,BTC,3.00385504,0.0,0.00004000,BTC,891.218,0.0,0.00174536,142
0.0,[],25,[],2019-03-04 02:16:09,0.0,0,0,6837980,2019-03-04 02:16:09,,0.0,0.0,0.0,btc,0.0,0.0,0.0,142
1,[],28,[],2019-03-04 02:16:10,76100.0,0.00000817,0.000000000312250864,6837981,2019-03-04 02:16:10,btc,0.0639742472,265.0,0.00000817,btc,500.6113,0.0,0.0041072,142
0,[],22,[],2019-03-04 02:16:13,0.0,0,0,6837982,2019-03-04 02:16:13,,60.70572865,0.0,0,,694633617.3,0.0,0.0,143
0,[],22,[],2019-02-25 15:42:22,0.0,0,0,6783783,2019-02-25 15:42:22,,4.2131946,0.0,0,,2322156.0,0.0,0.0,146
,[],22,[],2018-11-20 23:01:11,0.0,0,0,4862114,2018-11-20 23:01:11,,2.56807021,0.0,,,61828.4988236,0.0,0.0,147
1,[],12,[],2019-03-04 02:16:15,218028.1438095,0.0000022000000000000001122040828305248538754312903620302677154541015625,0.00000000008408224000000001,6837983,2019-03-04 02:16:15,btc,28.614171483070265,0.0,0.0000022000000000000001122040828305248538754312903620302677154541015625,btc,117039.98938791,0.0003384479244603,0.0256151599998894,148
1,[],4,[],2019-03-04 02:02:57,256183.64828986,0.00000030,0.00000000001147398,6837796,2019-03-04 02:02:57,btc,219.99199938247835,0.0,0.00000030,btc,841688.3055046,0.0,0.0609752236393456,152
0,[],22,[],2019-03-04 02:02:59,0.0,0,0,6837797,2019-03-04 02:02:59,,0.0,0.0,0,,0.0,0.0,0.0,152
1,[],5,[],2019-03-04 02:03:00,0.0,0,0,6837798,2019-03-04 02:03:00,btc,0.0,0.0,0,btc,0.0,0.0,0.0,153
,[],16,[],2019-01-11 15:38:59,0.0,0,0,6366141,2019-01-11 15:38:59,btc,0.0,0.0,,btc,0.0,0.0,0.0,155
0,[],23,[],2019-01-20 23:24:29,0.0,0,0,6476932,2019-01-20 23:24:29,,0.0,0.0,0,,0.0,0.0,0.0,156
0,[],22,[],2019-03-04 02:16:19,0.0,0,0,6837984,2019-03-04 02:16:19,,6.7463875,0.0,0,,4674391.242592593,0.0,0.0,156
1,[],22,[],2019-03-04 02:16:22,7073.8,0.00005300,0.0000000020256176,6837985,2019-03-04 02:16:22,BTC,1.80343699,0.0,0.00005300,BTC,899.6422341958436,0.0,0.00104336,157
0,[],22,[],2019-03-04 02:16:25,0.0,0,0,6837986,2019-03-04 02:16:25,,50175.67608608,0.0,0,,54079135.04179466,0.0,0.0,158
,[],17,[],2018-11-20 22:56:10,0.0,0,0,4861976,2018-11-20 22:56:10,btc,1.1265625,0.0,,btc,1000.0,0.0,0.0,159
,[],20,[],2018-11-20 22:56:12,0.0,0,0,4861977,2018-11-20 22:56:12,btc,11912.7940471,0.0,,btc,34413894.3617,0.0,0.0,159
1,[],17,[],2019-03-04 00:06:30,29784.95,0.000001,0.0000000000380438,6837367,2019-03-04 00:06:30,btc,0.03026736251542,0.0,0.000001,btc,144.46171372,0.0,0.00716147,168
1,[],12,[],2019-03-04 02:16:26,181800.79880443,0.00000706000000000000016756561416197968128471984528005123138427734375,0.000000000269827552,6837987,2019-03-04 02:16:26,btc,6.642599321244542,0.0,0.00000706000000000000016756561416197968128471984528005123138427734375,btc,13668.1331152,0.0010386457,0.0934149585155091,168
0,[],22,[],2019-03-04 02:16:30,0.0,0,0,6837988,2019-03-04 02:16:30,,1.1341504,0.0,0,,539283.174707144,0.0,0.0,169
1,[],22,[],2019-03-04 02:16:33,203600.0,0.00000002,0.000000000000764384,6837989,2019-03-04 02:16:33,BTC,13.25047031,0.0,0.00000002,BTC,146217.2939341018,0.0,0.002072,171
1,[],22,[],2019-03-04 02:16:37,577071.0,0.00000009,0.000000000003439728,6837990,2019-03-04 02:16:37,BTC,2.19465752,0.0,0.00000009,"BTC,LTC",228202.43954477995,0.00449873,0.03302038,173
1,[],5,[],2019-03-04 02:16:39,0.0,0,0,6837991,2019-03-04 02:16:39,btc,0.0,0.01737601,0,btc,0.0,0.0,0.0,175
1,[],22,[],2019-03-04 02:16:42,36490.833333333336,0.0000003,0.00000000001146576,6837992,2019-03-04 02:16:42,BTC,0.54826403,0.0,0.0000003,BTC,138776.41384013777,0.0,0.00239125,176
0,[],2,[],2019-01-20 23:28:34,0.0,0,0,6477001,2019-01-20 23:28:34,,0.0,0.0,0,,0.0,0.0,0.0,178
1,[],7,[],2019-03-04 02:16:46,0.0,0,0,6837993,2019-03-04 02:16:46,btc,410932.5273358376,0.0,0,btc,117801559.31901672,0.0,0.0,178
0,[],22,[],2019-03-04 02:16:48,0.0,0,0,6837994,2019-03-04 02:16:48,,1.00242428,0.0,0,,57512.0,0.0,0.0,178
0,[],23,[],2019-01-20 23:25:08,0.0,0,0,6476952,2019-01-20 23:25:08,,0.0,0.0,0,,0.0,0.0,0.0,179
1,[],5,[],2019-03-04 02:16:50,0.0,0,0,6837995,2019-03-04 02:16:50,btc,0.0,0.27942365,0,btc,0.0,0.0,0.0,179
1,[],22,[],2019-03-04 02:16:55,6949180.5,0.00000002,0.000000000000764384,6837996,2019-03-04 02:16:55,BTC,5.66693346,0.0,0.00000002,"BTC,LTC",18277815.089868754,0.0,0.37392433,179
1,[],17,[],2019-03-04 02:16:57,10504.725,0.0000001,0.00000000000382192,6837997,2019-03-04 02:16:57,btc,5.201069583843773,0.0,0.0000001,btc,5033.45945,0.0,0.0010504725,180
1,[],22,[],2019-03-04 02:17:02,144605.4,0.0000008,0.00000000003057536,6837998,2019-03-04 02:17:02,BTC,0.23744747,0.0,0.0000008,"BTC,LTC",80791.99835911435,0.02929254,0.00810544,180
1,[],26,[],2019-03-04 02:17:02,0.0,0.00000125,0.000000000047774,6837999,2019-03-04 02:17:02,btc,0.0,1968.45,0.00000125,btc,0.0,0.0,0.0,180
,[],7,[],2018-11-20 22:58:01,562227.975654,0.00000085,0.000000000036176765,4862015,2018-11-20 22:58:01,btc,21836.6059674,2491.87645172,,btc,749999.041456,0.00211021,0.127565380455,183
,[],5,[],2019-01-10 08:11:41,0.0,0,0,6347036,2019-01-10 08:11:41,btc,82.15055501,0.00261,,btc,1.19002445,0.0,0.0,187
,[],17,[],2018-11-16 20:58:10,4062536.27273,0.00000001,0.000000000000550501,4708775,2018-11-16 20:58:10,btc,3.36492563466,0.195460381006,,"btc,eth",110697919.549,0.0,0.0157628953496,187
1,[],24,[],2019-03-04 02:17:02,0.0,0.000000000001,3.8219200000000004e-17,6838000,2019-03-04 02:17:02,btc,0.0,0.0,0.000000000001,btc,0.0,0.0,0.0,187
0,[],22,[],2019-03-04 02:17:05,0.0,0,0,6838001,2019-03-04 02:17:05,,7.42841024,0.0,0,,79361.7243078683,0.0,0.0,191
0,[],22,[],2019-03-01 00:51:27,0.0,0,0,6814858,2019-03-01 00:51:27,,0.0,0.0,0,,0.0,0.0,0.0,197
0,[],23,[],2019-01-20 23:31:41,0.0,0,0,6477079,2019-01-20 23:31:41,,0.0,0.0,0,,0.0,0.0,0.0,199
0,[],22,[],2019-03-04 02:17:08,0.0,0,0,6838002,2019-03-04 02:17:08,,5.19477622,0.0,0,,21058553.0,0.0,0.0,199
1,[],26,[],2019-03-04 02:17:08,0.0,0.00000000,0,6838003,2019-03-04 02:17:08,btc,0.0,154915.0,0.00000000,btc,0.0,0.0,0.0,199
0,[],17,[],2019-01-30 16:32:01,0.0,0,0,6540827,2019-01-30 16:32:01,btc,6.802544163788159,0.0,0,btc,105897.55575295,0.0,0.0,200
0,[],2,[],2019-01-20 23:30:49,0.0,0,0,6477059,2019-01-20 23:30:49,,0.0,0.0,0,,0.0,0.0,0.0,201
1,[],4,[],2019-01-25 15:51:35,2084389.58565343,0.00000936,0.000000000333526752,6499557,2019-01-25 15:51:35,btc,2.0092503037378524,0.0,0.00000936,btc,160195.80207885,0.19272417,1.242687955921835,211
1,[],7,[],2019-03-04 02:17:14,2682687.77060713,0.000001300000000000000047051663780439678674838432925753295421600341796875,0.000000000049684960000000004,6838004,2019-03-04 02:17:14,btc,15476655.009100944,719886.141725,0.000001300000000000000047051663780439678674838432925753295421600341796875,btc,12669229.83369001,0.0,2.2295072586400817,212
1,[],12,[],2019-01-25 02:44:32,207462.42853209,0.000001080000000000000035831255497387193287295303889550268650054931640625,0.000000000038610756000000006,6493050,2019-01-25 02:44:32,btc,85023.03793723314,0.0,0.000001080000000000000035831255497387193287295303889550268650054931640625,btc,43675.73520027,0.000146250909087,0.0348620860622024,213
1,[],5,[],2019-03-04 02:17:16,0.0,0,0,6838005,2019-03-04 02:17:16,btc,0.0,0.1208285,0,btc,0.0,0.0,0.0,213
1,[],24,[],2019-03-04 02:17:16,0.0,0.000000120000,0.000000000004586304,6838006,2019-03-04 02:17:16,btc,0.0,0.0,0.000000120000,btc,0.0,0.0,0.0,213
1,[],26,[],2019-03-04 02:17:16,0.0,0.00000010,0.00000000000382192,6838007,2019-03-04 02:17:16,btc,0.0,0.0,0.00000010,btc,0.0,0.0,0.0,213
1,[],22,[],2019-03-04 02:17:25,45166.0,0.00000002,0.000000000000764384,6838008,2019-03-04 02:17:25,BTC,2.23311134,0.0,0.00000002,BTC,629743.3963726171,0.0003216,0.00061247,216
1,[],27,[],2019-03-04 02:17:28,1298602.0,0.00000003,0.000000000001146576,6838009,2019-03-04 02:17:28,btc,316.25858560644,0.0,0.00000003,"btc,ltc",237761.907,0.0,0.03377204000022616,216
1,[],22,[],2019-03-04 02:17:32,185357.86968346947,0.00000180,0.00000000006879456,6838010,2019-03-04 02:17:32,BTC,12673.42371068,0.0,0.00000180,BTC,384080.9464813081,0.04682764,0.2199236,217
1,[],7,[],2019-03-04 02:17:42,0.0,0,0,6838011,2019-03-04 02:17:42,btc,77969.66000746319,0.0,0,btc,136202804.64412785,0.0,0.0,219
0,[],27,[],2019-03-04 02:17:44,0.0,0,0,6838012,2019-03-04 02:17:44,,0.03568746,399845.0,0,btc,1792962.0,0.00399845,0.0,219
0.0000000000000052,[],28,[],2019-03-04 02:17:51,178209489.917,2.817932e-18,1.076991066944e-22,6838013,2019-03-04 02:17:51,doge,84767.2504422825,366816.0,0.00054191,"btc,doge",3731070.84751,0.0,3.811374090397396e-11,219
1,[],22,[],2019-03-04 02:17:54,366951.6666666667,0.00000003,0.000000000001146576,6838014,2019-03-04 02:17:54,BTC,2.81231073,0.0,0.00000003,BTC,88564.27041875875,0.0002925,0.00775501,221
1,[],24,[],2019-03-04 02:17:54,0.0,0.000000200000,0.00000000000764384,6838015,2019-03-04 02:17:54,btc,0.0,0.0,0.000000200000,btc,0.0,0.0,0.0,221
1,[],20,[],2019-03-04 02:04:39,40107101.2534,0.000000001,0.0000000000000382466,6837830,2019-03-04 02:04:39,btc,48.2381347826935,170919.2143,0.000000001,btc,13449623.3232,0.0001709192143,0.0401071012534,224
0,[],22,[],2019-03-04 02:04:42,0.0,0,0,6837831,2019-03-04 02:04:42,,0.0,0.0,0,,0.0,0.0,0.0,224
1,[],26,[],2019-03-04 02:17:55,0.0,0.00000035,0.00000000001337672,6838016,2019-03-04 02:17:55,btc,0.0,0.0,0.00000035,btc,0.0,0.0,0.0,231
1,[],26,[],2019-03-04 02:04:44,0.0,0.00000005,0.0000000000019123299999999998,6837833,2019-03-04 02:04:44,btc,0.0,4300.0,0.00000005,btc,0.0,0.0,0.0,234
0.0000000003410276,[],27,[],2019-03-04 02:04:46,2000.0,3.4102760000000004e-18,1.304314620616e-22,6837834,2019-03-04 02:04:46,eth,0.01134836604,0.0,0.00000001,"btc,eth",11462.996,0.0,6.820552e-15,234
1,[],4,[],2019-03-04 02:17:56,789925.64544153,0.00000078,0.000000000029810976,6838017,2019-03-04 02:17:56,btc,4.47002064211906,0.0,0.00000078,btc,1203444.52225696,0.04219171,0.2076029669302333,236
1,[],24,[],2019-03-04 02:17:56,0.0,0.000000300000,0.00000000001146576,6838018,2019-03-04 02:17:56,btc,0.0,0.0,0.000000300000,btc,0.0,0.0,0.0,236
1,[],20,[],2019-03-04 02:17:58,183940819.0044,0.00000007,0.000000000002675344,6838019,2019-03-04 02:17:58,btc,13.3615717293545,29664461.8771,0.00000007,btc,41953197.5399,2.1083426969376,0.6543310582153,237
0.00000000012564459999999999,[],22,[],2019-03-04 02:18:01,751594.9,2.1359582e-17,8.163461363744e-22,6838020,2019-03-04 02:18:01,LTC,0.0413973,0.0,0.00000017,LTC,7239.0,0.0,0.12541949,237
1,[],4,[],2019-03-04 02:18:02,8962754.4568606,0.00000033,0.000000000012612336,6838021,2019-03-04 02:18:02,btc,6.901292709305867,0.0,0.00000033,btc,10708472.22003602,0.18257853,2.2497868727510317,238
1,[],5,[],2019-03-04 02:18:04,0.0,0,0,6838022,2019-03-04 02:18:04,btc,0.0,0.00288416,0,btc,0.0,0.0,0.0,238
0,[],22,[],2019-03-04 02:18:13,0.0,0,0,6838023,2019-03-04 02:18:13,,0.41339518,0.0,0,,316626.5639027493,0.0,0.0,249
0.00000000012564459999999999,[],22,[],2019-03-04 02:18:18,88086691.66666667,5.025784e-18,1.920814438528e-22,6838024,2019-03-04 02:18:18,LTC,1.53612508,0.0,0.00000004,LTC,20871847.070952382,5.9555826869688e-11,2.74160377,252
1,[],28,[],2019-03-04 02:18:20,2179924.628,0.00000035,0.00000000001337672,6838025,2019-03-04 02:18:20,btc,164732.3976694248,28484.3,0.00000035,btc,2465294.9222,0.0,0.35658183962,256
1,[],22,[],2019-03-04 02:05:20,1073354.0,0.00000002,0.000000000000764932,6837844,2019-03-04 02:05:20,BTC,31.47160001,0.0,0.00000002,BTC,670687.0957866946,0.0,0.01093354,258
1,[],22,[],2019-03-04 02:05:29,48751.0,0.00000001,0.000000000000382466,6837845,2019-03-04 02:05:29,BTC,2.4175745,0.0,0.00000001,BTC,1762.0,0.0,0.00048751,259
1,[],5,[],2019-03-04 02:18:22,0.0,0,0,6838026,2019-03-04 02:18:22,btc,0.0,0.00317554,0,btc,0.0,0.0,0.0,264
1,[],20,[],2019-03-04 02:18:24,1259168.9934,0.000002111,0.00000000008068073120000001,6838027,2019-03-04 02:18:24,btc,7.4541845245902,53211.3362,0.000002111,btc,104939.2658,0.1685521132042,0.0242696339777,264
0,[],22,[],2019-03-04 02:05:36,0.0,0,0,6837848,2019-03-04 02:05:36,,8.45802393,0.0,0,,433537.34411321935,0.0,0.0,271
0,[],22,[],2019-03-04 02:18:26,0.0,0,0,6838028,2019-03-04 02:18:26,,264.68187857,0.0,0,,13780784220.692,0.0,0.0,272
0.0000000000000052,[],28,[],2019-03-04 02:18:28,228221740380.905,4.9400000000000004e-21,1.8880284800000002e-25,6838029,2019-03-04 02:18:28,doge,35444731.977070875,7490073907.4004,0.00000095,doge,199270367410.6363,0.0,6.559495881816418e-10,272
1,[],22,[],2019-03-04 02:18:33,168590.74,0.00000300,0.0000000001146576,6838030,2019-03-04 02:18:33,BTC,74.29622292,0.0,0.00000300,"BTC,LTC",8341.47763977319,0.01527176,0.05524491,281
1,[],22,[],2019-03-04 02:06:00,1073547.9047619049,0.00000007,0.0000000000026772619999999998,6837852,2019-03-04 02:06:00,BTC,1.18099624,0.0,0.00000007,BTC,113646.42110107285,0.00354174,0.03356866,286
0,[],22,[],2019-03-04 02:06:02,0.0,0,0,6837853,2019-03-04 02:06:02,,43639.61002824,0.0,0,,686497667.0,0.0,0.0,294
