pairValue,buyBook,exchangeId,sellBook,updated,buyTotal,satoshiPrice,usdPrice,exchangeLogId,created,bestPair,sellTotalBtc,volume,pairPrice,activePairs,sellTotal,volumeBtc,buyTotalBtc,coinId
1,[],3,[],2019-02-06 06:31:37,111.341830366621,0.01245017999999999992744026400259826914407312870025634765625,0.00000042562060846200004,6597804,2019-02-06 06:31:37,btc,107.06479206420815,0.01001001,0.01245017999999999992744026400259826914407312870025634765625,btc,21.823237050772,0.0,0.277448148294421,1
1,[],4,[],2019-02-06 06:31:38,120128.32183471,0.01252138,0.000000428054644542,6597805,2019-02-06 06:31:38,btc,1.046822926182393,0.0,0.01252138,btc,78.95112975,2.40555766,1.2846327219042655,1
0,[],2,[],2019-01-20 23:28:45,0.0,0,0,6477011,2019-01-20 23:28:45,,0.0,0.0,0,,0.0,0.0,0.0,1
1,[],5,[],2019-02-06 06:24:31,0.22997915,0.01230100,0.000000420632695,6597602,2019-02-06 06:24:31,btc,14578.03377582,0.01062329,0.01230100,btc,35555556.13857004,0.0,1.43870323,1
1,[],10,[],2019-02-06 06:24:33,414817.31069925,0.01162303,0.00000039744951084999997,6597603,2019-02-06 06:24:33,btc,6533.686873740975,2426.09972267,0.01162303,btc,1079.50460605,0.0,4.538399999929827,1
1,[],12,[],2019-02-06 06:24:35,10427.52793132,0.0124499999999999992617016886242709006182849407196044921875,0.00000042572775,6597604,2019-02-06 06:24:35,btc,0.3557628924742,0.0,0.0124499999999999992617016886242709006182849407196044921875,btc,22.46801447,0.9066365690897,0.2431330567089,1
1,[],20,[],2019-02-06 06:24:37,1149.2576,0.01200001,0.00000041034034195,6597605,2019-02-06 06:24:37,btc,0.0580330504203,0.0,0.01200001,btc,2.5989,0.0,0.0851527389985,1
1,[],21,[],2019-02-06 06:24:38,2405.38142101,0.01245672999999999919218396371,0.00000042595788234999997,6597606,2019-02-06 06:24:38,btc,22.975555853504837,11827.01300852,0.0124567299999999991921839637143420986831188201904296875,"btc,eth",2404.14848488,144.80050558676413,23.197345870757974,1
1,[],22,[],2019-02-06 06:24:49,0.0263776,0.01350000,0.0000004616325,6597607,2019-02-06 06:24:49,BTC,0.31397231,0.0,0.01350000,BTC,0.10124366666666666,0.0,0.00034472,1
1,[],24,[],2019-02-06 06:24:50,0.0,0.000000000000,0,6597608,2019-02-06 06:24:50,btc,0.0,0.0,0.000000000000,btc,0.0,0.0,0.0,1
0.0,[],25,[],2019-02-06 06:24:51,0.0,0,0,6597609,2019-02-06 06:24:51,btc,9.743399998455283,989.26210237,0.0,btc,743.41533211,12.5841,0.0,1
1,[],26,[],2019-02-06 06:25:00,0.0,0,0,6597610,2019-02-06 06:25:00,,0.0,0.0,0,,0.0,0.0,0.0,1
1,[],28,[],2019-02-06 06:25:11,987.9,0.01131000,0.00000038674545,6597611,2019-02-06 06:25:11,btc,0.162839806,17564.9,0.01131000,btc,8.9,0.0,0.024551096,1
1,[],5,[],2019-02-06 06:25:12,2.144e-05,0.00000074,0.0000000000253043,6597612,2019-02-06 06:25:12,btc,0.16130413,0.00418982,0.00000074,btc,7.143e-05,0.0,0.49712477,2
1,[],22,[],2019-02-06 06:25:16,1648.0,0.0000004,0.000000000013678,6597613,2019-02-06 06:25:16,BTC,4.22135011,0.0,0.0000004,"BTC,XMR",14604.712016896552,0.0,0.00107635,2
1,[],5,[],2019-02-06 06:25:17,1.25e-06,0.00000016,0.0000000000054712,6597614,2019-02-06 06:25:17,btc,3.47645255,0.15272849,0.00000016,btc,2.204e-05,0.0,3.03131549,3
1,[],12,[],2019-02-06 06:25:19,12218386.76674404,0.000000165,0.0000000000056421750000000004,6597615,2019-02-06 06:25:19,btc,921361.4990840559,0.0,0.000000165,btc,7985916.90962919,0.08027685635754328,0.5028640130149129,3
0,[],28,[],2019-02-06 06:25:20,0.0,0,0,6597616,2019-02-06 06:25:20,,0.0,0.0,0,,0.0,0.0,0.0,3
0,[],2,[],2019-01-20 23:31:32,0.0,0,0,6477077,2019-01-20 23:31:32,,0.0,0.0,0,,0.0,0.0,0.0,4
1,[],4,[],2019-02-06 06:25:21,520345.42775463,0.00000034,0.0000000000116263,6597617,2019-02-06 06:25:21,btc,0.359429325572406,0.0,0.00000034,btc,344082.23008056,0.00108,0.0858262231998988,4
1,[],12,[],2019-02-05 13:21:12,1437531.5219999999,0.00000005,0.00000000000173026,6590135,2019-02-05 13:21:12,btc,11013878.263129916,0.0,0.00000005,btc,932226.39031991,0.0018816659240752,0.02941814044,5
0,[],2,[],2019-01-20 23:31:51,0.0,0,0,6477087,2019-01-20 23:31:51,,0.0,0.0,0,,0.0,0.0,0.0,6
1,[],11,[],2019-02-06 06:25:22,11390109.4999525,0.00000002,0.0000000000006839,6597618,2019-02-06 06:25:22,btc,9433.346120114096,395587.333333,0.00000002,btc,41273438.51836007,0.0,0.19147367499905,6
1,[],3,[],2019-02-06 06:25:23,1066.558051320279,0.000150559999999999995050348200464895853656344115734100341796875,0.0000000051483992,6597619,2019-02-06 06:25:23,btc,27.600142753279105,0.0,0.000150559999999999995050348200464895853656344115734100341796875,btc,234.145665820227,0.0,0.03053197781660925,7
1,[],4,[],2019-02-06 06:25:24,21941.62495632,0.00020368,0.0000000069648376,6597620,2019-02-06 06:25:24,btc,2.8102599924521163,0.0,0.00020368,btc,12362.10123121,2.36621093,3.7371101889797083,7
1,[],5,[],2019-02-06 06:25:25,0.00692166,0.00020057,0.00000000685849115,6597621,2019-02-06 06:25:25,btc,1.1863811,0.44134836,0.00020057,btc,0.01217101,0.0,1.75903856,7
1,[],20,[],2019-02-06 06:25:27,66461509.91,0.000000001,0.000000000000034195,6597622,2019-02-06 06:25:27,btc,116.1315013062774,0.0,0.000000001,btc,28812144.5195,0.0,0.06646150991,8
1,[],1,[],2019-02-06 05:31:36,1802813.73,0.0000018599999999999999793589590402209665853661135770380496978759765625,0.00000000006356680200000001,6597440,2019-02-06 05:31:36,btc,1.6268386137000002,13548335.1,0.0000018599999999999999793589590402209665853661135770380496978759765625,btc,862307.3,25.75610562,3.3148605496,9
1,[],4,[],2019-02-06 05:31:37,310099.57549991,0.00000185,0.000000000063225045,6597441,2019-02-06 05:31:37,btc,0.9212753143480646,0.0,0.00000185,btc,465197.14460497,1.70118039,0.5400999241070723,9
1,[],28,[],2019-02-06 05:31:42,34500.0,0.00000165,0.000000000056389905,6597442,2019-02-06 05:31:42,btc,2708.7727397804,3668131.0,0.00000165,btc,15437.14,0.0,0.02854,9
0,[],2,[],2019-01-20 23:22:42,0.0,0,0,6476876,2019-01-20 23:22:42,,0.0,0.0,0,,0.0,0.0,0.0,9
0,[],23,[],2019-01-20 23:22:48,0.0,0,0,6476878,2019-01-20 23:22:48,,0.0,0.0,0,,0.0,0.0,0.0,9
1,[],4,[],2019-02-04 22:10:59,7341799.37826053,0.00000002,0.000000000000693444,6584299,2019-02-04 22:10:59,btc,0.1999615409270056,0.0,0.00000002,btc,4135980.29534268,0.00062922,0.0786653918652106,10
0,[],2,[],2019-01-20 23:23:08,0.0,0,0,6476890,2019-01-20 23:23:08,,0.0,0.0,0,,0.0,0.0,0.0,12
1,[],4,[],2019-02-06 06:25:28,2798328.53999878,0.00000151,0.000000000051634450000000004,6597623,2019-02-06 06:25:28,btc,1.1306979410155074,0.0,0.00000151,btc,704931.58898915,2.44587141,3.9216375729216724,12
1,[],5,[],2019-02-06 06:25:29,2.546e-05,0.00000148,0.0000000000506086,6597624,2019-02-06 06:25:29,btc,0.52288253,1.11452895,0.00000148,btc,0.0001266,0.0,0.27592925,12
0.0,[],25,[],2019-02-06 06:25:30,0.0,0,0,6597625,2019-02-06 06:25:30,,0.0,0.0,0.0,btc,0.0,0.0,0.0,12
1,[],10,[],2019-02-06 05:25:42,590727.50873771,0.0000058,0.00000000019810538000000002,6597255,2019-02-06 05:25:42,btc,666809.6096040383,15755.6583982,0.0000058,btc,733712.88000607,0.0,0.8166120943988439,13
1,[],4,[],2019-02-06 06:25:31,1274171.27095103,0.00000601,0.00000000020551195,6597626,2019-02-06 06:25:31,btc,0.3765232210890549,0.0,0.00000601,btc,58248.00910022,0.58487539,1.0590898721401094,13
1,[],21,[],2019-02-06 06:25:34,1616720.42215045,0.000006080000000000000233088288254,0.0000000002079056,6597627,2019-02-06 06:25:34,btc,3.629402418753672,1874149.45913316,0.0000060800000000000002330882882539686562495262478478252887725830078125,btc,518144.69085784,11.39016871,8.654504014646204,13
1,[],4,[],2019-02-06 06:25:35,1218203.59294835,0.00000156,0.0000000000533442,6597628,2019-02-06 06:25:35,btc,0.1211148345433357,0.0,0.00000156,btc,53130.75983085,0.11078209,0.5359142678109672,14
1,[],12,[],2019-02-06 06:25:36,90013.07041648,0.00000137999999999999991637657063836552850943917292170226573944091796875,0.0000000000471891,6597629,2019-02-06 06:25:36,btc,1.7638904531737392,0.0,0.00000137999999999999991637657063836552850943917292170226573944091796875,btc,28150.00592497,0.0027282892584408,0.0119184399999894,14
0,[],17,[],2019-02-06 06:25:38,0.0,0,0,6597630,2019-02-06 06:25:38,btc,0.0,0.0,0,btc,0.0,0.0,0.0,14
1,[],26,[],2019-02-06 06:25:38,0.0,0.00000049,0.00000000001675555,6597631,2019-02-06 06:25:38,btc,0.0,0.0,0.00000049,btc,0.0,0.0,0.0,14
0,[],4,[],2019-02-06 06:25:39,0.0,0,0,6597632,2019-02-06 06:25:39,,0.0,0.0,0,,0.0,0.0,0.0,15
,[],12,[],2018-12-01 15:15:48,204241.84496,0.00000489,0.000000000202473384,5260204,2018-12-01 15:15:48,btc,49.5475654835,0.0,,btc,35763.2193806,0.0163153972027625,0.0203389899998,15
1,[],4,[],2019-02-06 06:25:40,25730.61167667,0.00001935,0.0000000006616732500000001,6597633,2019-02-06 06:25:40,btc,2.2381288924925404,0.0,0.00001935,btc,8536.19204761,0.01281678,0.0941446820979559,18
1,[],10,[],2019-02-06 06:25:43,789420.62131641,0.00001711,0.00000000058507645,6597634,2019-02-06 06:25:43,btc,15.59444575319723,6446.15000511,0.00001711,btc,12861.87737577,0.0,0.2897630527418652,18
1,[],12,[],2019-02-06 06:25:44,200694.23196722,0.00001709999999999999890855535700229239637337741442024707794189453125,0.0000000005847345,6597635,2019-02-06 06:25:44,btc,0.1856903512466319,0.0,0.00001709999999999999890855535700229239637337741442024707794189453125,btc,1708.32700711,1.701e-07,0.014943579776908,18
0,[],17,[],2019-02-06 06:25:45,0.0,0,0,6597636,2019-02-06 06:25:45,btc,0.0,0.0,0,btc,0.0,0.0,0.0,18
0,[],2,[],2019-01-20 23:23:38,0.0,0,0,6476906,2019-01-20 23:23:38,,0.0,0.0,0,,0.0,0.0,0.0,18
1,[],3,[],2019-02-06 06:25:46,124774.02731616286,0.00002129999999999999935377213711173993715419783256947994232177734375,0.0000000007283535,6597637,2019-02-06 06:25:46,btc,0.45108056351261505,48.9950101884,0.00002129999999999999935377213711173993715419783256947994232177734375,btc,5278.103086604395,0.0,0.10149356604477154,19
1,[],4,[],2019-02-06 06:25:47,256491.2630546,0.00002500,0.000000000854875,6597638,2019-02-06 06:25:47,btc,0.3009148850763601,0.0,0.00002500,btc,10341.61559881,0.61531277,2.524534562766942,19
1,[],5,[],2019-02-06 06:25:49,0.00019838,0.00002560,0.000000000875392,6597639,2019-02-06 06:25:49,btc,0.27478764,0.00109783,0.00002560,btc,0.00308245,0.0,0.17683341,19
1,[],12,[],2019-02-06 06:25:50,134762.0,0.00002245999999999999841189535221275264120777137577533721923828125,0.0000000007680197,6597640,2019-02-06 06:25:50,btc,0.0295047182860893,0.0,0.00002245999999999999841189535221275264120777137577533721923828125,btc,313.41105484,0.0004011737062934,0.03137293,19
0,[],27,[],2019-02-06 06:25:52,0.0,0,0,6597641,2019-02-06 06:25:52,,0.0,0.0,0,btc,0.0,0.0,0.0,19
0,[],2,[],2019-01-20 23:24:19,0.0,0,0,6476924,2019-01-20 23:24:19,,0.0,0.0,0,,0.0,0.0,0.0,19
1,[],4,[],2019-02-06 06:25:53,8057697.45959016,0.00000013,0.00000000000444535,6597642,2019-02-06 06:25:53,btc,0.8115519375916198,0.0,0.00000013,btc,1594753.31171721,0.0,0.256911126491571,20
1,[],4,[],2019-02-06 06:25:53,122333504.84242225,0.00000002,0.0000000000006839,6597643,2019-02-06 06:25:53,btc,0.6347544070028488,0.0,0.00000002,btc,16082190.97885785,0.00481913,1.4562476810582854,21
1,[],12,[],2019-02-06 06:25:55,19032714.0,0.00000002,0.0000000000006839,6597644,2019-02-06 06:25:55,btc,669.5288089732579,0.0,0.00000002,btc,8530601.65434831,0.0015174614985015,0.25358663,21
0,[],17,[],2019-02-06 06:25:56,0.0,0,0,6597645,2019-02-06 06:25:56,btc,0.0,0.0,0,btc,0.0,0.0,0.0,21
1,[],12,[],2019-02-06 06:25:57,2189445999.531895,0.0000000002,0.000000000000006839,6597646,2019-02-06 06:25:57,btc,1729404717709.307,0.0,0.0000000002,btc,4201638508.344868,0.008773979392008456,0.22204667015318952,23
0,[],27,[],2019-02-06 06:26:00,0.0,0,0,6597647,2019-02-06 06:26:00,,0.424699,0.0,0,eth,424699.0,0.0,0.0,23
1,[],4,[],2019-02-06 06:26:00,404008.36995424,0.00000080,0.000000000027356,6597648,2019-02-06 06:26:00,btc,0.0715094505872157,0.0,0.00000080,btc,64758.11852336,0.01755398,0.2143581705052716,24
1,[],22,[],2019-02-06 06:26:05,11.76,0.00000100,0.000000000034195,6597649,2019-02-06 06:26:05,BTC,7.415e-05,0.0,0.00000100,BTC,23.919354838709676,0.0,1.176e-05,24
0.0,[],25,[],2019-02-06 06:26:06,0.0,0,0,6597650,2019-02-06 06:26:06,,0.0,0.0,0.0,btc,0.0,0.0,0.0,24
1,[],4,[],2019-02-06 06:26:07,27842866.08554866,0.00000650,0.0000000002222675,6597651,2019-02-06 06:26:07,btc,0.2671209934240882,0.0,0.00000650,btc,27578.32827018,0.05482776,0.4769664401658191,26
1,[],10,[],2019-02-06 06:26:09,731231.25121789,0.00000593,0.00000000020277635,6597652,2019-02-06 06:26:09,btc,25.97589687166888,0.0,0.00000593,btc,13135.32203084,0.0,0.20937508332376,26
0,[],2,[],2019-01-20 23:25:56,0.0,0,0,6476976,2019-01-20 23:25:56,,0.0,0.0,0,,0.0,0.0,0.0,26
1,[],3,[],2019-02-06 06:26:10,5900958.03885143,0.00000002,0.0000000000006839,6597653,2019-02-06 06:26:10,btc,2.512977308157026,1241669.59237,0.00000002,btc,16145243.5829197,0.0,0.0625593803885143,27
1,[],5,[],2019-02-06 06:26:11,1e-08,0.00000001,0.00000000000034195,6597654,2019-02-06 06:26:11,btc,1.51475804,0.00025563,0.00000001,btc,4.69e-05,0.0,0.10908384,27
1,[],11,[],2019-02-06 06:26:12,10064996.7912115,0.00000005,0.0000000000017097499999999999,6597655,2019-02-06 06:26:12,btc,370.63310344475406,219.9,0.00000005,btc,8170877.7193934005,0.0,0.4661206184459823,27
1,[],4,[],2019-02-06 06:26:13,612259796.9051878,0.00000002,0.0000000000006839,6597656,2019-02-06 06:26:13,btc,2.8103936128532645,0.0,0.00000002,"btc,ltc",88458549.48754373,1.7496944,7.384141159892997,29
1,[],7,[],2019-02-06 06:26:14,39563754.33080665,0.00000003,0.00000000000102585,6597657,2019-02-06 06:26:14,btc,44465206.31830898,983543.475707,0.00000003,btc,43104065.89295752,0.03777019,0.7192742237740023,29
1,[],4,[],2019-02-06 06:26:15,1562145.25873935,0.00000030,0.0000000000102585,6597658,2019-02-06 06:26:15,btc,0.2674281540286688,0.0,0.00000030,btc,550927.14527524,0.01658233,0.1287595108407702,30
0,[],17,[],2019-02-06 06:26:16,0.0,0,0,6597659,2019-02-06 06:26:16,btc,0.0,0.0,0,btc,0.0,0.0,0.0,30
1,[],4,[],2019-02-06 06:26:17,1138690.52083957,0.00006601,0.00000000225721195,6597660,2019-02-06 06:26:17,btc,1.5133661571441162,0.0,0.00006601,btc,18404.58398615,1.25630693,2.2346031459703144,31
1,[],21,[],2019-02-06 06:26:18,52633.7850019,0.00006831000000000000157811264057,0.00000000233586045,6597661,2019-02-06 06:26:18,btc,4.3920895733648075,193201.43416207,0.00006831000000000000157811264056562094992841593921184539794921875,btc,58272.3993291,13.6388408,3.373286395715319,31
0,[],2,[],2019-01-20 23:28:43,0.0,0,0,6477009,2019-01-20 23:28:43,,0.0,0.0,0,,0.0,0.0,0.0,32
1,[],4,[],2019-02-06 06:26:19,149944853.57964742,0.00000005,0.00000000000170975,6597662,2019-02-06 06:26:19,btc,2.377790986076686,0.0,0.00000005,"btc,ltc",46631418.66018459,1.67222921,2.6804448995972967,33
1,[],12,[],2019-02-06 06:26:20,17249420.0,0.00000005,0.0000000000017097499999999999,6597663,2019-02-06 06:26:20,btc,17261782.281973783,0.0,0.00000005,btc,89717993.82617365,0.0028118665234764,0.63170048,33
1,[],4,[],2019-02-06 06:26:21,131249978.70410582,0.00000002,0.0000000000006839,6597664,2019-02-06 06:26:21,btc,0.7718515075124847,0.0,0.00000002,btc,25728383.58374949,0.11852562,1.3591113019505372,34
1,[],5,[],2019-02-06 06:26:22,3e-08,0.00000002,0.0000000000006839,6597665,2019-02-06 06:26:22,btc,3.67015774,0.11415532,0.00000002,btc,1.394e-05,0.0,0.86391128,34
0.00000000009596810000000001,[],4,[],2019-02-06 06:26:22,1263638825.0149999,2.8790430000000004e-18,9.844887538500001e-23,6597666,2019-02-06 06:26:22,ltc,7.3339458022904e-09,0.0,0.00000003,ltc,1563354827.403685,0.0,2.383031541633981e-09,36
1,[],5,[],2019-02-06 06:26:24,0.0,0,0,6597667,2019-02-06 06:26:24,btc,193.19402136,0.0,0,btc,1.295e-05,0.0,0.0,36
0,[],17,[],2019-02-06 06:26:25,0.0,0,0,6597668,2019-02-06 06:26:25,btc,0.1418527082390212,0.0,0,btc,10826074.27743647,0.0,0.0,36
0.00000000009596810000000001,[],27,[],2019-02-06 06:26:27,1000000.0,1.919362e-18,6.563258359000001e-23,6597669,2019-02-06 06:26:27,ltc,447.7307980744,6.0,0.00000002,"ltc,eth",3711879.06,8.637129000000001e-17,1.9193620000000004e-12,36
1,[],4,[],2019-02-06 06:26:28,337302.80024135,0.00000137,0.00000000004684715,6597670,2019-02-06 06:26:28,btc,0.4265747402328567,0.0,0.00000137,btc,234343.91475441,0.16428029,0.2571389228621805,37
1,[],12,[],2019-02-06 06:26:29,396667.47154935,0.000001349999999999999991849510168340220417348973569460213184356689453125,0.00000000004616325,6597671,2019-02-06 06:26:29,btc,1337.852235561716,0.0,0.000001349999999999999991849510168340220417348973569460213184356689453125,btc,819361.00467652,0.3234687708282698,0.250760760000002,37
1,[],17,[],2019-02-06 06:26:30,1752.74075282,0.00000025,0.00000000000854875,6597672,2019-02-06 06:26:30,btc,0.055484923960611075,0.0,0.00000025,btc,1387.19918473,0.0,0.00043818518820499993,37
1,[],27,[],2019-02-06 06:26:32,16833.0,0.00000052,0.0000000000177814,6597673,2019-02-06 06:26:32,btc,32.34621317030353,0.0,0.00000052,btc,19579.81438508,0.0,0.00570484,37
1,[],5,[],2019-02-06 06:26:33,1.508e-05,0.00000106,0.0000000000362467,6597674,2019-02-06 06:26:33,btc,0.10043922,0.02483831,0.00000106,btc,0.00011865,0.0,0.03922255,42
1,[],12,[],2019-02-06 06:26:34,145986.08602357,0.00000110999999999999996035831596741250137938550324179232120513916015625,0.000000000037956449999999997,6597675,2019-02-06 06:26:34,btc,85.06931307340353,0.0,0.00000110999999999999996035831596741250137938550324179232120513916015625,btc,98933.42743482,0.0273795559818574,0.050970840000007296,42
0,[],27,[],2019-02-06 06:26:37,0.0,0,0,6597676,2019-02-06 06:26:37,,0.00315028,0.0,0,"btc,eth",11.007,0.0,0.0,42
1,[],5,[],2019-02-06 06:26:38,6e-08,0.00000003,0.0000000000010258500000000001,6597677,2019-02-06 06:26:38,btc,6.07695941,0.01668796,0.00000003,btc,1.475e-05,0.0,0.52740125,43
1,[],12,[],2019-02-06 06:26:39,6519946.0,0.00000002,0.0000000000006839,6597678,2019-02-06 06:26:39,btc,20007456.464672454,0.0,0.00000002,btc,38833161.74765234,0.0,0.06537777,43
0,[],17,[],2019-02-06 06:26:41,0.0,0,0,6597679,2019-02-06 06:26:41,btc,0.0,0.0,0,btc,0.0,0.0,0.0,43
1,[],12,[],2019-02-06 06:26:42,839675.0,0.00000007,0.0000000000023936500000000004,6597680,2019-02-06 06:26:42,btc,11115166.021777295,0.0,0.00000007,btc,989108.23576426,0.0007350111988007,0.02401643,44
1,[],4,[],2019-02-06 06:26:43,234628909.38971272,0.00000002,0.0000000000006839,6597681,2019-02-06 06:26:43,btc,0.18826324114889414,0.0,0.00000002,"btc,ltc",4445262.71947867,0.0,0.5347245788652967,49
0.00000000009596810000000001,[],4,[],2019-02-06 06:26:43,4872708538.91023,1.919362e-18,6.563258359000001e-23,6597682,2019-02-06 06:26:43,ltc,4.645173503871501,0.0,0.00000002,ltc,1720102486.4112504,0.0,5.043265433624059e-09,52
0,[],22,[],2019-02-06 06:26:46,0.0,0,0,6597683,2019-02-06 06:26:46,,3693.16111,0.0,0,,247825727.90882352,0.0,0.0,57
0,[],27,[],2019-02-06 06:26:47,0.0,0,0,6597684,2019-02-06 06:26:47,,0.0,0.0,0,"btc,eth",0.0,0.0,0.0,57
0.00000000009596810000000001,[],4,[],2019-02-06 06:26:48,1608690207.9059076,4.7984050000000005e-18,1.6408145897500003e-22,6597685,2019-02-06 06:26:48,ltc,3.2816298270514372,0.0,0.00000005,ltc,1148830316.8992732,0.00657951,5.041513147055014e-09,58
1,[],12,[],2019-02-06 06:26:49,2142667977.175957,0.0000000006,0.000000000000020517,6597686,2019-02-06 06:26:49,btc,625181485533.3066,0.0,0.0000000006,btc,3378601347.212887,0.010441153071328695,0.7914660697003392,58
0,[],17,[],2019-02-06 06:26:51,0.0,0,0,6597687,2019-02-06 06:26:51,btc,1e+24,0.0,0,btc,41616695.95832568,0.0,0.0,58
0.0000000001234655,[],22,[],2019-02-06 06:26:54,137438.0,1.234655e-18,4.2219027725e-23,6597688,2019-02-06 06:26:54,XMR,69.8835922,0.0,0.00000001,XMR,9887963.0,0.0,0.00137438,58
1,[],5,[],2019-02-06 06:26:55,5.81e-06,0.00000060,0.000000000020517,6597689,2019-02-06 06:26:55,btc,0.28555066,0.00277495,0.00000060,btc,0.0001336,0.0,0.04465424,61
1,[],22,[],2019-02-06 06:27:07,5111.5,0.00000011,0.00000000000376145,6597690,2019-02-06 06:27:07,BTC,1002.29606732,0.0,0.00000011,BTC,15028.700278135757,0.0,0.00051178,61
1,[],26,[],2019-02-06 06:27:07,0.0,0.00000800,0.00000000027356,6597691,2019-02-06 06:27:07,btc,0.0,0.0,0.00000800,btc,0.0,0.0,0.0,61
1,[],27,[],2019-02-06 06:27:09,100.0,0.00000032,0.0000000000109424,6597692,2019-02-06 06:27:09,btc,0.077778,0.0,0.00000032,"btc,eth",154.84,0.0,3.1e-05,61
1,[],28,[],2019-02-06 06:27:11,6884.304,0.0000006,0.000000000020517,6597693,2019-02-06 06:27:11,btc,2.064613633700105,740.0,0.0000006,btc,11345.10450005,0.0,0.00216611304,61
1,[],4,[],2019-02-06 06:27:11,1002745.97431593,0.00000187,0.00000000006394465,6597694,2019-02-06 06:27:11,btc,0.710740046922622,0.0,0.00000187,btc,218939.62285518,0.30921271,0.9364665758837408,67
0.0,[],25,[],2019-02-06 06:27:13,0.0,0,0,6597695,2019-02-06 06:27:13,,0.0,0.0,0.0,btc,0.0,0.0,0.0,67
1,[],12,[],2019-02-06 06:27:14,2609415.07671718,0.00000022,0.0000000000075229,6597696,2019-02-06 06:27:14,btc,11115995.627646483,0.0,0.00000022,btc,2291411.15644355,0.0372514758697119,0.0824693173611136,71
,[],5,[],2018-11-20 23:02:39,1.5e-07,0.00000005,0.000000000002128045,4862160,2018-11-20 23:02:39,btc,2.84511358,0.0,,btc,0.00036572,0.0,0.07381892,74
1,[],5,[],2019-01-25 15:53:51,3.303e-05,0.00000156,0.000000000055588884,6499610,2019-01-25 15:53:51,btc,1.42844212,0.0,0.00000156,btc,0.00015937,0.0,0.49487621,75
1,[],4,[],2019-02-06 06:27:15,71007797.82492337,0.00000001,0.00000000000034195,6597697,2019-02-06 06:27:15,btc,0.8140611123105091,0.0,0.00000001,btc,15190754.69973608,0.0,0.7100779782492337,81
0,[],20,[],2019-01-25 09:30:31,0.0,0,0,6495923,2019-01-25 09:30:31,btc,0.0,0.0,0,btc,0.0,0.0,0.0,81
1,[],4,[],2019-02-06 06:27:17,23956.08946578,0.00007204,0.0000000024634078,6597698,2019-02-06 06:27:17,btc,0.9613259598429255,0.0,0.00007204,btc,8577.80979327,0.04194371,0.0988249819693613,82
1,[],21,[],2019-02-06 06:27:17,81092.21843012,0.00007514999999999999707577663655,0.00000000256975425,6597699,2019-02-06 06:27:17,btc,3.348717242993671,2191.54356538,0.000075149999999999997075776636545896280949818901717662811279296875,btc,38301.776860160004,0.16578917,4.036313807410508,82
0,[],17,[],2019-02-06 06:27:19,0.0,0,0,6597700,2019-02-06 06:27:19,btc,0.0447233088476774,0.0,0,btc,999127.19588126,0.0,0.0,84
0.00000000009596810000000001,[],4,[],2019-02-06 06:27:20,333796372.84240305,1.1516172000000002e-17,3.9379550154000004e-22,6597701,2019-02-06 06:27:20,ltc,0.19569063222157804,0.0,0.00000012,ltc,68496273.96677966,0.0001,1.2808108871402934e-09,85
,[],22,[],2018-11-20 23:09:34,3408.1,0.0000001,0.0000000000041895,4862324,2018-11-20 23:09:34,BTC,0.04624735,0.0,,BTC,4990.0,0.0,0.00033081,86
1,[],22,[],2019-02-06 06:27:24,740.0,0.00000005,0.00000000000170975,6597702,2019-02-06 06:27:24,BTC,2.07746772,0.0,0.00000005,BTC,141362.94736842104,0.0006732,3.7e-05,87
0,[],27,[],2019-02-06 06:27:26,0.0,0,0,6597703,2019-02-06 06:27:26,,0.0,0.0,0,btc,0.0,0.0,0.0,87
,[],2,[],2018-11-20 23:10:47,0.0,0,0,4862359,2018-11-20 23:10:47,,0.0,0.0,,,0.0,0.0,0.0,88
1,[],11,[],2019-02-06 06:27:27,97869.46971005,0.00017721999999999998713119675475269332309835590422153472900390625,0.0000000060600379,6597704,2019-02-06 06:27:27,btc,245.84423771768107,65.1,0.00017721999999999998713119675475269332309835590422153472900390625,btc,184115.11815036,0.0,6.880155737898634,89
0,[],2,[],2019-01-20 23:31:45,0.0,0,0,6477083,2019-01-20 23:31:45,,0.0,0.0,0,,0.0,0.0,0.0,91
1,[],12,[],2019-02-06 06:27:28,457045.6194058,0.00000374000000000000019074694081189225158823319361545145511627197265625,0.00000000012788930000000002,6597705,2019-02-06 06:27:28,btc,1115.5050431968916,0.0,0.00000374000000000000019074694081189225158823319361545145511627197265625,btc,37241.57181223,0.0036499662476344,0.1102747856998816,91
0,[],17,[],2019-02-06 06:27:29,0.0,0,0,6597706,2019-02-06 06:27:29,btc,0.0,0.0,0,btc,0.0,0.0,0.0,91
0.00000000009596810000000001,[],22,[],2019-02-06 06:27:33,28845304.0,5.758086000000001e-18,1.9689775077000002e-22,6597707,2019-02-06 06:27:33,LTC,8.80758359,0.0,0.00000006,LTC,76429729.6,1.5497504596600002e-12,1.18962528,95
0.00000000009596810000000001,[],4,[],2019-02-06 06:27:33,131912084.46770132,9.212937600000001e-17,3.1503640123200003e-21,6597708,2019-02-06 06:27:33,ltc,0.8841044716666563,0.0,0.00000096,ltc,45194494.67909744,0.01430026,6.68048230846015e-10,96
0,[],12,[],2019-02-06 06:27:34,0.0,0,0,6597709,2019-02-06 06:27:34,btc,255063.47401420563,0.0,0,btc,8833522.33497476,0.00222841998002,0.0,96
0,[],17,[],2019-02-06 06:27:36,0.0,0,0,6597710,2019-02-06 06:27:36,btc,0.0,0.0,0,btc,0.0,0.0,0.0,96
1,[],4,[],2019-02-06 06:27:37,1490313.43286789,0.00000030,0.0000000000102585,6597711,2019-02-06 06:27:37,btc,0.2619943034307928,0.0,0.00000030,btc,485870.63740112,0.08939519,0.1291877559207934,99
1,[],4,[],2019-02-06 06:27:38,67781.7441357,0.00004244,0.0000000014512358,6597712,2019-02-06 06:27:38,btc,1.22944530251977,0.0,0.00004244,btc,26407.13772167,0.81585041,2.6522308117745625,100
0,[],2,[],2019-01-20 23:23:55,0.0,0,0,6476914,2019-01-20 23:23:55,,0.0,0.0,0,,0.0,0.0,0.0,100
1,[],22,[],2019-02-06 06:27:41,50000.0,0.00000001,0.00000000000034195,6597713,2019-02-06 06:27:41,BTC,23.50383609,0.0,0.00000001,BTC,11277.22,0.0,0.0005,101
1,[],4,[],2019-02-06 06:27:42,156567.14159064,0.00000101,0.00000000003453695,6597714,2019-02-06 06:27:42,btc,0.3945960892264505,0.0,0.00000101,btc,149781.25832067,0.01410743,0.105649216020178,103
1,[],12,[],2019-02-06 06:27:44,67255359.5303887,0.000000016,0.00000000000054712,6597715,2019-02-06 06:27:44,btc,138278918.81211376,0.0,0.000000016,btc,130573281.57017696,0.09570853227739975,0.4409393234862192,105
1,[],27,[],2019-02-06 06:27:45,10161405.89,0.00000001,0.00000000000034195,6597716,2019-02-06 06:27:45,btc,0.620832568896094,0.0,0.00000001,btc,708411.74181977,0.0,0.1016140589,105
0,[],22,[],2019-02-06 06:27:48,0.0,0,0,6597717,2019-02-06 06:27:48,,1.07253299,0.0,0,,94300.0,0.0,0.0,107
1,[],26,[],2019-02-06 06:27:48,0.0,0.00000000,0,6597718,2019-02-06 06:27:48,btc,0.0,0.0,0.00000000,btc,0.0,0.0,0.0,107
1,[],5,[],2019-02-06 06:27:49,3e-08,0.00000002,0.0000000000006839,6597719,2019-02-06 06:27:49,btc,2.84397629,0.02826955,0.00000002,btc,1.649e-05,0.0,0.12163854,112
1,[],22,[],2019-02-06 06:27:52,16833.0,0.00000001,0.00000000000034195,6597720,2019-02-06 06:27:52,BTC,2.81683288,0.0,0.00000001,BTC,808529.0833333334,0.0,0.00016833,112
0.0000000003024824,[],27,[],2019-02-06 06:27:55,500000.0,3.024824e-18,1.0343385668000001e-22,6597721,2019-02-06 06:27:55,eth,1.25132491849924,0.0,0.00000001,"btc,eth",1327.641654,0.0,1.512412e-12,112
1,[],4,[],2019-02-06 06:27:55,491481.8897154,0.00000425,0.00000000014532875,6597722,2019-02-06 06:27:55,btc,0.3971414325514388,0.0,0.00000425,btc,71163.58630741,0.0752333,0.3505476162709175,113
1,[],5,[],2019-02-06 06:27:56,2.885e-05,0.00000400,0.00000000013678,6597723,2019-02-06 06:27:56,btc,2.17699167,0.00040636,0.00000400,btc,0.00320402,0.0,0.28311944,113
1,[],17,[],2019-02-06 06:27:58,174538.724,0.00000004,0.0000000000013678,6597724,2019-02-06 06:27:58,btc,1.3368030273922002,0.0,0.00000004,btc,51896.221,0.0,0.00308154896,116
0,[],27,[],2019-02-06 06:28:00,0.0,0,0,6597725,2019-02-06 06:28:00,,0.0,0.0,0,btc,0.0,0.0,0.0,116
1,[],4,[],2019-02-06 06:28:01,42662.00120691,0.00002561,0.0000000008757339500000001,6597726,2019-02-06 06:28:01,btc,0.4710313026211794,0.0,0.00002561,btc,14546.03290844,0.17008786,0.818765708829683,120
1,[],7,[],2019-02-06 06:28:02,15073.910314,0.00001809000000000000128838779922535451305520837195217609405517578125,0.0000000006185875500000001,6597727,2019-02-06 06:28:02,btc,88979.22936050751,0.0,0.00001809000000000000128838779922535451305520837195217609405517578125,btc,29842.6442671,0.0,0.1350052966097886,120
1,[],20,[],2019-02-06 05:28:08,1624519.8906,0.000000014,0.0000000000004781854000000001,6597357,2019-02-06 05:28:08,btc,33.7483191531607,2508.3,0.000000014,btc,1052781.1766,3.51162e-05,0.0090170970172,125
1,[],22,[],2019-02-06 06:28:14,3053.0,0.00000001,0.00000000000034195,6597728,2019-02-06 06:28:14,BTC,0.01444889,0.0,0.00000001,BTC,296264.5111111111,0.0,3.053e-05,126
1,[],4,[],2019-02-06 06:28:14,169798.87646693,0.00001656,0.0000000005662692,6597729,2019-02-06 06:28:14,btc,0.4498753994058008,0.0,0.00001656,btc,22485.33452332,0.41298608,0.8067162828853987,131
0,[],17,[],2019-02-06 06:28:15,0.0,0,0,6597730,2019-02-06 06:28:15,btc,0.0009561751951600001,0.0,0,btc,35.42829368,0.0,0.0,131
0,[],2,[],2019-01-20 23:25:46,0.0,0,0,6476969,2019-01-20 23:25:46,,0.0,0.0,0,,0.0,0.0,0.0,131
1,[],4,[],2019-02-06 06:28:16,4717.21742885,0.00016000,0.0000000054712,6597731,2019-02-06 06:28:16,btc,1.6406770130742123,0.0,0.00016000,btc,301.83066201,0.0,0.019564983310502,135
1,[],3,[],2019-02-06 06:28:16,1823634.55795659,0.00000005,0.0000000000017097499999999999,6597732,2019-02-06 06:28:16,btc,0.1384405741634616,42506.2795,0.00000005,btc,433448.99912586,0.0,0.06704926272561,136
1,[],4,[],2019-02-06 06:28:17,83497.40060329,0.00000175,0.00000000005984125,6597733,2019-02-06 06:28:17,btc,0.0755048496487258,0.0,0.00000175,btc,34303.97077315,0.0279554,0.1116093271732073,137
1,[],12,[],2019-02-06 06:28:18,313956.78943601,0.00000172000000000000004922169442866941579950434970669448375701904296875,0.0000000000588154,6597734,2019-02-06 06:28:18,btc,11982.945874613297,0.0,0.00000172000000000000004922169442866941579950434970669448375701904296875,btc,157797.11367318,0.002050845555692,0.0565766243350842,137
1,[],5,[],2019-02-06 06:28:19,0.00180647,0.00004503,0.00000000153980085,6597735,2019-02-06 06:28:19,btc,2.14682541,2.51680006,0.00004503,btc,0.00254578,0.0,2.05477744,142
1,[],17,[],2019-02-06 06:28:20,12500.0,0.0000001,0.0000000000034194999999999997,6597736,2019-02-06 06:28:20,btc,20.261021578906693,0.0,0.0000001,btc,5931.99821453,0.0,0.00125,142
1,[],20,[],2019-02-06 06:28:22,149884.9393,0.000040555,0.000000001386778225,6597737,2019-02-06 06:28:22,btc,3.117606365767,223.742,0.000040555,btc,6014.3882,0.009848451124,0.2560331045843,142
1,[],22,[],2019-02-06 06:28:25,960.0,0.00000025,0.00000000000854875,6597738,2019-02-06 06:28:25,BTC,3.00449528,0.0,0.00000025,BTC,899.098,0.0,0.0001282,142
0.0,[],25,[],2019-02-06 06:28:27,0.0,0,0,6597739,2019-02-06 06:28:27,,0.0,0.0,0.0,btc,0.0,0.0,0.0,142
1,[],28,[],2019-02-06 06:28:34,79265.0,0.00004400,0.00000000150458,6597740,2019-02-06 06:28:34,btc,0.04554194,1122.9444,0.00004400,btc,921.772,0.0,0.0585837,142
0,[],22,[],2019-02-06 06:28:43,0.0,0,0,6597741,2019-02-06 06:28:43,,60.35647098,0.0,0,,815052049.8,0.0,0.0,143
1,[],21,[],2019-02-06 06:28:44,31529532.65894452,0.00000027,0.00000000000923265,6597742,2019-02-06 06:28:44,btc,54.891241598687365,2473616.89761895,0.00000027,btc,95789509.6223315,0.65807623,4.444917946957263,145
0,[],22,[],2019-02-06 06:28:47,0.0,0,0,6597743,2019-02-06 06:28:47,,3.33248929,0.0,0,,1970827.5,0.0,0.0,146
,[],22,[],2018-11-20 23:01:11,0.0,0,0,4862114,2018-11-20 23:01:11,,2.56807021,0.0,,,61828.4988236,0.0,0.0,147
1,[],12,[],2019-02-06 06:28:48,8691340.13608437,0.000003360000000000000017360245185837896997327334247529506683349609375,0.00000000011489520000000001,6597744,2019-02-06 06:28:48,btc,16.531775945648153,0.0,0.000003360000000000000017360245185837896997327334247529506683349609375,btc,116204.22421239,0.0073842759706565,0.1342888899996846,148
1,[],4,[],2019-02-06 06:28:50,308292.39194931,0.00000028,0.0000000000095746,6597745,2019-02-06 06:28:50,btc,0.9213102108322636,0.0,0.00000028,btc,819380.83819925,0.0,0.0682596103946448,152
0,[],22,[],2019-02-06 06:28:52,0.0,0,0,6597746,2019-02-06 06:28:52,,0.0,0.0,0,,0.0,0.0,0.0,152
1,[],5,[],2019-02-06 06:28:54,0.0,0,0,6597747,2019-02-06 06:28:54,btc,4.41894381,0.0,0,btc,0.00161275,0.0,0.0,153
,[],16,[],2019-01-11 15:38:59,0.0,0,0,6366141,2019-01-11 15:38:59,btc,0.0,0.0,,btc,0.0,0.0,0.0,155
0,[],22,[],2019-02-06 06:28:57,0.0,0,0,6597748,2019-02-06 06:28:57,,6.74512347,0.0,0,,4576272.742592593,0.0,0.0,156
0,[],23,[],2019-01-20 23:24:29,0.0,0,0,6476932,2019-01-20 23:24:29,,0.0,0.0,0,,0.0,0.0,0.0,156
1,[],22,[],2019-02-06 06:29:00,7906.0,0.00000801,0.00000000027390195,6597749,2019-02-06 06:29:00,BTC,43.78801181,0.0,0.00000801,BTC,1067.5805334758436,0.0,0.00743836,157
0,[],22,[],2019-02-06 06:29:03,0.0,0,0,6597750,2019-02-06 06:29:03,,50175.6753658,0.0,0,,54007107.04179466,0.0,0.0,158
,[],17,[],2018-11-20 22:56:10,0.0,0,0,4861976,2018-11-20 22:56:10,btc,1.1265625,0.0,,btc,1000.0,0.0,0.0,159
,[],20,[],2018-11-20 22:56:12,0.0,0,0,4861977,2018-11-20 22:56:12,btc,11912.7940471,0.0,,btc,34413894.3617,0.0,0.0,159
1,[],12,[],2019-02-06 06:29:05,193997.43724454,0.000008189999999999999512920005606542162013283814303576946258544921875,0.00000000028005705,6597751,2019-02-06 06:29:05,btc,6.687213158425969,0.0,0.000008189999999999999512920005606542162013283814303576946258544921875,btc,14826.68457607,0.0055914945679738,0.0911659464999591,168
1,[],17,[],2019-02-06 06:29:06,29784.95,0.000001,0.000000000034195,6597752,2019-02-06 06:29:06,btc,0.03026736251542,0.0,0.000001,btc,144.46171372,0.0,0.00716147,168
0,[],22,[],2019-02-06 06:29:09,0.0,0,0,6597753,2019-02-06 06:29:09,,1.14688224,0.0,0,,677302.5900917595,0.0,0.0,169
1,[],22,[],2019-02-06 06:29:13,208086.64375,0.00000032,0.0000000000109424,6597754,2019-02-06 06:29:13,BTC,10.3284283,0.0,0.00000032,BTC,121866.25376245659,0.0007135,0.02607533,171
1,[],22,[],2019-02-06 06:29:16,255092.31547619047,0.00000024,0.000000000008206800000000001,6597755,2019-02-06 06:29:16,BTC,2.65581894,0.0,0.00000024,BTC,232438.90063751178,7.798e-05,0.02462075,173
1,[],5,[],2019-02-06 06:29:17,2.722e-05,0.00000333,0.00000000011386935,6597756,2019-02-06 06:29:17,btc,0.3667391,0.03267687,0.00000333,btc,0.00029262,0.0,0.73389517,175
1,[],22,[],2019-02-06 06:29:21,66449.25714285714,0.00000052,0.0000000000177814,6597757,2019-02-06 06:29:21,BTC,0.63358303,0.0,0.00000052,BTC,155090.40184992214,0.0,0.02434957,176
1,[],7,[],2019-02-06 06:29:22,0.0,0,0,6597758,2019-02-06 06:29:22,btc,233187.8026514405,0.0,0,btc,115099540.36229606,0.0,0.0,178
0,[],22,[],2019-02-06 06:29:24,0.0,0,0,6597759,2019-02-06 06:29:24,,1.00242428,0.0,0,,57512.0,0.0,0.0,178
0,[],2,[],2019-01-20 23:28:34,0.0,0,0,6477001,2019-01-20 23:28:34,,0.0,0.0,0,,0.0,0.0,0.0,178
1,[],5,[],2019-02-06 06:29:26,3e-08,0.00000002,0.0000000000006839,6597760,2019-02-06 06:29:26,btc,17.05420538,0.05065724,0.00000002,btc,2.088e-05,0.0,1.04908334,179
1,[],22,[],2019-02-06 06:29:30,8340773.0,0.00000002,0.0000000000006839,6597761,2019-02-06 06:29:30,BTC,5.51777529,0.0,0.00000002,"BTC,LTC",18717632.068656635,0.0,0.3940753,179
0,[],23,[],2019-01-20 23:25:08,0.0,0,0,6476952,2019-01-20 23:25:08,,0.0,0.0,0,,0.0,0.0,0.0,179
1,[],17,[],2019-02-06 06:29:32,10504.725,0.0000001,0.0000000000034194999999999997,6597762,2019-02-06 06:29:32,btc,5.206166879876696,0.0,0.0000001,btc,6755.0074587,0.0,0.0010504725,180
1,[],22,[],2019-02-06 06:29:36,39271.94545454546,0.00000011,0.00000000000376145,6597763,2019-02-06 06:29:36,BTC,0.09645713,0.0,0.00000011,"BTC,LTC",17090.39315481,2.75e-05,0.00410637,180
1,[],26,[],2019-02-06 06:29:36,0.0,0.00000010,0.0000000000034195,6597764,2019-02-06 06:29:36,btc,0.0,0.0,0.00000010,btc,0.0,0.0,0.0,180
,[],7,[],2018-11-20 22:58:01,562227.975654,0.00000085,0.000000000036176765,4862015,2018-11-20 22:58:01,btc,21836.6059674,2491.87645172,,btc,749999.041456,0.00211021,0.127565380455,183
,[],5,[],2019-01-10 08:11:41,0.0,0,0,6347036,2019-01-10 08:11:41,btc,82.15055501,0.00261,,btc,1.19002445,0.0,0.0,187
1,[],24,[],2019-02-06 06:29:36,0.0,0.000000000001,3.4195e-17,6597765,2019-02-06 06:29:36,btc,0.0,0.0,0.000000000001,btc,0.0,0.0,0.0,187
,[],17,[],2018-11-16 20:58:10,4062536.27273,0.00000001,0.000000000000550501,4708775,2018-11-16 20:58:10,btc,3.36492563466,0.195460381006,,"btc,eth",110697919.549,0.0,0.0157628953496,187
0,[],22,[],2019-02-06 06:29:38,0.0,0,0,6597766,2019-02-06 06:29:38,,1.19383767,0.0,0,,14406.036201072173,0.0,0.0,191
0,[],22,[],2019-02-06 06:29:43,0.0,0,0,6597767,2019-02-06 06:29:43,,0.0,0.0,0,,0.0,0.0,0.0,197
0,[],23,[],2019-01-20 23:31:41,0.0,0,0,6477079,2019-01-20 23:31:41,,0.0,0.0,0,,0.0,0.0,0.0,199
1,[],26,[],2019-02-06 06:29:43,0.0,0.00000000,0,6597768,2019-02-06 06:29:43,btc,0.0,745640.0,0.00000000,btc,0.0,0.0,0.0,199
0,[],17,[],2019-01-30 16:32:01,0.0,0,0,6540827,2019-01-30 16:32:01,btc,6.802544163788159,0.0,0,btc,105897.55575295,0.0,0.0,200
0,[],2,[],2019-01-20 23:30:49,0.0,0,0,6477059,2019-01-20 23:30:49,,0.0,0.0,0,,0.0,0.0,0.0,201
1,[],4,[],2019-01-25 15:51:35,2084389.58565343,0.00000936,0.000000000333526752,6499557,2019-01-25 15:51:35,btc,2.0092503037378524,0.0,0.00000936,btc,160195.80207885,0.19272417,1.242687955921835,211
1,[],7,[],2019-02-06 06:29:46,12157851.48444447,0.000001410000000000000052661867921965921368609997443854808807373046875,0.00000000004821495,6597769,2019-02-06 06:29:46,btc,16567793.797322843,730119.630338,0.000001410000000000000052661867921965921368609997443854808807373046875,btc,13020824.45902332,0.0,4.456546991667462,212
1,[],12,[],2019-01-25 02:44:32,207462.42853209,0.000001080000000000000035831255497387193287295303889550268650054931640625,0.000000000038610756000000006,6493050,2019-01-25 02:44:32,btc,85023.03793723314,0.0,0.000001080000000000000035831255497387193287295303889550268650054931640625,btc,43675.73520027,0.000146250909087,0.0348620860622024,213
1,[],5,[],2019-02-06 06:29:47,5.03e-06,0.00000037,0.00000000001265215,6597770,2019-02-06 06:29:47,btc,1.2189705,0.18388922,0.00000037,btc,3.325e-05,0.0,0.3458054,213
1,[],24,[],2019-02-06 06:29:47,0.0,0.000000050000,0.00000000000170975,6597771,2019-02-06 06:29:47,btc,0.0,0.0,0.000000050000,btc,0.0,0.0,0.0,213
1,[],26,[],2019-02-06 06:29:48,0.0,0.00000009,0.00000000000307755,6597772,2019-02-06 06:29:48,btc,0.0,0.0,0.00000009,btc,0.0,0.0,0.0,213
1,[],22,[],2019-02-06 06:29:51,298200.0,0.00000003,0.0000000000010258500000000001,6597773,2019-02-06 06:29:51,BTC,70.20492877,0.0,0.00000003,BTC,291693.63137942314,0.0,0.007318,216
1,[],27,[],2019-02-06 06:29:54,5049502.0,0.00000002,0.0000000000006839,6597774,2019-02-06 06:29:54,btc,313.98521709952,6901.0,0.00000002,"btc,ltc",290275.48811,0.00103515,0.05099104,216
1,[],22,[],2019-02-06 06:29:57,268720.40229008725,0.00000190,0.0000000000649705,6597775,2019-02-06 06:29:57,BTC,12677.50471531,0.0,0.00000190,BTC,462092.61878084554,0.03313971,0.34681597,217
1,[],7,[],2019-02-06 06:29:58,0.0,0,0,6597776,2019-02-06 06:29:58,btc,77970.02600413912,0.0,0,btc,134531561.1214003,0.0,0.0,219
0,[],27,[],2019-02-06 06:30:00,0.0,0,0,6597777,2019-02-06 06:30:00,,5.3418937883169715,0.0,0,btc,1605140.99226592,0.0,0.0,219
0.0000000000000054,[],28,[],2019-02-06 06:30:06,205435180.397,6.0210000000000005e-18,2.0588809500000001e-22,6597778,2019-02-06 06:30:06,doge,88554.0318717675,13844.0,0.00111500,"btc,doge",4969437.84751,0.0,2.8148107900920895e-11,219
1,[],22,[],2019-02-06 06:30:09,214454.0,0.00000065,0.00000000002222675,6597779,2019-02-06 06:30:09,BTC,3.00456253,0.0,0.00000065,BTC,36477.55212317522,0.00762404,0.02680819,221
1,[],24,[],2019-02-06 06:30:09,0.0,0.000000500000,0.0000000000170975,6597780,2019-02-06 06:30:09,btc,0.0,0.0,0.000000500000,btc,0.0,0.0,0.0,221
1,[],20,[],2019-02-06 06:30:11,6302435.8705,0.000000008,0.00000000000027356,6597781,2019-02-06 06:30:11,btc,5.9929239422122,895854.9938,0.000000008,btc,7542625.2928,0.008921521619,0.0151572405468,224
0,[],22,[],2019-02-06 06:30:13,0.0,0,0,6597782,2019-02-06 06:30:13,,0.0,0.0,0,,0.0,0.0,0.0,224
1,[],26,[],2019-02-06 06:30:14,0.0,0.00000022,0.0000000000075229,6597783,2019-02-06 06:30:14,btc,0.0,0.0,0.00000022,btc,0.0,0.0,0.0,231
1,[],26,[],2019-02-06 06:30:14,0.0,0.00000005,0.00000000000170975,6597784,2019-02-06 06:30:14,btc,0.0,100.0,0.00000005,btc,0.0,0.0,0.0,234
0,[],27,[],2019-02-06 06:30:17,0.0,0,0,6597785,2019-02-06 06:30:17,,0.0113483662182,0.0,0,"btc,eth",11462.99618,0.0,0.0,234
0,[],22,[],2019-02-06 06:30:20,0.0,0,0,6597786,2019-02-06 06:30:20,,2.74083176,0.0,0,,97181604.56349206,0.0,0.0,235
1,[],4,[],2019-02-06 06:30:21,775220.94886359,0.00000055,0.00000000001880725,6597787,2019-02-06 06:30:21,btc,0.137086890541301,0.0,0.00000055,btc,128113.37590473,0.07219743,0.151560663758852,236
1,[],24,[],2019-02-06 06:30:21,0.0,0.000000010000,0.00000000000034195,6597788,2019-02-06 06:30:21,btc,0.0,0.0,0.000000010000,btc,0.0,0.0,0.0,236
1,[],20,[],2019-02-06 06:30:23,20026997.8214,0.000000058,0.00000000000198331,6597789,2019-02-06 06:30:23,btc,16.2934226775093,18065684.0957,0.000000058,btc,26633020.2458,1.0724378097325,0.3503161663629,237
1,[],22,[],2019-02-06 06:30:37,10000.0,0.00000001,0.00000000000034195,6597790,2019-02-06 06:30:37,BTC,0.04083605,0.0,0.00000001,BTC,4179.0,0.0,0.0001,237
1,[],4,[],2019-02-06 06:30:38,4479731.88538833,0.00000033,0.000000000011284350000000001,6597791,2019-02-06 06:30:38,btc,0.5347042095388636,0.0,0.00000033,btc,1380614.87018983,0.11400926,1.38481733632066,238
1,[],5,[],2019-02-06 06:30:40,4.25e-06,0.00000033,0.000000000011284350000000001,6597792,2019-02-06 06:30:40,btc,0.72834021,0.00449949,0.00000033,btc,2.957e-05,0.0,0.3234776,238
1,[],22,[],2019-02-06 06:30:44,143322.66666666666,0.00000003,0.0000000000010258500000000001,6597793,2019-02-06 06:30:44,BTC,15.41377576,0.0,0.00000003,BTC,297082.0639027493,0.00115939,0.00429968,249
0.00000000009596810000000001,[],22,[],2019-02-06 06:30:47,1258373.0,2.8790430000000004e-18,9.844887538500001e-23,6597794,2019-02-06 06:30:47,LTC,4.03395063,0.0,0.00000003,LTC,14505871.09,1.5165646906800002e-13,0.03675421,252
1,[],28,[],2019-02-06 06:30:52,2361215.186,0.0000001,0.0000000000034195,6597795,2019-02-06 06:30:52,btc,164692.29823242893,72581.64,0.0000001,btc,666769.1485,0.0,0.0824220263,256
1,[],22,[],2019-02-06 06:30:56,117807.0,0.00000002,0.0000000000006839,6597796,2019-02-06 06:30:56,BTC,30.2065989,0.0,0.00000002,BTC,458456.02135702135,0.0,0.00119172,258
1,[],22,[],2019-01-26 20:58:41,368451.0,0.00000001,0.000000000000356135,6510120,2019-01-26 20:58:41,BTC,2.642917,0.0,0.00000001,"BTC,LTC",1862.0,0.0,0.02488451,259
1,[],22,[],2019-02-06 06:30:59,5588.601333333333,0.00000750,0.0000000002564625,6597797,2019-02-06 06:30:59,BTC,111115.78294779,0.0,0.00000750,BTC,5741.460308576475,0.02703022,0.03431891,262
1,[],5,[],2019-02-06 06:31:01,5.343e-05,0.00000316,0.0000000001080562,6597798,2019-02-06 06:31:01,btc,0.83190064,0.04563396,0.00000316,btc,0.00049735,0.0,0.20468692,264
1,[],20,[],2019-02-06 06:31:03,1167173.2539,0.00000256,0.0000000000875392,6597799,2019-02-06 06:31:03,btc,5.0449822096151,7868.9163,0.00000256,btc,95743.7948,0.0326902441624,0.023988667949,264
1,[],22,[],2019-02-06 06:31:06,124396.0,0.00000002,0.0000000000006839,6597800,2019-02-06 06:31:06,BTC,8.53178956,0.0,0.00000002,BTC,344537.1584647885,0.00014442,0.00199029,271
0,[],22,[],2019-02-06 06:31:08,0.0,0,0,6597801,2019-02-06 06:31:08,,369.95049049,0.0,0,,14650343738.9,0.0,0.0,272
0.0000000000000054,[],28,[],2019-02-06 06:31:13,250787049709.142,6.6420000000000006e-21,2.2712319000000003e-25,6597802,2019-02-06 06:31:13,doge,298867350.1899389,13703839735.4997,0.00000123,doge,164895691118.44128,0.0,8.7081523164159e-10,272
1,[],22,[],2019-02-06 06:31:17,50530.0,0.00000003,0.0000000000010258500000000001,6597803,2019-02-06 06:31:17,BTC,0.022001,0.0,0.00000003,BTC,3.0,1e-06,0.0013159,281
