pairValue,buyBook,exchangeId,sellBook,updated,buyTotal,satoshiPrice,usdPrice,exchangeLogId,created,bestPair,sellTotalBtc,volume,pairPrice,activePairs,sellTotal,volumeBtc,buyTotalBtc,coinId
0,[],2,[],2019-01-20 23:28:45,0.0,0,0,6477011,2019-01-20 23:28:45,,0.0,0.0,0,,0.0,0.0,0.0,1
1,[],3,[],2019-06-20 21:06:48,32260.323320358046,0.01050271000000000017060575174809855525381863117218017578125,0.000001006892707157999991572349537,7746264,2019-06-20 21:06:48,btc,10.135069922729922,59.43535618,0.01050271000000000017060575174809855525381863117218017578125,btc,20.107891968421,0.0,0.45497697627109374,1
1,[],4,[],2019-06-20 21:06:49,207852.68826392,0.01100778,0.000001055313667043999974024579970,7746265,2019-06-20 21:06:49,btc,16.816182030256083,0.0,0.01100778,btc,948.56398859,75.84457213,1.2719123670148291,1
1,[],5,[],2019-06-20 21:06:51,0.0,0,0,7746266,2019-06-20 21:06:51,btc,0.0,0.0871123,0,btc,0.0,0.0,0.0,1
1,[],10,[],2019-06-20 21:06:53,314566.71336582,0.00451143,0.000000432509891814,7746267,2019-06-20 21:06:53,btc,6511.559225972249,1543.01166385,0.00451143,btc,1252.30895962,0.0,1.9589887526077,1
1,[],12,[],2019-06-20 21:06:55,95.2328961,0.01094999999999999966415753505089014652185142040252685546875,0.000001049774309999999941963775387,7746268,2019-06-20 21:06:55,btc,0.2641885964827,0.0,0.01094999999999999966415753505089014652185142040252685546875,btc,23.00762894,1.682026046354,0.2684329268236,1
1,[],20,[],2019-06-20 21:06:57,919.1924,0.01111,0.000001065113477999999973783368078,7746269,2019-06-20 21:06:57,btc,0.1799891963243,0.2206,0.01111,btc,13.4254,0.00251210828,0.1357742335667,1
1,[],21,[],2019-06-20 21:06:58,1860.65963814,0.01100428999999999990500043623,0.000001054979081441999964925226259,7746270,2019-06-20 21:06:58,btc,11.94132121393587,4239.24763409,0.0110042899999999999050004362288746051490306854248046875,"btc,eth",1579.00470027,43.69190730377268,16.4336144595948,1
1,[],22,[],2019-06-20 21:07:02,0.0395979803020197,0.01000001,0.0000009586989586979999,7746271,2019-06-20 21:07:02,BTC,0.01666796,0.0,0.01000001,BTC,0.25318100557485945,0.0,0.00021887,1
1,[],24,[],2019-06-20 21:07:02,0.0,0.000000000000,0,7746272,2019-06-20 21:07:02,btc,0.0,0.0,0.000000000000,btc,0.0,0.0,0.0,1
0.0,[],25,[],2019-06-20 21:07:04,0.0,0,0,7746273,2019-06-20 21:07:04,btc,33.869999998468984,3894.36963122,0.0,btc,3017.49967485,43.07,0.0,1
1,[],26,[],2019-06-20 21:07:07,0.0,0,0,7746274,2019-06-20 21:07:07,,0.0,0.0,0,,0.0,0.0,0.0,1
0,[],28,[],2019-06-20 21:07:09,0.0,0,0,7746275,2019-06-20 21:07:09,,0.0,0.0,0,,0.0,0.0,0.0,1
1,[],5,[],2019-06-17 14:29:02,0.0,0,0,7740076,2019-06-17 14:29:02,btc,0.0,2.72e-05,0,btc,0.0,0.0,0.0,2
1,[],22,[],2019-06-17 14:29:06,11550.3,0.0000002,0.0000000000185828,7740077,2019-06-17 14:29:06,BTC,21.00897301,0.0,0.0000002,"BTC,XMR",20678.87287795317,1.754e-05,0.00143681,2
1,[],5,[],2019-06-03 14:48:58,0.0,0,0,7731126,2019-06-03 14:48:58,btc,0.0,0.05905545,0,btc,0.0,0.0,0.0,3
1,[],12,[],2019-06-03 14:48:59,3468623.70302,0.000000116,0.000000000009823402000000002,7731127,2019-06-03 14:48:59,btc,169531.0336573751,0.0,0.000000116,btc,2361209.62379607,0.041350953071,0.33764769154428,3
0,[],28,[],2019-06-03 14:49:00,0.0,0,0,7731128,2019-06-03 14:49:00,,0.0,0.0,0,,0.0,0.0,0.0,3
0,[],2,[],2019-01-20 23:31:32,0.0,0,0,6477077,2019-01-20 23:31:32,,0.0,0.0,0,,0.0,0.0,0.0,4
1,[],4,[],2019-05-18 21:29:50,562734.9206932,0.00000010,0.000000000007298720000000001,7650946,2019-05-18 21:29:50,btc,41.9347137769675,0.0,0.00000010,btc,1123702.32192634,0.00052462,0.029254593370966,4
0,[],12,[],2019-06-02 05:03:43,0.0,0,0,7724919,2019-06-02 05:03:43,btc,625.901992874995,0.0,0,btc,1211362.4995005,0.0,0.0,5
0,[],2,[],2019-01-20 23:31:51,0.0,0,0,6477087,2019-01-20 23:31:51,,0.0,0.0,0,,0.0,0.0,0.0,6
1,[],11,[],2019-06-20 21:07:11,5375894.076736,0.00000002,0.000000000001917396,7746276,2019-06-20 21:07:11,btc,9583.530909907093,1009530.66667,0.00000002,btc,73291845.95688245,0.0,0.06758688876736,6
1,[],3,[],2019-06-20 21:07:12,12132.25339583357,0.000085240000000000003808377224689962758930050767958164215087890625,0.000000008171941752,7746277,2019-06-20 21:07:12,btc,2027.8293277865832,383.235938255,0.000085240000000000003808377224689962758930050767958164215087890625,btc,394.626217825782,0.0,0.03277224313046695,7
1,[],4,[],2019-06-20 21:07:12,304837.76033821,0.00009055,0.00000000868101039,7746278,2019-06-20 21:07:12,btc,7.900303982331012,0.0,0.00009055,btc,56975.71643119,1.47643714,2.4011549828077925,7
1,[],5,[],2019-06-20 21:07:13,0.0,0,0,7746279,2019-06-20 21:07:13,btc,0.0,0.01001729,0,btc,0.0,0.0,0.0,7
1,[],20,[],2019-04-07 22:06:50,3201475.0482,0.000000001,0.000000000000051590000000000004,7213932,2019-04-07 22:06:50,btc,30.8005781811902,0.0,0.000000001,btc,23077405.3926,0.0,0.0032014750482,8
0,[],2,[],2019-01-20 23:22:42,0.0,0,0,6476876,2019-01-20 23:22:42,,0.0,0.0,0,,0.0,0.0,0.0,9
0,[],23,[],2019-01-20 23:22:48,0.0,0,0,6476878,2019-01-20 23:22:48,,0.0,0.0,0,,0.0,0.0,0.0,9
1,[],1,[],2019-02-17 23:31:42,1822507.21,0.00000181000000000000003456111265232042484285557293333113193511962890625,0.000000000066086901,6701244,2019-02-17 23:31:42,btc,3.6990969245,17153386.5,0.00000181000000000000003456111265232042484285557293333113193511962890625,btc,1997391.71,31.11772986,3.2610482446,9
1,[],4,[],2019-06-20 21:07:15,1628714.26285681,0.00000060,0.00000000005752188,7746280,2019-06-20 21:07:15,btc,3.6488656330437332,0.0,0.00000060,btc,2938254.73364295,0.62229712,0.4293893871007718,9
0,[],28,[],2019-06-20 21:07:17,0.0,0,0,7746281,2019-06-20 21:07:17,,0.0,0.0,0,,0.0,0.0,0.0,9
1,[],4,[],2019-02-17 11:22:43,4341674.27126056,0.00000002,0.0000000000007272960000000001,6696112,2019-02-17 11:22:43,btc,0.1997230937751353,0.0,0.00000002,btc,4109766.79808031,0.00215132,0.0479381022052112,10
0,[],2,[],2019-01-20 23:23:08,0.0,0,0,6476890,2019-01-20 23:23:08,,0.0,0.0,0,,0.0,0.0,0.0,12
1,[],4,[],2019-06-20 21:07:18,42009526.17151537,0.00000029,0.000000000027802242,7746282,2019-06-20 21:07:18,btc,7.691716760085955,0.0,0.00000029,btc,8902588.66741494,1.10199422,1.7505359047254578,12
1,[],5,[],2019-06-20 21:07:19,0.0,0,0,7746283,2019-06-20 21:07:19,btc,0.0,0.01048536,0,btc,0.0,0.0,0.0,12
0.0,[],25,[],2019-06-20 21:07:20,0.0,0,0,7746284,2019-06-20 21:07:20,,0.0,0.0,0.0,btc,0.0,0.0,0.0,12
1,[],10,[],2019-06-20 20:09:01,664630.21215013,0.00000366,0.00000000035042816400000005,7746155,2019-06-20 20:09:01,btc,666797.3529746209,41412.9307769,0.00000366,btc,882755.6400562,0.0,0.3746809131053364,13
1,[],4,[],2019-06-20 21:07:21,440228.8385907,0.00000382,0.000000000366222636,7746285,2019-06-20 21:07:21,btc,1.9061792379706164,0.0,0.00000382,btc,299043.86511737,0.49554037,0.2687697353808387,13
1,[],21,[],2019-06-20 21:07:24,3606290.65511896,0.000003860000000000000312371656319,0.000000000370057428,7746286,2019-06-20 21:07:24,btc,3.4230243835825247,555775.63390677,0.0000038600000000000003123716563191436534907552413642406463623046875,btc,717804.56746631,2.18841089,3.8808682153222973,13
0,[],17,[],2019-05-03 00:53:32,0.0,0,0,7558876,2019-05-03 00:53:32,btc,0.0,0.0,0,btc,0.0,0.0,0.0,14
1,[],4,[],2019-06-20 21:07:25,1050342.323994,0.00000052,0.000000000049852296,7746287,2019-06-20 21:07:25,btc,9.000297623070617,0.0,0.00000052,btc,935562.71371803,0.02826105,0.1071963463540125,14
1,[],12,[],2019-06-20 21:07:26,215478.33469326,0.00000054,0.000000000051769692,7746288,2019-06-20 21:07:26,btc,184.25451369913822,0.0,0.00000054,btc,26716.75357547,0.0002288,0.0153691999999782,14
1,[],26,[],2019-06-20 21:09:26,0.0,0.00000050,0.0000000000479349,7746289,2019-06-20 21:09:26,btc,0.0,0.0,0.00000050,btc,0.0,0.0,0.0,14
,[],12,[],2018-12-01 15:15:48,204241.84496,0.00000489,0.000000000202473384,5260204,2018-12-01 15:15:48,btc,49.5475654835,0.0,,btc,35763.2193806,0.0163153972027625,0.0203389899998,15
0,[],4,[],2019-06-20 21:09:27,0.0,0,0,7746290,2019-06-20 21:09:27,,0.0,0.0,0,,0.0,0.0,0.0,15
0,[],2,[],2019-01-20 23:23:38,0.0,0,0,6476906,2019-01-20 23:23:38,,0.0,0.0,0,,0.0,0.0,0.0,18
0,[],17,[],2019-05-03 00:53:39,0.0,0,0,7558882,2019-05-03 00:53:39,btc,0.0,0.0,0,btc,0.0,0.0,0.0,18
1,[],4,[],2019-06-20 21:09:28,33552.7211432,0.00000951,0.000000000911721798,7746291,2019-06-20 21:09:28,btc,2.4817125860407576,0.0,0.00000951,btc,19273.92690245,0.03398082,0.0634541878267379,18
1,[],10,[],2019-06-20 21:09:30,275469.2789135,0.00001031,0.000000000988417638,7746292,2019-06-20 21:09:30,btc,14.856580939117993,9739.31468179,0.00001031,btc,7985.24448027,0.0,0.1291727075326536,18
1,[],12,[],2019-06-20 21:09:31,2607.39984716,0.000011029999999999999426756290554774153633843525312840938568115234375,0.000000001057443894,7746293,2019-06-20 21:09:31,btc,0.5368314852480592,0.0,0.000011029999999999999426756290554774153633843525312840938568115234375,btc,1909.21651369,5.6208763e-05,0.0065938302229124,18
0,[],2,[],2019-01-20 23:24:19,0.0,0,0,6476924,2019-01-20 23:24:19,,0.0,0.0,0,,0.0,0.0,0.0,19
1,[],3,[],2019-06-20 21:11:32,154443.90920958735,0.000009340000000000000360852840664005469761832500807940959930419921875,0.000000000895423932,7746294,2019-06-20 21:11:32,btc,190.97382824697942,13763.6655173,0.000009340000000000000360852840664005469761832500807940959930419921875,btc,20820.34003971027,0.0,0.07277032527291669,19
1,[],4,[],2019-06-20 21:11:33,310882.73926482,0.00001066,0.000000001021972068,7746295,2019-06-20 21:11:33,btc,6.98551993902035,0.0,0.00001066,btc,264955.46006385,1.19435127,1.3604057772455427,19
1,[],5,[],2019-06-20 21:11:34,0.0,0,0,7746296,2019-06-20 21:11:34,btc,0.0,0.0,0,btc,0.0,0.0,0.0,19
1,[],12,[],2019-06-20 21:11:35,109051.94100367,0.0000070199999999999997035075686990790444497179123573005199432373046875,0.0000000006730059959999999,7746297,2019-06-20 21:11:35,btc,0.366142166640984,0.0,0.0000070199999999999997035075686990790444497179123573005199432373046875,btc,2952.85209066,0.0,0.0200274313762588,19
0,[],27,[],2019-06-20 21:11:41,0.0,0,0,7746298,2019-06-20 21:11:41,,0.0,0.0,0,btc,0.0,0.0,0.0,19
1,[],4,[],2019-06-20 21:11:42,10239243.09567885,0.00000007,0.000000000006710886,7746299,2019-06-20 21:11:42,btc,6.348245540882756,0.0,0.00000007,btc,2170107.62874019,0.00249125,0.1267815882711659,20
0,[],17,[],2019-05-03 00:53:51,0.0,0,0,7558891,2019-05-03 00:53:51,btc,0.0,0.0,0,btc,0.0,0.0,0.0,21
0,[],4,[],2019-06-20 21:11:43,0.0,0,0,7746300,2019-06-20 21:11:43,,5361.606618313019,0.0,0,,83480438.74358559,0.0,0.0,21
0,[],12,[],2019-06-20 21:11:46,0.0,0,0,7746301,2019-06-20 21:11:46,btc,2603.6032069346156,0.0,0,btc,7331487.25974023,0.00605343941,0.0,21
1,[],12,[],2019-06-20 21:13:47,4818256922.277,0.0000000004,0.00000000000003834792,7746302,2019-06-20 21:13:47,btc,1426620268556.6677,0.0,0.0000000004,btc,2419298398.868135,0.188206974539,1.0867011089108003,23
0.0000000002852572,[],27,[],2019-06-20 21:13:53,62327134.0257543,8.557716e-18,8.204265213768001e-22,7746303,2019-06-20 21:13:53,eth,1049.003485311948,358942412.94295377,0.00000003,eth,5046371.24779221,3.071727230808708e-09,2.254201705310928e-10,23
1,[],4,[],2019-06-20 20:15:50,6067562.90663314,0.00000016,0.000000000015319264,7746174,2019-06-20 20:15:50,btc,10.261639638237062,0.0,0.00000016,btc,1770605.99553869,0.00038559,0.1294603275800017,24
0,[],22,[],2019-06-20 20:15:53,0.0,0,0,7746175,2019-06-20 20:15:53,,6.22e-05,0.0,0,,517.4264705882352,0.0,0.0,24
0.0,[],25,[],2019-06-20 20:15:55,0.0,0,0,7746176,2019-06-20 20:15:55,,0.0,0.0,0.0,btc,0.0,0.0,0.0,24
1,[],4,[],2019-06-20 21:13:54,26949827.55354077,0.00000455,0.00000000043620759,7746304,2019-06-20 21:13:54,btc,11.715680290847944,0.0,0.00000455,btc,214349.98372838,0.18907715,0.4998953404157231,26
1,[],10,[],2019-06-20 21:13:56,221197.51485768,0.00000338,0.000000000324039924,7746305,2019-06-20 21:13:56,btc,25.265783061402285,7775.94863769,0.00000338,btc,19709.71272439,0.0,0.0483283173747198,26
0,[],2,[],2019-01-20 23:25:56,0.0,0,0,6476976,2019-01-20 23:25:56,,0.0,0.0,0,,0.0,0.0,0.0,26
1,[],5,[],2019-04-26 09:47:06,0.0,0,0,7465326,2019-04-26 09:47:06,btc,0.0,0.0,0,btc,0.0,0.0,0.0,27
1,[],3,[],2019-06-17 14:30:26,13571825.64059417,0.00000001,0.00000000000092914,7740112,2019-06-17 14:30:26,btc,3.485049956644059,4264730.43754,0.00000001,btc,23500048.28518193,0.0,0.1357182564059417,27
1,[],11,[],2019-06-17 14:30:28,2031833.58157834,0.00000001,0.00000000000092914,7740113,2019-06-17 14:30:28,btc,67502.92060589766,32677.9652116,0.00000001,btc,6487362.95640949,0.0,0.0203183358157834,27
1,[],4,[],2019-06-20 21:13:57,933262250.0630901,0.00000001,0.000000000000958698,7746306,2019-06-20 21:13:57,btc,6.161646342695358,0.0,0.00000001,"btc,ltc",404516841.6062031,0.01977987,6.3290592398743595,29
1,[],7,[],2019-06-20 21:13:58,88296545.39145988,0.00000001,0.000000000000958698,7746307,2019-06-20 21:13:58,btc,46548272.355234735,0.0,0.00000001,btc,44619950.98844044,0.0,0.8829654539145988,29
1,[],4,[],2019-06-20 21:13:59,15659243.83864792,0.00000005,0.00000000000479349,7746308,2019-06-20 21:13:59,btc,2.529618506747112,0.0,0.00000005,btc,2155920.90331629,0.00066943,0.1773404025510234,30
0,[],17,[],2019-05-03 01:11:25,0.0,0,0,7559066,2019-05-03 01:11:25,btc,0.0,0.0,0,btc,0.0,0.0,0.0,30
1,[],4,[],2019-06-20 21:15:59,212197.29630574,0.00004610,0.0000000044195977799999995,7746309,2019-06-20 21:15:59,btc,4.189186881359126,0.0,0.00004610,btc,55662.52330428,0.48835107,0.8090846517457893,31
1,[],21,[],2019-06-20 21:16:01,90278.14245099,0.00004539999999999999900435546096,0.00000000435248892,7746310,2019-06-20 21:16:01,btc,4.811928936827075,175325.00644952,0.0000453999999999999990043554609631115681622759439051151275634765625,btc,91880.10813118,8.2806681,3.187001294809421,31
0,[],2,[],2019-01-20 23:28:43,0.0,0,0,6477009,2019-01-20 23:28:43,,0.0,0.0,0,,0.0,0.0,0.0,32
0,[],4,[],2019-06-20 21:16:02,0.0,0,0,7746311,2019-06-20 21:16:02,,0.0,0.0,0,,0.0,0.0,0.0,33
1,[],12,[],2019-03-30 07:55:10,40641173.964,0.00000003,0.000000000001228359,7108785,2019-03-30 07:55:10,btc,4233210.82356125,0.0,0.00000003,btc,28378394.68333462,0.0126927883965248,0.90752895892,33
0.0000000001422968,[],4,[],2019-06-20 21:16:03,147569219.09349337,7.3994336e-17,7.093822193452799e-21,7746312,2019-06-20 21:16:03,ltc,4.166098615551899,0.0,0.00000052,ltc,161008021.39251488,0.0,8.708518285979261e-10,34
1,[],5,[],2019-06-20 21:16:04,0.0,0,0,7746313,2019-06-20 21:16:04,btc,0.0,0.03977558,0,btc,0.0,0.0,0.0,34
0.0000000002926451,[],17,[],2019-05-02 18:17:47,200000.0,2.9264510000000002e-18,1.596703856561e-22,7556430,2019-05-02 18:17:47,eth,0.20942468735267253,0.0,0.00000001,"btc,eth",1018272.20243647,0.0,5.852902e-13,36
0.0000000001311821,[],4,[],2019-05-31 13:28:19,2417517744.0607657,1.311821e-18,1.105058333085e-22,7717483,2019-05-31 13:28:19,ltc,5.019900492391546e-08,0.0,0.00000001,ltc,7102398142.262129,0.0,3.171350544531538e-09,36
1,[],5,[],2019-05-31 13:28:21,0.0,0,0,7717484,2019-05-31 13:28:21,btc,0.0,0.0,0,btc,0.0,0.0,0.0,36
0.0000000003108179,[],27,[],2019-05-31 13:30:34,10388811.226876,6.216358000000001e-18,5.236566733830001e-22,7717485,2019-05-31 13:30:34,eth,1569.8708019850988,761866.634299,0.00000002,"ltc,eth",5084024.2511555,4.736034912207001e-12,3.3251980286483705e-11,36
1,[],4,[],2019-06-20 20:18:17,10388674.26158937,0.00000013,0.000000000012446902000000001,7746187,2019-06-20 20:18:17,btc,19772.154297960005,0.0,0.00000013,btc,660159.48615073,0.00511734,0.1447311296194838,37
1,[],12,[],2019-06-20 20:18:18,4561259.85700001,0.00000013,0.000000000012446902000000001,7746188,2019-06-20 20:18:18,btc,7.362751777722284,0.0,0.00000013,btc,1614276.63217614,0.004546954704,0.18944872570000099,37
1,[],27,[],2019-06-20 20:20:24,11304.0,0.00000019,0.000000000018191626000000002,7746189,2019-06-20 20:20:24,btc,22.62970013895233,0.0,0.00000019,btc,4298.824295,0.0,0.00168776,37
1,[],17,[],2019-05-03 01:11:36,211752.74075282,0.00000025,0.000000000013700074999999998,7559074,2019-05-03 01:11:36,btc,0.055484923955058496,0.0,0.00000025,"btc,eth",1387.19918473,0.0,0.0005381851887916605,37
1,[],5,[],2019-06-20 21:16:06,0.0,0,0,7746314,2019-06-20 21:16:06,btc,0.0,0.70157536,0,btc,0.0,0.0,0.0,42
1,[],12,[],2019-06-20 21:16:06,174010.81762831,0.0000020200000000000001415252463832228357887288439087569713592529296875,0.000000000193656996,7746315,2019-06-20 21:16:06,btc,461.28218973119243,0.0,0.0000020200000000000001415252463832228357887288439087569713592529296875,btc,122303.18798198,0.130465260309,0.0534200475901105,42
1,[],27,[],2019-06-20 21:16:14,1581.0,0.0000005,0.0000000000479349,7746316,2019-06-20 21:16:14,btc,0.07600425,0.0,0.0000005,"btc,eth",18.0,0.0,0.0005435000002996912,42
1,[],12,[],2019-03-13 09:13:29,1112112.0,0.00000001,0.000000000000386531,6919902,2019-03-13 09:13:29,btc,29058.00478931866,0.0,0.00000001,btc,5967681.93306694,9.99000999e-07,0.01112112,43
1,[],5,[],2019-04-26 22:38:52,0.0,0,0,7474154,2019-04-26 22:38:52,btc,0.0,0.02638891,0,btc,0.0,0.0,0.0,43
0,[],17,[],2019-04-26 22:38:53,0.0,0,0,7474155,2019-04-26 22:38:53,btc,0.0,0.0,0,btc,0.0,0.0,0.0,43
1,[],12,[],2019-03-05 01:54:08,639326.02,0.00000004,0.000000000001486676,6845775,2019-03-05 01:54:08,btc,11116042.728239931,0.0,0.00000004,btc,1103841.4595604,0.0003330765234764,0.014975410599999999,44
0.00000000014073820000000002,[],4,[],2019-06-20 20:20:34,105422612.973372,4.5036224e-17,4.3120112813696005e-21,7746193,2019-06-20 20:20:34,ltc,1601.9241386342956,0.0,0.00000032,ltc,26767088.4904745,0.0001,6.186801608135104e-10,49
0.0000000001422968,[],4,[],2019-06-20 21:16:14,314775055.05137765,2.9882328e-17,2.8648128088944e-21,7746317,2019-06-20 21:16:14,ltc,26727.84580807755,0.0,0.00000021,ltc,174921470.91566768,0.0,2.6538021327927175e-09,52
0,[],22,[],2019-06-20 20:20:37,0.0,0,0,7746195,2019-06-20 20:20:37,,10289.79884133,0.0,0,,286158287.4566013,0.0,0.0,57
0,[],27,[],2019-06-20 20:20:44,0.0,0,0,7746196,2019-06-20 20:20:44,,0.0,0.0,0,"btc,eth",0.0,0.0,0.0,57
0,[],4,[],2019-06-20 21:16:16,0.0,0,0,7746318,2019-06-20 21:16:16,,19.71781810140313,0.0,0,,5716411004.541042,0.0001,0.0,58
1,[],12,[],2019-06-20 21:16:17,885701390.1,0.0000000001,0.00000000000000958698,7746319,2019-06-20 21:16:17,btc,34236963.23678997,0.0,0.0000000001,btc,2686243860.175781,0.000858890968,0.08857013901,58
0.00000000011068669999999999,[],22,[],2019-06-20 21:18:21,126877.0,1.106867e-18,1.0611511791659999e-22,7746320,2019-06-20 21:18:21,XMR,68.17454206,0.0,0.00000001,XMR,9626402.6,0.0,0.00126877,58
1,[],17,[],2019-05-03 01:12:09,1200000.0,0.0000000001,0.00000000000000548003,7559085,2019-05-03 01:12:09,btc,1e+24,0.0,0.0000000001,"btc,eth",39516342.31952568,0.0,0.00010000000058666061,58
1,[],5,[],2019-06-17 14:31:27,0.0,0,0,7740135,2019-06-17 14:31:27,btc,0.0,0.00079154,0,btc,0.0,0.0,0.0,61
1,[],22,[],2019-06-17 14:31:30,13612.833333333334,0.00000012,0.00000000001114968,7740136,2019-06-17 14:31:30,BTC,1002.29123003,0.0,0.00000012,BTC,15014.200177125656,0.0,0.00153257,61
1,[],26,[],2019-06-17 14:31:30,0.0,0.00000050,0.000000000046457,7740137,2019-06-17 14:31:30,btc,0.0,0.0,0.00000050,btc,0.0,0.0,0.0,61
1,[],27,[],2019-06-17 14:31:36,8400.0,0.00000018,0.00000000001672452,7740138,2019-06-17 14:31:36,btc,1.9742539297246655,0.0,0.00000018,"btc,eth",10953.51663696,0.0,0.001512,61
0,[],28,[],2019-06-17 14:31:38,0.0,0,0,7740139,2019-06-17 14:31:38,,0.0,0.0,0,,0.0,0.0,0.0,61
1,[],4,[],2019-06-20 21:18:22,967996.77908551,0.00000103,0.000000000098745894,7746321,2019-06-20 21:18:22,btc,3.4658622521978812,0.0,0.00000103,btc,1179958.29495612,0.2994553,0.5981853969561328,67
0.0,[],25,[],2019-06-20 21:18:23,0.0,0,0,7746322,2019-06-20 21:18:23,,0.0,0.0,0.0,btc,0.0,0.0,0.0,67
1,[],12,[],2019-06-02 06:23:14,910048.355,0.00000006,0.000000000005154929999999999,7725270,2019-06-02 06:23:14,btc,5.167005424215783,0.0,0.00000006,btc,738530.60239759,0.003159757462,0.0187188113,71
,[],5,[],2018-11-20 23:02:39,1.5e-07,0.00000005,0.000000000002128045,4862160,2018-11-20 23:02:39,btc,2.84511358,0.0,,btc,0.00036572,0.0,0.07381892,74
1,[],5,[],2019-06-20 21:18:24,0.0,0,0,7746323,2019-06-20 21:18:24,btc,0.0,0.01162918,0,btc,0.0,0.0,0.0,75
1,[],4,[],2019-06-04 03:25:15,715281.46076168,0.00000001,0.000000000000803619,7734085,2019-06-04 03:25:15,btc,581089.6218469425,0.0,0.00000001,btc,37692563.61091116,0.0,0.0071528146076168,81
0,[],20,[],2019-01-25 09:30:31,0.0,0,0,6495923,2019-01-25 09:30:31,btc,0.0,0.0,0,btc,0.0,0.0,0.0,81
1,[],4,[],2019-06-20 21:18:26,224283.43487469,0.00010070,0.000000009654088859999999,7746324,2019-06-20 21:18:26,btc,56.82476088836138,0.0,0.00010070,btc,110391.84303597,1.47781051,0.2179808185726659,82
1,[],21,[],2019-06-20 21:18:26,76636.04425103,0.00009529999999999999896974772762,0.00000000913639194,7746325,2019-06-20 21:18:26,btc,7.1426770546588205,35403.86851348,0.000095299999999999998969747727617374266628758050501346588134765625,btc,57215.52060961,3.48428506,5.590702782790303,82
0,[],17,[],2019-03-25 22:42:34,0.0,0,0,7038780,2019-03-25 22:42:34,btc,0.0445064681804024,0.0,0,btc,995513.18476001,0.0,0.0,84
0.0000000001161485,[],4,[],2019-05-20 13:09:39,216715621.0206096,1.161485e-18,9.0533806701e-23,7657228,2019-05-20 13:09:39,ltc,1.6511566870244727,0.0,0.00000001,ltc,471032407.9048656,0.0,2.5171194308112273e-10,85
,[],22,[],2018-11-20 23:09:34,3408.1,0.0000001,0.0000000000041895,4862324,2018-11-20 23:09:34,BTC,0.04624735,0.0,,BTC,4990.0,0.0,0.00033081,86
1,[],22,[],2019-06-20 20:22:58,117294.0,0.00000006,0.000000000005744724000000001,7746205,2019-06-20 20:22:58,BTC,1.81020153,0.0,0.00000006,BTC,196224.94736842104,0.0,0.00390484,87
1,[],27,[],2019-06-20 20:23:03,313713.0,0.00000012,0.000000000011489448000000002,7746206,2019-06-20 20:23:03,btc,1.94218418326,0.0,0.00000012,btc,500743.402,0.0,0.01197659,87
,[],2,[],2018-11-20 23:10:47,0.0,0,0,4862359,2018-11-20 23:10:47,,0.0,0.0,,,0.0,0.0,0.0,88
1,[],11,[],2019-06-17 14:31:59,193715.3529613,0.000073310000000000001140094962881477158589405007660388946533203125,0.00000000681152534,7740147,2019-06-17 14:31:59,btc,168.35454702024953,5791.70569014,0.000073310000000000001140094962881477158589405007660388946533203125,btc,196971.41170107,0.0,1.1996165759440112,89
0,[],2,[],2019-01-20 23:31:45,0.0,0,0,6477083,2019-01-20 23:31:45,,0.0,0.0,0,,0.0,0.0,0.0,91
1,[],12,[],2019-06-18 02:35:48,427715.74,0.00000015,0.000000000013911045000000001,7746087,2019-06-18 02:35:48,btc,116.61022144471085,0.0,0.00000015,btc,193315.55943968,0.000180759303,0.0129558314,91
1,[],22,[],2019-06-20 20:27:07,75910.0,0.00000002,0.000000000001914908,7746207,2019-06-20 20:27:07,BTC,0.49565371,0.0,0.00000002,"BTC,LTC",6.384990670617935,0.0,0.0016592,91
0,[],17,[],2019-05-03 01:12:26,0.0,0,0,7559096,2019-05-03 01:12:26,btc,0.0,0.0,0,btc,0.0,0.0,0.0,91
1,[],22,[],2019-04-09 20:17:52,374949.73333333334,0.00000015,0.000000000007771935,7235704,2019-04-09 20:17:52,BTC,6.87372503,0.0,0.00000015,"BTC,LTC",159980.01196797504,1.1e-05,0.80510266,95
0.0000000001422968,[],4,[],2019-06-20 21:18:27,538656893.0180295,1.9921552e-17,1.9098752059296e-21,7746326,2019-06-20 21:18:27,ltc,11.362393329462734,0.0,0.00000014,ltc,157801226.57405144,0.0,9.02864718039491e-10,96
0,[],12,[],2019-06-20 21:18:28,0.0,0,0,7746327,2019-06-20 21:18:28,btc,36.35627881071928,0.0,0,btc,9846523.071928069,0.0,0.0,96
0,[],17,[],2019-05-03 01:12:32,0.0,0,0,7559100,2019-05-03 01:12:32,btc,0.0,0.0,0,btc,0.0,0.0,0.0,96
1,[],4,[],2019-04-14 03:32:46,1039404.33283278,0.00000038,0.000000000019245518,7293458,2019-04-14 03:32:46,btc,4.170086055365747,0.0,0.00000038,btc,3097704.34561074,0.06260606,0.1859928211030784,99
0,[],2,[],2019-01-20 23:23:55,0.0,0,0,6476914,2019-01-20 23:23:55,,0.0,0.0,0,,0.0,0.0,0.0,100
1,[],4,[],2019-06-20 20:29:10,1318947.28825645,0.00001338,0.0000000012810734520000002,7746210,2019-06-20 20:29:10,btc,7.339633254638473,0.0,0.00001338,btc,166207.76688763,0.49041224,0.8909514591994866,100
1,[],22,[],2019-06-05 06:30:35,150000.0,0.00000002,0.000000000001558192,7740007,2019-06-05 06:30:35,BTC,28.56386409,0.0,0.00000002,BTC,12787.719,0.0,0.0017,101
1,[],4,[],2019-06-20 21:20:30,479980.85082184,0.00000161,0.000000000154350378,7746329,2019-06-20 21:20:30,btc,553.4344115128642,0.0,0.00000161,btc,648100.55699539,0.04602202,0.1640881395591141,103
1,[],12,[],2019-06-17 14:32:14,179201505.10870332,0.000000005,0.00000000000046457,7740154,2019-06-17 14:32:14,btc,113577.79366343976,0.0,0.000000005,btc,79148141.67831126,0.019059029059,0.27280986350611003,105
1,[],27,[],2019-06-17 14:32:19,18306828.03496503,0.00000002,0.00000000000185828,7740155,2019-06-17 14:32:19,btc,180.7198218385489,1083.96503497,0.00000002,btc,276513.60142659,7.588e-05,0.3661365606993006,105
1,[],22,[],2019-04-21 00:17:26,21333.0,0.00000001,0.000000000000532493,7385819,2019-04-21 00:17:26,BTC,51.38182867,0.0,0.00000001,BTC,470435.0,0.0,0.00021333,107
1,[],26,[],2019-04-21 00:17:26,0.0,0.00000000,0,7385820,2019-04-21 00:17:26,btc,0.0,0.0,0.00000000,btc,0.0,0.0,0.0,107
1,[],5,[],2019-06-20 21:20:33,0.0,0,0,7746330,2019-06-20 21:20:33,btc,0.0,0.02512414,0,btc,0.0,0.0,0.0,112
0,[],22,[],2019-06-20 21:20:36,0.0,0,0,7746331,2019-06-20 21:20:36,,6.79500102,0.0,0,,3375892.0833333335,0.0,0.0,112
1,[],27,[],2019-06-20 20:29:26,1.0,0.00000001,0.000000000000957454,7746214,2019-06-20 20:29:26,btc,1.14885,0.0,0.00000001,"btc,eth",39.0,0.0,1e-08,112
1,[],4,[],2019-06-20 20:29:27,2262206.98982865,0.00000069,0.000000000066064326,7746215,2019-06-20 20:29:27,btc,4.812108107079887,0.0,0.00000069,btc,831199.00421784,0.11482498,0.2843578288470438,113
1,[],5,[],2019-06-20 20:29:28,0.0,0,0,7746216,2019-06-20 20:29:28,btc,0.0,0.0,0,btc,0.0,0.0,0.0,113
1,[],17,[],2019-04-26 02:17:47,162738.278,0.00000004,0.0000000000021069000000000002,7461287,2019-04-26 02:17:47,btc,1.3331140273775473,0.0,0.00000004,btc,51796.221,0.0,0.00230953112,116
1,[],27,[],2019-05-22 05:13:01,210000.0,0.00000001,0.00000000000079145,7666372,2019-05-22 05:13:01,btc,3919.0005001478,0.0,0.00000001,btc,128660.871,0.0,0.0021,116
1,[],4,[],2019-05-21 22:31:11,138169.03963019,0.00000701,0.000000000558364025,7664793,2019-05-21 22:31:11,btc,150.95388250938234,0.0,0.00000701,btc,344631.17141974,0.07552974,0.4288357684941946,120
1,[],7,[],2019-05-21 22:31:12,3901.07750076,0.000010679999999999999389654892212320191902108490467071533203125,0.0000000008506887,7664794,2019-05-21 22:31:12,btc,231188.94669936574,0.0,0.000010679999999999999389654892212320191902108490467071533203125,btc,4133.83151364,0.0,0.0113888422364489,120
1,[],20,[],2019-04-07 18:42:29,1914137.0852,0.000000035,0.0000000000017871910000000002,7211992,2019-04-07 18:42:29,btc,32.2497668025648,25528.85,0.000000035,btc,1001975.4986,0.00089350975,0.0152723574729,125
1,[],22,[],2019-06-17 14:32:38,10000.0,0.00000001,0.00000000000092914,7740161,2019-06-17 14:32:38,BTC,0.032061,0.0,0.00000001,BTC,299316.7611111111,0.0,0.0001,126
1,[],4,[],2019-06-20 21:20:45,3953422.27704029,0.00000492,0.000000000471679416,7746335,2019-06-20 21:20:45,btc,2.5783796696821892,0.0,0.00000492,btc,172568.97464764,0.18546244,0.554604700334758,131
0,[],2,[],2019-01-20 23:25:46,0.0,0,0,6476969,2019-01-20 23:25:46,,0.0,0.0,0,,0.0,0.0,0.0,131
1,[],17,[],2019-05-03 01:13:10,10000.0,0.00000001,0.000000000000548003,7559115,2019-05-03 01:13:10,btc,0.0953976503951408,0.0,0.00000001,btc,5037.62507334,0.0,0.0001,131
1,[],4,[],2019-06-17 14:32:42,4848.49465417,0.00007919,0.00000000735785966,7740163,2019-06-17 14:32:42,btc,0.9905723729472744,0.0,0.00007919,btc,202.13055914,0.0,0.0061509344290166,135
1,[],3,[],2019-06-05 06:33:11,40600.27748212,0.00000001,0.000000000000779096,7740019,2019-06-05 06:33:11,btc,0.2308097808993716,2146378.52189,0.00000001,btc,2477992.76904676,0.0,0.0004060027748212,136
1,[],4,[],2019-06-20 20:31:31,584040.14603421,0.00000176,0.000000000168511904,7746218,2019-06-20 20:31:31,btc,110.30672945738138,0.0,0.00000176,btc,583695.10072632,0.02491667,0.517061919722918,137
1,[],12,[],2019-06-20 20:31:32,66117.64005473,0.00000154999999999999998279913253351747215447176131419837474822998046875,0.00000000014840537,7746219,2019-06-20 20:31:32,btc,84.62656805800789,0.0,0.00000154999999999999998279913253351747215447176131419837474822998046875,btc,82856.24240518,0.000123815406,0.0140097499999305,137
1,[],4,[],2019-06-20 20:31:33,275172.32346516,0.00001685,0.0000000016133099900000003,7746220,2019-06-20 20:31:33,btc,11.223852752515484,0.0,0.00001685,btc,163477.83417677,0.48276935,0.6733656018183953,142
1,[],5,[],2019-06-20 20:31:34,0.0,0,0,7746221,2019-06-20 20:31:34,btc,0.0,0.01624042,0,btc,0.0,0.0,0.0,142
1,[],20,[],2019-06-20 20:33:36,271058.4652,0.00001501,0.0000000014371384540000002,7746222,2019-06-20 20:33:36,btc,1.606465344845,0.0,0.00001501,btc,9785.9993,0.0,0.019309586328,142
1,[],22,[],2019-06-20 20:33:39,10715.0,0.00001299,0.000000001243732746,7746223,2019-06-20 20:33:39,BTC,2.99759384,0.0,0.00001299,BTC,835.7198755539798,0.0,0.00540125,142
0.0,[],25,[],2019-06-20 20:33:40,0.0,0,0,7746224,2019-06-20 20:33:40,,0.0,0.0,0.0,btc,0.0,0.0,0.0,142
0,[],28,[],2019-06-20 20:33:42,0.0,0,0,7746225,2019-06-20 20:33:42,,0.0,0.0,0,,0.0,0.0,0.0,142
1,[],17,[],2019-05-03 01:13:16,32967.38636364,0.00000088,0.000000000048224264,7559122,2019-05-03 01:13:16,btc,20.06976206696776,0.0,0.00000088,btc,2746.079105,0.0,0.0105613000000032,142
0,[],22,[],2019-06-20 20:33:44,0.0,0,0,7746226,2019-06-20 20:33:44,,1635.98618676,0.0,0,,788450755.3,0.0,0.0,143
0,[],22,[],2019-02-25 15:42:22,0.0,0,0,6783783,2019-02-25 15:42:22,,4.2131946,0.0,0,,2322156.0,0.0,0.0,146
,[],22,[],2018-11-20 23:01:11,0.0,0,0,4862114,2018-11-20 23:01:11,,2.56807021,0.0,,,61828.4988236,0.0,0.0,147
1,[],12,[],2019-04-21 06:38:04,193091.5971266,0.00000071,0.000000000037635183,7388679,2019-04-21 06:38:04,btc,2.301232411611175,0.0,0.00000071,btc,9957.48302385,0.00023528,0.0313308199999888,148
1,[],4,[],2019-03-19 21:31:25,255810.0415942,0.00000029,0.000000000011615747,6982695,2019-03-19 21:31:25,btc,218.94922712414143,0.0,0.00000029,btc,793529.37642722,0.00117,0.0608347789473395,152
0,[],22,[],2019-03-19 21:31:27,0.0,0,0,6982696,2019-03-19 21:31:27,,0.0,0.0,0,,0.0,0.0,0.0,152
1,[],5,[],2019-04-26 09:36:59,0.0,0,0,7465040,2019-04-26 09:36:59,btc,0.0,0.0,0,btc,0.0,0.0,0.0,153
,[],16,[],2019-01-11 15:38:59,0.0,0,0,6366141,2019-01-11 15:38:59,btc,0.0,0.0,,btc,0.0,0.0,0.0,155
0,[],23,[],2019-01-20 23:24:29,0.0,0,0,6476932,2019-01-20 23:24:29,,0.0,0.0,0,,0.0,0.0,0.0,156
0,[],22,[],2019-06-04 06:02:09,0.0,0,0,7734688,2019-06-04 06:02:09,,7.43375324,0.0,0,,5955762.942592593,0.0,0.0,156
1,[],22,[],2019-06-20 20:33:49,6996.0,0.00000001,0.000000000000957454,7746227,2019-06-20 20:33:49,BTC,1.7543039,0.0,0.00000001,BTC,57.0,0.0,6.996e-05,157
0,[],22,[],2019-05-21 23:40:32,0.0,0,0,7665049,2019-05-21 23:40:32,,50234.60468402,0.0,0,,54786159.03179465,0.0,0.0,158
,[],17,[],2018-11-20 22:56:10,0.0,0,0,4861976,2018-11-20 22:56:10,btc,1.1265625,0.0,,btc,1000.0,0.0,0.0,159
,[],20,[],2018-11-20 22:56:12,0.0,0,0,4861977,2018-11-20 22:56:12,btc,11912.7940471,0.0,,btc,34413894.3617,0.0,0.0,159
1,[],12,[],2019-05-24 02:51:20,9178.522006449999,0.00000191999999999999982841307998027158276954651228152215480804443359375,0.000000000151222656,7676256,2019-05-24 02:51:20,btc,149.80414728631675,0.0,0.00000191999999999999982841307998027158276954651228152215480804443359375,btc,1115.7451448499999,0.01783167678326,0.0120075778999181,168
1,[],17,[],2019-05-03 01:13:36,42852.0,0.00000002,0.000000000001096006,7559132,2019-05-03 01:13:36,btc,0.04279856251542,0.0,0.00000002,btc,274.46171372,0.0,0.00052852,168
1,[],22,[],2019-05-17 03:01:52,10.0,0.00000001,0.000000000000778341,7642059,2019-05-17 03:01:52,BTC,41.95893009,0.0,0.00000001,BTC,1753972.7737547632,0.0,1e-07,169
1,[],22,[],2019-05-30 08:38:18,202834.0,0.00000002,0.0000000000017416160000000001,7711049,2019-05-30 08:38:18,BTC,27.87002826,0.0,0.00000002,BTC,462189.5410507793,0.0,0.00211768,171
1,[],22,[],2019-05-29 08:05:18,349870.0,0.00000002,0.000000000001705894,7705265,2019-05-29 08:05:18,BTC,24.05907723,0.0,0.00000002,"BTC,LTC",1224285.4355616204,0.0,0.0039847,173
1,[],5,[],2019-06-20 20:33:50,0.0,0,0,7746228,2019-06-20 20:33:50,btc,0.0,0.04758917,0,btc,0.0,0.0,0.0,175
1,[],22,[],2019-06-17 14:33:12,90671.0,0.00000001,0.00000000000092914,7740175,2019-06-17 14:33:12,BTC,394.35459412,0.0,0.00000001,BTC,136275.61833431243,0.0,0.00090671,176
1,[],7,[],2019-06-20 20:33:51,0.0,0,0,7746229,2019-06-20 20:33:51,btc,522272.5938942698,0.0,0,btc,27854037.73829655,0.0,0.0,178
0,[],22,[],2019-06-20 20:33:53,0.0,0,0,7746230,2019-06-20 20:33:53,,1.00242428,0.0,0,,57512.0,0.0,0.0,178
0,[],2,[],2019-01-20 23:28:34,0.0,0,0,6477001,2019-01-20 23:28:34,,0.0,0.0,0,,0.0,0.0,0.0,178
0,[],23,[],2019-01-20 23:25:08,0.0,0,0,6476952,2019-01-20 23:25:08,,0.0,0.0,0,,0.0,0.0,0.0,179
1,[],5,[],2019-06-20 20:33:54,0.0,0,0,7746231,2019-06-20 20:33:54,btc,0.0,0.05732151,0,btc,0.0,0.0,0.0,179
0,[],22,[],2019-06-20 20:33:56,0.0,0,0,7746232,2019-06-20 20:33:56,,5.17403917,0.0,0,,13450788.311946675,0.0,0.0,179
1,[],22,[],2019-06-20 20:36:00,740827.3168514413,0.00000041,0.000000000039255614000000003,7746233,2019-06-20 20:36:00,BTC,40.61506315,0.0,0.00000041,"BTC,LTC",168344.879930538,0.00033789,0.57339112,180
1,[],26,[],2019-06-20 20:36:00,0.0,0.00000010,0.000000000009574540000000001,7746234,2019-06-20 20:36:00,btc,0.0,0.0,0.00000010,btc,0.0,0.0,0.0,180
1,[],17,[],2019-05-03 01:13:56,20504.725000000002,0.0000001,0.00000000000548003,7559141,2019-05-03 01:13:56,btc,5.2010695838400265,0.0,0.0000001,btc,5033.45945,0.0,0.0011504725,180
,[],7,[],2018-11-20 22:58:01,562227.975654,0.00000085,0.000000000036176765,4862015,2018-11-20 22:58:01,btc,21836.6059674,2491.87645172,,btc,749999.041456,0.00211021,0.127565380455,183
,[],5,[],2019-01-10 08:11:41,0.0,0,0,6347036,2019-01-10 08:11:41,btc,82.15055501,0.00261,,btc,1.19002445,0.0,0.0,187
,[],17,[],2018-11-16 20:58:10,4062536.27273,0.00000001,0.000000000000550501,4708775,2018-11-16 20:58:10,btc,3.36492563466,0.195460381006,,"btc,eth",110697919.549,0.0,0.0157628953496,187
1,[],24,[],2019-05-22 21:04:52,0.0,0.000000000014,0.0000000000000010960978,7670219,2019-05-22 21:04:52,btc,0.0,0.0,0.000000000014,btc,0.0,0.0,0.0,187
0,[],22,[],2019-04-25 02:54:07,0.0,0,0,7447896,2019-04-25 02:54:07,,7.54794454,0.0,0,,76361.7243344055,0.0,0.0,191
0,[],22,[],2019-06-17 14:33:34,0.0,0,0,7740182,2019-06-17 14:33:34,,0.0,0.0,0,,0.0,0.0,0.0,197
0,[],23,[],2019-01-20 23:31:41,0.0,0,0,6477079,2019-01-20 23:31:41,,0.0,0.0,0,,0.0,0.0,0.0,199
0,[],22,[],2019-06-20 20:36:03,0.0,0,0,7746235,2019-06-20 20:36:03,,10.58263174,0.0,0,,84280969.0,0.0,0.0,199
1,[],26,[],2019-06-20 20:36:03,0.0,0.00000000,0,7746236,2019-06-20 20:36:03,btc,0.0,0.0,0.00000000,btc,0.0,0.0,0.0,199
0,[],2,[],2019-01-20 23:30:49,0.0,0,0,6477059,2019-01-20 23:30:49,,0.0,0.0,0,,0.0,0.0,0.0,201
1,[],4,[],2019-01-25 15:51:35,2084389.58565343,0.00000936,0.000000000333526752,6499557,2019-01-25 15:51:35,btc,2.0092503037378524,0.0,0.00000936,btc,160195.80207885,0.19272417,1.242687955921835,211
1,[],7,[],2019-06-20 20:36:06,1170054124.6898527,0.00000018,0.000000000017234172000000003,7746237,2019-06-20 20:36:06,btc,1346840.2653139164,0.0,0.00000018,btc,6166479.26464841,0.0,11.954344045954047,212
1,[],12,[],2019-01-25 02:44:32,207462.42853209,0.000001080000000000000035831255497387193287295303889550268650054931640625,0.000000000038610756000000006,6493050,2019-01-25 02:44:32,btc,85023.03793723314,0.0,0.000001080000000000000035831255497387193287295303889550268650054931640625,btc,43675.73520027,0.000146250909087,0.0348620860622024,213
1,[],5,[],2019-05-30 00:07:46,0.0,0,0,7709357,2019-05-30 00:07:46,btc,0.0,0.06425239,0,btc,0.0,0.0,0.0,213
1,[],24,[],2019-05-30 00:07:46,0.0,0.000000399202,0.0000000000344859829346,7709358,2019-05-30 00:07:46,btc,0.0,0.0,0.000000399202,btc,0.0,0.0,0.0,213
1,[],26,[],2019-05-30 00:07:47,0.0,0.00000040,0.000000000034554919999999996,7709359,2019-05-30 00:07:47,btc,0.0,0.0,0.00000040,btc,0.0,0.0,0.0,213
0,[],22,[],2019-06-17 14:33:45,0.0,0,0,7740186,2019-06-17 14:33:45,,9.56923849,0.0,0,,3661587.2040649247,0.0,0.0,216
0,[],27,[],2019-06-17 14:33:51,0.0,0,0,7740187,2019-06-17 14:33:51,,98.39583902917752,0.0,0,"btc,ltc",590425.407688,0.0,0.0,216
1,[],22,[],2019-06-20 20:36:20,580126.4852813852,0.0000003,0.000000000028723620000000004,7746238,2019-06-20 20:36:20,BTC,12055.91372118,0.0,0.0000003,BTC,488597.3626290264,0.00797504,0.0345805,217
1,[],7,[],2019-06-20 20:36:21,0.0,0,0,7746239,2019-06-20 20:36:21,btc,1234861.108894509,1073.92607392,0,btc,100943774.305454,1.074e-05,0.0,219
0,[],27,[],2019-06-20 20:36:27,0.0,0,0,7746240,2019-06-20 20:36:27,,250.36597143533322,0.0,0,btc,7934668.36581025,0.0,0.0,219
0,[],28,[],2019-06-20 20:36:28,0.0,0,0,7746241,2019-06-20 20:36:28,,0.0,0.0,0,,0.0,0.0,0.0,219
1,[],22,[],2019-05-23 16:41:05,172069.0,0.00000004,0.0000000000031167080000000004,7674065,2019-05-23 16:41:05,BTC,56.76466137,0.0,0.00000004,BTC,127061.6482738741,0.0,0.00393676,221
1,[],24,[],2019-05-23 16:41:05,0.0,0.000000010000,0.0000000000007791770000000001,7674066,2019-05-23 16:41:05,btc,0.0,0.0,0.000000010000,btc,0.0,0.0,0.0,221
1,[],20,[],2019-06-17 14:34:11,26882155.8301,0.000000003,0.000000000000278742,7740192,2019-06-17 14:34:11,btc,100050.81956632523,233521.3529,0.000000003,btc,38769742.8604,0.0007925640587,0.0306863532672,224
0,[],22,[],2019-06-17 14:34:13,0.0,0,0,7740193,2019-06-17 14:34:13,,0.0,0.0,0,,0.0,0.0,0.0,224
1,[],26,[],2019-06-17 14:34:14,0.0,0.00000022,0.00000000002044108,7740194,2019-06-17 14:34:14,btc,0.0,0.0,0.00000022,btc,0.0,0.0,0.0,231
1,[],26,[],2019-06-20 20:36:29,0.0,0.00000005,0.0000000000047872700000000005,7746242,2019-06-20 20:36:29,btc,0.0,100.0,0.00000005,btc,0.0,0.0,0.0,234
0.00000000028203619999999997,[],27,[],2019-06-20 20:36:36,100.0,2.820362e-18,2.700366878348e-22,7746243,2019-06-20 20:36:36,eth,0.0,0.0,0.00000001,"btc,eth",0.0,0.0,2.820362e-16,234
1,[],4,[],2019-05-22 17:06:12,91780.56053785,0.00000078,0.000000000061977552,7669277,2019-05-22 17:06:12,btc,5.573372450018177,0.0,0.00000078,btc,729173.93529783,0.0,0.0307060663355679,236
1,[],24,[],2019-05-22 17:06:12,0.0,0.000000010000,0.000000000000794584,7669278,2019-05-22 17:06:12,btc,0.0,0.0,0.000000010000,btc,0.0,0.0,0.0,236
1,[],5,[],2019-06-20 20:36:37,0.0,0,0,7746244,2019-06-20 20:36:37,btc,0.0,1.2594503,0,btc,0.0,0.0,0.0,237
1,[],20,[],2019-06-20 20:36:39,50683563.127,0.000000088,0.0000000000084255952,7746245,2019-06-20 20:36:39,btc,8172547.911891308,24260255.8722,0.000000088,btc,31091136.9953,2.2793405373599,1.326915714474,237
1,[],22,[],2019-06-20 20:36:43,2084614.0,0.00000004,0.000000000003829816,7746246,2019-06-20 20:36:43,BTC,1.20112207,0.0,0.00000004,"BTC,LTC",14507.148717948718,0.0,0.02587451,237
1,[],4,[],2019-06-20 20:36:44,40652050.59691808,0.00000006,0.000000000005744724000000001,7746247,2019-06-20 20:36:44,btc,2.5910589728714624,0.0,0.00000006,btc,11680228.90184548,0.2917576,0.7288739631750834,238
1,[],5,[],2019-06-20 20:36:45,0.0,0,0,7746248,2019-06-20 20:36:45,btc,0.0,0.03308002,0,btc,0.0,0.0,0.0,238
0,[],22,[],2019-03-12 16:49:32,0.0,0,0,6914458,2019-03-12 16:49:32,,0.40415746,0.0,0,,526736.5639027493,0.0,0.0,249
0,[],22,[],2019-05-28 23:53:45,0.0,0,0,7703643,2019-05-28 23:53:45,,13.44714864,0.0,0,,43777534.3426455,0.0,0.0,252
0,[],28,[],2019-06-20 20:36:47,0.0,0,0,7746249,2019-06-20 20:36:47,,0.0,0.0,0,,0.0,0.0,0.0,256
1,[],22,[],2019-06-20 20:36:50,592468.0,0.00000001,0.000000000000957454,7746250,2019-06-20 20:36:50,BTC,31464.57242089,0.0,0.00000001,BTC,1034643.2230878276,1.191e-05,0.00592468,258
1,[],22,[],2019-05-19 18:12:02,400.0,0.00000001,0.0000000000007957800000000001,7653905,2019-05-19 18:12:02,BTC,2.415167,0.0,0.00000001,BTC,157.0,0.0,4e-06,259
1,[],5,[],2019-06-20 20:36:51,0.0,0,0,7746251,2019-06-20 20:36:51,btc,0.0,0.0654411,0,btc,0.0,0.0,0.0,264
1,[],20,[],2019-06-20 20:36:53,912797.8483,0.000000977,0.0000000000935432558,7746252,2019-06-20 20:36:53,btc,0.9885728635486,18002.7021,0.000000977,btc,55564.0612,0.0105995535426,0.0084328120337,264
0,[],22,[],2019-04-12 17:57:27,0.0,0,0,7278186,2019-04-12 17:57:27,,66.37522201,0.0,0,,677842.4169881374,0.0,0.0,271
0,[],22,[],2019-05-29 08:10:20,0.0,0,0,7705301,2019-05-29 08:10:20,,33050470.74998113,0.0,0,,14361377780.7,0.0,0.0,272
0,[],28,[],2019-05-29 08:10:54,0.0,0,0,7705302,2019-05-29 08:10:54,,0.0,22189957216.5758,0,,0.0,0.0,0.0,272
1,[],22,[],2019-05-23 07:12:29,219930.0,0.00000004,0.000000000003048688,7671985,2019-05-23 07:12:29,BTC,426.77835217,0.0,0.00000004,BTC,248664.3325962929,0.0,0.00739728,281
1,[],22,[],2019-06-20 20:36:57,46329.1,0.00000002,0.000000000001914908,7746253,2019-06-20 20:36:57,BTC,2.67512943,0.0,0.00000002,"BTC,LTC",984550.9093393277,0.0031795,0.0051777,286
0,[],22,[],2019-06-17 14:34:53,0.0,0,0,7740207,2019-06-17 14:34:53,,7337915.80475575,0.0,0,,2078527309.6797826,0.0,0.0,294
