pairValue,buyBook,exchangeId,sellBook,updated,buyTotal,satoshiPrice,usdPrice,exchangeLogId,created,bestPair,sellTotalBtc,volume,pairPrice,activePairs,sellTotal,volumeBtc,buyTotalBtc,coinId
1,[],5,[],2019-03-13 23:37:36,0.0,0,0,6924669,2019-03-13 23:37:36,btc,0.0,0.02639804,0,btc,0.0,0.0,0.0,1
0,[],2,[],2019-01-20 23:28:45,0.0,0,0,6477011,2019-01-20 23:28:45,,0.0,0.0,0,,0.0,0.0,0.0,1
1,[],3,[],2019-03-14 04:08:53,30541.10558979976,0.0129072600000000002606892479661837569437921047210693359375,0.000000500013054414,6925527,2019-03-14 04:08:53,btc,61.12773224556996,0.0,0.0129072600000000002606892479661837569437921047210693359375,btc,25.84215116658,0.0,0.3028211422933695,1
1,[],4,[],2019-03-14 04:08:54,207782.77342159,0.01306609,0.000000506165953901,6925528,2019-03-14 04:08:54,btc,13.040848882702187,0.0,0.01306609,btc,321.62766148,1.04363723,1.5106040031944625,1
1,[],10,[],2019-03-14 04:09:09,413772.96580514,0.01060056,0.000000410654033784,6925529,2019-03-14 04:09:09,btc,6522.114531592619,801.71957424,0.01060056,btc,1087.91019981,0.0,4.6201290714551515,1
1,[],12,[],2019-03-14 04:09:12,106.25101421,0.0129599999999999992983390484369010664522647857666015625,0.000000502056144,6925530,2019-03-14 04:09:12,btc,0.2885238914189,0.0,0.0129599999999999992983390484369010664522647857666015625,btc,21.41355747,0.0936678445389,0.3277438086712,1
1,[],20,[],2019-03-14 04:09:14,1152.4737,0.01050023,0.00000040676735994699997,6925531,2019-03-14 04:09:14,btc,0.0552085068997,0.0,0.01050023,btc,2.4565,0.0,0.0959759649271,1
1,[],21,[],2019-03-14 04:09:15,2151.9807471,0.01299318000000000000726529947,0.000000503341500702,6925532,2019-03-14 04:09:15,btc,27.30588451396195,9327.61859898,0.012993180000000000007265299473147024400532245635986328125,"btc,eth",3344.1923532,113.88551669787562,18.771612583267785,1
1,[],22,[],2019-03-14 04:09:33,0.0059712,0.01250000,0.00000048423625,6925533,2019-03-14 04:09:33,BTC,0.31439419,0.0,0.01250000,BTC,0.12751438772928525,0.0,7.464e-05,1
1,[],24,[],2019-03-14 04:09:34,0.0,0.000000000000,0,6925534,2019-03-14 04:09:34,btc,0.0,0.0,0.000000000000,btc,0.0,0.0,0.0,1
0.0,[],25,[],2019-03-14 04:09:35,0.0,0,0,6925535,2019-03-14 04:09:35,btc,47.89649999700353,418.48645324,0.0,btc,3605.4648931,5.5,0.0,1
1,[],26,[],2019-03-14 04:09:36,0.0,0,0,6925536,2019-03-14 04:09:36,,0.0,0.0,0,,0.0,0.0,0.0,1
1,[],28,[],2019-03-14 04:09:43,992.9,0.01231000,0.000000476875859,6925537,2019-03-14 04:09:43,btc,0.147901439075,18111.3,0.01231000,btc,7.9421,0.0,0.086101096,1
1,[],5,[],2019-03-13 23:38:15,0.0,0,0,6924679,2019-03-13 23:38:15,btc,0.0,0.00276443,0,btc,0.0,0.0,0.0,2
0,[],22,[],2019-03-14 04:10:07,0.0,0,0,6925538,2019-03-14 04:10:07,,0.0,0.0,0,,0.0,0.0,0.0,2
1,[],5,[],2019-03-13 23:38:30,0.0,0,0,6924681,2019-03-13 23:38:30,btc,0.0,0.12039654,0,btc,0.0,0.0,0.0,3
1,[],12,[],2019-03-14 04:10:16,2797580.51030071,0.000000202,0.0000000000078252578,6925539,2019-03-14 04:10:16,btc,22813.409403627287,0.0,0.000000202,btc,1051725.0219999999,0.03468466910859305,0.3860368593063349,3
0,[],28,[],2019-03-14 04:10:26,0.0,0,0,6925540,2019-03-14 04:10:26,,0.0,0.0,0,,0.0,0.0,0.0,3
0,[],2,[],2019-01-20 23:31:32,0.0,0,0,6477077,2019-01-20 23:31:32,,0.0,0.0,0,,0.0,0.0,0.0,4
1,[],4,[],2019-03-09 19:03:36,394362.28616607,0.00000032,0.000000000012569280000000001,6889097,2019-03-09 19:03:36,btc,32.15548375957025,0.0,0.00000032,btc,707361.31512647,0.00109114,0.0476374485302292,4
1,[],12,[],2019-03-14 04:10:28,444940.0,0.00000002,0.000000000000774778,6925541,2019-03-14 04:10:28,btc,1111742.18134448,0.0,0.00000002,btc,753385.33266733,0.0007914200199801,0.00485804,5
0,[],2,[],2019-01-20 23:31:51,0.0,0,0,6477087,2019-01-20 23:31:51,,0.0,0.0,0,,0.0,0.0,0.0,6
1,[],11,[],2019-03-14 04:10:30,4497079.39882,0.00000002,0.000000000000774778,6925542,2019-03-14 04:10:30,btc,9568.09762938159,10000.0,0.00000002,btc,42608325.926142,0.0,0.056880531334200006,6
1,[],5,[],2019-03-13 23:38:41,0.0,0,0,6924688,2019-03-13 23:38:41,btc,0.0,1.49414604,0,btc,0.0,0.0,0.0,7
1,[],3,[],2019-03-14 04:10:30,1087.833962084558,0.000154759999999999988719301402539940681890584528446197509765625,0.000000005995232163999999,6925543,2019-03-14 04:10:30,btc,29.634085403952064,0.0,0.000154759999999999988719301402539940681890584528446197509765625,btc,239.122414578101,0.0,0.03439493781756314,7
1,[],4,[],2019-03-14 04:10:31,87120.86825129,0.00022018,0.000000008529531002,6925544,2019-03-14 04:10:31,btc,10.41276543687856,0.0,0.00022018,btc,36582.57613767,6.958363,7.017078307159403,7
1,[],20,[],2019-02-20 02:16:17,39399275.8418,0.000000001,0.0000000000000390183,6728586,2019-02-20 02:16:17,btc,116.9737569154545,525.0,0.000000001,btc,56932965.8895,5.25e-07,0.0393992758418,8
0,[],2,[],2019-01-20 23:22:42,0.0,0,0,6476876,2019-01-20 23:22:42,,0.0,0.0,0,,0.0,0.0,0.0,9
0,[],23,[],2019-01-20 23:22:48,0.0,0,0,6476878,2019-01-20 23:22:48,,0.0,0.0,0,,0.0,0.0,0.0,9
1,[],1,[],2019-02-17 23:31:42,1822507.21,0.00000181000000000000003456111265232042484285557293333113193511962890625,0.000000000066086901,6701244,2019-02-17 23:31:42,btc,3.6990969245,17153386.5,0.00000181000000000000003456111265232042484285557293333113193511962890625,btc,1997391.71,31.11772986,3.2610482446,9
1,[],4,[],2019-03-14 04:10:42,1563786.52575903,0.00000170,0.00000000006585613,6925545,2019-03-14 04:10:42,btc,5.416109333195997,0.0,0.00000170,btc,2496957.88386726,5.33906598,1.4480774159045278,9
1,[],28,[],2019-03-14 04:10:49,26353.0,0.00000159,0.00000000006159485099999999,6925546,2019-03-14 04:10:49,btc,2708.760431370583,3774124.92,0.00000159,btc,11454.1497,0.0,0.0147295,9
1,[],4,[],2019-02-17 11:22:43,4341674.27126056,0.00000002,0.0000000000007272960000000001,6696112,2019-02-17 11:22:43,btc,0.1997230937751353,0.0,0.00000002,btc,4109766.79808031,0.00215132,0.0479381022052112,10
0,[],2,[],2019-01-20 23:23:08,0.0,0,0,6476890,2019-01-20 23:23:08,,0.0,0.0,0,,0.0,0.0,0.0,12
1,[],5,[],2019-03-13 23:38:50,0.0,0,0,6924692,2019-03-13 23:38:50,btc,0.0,0.43008967,0,btc,0.0,0.0,0.0,12
1,[],4,[],2019-03-14 04:10:50,7015262.73545631,0.00000147,0.000000000056946183,6925547,2019-03-14 04:10:50,btc,14.1889808597626,0.0,0.00000147,btc,6518900.18879232,10.51472562,5.415564600029998,12
0.0,[],25,[],2019-03-14 04:11:01,0.0,0,0,6925548,2019-03-14 04:11:01,,0.0,0.0,0.0,btc,0.0,0.0,0.0,12
1,[],4,[],2019-03-14 04:11:02,32023852.59053599,0.00000707,0.000000000273884023,6925549,2019-03-14 04:11:02,btc,3.415886691668211,0.0,0.00000707,btc,333407.19907494,2.40385821,1.397542368926407,13
1,[],10,[],2019-03-14 04:11:04,456649.05207126,0.00000697,0.000000000270010133,6925550,2019-03-14 04:11:04,btc,666802.2260896579,50070.8481915,0.00000697,btc,702907.85493929,0.0,0.3207631556842825,13
1,[],21,[],2019-03-14 04:11:05,1810408.01124305,0.000007070000000000000071821888714,0.000000000273884023,6925551,2019-03-14 04:11:05,btc,9.015021309170033,3390797.54959042,0.000007070000000000000071821888714129755726389703340828418731689453125,btc,1138844.4310886,24.29309326,11.871229751754353,13
1,[],4,[],2019-03-14 04:11:06,893659.74363551,0.00000094,0.000000000036414566,6925552,2019-03-14 04:11:06,btc,5.755653605420778,0.0,0.00000094,btc,960450.2951764,0.061738,0.2122528587775563,14
1,[],12,[],2019-03-14 04:11:07,278425.0,0.00000101999999999999997501889774376149233603428001515567302703857421875,0.000000000039513678,6925553,2019-03-14 04:11:07,btc,0.0568902261063342,0.0,0.00000101999999999999997501889774376149233603428001515567302703857421875,btc,9983.1985411,0.0,0.02133701,14
1,[],26,[],2019-03-14 04:11:18,0.0,0.00000050,0.00000000001936945,6925554,2019-03-14 04:11:18,btc,0.0,0.0,0.00000050,btc,0.0,0.0,0.0,14
0,[],17,[],2019-03-14 03:32:21,0.0,0,0,6925311,2019-03-14 03:32:21,btc,0.0,0.0,0,btc,0.0,0.0,0.0,14
,[],12,[],2018-12-01 15:15:48,204241.84496,0.00000489,0.000000000202473384,5260204,2018-12-01 15:15:48,btc,49.5475654835,0.0,,btc,35763.2193806,0.0163153972027625,0.0203389899998,15
0,[],4,[],2019-03-14 04:11:19,0.0,0,0,6925555,2019-03-14 04:11:19,,0.0,0.0,0,,0.0,0.0,0.0,15
0,[],17,[],2019-03-14 03:32:42,0.0,0,0,6925317,2019-03-14 03:32:42,btc,0.0,0.0,0,btc,0.0,0.0,0.0,18
0,[],2,[],2019-01-20 23:23:38,0.0,0,0,6476906,2019-01-20 23:23:38,,0.0,0.0,0,,0.0,0.0,0.0,18
1,[],4,[],2019-03-14 04:11:21,50265.72068443,0.00001596,0.000000000618272844,6925556,2019-03-14 04:11:21,btc,4.190478607572617,0.0,0.00001596,btc,18414.87903687,0.02260782,0.0635623116132727,18
1,[],10,[],2019-03-14 04:11:23,781618.29520707,0.00001687,0.0000000006535252429999999,6925557,2019-03-14 04:11:23,btc,15.406269975605559,335.78433161,0.00001687,btc,13324.36440746,0.0,0.111039002485783,18
1,[],12,[],2019-03-14 04:11:24,313913.81455365,0.00001576000000000000157381919996257835236974642612040042877197265625,0.0000000006105250640000001,6925558,2019-03-14 04:11:24,btc,33214.72447113606,0.0,0.00001576000000000000157381919996257835236974642612040042877197265625,btc,641.06034321,0.0136398248903713,0.0283870680622565,18
0,[],2,[],2019-01-20 23:24:19,0.0,0,0,6476924,2019-01-20 23:24:19,,0.0,0.0,0,,0.0,0.0,0.0,19
1,[],5,[],2019-03-13 23:39:34,0.0,0,0,6924707,2019-03-13 23:39:34,btc,0.0,0.0,0,btc,0.0,0.0,0.0,19
1,[],3,[],2019-03-14 04:11:35,120831.05505350462,0.0000174999999999999984669381281054967303134617395699024200439453125,0.0000000006779307499999999,6925559,2019-03-14 04:11:35,btc,0.641066861362866,256.5,0.0000174999999999999984669381281054967303134617395699024200439453125,btc,14655.982436769738,0.0,0.05452522177134942,19
1,[],4,[],2019-03-14 04:11:36,221930.55034756,0.00001945,0.000000000753471605,6925560,2019-03-14 04:11:36,btc,2.4677763028177373,0.0,0.00001945,btc,91040.9233521,0.37439451,2.273572147522285,19
1,[],12,[],2019-03-14 04:11:47,192249.32975551,0.000016779999999999998584222782316288657966651953756809234619140625,0.0000000006500387419999999,6925561,2019-03-14 04:11:47,btc,0.8015753164601612,0.0,0.000016779999999999998584222782316288657966651953756809234619140625,btc,406.2143714,0.0,0.0402708999999027,19
0,[],27,[],2019-03-14 04:11:49,0.0,0,0,6925562,2019-03-14 04:11:49,,0.0,0.0,0,btc,0.0,0.0,0.0,19
1,[],4,[],2019-03-14 04:11:50,2778735.60194824,0.00000012,0.000000000004648668,6925563,2019-03-14 04:11:50,btc,7.382907576317832,0.0,0.00000012,btc,2875865.97746042,0.00157056,0.0776489389049041,20
0,[],17,[],2019-03-14 03:57:38,0.0,0,0,6925489,2019-03-14 03:57:38,btc,0.0,0.0,0,btc,0.0,0.0,0.0,21
1,[],4,[],2019-03-14 04:11:59,102903446.2663036,0.00000002,0.000000000000774778,6925564,2019-03-14 04:11:59,btc,39103.55115659408,0.0,0.00000002,btc,53710825.31990362,0.00814224,1.1438093684467123,21
1,[],12,[],2019-03-14 04:12:09,1424336.0,0.00000001,0.000000000000387389,6925565,2019-03-14 04:12:09,btc,1247.5321033693406,0.0,0.00000001,btc,2589644.96703296,3.996004e-08,0.01424336,21
1,[],12,[],2019-03-14 04:12:18,2688301533.0,0.0000000001,0.00000000000000387389,6925566,2019-03-14 04:12:18,btc,1933743.593574092,0.0,0.0000000001,btc,1799977355.1052837,0.00069118491968032,0.2688301533,23
0,[],27,[],2019-03-14 04:12:20,0.0,0,0,6925567,2019-03-14 04:12:20,,13.836146978083411,0.0,0,eth,5931606.84014486,0.0,0.0,23
1,[],4,[],2019-03-14 04:12:21,634906.32707902,0.00000073,0.000000000028279397,6925568,2019-03-14 04:12:21,btc,10.045000412306454,0.0,0.00000073,btc,1610157.12205982,0.02998141,0.1538259459045861,24
1,[],22,[],2019-03-14 04:12:39,11.76,0.00000100,0.0000000000387389,6925569,2019-03-14 04:12:39,BTC,7.415e-05,0.0,0.00000100,BTC,23.919354838709676,0.0,1.176e-05,24
0.0,[],25,[],2019-03-14 04:12:40,0.0,0,0,6925570,2019-03-14 04:12:40,,0.0,0.0,0.0,btc,0.0,0.0,0.0,24
1,[],4,[],2019-03-14 04:12:41,23505669.35322338,0.00000630,0.00000000024405507,6925571,2019-03-14 04:12:41,btc,56.11763696088196,0.0,0.00000630,btc,242715.71502389,0.12309193,0.5606640996148468,26
1,[],10,[],2019-03-14 04:12:43,601566.14408179,0.00000621,0.00000000024056856899999997,6925572,2019-03-14 04:12:43,btc,26.08216518819075,4104.42530768,0.00000621,btc,14876.61810999,0.0,0.1792594911405596,26
0,[],2,[],2019-01-20 23:25:56,0.0,0,0,6476976,2019-01-20 23:25:56,,0.0,0.0,0,,0.0,0.0,0.0,26
1,[],3,[],2019-03-14 04:12:44,8336462.54084747,0.00000001,0.000000000000387389,6925573,2019-03-14 04:12:44,btc,2.0389820462443056,35682.8651667,0.00000001,btc,14755137.43691035,0.0,0.0833646254084747,27
1,[],11,[],2019-03-14 04:12:53,8489638.24590115,0.00000006,0.000000000002324334,6925574,2019-03-14 04:12:53,btc,67506.1992155516,5956.66666667,0.00000006,btc,7966196.08369704,0.0,0.4689379049180229,27
1,[],5,[],2019-03-13 23:40:12,0.0,0,0,6924722,2019-03-13 23:40:12,btc,0.0,0.00208878,0,btc,0.0,0.0,0.0,27
1,[],4,[],2019-03-14 04:12:54,2095962836.171099,0.00000001,0.000000000000387389,6925575,2019-03-14 04:12:54,btc,5.216049435081787,0.0,0.00000001,"btc,ltc",369719090.3433136,0.01578985,9.561760988917374,29
1,[],7,[],2019-03-14 04:12:56,35612181.13518611,0.00000001,0.000000000000387389,6925576,2019-03-14 04:12:56,btc,44461604.28227153,545.0,0.00000001,btc,51931453.80011315,1.09e-05,0.35612181135186116,29
1,[],4,[],2019-03-14 04:12:57,1889983.80466118,0.00000017,0.000000000006585613,6925577,2019-03-14 04:12:57,btc,2.6976882195679197,0.0,0.00000017,btc,2144113.10685409,0.01073124,0.1195877311600089,30
0,[],17,[],2019-03-14 04:13:09,0.0,0,0,6925578,2019-03-14 04:13:09,btc,0.0,0.0,0,btc,0.0,0.0,0.0,30
1,[],4,[],2019-03-14 04:13:10,188840.33215637,0.00005285,0.000000002047350865,6925579,2019-03-14 04:13:10,btc,10.298412236514368,0.0,0.00005285,btc,132712.54139001,0.3401454,2.1639879247443905,31
1,[],21,[],2019-03-14 04:13:11,60106.78624701,0.00005442999999999999894513200149,0.0000000021085583269999998,6925580,2019-03-14 04:13:11,btc,4.683551479732193,82056.26537021,0.0000544299999999999989451320014932633739590528421103954315185546875,btc,74606.22508124,4.52081362,3.098391603357875,31
0,[],2,[],2019-01-20 23:28:43,0.0,0,0,6477009,2019-01-20 23:28:43,,0.0,0.0,0,,0.0,0.0,0.0,32
1,[],4,[],2019-03-14 04:13:21,491544735.7054596,0.00000004,0.000000000001549556,6925581,2019-03-14 04:13:21,btc,9.071121611437965,0.0,0.00000004,"btc,ltc",179734470.23588568,0.82177129,9.31808680908158,33
1,[],12,[],2019-03-14 04:13:22,26509975.964,0.00000004,0.000000000001549556,6925582,2019-03-14 04:13:22,btc,2918612.8464185367,0.0,0.00000004,btc,18481904.53646348,0.0016391084515485,0.62012361892,33
1,[],4,[],2019-03-14 04:13:23,96706799.77631107,0.00000001,0.000000000000387389,6925583,2019-03-14 04:13:23,btc,3.4144100719202553,0.0,0.00000001,btc,99278409.46573047,0.01455481,0.9670679977631107,34
1,[],5,[],2019-03-13 23:40:39,0.0,0,0,6924732,2019-03-13 23:40:39,btc,0.0,0.00147406,0,btc,0.0,0.0,0.0,34
0.0000000001442818,[],4,[],2019-03-14 04:13:32,3905318139.4570127,1.442818e-18,5.58931822202e-23,6925584,2019-03-14 04:13:32,ltc,4.8114090032088684e-08,0.0,0.00000001,ltc,6779410131.576289,0.0,5.6346633073350885e-09,36
0.0000000003410357,[],27,[],2019-03-14 04:13:54,1088163.16325,3.410357e-18,1.321134787873e-22,6925585,2019-03-14 04:13:54,eth,222.5593908357632,0.0,0.00000001,"ltc,eth",11165406.63658689,0.0,1.7001960489317804e-12,36
1,[],5,[],2019-03-13 23:40:42,0.0,0,0,6924734,2019-03-13 23:40:42,btc,0.0,0.0,0,btc,0.0,0.0,0.0,36
0,[],17,[],2019-03-14 03:58:49,0.0,0,0,6925507,2019-03-14 03:58:49,btc,0.07464582801955892,0.0,0,btc,4105386.20243647,0.0,0.0,36
1,[],4,[],2019-03-14 04:13:55,223431.4252892,0.00000058,0.000000000022468562,6925586,2019-03-14 04:13:55,btc,19772.480283026664,0.0,0.00000058,btc,560124.55562314,0.00582401,0.0935809363282278,37
1,[],12,[],2019-03-14 04:13:56,413796.54559886,0.00000059,0.000000000022855950999999998,6925587,2019-03-14 04:13:56,btc,22.247804337734525,0.0,0.00000059,btc,430071.81003076,0.0768561091308654,0.1131639133333178,37
1,[],27,[],2019-03-14 04:14:09,14685.567,0.00000045,0.000000000017432505,6925588,2019-03-14 04:14:09,btc,24.25536383611233,0.0,0.00000045,btc,6518.38138508,0.0,0.00480032515,37
1,[],17,[],2019-03-14 03:34:58,1752.74075282,0.00000025,0.000000000009681975,6925348,2019-03-14 03:34:58,btc,0.055484923777095005,0.0,0.00000025,btc,1319.19918473,0.0,0.00043818518820499993,37
1,[],12,[],2019-03-14 04:14:19,253279.61321235,0.00000101000000000000007076262319161141789436442195437848567962646484375,0.000000000039126289,6925589,2019-03-14 04:14:19,btc,5.581463126827403,0.0,0.00000101000000000000007076262319161141789436442195437848567962646484375,btc,30412.70919435,0.0119798543423391,0.0194469598224955,42
0.0000000003410357,[],27,[],2019-03-14 04:14:22,2000.0,3.410357e-18,1.321134787873e-22,6925590,2019-03-14 04:14:22,eth,0.00315028,0.0,0.00000001,"btc,eth",11.007,0.0,6.8207140000000004e-15,42
1,[],5,[],2019-03-13 23:40:53,0.0,0,0,6924739,2019-03-13 23:40:53,btc,0.0,0.08380675,0,btc,0.0,0.0,0.0,42
1,[],5,[],2019-03-13 23:40:58,0.0,0,0,6924742,2019-03-13 23:40:58,btc,0.0,0.0,0,btc,0.0,0.0,0.0,43
1,[],12,[],2019-03-13 09:13:29,1112112.0,0.00000001,0.000000000000386531,6919902,2019-03-13 09:13:29,btc,29058.00478931866,0.0,0.00000001,btc,5967681.93306694,9.99000999e-07,0.01112112,43
0,[],17,[],2019-03-14 02:32:27,0.0,0,0,6925054,2019-03-14 02:32:27,btc,0.0,0.0,0,btc,0.0,0.0,0.0,43
1,[],12,[],2019-03-05 01:54:08,639326.02,0.00000004,0.000000000001486676,6845775,2019-03-05 01:54:08,btc,11116042.728239931,0.0,0.00000004,btc,1103841.4595604,0.0003330765234764,0.014975410599999999,44
1,[],4,[],2019-03-14 04:14:33,298615213.4426056,0.00000002,0.000000000000774778,6925591,2019-03-14 04:14:33,btc,960.9453828133289,0.0,0.00000002,"btc,ltc",16983237.18243608,0.00280352,0.2792294648150433,49
0.0000000001442818,[],4,[],2019-03-14 04:14:34,505951454.13505876,1.442818e-18,5.58931822202e-23,6925592,2019-03-14 04:14:34,ltc,25.90165468073681,0.0,0.00000001,ltc,10280735506.065317,0.0,7.299958651522373e-10,52
0,[],22,[],2019-03-14 04:14:45,0.0,0,0,6925593,2019-03-14 04:14:45,,4468.89738099,0.0,0,,291728851.5359664,0.0,0.0,57
0.0000000003410357,[],27,[],2019-03-14 04:14:46,2000.0,3.410357e-18,1.321134787873e-22,6925594,2019-03-14 04:14:46,eth,0.0,0.0,0.00000001,"btc,eth",0.0,0.0,6.8207140000000004e-15,57
0.0000000001442818,[],4,[],2019-03-14 04:14:47,447156365.0339536,2.885636e-18,1.117863644404e-22,6925595,2019-03-14 04:14:47,ltc,18.657416669315168,0.0,0.00000002,ltc,4760072395.523396,0.0,6.726667065886512e-10,58
1,[],12,[],2019-03-14 04:14:49,1293926406.0,0.0000000003,0.00000000000001162167,6925596,2019-03-14 04:14:49,btc,4023102.6869400847,0.0,0.0000000003,btc,1579322135.4525473,0.07163419316213787,0.3073826259,58
0,[],17,[],2019-03-14 04:14:51,0.0,0,0,6925597,2019-03-14 04:14:51,btc,1e+24,0.0,0,btc,49306342.21952568,0.0,0.0,58
0.0000000001285404,[],22,[],2019-03-14 04:15:05,137438.0,1.285404e-18,4.97951370156e-23,6925598,2019-03-14 04:15:05,XMR,69.1795942,0.0,0.00000001,XMR,9887963.0,0.0,0.00137438,58
1,[],22,[],2019-03-14 04:15:25,13757.0,0.00000012,0.000000000004648668,6925599,2019-03-14 04:15:25,BTC,1002.2960049,0.0,0.00000012,BTC,14976.68361146909,0.0,0.00154987,61
1,[],26,[],2019-03-14 04:15:25,0.0,0.00000800,0.0000000003099112,6925600,2019-03-14 04:15:25,btc,0.0,0.0,0.00000800,btc,0.0,0.0,0.0,61
1,[],27,[],2019-03-14 04:15:28,4411.22008,0.00000047,0.000000000018207283,6925601,2019-03-14 04:15:28,btc,2.8846615703141323,0.0,0.00000047,"btc,eth",19452.59257617,0.0,0.0012437599594685139,61
1,[],28,[],2019-03-14 04:15:34,13880.304,0.0000005,0.00000000001936945,6925602,2019-03-14 04:15:34,btc,2.056312978300105,807.0,0.0000005,btc,9730.59500005,0.0,0.00566391304,61
1,[],5,[],2019-03-13 23:41:54,0.0,0,0,6924750,2019-03-13 23:41:54,btc,0.0,0.00490589,0,btc,0.0,0.0,0.0,61
1,[],4,[],2019-03-14 04:15:37,1455157.81822183,0.00000206,0.000000000079802134,6925603,2019-03-14 04:15:37,btc,9.63535644471241,0.0,0.00000206,btc,820529.87881422,0.18999083,1.319845348618764,67
0.0,[],25,[],2019-03-14 04:15:38,0.0,0,0,6925604,2019-03-14 04:15:38,,0.0,0.0,0.0,btc,0.0,0.0,0.0,67
1,[],12,[],2019-03-14 04:15:39,2928729.5641404,0.00000011,0.000000000004261279,6925605,2019-03-14 04:15:39,btc,1111115.0110804674,0.0,0.00000011,btc,932804.6510308,0.0023071115224699,0.1110939841918178,71
,[],5,[],2018-11-20 23:02:39,1.5e-07,0.00000005,0.000000000002128045,4862160,2018-11-20 23:02:39,btc,2.84511358,0.0,,btc,0.00036572,0.0,0.07381892,74
1,[],5,[],2019-03-13 23:25:56,0.0,0,0,6924569,2019-03-13 23:25:56,btc,0.0,0.0,0,btc,0.0,0.0,0.0,75
1,[],4,[],2019-03-14 04:15:50,13407008.89224166,0.00000001,0.000000000000387389,6925606,2019-03-14 04:15:50,btc,11370.022068656366,0.0,0.00000001,btc,39949505.59932191,0.00036,0.1340700889224166,81
0,[],20,[],2019-01-25 09:30:31,0.0,0,0,6495923,2019-01-25 09:30:31,btc,0.0,0.0,0,btc,0.0,0.0,0.0,81
1,[],4,[],2019-03-14 04:16:00,24910.1706852,0.00007888,0.000000003055724432,6925607,2019-03-14 04:16:00,btc,18.147611555041372,0.0,0.00007888,btc,12634.78667549,0.01370933,0.1667932881795617,82
1,[],21,[],2019-03-14 04:16:01,914043.9563551,0.00007480999999999999694293151276,0.000000002898057109,6925608,2019-03-14 04:16:01,btc,2.8103237978138726,17194.90322819,0.00007480999999999999694293151275559239365975372493267059326171875,btc,32534.8997374,1.30564099,3.295138095662664,82
0,[],17,[],2019-03-13 23:26:13,0.0,0,0,6924573,2019-03-13 23:26:13,btc,0.0447233088476774,0.0,0,btc,999127.19588126,0.0,0.0,84
0.0000000001442818,[],4,[],2019-03-14 04:16:02,169240524.57394722,4.328454000000001e-18,1.676795466606e-22,6925609,2019-03-14 04:16:02,ltc,1.6767322725458012,0.0,0.00000003,ltc,387108623.1422025,0.0,3.7250803045711945e-10,85
,[],22,[],2018-11-20 23:09:34,3408.1,0.0000001,0.0000000000041895,4862324,2018-11-20 23:09:34,BTC,0.04624735,0.0,,BTC,4990.0,0.0,0.00033081,86
1,[],22,[],2019-03-14 04:16:20,110870.0,0.00000005,0.000000000001936945,6925610,2019-03-14 04:16:20,BTC,2.07858175,0.0,0.00000005,BTC,170145.94736842104,0.0,0.0017035,87
1,[],27,[],2019-03-14 04:16:23,55.0,0.00000001,0.000000000000387389,6925611,2019-03-14 04:16:23,btc,3.061282757476,5.388,0.00000001,btc,7360.28541,0.00046132,5.5e-07,87
,[],2,[],2018-11-20 23:10:47,0.0,0,0,4862359,2018-11-20 23:10:47,,0.0,0.0,,,0.0,0.0,0.0,88
1,[],11,[],2019-03-14 04:16:25,94425.12130348,0.00014589000000000000079915241091299549225368537008762359619140625,0.000000005651618121,6925612,2019-03-14 04:16:25,btc,611.7450496860954,835.64406616,0.00014589000000000000079915241091299549225368537008762359619140625,btc,99221.70898754,0.0,6.478782882353724,89
0,[],2,[],2019-01-20 23:31:45,0.0,0,0,6477083,2019-01-20 23:31:45,,0.0,0.0,0,,0.0,0.0,0.0,91
1,[],12,[],2019-03-14 04:16:26,257479.95219932,0.00000083,0.000000000032153287,6925613,2019-03-14 04:16:26,btc,61.01176406346933,0.0,0.00000083,btc,115285.98088573,0.0129278090766787,0.0424703840999855,91
0,[],17,[],2019-03-14 04:16:38,0.0,0,0,6925614,2019-03-14 04:16:38,btc,0.0,0.0,0,btc,0.0,0.0,0.0,91
1,[],22,[],2019-03-14 04:16:50,65900.0,0.00000001,0.000000000000387389,6925615,2019-03-14 04:16:50,BTC,3e-06,0.0,0.00000001,BTC,1.0,0.0,0.000659,91
0.0000000001442818,[],22,[],2019-03-14 04:17:01,52834053.0,1.442818e-18,5.58931822202e-23,6925616,2019-03-14 04:17:01,LTC,3.31498785,0.0,0.00000001,LTC,37200566.889473684,0.0,0.52834053,95
0.0000000001442818,[],4,[],2019-03-14 04:17:02,633511400.2406622,7.5026536e-17,2.9064454754504003e-21,6925617,2019-03-14 04:17:02,ltc,11.889285555958823,0.0,0.00000052,ltc,136262391.0880396,0.00019392,1.558510929896385e-09,96
0,[],12,[],2019-03-14 04:17:03,0.0,0,0,6925618,2019-03-14 04:17:03,btc,10.589852436643357,0.0,0,btc,3077555.66433565,3.2567432568e-06,0.0,96
0,[],17,[],2019-03-14 04:17:05,0.0,0,0,6925619,2019-03-14 04:17:05,btc,0.0,0.0,0,btc,0.0,0.0,0.0,96
1,[],4,[],2019-03-12 10:13:14,2544101.88493427,0.00000025,0.0000000000097174,6911574,2019-03-12 10:13:14,btc,2.5031007307816195,0.0,0.00000025,btc,2555984.39269018,0.04718357,0.3381776086135513,99
1,[],4,[],2019-03-14 04:17:06,359410.98983851,0.00003510,0.00000000135973539,6925620,2019-03-14 04:17:06,btc,12.45517251782591,0.0,0.00003510,btc,194393.23804321,1.68666548,4.0192331751230395,100
0,[],2,[],2019-01-20 23:23:55,0.0,0,0,6476914,2019-01-20 23:23:55,,0.0,0.0,0,,0.0,0.0,0.0,100
1,[],22,[],2019-03-14 04:18:33,50000.0,0.00000001,0.000000000000387389,6925621,2019-03-14 04:18:33,BTC,23.49896609,0.0,0.00000001,BTC,10277.22,0.0,0.0005,101
1,[],4,[],2019-03-14 04:18:33,452227.286598,0.00000073,0.000000000028279397,6925622,2019-03-14 04:18:33,btc,308.09098055980485,0.0,0.00000073,btc,516137.17066065,0.00262108,0.2243724211617014,103
1,[],12,[],2019-03-14 04:18:38,31476669.941473,0.000000008,0.00000000000030991120000000003,6925623,2019-03-14 04:18:38,btc,3219150.4273093464,0.0,0.000000008,btc,78417217.31173114,0.00344971074784235,0.051434749531784,105
1,[],27,[],2019-03-14 04:18:41,294987.0,0.00000001,0.000000000000387389,6925624,2019-03-14 04:18:41,btc,36.60958327597041,228933.0,0.00000001,btc,1423539.93761724,0.00228933,0.00294987,105
1,[],22,[],2019-03-14 04:19:00,9328.0,0.00000001,0.000000000000387389,6925625,2019-03-14 04:19:00,BTC,51.10837004,0.0,0.00000001,BTC,470435.0,0.0,9.328e-05,107
1,[],26,[],2019-03-14 04:19:00,0.0,0.00000000,0,6925626,2019-03-14 04:19:00,btc,0.0,0.0,0.00000000,btc,0.0,0.0,0.0,107
1,[],22,[],2019-03-14 04:19:25,47455.0,0.00000002,0.000000000000774778,6925627,2019-03-14 04:19:25,BTC,2.7975128,0.0,0.00000002,BTC,826524.0833333334,0.0,0.00092944,112
0.0000000003410357,[],27,[],2019-03-14 04:19:27,2000.0,3.410357e-18,1.321134787873e-22,6925628,2019-03-14 04:19:27,eth,1.24996908,0.0,0.00000001,"btc,eth",1289.0,0.0,6.8207140000000004e-15,112
1,[],5,[],2019-03-13 23:43:59,0.0,0,0,6924777,2019-03-13 23:43:59,btc,0.0,0.00100947,0,btc,0.0,0.0,0.0,112
1,[],4,[],2019-03-14 04:19:28,1306450.06752423,0.00000190,0.00000000007360391,6925629,2019-03-14 04:19:28,btc,5.008576929990073,0.0,0.00000190,btc,380372.66075548,0.04627694,1.0092222222877871,113
1,[],5,[],2019-03-13 23:44:28,0.0,0,0,6924781,2019-03-13 23:44:28,btc,0.0,2.54e-06,0,btc,0.0,0.0,0.0,113
1,[],17,[],2019-03-13 20:25:14,152738.278,0.00000004,0.0000000000015450360000000002,6923601,2019-03-13 20:25:14,btc,1.3368030274703833,0.0,0.00000004,btc,51896.221,0.0,0.0022095311199999998,116
0,[],27,[],2019-03-13 20:25:16,0.0,0,0,6923602,2019-03-13 20:25:16,,0.0,0.0,0,btc,0.0,0.0,0.0,116
1,[],4,[],2019-03-14 04:19:38,90544.0775201,0.00004465,0.000000001729691885,6925630,2019-03-14 04:19:38,btc,85.56830839567712,0.0,0.00004465,btc,35109.86426639,0.96481235,1.8226472959905942,120
1,[],7,[],2019-03-14 04:19:41,20905.4623359,0.0000288300000000000001035803387505751516073360107839107513427734375,0.000000001116842487,6925631,2019-03-14 04:19:41,btc,115652.50418478521,42.09400297,0.0000288300000000000001035803387505751516073360107839107513427734375,btc,26280.08424784,0.00148933,0.0533215947833931,120
1,[],20,[],2019-03-14 04:19:47,1617562.1245,0.000000034,0.0000000000013171226,6925632,2019-03-14 04:19:47,btc,32.2519317846648,132799.8438,0.000000034,btc,1028083.5986,0.0045151946892,0.0136835894756,125
1,[],22,[],2019-03-14 04:19:56,3053.0,0.00000001,0.000000000000387389,6925633,2019-03-14 04:19:56,BTC,0.01444887,0.0,0.00000001,BTC,296263.5111111111,0.0,3.053e-05,126
1,[],4,[],2019-03-14 04:19:57,139174.47510463,0.00001193,0.000000000462155077,6925634,2019-03-14 04:19:57,btc,3.5839350457226264,0.0,0.00001193,btc,124336.24697532,0.1009528,0.549960107936064,131
0,[],17,[],2019-03-14 04:19:59,0.0,0,0,6925635,2019-03-14 04:19:59,btc,0.0009561751951600001,0.0,0,btc,35.42829368,0.0,0.0,131
0,[],2,[],2019-01-20 23:25:46,0.0,0,0,6476969,2019-01-20 23:25:46,,0.0,0.0,0,,0.0,0.0,0.0,131
1,[],4,[],2019-03-14 04:19:59,4614.67600307,0.00017261,0.000000006686721529,6925636,2019-03-14 04:19:59,btc,1.609276499019794,0.0,0.00017261,btc,204.67722116,0.00011999,0.0183140344961621,135
1,[],3,[],2019-03-07 00:20:44,877702.73244099,0.00000004,0.00000000000154846,6863392,2019-03-07 00:20:44,btc,0.119366241821405,0.0,0.00000004,btc,760637.99421222,0.0,0.023771231960604298,136
1,[],4,[],2019-03-14 04:20:00,432317.7147631,0.00000141,0.000000000054621849,6925637,2019-03-14 04:20:00,btc,38.62192673274585,0.0,0.00000141,btc,540103.58862699,0.01395114,0.0248792877667457,137
1,[],12,[],2019-03-14 04:20:01,184372.33333333,0.000001349999999999999991849510168340220417348973569460213184356689453125,0.000000000052297514999999997,6925638,2019-03-14 04:20:01,btc,5.049531927905362,0.0,0.000001349999999999999991849510168340220417348973569460213184356689453125,btc,5730.64866136,0.0040097616265225,0.0064662299999956,137
1,[],4,[],2019-03-14 04:20:02,11458.12920426,0.00003672,0.000000001422492408,6925639,2019-03-14 04:20:02,btc,28.37772700224223,0.0,0.00003672,btc,46339.91761129,0.27278978,0.2200586608377747,142
1,[],20,[],2019-03-14 04:20:13,153074.7704,0.000030005,0.0000000011623606945,6925640,2019-03-14 04:20:13,btc,0.3361571811272,19.0994,0.000030005,btc,2245.1971,0.000573077497,0.3099826692485,142
1,[],22,[],2019-03-14 04:20:21,1470.2803921568627,0.00001020,0.00000000039513678,6925641,2019-03-14 04:20:21,BTC,3.0054103,0.0,0.00001020,BTC,910.5995,0.0,0.00121106,142
0.0,[],25,[],2019-03-14 04:20:22,0.0,0,0,6925642,2019-03-14 04:20:22,,0.0,0.0,0.0,btc,0.0,0.0,0.0,142
1,[],28,[],2019-03-14 04:20:31,76600.0,0.00002270,0.00000000087937303,6925643,2019-03-14 04:20:31,btc,0.067100461059305,864.0,0.00002270,btc,552.61077999,0.0,0.0154572,142
1,[],17,[],2019-03-14 03:42:43,22967.386363640002,0.00000088,0.000000000034080552,6925401,2019-03-14 03:42:43,btc,20.0699133484,0.0,0.00000088,btc,405.079105,0.0,0.0104613000000032,142
1,[],5,[],2019-03-13 23:45:01,0.0,0,0,6924790,2019-03-13 23:45:01,btc,0.0,0.10136516,0,btc,0.0,0.0,0.0,142
0,[],22,[],2019-03-13 15:33:20,0.0,0,0,6921615,2019-03-13 15:33:20,,65.83990167,0.0,0,,1043231670.8,0.0,0.0,143
0,[],22,[],2019-02-25 15:42:22,0.0,0,0,6783783,2019-02-25 15:42:22,,4.2131946,0.0,0,,2322156.0,0.0,0.0,146
,[],22,[],2018-11-20 23:01:11,0.0,0,0,4862114,2018-11-20 23:01:11,,2.56807021,0.0,,,61828.4988236,0.0,0.0,147
1,[],12,[],2019-03-14 04:20:33,343453.85247129,0.000001879999999999999999629744958096200235786454868502914905548095703125,0.000000000072829132,6925644,2019-03-14 04:20:33,btc,7.932802758916302,0.0,0.000001879999999999999999629744958096200235786454868502914905548095703125,btc,101651.33942272,0.0005151,0.0764995799998108,148
1,[],4,[],2019-03-14 04:20:33,204651.35257029,0.00000029,0.000000000011234281,6925645,2019-03-14 04:20:33,btc,218.94534326989776,0.0,0.00000029,btc,786317.16441471,0.01493878,0.0467404220939197,152
0,[],22,[],2019-03-14 04:20:39,0.0,0,0,6925646,2019-03-14 04:20:39,,0.0,0.0,0,,0.0,0.0,0.0,152
1,[],5,[],2019-03-13 23:47:03,0.0,0,0,6924798,2019-03-13 23:47:03,btc,0.0,0.0,0,btc,0.0,0.0,0.0,153
,[],16,[],2019-01-11 15:38:59,0.0,0,0,6366141,2019-01-11 15:38:59,btc,0.0,0.0,,btc,0.0,0.0,0.0,155
0,[],22,[],2019-03-14 04:21:04,0.0,0,0,6925647,2019-03-14 04:21:04,,6.7463775,0.0,0,,4673391.242592593,0.0,0.0,156
0,[],23,[],2019-01-20 23:24:29,0.0,0,0,6476932,2019-01-20 23:24:29,,0.0,0.0,0,,0.0,0.0,0.0,156
1,[],22,[],2019-03-14 04:21:22,7073.8,0.00005300,0.0000000020531617,6925648,2019-03-14 04:21:22,BTC,1.79802465,0.0,0.00005300,BTC,802.6461988741639,0.0,0.00104336,157
0,[],22,[],2019-03-14 04:21:31,0.0,0,0,6925649,2019-03-14 04:21:31,,50175.67608608,0.0,0,,54079135.04179466,0.0,0.0,158
,[],17,[],2018-11-20 22:56:10,0.0,0,0,4861976,2018-11-20 22:56:10,btc,1.1265625,0.0,,btc,1000.0,0.0,0.0,159
,[],20,[],2018-11-20 22:56:12,0.0,0,0,4861977,2018-11-20 22:56:12,btc,11912.7940471,0.0,,btc,34413894.3617,0.0,0.0,159
1,[],12,[],2019-03-14 04:21:32,232255.68407708,0.000007580000000000000271089574399585586661487468518316745758056640625,0.00000000029364086200000003,6925650,2019-03-14 04:21:32,btc,1.7064045806116497,0.0,0.000007580000000000000271089574399585586661487468518316745758056640625,btc,9859.86058202,0.0017015669,0.098901934756996,168
1,[],17,[],2019-03-14 04:21:34,29784.95,0.000001,0.0000000000387389,6925651,2019-03-14 04:21:34,btc,0.03026736251542,0.0,0.000001,btc,144.46171372,0.0,0.00716147,168
0,[],22,[],2019-03-14 04:21:44,0.0,0,0,6925652,2019-03-14 04:21:44,,1.13364782,0.0,0,,524897.174707144,0.0,0.0,169
1,[],22,[],2019-03-14 04:21:55,195281.875,0.00000008,0.000000000003099112,6925653,2019-03-14 04:21:55,BTC,14.35171587,0.0,0.00000008,BTC,158891.7107441047,0.00121987,0.00200335,171
1,[],22,[],2019-03-14 04:22:09,738128.3333333334,0.00000007,0.0000000000027117229999999998,6925654,2019-03-14 04:22:09,BTC,2.59380203,0.0,0.00000007,"BTC,LTC",327035.96697294293,0.00200111,0.02376146,173
1,[],5,[],2019-03-05 01:59:40,0.0,0,0,6845846,2019-03-05 01:59:40,btc,0.0,0.00384852,0,btc,0.0,0.0,0.0,175
1,[],22,[],2019-03-14 04:22:18,35500.0,0.00000012,0.000000000004648668,6925655,2019-03-14 04:22:18,BTC,0.54559973,0.0,0.00000012,BTC,137776.41444619838,0.0,0.00206,176
1,[],7,[],2019-03-14 04:22:30,0.0,0,0,6925656,2019-03-14 04:22:30,btc,408083.2735237904,1849.15084915,0,btc,112497602.04328883,0.0,0.0,178
0,[],22,[],2019-03-14 04:22:35,0.0,0,0,6925657,2019-03-14 04:22:35,,1.00242438,0.0,0,,57522.0,0.0,0.0,178
0,[],2,[],2019-01-20 23:28:34,0.0,0,0,6477001,2019-01-20 23:28:34,,0.0,0.0,0,,0.0,0.0,0.0,178
1,[],5,[],2019-03-13 23:50:00,0.0,0,0,6924808,2019-03-13 23:50:00,btc,0.0,0.05329103,0,btc,0.0,0.0,0.0,179
1,[],22,[],2019-03-14 04:23:08,6867106.0,0.00000002,0.000000000000774778,6925658,2019-03-14 04:23:08,BTC,5.63100652,0.0,0.00000002,"BTC,LTC",17355770.756535422,0.0,0.37228284,179
0,[],23,[],2019-01-20 23:25:08,0.0,0,0,6476952,2019-01-20 23:25:08,,0.0,0.0,0,,0.0,0.0,0.0,179
1,[],22,[],2019-03-14 04:23:47,665166.7090909091,0.00000125,0.000000000048423625,6925659,2019-03-14 04:23:47,BTC,0.21358263,0.0,0.00000125,"BTC,LTC",61334.714636976925,0.00344811,0.57021798,180
1,[],26,[],2019-03-14 04:23:47,0.0,0.00000125,0.000000000048423625,6925660,2019-03-14 04:23:47,btc,0.0,0.0,0.00000125,btc,0.0,0.0,0.0,180
1,[],17,[],2019-03-14 03:05:45,10504.725,0.0000001,0.00000000000387552,6925279,2019-03-14 03:05:45,btc,5.201069583843774,0.0,0.0000001,btc,5033.45945,0.0,0.0010504725,180
,[],7,[],2018-11-20 22:58:01,562227.975654,0.00000085,0.000000000036176765,4862015,2018-11-20 22:58:01,btc,21836.6059674,2491.87645172,,btc,749999.041456,0.00211021,0.127565380455,183
,[],5,[],2019-01-10 08:11:41,0.0,0,0,6347036,2019-01-10 08:11:41,btc,82.15055501,0.00261,,btc,1.19002445,0.0,0.0,187
1,[],24,[],2019-03-14 04:23:57,0.0,0.000000000001,3.8738899999999997e-17,6925661,2019-03-14 04:23:57,btc,0.0,0.0,0.000000000001,btc,0.0,0.0,0.0,187
,[],17,[],2018-11-16 20:58:10,4062536.27273,0.00000001,0.000000000000550501,4708775,2018-11-16 20:58:10,btc,3.36492563466,0.195460381006,,"btc,eth",110697919.549,0.0,0.0157628953496,187
0,[],22,[],2019-03-14 04:24:08,0.0,0,0,6925662,2019-03-14 04:24:08,,7.54797454,0.0,0,,79361.7243344055,0.0,0.0,191
0,[],22,[],2019-03-14 04:24:20,0.0,0,0,6925663,2019-03-14 04:24:20,,0.0,0.0,0,,0.0,0.0,0.0,197
0,[],23,[],2019-01-20 23:31:41,0.0,0,0,6477079,2019-01-20 23:31:41,,0.0,0.0,0,,0.0,0.0,0.0,199
0,[],22,[],2019-03-14 04:24:26,0.0,0,0,6925664,2019-03-14 04:24:26,,5.19581047,0.0,0,,21561978.0,0.0,0.0,199
1,[],26,[],2019-03-14 04:24:27,0.0,0.00000000,0,6925665,2019-03-14 04:24:27,btc,0.0,132711.0,0.00000000,btc,0.0,0.0,0.0,199
0,[],17,[],2019-01-30 16:32:01,0.0,0,0,6540827,2019-01-30 16:32:01,btc,6.802544163788159,0.0,0,btc,105897.55575295,0.0,0.0,200
0,[],2,[],2019-01-20 23:30:49,0.0,0,0,6477059,2019-01-20 23:30:49,,0.0,0.0,0,,0.0,0.0,0.0,201
1,[],4,[],2019-01-25 15:51:35,2084389.58565343,0.00000936,0.000000000333526752,6499557,2019-01-25 15:51:35,btc,2.0092503037378524,0.0,0.00000936,btc,160195.80207885,0.19272417,1.242687955921835,211
1,[],7,[],2019-03-14 04:24:34,5384407.76657402,0.000001069999999999999919816744131662034078544820658862590789794921875,0.000000000041450622999999994,6925666,2019-03-14 04:24:34,btc,15476654.413118284,583254.297399,0.000001069999999999999919816744131662034078544820658862590789794921875,btc,13080641.42370457,0.0,2.8285027966864775,212
1,[],5,[],2019-03-13 23:34:13,0.0,0,0,6924635,2019-03-13 23:34:13,btc,0.0,0.053997,0,btc,0.0,0.0,0.0,213
1,[],24,[],2019-03-13 23:34:13,0.0,0.000000150000,0.00000000000579081,6924636,2019-03-13 23:34:13,btc,0.0,0.0,0.000000150000,btc,0.0,0.0,0.0,213
1,[],26,[],2019-03-13 23:34:14,0.0,0.00000010,0.00000000000386054,6924637,2019-03-13 23:34:14,btc,0.0,0.0,0.00000010,btc,0.0,0.0,0.0,213
1,[],12,[],2019-01-25 02:44:32,207462.42853209,0.000001080000000000000035831255497387193287295303889550268650054931640625,0.000000000038610756000000006,6493050,2019-01-25 02:44:32,btc,85023.03793723314,0.0,0.000001080000000000000035831255497387193287295303889550268650054931640625,btc,43675.73520027,0.000146250909087,0.0348620860622024,213
1,[],22,[],2019-03-14 04:26:03,25000.0,0.00000001,0.000000000000387389,6925667,2019-03-14 04:26:03,BTC,2.2910283,0.0,0.00000001,BTC,748106.3963726171,0.00049,0.00025,216
1,[],27,[],2019-03-14 04:26:05,1298122.0,0.00000003,0.000000000001162167,6925668,2019-03-14 04:26:05,btc,317.9840526547724,0.0,0.00000003,"btc,ltc",240753.990324,0.0,0.03375764000025971,216
1,[],22,[],2019-03-14 04:26:28,142940.11184210525,0.00000153,0.000000000059270517,6925669,2019-03-14 04:26:28,BTC,12543.58081328,0.0,0.00000153,BTC,421376.58477463986,0.05335547,0.13878978,217
1,[],7,[],2019-03-14 04:26:29,0.0,0,0,6925670,2019-03-14 04:26:29,btc,77971.81411323446,0.0,0,btc,135963412.7426053,0.0,0.0,219
0,[],27,[],2019-03-14 04:26:32,0.0,0,0,6925671,2019-03-14 04:26:32,,0.0404796,0.0,0,btc,2057905.0,0.0,0.0,219
0.0000000000000052,[],28,[],2019-03-14 04:26:40,171578396.705,9.1026e-18,3.5262471114e-22,6925672,2019-03-14 04:26:40,doge,86217.0756560575,14636.0,0.00175050,"btc,doge",3933098.30521,0.0,2.493544688178804e-11,219
1,[],22,[],2019-03-14 04:27:00,406759.0,0.00000008,0.000000000003099112,6925673,2019-03-14 04:27:00,BTC,18.0683074,0.0,0.00000008,BTC,93423.54541875875,0.0,0.01939217,221
1,[],24,[],2019-03-14 04:27:00,0.0,0.000000200000,0.00000000000774778,6925674,2019-03-14 04:27:00,btc,0.0,0.0,0.000000200000,btc,0.0,0.0,0.0,221
1,[],20,[],2019-03-14 04:27:02,42495605.3129,0.000000002,0.0000000000000774778,6925675,2019-03-14 04:27:02,btc,49.3209816374785,331138.4986,0.000000002,btc,15615581.2943,0.0014333358558,0.0458858811005,224
0,[],22,[],2019-03-14 04:27:19,0.0,0,0,6925676,2019-03-14 04:27:19,,0.0,0.0,0,,0.0,0.0,0.0,224
1,[],26,[],2019-03-14 04:27:19,0.0,0.00000035,0.000000000013558615,6925677,2019-03-14 04:27:19,btc,0.0,0.0,0.00000035,btc,0.0,0.0,0.0,231
1,[],26,[],2019-03-14 04:27:19,0.0,0.00000005,0.000000000001936945,6925678,2019-03-14 04:27:19,btc,0.0,200.0,0.00000005,btc,0.0,0.0,0.0,234
0.0000000003410357,[],27,[],2019-03-14 04:27:23,2000.0,3.410357e-18,1.321134787873e-22,6925679,2019-03-14 04:27:23,eth,0.01134836604,0.0,0.00000001,"btc,eth",11462.996,0.0,6.8207140000000004e-15,234
1,[],4,[],2019-03-14 04:27:24,798743.1658732,0.00000066,0.000000000025567674,6925680,2019-03-14 04:27:24,btc,4.2328259840999385,0.0,0.00000066,btc,1249587.72275112,0.04357565,0.2003005386743523,236
1,[],24,[],2019-03-14 04:27:24,0.0,0.000000500000,0.00000000001936945,6925681,2019-03-14 04:27:24,btc,0.0,0.0,0.000000500000,btc,0.0,0.0,0.0,236
1,[],20,[],2019-03-14 04:27:26,228807990.4803,0.000000046,0.0000000000017819894,6925682,2019-03-14 04:27:26,btc,10.6499285728072,686780.7613,0.000000046,btc,33918285.8941,0.0322672725394,0.5550500571739,237
0.0000000001442818,[],22,[],2019-03-14 04:27:35,751594.9,2.4527906e-17,9.501840977434e-22,6925683,2019-03-14 04:27:35,LTC,0.0405823,0.0,0.00000017,LTC,3164.0,0.0,0.12541949,237
1,[],5,[],2019-03-13 23:35:44,0.0,0,0,6924656,2019-03-13 23:35:44,btc,0.0,0.00857809,0,btc,0.0,0.0,0.0,238
1,[],4,[],2019-03-14 04:27:36,6573486.21049311,0.00000033,0.000000000012783837,6925684,2019-03-14 04:27:36,btc,6.2559682281440026,0.0,0.00000033,btc,10414660.2948705,0.48804695,1.5001430935372144,238
0,[],22,[],2019-03-12 16:49:32,0.0,0,0,6914458,2019-03-12 16:49:32,,0.40415746,0.0,0,,526736.5639027493,0.0,0.0,249
0.0000000001442818,[],22,[],2019-03-14 04:27:52,48101131.166666664,5.771272e-18,2.235727288808e-22,6925685,2019-03-14 04:27:52,LTC,0.93019708,0.0,0.00000004,LTC,18228659.353636365,4.723540852940001e-12,1.14218135,252
1,[],28,[],2019-03-14 04:27:59,1991579.917,0.0000006,0.00000000002324334,6925686,2019-03-14 04:27:59,btc,164780.3069081745,57121.5,0.0000006,btc,266549.736,0.0,0.5440319301,256
1,[],22,[],2019-03-14 04:28:08,1335610.3333333333,0.00000003,0.000000000001162167,6925687,2019-03-14 04:28:08,BTC,31.4462134,0.0,0.00000003,BTC,578131.8568978057,0.00102892,0.01900123,258
1,[],22,[],2019-03-13 00:07:30,47146.0,0.00000001,0.000000000000387233,6917028,2019-03-13 00:07:30,BTC,2.415167,0.0,0.00000001,BTC,157.0,0.0,0.00047146,259
1,[],5,[],2019-03-13 23:36:15,0.0,0,0,6924660,2019-03-13 23:36:15,btc,0.0,0.01846533,0,btc,0.0,0.0,0.0,264
1,[],20,[],2019-03-14 04:28:19,1244510.5788,0.00000097,0.000000000037576733,6925688,2019-03-14 04:28:19,btc,7.1922130072017,70539.5028,0.00000097,btc,101604.8773,0.1535279932844,0.0181505155782,264
0,[],22,[],2019-03-14 04:28:26,0.0,0,0,6925689,2019-03-14 04:28:26,,8.75660439,0.0,0,,474745.2241309945,0.0,0.0,271
0,[],22,[],2019-03-14 04:28:33,0.0,0,0,6925690,2019-03-14 04:28:33,,111821.04152134,0.0,0,,13992847597.692,0.0,0.0,272
0.0000000000000052,[],28,[],2019-03-14 04:28:38,215701556712.905,4.68e-21,1.81298052e-25,6925691,2019-03-14 04:28:38,doge,147688633.33520955,1420029812.13,0.0000009,doge,244547924413.1349,0.0,5.879410003432298e-10,272
1,[],22,[],2019-03-14 04:29:00,252555.74,0.00000071,0.000000000027504619,6925692,2019-03-14 04:29:00,BTC,383.69310931,0.0,0.00000071,"BTC,LTC",76279.84794835793,0.00573742,0.11391366,281
1,[],22,[],2019-03-14 04:29:16,475782.625,0.00000011,0.000000000004261279,6925693,2019-03-14 04:29:16,BTC,1.35560569,0.0,0.00000011,BTC,213886.64211377082,0.02022122,0.03403672,286
0,[],22,[],2019-03-13 05:14:01,0.0,0,0,6918528,2019-03-13 05:14:01,,1044638.85409864,0.0,0,,705144707.0,0.0,0.0,294
