pairValue,buyBook,exchangeId,sellBook,updated,buyTotal,satoshiPrice,usdPrice,exchangeLogId,created,bestPair,sellTotalBtc,volume,pairPrice,activePairs,sellTotal,volumeBtc,buyTotalBtc,coinId
1,[],3,[],2019-03-13 23:20:14,30540.467276123312,0.012875140000000000195523597312785568647086620330810546875,0.000000497049929756,6924481,2019-03-13 23:20:14,btc,61.16488166900629,7.62269e-07,0.012875140000000000195523597312785568647086620330810546875,btc,28.62302132488,0.0,0.29435459740285064,1
1,[],4,[],2019-03-13 23:20:16,207790.01489034,0.01306609,0.000000504421630886,6924482,2019-03-13 23:20:16,btc,13.150965146351943,0.0,0.01306609,btc,330.03191016,0.91688314,1.6075483032431523,1
1,[],5,[],2019-03-13 23:20:19,0.0,0,0,6924483,2019-03-13 23:20:19,btc,0.0,0.02639804,0,btc,0.0,0.0,0.0,1
1,[],10,[],2019-03-13 23:20:22,413776.70757752,0.01055859,0.00000040761859038599997,6924484,2019-03-13 23:20:22,btc,6522.121449890203,1044.61602472,0.01055859,btc,1088.06489824,0.0,4.652274579544524,1
1,[],12,[],2019-03-13 23:20:25,107.05362806,0.01298000000000000021815882433884326019324362277984619140625,0.000000501098092,6924485,2019-03-13 23:20:25,btc,0.2863139230749,0.0,0.01298000000000000021815882433884326019324362277984619140625,btc,21.24814983,0.0999163352356,0.3384352386956,1
1,[],20,[],2019-03-13 23:20:27,1152.4727,0.01050023,0.000000405365579242,6924486,2019-03-13 23:20:27,btc,0.0552085068997,0.0,0.01050023,btc,2.4565,0.0,0.0959654646971,1
1,[],21,[],2019-03-13 23:20:28,2135.21634232,0.01300620000000000074658057514,0.0000005021095534800001,6924487,2019-03-13 23:20:28,btc,26.449123672136132,9757.522461999999,0.01300620000000000074658057513943276717327535152435302734375,"btc,eth",3160.24233116,121.00626132209729,18.354121828502382,1
1,[],22,[],2019-03-13 23:20:42,0.0059712,0.01250000,0.0000004825675,6924488,2019-03-13 23:20:42,BTC,0.31439419,0.0,0.01250000,BTC,0.12751438772928525,0.0,7.464e-05,1
1,[],24,[],2019-03-13 23:20:43,0.0,0.000000000000,0,6924489,2019-03-13 23:20:43,btc,0.0,0.0,0.000000000000,btc,0.0,0.0,0.0,1
0.0,[],25,[],2019-03-13 23:20:44,0.0,0,0,6924490,2019-03-13 23:20:44,btc,40.39649999756645,456.77032508,0.0,btc,3046.29999279,6.0,0.0,1
1,[],26,[],2019-03-13 23:20:45,0.0,0,0,6924491,2019-03-13 23:20:45,,0.0,0.0,0,,0.0,0.0,0.0,1
1,[],28,[],2019-03-13 23:20:53,992.9,0.01231000,0.00000047523247400000003,6924492,2019-03-13 23:20:53,btc,0.147901439075,18356.15,0.01231000,btc,7.9421,0.0,0.086101096,1
0,[],2,[],2019-01-20 23:28:45,0.0,0,0,6477011,2019-01-20 23:28:45,,0.0,0.0,0,,0.0,0.0,0.0,1
1,[],5,[],2019-03-13 23:20:55,0.0,0,0,6924493,2019-03-13 23:20:55,btc,0.0,0.00276443,0,btc,0.0,0.0,0.0,2
0.0000000001292353,[],22,[],2019-03-13 23:21:04,1148.0,1.4215883000000002e-16,5.488098495682e-21,6924494,2019-03-13 23:21:04,XMR,21.02425527,0.0,0.00000110,XMR,24942.398537272726,0.0,0.00087635,2
1,[],5,[],2019-03-13 23:21:06,0.0,0,0,6924495,2019-03-13 23:21:06,btc,0.0,0.12039654,0,btc,0.0,0.0,0.0,3
1,[],12,[],2019-03-13 23:21:07,2791900.3813,0.000000201,0.0000000000077596854,6924496,2019-03-13 23:21:07,btc,22813.354766998556,0.0,0.000000201,btc,1024058.852,0.07691056803261509,0.38435272202869997,3
0,[],28,[],2019-03-13 23:21:14,0.0,0,0,6924497,2019-03-13 23:21:14,,0.0,0.0,0,,0.0,0.0,0.0,3
0,[],2,[],2019-01-20 23:31:32,0.0,0,0,6477077,2019-01-20 23:31:32,,0.0,0.0,0,,0.0,0.0,0.0,4
1,[],4,[],2019-03-09 19:03:36,394362.28616607,0.00000032,0.000000000012569280000000001,6889097,2019-03-09 19:03:36,btc,32.15548375957025,0.0,0.00000032,btc,707361.31512647,0.00109114,0.0476374485302292,4
1,[],12,[],2019-03-13 23:21:15,444940.0,0.00000002,0.000000000000772108,6924498,2019-03-13 23:21:15,btc,1111742.18134448,0.0,0.00000002,btc,753385.33266733,0.0007914200199801,0.00485804,5
0,[],2,[],2019-01-20 23:31:51,0.0,0,0,6477087,2019-01-20 23:31:51,,0.0,0.0,0,,0.0,0.0,0.0,6
1,[],11,[],2019-03-13 23:21:19,4497079.39882,0.00000002,0.000000000000772108,6924499,2019-03-13 23:21:19,btc,9568.09762938159,10000.0,0.00000002,btc,42608325.926142,0.0,0.056880531334200006,6
1,[],3,[],2019-03-13 23:21:20,1087.833962084558,0.000154759999999999988719301402539940681890584528446197509765625,0.0000000059745717039999995,6924500,2019-03-13 23:21:20,btc,29.634085403952064,0.0,0.000154759999999999988719301402539940681890584528446197509765625,btc,239.122414578101,0.0,0.03439493781756314,7
1,[],4,[],2019-03-13 23:21:21,87956.22452494,0.00022989,0.000000008874995406,6924501,2019-03-13 23:21:21,btc,10.862282586012979,0.0,0.00022989,btc,36596.39772816,6.38036152,7.235259152633676,7
1,[],5,[],2019-03-13 23:21:22,0.0,0,0,6924502,2019-03-13 23:21:22,btc,0.0,1.49283186,0,btc,0.0,0.0,0.0,7
1,[],20,[],2019-02-20 02:16:17,39399275.8418,0.000000001,0.0000000000000390183,6728586,2019-02-20 02:16:17,btc,116.9737569154545,525.0,0.000000001,btc,56932965.8895,5.25e-07,0.0393992758418,8
0,[],2,[],2019-01-20 23:22:42,0.0,0,0,6476876,2019-01-20 23:22:42,,0.0,0.0,0,,0.0,0.0,0.0,9
0,[],23,[],2019-01-20 23:22:48,0.0,0,0,6476878,2019-01-20 23:22:48,,0.0,0.0,0,,0.0,0.0,0.0,9
1,[],1,[],2019-02-17 23:31:42,1822507.21,0.00000181000000000000003456111265232042484285557293333113193511962890625,0.000000000066086901,6701244,2019-02-17 23:31:42,btc,3.6990969245,17153386.5,0.00000181000000000000003456111265232042484285557293333113193511962890625,btc,1997391.71,31.11772986,3.2610482446,9
1,[],4,[],2019-03-13 23:21:24,1401074.02925397,0.00000167,0.000000000064471018,6924503,2019-03-13 23:21:24,btc,5.4230105342029375,0.0,0.00000167,btc,2565097.79043357,4.73873782,1.1928028121740277,9
1,[],28,[],2019-03-13 23:21:39,26353.0,0.00000159,0.000000000061382586,6924504,2019-03-13 23:21:39,btc,2708.760431370583,3749237.92,0.00000159,btc,11454.1497,0.0,0.0147295,9
1,[],4,[],2019-02-17 11:22:43,4341674.27126056,0.00000002,0.0000000000007272960000000001,6696112,2019-02-17 11:22:43,btc,0.1997230937751353,0.0,0.00000002,btc,4109766.79808031,0.00215132,0.0479381022052112,10
0,[],2,[],2019-01-20 23:23:08,0.0,0,0,6476890,2019-01-20 23:23:08,,0.0,0.0,0,,0.0,0.0,0.0,12
1,[],4,[],2019-03-13 23:21:40,6086372.90106275,0.00000139,0.000000000053661506,6924505,2019-03-13 23:21:40,btc,11.291169856894944,0.0,0.00000139,btc,5666281.00360326,7.86621246,4.121376455425161,12
1,[],5,[],2019-03-13 23:21:43,0.0,0,0,6924506,2019-03-13 23:21:43,btc,0.0,0.42994141,0,btc,0.0,0.0,0.0,12
0.0,[],25,[],2019-03-13 23:21:44,0.0,0,0,6924507,2019-03-13 23:21:44,,0.0,0.0,0.0,btc,0.0,0.0,0.0,12
1,[],10,[],2019-03-13 21:34:53,458297.8959441,0.0000073,0.00000000028192746000000004,6924164,2019-03-13 21:34:53,btc,666802.2307548732,33062.6222794,0.0000073,btc,703395.82340566,0.0,0.3419594643291475,13
1,[],4,[],2019-03-13 23:21:45,32065557.31001533,0.00000720,0.00000000027795888,6924508,2019-03-13 23:21:45,btc,3.247593243660398,0.0,0.00000720,btc,308385.64449215,2.34442654,1.651681013268015,13
1,[],21,[],2019-03-13 23:21:48,1577792.31458292,0.000007209999999999999578442679699,0.000000000278344934,6924509,2019-03-13 23:21:48,btc,8.855102681709212,3376098.16447485,0.0000072099999999999995784426796985311369780902168713510036468505859375,btc,1105445.48051516,24.14477966,10.448283680312418,13
0,[],17,[],2019-03-13 22:21:00,0.0,0,0,6924324,2019-03-13 22:21:00,btc,0.0,0.0,0,btc,0.0,0.0,0.0,14
1,[],4,[],2019-03-13 23:21:49,896574.90167216,0.00000098,0.000000000037833292,6924510,2019-03-13 23:21:49,btc,6.0115476913387065,0.0,0.00000098,btc,1097921.08609594,0.06145017,0.2151045157898963,14
1,[],12,[],2019-03-13 23:21:50,270405.0,0.00000101999999999999997501889774376149233603428001515567302703857421875,0.000000000039377508,6924511,2019-03-13 23:21:50,btc,0.0568951333980978,0.0,0.00000101999999999999997501889774376149233603428001515567302703857421875,btc,9983.1985411,0.0,0.01844981,14
1,[],26,[],2019-03-13 23:22:01,0.0,0.00000050,0.000000000019302700000000002,6924512,2019-03-13 23:22:01,btc,0.0,0.0,0.00000050,btc,0.0,0.0,0.0,14
,[],12,[],2018-12-01 15:15:48,204241.84496,0.00000489,0.000000000202473384,5260204,2018-12-01 15:15:48,btc,49.5475654835,0.0,,btc,35763.2193806,0.0163153972027625,0.0203389899998,15
0,[],4,[],2019-03-13 23:22:02,0.0,0,0,6924513,2019-03-13 23:22:02,,0.0,0.0,0,,0.0,0.0,0.0,15
1,[],4,[],2019-03-13 22:21:03,49932.44860077,0.00001627,0.000000000628057794,6924327,2019-03-13 22:21:03,btc,4.189477377002863,0.0,0.00001627,btc,18355.90752551,0.03060175,0.0589862607441762,18
1,[],10,[],2019-03-13 22:21:05,781618.29520707,0.00001687,0.000000000651219114,6924328,2019-03-13 22:21:05,btc,15.406269975605559,413.92769392,0.00001687,btc,13324.36440746,0.0,0.111039002485783,18
1,[],12,[],2019-03-13 22:21:06,332068.27438327,0.00001557999999999999990907446900667565614639897830784320831298828125,0.000000000601422276,6924329,2019-03-13 22:21:06,btc,33214.73273864484,0.0,0.00001557999999999999990907446900667565614639897830784320831298828125,btc,1104.38781846,0.015376869831678,0.0261983892302208,18
0,[],2,[],2019-01-20 23:23:38,0.0,0,0,6476906,2019-01-20 23:23:38,,0.0,0.0,0,,0.0,0.0,0.0,18
0,[],17,[],2019-03-13 20:43:07,0.0,0,0,6923900,2019-03-13 20:43:07,btc,0.0,0.0,0,btc,0.0,0.0,0.0,18
0,[],2,[],2019-01-20 23:24:19,0.0,0,0,6476924,2019-01-20 23:24:19,,0.0,0.0,0,,0.0,0.0,0.0,19
1,[],3,[],2019-03-13 23:22:04,120834.69282490462,0.0000174999999999999984669381281054967303134617395699024200439453125,0.0000000006755944999999999,6924514,2019-03-13 23:22:04,btc,0.641086459364886,256.5,0.0000174999999999999984669381281054967303134617395699024200439453125,btc,14655.982436769738,0.0,0.05458522177124962,19
1,[],4,[],2019-03-13 23:22:05,220577.61885694,0.00001955,0.00000000075473557,6924515,2019-03-13 23:22:05,btc,2.481384144029749,0.0,0.00001955,btc,91717.91417641,0.40163593,2.262991596083526,19
1,[],5,[],2019-03-13 23:22:06,0.0,0,0,6924516,2019-03-13 23:22:06,btc,0.0,0.0,0,btc,0.0,0.0,0.0,19
1,[],12,[],2019-03-13 23:22:08,192249.32975551,0.000016779999999999998584222782316288657966651953756809234619140625,0.000000000647798612,6924517,2019-03-13 23:22:08,btc,0.8015754529348874,0.0,0.000016779999999999998584222782316288657966651953756809234619140625,btc,406.2143714,0.0,0.0402708999999027,19
0,[],27,[],2019-03-13 23:22:10,0.0,0,0,6924518,2019-03-13 23:22:10,,0.0,0.0,0,btc,0.0,0.0,0.0,19
1,[],4,[],2019-03-13 23:22:11,3046958.87794824,0.00000012,0.000000000004632648,6924519,2019-03-13 23:22:11,btc,7.382907576317832,0.0,0.00000012,btc,2875865.97746042,0.00277056,0.1045512665049041,20
1,[],4,[],2019-03-13 23:22:12,102903446.2663036,0.00000002,0.000000000000772108,6924520,2019-03-13 23:22:12,btc,39103.55115659408,0.0,0.00000002,btc,53710825.31990362,0.00814224,1.1438093684467123,21
1,[],12,[],2019-03-13 23:22:13,1424336.0,0.00000001,0.000000000000386054,6924521,2019-03-13 23:22:13,btc,1247.5321033693406,0.0,0.00000001,btc,2589644.96703296,1.003996004e-05,0.01424336,21
0,[],17,[],2019-03-13 23:22:24,0.0,0,0,6924522,2019-03-13 23:22:24,btc,0.0,0.0,0,btc,0.0,0.0,0.0,21
1,[],12,[],2019-03-13 23:22:25,2688771158.0,0.0000000001,0.00000000000000386054,6924523,2019-03-13 23:22:25,btc,1933743.5845540923,0.0,0.0000000001,btc,1754877357.1052837,0.00070183071968032,0.2688771158,23
0,[],27,[],2019-03-13 23:22:28,0.0,0,0,6924524,2019-03-13 23:22:28,,13.836146978083411,0.0,0,eth,5931606.84014486,0.0,0.0,23
1,[],4,[],2019-03-13 23:22:29,638935.21562504,0.00000043,0.000000000016600322,6924525,2019-03-13 23:22:29,btc,9.216562002153331,0.0,0.00000043,btc,1597838.18057329,0.01017806,0.1550478999220563,24
1,[],22,[],2019-03-13 23:22:43,11.76,0.00000100,0.000000000038605400000000004,6924526,2019-03-13 23:22:43,BTC,7.415e-05,0.0,0.00000100,BTC,23.919354838709676,0.0,1.176e-05,24
0.0,[],25,[],2019-03-13 23:22:44,0.0,0,0,6924527,2019-03-13 23:22:44,,0.0,0.0,0.0,btc,0.0,0.0,0.0,24
0,[],2,[],2019-01-20 23:25:56,0.0,0,0,6476976,2019-01-20 23:25:56,,0.0,0.0,0,,0.0,0.0,0.0,26
1,[],4,[],2019-03-13 23:22:45,23513065.00168667,0.00000629,0.000000000242827966,6924528,2019-03-13 23:22:45,btc,56.9953555977762,0.0,0.00000629,btc,241576.98125673,0.07751943,0.6075333763889779,26
1,[],10,[],2019-03-13 23:22:48,601732.23447018,0.00000621,0.000000000239739534,6924529,2019-03-13 23:22:48,btc,26.08216685254573,4293.62977398,0.00000621,btc,14876.61810999,0.0,0.1802576943747835,26
1,[],3,[],2019-03-13 23:22:49,8336462.54084747,0.00000001,0.000000000000386054,6924530,2019-03-13 23:22:49,btc,2.0359818380103283,78979.0541667,0.00000001,btc,14605127.02521149,0.0,0.0833646254084747,27
1,[],5,[],2019-03-13 23:22:51,0.0,0,0,6924531,2019-03-13 23:22:51,btc,0.0,0.00208878,0,btc,0.0,0.0,0.0,27
1,[],11,[],2019-03-13 23:22:52,8483578.24590115,0.00000006,0.000000000002316324,6924532,2019-03-13 23:22:52,btc,67506.1992155516,5956.66666667,0.00000006,btc,7966196.08369704,0.0,0.4686349049180229,27
1,[],4,[],2019-03-13 23:22:54,2097152699.8202796,0.00000001,0.000000000000386054,6924533,2019-03-13 23:22:54,btc,5.187056516968181,0.0,0.00000001,"btc,ltc",365644585.77043927,0.00183143,9.55439214494924,29
1,[],7,[],2019-03-13 23:22:56,35612181.13518611,0.00000001,0.000000000000386054,6924534,2019-03-13 23:22:56,btc,44461604.28215368,545.0,0.00000001,btc,51925561.76088459,0.0,0.35612181135186116,29
0,[],17,[],2019-03-13 21:35:48,0.0,0,0,6924192,2019-03-13 21:35:48,btc,0.0,0.0,0,btc,0.0,0.0,0.0,30
1,[],4,[],2019-03-13 23:22:57,1895078.72825595,0.00000018,0.000000000006948972,6924535,2019-03-13 23:22:57,btc,2.692933364128905,0.0,0.00000018,btc,2137684.14758584,0.02133309,0.1204966997600088,30
1,[],4,[],2019-03-13 23:22:58,188278.72915748,0.00005281,0.000000002038751174,6924536,2019-03-13 23:22:58,btc,10.331859755891152,0.0,0.00005281,btc,133309.4847838,0.30858156,2.1315109533804626,31
1,[],21,[],2019-03-13 23:22:59,53991.25560329,0.00005411999999999999683098980685,0.0000000020893242479999998,6924537,2019-03-13 23:22:59,btc,3.7170699158952463,102207.43960687,0.0000541199999999999968309898068508090318573522381484508514404296875,btc,59956.88645846,5.67578529,2.71501405571859,31
0,[],2,[],2019-01-20 23:28:43,0.0,0,0,6477009,2019-01-20 23:28:43,,0.0,0.0,0,,0.0,0.0,0.0,32
1,[],4,[],2019-03-13 23:23:01,494179551.7499484,0.00000003,0.000000000001158162,6924538,2019-03-13 23:23:01,btc,9.000767635908751,0.0,0.00000003,"btc,ltc",178584143.62942922,0.81747834,9.348928935326233,33
1,[],12,[],2019-03-13 23:23:02,26845605.964,0.00000004,0.000000000001544216,6924539,2019-03-13 23:23:02,btc,2918612.816433621,0.0,0.00000004,btc,18482212.01898096,0.001618803876124,0.6335488189199999,33
1,[],4,[],2019-03-13 23:23:02,96741892.57641807,0.00000001,0.000000000000386054,6924540,2019-03-13 23:23:02,btc,3.4088961004002556,0.0,0.00000001,btc,98874749.72673047,0.01520188,0.9674189257641806,34
1,[],5,[],2019-03-13 23:23:04,0.0,0,0,6924541,2019-03-13 23:23:04,btc,0.0,0.00147406,0,btc,0.0,0.0,0.0,34
0,[],17,[],2019-03-13 23:23:09,0.0,0,0,6924544,2019-03-13 23:23:09,btc,0.0746458232965017,0.0,0,btc,4103573.70243647,0.0,0.0,36
0.0000000003401898,[],27,[],2019-03-13 23:23:12,1088163.16325,3.4018979999999998e-18,1.313316330492e-22,6924545,2019-03-13 23:23:12,eth,222.5593908357632,0.0,0.00000001,"ltc,eth",11165406.63658689,0.0,1.6858101107338486e-12,36
0.0000000001430607,[],4,[],2019-03-13 23:23:05,3905318139.4570127,1.4306070000000002e-18,5.52291554778e-23,6924542,2019-03-13 23:23:05,ltc,4.6834681376834704e-08,0.0,0.00000001,ltc,6779291527.187225,0.0,5.586975467534179e-09,36
1,[],5,[],2019-03-13 23:23:08,0.0,0,0,6924543,2019-03-13 23:23:08,btc,0.0,0.0,0,btc,0.0,0.0,0.0,36
1,[],4,[],2019-03-13 23:23:13,223608.69801647,0.00000058,0.000000000022391132,6924546,2019-03-13 23:23:13,btc,19772.480283026664,0.0,0.00000058,btc,560124.55562314,0.00582401,0.0936709363282263,37
1,[],12,[],2019-03-13 23:23:14,697679.63240206,0.0000006,0.00000000002316324,6924547,2019-03-13 23:23:14,btc,22.248470993445476,0.0,0.0000006,btc,431075.62155256,0.0699034119180842,0.17647592707481569,37
1,[],17,[],2019-03-13 23:23:16,1752.74075282,0.00000025,0.00000000000965135,6924548,2019-03-13 23:23:16,btc,0.05548492398348816,0.0,0.00000025,btc,1387.19918473,0.0,0.00043818518820499993,37
1,[],27,[],2019-03-13 23:23:19,14685.567,0.00000045,0.00000000001737243,6924549,2019-03-13 23:23:19,btc,24.25536383611233,0.0,0.00000045,btc,6518.38138508,0.0,0.00480032515,37
1,[],5,[],2019-03-13 23:23:22,0.0,0,0,6924550,2019-03-13 23:23:22,btc,0.0,0.08531473,0,btc,0.0,0.0,0.0,42
1,[],12,[],2019-03-13 23:23:23,253317.70509062,0.000001030000000000000091033409109486651544784763245843350887298583984375,0.000000000039763562,6924551,2019-03-13 23:23:23,btc,5.58148184428376,0.0,0.000001030000000000000091033409109486651544784763245843350887298583984375,btc,30408.90226852,0.0085824640914634,0.0194969598224862,42
0.0000000003401898,[],27,[],2019-03-13 23:23:25,2000.0,3.4018979999999998e-18,1.313316330492e-22,6924552,2019-03-13 23:23:25,eth,0.00315028,0.0,0.00000001,"btc,eth",11.007,0.0,6.803796e-15,42
1,[],5,[],2019-03-13 23:23:27,0.0,0,0,6924553,2019-03-13 23:23:27,btc,0.0,0.0,0,btc,0.0,0.0,0.0,43
0,[],17,[],2019-03-13 21:36:39,0.0,0,0,6924211,2019-03-13 21:36:39,btc,0.0,0.0,0,btc,0.0,0.0,0.0,43
1,[],12,[],2019-03-13 09:13:29,1112112.0,0.00000001,0.000000000000386531,6919902,2019-03-13 09:13:29,btc,29058.00478931866,0.0,0.00000001,btc,5967681.93306694,9.99000999e-07,0.01112112,43
1,[],12,[],2019-03-05 01:54:08,639326.02,0.00000004,0.000000000001486676,6845775,2019-03-05 01:54:08,btc,11116042.728239931,0.0,0.00000004,btc,1103841.4595604,0.0003330765234764,0.014975410599999999,44
1,[],4,[],2019-03-13 23:23:40,298615213.4426056,0.00000002,0.000000000000772108,6924554,2019-03-13 23:23:40,btc,960.9414187858215,0.0,0.00000002,"btc,ltc",16875524.80368133,0.0031057,0.2792294648045289,49
0.0000000001430607,[],4,[],2019-03-13 23:23:41,605751454.1350588,1.4306070000000002e-18,5.52291554778e-23,6924555,2019-03-13 23:23:41,ltc,25.866299603181172,0.0,0.00000001,ltc,10077245998.565317,0.0,8.665922705457941e-10,52
0.0000000001292353,[],22,[],2019-03-13 23:25:02,80645562.0,1.2923530000000002e-18,4.989180450620001e-23,6924556,2019-03-13 23:25:02,XMR,4468.75617283,0.0,0.00000001,XMR,282962473.5359664,0.0,0.80645562,57
0.0000000003401898,[],27,[],2019-03-13 23:25:05,2000.0,3.4018979999999998e-18,1.313316330492e-22,6924557,2019-03-13 23:25:05,eth,0.0,0.0,0.00000001,"btc,eth",0.0,0.0,6.803796e-15,57
0.0000000001430607,[],4,[],2019-03-13 23:25:06,447156283.19795364,2.8612140000000003e-18,1.104583109556e-22,6924558,2019-03-13 23:25:06,ltc,18.657416445350634,0.0,0.00000002,ltc,4760072395.523396,0.0,6.669736101119686e-10,58
1,[],12,[],2019-03-13 23:25:08,1294187995.0,0.0000000003,0.00000000000001158162,6924559,2019-03-13 23:25:08,btc,4023102.687433305,0.0,0.0000000003,btc,1580557112.7352645,0.07114254250959041,0.3074611026,58
0.0000000001292353,[],22,[],2019-03-13 23:25:30,137438.0,1.2923530000000002e-18,4.989180450620001e-23,6924560,2019-03-13 23:25:30,XMR,69.1795942,0.0,0.00000001,XMR,9887963.0,0.0,0.00137438,58
0,[],17,[],2019-03-13 22:24:37,0.0,0,0,6924375,2019-03-13 22:24:37,btc,1e+24,0.0,0,btc,49226522.0897055,0.0,0.0,58
1,[],5,[],2019-03-13 23:25:32,0.0,0,0,6924561,2019-03-13 23:25:32,btc,0.0,0.00490589,0,btc,0.0,0.0,0.0,61
1,[],22,[],2019-03-13 23:25:41,13757.0,0.00000012,0.000000000004632648,6924562,2019-03-13 23:25:41,BTC,1002.2960049,0.0,0.00000012,BTC,14976.68361146909,0.0,0.00154987,61
1,[],26,[],2019-03-13 23:25:41,0.0,0.00000800,0.00000000030884320000000003,6924563,2019-03-13 23:25:41,btc,0.0,0.0,0.00000800,btc,0.0,0.0,0.0,61
1,[],27,[],2019-03-13 23:25:44,4411.22008,0.00000047,0.000000000018144538,6924564,2019-03-13 23:25:44,btc,2.8990263703141324,0.0,0.00000047,"btc,eth",19485.01257617,0.0,0.0012437599594613987,61
1,[],28,[],2019-03-13 23:25:51,13880.304,0.0000005,0.000000000019302700000000002,6924565,2019-03-13 23:25:51,btc,2.056312978300105,805.0,0.0000005,btc,9730.59500005,0.0,0.00566391304,61
1,[],4,[],2019-03-13 23:25:52,1498309.05426111,0.00000207,0.000000000079913178,6924566,2019-03-13 23:25:52,btc,9.642517434897558,0.0,0.00000207,btc,823603.47307454,0.11415037,1.4084061931048981,67
0.0,[],25,[],2019-03-13 23:25:53,0.0,0,0,6924567,2019-03-13 23:25:53,,0.0,0.0,0.0,btc,0.0,0.0,0.0,67
1,[],12,[],2019-03-13 23:25:54,2227340.67525151,0.00000011,0.000000000004246594,6924568,2019-03-13 23:25:54,btc,1111115.0106637168,0.0,0.00000011,btc,932805.00767416,0.0037726274865047,0.0859689841918177,71
,[],5,[],2018-11-20 23:02:39,1.5e-07,0.00000005,0.000000000002128045,4862160,2018-11-20 23:02:39,btc,2.84511358,0.0,,btc,0.00036572,0.0,0.07381892,74
1,[],5,[],2019-03-13 23:25:56,0.0,0,0,6924569,2019-03-13 23:25:56,btc,0.0,0.0,0,btc,0.0,0.0,0.0,75
1,[],4,[],2019-03-13 23:25:57,13407008.89224166,0.00000001,0.000000000000386054,6924570,2019-03-13 23:25:57,btc,11370.022068656366,0.0,0.00000001,btc,39949505.59932191,0.00237987,0.1340700889224166,81
0,[],20,[],2019-01-25 09:30:31,0.0,0,0,6495923,2019-01-25 09:30:31,btc,0.0,0.0,0,btc,0.0,0.0,0.0,81
1,[],4,[],2019-03-13 23:26:00,24928.32114534,0.00007571,0.000000002922814834,6924571,2019-03-13 23:26:00,btc,18.15180890064493,0.0,0.00007571,btc,12688.66772798,0.00876006,0.167932206680719,82
1,[],21,[],2019-03-13 23:26:01,954451.4566803,0.00007422000000000000428587720869,0.000000002865292788,6924572,2019-03-13 23:26:01,btc,2.7924705290070433,16727.80945344,0.0000742200000000000042858772086873386797378771007061004638671875,btc,32304.77847584,1.27012094,6.114712714885477,82
0,[],17,[],2019-03-13 23:26:13,0.0,0,0,6924573,2019-03-13 23:26:13,btc,0.0447233088476774,0.0,0,btc,999127.19588126,0.0,0.0,84
0.0000000001430607,[],4,[],2019-03-13 23:26:14,169966986.27221388,4.291821e-18,1.656874664334e-22,6924574,2019-03-13 23:26:14,ltc,1.6767322407292529,0.0,0.00000003,ltc,387353855.88604105,0.0,3.724732272230391e-10,85
,[],22,[],2018-11-20 23:09:34,3408.1,0.0000001,0.0000000000041895,4862324,2018-11-20 23:09:34,BTC,0.04624735,0.0,,BTC,4990.0,0.0,0.00033081,86
1,[],22,[],2019-03-13 23:26:27,110870.0,0.00000005,0.00000000000193027,6924575,2019-03-13 23:26:27,BTC,2.07858175,0.0,0.00000005,BTC,170145.94736842104,0.0,0.0017035,87
1,[],27,[],2019-03-13 23:26:31,55.0,0.00000001,0.000000000000386054,6924576,2019-03-13 23:26:31,btc,3.061282757476,5.388,0.00000001,btc,7360.28541,0.00046132,5.5e-07,87
,[],2,[],2018-11-20 23:10:47,0.0,0,0,4862359,2018-11-20 23:10:47,,0.0,0.0,,,0.0,0.0,0.0,88
1,[],11,[],2019-03-13 23:26:33,94426.26625425,0.00014589000000000000079915241091299549225368537008762359619140625,0.000000005632141806,6924577,2019-03-13 23:26:33,btc,611.7426302002622,835.64406616,0.00014589000000000000079915241091299549225368537008762359619140625,btc,99205.69786039,0.0,6.478932882354102,89
0,[],2,[],2019-01-20 23:31:45,0.0,0,0,6477083,2019-01-20 23:31:45,,0.0,0.0,0,,0.0,0.0,0.0,91
1,[],12,[],2019-03-13 23:26:35,265257.43206422,0.00000093,0.000000000035903022,6924578,2019-03-13 23:26:35,btc,60.997403277627015,0.0,0.00000093,btc,114731.91644653,0.0039083026766787,0.0492272512999806,91
1,[],22,[],2019-03-13 23:27:05,65900.0,0.00000001,0.000000000000386054,6924579,2019-03-13 23:27:05,BTC,3e-06,0.0,0.00000001,BTC,1.0,0.0,0.000659,91
0,[],17,[],2019-03-13 17:00:14,0.0,0,0,6922311,2019-03-13 17:00:14,btc,0.0,0.0,0,btc,0.0,0.0,0.0,91
0.0000000001430607,[],22,[],2019-03-13 23:27:21,52834053.0,1.4306070000000002e-18,5.52291554778e-23,6924580,2019-03-13 23:27:21,LTC,3.31498785,0.0,0.00000001,LTC,37200566.889473684,0.0,0.52834053,95
0.0000000001430607,[],4,[],2019-03-13 23:27:22,633541663.5926622,7.439156400000001e-17,2.8719160848456e-21,6924581,2019-03-13 23:27:22,ltc,11.889479458332783,0.0,0.00000052,ltc,136292654.44003963,0.0,1.5475721241366002e-09,96
0,[],12,[],2019-03-13 23:27:23,0.0,0,0,6924582,2019-03-13 23:27:23,btc,10.589852556513486,0.0,0,btc,3077567.65134864,6.18381618382e-05,0.0,96
0,[],17,[],2019-03-13 21:37:34,0.0,0,0,6924236,2019-03-13 21:37:34,btc,0.0,0.0,0,btc,0.0,0.0,0.0,96
1,[],4,[],2019-03-12 10:13:14,2544101.88493427,0.00000025,0.0000000000097174,6911574,2019-03-12 10:13:14,btc,2.5031007307816195,0.0,0.00000025,btc,2555984.39269018,0.04718357,0.3381776086135513,99
1,[],4,[],2019-03-13 23:27:35,367222.86758698,0.00003554,0.000000001372035916,6924583,2019-03-13 23:27:35,btc,12.425225765887252,0.0,0.00003554,btc,193438.04368134,1.93346046,4.306596196941582,100
0,[],2,[],2019-01-20 23:23:55,0.0,0,0,6476914,2019-01-20 23:23:55,,0.0,0.0,0,,0.0,0.0,0.0,100
1,[],22,[],2019-03-13 23:27:43,50000.0,0.00000001,0.000000000000386054,6924584,2019-03-13 23:27:43,BTC,23.49896609,0.0,0.00000001,BTC,10277.22,0.0,0.0005,101
1,[],4,[],2019-03-13 23:27:44,452406.86110997,0.00000073,0.000000000028181942,6924585,2019-03-13 23:27:44,btc,308.08991286771874,0.0,0.00000073,btc,514848.54927629,0.00397982,0.224472411261699,103
1,[],12,[],2019-03-13 23:27:48,31408289.93780044,0.000000008,0.0000000000003088432,6924586,2019-03-13 23:27:48,btc,3219150.4073086716,0.0,0.000000008,btc,77937314.31572714,0.00402855375024983,0.05088779750240352,105
0,[],27,[],2019-03-13 23:27:50,0.0,0,0,6924587,2019-03-13 23:27:50,,36.60963340207041,223920.39,0,btc,1428552.54761724,0.0022392,0.0,105
1,[],22,[],2019-03-13 23:27:58,9328.0,0.00000001,0.000000000000386054,6924588,2019-03-13 23:27:58,BTC,51.10837004,0.0,0.00000001,BTC,470435.0,0.0,9.328e-05,107
1,[],26,[],2019-03-13 23:27:59,0.0,0.00000000,0,6924589,2019-03-13 23:27:59,btc,0.0,0.0,0.00000000,btc,0.0,0.0,0.0,107
1,[],5,[],2019-03-13 23:28:00,0.0,0,0,6924590,2019-03-13 23:28:00,btc,0.0,0.00100947,0,btc,0.0,0.0,0.0,112
1,[],22,[],2019-03-13 23:28:12,47455.0,0.00000002,0.000000000000772108,6924591,2019-03-13 23:28:12,BTC,2.7975128,0.0,0.00000002,BTC,826524.0833333334,0.0,0.00092944,112
0.0000000003401898,[],27,[],2019-03-13 23:28:15,2000.0,3.4018979999999998e-18,1.313316330492e-22,6924592,2019-03-13 23:28:15,eth,1.24996908,0.0,0.00000001,"btc,eth",1289.0,0.0,6.803796e-15,112
1,[],4,[],2019-03-13 23:28:16,1306785.65578474,0.00000191,0.000000000073736314,6924593,2019-03-13 23:28:16,btc,5.008197105371476,0.0,0.00000191,btc,380076.24453687,0.04598758,1.0098472343382143,113
1,[],5,[],2019-03-13 23:28:17,0.0,0,0,6924594,2019-03-13 23:28:17,btc,0.0,2.54e-06,0,btc,0.0,0.0,0.0,113
1,[],17,[],2019-03-13 20:25:14,152738.278,0.00000004,0.0000000000015450360000000002,6923601,2019-03-13 20:25:14,btc,1.3368030274703833,0.0,0.00000004,btc,51896.221,0.0,0.0022095311199999998,116
0,[],27,[],2019-03-13 20:25:16,0.0,0,0,6923602,2019-03-13 20:25:16,,0.0,0.0,0,btc,0.0,0.0,0.0,116
1,[],4,[],2019-03-13 23:28:18,101491.35065546,0.00004140,0.00000000159826356,6924595,2019-03-13 23:28:18,btc,85.69212347664426,0.0,0.00004140,btc,36505.4115525,1.1819195,2.2064984677972057,120
1,[],7,[],2019-03-13 23:28:20,20855.59849417,0.0000288300000000000001035803387505751516073360107839107513427734375,0.000000001112993682,6924596,2019-03-13 23:28:20,btc,115652.50268380526,348.23250828,0.0000288300000000000001035803387505751516073360107839107513427734375,btc,26247.759263890002,0.01363293,0.0528210022835106,120
1,[],20,[],2019-03-13 23:28:23,1617276.4103,0.000000034,0.0000000000013125836000000001,6924597,2019-03-13 23:28:23,btc,33.5719235046648,132799.8438,0.000000034,btc,1028083.5986,0.0045151946892,0.0136750180496,125
1,[],22,[],2019-03-13 23:28:32,3053.0,0.00000001,0.000000000000386054,6924598,2019-03-13 23:28:32,BTC,0.01444887,0.0,0.00000001,BTC,296263.5111111111,0.0,3.053e-05,126
1,[],4,[],2019-03-13 23:28:35,139202.82149822,0.00001196,0.000000000461720584,6924599,2019-03-13 23:28:35,btc,3.571431998154902,0.0,0.00001196,btc,123384.47297682,0.13055354,0.5502840367357921,131
0,[],17,[],2019-03-13 22:27:32,0.0,0,0,6924415,2019-03-13 22:27:32,btc,0.0009561751951600001,0.0,0,btc,35.42829368,0.0,0.0,131
0,[],2,[],2019-01-20 23:25:46,0.0,0,0,6476969,2019-01-20 23:25:46,,0.0,0.0,0,,0.0,0.0,0.0,131
1,[],4,[],2019-03-13 23:28:46,4615.32987944,0.00017178,0.000000006631635612,6924600,2019-03-13 23:28:46,btc,1.6092765135809466,0.0,0.00017178,btc,204.67722116,0.00011999,0.0184095522385746,135
1,[],3,[],2019-03-07 00:20:44,877702.73244099,0.00000004,0.00000000000154846,6863392,2019-03-07 00:20:44,btc,0.119366241821405,0.0,0.00000004,btc,760637.99421222,0.0,0.023771231960604298,136
1,[],4,[],2019-03-13 23:28:47,428876.44545426,0.00000140,0.000000000054047560000000004,6924601,2019-03-13 23:28:47,btc,38.624873270364304,0.0,0.00000140,btc,542054.87839025,0.0103175,0.0200998621484494,137
1,[],12,[],2019-03-13 23:28:49,184372.33333333,0.000001349999999999999991849510168340220417348973569460213184356689453125,0.00000000005211729,6924602,2019-03-13 23:28:49,btc,5.049491778800278,0.0,0.000001349999999999999991849510168340220417348973569460213184356689453125,btc,5727.97292841,0.0040097616265225,0.0064662299999956,137
1,[],4,[],2019-03-13 23:28:50,12333.7330313,0.00003159,0.0000000012195445860000001,6924603,2019-03-13 23:28:50,btc,28.440431768884505,0.0,0.00003159,btc,47981.10623179,0.17408002,0.2450344580424468,142
1,[],5,[],2019-03-13 23:28:51,0.0,0,0,6924604,2019-03-13 23:28:51,btc,0.0,0.10136516,0,btc,0.0,0.0,0.0,142
1,[],17,[],2019-03-13 23:28:53,22967.386363640002,0.00000088,0.000000000033972752,6924605,2019-03-13 23:28:53,btc,20.069913352647884,0.0,0.00000088,btc,2746.079105,0.0,0.0104613000000032,142
1,[],20,[],2019-03-13 23:28:55,153129.6339,0.000030005,0.000000001158355027,6924606,2019-03-13 23:28:55,btc,0.3367868013272,8.9101,0.000030005,btc,2264.2765,0.0002939734,0.3105650871447,142
1,[],22,[],2019-03-13 23:29:13,1470.2803921568627,0.00001020,0.00000000039377508,6924607,2019-03-13 23:29:13,BTC,3.0054103,0.0,0.00001020,BTC,910.5995,0.0,0.00121106,142
0.0,[],25,[],2019-03-13 23:29:15,0.0,0,0,6924608,2019-03-13 23:29:15,,0.0,0.0,0.0,btc,0.0,0.0,0.0,142
1,[],28,[],2019-03-13 23:29:23,76600.0,0.00002270,0.00000000087634258,6924609,2019-03-13 23:29:23,btc,0.067100461059305,864.0,0.00002270,btc,552.61077999,0.0,0.0154572,142
0,[],22,[],2019-03-13 15:33:20,0.0,0,0,6921615,2019-03-13 15:33:20,,65.83990167,0.0,0,,1043231670.8,0.0,0.0,143
0,[],22,[],2019-02-25 15:42:22,0.0,0,0,6783783,2019-02-25 15:42:22,,4.2131946,0.0,0,,2322156.0,0.0,0.0,146
,[],22,[],2018-11-20 23:01:11,0.0,0,0,4862114,2018-11-20 23:01:11,,2.56807021,0.0,,,61828.4988236,0.0,0.0,147
1,[],12,[],2019-03-13 23:29:25,343499.30997977,0.0000017799999999999998982758153687200319836847484111785888671875,0.000000000068717612,6924610,2019-03-13 23:29:25,btc,7.932773838381845,0.0,0.0000017799999999999998982758153687200319836847484111785888671875,btc,101651.33942272,0.0005151,0.0765599799998233,148
1,[],4,[],2019-03-13 23:29:27,249538.13887376,0.00000029,0.000000000011195566,6924611,2019-03-13 23:29:27,btc,219.99411761774104,0.0,0.00000029,btc,832875.78510436,0.00091436,0.0591658698241694,152
0,[],22,[],2019-03-13 23:29:35,0.0,0,0,6924612,2019-03-13 23:29:35,,0.0,0.0,0,,0.0,0.0,0.0,152
1,[],5,[],2019-03-13 23:29:37,0.0,0,0,6924613,2019-03-13 23:29:37,btc,0.0,0.0,0,btc,0.0,0.0,0.0,153
,[],16,[],2019-01-11 15:38:59,0.0,0,0,6366141,2019-01-11 15:38:59,btc,0.0,0.0,,btc,0.0,0.0,0.0,155
0,[],22,[],2019-03-13 23:29:44,0.0,0,0,6924614,2019-03-13 23:29:44,,6.7463775,0.0,0,,4673391.242592593,0.0,0.0,156
0,[],23,[],2019-01-20 23:24:29,0.0,0,0,6476932,2019-01-20 23:24:29,,0.0,0.0,0,,0.0,0.0,0.0,156
1,[],22,[],2019-03-13 23:29:55,7073.8,0.00005300,0.0000000020460862,6924615,2019-03-13 23:29:55,BTC,1.79802465,0.0,0.00005300,BTC,802.6461988741639,0.0,0.00104336,157
0,[],22,[],2019-03-13 23:30:00,0.0,0,0,6924616,2019-03-13 23:30:00,,50175.67608608,0.0,0,,54079135.04179466,0.0,0.0,158
,[],17,[],2018-11-20 22:56:10,0.0,0,0,4861976,2018-11-20 22:56:10,btc,1.1265625,0.0,,btc,1000.0,0.0,0.0,159
,[],20,[],2018-11-20 22:56:12,0.0,0,0,4861977,2018-11-20 22:56:12,btc,11912.7940471,0.0,,btc,34413894.3617,0.0,0.0,159
1,[],12,[],2019-03-13 23:30:01,231877.74923334998,0.000007580000000000000271089574399585586661487468518316745758056640625,0.00000000029262893200000003,6924617,2019-03-13 23:30:01,btc,1.7043691156688814,0.0,0.000007580000000000000271089574399585586661487468518316745758056640625,btc,9607.6626174,0.0017015669,0.0959622928998965,168
1,[],17,[],2019-03-13 21:41:25,29784.95,0.000001,0.0000000000386202,6924269,2019-03-13 21:41:25,btc,0.03026736251542,0.0,0.000001,btc,144.46171372,0.0,0.00716147,168
0,[],22,[],2019-03-13 22:29:42,0.0,0,0,6924433,2019-03-13 22:29:42,,1.13405268,0.0,0,,524897.174707144,0.0,0.0,169
1,[],22,[],2019-03-13 22:29:53,194560.0,0.00000001,0.000000000000386022,6924434,2019-03-13 22:29:53,BTC,14.34996927,0.0,0.00000001,BTC,154121.7107441047,0.00120262,0.0019456,171
1,[],22,[],2019-03-13 22:30:14,738138.3333333334,0.00000007,0.000000000002702154,6924435,2019-03-13 22:30:14,BTC,2.59371549,0.0,0.00000007,"BTC,LTC",326459.0336396096,0.00200041,0.02376216,173
1,[],5,[],2019-03-05 01:59:40,0.0,0,0,6845846,2019-03-05 01:59:40,btc,0.0,0.00384852,0,btc,0.0,0.0,0.0,175
1,[],22,[],2019-03-13 22:30:26,35500.0,0.00000012,0.000000000004632264,6924436,2019-03-13 22:30:26,BTC,0.54559973,0.0,0.00000012,BTC,137776.41444619838,0.0,0.00206,176
1,[],7,[],2019-03-13 22:30:28,0.0,0,0,6924437,2019-03-13 22:30:28,btc,408083.2735422819,0.0,0,btc,112499451.19413798,0.0,0.0,178
0,[],22,[],2019-03-13 22:30:39,0.0,0,0,6924438,2019-03-13 22:30:39,,1.00242438,0.0,0,,57522.0,0.0,0.0,178
0,[],2,[],2019-01-20 23:28:34,0.0,0,0,6477001,2019-01-20 23:28:34,,0.0,0.0,0,,0.0,0.0,0.0,178
1,[],5,[],2019-03-13 22:30:40,0.0,0,0,6924439,2019-03-13 22:30:40,btc,0.0,0.05330614,0,btc,0.0,0.0,0.0,179
1,[],22,[],2019-03-13 22:30:56,6867106.0,0.00000002,0.000000000000772044,6924440,2019-03-13 22:30:56,BTC,5.63100652,0.0,0.00000002,"BTC,LTC",17355770.756535422,0.0,0.37228284,179
0,[],23,[],2019-01-20 23:25:08,0.0,0,0,6476952,2019-01-20 23:25:08,,0.0,0.0,0,,0.0,0.0,0.0,179
1,[],22,[],2019-03-13 22:31:25,665166.7090909091,0.00000125,0.00000000004825275,6924441,2019-03-13 22:31:25,BTC,0.21212754,0.0,0.00000125,"BTC,LTC",60521.81519563614,0.00428445,0.57021798,180
1,[],26,[],2019-03-13 22:31:25,0.0,0.00000125,0.00000000004825275,6924442,2019-03-13 22:31:25,btc,0.0,0.0,0.00000125,btc,0.0,0.0,0.0,180
1,[],17,[],2019-03-13 21:42:53,10504.725,0.0000001,0.00000000000386202,6924278,2019-03-13 21:42:53,btc,5.2010695838170005,0.0,0.0000001,btc,4994.45945,0.0,0.0010504725,180
,[],7,[],2018-11-20 22:58:01,562227.975654,0.00000085,0.000000000036176765,4862015,2018-11-20 22:58:01,btc,21836.6059674,2491.87645172,,btc,749999.041456,0.00211021,0.127565380455,183
,[],5,[],2019-01-10 08:11:41,0.0,0,0,6347036,2019-01-10 08:11:41,btc,82.15055501,0.00261,,btc,1.19002445,0.0,0.0,187
1,[],24,[],2019-03-13 22:31:25,0.0,0.000000000001,3.86022e-17,6924443,2019-03-13 22:31:25,btc,0.0,0.0,0.000000000001,btc,0.0,0.0,0.0,187
,[],17,[],2018-11-16 20:58:10,4062536.27273,0.00000001,0.000000000000550501,4708775,2018-11-16 20:58:10,btc,3.36492563466,0.195460381006,,"btc,eth",110697919.549,0.0,0.0157628953496,187
0,[],22,[],2019-03-13 22:31:35,0.0,0,0,6924444,2019-03-13 22:31:35,,7.54797454,0.0,0,,79361.7243344055,0.0,0.0,191
0,[],22,[],2019-03-13 22:31:50,0.0,0,0,6924445,2019-03-13 22:31:50,,0.0,0.0,0,,0.0,0.0,0.0,197
0,[],23,[],2019-01-20 23:31:41,0.0,0,0,6477079,2019-01-20 23:31:41,,0.0,0.0,0,,0.0,0.0,0.0,199
0,[],22,[],2019-03-13 22:31:58,0.0,0,0,6924446,2019-03-13 22:31:58,,5.19581047,0.0,0,,21561978.0,0.0,0.0,199
1,[],26,[],2019-03-13 22:31:58,0.0,0.00000000,0,6924447,2019-03-13 22:31:58,btc,0.0,132277.0,0.00000000,btc,0.0,0.0,0.0,199
0,[],17,[],2019-01-30 16:32:01,0.0,0,0,6540827,2019-01-30 16:32:01,btc,6.802544163788159,0.0,0,btc,105897.55575295,0.0,0.0,200
0,[],2,[],2019-01-20 23:30:49,0.0,0,0,6477059,2019-01-20 23:30:49,,0.0,0.0,0,,0.0,0.0,0.0,201
1,[],4,[],2019-01-25 15:51:35,2084389.58565343,0.00000936,0.000000000333526752,6499557,2019-01-25 15:51:35,btc,2.0092503037378524,0.0,0.00000936,btc,160195.80207885,0.19272417,1.242687955921835,211
1,[],7,[],2019-03-13 22:32:02,5277053.05003855,0.0000010600000000000000155604695795119596368749625980854034423828125,0.000000000040918332,6924448,2019-03-13 22:32:02,btc,15476654.321678752,795719.762608,0.0000010600000000000000155604695795119596368749625980854034423828125,btc,13039930.64167409,0.0,2.7210163093527027,212
1,[],12,[],2019-01-25 02:44:32,207462.42853209,0.000001080000000000000035831255497387193287295303889550268650054931640625,0.000000000038610756000000006,6493050,2019-01-25 02:44:32,btc,85023.03793723314,0.0,0.000001080000000000000035831255497387193287295303889550268650054931640625,btc,43675.73520027,0.000146250909087,0.0348620860622024,213
1,[],5,[],2019-03-13 22:32:04,0.0,0,0,6924449,2019-03-13 22:32:04,btc,0.0,0.05702835,0,btc,0.0,0.0,0.0,213
1,[],24,[],2019-03-13 22:32:04,0.0,0.000000150000,0.00000000000579033,6924450,2019-03-13 22:32:04,btc,0.0,0.0,0.000000150000,btc,0.0,0.0,0.0,213
1,[],26,[],2019-03-13 22:32:04,0.0,0.00000010,0.0000000000038602199999999995,6924451,2019-03-13 22:32:04,btc,0.0,0.0,0.00000010,btc,0.0,0.0,0.0,213
1,[],22,[],2019-03-13 22:32:17,41300.0,0.00000003,0.000000000001158066,6924452,2019-03-13 22:32:17,BTC,2.27972134,0.0,0.00000003,BTC,650798.3963726171,0.0,0.000739,216
1,[],27,[],2019-03-13 22:32:21,1298122.0,0.00000003,0.000000000001158066,6924453,2019-03-13 22:32:21,btc,317.9840526547724,0.0,0.00000003,"btc,ltc",240753.990324,0.0,0.033757640000256904,216
1,[],22,[],2019-03-13 22:32:38,141314.11184210525,0.00000152,0.000000000058675344,6924454,2019-03-13 22:32:38,BTC,12543.57727632,0.0,0.00000152,BTC,419530.2216167451,0.05330572,0.136302,217
1,[],7,[],2019-03-13 22:32:41,0.0,0,0,6924455,2019-03-13 22:32:41,btc,77971.81411323446,0.0,0,btc,135963412.7426053,0.0,0.0,219
0,[],27,[],2019-03-13 22:32:43,0.0,0,0,6924456,2019-03-13 22:32:43,,0.0404796,0.0,0,btc,2057905.0,0.0,0.0,219
0.0000000000000052,[],28,[],2019-03-13 22:32:52,171578396.705,9.1026e-18,3.5138038572e-22,6924457,2019-03-13 22:32:52,doge,86217.0756560575,14545.0,0.00175050,"btc,doge",3933098.30521,0.0,2.493544688178804e-11,219
1,[],22,[],2019-03-13 22:34:25,406759.0,0.00000008,0.000000000003088176,6924458,2019-03-13 22:34:25,BTC,18.0683074,0.0,0.00000008,BTC,93423.54541875875,0.0,0.01939217,221
1,[],24,[],2019-03-13 22:34:26,0.0,0.000000200000,0.000000000007720439999999999,6924459,2019-03-13 22:34:26,btc,0.0,0.0,0.000000200000,btc,0.0,0.0,0.0,221
1,[],20,[],2019-03-13 22:34:28,42495605.3129,0.000000002,0.00000000000007720439999999999,6924460,2019-03-13 22:34:28,btc,49.3196816374785,331138.4986,0.000000002,btc,15415581.2943,0.0014333358558,0.0458858811005,224
0,[],22,[],2019-03-13 22:34:40,0.0,0,0,6924461,2019-03-13 22:34:40,,0.0,0.0,0,,0.0,0.0,0.0,224
1,[],26,[],2019-03-13 22:34:40,0.0,0.00000035,0.000000000013510769999999999,6924462,2019-03-13 22:34:40,btc,0.0,0.0,0.00000035,btc,0.0,0.0,0.0,231
1,[],26,[],2019-03-13 22:34:41,0.0,0.00000005,0.0000000000019301099999999997,6924463,2019-03-13 22:34:41,btc,0.0,200.0,0.00000005,btc,0.0,0.0,0.0,234
0.0000000003402615,[],27,[],2019-03-13 22:34:43,2000.0,3.402615e-18,1.3134842475299998e-22,6924464,2019-03-13 22:34:43,eth,0.01134836604,0.0,0.00000001,"btc,eth",11462.996,0.0,6.8052299999999996e-15,234
1,[],4,[],2019-03-13 22:34:44,805046.96140779,0.00000068,0.000000000026249496,6924465,2019-03-13 22:34:44,btc,4.231017626423428,0.0,0.00000068,btc,1241517.45133719,0.04392994,0.2044048031700945,236
1,[],24,[],2019-03-13 22:34:45,0.0,0.000000500000,0.0000000000193011,6924466,2019-03-13 22:34:45,btc,0.0,0.0,0.000000500000,btc,0.0,0.0,0.0,236
1,[],20,[],2019-03-13 22:34:47,233310287.3145,0.000000046,0.0000000000017757011999999999,6924467,2019-03-13 22:34:47,btc,10.6492518821439,3680766.6577,0.000000046,btc,33908041.595,0.1840082137961,0.5556681944842,237
0.0000000001427244,[],22,[],2019-03-13 22:35:12,751594.9,2.4263148000000003e-17,9.366108917256e-22,6924468,2019-03-13 22:35:12,LTC,0.0405823,0.0,0.00000017,LTC,3164.0,0.0,0.12541949,237
1,[],4,[],2019-03-13 22:35:13,7047395.27812522,0.00000033,0.000000000012738725999999999,6924469,2019-03-13 22:35:13,btc,6.392193404513607,0.0,0.00000033,btc,10556657.10669069,0.47093067,1.656522924565488,238
1,[],5,[],2019-03-13 22:35:15,0.0,0,0,6924470,2019-03-13 22:35:15,btc,0.0,0.00949313,0,btc,0.0,0.0,0.0,238
0,[],22,[],2019-03-12 16:49:32,0.0,0,0,6914458,2019-03-12 16:49:32,,0.40415746,0.0,0,,526736.5639027493,0.0,0.0,249
0.0000000001427244,[],22,[],2019-03-13 22:35:28,48591320.916666664,5.708976e-18,2.203790333472e-22,6924471,2019-03-13 22:35:28,LTC,0.95047601,0.0,0.00000004,LTC,18518358.353636365,2.8309655916360003e-12,1.16178894,252
1,[],28,[],2019-03-13 22:35:38,2320959.06,0.00000059,0.000000000022775297999999998,6924472,2019-03-13 22:35:38,btc,164780.36233065248,81006.78,0.00000059,btc,325629.837,0.0,0.64282837101,256
1,[],22,[],2019-03-13 22:35:52,1341879.3333333333,0.00000003,0.000000000001158066,6924473,2019-03-13 22:35:52,BTC,31.44452094,0.0,0.00000003,BTC,562923.8568978057,0.00085401,0.0191893,258
1,[],22,[],2019-03-13 00:07:30,47146.0,0.00000001,0.000000000000387233,6917028,2019-03-13 00:07:30,BTC,2.415167,0.0,0.00000001,BTC,157.0,0.0,0.00047146,259
1,[],5,[],2019-03-13 22:35:54,0.0,0,0,6924474,2019-03-13 22:35:54,btc,0.0,0.0672691,0,btc,0.0,0.0,0.0,264
1,[],20,[],2019-03-13 22:35:57,1232268.8581,0.0000007,0.000000000027021539999999998,6924475,2019-03-13 22:35:57,btc,7.1954464008059,28382.4336,0.0000007,btc,102806.9141,0.0797789126176,0.0146322925114,264
0,[],22,[],2019-03-13 22:36:11,0.0,0,0,6924476,2019-03-13 22:36:11,,8.75660439,0.0,0,,474745.2241309945,0.0,0.0,271
0,[],22,[],2019-03-13 22:36:20,0.0,0,0,6924477,2019-03-13 22:36:20,,111821.04152134,0.0,0,,13992847597.692,0.0,0.0,272
0.0000000000000052,[],28,[],2019-03-13 22:36:31,215701556712.905,4.68e-21,1.80658296e-25,6924478,2019-03-13 22:36:31,doge,147697655.12784505,5295040201.538,0.0000009,doge,246685415290.1349,0.0,5.879410003432298e-10,272
1,[],22,[],2019-03-13 22:36:41,252555.74,0.00000071,0.000000000027407562,6924479,2019-03-13 22:36:41,BTC,383.6998319,0.0,0.00000071,"BTC,LTC",76351.85395436393,0.00574242,0.11391366,281
1,[],22,[],2019-03-13 22:36:54,476882.625,0.00000012,0.000000000004632264,6924480,2019-03-13 22:36:54,BTC,1.36384007,0.0,0.00000012,BTC,235916.43484881354,0.0202909,0.03469192,286
0,[],22,[],2019-03-13 05:14:01,0.0,0,0,6918528,2019-03-13 05:14:01,,1044638.85409864,0.0,0,,705144707.0,0.0,0.0,294
