pairValue,buyBook,exchangeId,sellBook,updated,buyTotal,satoshiPrice,usdPrice,exchangeLogId,created,bestPair,sellTotalBtc,volume,pairPrice,activePairs,sellTotal,volumeBtc,buyTotalBtc,coinId
1,[],3,[],2019-08-16 08:24:26,31398.335114805206,0.008000000000000000166533453693773481063544750213623046875,0.0000007976064,7902579,2019-08-16 08:24:26,btc,9.181891628535997,13.8085225866,0.008000000000000000166533453693773481063544750213623046875,btc,27.414158181037,0.0,0.2910175711942505,1
1,[],4,[],2019-08-16 08:24:27,24972.6135674,0.00787957,0.000000785599432656,7902580,2019-08-16 08:24:27,btc,8.971005241572502,0.0,0.00787957,btc,557.08819046,1.06740968,0.5290009262962663,1
1,[],12,[],2019-08-16 08:24:32,100.56749107,0.0079199999999999999567013020396188949234783649444580078125,0.000000789630336,7902581,2019-08-16 08:24:32,btc,0.41800572391449997,0.0,0.0079199999999999999567013020396188949234783649444580078125,btc,43.64490432,0.678337581674,0.16994510403660001,1
1,[],20,[],2019-08-16 08:24:34,932.4133,0.00790005,0.00000078764130504,7902582,2019-08-16 08:24:34,btc,0.2255506268094,0.5668,0.00790005,btc,18.9909,0.00458448147,0.1290293823105,1
1,[],21,[],2019-08-16 08:24:37,2397.7626468,0.007927889999999999937063677180,0.000000790416975312,7902583,2019-08-16 08:24:37,btc,9.096392648544438,1145.5532693,0.007927889999999999937063677180049126036465167999267578125,"btc,eth",1722.3896649600001,7.901588891771052,15.416320969347643,1
1,[],22,[],2019-08-16 08:24:41,0.5198816666666667,0.00600000,0.0000005982048,7902584,2019-08-16 08:24:41,BTC,0.01699234,0.0,0.00600000,BTC,0.2826706326589883,0.0,0.00302178,1
1,[],24,[],2019-08-16 08:24:41,0.0,0.000000000000,0,7902585,2019-08-16 08:24:41,btc,0.0,0.0,0.000000000000,btc,0.0,0.0,0.0,1
0.0,[],25,[],2019-08-16 08:24:43,0.0,0,0,7902586,2019-08-16 08:24:43,btc,15.177099999496301,12215.60257953,0.0,btc,1846.20295118,97.619,0.0,1
1,[],26,[],2019-08-16 08:24:48,0.0,0,0,7902587,2019-08-16 08:24:48,,0.0,0.0,0,,0.0,0.0,0.0,1
0,[],28,[],2019-08-16 08:26:49,0.0,0,0,7902588,2019-08-16 08:26:49,,0.0,2627.0,0,,0.0,0.0,0.0,1
1,[],10,[],2019-07-13 08:58:05,251434.9725798,0.00271069,0.00000031407274150500003,7812232,2019-07-13 08:58:05,btc,6515.317158446701,1686.04548878,0.00271069,btc,2002.66956917,0.0,1.2639712180673435,1
1,[],5,[],2019-07-06 00:27:44,0.0,0,0,7800775,2019-07-06 00:27:44,btc,0.0,0.00190933,0,btc,0.0,0.0,0.0,1
0,[],2,[],2019-01-20 23:28:45,0.0,0,0,6477011,2019-01-20 23:28:45,,0.0,0.0,0,,0.0,0.0,0.0,1
0,[],22,[],2019-08-16 08:26:52,0.0,0,0,7902589,2019-08-16 08:26:52,,0.0,0.0,0,,0.0,0.0,0.0,2
1,[],5,[],2019-07-06 00:28:14,0.0,0,0,7800785,2019-07-06 00:28:14,btc,0.0,0.00208797,0,btc,0.0,0.0,0.0,2
1,[],12,[],2019-08-16 08:26:54,5208156.56329684,0.000000059,0.0000000000058823472,7902590,2019-08-16 08:26:54,btc,42993.10762022251,0.0,0.000000059,btc,9677952.79336789,0.03276252937,0.21626130906456176,3
0,[],28,[],2019-08-16 08:26:56,0.0,0,0,7902591,2019-08-16 08:26:56,,0.0,0.0,0,,0.0,0.0,0.0,3
1,[],5,[],2019-06-03 14:48:58,0.0,0,0,7731126,2019-06-03 14:48:58,btc,0.0,0.05905545,0,btc,0.0,0.0,0.0,3
0,[],2,[],2019-01-20 23:31:32,0.0,0,0,6477077,2019-01-20 23:31:32,,0.0,0.0,0,,0.0,0.0,0.0,4
1,[],4,[],2019-08-16 08:26:56,5650770.47937846,0.00000013,0.000000000012961104,7902592,2019-08-16 08:26:56,btc,27.566652756254868,0.0,0.00000013,btc,1506436.25998945,0.0005859,0.0828595557909517,4
0,[],2,[],2019-01-20 23:31:51,0.0,0,0,6477087,2019-01-20 23:31:51,,0.0,0.0,0,,0.0,0.0,0.0,6
1,[],11,[],2019-08-15 15:27:29,324074.0,0.00000001,0.0000000000010065590000000001,7900084,2019-08-15 15:27:29,btc,9583.47119397936,4910218.0,0.00000001,btc,78345418.50750598,0.0,0.00324074,6
1,[],3,[],2019-08-16 08:26:59,11400.054950592996,0.00006056999999999999775672498980583213779027573764324188232421875,0.000000006038877456,7902593,2019-08-16 08:26:59,btc,1026.299846008835,0.0,0.00006056999999999999775672498980583213779027573764324188232421875,btc,409.649127809976,0.0,0.018206674829880157,7
1,[],4,[],2019-08-16 08:26:59,56725.45769595,0.00008300,0.0000000082751664,7902594,2019-08-16 08:26:59,btc,13.5349784473415,0.0,0.00008300,btc,82691.56847645,0.60807626,1.9514833979071593,7
1,[],5,[],2019-07-06 00:28:21,0.0,0,0,7800789,2019-07-06 00:28:21,btc,0.0,0.38662001,0,btc,0.0,0.0,0.0,7
1,[],5,[],2019-07-05 17:50:59,0.0,0,0,7799863,2019-07-05 17:50:59,btc,0.0,0.04857279,0,btc,0.0,0.0,0.0,12
0,[],2,[],2019-01-20 23:23:08,0.0,0,0,6476890,2019-01-20 23:23:08,,0.0,0.0,0,,0.0,0.0,0.0,12
1,[],4,[],2019-08-16 08:27:00,24839184.75069394,0.00000022,0.000000000021934176,7902595,2019-08-16 08:27:00,btc,5.71624672922645,0.0,0.00000022,btc,9569106.00485649,0.23163763,1.9140138301597776,12
0.0,[],25,[],2019-08-16 08:27:03,0.0,0,0,7902596,2019-08-16 08:27:03,,0.0,0.0,0.0,btc,0.0,0.0,0.0,12
1,[],10,[],2019-08-16 06:28:06,664837.64099802,0.00000141,0.00000000014043388500000001,7902274,2019-08-16 06:28:06,btc,666797.2431693194,21393.9681593,0.00000141,btc,1023177.58733604,0.0,0.1088525401941414,13
1,[],4,[],2019-08-16 08:27:04,884692.07195458,0.00000139,0.000000000138584112,7902597,2019-08-16 08:27:04,btc,3.5098226955377343,0.0,0.00000139,btc,903973.55225348,0.15186457,0.3957903609485288,13
1,[],21,[],2019-08-16 08:27:07,6118005.62011169,0.000001399999999999999936647356556,0.00000000013958112,7902598,2019-08-16 08:27:07,btc,3.4661854536741377,935825.7090377,0.000001399999999999999936647356556240762159859514213167130947113037109375,btc,1596695.72689527,1.33908368,2.4853860639454988,13
1,[],4,[],2019-08-16 08:27:08,1516356.1183176,0.00000075,0.0000000000747756,7902599,2019-08-16 08:27:08,btc,2.880693021305037,0.0,0.00000075,btc,871783.62866444,0.02077697,0.2684373472326749,14
1,[],12,[],2019-08-16 08:27:09,235919.81239999,0.00000079,0.000000000078763632,7902600,2019-08-16 08:27:09,btc,651.983293301683,0.0,0.00000079,btc,31693.95458759,0.003918210276,0.0262563928249731,14
1,[],26,[],2019-08-16 08:29:10,0.0,0,0,7902601,2019-08-16 08:29:10,,0.0,0.0,0,,0.0,0.0,0.0,14
0,[],17,[],2019-05-03 00:53:32,0.0,0,0,7558876,2019-05-03 00:53:32,btc,0.0,0.0,0,btc,0.0,0.0,0.0,14
0,[],4,[],2019-08-16 08:29:12,0.0,0,0,7902602,2019-08-16 08:29:12,,0.0,0.0,0,,0.0,0.0,0.0,15
,[],12,[],2018-12-01 15:15:48,204241.84496,0.00000489,0.000000000202473384,5260204,2018-12-01 15:15:48,btc,49.5475654835,0.0,,btc,35763.2193806,0.0163153972027625,0.0203389899998,15
0,[],2,[],2019-01-20 23:23:38,0.0,0,0,6476906,2019-01-20 23:23:38,,0.0,0.0,0,,0.0,0.0,0.0,18
1,[],4,[],2019-08-16 08:29:15,43111.9523055,0.00000792,0.000000000789630336,7902603,2019-08-16 08:29:15,btc,2.427359551128677,0.0,0.00000792,btc,20817.25246473,0.06395627,0.1084272149115307,18
1,[],10,[],2019-08-16 08:29:17,404316.19513501,0.00000667,0.000000000665004336,7902604,2019-08-16 08:29:17,btc,15.23688433777922,3717.93306779,0.00000667,btc,26883.01146964,0.0,0.2711087571694312,18
1,[],12,[],2019-08-16 08:29:19,9915.84963949,0.000007220000000000000329731901504981550488082575611770153045654296875,0.000000000719839776,7902605,2019-08-16 08:29:19,btc,0.5674137677271908,0.0,0.000007220000000000000329731901504981550488082575611770153045654296875,btc,2110.62055129,0.001072117909,0.0219328520765042,18
0,[],17,[],2019-05-03 00:53:39,0.0,0,0,7558882,2019-05-03 00:53:39,btc,0.0,0.0,0,btc,0.0,0.0,0.0,18
0,[],27,[],2019-08-12 16:48:42,0.0,0,0,7891818,2019-08-12 16:48:42,,0.0,0.0,0,btc,0.0,0.0,0.0,19
0,[],2,[],2019-01-20 23:24:19,0.0,0,0,6476924,2019-01-20 23:24:19,,0.0,0.0,0,,0.0,0.0,0.0,19
1,[],3,[],2019-08-16 08:31:21,214658.4726065874,0.0000061000000000000000416008373582688051328659639693796634674072265625,0.00000000060817488,7902606,2019-08-16 08:31:21,btc,190.58111370176917,15953.2487592,0.0000061000000000000000416008373582688051328659639693796634674072265625,btc,51429.978580931864,0.0,0.3588954838480304,19
1,[],4,[],2019-08-16 08:31:21,578028.03834429,0.00000600,0.0000000005982048,7902607,2019-08-16 08:31:21,btc,3.1089755591600174,0.0,0.00000600,btc,250947.57283232,0.12929947,1.6135137511227962,19
1,[],12,[],2019-08-16 08:31:23,128426.8588435,0.00000743999999999999991743583616088386634146445430815219879150390625,0.000000000741773952,7902608,2019-08-16 08:31:23,btc,0.9337131545961976,0.0,0.00000743999999999999991743583616088386634146445430815219879150390625,btc,2900.77160987,0.0,0.016104641999746,19
1,[],5,[],2019-07-06 02:01:19,0.0,0,0,7800799,2019-07-06 02:01:19,btc,0.0,0.0,0,btc,0.0,0.0,0.0,19
1,[],4,[],2019-08-16 08:31:23,10468102.32813501,0.00000006,0.000000000005982048,7902609,2019-08-16 08:31:23,btc,4.982727137351619,0.0,0.00000006,btc,2268186.4882246,0.00199117,0.1263190499480169,20
0,[],4,[],2019-08-16 08:31:26,0.0,0,0,7902610,2019-08-16 08:31:26,,49595.44280714965,0.0,0,,170489606.50214377,0.0,0.0,21
0,[],12,[],2019-08-16 08:31:27,0.0,0,0,7902611,2019-08-16 08:31:27,btc,2617.976471280819,0.0,0,btc,8688404.88011986,1.998e-07,0.0,21
0,[],17,[],2019-05-03 00:53:51,0.0,0,0,7558891,2019-05-03 00:53:51,btc,0.0,0.0,0,btc,0.0,0.0,0.0,21
0.0000000002204393,[],27,[],2019-07-29 17:24:02,79794022.5,8.5971327e-17,8.21370058158e-21,7852364,2019-07-29 17:24:02,eth,1253.5830452782222,787155.0,0.00000039,eth,2317982.66147653,6.7672759904685e-11,2.1948587434632156e-09,23
1,[],12,[],2019-08-16 08:33:29,4134078842.8176684,0.0000000025,0.000000000000249252,7902612,2019-08-16 08:33:29,btc,167285727779.33817,0.0,0.0000000025,btc,1838972929.8061938,0.541122847843,2.471964806062969,23
1,[],4,[],2019-08-16 08:33:30,6608414.72327917,0.00000052,0.000000000051844416,7902613,2019-08-16 08:33:30,btc,9.140024225931134,0.0,0.00000052,btc,2021895.89895567,0.11874759,0.3993444228259428,24
0,[],22,[],2019-08-16 08:33:32,0.0,0,0,7902614,2019-08-16 08:33:32,,0.0,0.0,0,,0.0,0.0,0.0,24
0.0,[],25,[],2019-08-16 08:33:36,0.0,0,0,7902615,2019-08-16 08:33:36,,0.0,0.0,0.0,btc,0.0,0.0,0.0,24
1,[],4,[],2019-08-16 08:33:37,26956800.03087648,0.00000355,0.00000000035393784,7902616,2019-08-16 08:33:37,btc,106.89544667718472,0.0,0.00000355,btc,1059345.72356831,0.06403602,0.4385839499008093,26
1,[],10,[],2019-08-16 08:33:39,231479.69574178,0.00000401,0.00000000039980020799999997,7902617,2019-08-16 08:33:39,btc,25.727689439246465,6473.41873924,0.00000401,btc,18656.77421571,0.0,0.0505359538569639,26
0,[],2,[],2019-01-20 23:25:56,0.0,0,0,6476976,2019-01-20 23:25:56,,0.0,0.0,0,,0.0,0.0,0.0,26
0.0000000000738543,[],4,[],2019-08-16 08:33:40,722443518.4310559,4.9482381e-17,4.9334329716048e-21,7902618,2019-08-16 08:33:40,ltc,12.526805256880635,0.0,0.00000067,ltc,1031154359.2178565,0.00156681,5.448115144522802e-09,29
1,[],7,[],2019-08-16 08:33:41,0.0,0,0,7902619,2019-08-16 08:33:41,btc,1236881.0117467074,0.0,0,btc,60536248.12702675,0.0,0.0,29
0,[],17,[],2019-05-03 01:11:25,0.0,0,0,7559066,2019-05-03 01:11:25,btc,0.0,0.0,0,btc,0.0,0.0,0.0,30
1,[],4,[],2019-08-16 08:33:43,15063484.37719009,0.00000008,0.000000000007976064,7902620,2019-08-16 08:33:43,btc,2.6026444942940397,0.0,0.00000008,btc,1953897.95629585,0.00602321,0.1755489513988888,30
1,[],4,[],2019-08-16 08:35:44,212976.87085598,0.00002921,0.000000002912260368,7902621,2019-08-16 08:35:44,btc,2.5194184461297002,0.0,0.00002921,btc,51625.65787989,0.26947638,0.4944114735847406,31
1,[],21,[],2019-08-16 08:35:45,1072558.89828903,0.00002956000000000000158461785360,0.0000000029471556480000004,7902622,2019-08-16 08:35:45,btc,5.986038146399484,56402.65899341,0.0000295600000000000015846178536005339765324606560170650482177734375,btc,155837.95899722,1.76848176,2.7480293580589157,31
0,[],2,[],2019-01-20 23:28:43,0.0,0,0,6477009,2019-01-20 23:28:43,,0.0,0.0,0,,0.0,0.0,0.0,32
0,[],4,[],2019-08-16 08:35:45,0.0,0,0,7902623,2019-08-16 08:35:45,,0.0,0.0,0,,0.0,0.0,0.0,33
1,[],12,[],2019-03-30 07:55:10,40641173.964,0.00000003,0.000000000001228359,7108785,2019-03-30 07:55:10,btc,4233210.82356125,0.0,0.00000003,btc,28378394.68333462,0.0126927883965248,0.90752895892,33
0.0000000000738543,[],4,[],2019-08-16 08:35:47,39117892.2107039,3.1757349e-17,3.1662331011792e-21,7902624,2019-08-16 08:35:47,ltc,6.0256001069960226,0.0,0.00000043,ltc,160764869.03856456,0.0,5.611132132085809e-10,34
1,[],5,[],2019-07-06 02:03:46,0.0,0,0,7800811,2019-07-06 02:03:46,btc,0.0,0.0,0,btc,0.0,0.0,0.0,34
1,[],27,[],2019-08-12 16:26:17,6255.0,0.00000019,0.000000000021630303,7891745,2019-08-12 16:26:17,btc,22.61101824371233,0.0,0.00000019,btc,4198.924835,0.0,0.00091445,37
1,[],4,[],2019-08-16 08:35:48,11195999.10416251,0.00000016,0.000000000015952128,7902625,2019-08-16 08:35:48,btc,19773.964525011197,0.0,0.00000016,btc,2322669.30975923,0.01066537,0.2163005280151331,37
1,[],17,[],2019-05-03 01:11:36,211752.74075282,0.00000025,0.000000000013700074999999998,7559074,2019-05-03 01:11:36,btc,0.055484923955058496,0.0,0.00000025,"btc,eth",1387.19918473,0.0,0.0005381851887916605,37
1,[],12,[],2019-08-16 08:35:50,8687262.51515151,0.00000016,0.000000000015952128,7902626,2019-08-16 08:35:50,btc,1723.9976408147745,0.0,0.00000016,btc,2217594.12390778,0.022507140339,0.2797437399999993,37
0,[],27,[],2019-08-12 16:26:27,0.0,0,0,7891747,2019-08-12 16:26:27,,0.001005,0.0,0,"btc,eth",3.0,0.0,0.0,42
1,[],12,[],2019-08-16 08:07:34,220477.62291507,0.00000119000000000000004144145963891343598106686840765178203582763671875,0.000000000117945541,7902518,2019-08-16 08:07:34,btc,559.2146820094628,0.0,0.00000119000000000000004144145963891343598106686840765178203582763671875,btc,169596.76570209,0.004675430346,0.0587113731659144,42
1,[],5,[],2019-07-06 02:03:47,0.0,0,0,7800812,2019-07-06 02:03:47,btc,0.0,0.14382058,0,btc,0.0,0.0,0.0,42
1,[],12,[],2019-03-13 09:13:29,1112112.0,0.00000001,0.000000000000386531,6919902,2019-03-13 09:13:29,btc,29058.00478931866,0.0,0.00000001,btc,5967681.93306694,9.99000999e-07,0.01112112,43
1,[],5,[],2019-04-26 22:38:52,0.0,0,0,7474154,2019-04-26 22:38:52,btc,0.0,0.02638891,0,btc,0.0,0.0,0.0,43
0,[],17,[],2019-04-26 22:38:53,0.0,0,0,7474155,2019-04-26 22:38:53,btc,0.0,0.0,0,btc,0.0,0.0,0.0,43
0.0000000000738543,[],4,[],2019-08-16 08:37:51,107671001.63735545,6.5730327e-17,6.5533661861616004e-21,7902627,2019-08-16 08:37:51,ltc,2096.27750926785,0.0,0.00000089,ltc,26171053.00447384,0.0,4.13489226042698e-10,49
0.0000000000738543,[],4,[],2019-08-16 08:37:53,92544136.92729232,1.8463575e-17,1.84083319836e-21,7902628,2019-08-16 08:37:53,ltc,31170.25409286861,0.0,0.00000025,ltc,234062637.524657,0.0,4.660183983032064e-10,52
0,[],27,[],2019-08-12 16:26:37,0.0,0,0,7891750,2019-08-12 16:26:37,,0.0,0.0,0,"btc,eth",0.0,0.0,0.0,57
0,[],22,[],2019-08-16 08:37:56,0.0,0,0,7902629,2019-08-16 08:37:56,,10290.02779686,0.0,0,,282696231.3316013,0.0,0.0,57
0.0000000000738543,[],4,[],2019-08-16 08:37:57,796559669.980984,7.385430000000001e-19,7.36333279344e-23,7902630,2019-08-16 08:37:57,ltc,19.787563411294666,0.0,0.00000001,ltc,5443082762.22347,0.0,5.882935683467658e-10,58
1,[],12,[],2019-08-16 08:37:58,1245491285.2145119,0.0000000001,0.00000000000000997008,7902631,2019-08-16 08:37:58,btc,52870205.54131509,0.0,0.0000000001,btc,4162954482.698338,0.018714057001,0.1245491285214512,58
0.00000000007990070000000001,[],22,[],2019-08-16 08:40:02,126877.0,7.99007e-19,7.966163710560001e-23,7902632,2019-08-16 08:40:02,XMR,68.17454206,0.0,0.00000001,XMR,9626402.6,0.0,0.00126877,58
1,[],17,[],2019-05-03 01:12:09,1200000.0,0.0000000001,0.00000000000000548003,7559085,2019-05-03 01:12:09,btc,1e+24,0.0,0.0000000001,"btc,eth",39516342.31952568,0.0,0.00010000000058666061,58
0,[],27,[],2019-07-29 19:34:56,0.0,0,0,7852673,2019-07-29 19:34:56,,1.97314195,0.0,0,"btc,eth",10936.9,0.0,0.0,61
0,[],22,[],2019-08-16 08:40:06,0.0,0,0,7902633,2019-08-16 08:40:06,,1000.95212025,0.0,0,,9572.689066014545,0.0,0.0,61
1,[],26,[],2019-08-16 08:40:06,0.0,0,0,7902634,2019-08-16 08:40:06,,0.0,0.0,0,,0.0,0.0,0.0,61
1,[],28,[],2019-08-16 08:40:08,40000.0,0.00000004,0.000000000003988032,7902635,2019-08-16 08:40:08,btc,0.242343945415105,381.0,0.00000004,btc,8016.46650005,0.0,0.001,61
1,[],5,[],2019-06-17 14:31:27,0.0,0,0,7740135,2019-06-17 14:31:27,btc,0.0,0.00079154,0,btc,0.0,0.0,0.0,61
1,[],4,[],2019-08-16 08:40:09,1881043.43657696,0.00000087,0.000000000086739696,7902636,2019-08-16 08:40:09,btc,3.4927978568590934,0.0,0.00000087,btc,1289799.05510489,0.04580538,0.8861728786079999,67
0.0,[],25,[],2019-08-16 08:40:11,0.0,0,0,7902637,2019-08-16 08:40:11,,0.0,0.0,0.0,btc,0.0,0.0,0.0,67
1,[],12,[],2019-06-02 06:23:14,910048.355,0.00000006,0.000000000005154929999999999,7725270,2019-06-02 06:23:14,btc,5.167005424215783,0.0,0.00000006,btc,738530.60239759,0.003159757462,0.0187188113,71
,[],5,[],2018-11-20 23:02:39,1.5e-07,0.00000005,0.000000000002128045,4862160,2018-11-20 23:02:39,btc,2.84511358,0.0,,btc,0.00036572,0.0,0.07381892,74
1,[],5,[],2019-07-06 00:15:01,0.0,0,0,7800749,2019-07-06 00:15:01,btc,0.0,0.01883861,0,btc,0.0,0.0,0.0,75
1,[],4,[],2019-08-16 08:40:13,186131.33680623,0.00006739,0.000000006718836912,7902638,2019-08-16 08:40:13,btc,57.98523658315836,0.0,0.00006739,btc,126589.76899932,0.78133049,0.6204853113442474,82
1,[],21,[],2019-08-16 08:40:14,944545.92904346,0.00006227999999999999324300919978,0.000000006209365824,7902639,2019-08-16 08:40:14,btc,4.702819210944324,11873.79267773,0.000062279999999999993243009199783699614272336475551128387451171875,btc,54850.61074468,0.73255654,1.6837232556434298,82
0,[],4,[],2019-07-23 20:51:52,0.0,0,0,7830376,2019-07-23 20:51:52,,1.6413985531662756,0.0,0,,620289065.5915176,0.0,0.0,85
,[],22,[],2018-11-20 23:09:34,3408.1,0.0000001,0.0000000000041895,4862324,2018-11-20 23:09:34,BTC,0.04624735,0.0,,BTC,4990.0,0.0,0.00033081,86
1,[],27,[],2019-08-06 12:06:36,100155.0,0.00000003,0.000000000003516594,7875448,2019-08-06 12:06:36,btc,7.177196150774,345.0,0.00000003,btc,287406.89336,1.035e-05,0.00300465,87
1,[],22,[],2019-08-16 08:40:17,185880.0,0.00000002,0.000000000001994016,7902640,2019-08-16 08:40:17,BTC,1.8214538,0.0,0.00000002,BTC,792088.347368421,0.0,0.00186702,87
,[],2,[],2018-11-20 23:10:47,0.0,0,0,4862359,2018-11-20 23:10:47,,0.0,0.0,,,0.0,0.0,0.0,88
0,[],2,[],2019-01-20 23:31:45,0.0,0,0,6477083,2019-01-20 23:31:45,,0.0,0.0,0,,0.0,0.0,0.0,91
1,[],12,[],2019-07-29 19:37:20,363887.60323923,0.0000004,0.0000000000380056,7852681,2019-07-29 19:37:20,btc,434.49795557380435,0.0,0.0000004,btc,256704.51785259,0.005208319156,0.022326455808262,91
1,[],22,[],2019-07-29 19:39:29,50200.0,0.00000002,0.00000000000190028,7852682,2019-07-29 19:39:29,BTC,1.05335,0.0,0.00000002,"BTC,LTC",1839.95,1.836e-05,0.001804,91
0,[],17,[],2019-05-03 01:12:26,0.0,0,0,7559096,2019-05-03 01:12:26,btc,0.0,0.0,0,btc,0.0,0.0,0.0,91
0.0000000000738543,[],4,[],2019-08-16 08:40:18,568033209.3315054,1.0339602e-17,1.0308665910816001e-21,7902641,2019-08-16 08:40:18,ltc,11.470885561528933,0.0,0.00000014,ltc,202045874.37540174,0.0,7.069414277575742e-10,96
0,[],12,[],2019-08-16 08:40:19,0.0,0,0,7902642,2019-08-16 08:40:19,btc,47.73949115563437,0.0,0,btc,13200102.563436551,0.0,0.0,96
0,[],17,[],2019-05-03 01:12:32,0.0,0,0,7559100,2019-05-03 01:12:32,btc,0.0,0.0,0,btc,0.0,0.0,0.0,96
0,[],2,[],2019-01-20 23:23:55,0.0,0,0,6476914,2019-01-20 23:23:55,,0.0,0.0,0,,0.0,0.0,0.0,100
1,[],4,[],2019-08-16 08:42:21,140421.66215441,0.00001352,0.000000001347954816,7902643,2019-08-16 08:42:21,btc,7.6703104633890815,0.0,0.00001352,btc,182379.55808864,0.27097413,0.6222099979439042,100
1,[],22,[],2019-08-16 08:42:24,146000.0,0.00000002,0.000000000001994016,7902644,2019-08-16 08:42:24,BTC,26.50623849,0.0,0.00000002,BTC,10383.92,0.0,0.00162,101
1,[],27,[],2019-08-12 16:30:59,2050161.9,0.00000005,0.0000000000056921850000000005,7891762,2019-08-12 16:30:59,btc,261.32824567561846,0.0,0.00000005,btc,285690.80442935,0.0,0.060251537,105
1,[],12,[],2019-08-16 08:42:26,40294399.0,0.000000003,0.0000000000002991024,7902645,2019-08-16 08:42:26,btc,342443.2246523205,0.0,0.000000003,btc,116951919.98330347,0.003891206071,0.061816213,105
1,[],27,[],2019-08-12 16:31:06,1.0,0.00000001,0.000000000001138437,7891764,2019-08-12 16:31:06,btc,0.0,0.0,0.00000001,"btc,eth",0.0,0.0,1e-08,112
0,[],22,[],2019-08-16 08:42:29,0.0,0,0,7902646,2019-08-16 08:42:29,,6.79500102,0.0,0,,3375892.0833333335,0.0,0.0,112
1,[],5,[],2019-07-06 00:19:31,0.0,0,0,7800761,2019-07-06 00:19:31,btc,0.0,0.0,0,btc,0.0,0.0,0.0,112
1,[],4,[],2019-08-16 08:42:30,719440.23168342,0.00000087,0.000000000086739696,7902647,2019-08-16 08:42:30,btc,7.020008476224149,0.0,0.00000087,btc,1429761.07872085,0.0743979,0.3593625113915818,113
1,[],5,[],2019-07-06 00:19:43,0.0,0,0,7800765,2019-07-06 00:19:43,btc,0.0,0.0,0,btc,0.0,0.0,0.0,113
1,[],17,[],2019-04-26 02:17:47,162738.278,0.00000004,0.0000000000021069000000000002,7461287,2019-04-26 02:17:47,btc,1.3331140273775473,0.0,0.00000004,btc,51796.221,0.0,0.00230953112,116
1,[],27,[],2019-08-02 18:48:59,95525.16595526,0.00000001,0.000000000001045936,7866367,2019-08-02 18:48:59,btc,3918.96487209,0.0,0.00000001,btc,88497.69,0.0,0.0009552516595526,116
1,[],4,[],2019-08-16 08:44:31,19520350.17195172,0.00000095,0.00000000009471576,7902648,2019-08-16 08:44:31,btc,127.56080112852878,0.0,0.00000095,btc,1312329.10737352,0.44227434,1.9201279183684965,120
1,[],7,[],2019-08-16 08:44:33,3774.73600131,0.0000071600000000000000571613069377807647697409265674650669097900390625,0.000000000713857728,7902649,2019-08-16 08:44:33,btc,231231.54040040294,0.0,0.0000071600000000000000571613069377807647697409265674650669097900390625,btc,4396.95291613,0.0,0.0089570476821831,120
0,[],2,[],2019-01-20 23:25:46,0.0,0,0,6476969,2019-01-20 23:25:46,,0.0,0.0,0,,0.0,0.0,0.0,131
1,[],4,[],2019-08-16 08:44:34,945483.16181585,0.00000301,0.000000000300099408,7902650,2019-08-16 08:44:34,btc,2.8111073521513266,0.0,0.00000301,btc,348472.53292356,0.15456068,0.2155352241128707,131
1,[],17,[],2019-05-03 01:13:10,10000.0,0.00000001,0.000000000000548003,7559115,2019-05-03 01:13:10,btc,0.0953976503951408,0.0,0.00000001,btc,5037.62507334,0.0,0.0001,131
1,[],4,[],2019-08-16 08:16:58,8555.81121274,0.00007030,0.00000000696770717,7902543,2019-08-16 08:16:58,btc,0.291428444364406,0.0,0.00007030,btc,222.08782043,0.00084817,0.0036823065778851,135
1,[],3,[],2019-07-13 16:51:20,187.26592867,0.00000001,0.000000000001140965,7813490,2019-07-13 16:51:20,btc,419.77407087449336,1935513.62324,0.00000001,btc,3179086.72005867,0.0,1.8726592866999999e-06,136
1,[],4,[],2019-08-16 08:46:35,833866.42048671,0.00000404,0.000000000402791232,7902651,2019-08-16 08:46:35,btc,24.183509075131294,0.0,0.00000404,btc,516090.03757805,0.19663967,1.7837224777847334,137
1,[],12,[],2019-08-16 08:46:37,129702.26441301,0.00000460000000000000000359955121265187472090474329888820648193359375,0.00000000045862368,7902652,2019-08-16 08:46:37,btc,39.90066684451251,0.0,0.00000460000000000000000359955121265187472090474329888820648193359375,btc,56094.80771529,0.009390217075,0.013759308591798301,137
1,[],4,[],2019-08-16 08:46:38,1309936.51063622,0.00003941,0.000000003929208528,7902653,2019-08-16 08:46:38,btc,12.176815291648163,0.0,0.00003941,btc,132526.83218862,0.98067502,2.4523719596060376,142
1,[],20,[],2019-08-16 08:48:40,110269.2339,0.000039895,0.000000003977563416,7902654,2019-08-16 08:48:40,btc,1.2787833561202,5.9097,0.000039895,btc,3129.9693,0.0002358645489,0.02111100252,142
1,[],22,[],2019-08-16 08:48:43,10619.88,0.00000200,0.0000000001994016,7902655,2019-08-16 08:48:43,BTC,1.55898515,0.0,0.00000200,BTC,835.8398331062671,0.0,0.00416696,142
0.0,[],25,[],2019-08-16 08:48:48,0.0,0,0,7902656,2019-08-16 08:48:48,,0.0,0.0,0.0,btc,0.0,0.0,0.0,142
1,[],28,[],2019-08-16 08:48:50,10093636.0,0.000035010000,0.000000003490525008,7902657,2019-08-16 08:48:50,btc,0.51474502,3866.0,0.000035010000,btc,2808.485,0.0,1.39650526,142
1,[],17,[],2019-05-03 01:13:16,32967.38636364,0.00000088,0.000000000048224264,7559122,2019-05-03 01:13:16,btc,20.06976206696776,0.0,0.00000088,btc,2746.079105,0.0,0.0105613000000032,142
1,[],5,[],2019-07-06 02:06:10,0.0,0,0,7800822,2019-07-06 02:06:10,btc,0.0,0.00140707,0,btc,0.0,0.0,0.0,142
0,[],22,[],2019-08-16 08:20:06,0.0,0,0,7902551,2019-08-16 08:20:06,,68.14027224,0.0,0,,718000153.5744588,0.0,0.0,143
0,[],22,[],2019-02-25 15:42:22,0.0,0,0,6783783,2019-02-25 15:42:22,,4.2131946,0.0,0,,2322156.0,0.0,0.0,146
,[],22,[],2018-11-20 23:01:11,0.0,0,0,4862114,2018-11-20 23:01:11,,2.56807021,0.0,,,61828.4988236,0.0,0.0,147
1,[],12,[],2019-04-21 06:38:04,193091.5971266,0.00000071,0.000000000037635183,7388679,2019-04-21 06:38:04,btc,2.301232411611175,0.0,0.00000071,btc,9957.48302385,0.00023528,0.0313308199999888,148
1,[],5,[],2019-04-26 09:36:59,0.0,0,0,7465040,2019-04-26 09:36:59,btc,0.0,0.0,0,btc,0.0,0.0,0.0,153
0,[],22,[],2019-08-16 08:20:09,0.0,0,0,7902552,2019-08-16 08:20:09,,6.78813965,0.0,0,,4560228.592592592,0.0,0.0,156
0,[],23,[],2019-01-20 23:24:29,0.0,0,0,6476932,2019-01-20 23:24:29,,0.0,0.0,0,,0.0,0.0,0.0,156
1,[],22,[],2019-08-16 08:20:12,6996.0,0.00000001,0.000000000000991139,7902553,2019-08-16 08:20:12,BTC,1.7547719,0.0,0.00000001,BTC,64.8,0.0,6.996e-05,157
0,[],22,[],2019-08-16 08:20:14,0.0,0,0,7902554,2019-08-16 08:20:14,,50234.60468402,0.0,0,,54786159.03179465,0.0,0.0,158
,[],17,[],2018-11-20 22:56:10,0.0,0,0,4861976,2018-11-20 22:56:10,btc,1.1265625,0.0,,btc,1000.0,0.0,0.0,159
,[],20,[],2018-11-20 22:56:12,0.0,0,0,4861977,2018-11-20 22:56:12,btc,11912.7940471,0.0,,btc,34413894.3617,0.0,0.0,159
1,[],22,[],2019-08-16 08:20:19,58948.0,0.00000001,0.000000000000991139,7902555,2019-08-16 08:20:19,BTC,12.83785151,0.0,0.00000001,"BTC,LTC",190182.34947371835,0.0,0.00100948,171
0.0000000000740973,[],22,[],2019-08-16 08:20:24,144000.0,3.704865e-18,3.672036191235e-22,7902556,2019-08-16 08:20:24,LTC,1.7462213,0.0,0.00000005,LTC,1298220.8536050986,0.0,0.00344,173
1,[],5,[],2019-07-06 02:08:45,0.0,0,0,7800830,2019-07-06 02:08:45,btc,0.0,0.00700197,0,btc,0.0,0.0,0.0,175
0,[],22,[],2019-08-16 08:20:28,0.0,0,0,7902557,2019-08-16 08:20:28,,393.97295672,0.0,0,,135375.61833431243,0.0,0.0,176
0,[],22,[],2019-08-16 08:20:33,0.0,0,0,7902558,2019-08-16 08:20:33,,1.00255534,0.0,0,,112828.0,0.0,0.0,178
1,[],7,[],2019-07-01 10:15:32,0.0,0,0,7783526,2019-07-01 10:15:32,btc,521516.2326888725,0.0,0,btc,26809253.73522063,0.0,0.0,178
0,[],2,[],2019-01-20 23:28:34,0.0,0,0,6477001,2019-01-20 23:28:34,,0.0,0.0,0,,0.0,0.0,0.0,178
1,[],5,[],2019-07-06 02:08:50,0.0,0,0,7800832,2019-07-06 02:08:50,btc,0.0,6.904e-05,0,btc,0.0,0.0,0.0,179
0,[],22,[],2019-08-16 08:20:37,0.0,0,0,7902559,2019-08-16 08:20:37,,10.33352785,0.0,0,,14883771.231946677,0.0,0.0,179
0,[],23,[],2019-01-20 23:25:08,0.0,0,0,6476952,2019-01-20 23:25:08,,0.0,0.0,0,,0.0,0.0,0.0,179
1,[],22,[],2019-08-16 08:22:41,775878.18432282,0.00000051,0.000000000050548089,7902560,2019-08-16 08:22:41,BTC,2.96798102,0.0,0.00000051,"BTC,LTC",248281.59096771595,0.000112,0.61555445,180
1,[],26,[],2019-08-16 08:22:42,0.0,0,0,7902561,2019-08-16 08:22:42,,0.0,0.0,0,,0.0,0.0,0.0,180
1,[],17,[],2019-05-03 01:13:56,20504.725000000002,0.0000001,0.00000000000548003,7559141,2019-05-03 01:13:56,btc,5.2010695838400265,0.0,0.0000001,btc,5033.45945,0.0,0.0011504725,180
,[],7,[],2018-11-20 22:58:01,562227.975654,0.00000085,0.000000000036176765,4862015,2018-11-20 22:58:01,btc,21836.6059674,2491.87645172,,btc,749999.041456,0.00211021,0.127565380455,183
,[],5,[],2019-01-10 08:11:41,0.0,0,0,6347036,2019-01-10 08:11:41,btc,82.15055501,0.00261,,btc,1.19002445,0.0,0.0,187
,[],17,[],2018-11-16 20:58:10,4062536.27273,0.00000001,0.000000000000550501,4708775,2018-11-16 20:58:10,btc,3.36492563466,0.195460381006,,"btc,eth",110697919.549,0.0,0.0157628953496,187
1,[],24,[],2019-05-22 21:04:52,0.0,0.000000000014,0.0000000000000010960978,7670219,2019-05-22 21:04:52,btc,0.0,0.0,0.000000000014,btc,0.0,0.0,0.0,187
0,[],23,[],2019-01-20 23:31:41,0.0,0,0,6477079,2019-01-20 23:31:41,,0.0,0.0,0,,0.0,0.0,0.0,199
0,[],22,[],2019-08-16 08:22:44,0.0,0,0,7902562,2019-08-16 08:22:44,,6.22011878,0.0,0,,40771826.0,0.0,0.0,199
1,[],26,[],2019-08-16 08:22:44,0.0,0,0,7902563,2019-08-16 08:22:44,,0.0,0.0,0,,0.0,0.0,0.0,199
1,[],4,[],2019-01-25 15:51:35,2084389.58565343,0.00000936,0.000000000333526752,6499557,2019-01-25 15:51:35,btc,2.0092503037378524,0.0,0.00000936,btc,160195.80207885,0.19272417,1.242687955921835,211
1,[],7,[],2019-07-01 02:21:28,1170054124.6898527,0.00000018,0.000000000019815389999999997,7782694,2019-07-01 02:21:28,btc,1346735.6331920293,0.0,0.00000018,btc,5516233.71348162,0.0,11.954344045954047,212
1,[],27,[],2019-08-12 16:37:52,320029.088,0.00000001,0.000000000001138437,7891783,2019-08-12 16:37:52,btc,176.0318120012664,0.0,0.00000001,"btc,ltc",485496.05456794,0.0,0.00320029088,216
0,[],22,[],2019-08-16 08:22:49,0.0,0,0,7902564,2019-08-16 08:22:49,,6.8412543,0.0,0,,3272264.174064925,0.0,0.0,216
1,[],22,[],2019-08-16 08:22:54,732751.1923076923,0.00000017,0.000000000016849363,7902565,2019-08-16 08:22:54,BTC,12055.76451131,0.0,0.00000017,BTC,447869.67681702506,0.01480821,0.05005874,217
0,[],22,[],2019-08-16 08:22:56,0.0,0,0,7902566,2019-08-16 08:22:56,,4.14997484,0.0,0,,126244.70709740352,0.0,0.0,221
1,[],24,[],2019-08-16 08:22:56,0.0,0.000000010000,0.000000000000991139,7902567,2019-08-16 08:22:56,btc,0.0,0.0,0.000000010000,btc,0.0,0.0,0.0,221
1,[],26,[],2019-08-16 08:22:57,0.0,0,0,7902568,2019-08-16 08:22:57,,0.0,0.0,0,,0.0,0.0,0.0,231
0.0000000001859265,[],27,[],2019-08-12 16:38:10,100.0,1.859265e-18,2.1166560688050002e-22,7891787,2019-08-12 16:38:10,eth,0.0,0.0,0.00000001,"btc,eth",0.0,0.0,1.8592649999999999e-16,234
1,[],26,[],2019-08-16 08:22:57,0.0,0,0,7902569,2019-08-16 08:22:57,,0.0,0.0,0,,0.0,0.0,0.0,234
1,[],5,[],2019-07-06 02:11:21,0.0,0,0,7800842,2019-07-06 02:11:21,btc,0.0,0.10652887,0,btc,0.0,0.0,0.0,237
1,[],20,[],2019-08-16 08:22:59,93460009.6464,0.000000041,0.0000000000040636699,7902570,2019-08-16 08:22:59,btc,514.8552508482805,12108524.7115,0.000000041,btc,29678387.5035,0.5237754208362,0.4785887957173,237
1,[],22,[],2019-08-16 08:23:03,1839335.0,0.00000001,0.000000000000991139,7902571,2019-08-16 08:23:03,BTC,1.20371953,0.0,0.00000001,"BTC,LTC",40634.04871794872,0.0,0.01839335,237
1,[],5,[],2019-07-06 02:11:32,0.0,0,0,7800846,2019-07-06 02:11:32,btc,0.0,0.05525444,0,btc,0.0,0.0,0.0,238
1,[],4,[],2019-08-16 08:23:04,27369000.00131981,0.00000006,0.000000000005946834,7902572,2019-08-16 08:23:04,btc,2.2096689369753673,0.0,0.00000006,btc,16062365.4609495,0.08475743,0.5147421207722299,238
0.0000000000740973,[],22,[],2019-08-16 08:23:08,419253.0,7.40973e-19,7.34407238247e-23,7902573,2019-08-16 08:23:08,LTC,0.40427224,0.0,0.00000001,LTC,496363.0639027493,0.0,0.00419253,249
0,[],22,[],2019-08-15 06:23:03,0.0,0,0,7898632,2019-08-15 06:23:03,,13.4488406,0.0,0,,43819581.3426455,0.0,0.0,252
1,[],28,[],2019-08-16 08:23:29,1723980.713,0.00000007,0.0000000000069379729999999995,7902574,2019-08-16 08:23:29,btc,4.749320903631,273392.712,0.00000007,btc,2844079.9252,0.0,0.05723023849,256
0.0000000000916764,[],22,[],2019-07-23 20:12:22,1517.0,9.16764e-19,9.31930943616e-23,7830286,2019-07-23 20:12:22,LTC,31474.63788373,0.0,0.00000001,LTC,1024398.9185893413,0.0,1.517e-05,258
1,[],5,[],2019-07-02 14:44:15,0.0,0,0,7788374,2019-07-02 14:44:15,btc,0.0,0.02775788,0,btc,0.0,0.0,0.0,264
1,[],20,[],2019-08-16 08:23:31,972600.8526,0.000000164,0.0000000000162546796,7902575,2019-08-16 08:23:31,btc,0.5327909195914,8637.813,0.000000164,btc,97386.0538,0.002047161681,0.0058570499132,264
0,[],22,[],2019-08-16 08:23:34,0.0,0,0,7902576,2019-08-16 08:23:34,,33050469.74148113,0.0,0,,14261527780.7,0.0,0.0,272
0.0000000000000026010000000000003,[],28,[],2019-08-16 08:24:00,47442711707.968,3.3813e-22,3.3513383007e-26,7902577,2019-08-16 08:24:00,doge,40797218213453.23,10484847894.1171,0.00000013,doge,105369332.6921,0.0,1.508190183945241e-11,272
0.0000000000740973,[],22,[],2019-08-16 08:24:03,9629.404950495049,7.4838273e-17,7.4175131062947e-21,7902578,2019-08-16 08:24:03,LTC,73.4671081,0.0,0.00000101,LTC,1301668.0287135022,0.0,0.009724,286
