pairValue,buyBook,exchangeId,sellBook,updated,buyTotal,satoshiPrice,usdPrice,exchangeLogId,created,bestPair,sellTotalBtc,volume,pairPrice,activePairs,sellTotal,volumeBtc,buyTotalBtc,coinId
1,[],22,[],2019-02-03 03:13:21,0.0263776,0.01350000,0.00000047013885000000006,6568960,2019-02-03 03:13:21,BTC,0.31397231,0.0,0.01350000,BTC,0.10124366666666666,0.0,0.00034472,1
1,[],24,[],2019-02-03 03:13:21,0.0,0.000000000000,0,6568961,2019-02-03 03:13:21,btc,0.0,0.0,0.000000000000,btc,0.0,0.0,0.0,1
0.0,[],25,[],2019-02-03 03:13:22,0.0,0,0,6568962,2019-02-03 03:13:22,btc,15.10339999783542,1286.26925966,0.0,btc,1160.29557884,15.8895,0.0,1
1,[],26,[],2019-02-03 03:14:44,0.0,0,0,6568963,2019-02-03 03:14:44,,0.0,0.0,0,,0.0,0.0,0.0,1
1,[],28,[],2019-02-03 03:14:52,987.9,0.01131000,0.000000393871881,6568964,2019-02-03 03:14:52,btc,0.162839806,17524.6,0.01131000,btc,8.9,0.0,0.024551096,1
0,[],2,[],2019-01-20 23:28:45,0.0,0,0,6477011,2019-01-20 23:28:45,,0.0,0.0,0,,0.0,0.0,0.0,1
1,[],3,[],2019-02-03 03:13:03,118.411013365021,0.012345609999999999917275061989130335859954357147216796875,0.00000042993710281100003,6568953,2019-02-03 03:13:03,btc,106.9622545520586,19.6217624066,0.012345609999999999917275061989130335859954357147216796875,btc,13.756554687064002,0.0,0.059648606521381466,1
1,[],4,[],2019-02-03 03:13:04,25060.37083893,0.01238424,0.000000431282396424,6568954,2019-02-03 03:13:04,btc,0.9102515291836144,0.0,0.01238424,btc,69.52826386,0.36975581,0.9248510875492973,1
1,[],5,[],2019-02-03 03:13:08,0.17291079,0.01220000,0.00000042486622,6568955,2019-02-03 03:13:08,btc,14578.46390512,0.43545732,0.01220000,btc,35555556.30202433,0.0,1.14866614,1
1,[],10,[],2019-02-03 03:13:11,272731.07659551,0.01215199,0.00000042319426694900003,6568956,2019-02-03 03:13:11,btc,6538.363707208885,799.16125393,0.01215199,btc,1084.44587684,0.0,4.721778735468108,1
1,[],12,[],2019-02-03 03:13:13,10425.47782239,0.012330000000000000681676937119846115820109844207763671875,0.00000042939348300000004,6568957,2019-02-03 03:13:13,btc,0.3264606161897,0.0,0.012330000000000000681676937119846115820109844207763671875,btc,20.28056308,0.0391947527814,0.21547878333440001,1
1,[],20,[],2019-02-03 03:13:15,1350.353,0.010520006,0.00000036636026095060003,6568958,2019-02-03 03:13:15,btc,0.0571839404203,0.06,0.010520006,btc,2.5234,0.00075174,0.1066875078835,1
1,[],21,[],2019-02-03 03:13:15,1839.37952735,0.01233577999999999931513006146,0.000000429594772078,6568959,2019-02-03 03:13:15,btc,21.976503050979407,11194.35654101,0.01233577999999999931513006146133193396963179111480712890625,"btc,eth",2667.0695385,129.71846693202048,16.048070139927265,1
1,[],5,[],2019-02-03 03:14:54,1.923e-05,0.00000068,0.000000000023681068000000002,6568965,2019-02-03 03:14:54,btc,0.1458597,0.00130154,0.00000068,btc,7.012e-05,0.0,0.493435,2
0,[],22,[],2019-02-03 03:14:58,0.0,0,0,6568966,2019-02-03 03:14:58,,0.0,0.0,0,,0.0,0.0,0.0,2
1,[],5,[],2019-02-03 03:14:59,1.25e-06,0.00000016,0.0000000000055720160000000004,6568967,2019-02-03 03:14:59,btc,3.86624668,0.00505038,0.00000016,btc,2.204e-05,0.0,2.94658187,3
1,[],12,[],2019-02-03 03:15:01,12548162.10254546,0.000000166,0.000000000005780966600000001,6568968,2019-02-03 03:15:01,btc,921349.4211325488,0.0,0.000000166,btc,8320963.17026466,0.04166706683475744,0.5560520379942808,3
0,[],28,[],2019-02-03 03:15:15,0.0,0,0,6568969,2019-02-03 03:15:15,,0.0,0.0,0,,0.0,0.0,0.0,3
1,[],4,[],2019-02-03 03:15:15,387224.74322038,0.00000030,0.000000000010447530000000001,6568970,2019-02-03 03:15:15,btc,0.3730384801657521,0.0,0.00000030,btc,344293.32813882,0.03282209,0.0436470704999042,4
0,[],2,[],2019-01-20 23:31:32,0.0,0,0,6477077,2019-01-20 23:31:32,,0.0,0.0,0,,0.0,0.0,0.0,4
1,[],12,[],2019-02-03 03:15:17,1632107.85533333,0.00000006,0.000000000002089506,6568971,2019-02-03 03:15:17,btc,11014980.033653079,0.0,0.00000006,btc,847927.05698658,0.0054496025738804,0.0332157804399998,5
1,[],11,[],2019-02-03 03:15:20,7655951.5,0.00000002,0.0000000000006965020000000001,6568972,2019-02-03 03:15:20,btc,9433.369001181367,597000.0,0.00000002,btc,41221552.76067939,0.0,0.116679515,6
0,[],2,[],2019-01-20 23:31:51,0.0,0,0,6477087,2019-01-20 23:31:51,,0.0,0.0,0,,0.0,0.0,0.0,6
1,[],3,[],2019-02-03 03:15:21,1069.652384675756,0.000150559999999999995050348200464895853656344115734100341796875,0.000000005243267056,6568973,2019-02-03 03:15:21,btc,28.510202753279106,0.0,0.000150559999999999995050348200464895853656344115734100341796875,btc,234.145665820227,0.0,0.030997767816609203,7
1,[],4,[],2019-02-03 03:15:21,26816.54075535,0.00018124,0.000000006311701124000001,6568974,2019-02-03 03:15:21,btc,2.558499315894577,0.0,0.00018124,btc,12640.08839151,1.83034466,4.286652686893075,7
1,[],5,[],2019-02-03 03:15:23,0.00546326,0.00017215,0.000000005995140965,6568975,2019-02-03 03:15:23,btc,1.28357187,0.20637568,0.00017215,btc,0.01116558,0.0,1.58777195,7
1,[],20,[],2019-02-03 03:15:26,65771509.91,0.000000001,0.0000000000000348251,6568976,2019-02-03 03:15:26,btc,136.3892062542774,0.0,0.000000001,btc,29825029.7669,0.0,0.06577150991,8
1,[],1,[],2019-02-03 03:15:27,3511037.05,0.00000198000000000000010098367454747236848788816132582724094390869140625,0.00000000006895369800000001,6568977,2019-02-03 03:15:27,btc,7.2262268954,26794935.97,0.00000198000000000000010098367454747236848788816132582724094390869140625,btc,3574607.9899999998,53.99818038,6.8578374841,9
1,[],4,[],2019-02-03 03:15:28,316094.5693296,0.00000199,0.000000000069301949,6568978,2019-02-03 03:15:28,btc,0.7030971114025774,0.0,0.00000199,btc,333798.54071936,2.16882686,0.5770782744731742,9
1,[],28,[],2019-02-03 03:15:36,34500.0,0.00000165,0.000000000057461415000000004,6568979,2019-02-03 03:15:36,btc,2708.760711888,3653752.0,0.00000165,btc,10874.28,0.0,0.02854,9
0,[],2,[],2019-01-20 23:22:42,0.0,0,0,6476876,2019-01-20 23:22:42,,0.0,0.0,0,,0.0,0.0,0.0,9
0,[],23,[],2019-01-20 23:22:48,0.0,0,0,6476878,2019-01-20 23:22:48,,0.0,0.0,0,,0.0,0.0,0.0,9
1,[],4,[],2019-02-03 03:15:37,7404102.37826053,0.00000002,0.0000000000006965020000000001,6568980,2019-02-03 03:15:37,btc,0.2035971882340986,0.0,0.00000002,btc,4100158.16841361,0.00222668,0.0799114518652106,10
1,[],4,[],2019-02-03 03:15:39,3444379.27689003,0.00000137,0.000000000047710387000000006,6568981,2019-02-03 03:15:39,btc,0.8579391389276223,0.0,0.00000137,btc,594127.35932408,2.17758629,2.596348324677023,12
1,[],5,[],2019-02-03 03:15:42,1.567e-05,0.00000134,0.000000000046665634000000005,6568982,2019-02-03 03:15:42,btc,0.70038314,0.79101734,0.00000134,btc,0.00011476,0.0,0.42719988,12
0.0,[],25,[],2019-02-03 03:15:43,0.0,0,0,6568983,2019-02-03 03:15:43,,0.0,0.0,0.0,btc,0.0,0.0,0.0,12
0,[],2,[],2019-01-20 23:23:08,0.0,0,0,6476890,2019-01-20 23:23:08,,0.0,0.0,0,,0.0,0.0,0.0,12
1,[],10,[],2019-02-03 01:29:09,610414.79514779,0.00000618,0.000000000215441598,6568464,2019-02-03 01:29:09,btc,666809.6479077085,4682.45443738,0.00000618,btc,737847.28414454,0.0,0.7941843133700582,13
1,[],4,[],2019-02-03 03:15:44,335920.55822383,0.00000622,0.000000000216612122,6568984,2019-02-03 03:15:44,btc,0.5370400654592892,0.0,0.00000622,btc,78871.71291552,0.52888337,1.4951678541272586,13
1,[],21,[],2019-02-03 03:15:47,1004669.88101729,0.000006170000000000000218427706478,0.00000000021487086700000002,6568985,2019-02-03 03:15:47,btc,5.443255491914421,394691.57957343,0.00000617000000000000021842770647761966529287747107446193695068359375,btc,798932.43545806,2.43685894,4.929268804267677,13
1,[],4,[],2019-02-03 03:15:48,1139159.10743158,0.00000167,0.000000000058157917,6568986,2019-02-03 03:15:48,btc,0.12515790111529,0.0,0.00000167,btc,57633.26433148,0.00606368,0.4346551885842844,14
1,[],12,[],2019-02-03 03:15:49,87411.2299947,0.000001529999999999999962528346615642238504051420022733509540557861328125,0.000000000053282403,6568987,2019-02-03 03:15:49,btc,1.784998347719179,0.0,0.000001529999999999999962528346615642238504051420022733509540557861328125,btc,37450.01291797,1.8283544823e-06,0.011537249999999,14
0,[],17,[],2019-02-03 03:15:51,0.0,0,0,6568988,2019-02-03 03:15:51,btc,0.0,0.0,0,btc,0.0,0.0,0.0,14
1,[],26,[],2019-02-03 03:15:52,0.0,0,0,6568989,2019-02-03 03:15:52,,0.0,0.0,0,,0.0,0.0,0.0,14
0,[],4,[],2019-02-03 03:15:53,0.0,0,0,6568990,2019-02-03 03:15:53,,0.0,0.0,0,,0.0,0.0,0.0,15
,[],12,[],2018-12-01 15:15:48,204241.84496,0.00000489,0.000000000202473384,5260204,2018-12-01 15:15:48,btc,49.5475654835,0.0,,btc,35763.2193806,0.0163153972027625,0.0203389899998,15
1,[],4,[],2019-02-03 03:15:55,23726.98223229,0.00001780,0.00000000061988678,6568991,2019-02-03 03:15:55,btc,1.2302308130444857,0.0,0.00001780,btc,7561.07883136,0.0345884,0.0580053055324173,18
1,[],10,[],2019-02-03 03:15:57,401923.76497521,0.00001854,0.000000000645657354,6568992,2019-02-03 03:15:57,btc,15.55651530741615,14506.5114782,0.00001854,btc,10891.17826474,0.0,0.3792804099394709,18
1,[],12,[],2019-02-03 03:15:59,200810.89744605,0.00001769999999999999994019540816569957542014890350401401519775390625,0.0000000006164042700000001,6568993,2019-02-03 03:15:59,btc,0.1835915026040905,0.0,0.00001769999999999999994019540816569957542014890350401401519775390625,btc,1599.72865824,0.0,0.017848883950361098,18
0,[],17,[],2019-02-03 03:16:00,0.0,0,0,6568994,2019-02-03 03:16:00,btc,0.0,0.0,0,btc,0.0,0.0,0.0,18
0,[],2,[],2019-01-20 23:23:38,0.0,0,0,6476906,2019-01-20 23:23:38,,0.0,0.0,0,,0.0,0.0,0.0,18
1,[],3,[],2019-02-03 03:16:01,108529.71520384692,0.0000260299999999999998067691520109434577534557320177555084228515625,0.000000000906497353,6568995,2019-02-03 03:16:01,btc,0.45059081639292553,0.0,0.0000260299999999999998067691520109434577534557320177555084228515625,btc,5170.719121372528,0.0,0.09825596493175827,19
1,[],4,[],2019-02-03 03:16:02,62880.26294523,0.00002970,0.00000000103430547,6568996,2019-02-03 03:16:02,btc,0.4256185048246876,0.0,0.00002970,btc,12273.0028154,0.37578491,1.115565327809748,19
1,[],5,[],2019-02-03 03:16:03,0.00043857,0.00003156,0.000000001099080156,6568997,2019-02-03 03:16:03,btc,0.28928752,0.00084558,0.00003156,btc,0.00316503,0.0,0.23895483,19
1,[],12,[],2019-02-03 03:16:04,133627.90707457,0.000026149999999999998657844446636744351053494028747081756591796875,0.000000000910676365,6568998,2019-02-03 03:16:04,btc,1.9922636648096037,0.0,0.000026149999999999998657844446636744351053494028747081756591796875,btc,470.27457877,0.0,0.0326819100000055,19
0,[],27,[],2019-02-03 03:16:07,0.0,0,0,6568999,2019-02-03 03:16:07,,0.0,0.0,0,btc,0.0,0.0,0.0,19
0,[],2,[],2019-01-20 23:24:19,0.0,0,0,6476924,2019-01-20 23:24:19,,0.0,0.0,0,,0.0,0.0,0.0,19
1,[],4,[],2019-02-03 03:16:08,9032893.40167756,0.00000014,0.000000000004875514,6569000,2019-02-03 03:16:08,btc,0.8116717874116198,0.0,0.00000014,btc,1595552.31051721,0.00029465,0.3475363817115696,20
1,[],4,[],2019-02-03 03:16:10,122616432.60622224,0.00000003,0.000000000001044753,6569001,2019-02-03 03:16:10,btc,0.7483916416912767,0.0,0.00000003,btc,16393372.56438166,0.11675221,1.4623106489542852,21
1,[],12,[],2019-02-03 03:16:11,19030494.0,0.00000002,0.0000000000006965020000000001,6569002,2019-02-03 03:16:11,btc,668.544642243258,0.0,0.00000002,btc,8531814.65434831,0.0009093702697303,0.25354996,21
0,[],17,[],2019-02-03 03:16:13,0.0,0,0,6569003,2019-02-03 03:16:13,btc,0.0,0.0,0,btc,0.0,0.0,0.0,21
1,[],12,[],2019-02-03 03:16:14,2283972257.531895,0.0000000001,0.0000000000000034825100000000003,6569004,2019-02-03 03:16:14,btc,1729404717463.789,0.0,0.0000000001,btc,5079471921.5596695,0.003746127099301182,0.22839722575318952,23
0,[],27,[],2019-02-03 03:16:15,0.0,0,0,6569005,2019-02-03 03:16:15,,0.424699,0.0,0,eth,424699.0,0.0,0.0,23
1,[],4,[],2019-02-03 03:16:16,916785.91773094,0.00000082,0.000000000028556582000000004,6569006,2019-02-03 03:16:16,btc,0.0767834324963779,0.0,0.00000082,btc,69533.49647836,0.01427123,0.4012033397542441,24
1,[],22,[],2019-02-03 03:16:44,11.76,0.00000100,0.000000000034825100000000006,6569007,2019-02-03 03:16:44,BTC,7.415e-05,0.0,0.00000100,BTC,23.919354838709676,0.0,1.176e-05,24
0.0,[],25,[],2019-02-03 03:16:45,0.0,0,0,6569008,2019-02-03 03:16:45,,0.0,0.0,0.0,btc,0.0,0.0,0.0,24
1,[],4,[],2019-02-03 03:16:46,27116368.3733207,0.00000645,0.000000000224621895,6569009,2019-02-03 03:16:46,btc,0.2819124466880875,0.0,0.00000645,btc,27289.43469733,0.11462693,0.4291591595096915,26
1,[],10,[],2019-02-03 03:16:48,725860.70874179,0.00000588,0.000000000204771588,6569010,2019-02-03 03:16:48,btc,25.975643993666147,615.04844863,0.00000588,btc,13118.16646401,0.0,0.2069460833237116,26
0,[],2,[],2019-01-20 23:25:56,0.0,0,0,6476976,2019-01-20 23:25:56,,0.0,0.0,0,,0.0,0.0,0.0,26
1,[],3,[],2019-02-03 03:16:49,9442582.93283504,0.00000002,0.0000000000006965020000000001,6569011,2019-02-03 03:16:49,btc,2.280887203521768,80103.3881346,0.00000002,btc,15506394.93222337,0.0,0.1133830782681865,27
1,[],5,[],2019-02-03 03:16:51,3e-08,0.00000002,0.0000000000006965020000000001,6569012,2019-02-03 03:16:51,btc,1.52458241,0.00462379,0.00000002,btc,4.69e-05,0.0,0.09961079,27
1,[],11,[],2019-02-03 02:24:49,10615374.41182718,0.00000005,0.000000000001744105,6568822,2019-02-03 02:24:49,btc,370.6426334117441,1000.0,0.00000005,btc,8221035.4403934,0.0,0.4936394994767663,27
1,[],4,[],2019-02-03 02:24:50,313181365.0010467,0.00000003,0.000000000001046463,6568823,2019-02-03 02:24:50,btc,4.21338802145229,0.0,0.00000003,"btc,ltc",118801820.43200675,1.26508096,4.326151166936374,29
1,[],7,[],2019-02-03 02:24:52,40877382.59664586,0.00000003,0.0000000000010464629999999999,6568824,2019-02-03 02:24:52,btc,44465206.20443952,15731.1424359,0.00000003,btc,40561959.34575318,0.00061238,0.7582762314134238,29
1,[],4,[],2019-02-03 02:24:53,1447001.7615855,0.00000030,0.000000000010464630000000001,6568825,2019-02-03 02:24:53,btc,0.2729758926659686,0.0,0.00000030,btc,558225.77361105,0.00962466,0.0877405037290625,30
0,[],17,[],2019-02-03 02:24:54,0.0,0,0,6568826,2019-02-03 02:24:54,btc,0.0,0.0,0,btc,0.0,0.0,0.0,30
1,[],4,[],2019-02-03 02:24:55,1141126.40720481,0.00007299,0.000000002546044479,6568827,2019-02-03 02:24:55,btc,1.6213640342800824,0.0,0.00007299,btc,19283.91994149,1.26254531,2.300237246197762,31
1,[],21,[],2019-02-03 02:24:55,71295.45714043,0.00007221999999999999632956798612,0.000000002519185262,6568828,2019-02-03 02:24:55,btc,0.795407076378337,106160.26634145,0.000072219999999999996329567986119712941217585466802120208740234375,btc,10581.61361797,7.79371693,4.66373987667284,31
0,[],2,[],2019-01-20 23:28:43,0.0,0,0,6477009,2019-01-20 23:28:43,,0.0,0.0,0,,0.0,0.0,0.0,32
1,[],4,[],2019-02-03 02:24:56,135827304.76901293,0.00000005,0.000000000001744105,6568829,2019-02-03 02:24:56,btc,3.5054888280191316,0.0,0.00000005,"btc,ltc",56387850.61110642,0.16627351,2.031843691470768,33
1,[],12,[],2019-02-03 02:24:58,19061095.278,0.00000006,0.0000000000020929259999999998,6568830,2019-02-03 02:24:58,btc,17261782.270031586,0.0,0.00000006,btc,89466155.45354629,0.055289066713287,0.7160661766799999,33
1,[],4,[],2019-02-03 02:24:58,111241231.97515793,0.00000001,0.000000000000348821,6568831,2019-02-03 02:24:58,btc,0.7718564331524844,0.0,0.00000001,btc,25728547.77174948,0.0093429,1.1124123197515794,34
1,[],5,[],2019-02-03 02:25:01,1e-08,0.00000001,0.000000000000348821,6568832,2019-02-03 02:25:01,btc,3.91224237,0.0256637,0.00000001,btc,1.343e-05,0.0,0.72909176,34
0.0000000000988212,[],4,[],2019-02-03 02:25:04,1394224761.8817065,3.952848e-18,1.378836392208e-22,6568833,2019-02-03 02:25:04,ltc,8.211290513624725e-09,0.0,0.00000004,ltc,1619376321.0646732,0.0,2.6570671879754274e-09,36
1,[],5,[],2019-02-03 02:25:06,0.0,0,0,6568834,2019-02-03 02:25:06,btc,202.3675572,0.0,0,btc,1.295e-05,0.0,0.0,36
0,[],17,[],2019-02-03 02:25:08,0.0,0,0,6568835,2019-02-03 02:25:08,btc,0.07494043766256557,0.0,0,btc,4134847.20243647,0.0,0.0,36
0.0000000000988212,[],27,[],2019-02-03 02:25:10,1000000.0,1.976424e-18,6.89418196104e-23,6568836,2019-02-03 02:25:10,ltc,447.7307979714,0.0,0.00000002,"ltc,eth",3711879.16,0.0,1.976424e-12,36
1,[],4,[],2019-02-03 02:16:08,559539.49950044,0.00000151,0.000000000052719083,6568631,2019-02-03 02:16:08,btc,0.42173462624353,0.0,0.00000151,btc,220207.58839196,0.08051894,0.57762784120119,37
1,[],12,[],2019-02-03 02:16:09,457174.36185185,0.00000154999999999999998279913253351747215447176131419837474822998046875,0.000000000054115615,6568632,2019-02-03 02:16:09,btc,1331.0161530298974,0.0,0.00000154999999999999998279913253351747215447176131419837474822998046875,btc,740746.24409993,0.2199750967745274,0.3580832153999975,37
1,[],17,[],2019-02-03 02:16:12,2198.29156809,0.0000015000000000000000380012861456169304119612206704914569854736328125,0.00000000005236995,6568633,2019-02-03 02:16:12,btc,0.055479000191168075,8.31377709e-06,0.0000015000000000000000380012861456169304119612206704914569854736328125,btc,1383.25,0.0,0.00110651141111,37
1,[],27,[],2019-02-03 02:16:14,16843.0,0.00000046,0.000000000016060118,6568634,2019-02-03 02:16:14,btc,24.45584702489649,0.0,0.00000046,btc,5279.81438508,0.0,0.00561124,37
1,[],5,[],2019-02-03 02:25:11,1.305e-05,0.00000091,0.000000000031742711,6568837,2019-02-03 02:25:11,btc,0.10739889,0.12010267,0.00000091,btc,0.00010306,0.0,0.05795386,42
1,[],12,[],2019-02-03 02:25:12,155173.18518518,0.000001080000000000000035831255497387193287295303889550268650054931640625,0.000000000037672668,6568838,2019-02-03 02:25:12,btc,196.15259598000685,0.0,0.000001080000000000000035831255497387193287295303889550268650054931640625,btc,80685.41894452,0.0453977168624139,0.0563996799999944,42
0,[],27,[],2019-02-03 02:25:14,0.0,0,0,6568839,2019-02-03 02:25:14,,0.00315028,0.0,0,"btc,eth",11.007,0.0,0.0,42
1,[],5,[],2019-02-03 02:25:15,6e-08,0.00000003,0.000000000001046463,6568840,2019-02-03 02:25:15,btc,6.10271066,0.0,0.00000003,btc,1.425e-05,0.0,0.53368313,43
1,[],12,[],2019-02-03 02:25:17,6512129.0,0.00000002,0.000000000000697642,6568841,2019-02-03 02:25:17,btc,20007456.464662522,0.0,0.00000002,btc,38831663.74765234,0.00036916,0.06512143000000001,43
0,[],17,[],2019-02-03 02:25:21,0.0,0,0,6568842,2019-02-03 02:25:21,btc,0.0,0.0,0,btc,0.0,0.0,0.0,43
1,[],12,[],2019-02-03 02:25:22,907528.0,0.00000007,0.000000000002441747,6568843,2019-02-03 02:25:22,btc,11115205.988853987,0.0,0.00000007,btc,1007191.39860139,0.00096844992008,0.0283817,44
1,[],4,[],2019-02-03 02:25:23,235540728.59611797,0.00000002,0.000000000000697642,6568844,2019-02-03 02:25:23,btc,0.18402003465042094,0.0,0.00000002,"btc,ltc",8189482.18161888,0.00545185,0.5428927653973504,49
0.0000000000988212,[],4,[],2019-02-03 02:25:24,4316533568.602036,9.88212e-19,3.44709098052e-23,6568845,2019-02-03 02:25:24,ltc,4.994394635550339,0.0,0.00000001,ltc,2863781124.138576,0.0,4.265650270895355e-09,52
0,[],22,[],2019-02-03 02:25:26,0.0,0,0,6568846,2019-02-03 02:25:26,,3693.67822752,0.0,0,,258485157.90882352,0.0,0.0,57
0,[],27,[],2019-02-03 02:25:28,0.0,0,0,6568847,2019-02-03 02:25:28,,0.0,0.0,0,"btc,eth",0.0,0.0,0.0,57
0.0000000000988212,[],4,[],2019-02-03 02:25:28,1329366961.4913878,5.9292719999999995e-18,2.068254588312e-22,6568848,2019-02-03 02:25:28,ltc,3.310165343028263,0.0,0.00000006,ltc,1297410942.253332,0.0,5.6651936544315865e-09,58
1,[],12,[],2019-02-03 02:25:29,2204930097.282997,0.0000000006,0.00000000000002092926,6568849,2019-02-03 02:25:29,btc,625179814392.0763,0.0,0.0000000006,btc,3081129517.325774,0.030521830717482525,0.8363825469645632,58
0,[],17,[],2019-02-03 02:25:31,0.0,0,0,6568850,2019-02-03 02:25:31,btc,1e+24,0.0,0,btc,41616695.95832568,0.0,0.0,58
0.00000000012123200000000002,[],22,[],2019-02-03 02:25:34,137438.0,1.2123200000000001e-18,4.2288267472000003e-23,6568851,2019-02-03 02:25:34,XMR,69.8835922,0.0,0.00000001,XMR,9887963.0,0.0,0.00137438,58
1,[],5,[],2019-02-03 02:25:36,7.86e-06,0.00000053,0.000000000018487513,6568852,2019-02-03 02:25:36,btc,0.36119903,0.051018,0.00000053,btc,0.00012618,0.0,0.06985372,61
1,[],22,[],2019-02-03 02:25:39,5111.5,0.00000011,0.000000000003837031,6568853,2019-02-03 02:25:39,BTC,1002.29606732,0.0,0.00000011,BTC,15028.700278135757,0.0,0.00051178,61
1,[],26,[],2019-02-03 02:25:39,0.0,0,0,6568854,2019-02-03 02:25:39,,0.0,0.0,0,,0.0,0.0,0.0,61
0,[],27,[],2019-02-03 02:25:42,0.0,0,0,6568855,2019-02-03 02:25:42,,0.1550356,0.0,0,"btc,eth",155.72848,0.0,0.0,61
1,[],28,[],2019-02-03 02:25:46,6898.304,0.00000130,0.00000000004534673,6568856,2019-02-03 02:25:46,btc,2.064506118300105,780.0,0.00000130,btc,11238.17500005,0.0,0.00218011304,61
1,[],4,[],2019-02-03 02:16:49,1266488.64811731,0.00000171,0.000000000059701743,6568655,2019-02-03 02:16:49,btc,0.7006859163512886,0.0,0.00000171,btc,253646.05858357,0.11147573,0.8954584342261909,67
0.0,[],25,[],2019-02-03 02:16:50,0.0,0,0,6568656,2019-02-03 02:16:50,,0.0,0.0,0.0,btc,0.0,0.0,0.0,67
1,[],12,[],2019-02-03 02:25:47,3098415.68300001,0.00000011,0.000000000003837031,6568857,2019-02-03 02:25:47,btc,16893709.42495313,0.0,0.00000011,btc,2485150.58001995,0.0002822302697308,0.0847531028411122,71
,[],5,[],2018-11-20 23:02:39,1.5e-07,0.00000005,0.000000000002128045,4862160,2018-11-20 23:02:39,btc,2.84511358,0.0,,btc,0.00036572,0.0,0.07381892,74
1,[],5,[],2019-01-25 15:53:51,3.303e-05,0.00000156,0.000000000055588884,6499610,2019-01-25 15:53:51,btc,1.42844212,0.0,0.00000156,btc,0.00015937,0.0,0.49487621,75
0,[],20,[],2019-01-25 09:30:31,0.0,0,0,6495923,2019-01-25 09:30:31,btc,0.0,0.0,0,btc,0.0,0.0,0.0,81
1,[],4,[],2019-02-03 02:16:53,70997797.82492337,0.00000001,0.000000000000349133,6568658,2019-02-03 02:16:53,btc,0.8164048853705091,0.0,0.00000001,btc,15307943.35273608,0.0,0.7099779782492337,81
1,[],4,[],2019-02-03 02:25:48,23677.06995426,0.00007500,0.0000000026161575000000002,6568858,2019-02-03 02:25:48,btc,1.2719731001568837,0.0,0.00007500,btc,11165.34377058,0.01298528,0.0817395255582617,82
1,[],21,[],2019-02-03 02:25:49,87658.80354853,0.00007524999999999999950647117108,0.000000002624878025,6568859,2019-02-03 02:25:49,btc,3.542620914708443,3984.37026738,0.000075249999999999999506471171084598381639807485044002532958984375,btc,40675.35337918,0.30382501,4.544606421446162,82
0,[],17,[],2019-02-03 02:25:50,0.0,0,0,6568860,2019-02-03 02:25:50,btc,0.0447233088476774,0.0,0,btc,999127.19588126,0.0,0.0,84
0.0000000000988212,[],4,[],2019-02-03 02:25:52,352936474.5258405,1.2846756e-17,4.481218274676e-22,6568861,2019-02-03 02:25:52,ltc,0.19754182496883257,0.0,0.00000013,ltc,74885995.86556941,0.0,1.5449671138039427e-09,85
,[],22,[],2018-11-20 23:09:34,3408.1,0.0000001,0.0000000000041895,4862324,2018-11-20 23:09:34,BTC,0.04624735,0.0,,BTC,4990.0,0.0,0.00033081,86
0,[],22,[],2019-02-03 02:25:54,0.0,0,0,6568862,2019-02-03 02:25:54,,2.07810912,0.0,0,,154826.94736842104,0.0,0.0,87
0,[],27,[],2019-02-03 02:26:00,0.0,0,0,6568863,2019-02-03 02:26:00,,0.0,0.0,0,btc,0.0,0.0,0.0,87
,[],2,[],2018-11-20 23:10:47,0.0,0,0,4862359,2018-11-20 23:10:47,,0.0,0.0,,,0.0,0.0,0.0,88
1,[],11,[],2019-02-03 02:26:03,102585.90666087,0.00018548999999999998757223285128503675878164358437061309814453125,0.000000006470280729,6568864,2019-02-03 02:26:03,btc,236.3872001152482,186.4,0.00018548999999999998757223285128503675878164358437061309814453125,btc,185116.03320232,0.0,7.633772830383718,89
0,[],2,[],2019-01-20 23:31:45,0.0,0,0,6477083,2019-01-20 23:31:45,,0.0,0.0,0,,0.0,0.0,0.0,91
1,[],12,[],2019-02-03 02:17:07,520564.3469307,0.00000287000000000000005012158223183238447973053553141653537750244140625,0.000000000100201171,6568666,2019-02-03 02:17:07,btc,3.6573513210579347,0.0,0.00000287000000000000005012158223183238447973053553141653537750244140625,btc,28749.95415164,5.74e-06,0.154511647100014,91
0,[],17,[],2019-02-03 02:17:09,0.0,0,0,6568667,2019-02-03 02:17:09,btc,0.0,0.0,0,btc,0.0,0.0,0.0,91
0.0000000000988212,[],22,[],2019-02-03 02:26:13,37704795.571428575,6.917484e-18,2.412963686364e-22,6568865,2019-02-03 02:26:13,LTC,8.80622787,0.0,0.00000007,LTC,76324658.1,0.0,1.72417449,95
0.0000000000988212,[],4,[],2019-02-03 02:26:16,132591615.14604858,1.00797624e-16,3.5160328001304e-21,6568866,2019-02-03 02:26:16,ltc,1.1891094845632955,0.0,0.00000102,ltc,70810890.68285362,0.0,7.166437363054703e-10,96
1,[],12,[],2019-02-03 02:26:17,327026.0,0.00000001,0.000000000000348821,6568867,2019-02-03 02:26:17,btc,255063.40165946563,0.0,0.00000001,btc,7929371.33297676,4.523e-05,0.00327026,96
0,[],17,[],2019-02-03 02:26:19,0.0,0,0,6568868,2019-02-03 02:26:19,btc,0.0,0.0,0,btc,0.0,0.0,0.0,96
1,[],4,[],2019-01-28 01:29:03,1472892.19429314,0.00000039,0.000000000013841295,6517118,2019-01-28 01:29:03,btc,0.30363706505258,0.0,0.00000039,btc,473598.41813208,0.02260545,0.1322524391209234,99
0,[],2,[],2019-01-20 23:23:55,0.0,0,0,6476914,2019-01-20 23:23:55,,0.0,0.0,0,,0.0,0.0,0.0,100
1,[],4,[],2019-02-03 02:26:19,84058.10090401,0.00004552,0.0000000015878331920000001,6568869,2019-02-03 02:26:19,btc,3.7739891298299573,0.0,0.00004552,btc,69641.19620132,1.72682267,3.395291345100331,100
1,[],22,[],2019-02-03 02:26:22,50000.0,0.00000001,0.000000000000348821,6568870,2019-02-03 02:26:22,BTC,23.50383609,0.0,0.00000001,BTC,11277.22,0.0,0.0005,101
1,[],4,[],2019-02-03 02:26:23,110483.96449443,0.00000093,0.000000000032440353000000003,6568871,2019-02-03 02:26:23,btc,0.400412617094168,0.0,0.00000093,btc,151703.2244379,0.028331,0.0621553843143302,103
1,[],12,[],2019-02-03 02:26:26,94468402.0,0.000000016,0.0000000000005581136000000001,6568872,2019-02-03 02:26:26,btc,138278963.5446257,0.0,0.000000016,btc,147288658.20129025,0.05081699582517394,0.574700149,105
1,[],27,[],2019-02-03 02:26:29,10127001.89,0.00000001,0.000000000000348821,6568873,2019-02-03 02:26:29,btc,0.6930127791760939,8200.0,0.00000001,btc,708867.82781977,0.000164,0.1012700189,105
0,[],22,[],2019-02-03 02:26:32,0.0,0,0,6568874,2019-02-03 02:26:32,,1.07253299,0.0,0,,94300.0,0.0,0.0,107
1,[],26,[],2019-02-03 02:26:32,0.0,0,0,6568875,2019-02-03 02:26:32,,0.0,0.0,0,,0.0,0.0,0.0,107
1,[],5,[],2019-02-03 02:26:33,6e-08,0.00000003,0.000000000001046463,6568876,2019-02-03 02:26:33,btc,2.99141778,0.21713736,0.00000003,btc,1.666e-05,0.0,0.11282677,112
1,[],22,[],2019-02-03 02:26:37,1966.0,0.00000001,0.000000000000348821,6568877,2019-02-03 02:26:37,BTC,2.84203449,0.0,0.00000001,BTC,957103.5833333334,0.0,1.966e-05,112
0.0000000003150033,[],27,[],2019-02-03 02:26:39,500000.0,3.1500330000000003e-18,1.098797661093e-22,6568878,2019-02-03 02:26:39,eth,1.25356065,0.0,0.00000001,"btc,eth",1328.0,0.0,1.5750165e-12,112
1,[],4,[],2019-02-03 02:26:40,513518.42544926,0.00000364,0.000000000126970844,6568879,2019-02-03 02:26:40,btc,0.515828965274518,0.0,0.00000364,btc,95958.70413298,0.07795931,0.4083487271074351,113
1,[],5,[],2019-02-03 02:26:42,2.352e-05,0.00000373,0.000000000130110233,6568880,2019-02-03 02:26:42,btc,2.43122524,0.03133645,0.00000373,btc,0.0038077,0.0,0.21629346,113
1,[],17,[],2019-02-03 02:26:43,212548.72400000002,0.00000004,0.000000000001395284,6568881,2019-02-03 02:26:43,btc,1.3368030274175415,0.0,0.00000004,btc,51896.221,0.0,0.00460194896,116
0,[],27,[],2019-02-03 02:26:46,0.0,0,0,6568882,2019-02-03 02:26:46,,0.0,0.0,0,btc,0.0,0.0,0.0,116
1,[],4,[],2019-02-03 02:26:48,48040.55127725,0.00002303,0.000000000803334763,6568883,2019-02-03 02:26:48,btc,0.835667740289152,0.0,0.00002303,btc,29415.75675843,0.37525013,0.8365813154935973,120
1,[],7,[],2019-02-03 02:26:51,11042.74711925,0.00001796000000000000083899033553880286717685521580278873443603515625,0.0000000006264825160000001,6568884,2019-02-03 02:26:51,btc,88979.01571290931,31.45000271,0.00001796000000000000083899033553880286717685521580278873443603515625,btc,23649.8457715,0.00113348,0.09837035235650261,120
1,[],20,[],2019-02-03 02:26:52,1607028.1906,0.000000013,0.0000000000004534673,6568885,2019-02-03 02:26:52,btc,33.7489442370083,222.819,0.000000013,btc,1074422.3317,2.896647e-06,0.0088322132172,125
1,[],22,[],2019-02-03 02:27:06,3053.0,0.00000001,0.000000000000348821,6568886,2019-02-03 02:27:06,BTC,0.01444889,0.0,0.00000001,BTC,296264.5111111111,0.0,3.053e-05,126
0,[],2,[],2019-01-20 23:25:46,0.0,0,0,6476969,2019-01-20 23:25:46,,0.0,0.0,0,,0.0,0.0,0.0,131
1,[],4,[],2019-02-03 02:27:07,92884.15215043,0.00001518,0.000000000529510278,6568887,2019-02-03 02:27:07,btc,0.5494130077363815,0.0,0.00001518,btc,28038.50058447,0.28070431,0.6078238455259759,131
0,[],17,[],2019-02-03 02:27:08,0.0,0,0,6568888,2019-02-03 02:27:08,btc,0.0008451375975800001,0.0,0,btc,30.89614684,0.0,0.0,131
1,[],4,[],2019-02-03 02:27:10,4615.01584115,0.00016004,0.000000005582531284,6568889,2019-02-03 02:27:10,btc,1.6408949338844816,0.0,0.00016004,btc,302.35845559,0.0,0.0120659732875021,135
1,[],3,[],2019-02-03 02:27:10,1776991.66354937,0.00000007,0.000000000002441747,6568890,2019-02-03 02:27:10,btc,0.1527888503264862,10821.1866357,0.00000007,btc,396436.80852494,0.0,0.0652342942725346,136
1,[],4,[],2019-02-03 02:27:11,96666.08180762,0.00000182,0.000000000063485422,6568891,2019-02-03 02:27:11,btc,0.4561985390521638,0.0,0.00000182,btc,173714.51101531,0.13872726,0.1349947297906815,137
1,[],12,[],2019-02-03 02:27:12,298033.73369491,0.000001839999999999999959088173122345732934945772285573184490203857421875,0.000000000064183064,6568892,2019-02-03 02:27:12,btc,11982.848989800974,0.0,0.000001839999999999999959088173122345732934945772285573184490203857421875,btc,126306.5496324,0.1074972312196374,0.029369648234914,137
1,[],5,[],2019-02-03 02:18:04,0.00126839,0.00004036,0.000000001409100788,6568696,2019-02-03 02:18:04,btc,5.76293903,1.52200524,0.00004036,btc,0.00374896,0.0,1.48826908,142
1,[],17,[],2019-02-03 02:18:06,12500.0,0.0000001,0.00000000000349133,6568697,2019-02-03 02:18:06,btc,20.26102157906418,0.0001070700002253,0.0000001,btc,5931.99821453,0.0,0.00125,142
1,[],20,[],2019-02-03 02:18:07,149665.6766,0.000025423,0.0000000008876008259,6568698,2019-02-03 02:18:07,btc,4.1948682814,992.7579,0.000025423,btc,11036.5296,0.0410308961557,0.2471364743976,142
1,[],22,[],2019-02-03 02:18:11,962.0,0.00001800,0.0000000006284394,6568699,2019-02-03 02:18:11,BTC,3.00449528,0.0,0.00001800,BTC,899.098,0.0,0.0001637,142
0.0,[],25,[],2019-02-03 02:18:13,0.0,0,0,6568700,2019-02-03 02:18:13,,0.0,0.0,0.0,btc,0.0,0.0,0.0,142
1,[],28,[],2019-02-03 02:18:15,78705.0,0.00002500,0.0000000008728325,6568701,2019-02-03 02:18:15,btc,0.0367822,1479.665,0.00002500,btc,730.0,0.0,0.0312237,142
0,[],22,[],2019-01-28 18:33:43,0.0,0,0,6521842,2019-01-28 18:33:43,,61.27958297,0.0,0,,815366265.8,0.0,0.0,143
1,[],21,[],2019-02-03 02:18:16,32675209.97157561,0.00000027,0.000000000009426591,6568702,2019-02-03 02:18:16,btc,52.865180422758854,3061290.03535941,0.00000027,btc,91205428.78843531,0.83431385,4.64558395150984,145
0,[],22,[],2019-02-03 02:18:18,0.0,0,0,6568703,2019-02-03 02:18:18,,4.58953651,0.0,0,,1925123.5,0.0,0.0,146
,[],22,[],2018-11-20 23:01:11,0.0,0,0,4862114,2018-11-20 23:01:11,,2.56807021,0.0,,,61828.4988236,0.0,0.0,147
1,[],12,[],2019-02-03 00:16:50,8691018.99801367,0.00000365000000000000020540752258824124254488197038881480693817138671875,0.000000000127316015,6568173,2019-02-03 00:16:50,btc,16.56564712746627,0.0,0.00000365000000000000020540752258824124254488197038881480693817138671875,btc,112319.49663261,9.048e-05,0.12364175000001171,148
1,[],4,[],2019-02-03 02:27:13,306042.43277379,0.00000037,0.000000000012906377,6568893,2019-02-03 02:27:13,btc,0.6875961683770753,0.0,0.00000037,btc,502571.3208287,0.00040399,0.0678840162441816,152
0,[],22,[],2019-02-03 02:27:18,0.0,0,0,6568894,2019-02-03 02:27:18,,0.0,0.0,0,,0.0,0.0,0.0,152
1,[],5,[],2019-02-03 02:18:24,0.0,0,0,6568706,2019-02-03 02:18:24,btc,4.41264381,0.0,0,btc,0.00161275,0.0,0.0,153
,[],16,[],2019-01-11 15:38:59,0.0,0,0,6366141,2019-01-11 15:38:59,btc,0.0,0.0,,btc,0.0,0.0,0.0,155
0,[],23,[],2019-01-20 23:24:29,0.0,0,0,6476932,2019-01-20 23:24:29,,0.0,0.0,0,,0.0,0.0,0.0,156
0,[],22,[],2019-02-03 02:27:21,0.0,0,0,6568895,2019-02-03 02:27:21,,6.73312347,0.0,0,,4564272.742592593,0.0,0.0,156
1,[],22,[],2019-02-03 02:29:23,0.0,0.00000801,0.000000000279405621,6568896,2019-02-03 02:29:23,BTC,0.0,0.0,0.00000801,BTC,0.0,0.0,0.0,157
0,[],22,[],2019-02-03 02:18:36,0.0,0,0,6568709,2019-02-03 02:18:36,,50175.6753658,0.0,0,,54007107.04179466,0.0,0.0,158
,[],17,[],2018-11-20 22:56:10,0.0,0,0,4861976,2018-11-20 22:56:10,btc,1.1265625,0.0,,btc,1000.0,0.0,0.0,159
,[],20,[],2018-11-20 22:56:12,0.0,0,0,4861977,2018-11-20 22:56:12,btc,11912.7940471,0.0,,btc,34413894.3617,0.0,0.0,159
1,[],12,[],2019-02-03 02:29:25,189233.34334092,0.00000802999999999999935075371826354029280992108397185802459716796875,0.00000000028010326299999997,6568897,2019-02-03 02:29:25,btc,6.689262374267147,0.0,0.00000802999999999999935075371826354029280992108397185802459716796875,btc,15042.67880282,0.0042925885972419,0.0880229714000085,168
1,[],17,[],2019-02-03 02:29:27,29784.95,0.000001,0.0000000000348821,6568898,2019-02-03 02:29:27,btc,0.03026736251542,0.0,0.000001,btc,144.46171372,0.0,0.00716147,168
1,[],22,[],2019-02-03 02:29:30,3800.0,0.00000001,0.000000000000348821,6568899,2019-02-03 02:29:30,BTC,1.13102814,0.0,0.00000001,BTC,689102.4758060451,0.0,3.8e-05,169
1,[],22,[],2019-02-03 02:18:45,70899.25161290323,0.00000031,0.000000000010823123,6568713,2019-02-03 02:18:45,BTC,10.3375624,0.0,0.00000031,BTC,127239.49798317606,0.00280467,0.01172837,171
1,[],22,[],2019-02-03 02:29:35,489268.5833333333,0.00000012,0.000000000004185852,6568900,2019-02-03 02:29:35,BTC,2.63950555,0.0,0.00000012,BTC,245666.90387703563,0.0,0.03726141,173
1,[],5,[],2019-02-03 02:18:51,3.619e-05,0.00000380,0.00000000013267054,6568715,2019-02-03 02:18:51,btc,0.36057956,0.00098892,0.00000380,btc,0.00032137,0.0,0.68170748,175
1,[],22,[],2019-02-03 02:29:39,49549.25714285715,0.0000004,0.00000000001395284,6568901,2019-02-03 02:29:39,BTC,0.6257983,0.0,0.0000004,BTC,161300.17417750834,5.28e-05,0.01679357,176
1,[],7,[],2019-02-03 02:29:40,0.0,0,0,6568902,2019-02-03 02:29:40,btc,233208.59190894547,1248.75124875,0,btc,116200784.21566916,1.249e-05,0.0,178
0,[],22,[],2019-02-03 02:29:42,0.0,0,0,6568903,2019-02-03 02:29:42,,1.00242428,0.0,0,,57512.0,0.0,0.0,178
0,[],2,[],2019-01-20 23:28:34,0.0,0,0,6477001,2019-01-20 23:28:34,,0.0,0.0,0,,0.0,0.0,0.0,178
1,[],5,[],2019-02-03 02:19:01,3e-08,0.00000002,0.000000000000698266,6568719,2019-02-03 02:19:01,btc,16.8443828,0.01253341,0.00000002,btc,2.088e-05,0.0,1.29675786,179
1,[],22,[],2019-02-03 02:19:09,7842183.0,0.00000003,0.000000000001047399,6568720,2019-02-03 02:19:09,BTC,5.52741121,0.0,0.00000003,"BTC,LTC",18415229.401989967,4.4e-07,0.38978517,179
0,[],23,[],2019-01-20 23:25:08,0.0,0,0,6476952,2019-01-20 23:25:08,,0.0,0.0,0,,0.0,0.0,0.0,179
1,[],17,[],2019-02-03 02:29:44,10504.725,0.0000001,0.00000000000348821,6568904,2019-02-03 02:29:44,btc,5.206166879877678,0.0,0.0000001,btc,6755.0074587,0.0,0.0010504725,180
1,[],22,[],2019-02-03 02:29:48,21043.945454545454,0.00000011,0.000000000003837031,6568905,2019-02-03 02:29:48,BTC,0.09769103,0.0,0.00000011,"BTC,LTC",18236.735742087763,7.697e-05,0.00222968,180
1,[],26,[],2019-02-03 02:29:48,0.0,0,0,6568906,2019-02-03 02:29:48,,0.0,0.0,0,,0.0,0.0,0.0,180
,[],7,[],2018-11-20 22:58:01,562227.975654,0.00000085,0.000000000036176765,4862015,2018-11-20 22:58:01,btc,21836.6059674,2491.87645172,,btc,749999.041456,0.00211021,0.127565380455,183
,[],5,[],2019-01-10 08:11:41,0.0,0,0,6347036,2019-01-10 08:11:41,btc,82.15055501,0.00261,,btc,1.19002445,0.0,0.0,187
,[],17,[],2018-11-16 20:58:10,4062536.27273,0.00000001,0.000000000000550501,4708775,2018-11-16 20:58:10,btc,3.36492563466,0.195460381006,,"btc,eth",110697919.549,0.0,0.0157628953496,187
1,[],24,[],2019-02-03 02:29:48,0.0,0.000000000001,3.4882100000000003e-17,6568907,2019-02-03 02:29:48,btc,0.0,0.0,0.000000000001,btc,0.0,0.0,0.0,187
0,[],22,[],2019-02-03 02:29:51,0.0,0,0,6568908,2019-02-03 02:29:51,,1.19382741,0.0,0,,13380.036201072173,0.0,0.0,191
0,[],22,[],2019-01-29 02:57:02,0.0,0,0,6524994,2019-01-29 02:57:02,,0.0,0.0,0,,0.0,0.0,0.0,197
1,[],26,[],2019-02-03 02:19:34,0.0,0,0,6568726,2019-02-03 02:19:34,,0.0,0.0,0,,0.0,0.0,0.0,199
0,[],23,[],2019-01-20 23:31:41,0.0,0,0,6477079,2019-01-20 23:31:41,,0.0,0.0,0,,0.0,0.0,0.0,199
0,[],17,[],2019-01-30 16:32:01,0.0,0,0,6540827,2019-01-30 16:32:01,btc,6.802544163788159,0.0,0,btc,105897.55575295,0.0,0.0,200
0,[],2,[],2019-01-20 23:30:49,0.0,0,0,6477059,2019-01-20 23:30:49,,0.0,0.0,0,,0.0,0.0,0.0,201
1,[],4,[],2019-01-25 15:51:35,2084389.58565343,0.00000936,0.000000000333526752,6499557,2019-01-25 15:51:35,btc,2.0092503037378524,0.0,0.00000936,btc,160195.80207885,0.19272417,1.242687955921835,211
1,[],7,[],2019-02-03 02:19:38,17243506.21598881,0.000001390000000000000032391082004090687718189656152389943599700927734375,0.000000000048529487,6568727,2019-02-03 02:19:38,btc,16567796.0059192,2084710.97516,0.000001390000000000000032391082004090687718189656152389943599700927734375,btc,12612438.21627702,0.0,8.836236989962774,212
1,[],12,[],2019-01-25 02:44:32,207462.42853209,0.000001080000000000000035831255497387193287295303889550268650054931640625,0.000000000038610756000000006,6493050,2019-01-25 02:44:32,btc,85023.03793723314,0.0,0.000001080000000000000035831255497387193287295303889550268650054931640625,btc,43675.73520027,0.000146250909087,0.0348620860622024,213
1,[],5,[],2019-02-03 02:29:55,5.29e-06,0.00000035,0.000000000012208735,6568909,2019-02-03 02:29:55,btc,1.1171131,0.01433044,0.00000035,btc,3.171e-05,0.0,0.40856568,213
1,[],24,[],2019-02-03 02:29:55,0.0,0.000000050000,0.000000000001744105,6568910,2019-02-03 02:29:55,btc,0.0,0.0,0.000000050000,btc,0.0,0.0,0.0,213
1,[],26,[],2019-02-03 02:29:55,0.0,0,0,6568911,2019-02-03 02:29:55,,0.0,0.0,0,,0.0,0.0,0.0,213
1,[],22,[],2019-02-03 02:19:44,276400.0,0.00000002,0.000000000000698266,6568731,2019-02-03 02:19:44,BTC,70.20492877,0.0,0.00000002,BTC,291693.63137942314,0.0,0.004714,216
1,[],27,[],2019-02-03 02:19:47,5050645.0,0.0000001,0.00000000000349133,6568732,2019-02-03 02:19:47,btc,313.98413178316,0.0,0.0000001,"btc,ltc",287018.13411,0.0,0.0510735,216
1,[],22,[],2019-02-03 02:30:04,247413.64680659148,0.00000235,0.000000000081972935,6568912,2019-02-03 02:30:04,BTC,12677.89608653,0.0,0.00000235,BTC,481215.35445181513,0.14090382,0.31956535,217
1,[],7,[],2019-02-03 02:30:05,0.0,0,0,6568913,2019-02-03 02:30:05,btc,77970.02600413912,0.0,0,btc,134531561.1214003,0.0,0.0,219
0,[],27,[],2019-02-03 02:30:08,0.0,0,0,6568914,2019-02-03 02:30:08,,0.0741038339680918,0.0,0,btc,1542429.2070951,0.0,0.0,219
0.0000000000000056,[],28,[],2019-02-03 02:30:22,205135012.733,6.16e-18,2.1487373600000005e-22,6568915,2019-02-03 02:30:22,doge,88554.0318717675,14107.0,0.00110000,"btc,doge",4969437.84751,0.0,3.063889635311647e-11,219
1,[],22,[],2019-02-03 02:30:27,203201.0,0.00000038,0.000000000013255198,6568916,2019-02-03 02:30:27,BTC,2.38800089,0.0,0.00000038,BTC,31842.55212317522,0.000165,0.02039238,221
1,[],24,[],2019-02-03 02:30:27,0.0,0.000000100000,0.00000000000348821,6568917,2019-02-03 02:30:27,btc,0.0,0.0,0.000000100000,btc,0.0,0.0,0.0,221
1,[],20,[],2019-02-03 02:30:30,2530030.4813,0.000000005,0.0000000000001744105,6568918,2019-02-03 02:30:30,btc,2.3434774576698,1713435.4972,0.000000005,btc,5427222.7722,0.0156281110734,0.0039117939252,224
0,[],22,[],2019-02-03 02:30:33,0.0,0,0,6568919,2019-02-03 02:30:33,,0.0,0.0,0,,0.0,0.0,0.0,224
1,[],26,[],2019-02-03 02:30:33,0.0,0,0,6568920,2019-02-03 02:30:33,,0.0,0.0,0,,0.0,0.0,0.0,231
1,[],26,[],2019-02-03 02:30:33,0.0,0,0,6568921,2019-02-03 02:30:33,,0.0,0.0,0,,0.0,0.0,0.0,234
0,[],27,[],2019-02-03 02:30:35,0.0,0,0,6568922,2019-02-03 02:30:35,,0.0113483662182,0.0,0,"btc,eth",11462.99618,0.0,0.0,234
0.0000000000988212,[],22,[],2019-02-03 02:30:40,8720000.0,9.88212e-19,3.44709098052e-23,6568923,2019-02-03 02:30:40,LTC,3.66946696,0.0,0.00000001,LTC,99030043.93217893,0.0,0.0872,235
1,[],4,[],2019-02-03 02:30:41,807774.97022455,0.00000070,0.00000000002441747,6568924,2019-02-03 02:30:41,btc,0.1766781333954717,0.0,0.00000070,btc,149516.20171649,0.04781589,0.1767003994610097,236
1,[],24,[],2019-02-03 02:30:41,0.0,0.000000010000,0.000000000000348821,6568925,2019-02-03 02:30:41,btc,0.0,0.0,0.000000010000,btc,0.0,0.0,0.0,236
1,[],20,[],2019-02-03 02:30:43,13107025.3876,0.000000066,0.0000000000023022186000000003,6568926,2019-02-03 02:30:43,btc,14.4135714473088,15795570.5537,0.000000066,btc,25600642.3041,1.0103496571751,0.3974943204126,237
1,[],22,[],2019-02-03 02:30:46,10000.0,0.00000001,0.000000000000348821,6568927,2019-02-03 02:30:46,BTC,0.04103605,0.0,0.00000001,BTC,6179.0,0.0,0.0001,237
1,[],4,[],2019-02-03 02:30:46,3227127.52850033,0.00000032,0.000000000011162272,6568928,2019-02-03 02:30:46,btc,0.5990254942939449,0.0,0.00000032,btc,1720392.25560529,0.36344783,0.9375454696481119,238
1,[],5,[],2019-02-03 02:30:48,3.64e-06,0.00000031,0.000000000010813451000000001,6568929,2019-02-03 02:30:48,btc,0.76163506,0.0818485,0.00000031,btc,2.906e-05,0.0,0.27111219,238
1,[],22,[],2019-02-03 02:30:52,249752.25,0.00000004,0.000000000001395284,6568930,2019-02-03 02:30:52,BTC,15.41538995,0.0,0.00000004,BTC,305689.9139027493,0.00030863,0.00799021,249
0.0000000000988212,[],22,[],2019-02-03 02:30:59,4179658.0,3.952848e-18,1.378836392208e-22,6568931,2019-02-03 02:30:59,LTC,0.78482199,0.0,0.00000004,LTC,14362861.015,0.0,0.12455864,252
1,[],28,[],2019-02-03 02:31:05,2353106.872,0.00000009,0.0000000000031393890000000002,6568932,2019-02-03 02:31:05,btc,164692.27472170623,207969.9816,0.00000009,btc,718339.3995,0.0,0.0817353362,256
1,[],22,[],2019-02-03 02:31:09,101597.57142857143,0.00000007,0.000000000002441747,6568933,2019-02-03 02:31:09,BTC,35605.56384387,0.0,0.00000007,BTC,505617.34188300685,0.00073598,0.00249905,258
1,[],22,[],2019-01-26 20:58:41,368451.0,0.00000001,0.000000000000356135,6510120,2019-01-26 20:58:41,BTC,2.642917,0.0,0.00000001,"BTC,LTC",1862.0,0.0,0.02488451,259
1,[],22,[],2019-02-03 02:31:13,1874.5321847690386,0.00000810,0.00000000028254501,6568934,2019-02-03 02:31:13,BTC,4.68960145,0.0,0.00000810,BTC,6366.988399675977,0.0,0.01502652,262
1,[],5,[],2019-02-03 02:31:14,7.642e-05,0.00000312,0.000000000108832152,6568935,2019-02-03 02:31:14,btc,1.2283033,0.18127311,0.00000312,btc,0.00100918,0.0,0.2795863,264
1,[],20,[],2019-02-03 02:31:16,1174931.8669,0.00000239,0.000000000083368219,6568936,2019-02-03 02:31:16,btc,4.9979805664334,4435.7203,0.00000239,btc,93186.1154,0.0196579543509,0.0335719760299,264
1,[],22,[],2019-02-03 02:31:19,139217.0,0.00000002,0.000000000000697642,6568937,2019-02-03 02:31:19,BTC,8.66233915,0.0,0.00000002,BTC,334094.0934647885,9.658e-05,0.00228671,271
0,[],22,[],2019-02-03 02:31:25,0.0,0,0,6568938,2019-02-03 02:31:25,,368.69624814,0.0,0,,14524919503.9,0.0,0.0,272
0.0000000000000056,[],28,[],2019-02-03 02:31:29,221560773280.48,5.8800000000000005e-21,2.0510674800000002e-25,6568939,2019-02-03 02:31:29,doge,299053866.77510875,1057298777.9,0.00000105,doge,195659357818.1598,0.0,7.112757359050669e-10,272
0,[],22,[],2019-02-03 02:31:32,0.0,0,0,6568940,2019-02-03 02:31:32,,0.0,0.0,0,,0.0,0.0,0.0,281
