pairValue,buyBook,exchangeId,sellBook,updated,buyTotal,satoshiPrice,usdPrice,exchangeLogId,created,bestPair,sellTotalBtc,volume,pairPrice,activePairs,sellTotal,volumeBtc,buyTotalBtc,coinId
1,[],3,[],2019-05-09 00:26:48,32373.516415254217,0.01150959000000000009844569603956188075244426727294921875,0.000000687190429581,7587902,2019-05-09 00:26:48,btc,8.867190172398217,12.0441856463,0.01150959000000000009844569603956188075244426727294921875,btc,26.846139481353003,0.0,0.60903297131654,1
1,[],4,[],2019-05-09 00:26:49,208067.8197401,0.01146950,0.00000068479682005,7587903,2019-05-09 00:26:49,btc,8.996276685955308,0.0,0.01146950,btc,401.94362141,1.82816221,4.359907877835085,1
1,[],5,[],2019-05-09 00:26:51,0.0,0,0,7587904,2019-05-09 00:26:51,btc,0.0,0.42142739,0,btc,0.0,0.0,0.0,1
1,[],10,[],2019-05-09 00:26:53,184919.95484718,0.01001393,0.0000005978907031870001,7587905,2019-05-09 00:26:53,btc,6524.9073803322435,1165.72024548,0.01001393,btc,1435.8158318,0.0,4.0086308182505785,1
1,[],12,[],2019-05-09 00:26:56,71.49456772,0.01128999999999999968858244159264359041117131710052490234375,0.000000674079611,7587906,2019-05-09 00:26:56,btc,0.19209947154600002,0.0,0.01128999999999999968858244159264359041117131710052490234375,btc,13.57198806,0.0669214636208,0.283138783108,1
1,[],20,[],2019-05-09 00:26:58,975.4981,0.010710363,0.0000006394718622417,7587907,2019-05-09 00:26:58,btc,0.1206780732312,0.0,0.010710363,btc,8.708,0.0,0.1769128521185,1
1,[],21,[],2019-05-09 00:26:59,1599.58732688,0.01135305999999999988780974292,0.0000006778446650540001,7587908,2019-05-09 00:26:59,btc,17.34749399782056,1527.3682457399998,0.01135305999999999988780974291557868127711117267608642578125,"btc,eth",1925.28353954,14.49737599778559,11.08603457590819,1
0,[],22,[],2019-05-09 00:27:03,0.0,0,0,7587909,2019-05-09 00:27:03,,0.3163308,0.0,0,,0.2527518593615956,0.0,0.0,1
1,[],24,[],2019-05-09 00:27:04,0.0,0.000000000000,0,7587910,2019-05-09 00:27:04,btc,0.0,0.0,0.000000000000,btc,0.0,0.0,0.0,1
0.0,[],25,[],2019-05-09 00:27:05,0.0,0,0,7587911,2019-05-09 00:27:05,btc,14.24999999940002,278.46491094,0.0,btc,1237.23469158,3.1913,0.0,1
1,[],26,[],2019-05-09 00:27:06,0.0,0,0,7587912,2019-05-09 00:27:06,,0.0,0.0,0,,0.0,0.0,0.0,1
1,[],28,[],2019-05-09 00:27:15,987.9,0.01131000,0.000000675273729,7587913,2019-05-09 00:27:15,btc,0.160832048,357574.3198,0.01131000,btc,8.7307,0.0,0.024551096,1
0,[],2,[],2019-01-20 23:28:45,0.0,0,0,6477011,2019-01-20 23:28:45,,0.0,0.0,0,,0.0,0.0,0.0,1
1,[],5,[],2019-05-09 00:27:17,0.0,0,0,7587914,2019-05-09 00:27:17,btc,0.0,1.04e-06,0,btc,0.0,0.0,0.0,2
1,[],22,[],2019-05-09 00:27:20,9148.0,0.00000001,0.000000000000597059,7587915,2019-05-09 00:27:20,BTC,21.00846647,0.0,0.00000001,"BTC,XMR",24148.96059725142,0.0,0.00095635,2
1,[],5,[],2019-05-09 00:27:22,0.0,0,0,7587916,2019-05-09 00:27:22,btc,0.0,0.76847297,0,btc,0.0,0.0,0.0,3
1,[],12,[],2019-05-09 00:27:23,2355625.03002,0.000000152,0.000000000009075296800000002,7587917,2019-05-09 00:27:23,btc,2714596.6398014724,0.0,0.000000152,btc,4089578.21523115,0.07830631291987324,0.24335332949278,3
0,[],28,[],2019-05-09 00:27:25,0.0,0,0,7587918,2019-05-09 00:27:25,,0.0,0.0,0,,0.0,0.0,0.0,3
0,[],2,[],2019-01-20 23:31:32,0.0,0,0,6477077,2019-01-20 23:31:32,,0.0,0.0,0,,0.0,0.0,0.0,4
1,[],4,[],2019-04-26 19:14:12,610911.70993152,0.00000026,0.000000000013566046,7471614,2019-04-26 19:14:12,btc,31.457742656463164,0.0,0.00000026,btc,718733.71307795,0.00142695,0.0638464483338706,4
0,[],12,[],2019-04-25 23:08:22,0.0,0,0,7459310,2019-04-25 23:08:22,btc,1111851.94727753,0.0,0,btc,953412.0,0.0,0.0,5
0,[],2,[],2019-01-20 23:31:51,0.0,0,0,6477087,2019-01-20 23:31:51,,0.0,0.0,0,,0.0,0.0,0.0,6
1,[],11,[],2019-05-09 00:27:26,5064415.307535999,0.00000001,0.000000000000597059,7587919,2019-05-09 00:27:26,btc,9576.546981859496,717767.0,0.00000001,btc,47358201.75253575,0.0,0.05064415307536,6
1,[],3,[],2019-05-09 00:27:27,11075.6641528803,0.0001708699999999999954124196843707750304020009934902191162109375,0.000000010201947133,7587920,2019-05-09 00:27:27,btc,19.044322355640514,42.9438395808,0.0001708699999999999954124196843707750304020009934902191162109375,btc,314.713226454214,0.0,0.030144076621937625,7
1,[],4,[],2019-05-09 00:27:27,42515.1697093,0.00018013,0.000000010754823767000001,7587921,2019-05-09 00:27:27,btc,8.615171995401882,0.0,0.00018013,btc,37352.86449473,2.99654016,3.8900510091720717,7
1,[],5,[],2019-05-09 00:27:29,0.0,0,0,7587922,2019-05-09 00:27:29,btc,0.0,0.29817223,0,btc,0.0,0.0,0.0,7
1,[],20,[],2019-04-07 22:06:50,3201475.0482,0.000000001,0.000000000000051590000000000004,7213932,2019-04-07 22:06:50,btc,30.8005781811902,0.0,0.000000001,btc,23077405.3926,0.0,0.0032014750482,8
0,[],2,[],2019-01-20 23:22:42,0.0,0,0,6476876,2019-01-20 23:22:42,,0.0,0.0,0,,0.0,0.0,0.0,9
0,[],23,[],2019-01-20 23:22:48,0.0,0,0,6476878,2019-01-20 23:22:48,,0.0,0.0,0,,0.0,0.0,0.0,9
1,[],4,[],2019-05-09 00:27:31,19942385.01230417,0.00000075,0.000000000044779425000000004,7587923,2019-05-09 00:27:31,btc,4.079096784600069,0.0,0.00000075,btc,3268656.86614783,0.57056333,0.4065766757464504,9
1,[],28,[],2019-05-09 00:27:40,18055.0,0.00000021,0.000000000012538239,7587924,2019-05-09 00:27:40,btc,2708.774353000864,3701459.0,0.00000021,btc,24560.2792,0.0,0.00186155,9
1,[],1,[],2019-02-17 23:31:42,1822507.21,0.00000181000000000000003456111265232042484285557293333113193511962890625,0.000000000066086901,6701244,2019-02-17 23:31:42,btc,3.6990969245,17153386.5,0.00000181000000000000003456111265232042484285557293333113193511962890625,btc,1997391.71,31.11772986,3.2610482446,9
1,[],4,[],2019-02-17 11:22:43,4341674.27126056,0.00000002,0.0000000000007272960000000001,6696112,2019-02-17 11:22:43,btc,0.1997230937751353,0.0,0.00000002,btc,4109766.79808031,0.00215132,0.0479381022052112,10
1,[],4,[],2019-05-09 00:27:41,10233184.59852928,0.00000095,0.000000000056720605000000006,7587925,2019-05-09 00:27:41,btc,7.448088316453844,0.0,0.00000095,btc,5201457.90880418,1.72547169,3.1936346279151655,12
1,[],5,[],2019-05-09 00:27:42,0.0,0,0,7587926,2019-05-09 00:27:42,btc,0.0,0.29292014,0,btc,0.0,0.0,0.0,12
0.0,[],25,[],2019-05-09 00:27:43,0.0,0,0,7587927,2019-05-09 00:27:43,,0.0,0.0,0.0,btc,0.0,0.0,0.0,12
0,[],2,[],2019-01-20 23:23:08,0.0,0,0,6476890,2019-01-20 23:23:08,,0.0,0.0,0,,0.0,0.0,0.0,12
1,[],4,[],2019-05-09 00:27:44,32074997.05721042,0.00000643,0.000000000383908937,7587928,2019-05-09 00:27:44,btc,3.201782632562004,0.0,0.00000643,btc,359749.2485837,0.42368574,1.3359051409601796,13
1,[],10,[],2019-05-09 00:27:47,535381.41344842,0.00000634,0.000000000378535406,7587929,2019-05-09 00:27:47,btc,666793.567522788,7335.34526191,0.00000634,btc,743127.34820695,0.0,0.4296199638057661,13
1,[],21,[],2019-05-09 00:27:48,4056974.33164533,0.000006499999999999999599983608461,0.00000000038808835,7587930,2019-05-09 00:27:48,btc,9.500898618921303,710916.15095285,0.0000064999999999999995999836084614731390729502891190350055694580078125,btc,1229426.27647193,4.5544606,20.300783636323178,13
1,[],4,[],2019-05-09 00:27:50,1055750.56525583,0.00000082,0.000000000048958838,7587931,2019-05-09 00:27:50,btc,6.29999349438653,0.0,0.00000082,btc,1266526.43845515,0.12342698,0.1836276043169671,14
1,[],12,[],2019-05-09 00:27:51,255130.21158969,0.00000085,0.000000000050750015,7587932,2019-05-09 00:27:51,btc,0.1182746777390876,0.0,0.00000085,btc,14579.91059467,0.0011531468531507,0.0286145399999796,14
1,[],26,[],2019-05-09 00:27:52,0.0,0.00000050,0.00000000002985295,7587933,2019-05-09 00:27:52,btc,0.0,0.0,0.00000050,btc,0.0,0.0,0.0,14
0,[],17,[],2019-05-03 00:53:32,0.0,0,0,7558876,2019-05-03 00:53:32,btc,0.0,0.0,0,btc,0.0,0.0,0.0,14
0,[],4,[],2019-05-09 00:27:53,0.0,0,0,7587934,2019-05-09 00:27:53,,0.0,0.0,0,,0.0,0.0,0.0,15
,[],12,[],2018-12-01 15:15:48,204241.84496,0.00000489,0.000000000202473384,5260204,2018-12-01 15:15:48,btc,49.5475654835,0.0,,btc,35763.2193806,0.0163153972027625,0.0203389899998,15
1,[],4,[],2019-05-09 00:27:54,29920.77159129,0.00001311,0.000000000782744349,7587935,2019-05-09 00:27:54,btc,1.108258725117309,0.0,0.00001311,btc,14159.95040513,0.00986618,0.0892097827160459,18
1,[],10,[],2019-05-09 00:27:56,168416.62937426,0.00001374,0.0000000008203590660000001,7587936,2019-05-09 00:27:56,btc,15.895894184232787,4688.11699134,0.00001374,btc,35399.2928161,0.0,0.5038363483236467,18
1,[],12,[],2019-05-09 00:27:56,221282.59778864,0.000013410000000000000356672157086901364664299762807786464691162109375,0.000000000800656119,7587937,2019-05-09 00:27:56,btc,33215.31901082233,0.0,0.000013410000000000000356672157086901364664299762807786464691162109375,btc,1147.18048086,9.5723377768e-05,0.0161232747843181,18
0,[],2,[],2019-01-20 23:23:38,0.0,0,0,6476906,2019-01-20 23:23:38,,0.0,0.0,0,,0.0,0.0,0.0,18
0,[],17,[],2019-05-03 00:53:39,0.0,0,0,7558882,2019-05-03 00:53:39,btc,0.0,0.0,0,btc,0.0,0.0,0.0,18
1,[],3,[],2019-05-09 00:27:58,157757.94442845215,0.000011140000000000000067641205137025650628856965340673923492431640625,0.0000000006651237260000001,7587938,2019-05-09 00:27:58,btc,0.2645584139067566,877.51601513,0.000011140000000000000067641205137025650628856965340673923492431640625,btc,7252.566877867577,0.0,0.04850935371455469,19
1,[],4,[],2019-05-09 00:27:59,441203.19007903,0.00001555,0.000000000928426745,7587939,2019-05-09 00:27:59,btc,3.908557816542176,0.0,0.00001555,btc,129545.99725297,0.56592391,1.22349567762138,19
1,[],5,[],2019-05-09 00:28:00,0.0,0,0,7587940,2019-05-09 00:28:00,btc,0.0,0.00130371,0,btc,0.0,0.0,0.0,19
1,[],12,[],2019-05-09 00:28:01,199469.10103607,0.000012999999999999999199967216922946278145900578238070011138916015625,0.0000000007761767,7587941,2019-05-09 00:28:01,btc,0.341443964472019,0.0,0.000012999999999999999199967216922946278145900578238070011138916015625,btc,2886.98387404,0.0115325997693741,0.0883595399995013,19
0,[],27,[],2019-05-09 00:28:10,0.0,0,0,7587942,2019-05-09 00:28:10,,0.0,0.0,0,btc,0.0,0.0,0.0,19
0,[],2,[],2019-01-20 23:24:19,0.0,0,0,6476924,2019-01-20 23:24:19,,0.0,0.0,0,,0.0,0.0,0.0,19
1,[],4,[],2019-05-09 00:28:12,1890069.11944487,0.00000011,0.0000000000065676490000000004,7587943,2019-05-09 00:28:12,btc,5.279279685630553,0.0,0.00000011,btc,2279170.28595418,0.0,0.0663675897814302,20
1,[],4,[],2019-05-09 00:28:13,75300989.78118359,0.00000001,0.000000000000597059,7587944,2019-05-09 00:28:13,btc,39189.189287328496,0.0,0.00000001,btc,55209530.48986641,0.0,0.7530098978118358,21
1,[],12,[],2019-05-09 00:28:15,5337423.0,0.00000001,0.000000000000597059,7587945,2019-05-09 00:28:15,btc,2895.662019010819,0.0,0.00000001,btc,7236925.79820176,6.05385314686e-05,0.05337423,21
0,[],17,[],2019-05-03 00:53:51,0.0,0,0,7558891,2019-05-03 00:53:51,btc,0.0,0.0,0,btc,0.0,0.0,0.0,21
1,[],12,[],2019-05-09 00:28:16,8188249999.808,0.0000000005,0.000000000000029852950000000006,7587946,2019-05-09 00:28:16,btc,311119441390.65924,0.0,0.0000000005,btc,2850161251.2421627,0.10168265049850153,1.959270566304,23
0.0000000002849811,[],27,[],2019-05-09 00:28:27,8828748.0,2.849811e-18,1.7015053058490002e-22,7587947,2019-05-09 00:28:27,eth,10182.646875566512,325006930.0,0.00000001,eth,4738424.6944,1.85241664838046e-09,2.5160263166628e-11,23
1,[],4,[],2019-05-09 00:28:28,855028.42386425,0.00000034,0.000000000020300006,7587948,2019-05-09 00:28:28,btc,14.033966908353227,0.0,0.00000034,btc,2076037.66468928,0.12946186,0.1062396393404063,24
1,[],22,[],2019-05-09 00:28:32,1021.76,0.00000100,0.0000000000597059,7587949,2019-05-09 00:28:32,BTC,7.415e-05,0.0,0.00000100,BTC,23.919354838709676,0.0,0.00011186,24
0.0,[],25,[],2019-05-09 00:28:33,0.0,0,0,7587950,2019-05-09 00:28:33,,0.0,0.0,0.0,btc,0.0,0.0,0.0,24
1,[],4,[],2019-05-09 00:28:34,26960743.84831609,0.00000524,0.000000000312858916,7587951,2019-05-09 00:28:34,btc,12.687262619434968,0.0,0.00000524,btc,322067.98810659,0.08152499,0.5623455778205843,26
1,[],10,[],2019-05-09 00:28:37,117479.56664008,0.00000852,0.000000000508694268,7587952,2019-05-09 00:28:37,btc,25.864825694297945,2890.06886396,0.00000852,btc,20006.96842861,0.0,0.0669973061004436,26
0,[],2,[],2019-01-20 23:25:56,0.0,0,0,6476976,2019-01-20 23:25:56,,0.0,0.0,0,,0.0,0.0,0.0,26
1,[],11,[],2019-04-30 04:16:17,7094566.83690364,0.00000006,0.000000000003115554,7518027,2019-04-30 04:16:17,btc,67504.138725751,6116.07566417,0.00000006,btc,6591680.7351637,0.0,0.38529422037817224,27
1,[],5,[],2019-04-26 09:47:06,0.0,0,0,7465326,2019-04-26 09:47:06,btc,0.0,0.0,0,btc,0.0,0.0,0.0,27
1,[],3,[],2019-04-28 02:38:55,141621.60361514,0.00000001,0.0000000000005253330000000001,7491060,2019-04-28 02:38:55,btc,2.501704004580372,921815.184511,0.00000001,btc,21091882.2176418,0.0,0.0014162160361513999,27
1,[],4,[],2019-05-09 00:28:38,1625640039.4580574,0.00000001,0.000000000000597059,7587953,2019-05-09 00:28:38,btc,5.046908913081688,0.0,0.00000001,"btc,ltc",278849258.0003889,0.62195023,10.58124226089655,29
1,[],7,[],2019-05-09 00:28:41,112858448.2164338,0.00000001,0.000000000000597059,7587954,2019-05-09 00:28:41,btc,46550610.51373718,320181.356643,0.00000001,btc,32819117.33227049,0.00640363,1.128584482164338,29
1,[],4,[],2019-05-09 00:28:42,1696408.8709739,0.00000012,0.0000000000071647080000000005,7587955,2019-05-09 00:28:42,btc,2.8578979031845626,0.0,0.00000012,btc,2538468.83395023,0.01687489,0.0544818749446512,30
0,[],17,[],2019-05-03 01:11:25,0.0,0,0,7559066,2019-05-03 01:11:25,btc,0.0,0.0,0,btc,0.0,0.0,0.0,30
1,[],4,[],2019-05-09 00:28:43,214959.90340494,0.00005880,0.00000000351070692,7587956,2019-05-09 00:28:43,btc,6.328777477037275,0.0,0.00005880,btc,60212.96134341,0.90671174,0.7494800701796759,31
1,[],21,[],2019-05-09 00:28:44,99173.26103469,0.00005920000000000000240328590362,0.0000000035345892800000004,7587957,2019-05-09 00:28:44,btc,2.0226163237137995,217741.87832977,0.00005920000000000000240328590361826854859828017652034759521484375,btc,30671.466087740002,13.37258251,5.383483431794948,31
0,[],2,[],2019-01-20 23:28:43,0.0,0,0,6477009,2019-01-20 23:28:43,,0.0,0.0,0,,0.0,0.0,0.0,32
0,[],4,[],2019-05-09 00:28:45,0.0,0,0,7587958,2019-05-09 00:28:45,,0.0,0.0,0,,0.0,0.0,0.0,33
1,[],12,[],2019-03-30 07:55:10,40641173.964,0.00000003,0.000000000001228359,7108785,2019-03-30 07:55:10,btc,4233210.82356125,0.0,0.00000003,btc,28378394.68333462,0.0126927883965248,0.90752895892,33
0,[],4,[],2019-05-09 00:28:46,0.0,0,0,7587959,2019-05-09 00:28:46,,3.7719754532821232,0.0,0,,151631896.96275812,0.00012248,0.0,34
1,[],5,[],2019-05-09 00:28:48,0.0,0,0,7587960,2019-05-09 00:28:48,btc,0.0,0.00565482,0,btc,0.0,0.0,0.0,34
0.000000000133684,[],4,[],2019-05-02 18:17:45,3384239970.6360936,1.3368400000000002e-18,7.293946092400001e-23,7556428,2019-05-02 18:17:45,ltc,5.381102735485169e-08,0.0,0.00000001,ltc,6862894551.7408495,0.0,4.524187362345155e-09,36
1,[],5,[],2019-05-02 18:17:46,0.0,0,0,7556429,2019-05-02 18:17:46,btc,0.0,0.0,0,btc,0.0,0.0,0.0,36
0.0000000002926451,[],17,[],2019-05-02 18:17:47,200000.0,2.9264510000000002e-18,1.596703856561e-22,7556430,2019-05-02 18:17:47,eth,0.20942468735267253,0.0,0.00000001,"btc,eth",1018272.20243647,0.0,5.852902e-13,36
0.000000000133684,[],27,[],2019-05-02 18:17:55,7883196.008,1.3368400000000002e-18,7.293946092400001e-23,7556431,2019-05-02 18:17:55,ltc,25567.4086131264,0.0,0.00000001,"ltc,eth",21753551.64,0.0,1.0538571751334722e-11,36
1,[],4,[],2019-05-09 00:28:49,418116.68873457,0.00000025,0.000000000014926475,7587961,2019-05-09 00:28:49,btc,19772.896013816237,0.0,0.00000025,btc,998389.39636836,0.01250025,0.0580021597533365,37
1,[],12,[],2019-05-09 00:28:49,1104453.0405555,0.00000025,0.000000000014926475,7587962,2019-05-09 00:28:49,btc,61604.96962247407,0.0,0.00000025,btc,567162.7852545,0.0447039861958389,0.1169386435794933,37
1,[],27,[],2019-05-09 00:28:57,1600.0,0.00000015,0.000000000008955885,7587963,2019-05-09 00:28:57,btc,24.12824334291843,0.0,0.00000015,btc,5839.49448498,0.0,3e-05,37
1,[],17,[],2019-05-03 01:11:36,211752.74075282,0.00000025,0.000000000013700074999999998,7559074,2019-05-03 01:11:36,btc,0.055484923955058496,0.0,0.00000025,"btc,eth",1387.19918473,0.0,0.0005381851887916605,37
1,[],5,[],2019-05-09 00:28:59,0.0,0,0,7587964,2019-05-09 00:28:59,btc,0.0,0.0361248,0,btc,0.0,0.0,0.0,42
1,[],12,[],2019-05-09 00:29:00,439400.6451809,0.00000200999999999999981375249820392259181289773550815880298614501953125,0.000000000120008859,7587965,2019-05-09 00:29:00,btc,1222239.0208699089,0.0,0.00000200999999999999981375249820392259181289773550815880298614501953125,btc,81195.84650027,0.3351254171330644,0.1480724498030153,42
1,[],27,[],2019-05-09 00:29:08,506.0,0.00000100,0.0000000000597059,7587966,2019-05-09 00:29:08,btc,1.80904801871465,0.0027843,0.00000100,"btc,eth",2429.32652545,7e-08,0.00010000000058894195,42
1,[],12,[],2019-03-13 09:13:29,1112112.0,0.00000001,0.000000000000386531,6919902,2019-03-13 09:13:29,btc,29058.00478931866,0.0,0.00000001,btc,5967681.93306694,9.99000999e-07,0.01112112,43
1,[],5,[],2019-04-26 22:38:52,0.0,0,0,7474154,2019-04-26 22:38:52,btc,0.0,0.02638891,0,btc,0.0,0.0,0.0,43
0,[],17,[],2019-04-26 22:38:53,0.0,0,0,7474155,2019-04-26 22:38:53,btc,0.0,0.0,0,btc,0.0,0.0,0.0,43
1,[],12,[],2019-03-05 01:54:08,639326.02,0.00000004,0.000000000001486676,6845775,2019-03-05 01:54:08,btc,11116042.728239931,0.0,0.00000004,btc,1103841.4595604,0.0003330765234764,0.014975410599999999,44
1,[],4,[],2019-05-09 00:29:09,131627836.57948934,0.00000001,0.000000000000597059,7587967,2019-05-09 00:29:09,btc,436.7740172183594,0.0,0.00000001,"btc,ltc",23259095.09584506,0.004667,0.2875419001037679,49
0.0000000001239623,[],4,[],2019-05-09 00:29:10,75692424.84412217,8.181511799999999e-17,4.8848452537962e-21,7587968,2019-05-09 00:29:10,ltc,21614.60525082522,0.0,0.00000066,ltc,98864698.39766738,0.0,1.7869830677995815e-09,52
0,[],22,[],2019-05-09 00:29:13,0.0,0,0,7587969,2019-05-09 00:29:13,,10304.87709543,0.0,0,,310505736.4566013,0.0,0.0,57
0.0000000002849811,[],27,[],2019-05-09 00:29:20,10000.0,2.849811e-18,1.7015053058490002e-22,7587970,2019-05-09 00:29:20,eth,0.0,0.0,0.00000001,"btc,eth",0.0,0.0,2.849811e-14,57
0.0000000001239623,[],4,[],2019-05-09 00:29:21,1071903079.1705447,1.2396229999999999e-18,7.40128068757e-23,7587971,2019-05-09 00:29:21,ltc,19.111262384299746,0.0,0.00000001,ltc,5681929593.76897,0.0,1.3287557107106282e-09,58
1,[],12,[],2019-05-09 00:29:22,1589919033.0,0.0000000001,0.000000000000005970590000000001,7587972,2019-05-09 00:29:22,btc,11897162.833364137,0.0,0.0000000001,btc,4342807995.534466,0.003469154599999992,0.15899190330000001,58
0.00000000011250589999999999,[],22,[],2019-05-09 00:29:26,137438.0,1.125059e-18,6.71726601481e-23,7587973,2019-05-09 00:29:26,XMR,69.17854956,0.0,0.00000001,XMR,9877516.6,0.0,0.00137438,58
1,[],17,[],2019-05-03 01:12:09,1200000.0,0.0000000001,0.00000000000000548003,7559085,2019-05-03 01:12:09,btc,1e+24,0.0,0.0000000001,"btc,eth",39516342.31952568,0.0,0.00010000000058666061,58
1,[],5,[],2019-05-09 00:29:27,0.0,0,0,7587974,2019-05-09 00:29:27,btc,0.0,2.063e-05,0,btc,0.0,0.0,0.0,61
1,[],22,[],2019-05-09 00:29:31,13613.833333333334,0.00000012,0.0000000000071647080000000005,7587975,2019-05-09 00:29:31,BTC,1002.29626883,0.0,0.00000012,BTC,15392.180177125656,0.0,0.00153269,61
1,[],26,[],2019-05-09 00:29:31,0.0,0.00000100,0.0000000000597059,7587976,2019-05-09 00:29:31,btc,0.0,0.0,0.00000100,btc,0.0,0.0,0.0,61
0.0000000002849811,[],27,[],2019-05-09 00:29:37,100000.0,2.849811e-18,1.7015053058490002e-22,7587977,2019-05-09 00:29:37,eth,1.9482732497246655,0.0,0.00000001,"btc,eth",13266.51663696,0.0,2.849811e-13,61
1,[],28,[],2019-05-09 00:29:47,1039.304,0.00000008,0.000000000004776472,7587978,2019-05-09 00:29:47,btc,2.056501795415105,862.0,0.00000008,btc,10022.46650005,0.0,2.439304e-05,61
1,[],4,[],2019-05-09 00:29:48,1254932.72315744,0.00000104,0.000000000062094136,7587979,2019-05-09 00:29:48,btc,1.1169710379886861,0.0,0.00000104,btc,451424.17638465,0.04840065,0.8313611728049525,67
0.0,[],25,[],2019-05-09 00:29:49,0.0,0,0,7587980,2019-05-09 00:29:49,,0.0,0.0,0.0,btc,0.0,0.0,0.0,67
1,[],12,[],2019-05-09 00:29:50,647283.33333333,0.00000016,0.000000000009552944,7587981,2019-05-09 00:29:50,btc,55556348.244011275,0.0,0.00000016,btc,1457820.08493944,0.0113671143956052,0.0233698199999996,71
,[],5,[],2018-11-20 23:02:39,1.5e-07,0.00000005,0.000000000002128045,4862160,2018-11-20 23:02:39,btc,2.84511358,0.0,,btc,0.00036572,0.0,0.07381892,74
1,[],5,[],2019-05-09 00:29:52,0.0,0,0,7587982,2019-05-09 00:29:52,btc,0.0,0.00274001,0,btc,0.0,0.0,0.0,75
0,[],4,[],2019-05-09 00:29:54,0.0,0,0,7587983,2019-05-09 00:29:54,,133697.76781629087,0.0,0,,35148991.36623591,0.0,0.0,81
0,[],20,[],2019-01-25 09:30:31,0.0,0,0,6495923,2019-01-25 09:30:31,btc,0.0,0.0,0,btc,0.0,0.0,0.0,81
1,[],4,[],2019-05-09 00:29:55,26860.85838084,0.00006789,0.000000004053433551,7587984,2019-05-09 00:29:55,btc,18.470000796357454,0.0,0.00006789,btc,23243.22056652,0.85118916,0.2675237431508668,82
1,[],21,[],2019-05-09 00:29:56,3254798.10657254,0.00006522000000000000236380359731,0.000000003894018798000001,7587985,2019-05-09 00:29:56,btc,3.586717204358463,10039.05656755,0.0000652200000000000023638035973050364191294647753238677978515625,btc,47206.24006375,0.66679333,1.8981026290874923,82
0,[],17,[],2019-03-25 22:42:34,0.0,0,0,7038780,2019-03-25 22:42:34,btc,0.0445064681804024,0.0,0,btc,995513.18476001,0.0,0.0,84
0.00000000013644,[],4,[],2019-05-01 19:17:39,299701867.376,1.3644e-18,7.259508504e-23,7542161,2019-05-01 19:17:39,ltc,1.6769037726995486,0.0,0.00000001,ltc,427823536.87452894,0.00010978,4.089132278478144e-10,85
,[],22,[],2018-11-20 23:09:34,3408.1,0.0000001,0.0000000000041895,4862324,2018-11-20 23:09:34,BTC,0.04624735,0.0,,BTC,4990.0,0.0,0.00033081,86
1,[],22,[],2019-05-09 00:30:00,89999.0,0.00000001,0.000000000000597059,7587986,2019-05-09 00:30:00,BTC,3.66432991,0.0,0.00000001,BTC,332904.29736842104,0.0,0.00089999,87
1,[],27,[],2019-05-09 00:30:09,10674.0,0.00000001,0.000000000000597059,7587987,2019-05-09 00:30:09,btc,4.960708560736,0.0,0.00000001,btc,10217.62841,0.0,0.00010674,87
,[],2,[],2018-11-20 23:10:47,0.0,0,0,4862359,2018-11-20 23:10:47,,0.0,0.0,,,0.0,0.0,0.0,88
1,[],11,[],2019-05-09 00:30:11,84115.0892294,0.000144059999999999999685529328274924409925006330013275146484375,0.000000008601231954,7587988,2019-05-09 00:30:11,btc,171.23741866607355,7082.20361284,0.000144059999999999999685529328274924409925006330013275146484375,btc,173285.41097647,0.0,5.196481276163837,89
0,[],2,[],2019-01-20 23:31:45,0.0,0,0,6477083,2019-01-20 23:31:45,,0.0,0.0,0,,0.0,0.0,0.0,91
1,[],12,[],2019-05-09 00:30:12,430964.99814854,0.00000066,0.000000000039405894000000004,7587989,2019-05-09 00:30:12,btc,89.71203079528914,0.0,0.00000066,btc,164922.17899308,0.002985803376612,0.0418214311999719,91
1,[],22,[],2019-05-09 00:30:17,76014.0,0.0000008,0.00000000004776472,7587990,2019-05-09 00:30:17,BTC,0.1,0.0,0.0000008,"BTC,LTC",1.0,0.0,0.0017135,91
0,[],17,[],2019-05-03 01:12:26,0.0,0,0,7559096,2019-05-03 01:12:26,btc,0.0,0.0,0,btc,0.0,0.0,0.0,91
1,[],22,[],2019-04-09 20:17:52,374949.73333333334,0.00000015,0.000000000007771935,7235704,2019-04-09 20:17:52,BTC,6.87372503,0.0,0.00000015,"BTC,LTC",159980.01196797504,1.1e-05,0.80510266,95
1,[],4,[],2019-05-09 00:30:20,552658461.3140272,0.00000001,0.000000000000597059,7587991,2019-05-09 00:30:20,btc,11.26405598874392,0.0,0.00000001,"btc,ltc",128606648.41405527,0.01798623,0.0005600095642718387,96
0,[],12,[],2019-05-09 00:30:21,0.0,0,0,7587992,2019-05-09 00:30:21,btc,25054.262754603616,0.0,0,btc,6745317.18081917,0.0010602873026973,0.0,96
0,[],17,[],2019-05-03 01:12:32,0.0,0,0,7559100,2019-05-03 01:12:32,btc,0.0,0.0,0,btc,0.0,0.0,0.0,96
1,[],4,[],2019-04-14 03:32:46,1039404.33283278,0.00000038,0.000000000019245518,7293458,2019-04-14 03:32:46,btc,4.170086055365747,0.0,0.00000038,btc,3097704.34561074,0.06260606,0.1859928211030784,99
0,[],2,[],2019-01-20 23:23:55,0.0,0,0,6476914,2019-01-20 23:23:55,,0.0,0.0,0,,0.0,0.0,0.0,100
1,[],4,[],2019-05-09 00:30:23,365358.57486283,0.00003528,0.0000000021064241520000002,7587993,2019-05-09 00:30:23,btc,7.0739582914777115,0.0,0.00003528,btc,121816.24015217,0.38955009,0.7284760170602353,100
1,[],22,[],2019-05-09 00:30:26,130000.0,0.00000001,0.000000000000597059,7587994,2019-05-09 00:30:26,BTC,24.83526409,0.0,0.00000001,BTC,11187.719,0.0,0.0013,101
1,[],4,[],2019-05-09 00:30:27,585085.93459114,0.00000541,0.000000000323008919,7587995,2019-05-09 00:30:27,btc,251.2895116742648,0.0,0.00000541,btc,401966.9826277,3.36194868,0.6754646315003503,103
1,[],12,[],2019-05-09 00:30:30,108584374.51292,0.000000005,0.0000000000002985295,7587996,2019-05-09 00:30:30,btc,468525131.29064274,0.0,0.000000005,btc,108631144.13686714,0.04220082195527553,0.20500134871276002,105
1,[],27,[],2019-05-09 00:30:38,11865.0,0.00000001,0.000000000000597059,7587997,2019-05-09 00:30:38,btc,0.0689357688051137,111.0,0.00000001,btc,864584.59450753,1.11e-06,0.00011865,105
1,[],22,[],2019-04-21 00:17:26,21333.0,0.00000001,0.000000000000532493,7385819,2019-04-21 00:17:26,BTC,51.38182867,0.0,0.00000001,BTC,470435.0,0.0,0.00021333,107
1,[],26,[],2019-04-21 00:17:26,0.0,0.00000000,0,7385820,2019-04-21 00:17:26,btc,0.0,0.0,0.00000000,btc,0.0,0.0,0.0,107
1,[],5,[],2019-05-09 00:30:40,0.0,0,0,7587998,2019-05-09 00:30:40,btc,0.0,0.0,0,btc,0.0,0.0,0.0,112
0,[],22,[],2019-05-09 00:30:43,0.0,0,0,7587999,2019-05-09 00:30:43,,2.79003697,0.0,0,,1380942.0833333333,0.0,0.0,112
1,[],27,[],2019-05-09 00:30:52,1.0,0.00000001,0.000000000000597059,7588000,2019-05-09 00:30:52,btc,1.25032588,0.0,0.00000001,"btc,eth",1819.0,0.0,1e-08,112
1,[],4,[],2019-05-09 00:30:53,336267.23031861,0.00000141,0.000000000084185319,7588001,2019-05-09 00:30:53,btc,4.80270425212674,0.0,0.00000141,btc,542506.28068984,0.05551903,0.201823073285232,113
1,[],5,[],2019-05-09 00:30:55,0.0,0,0,7588002,2019-05-09 00:30:55,btc,0.0,0.00098395,0,btc,0.0,0.0,0.0,113
1,[],17,[],2019-04-26 02:17:47,162738.278,0.00000004,0.0000000000021069000000000002,7461287,2019-04-26 02:17:47,btc,1.3331140273775473,0.0,0.00000004,btc,51796.221,0.0,0.00230953112,116
0,[],27,[],2019-04-26 02:19:51,0.0,0,0,7461288,2019-04-26 02:19:51,,0.0,0.0,0,,0.0,0.0,0.0,116
1,[],4,[],2019-05-07 20:09:28,131822.85721655,0.00001022,0.00000000060230548,7572994,2019-05-07 20:09:28,btc,132.18460413545117,0.0,0.00001022,btc,268070.13193351,0.06918336,1.0489745103085106,120
1,[],7,[],2019-05-07 20:09:30,9501.79941055,0.000011699999999999999788190263583231853772304020822048187255859375,0.0000000006895277999999999,7572995,2019-05-07 20:09:30,btc,231185.88817567716,62.23644451,0.000011699999999999999788190263583231853772304020822048187255859375,btc,4076.97424313,0.00072692,0.018013380795019,120
1,[],20,[],2019-04-07 18:42:29,1914137.0852,0.000000035,0.0000000000017871910000000002,7211992,2019-04-07 18:42:29,btc,32.2497668025648,25528.85,0.000000035,btc,1001975.4986,0.00089350975,0.0152723574729,125
1,[],22,[],2019-05-09 00:30:59,110000.0,0.00000001,0.000000000000597059,7588003,2019-05-09 00:30:59,BTC,0.032061,0.0,0.00000001,BTC,299316.7611111111,0.0,0.0011,126
1,[],4,[],2019-05-09 00:31:00,1854026.27599151,0.00000910,0.00000000054332369,7588004,2019-05-09 00:31:00,btc,3.3015529403340587,0.0,0.00000910,btc,158775.05229167,0.12164914,0.4553072680607899,131
0,[],2,[],2019-01-20 23:25:46,0.0,0,0,6476969,2019-01-20 23:25:46,,0.0,0.0,0,,0.0,0.0,0.0,131
1,[],17,[],2019-05-03 01:13:10,10000.0,0.00000001,0.000000000000548003,7559115,2019-05-03 01:13:10,btc,0.0953976503951408,0.0,0.00000001,btc,5037.62507334,0.0,0.0001,131
1,[],4,[],2019-05-09 00:31:01,4705.57505083,0.00012885,0.000000007693105215000001,7588005,2019-05-09 00:31:01,btc,6.011524429072436,0.0,0.00012885,btc,191.61415747,0.0,0.0074617379589255,135
1,[],3,[],2019-05-09 00:31:02,530498.0,0.00000001,0.000000000000597059,7588006,2019-05-09 00:31:02,btc,0.1029057631805504,129896.5,0.00000001,btc,1124104.34967245,0.0,0.00530498,136
1,[],4,[],2019-05-09 00:31:03,3580903.04917718,0.00000214,0.000000000127770626,7588007,2019-05-09 00:31:03,btc,319.75511938518684,0.0,0.00000214,btc,532791.85548474,0.00454303,0.8089430526558082,137
1,[],12,[],2019-05-09 00:31:03,331350.45035309,0.00000206000000000000018206681821897330308956952649168670177459716796875,0.00000000012299415400000001,7588008,2019-05-09 00:31:03,btc,48520.499792305774,0.0,0.00000206000000000000018206681821897330308956952649168670177459716796875,btc,40862.24229997,3.105e-05,0.0375889299999236,137
1,[],4,[],2019-05-09 00:31:04,48563.7114372,0.00003523,0.000000002103438857,7588009,2019-05-09 00:31:04,btc,5.154008179854204,0.0,0.00003523,btc,70970.74237957,0.49554194,0.3521703292595269,142
1,[],5,[],2019-05-09 00:31:05,0.0,0,0,7588010,2019-05-09 00:31:05,btc,0.0,0.16638357,0,btc,0.0,0.0,0.0,142
1,[],20,[],2019-05-09 00:31:07,167400.1558,0.00003401,0.000000002030597659,7588011,2019-05-09 00:31:07,btc,1.7087664433938,0.0,0.00003401,btc,8218.5298,0.0,0.059910777406,142
1,[],22,[],2019-05-09 00:31:10,1370.0,0.00000200,0.0000000001194118,7588012,2019-05-09 00:31:10,BTC,3.2756588,0.0,0.00000200,BTC,1135.5948275773155,0.0,0.0003632,142
0.0,[],25,[],2019-05-09 00:31:12,0.0,0,0,7588013,2019-05-09 00:31:12,,0.0,0.0,0.0,btc,0.0,0.0,0.0,142
1,[],28,[],2019-05-09 00:31:22,79102.0,0.00003311,0.000000001976862349,7588014,2019-05-09 00:31:22,btc,0.0632226924,233867.0,0.00003311,btc,611.87303,0.0,0.07347342,142
1,[],17,[],2019-05-03 01:13:16,32967.38636364,0.00000088,0.000000000048224264,7559122,2019-05-03 01:13:16,btc,20.06976206696776,0.0,0.00000088,btc,2746.079105,0.0,0.0105613000000032,142
0,[],22,[],2019-05-09 00:31:24,0.0,0,0,7588015,2019-05-09 00:31:24,,66.66505393,0.0,0,,938775805.8,0.0,0.0,143
0,[],22,[],2019-02-25 15:42:22,0.0,0,0,6783783,2019-02-25 15:42:22,,4.2131946,0.0,0,,2322156.0,0.0,0.0,146
,[],22,[],2018-11-20 23:01:11,0.0,0,0,4862114,2018-11-20 23:01:11,,2.56807021,0.0,,,61828.4988236,0.0,0.0,147
1,[],12,[],2019-04-21 06:38:04,193091.5971266,0.00000071,0.000000000037635183,7388679,2019-04-21 06:38:04,btc,2.301232411611175,0.0,0.00000071,btc,9957.48302385,0.00023528,0.0313308199999888,148
1,[],4,[],2019-03-19 21:31:25,255810.0415942,0.00000029,0.000000000011615747,6982695,2019-03-19 21:31:25,btc,218.94922712414143,0.0,0.00000029,btc,793529.37642722,0.00117,0.0608347789473395,152
0,[],22,[],2019-03-19 21:31:27,0.0,0,0,6982696,2019-03-19 21:31:27,,0.0,0.0,0,,0.0,0.0,0.0,152
1,[],5,[],2019-04-26 09:36:59,0.0,0,0,7465040,2019-04-26 09:36:59,btc,0.0,0.0,0,btc,0.0,0.0,0.0,153
,[],16,[],2019-01-11 15:38:59,0.0,0,0,6366141,2019-01-11 15:38:59,btc,0.0,0.0,,btc,0.0,0.0,0.0,155
0,[],23,[],2019-01-20 23:24:29,0.0,0,0,6476932,2019-01-20 23:24:29,,0.0,0.0,0,,0.0,0.0,0.0,156
0,[],22,[],2019-05-09 00:31:27,0.0,0,0,7588016,2019-05-09 00:31:27,,6.80191271,0.0,0,,4673448.342592592,0.0,0.0,156
1,[],22,[],2019-05-09 00:31:30,7066.0,0.00000800,0.0000000004776472,7588017,2019-05-09 00:31:30,BTC,1.79802465,0.0,0.00000800,BTC,802.6461988741639,0.0,0.00062996,157
0,[],22,[],2019-05-07 22:25:46,0.0,0,0,7574238,2019-05-07 22:25:46,,50234.60468402,0.0,0,,54786159.03179465,0.0,0.0,158
,[],17,[],2018-11-20 22:56:10,0.0,0,0,4861976,2018-11-20 22:56:10,btc,1.1265625,0.0,,btc,1000.0,0.0,0.0,159
,[],20,[],2018-11-20 22:56:12,0.0,0,0,4861977,2018-11-20 22:56:12,btc,11912.7940471,0.0,,btc,34413894.3617,0.0,0.0,159
1,[],12,[],2019-05-09 00:31:31,263006.33330063,0.00000391999999999999973790930363204410014077438972890377044677734375,0.000000000234047128,7588018,2019-05-09 00:31:31,btc,23.16981701055036,0.0,0.00000391999999999999973790930363204410014077438972890377044677734375,btc,11507.35731562,0.002064806894234,0.0496349492629272,168
1,[],17,[],2019-05-03 01:13:36,42852.0,0.00000002,0.000000000001096006,7559132,2019-05-03 01:13:36,btc,0.04279856251542,0.0,0.00000002,btc,274.46171372,0.0,0.00052852,168
1,[],22,[],2019-05-07 03:57:18,743122.0,0.00000001,0.000000000000593596,7562020,2019-05-07 03:57:18,BTC,41.40912107,0.0,0.00000001,BTC,1593401.2737547632,0.00342649,0.00743122,169
1,[],22,[],2019-05-09 00:31:35,225990.0,0.00000018,0.000000000010747062,7588019,2019-05-09 00:31:35,BTC,30.19032405,0.0,0.00000018,BTC,446923.58201967884,0.00047556,0.0044708,171
1,[],22,[],2019-05-09 00:31:39,355923.2,0.0000001,0.00000000000597059,7588020,2019-05-09 00:31:39,BTC,823.66816488,0.0,0.0000001,"BTC,LTC",673809.8676736787,0.00018098,0.01373235,173
1,[],5,[],2019-05-06 19:49:32,0.0,0,0,7559281,2019-05-06 19:49:32,btc,0.0,0.00023336,0,btc,0.0,0.0,0.0,175
1,[],22,[],2019-05-09 00:31:42,90671.0,0.00000001,0.000000000000597059,7588021,2019-05-09 00:31:42,BTC,394.0276142,0.0,0.00000001,BTC,136275.61833431243,0.0,0.00090671,176
1,[],7,[],2019-05-09 00:31:44,0.0,0,0,7588022,2019-05-09 00:31:44,btc,520269.7508749689,51004.995005,0,btc,17725237.21829177,0.00051005,0.0,178
0,[],22,[],2019-05-09 00:31:46,0.0,0,0,7588023,2019-05-09 00:31:46,,1.00242428,0.0,0,,57512.0,0.0,0.0,178
0,[],2,[],2019-01-20 23:28:34,0.0,0,0,6477001,2019-01-20 23:28:34,,0.0,0.0,0,,0.0,0.0,0.0,178
0,[],23,[],2019-01-20 23:25:08,0.0,0,0,6476952,2019-01-20 23:25:08,,0.0,0.0,0,,0.0,0.0,0.0,179
1,[],5,[],2019-05-09 00:31:47,0.0,0,0,7588024,2019-05-09 00:31:47,btc,0.0,0.0135181,0,btc,0.0,0.0,0.0,179
1,[],22,[],2019-05-09 00:31:50,3039488.0,0.00000001,0.000000000000597059,7588025,2019-05-09 00:31:50,BTC,5.33219583,0.0,0.00000001,BTC,14002478.411946677,0.0,0.03039488,179
1,[],22,[],2019-05-09 00:31:55,648570.221048321,0.00000185,0.000000000110455915,7588026,2019-05-09 00:31:55,BTC,39.26774161,0.0,0.00000185,"BTC,LTC",45650.840711375655,0.27385794,0.56533989,180
1,[],26,[],2019-05-09 00:31:55,0.0,0.00000120,0.00000000007164708,7588027,2019-05-09 00:31:55,btc,0.0,0.0,0.00000120,btc,0.0,0.0,0.0,180
1,[],17,[],2019-05-03 01:13:56,20504.725000000002,0.0000001,0.00000000000548003,7559141,2019-05-03 01:13:56,btc,5.2010695838400265,0.0,0.0000001,btc,5033.45945,0.0,0.0011504725,180
,[],7,[],2018-11-20 22:58:01,562227.975654,0.00000085,0.000000000036176765,4862015,2018-11-20 22:58:01,btc,21836.6059674,2491.87645172,,btc,749999.041456,0.00211021,0.127565380455,183
,[],5,[],2019-01-10 08:11:41,0.0,0,0,6347036,2019-01-10 08:11:41,btc,82.15055501,0.00261,,btc,1.19002445,0.0,0.0,187
1,[],24,[],2019-04-30 17:34:05,0.0,0.000000000014,7.396256000000001e-16,7526291,2019-04-30 17:34:05,btc,0.0,0.0,0.000000000014,btc,0.0,0.0,0.0,187
,[],17,[],2018-11-16 20:58:10,4062536.27273,0.00000001,0.000000000000550501,4708775,2018-11-16 20:58:10,btc,3.36492563466,0.195460381006,,"btc,eth",110697919.549,0.0,0.0157628953496,187
0,[],22,[],2019-04-25 02:54:07,0.0,0,0,7447896,2019-04-25 02:54:07,,7.54794454,0.0,0,,76361.7243344055,0.0,0.0,191
0,[],22,[],2019-05-09 00:31:59,0.0,0,0,7588028,2019-05-09 00:31:59,,0.0,0.0,0,,0.0,0.0,0.0,197
0,[],23,[],2019-01-20 23:31:41,0.0,0,0,6477079,2019-01-20 23:31:41,,0.0,0.0,0,,0.0,0.0,0.0,199
0.0000000001239623,[],22,[],2019-05-09 00:32:06,54733331.0,2.4792459999999998e-18,1.480256137514e-22,7588029,2019-05-09 00:32:06,LTC,18.75588347,0.0,0.00000002,LTC,35265414.0,2.4792459999999997e-15,0.64066281,199
1,[],26,[],2019-05-09 00:32:07,0.0,0.00000000,0,7588030,2019-05-09 00:32:07,btc,0.0,0.0,0.00000000,btc,0.0,0.0,0.0,199
0,[],2,[],2019-01-20 23:30:49,0.0,0,0,6477059,2019-01-20 23:30:49,,0.0,0.0,0,,0.0,0.0,0.0,201
1,[],4,[],2019-01-25 15:51:35,2084389.58565343,0.00000936,0.000000000333526752,6499557,2019-01-25 15:51:35,btc,2.0092503037378524,0.0,0.00000936,btc,160195.80207885,0.19272417,1.242687955921835,211
1,[],7,[],2019-05-09 00:32:10,14520169.31455645,0.00000088,0.000000000052541192000000003,7588031,2019-05-09 00:32:10,btc,15559125.548162356,131468.529441,0.00000088,btc,11494344.0875238,0.0,1.7057550453408128,212
1,[],5,[],2019-05-07 13:02:51,0.0,0,0,7566706,2019-05-07 13:02:51,btc,0.0,0.43032184,0,btc,0.0,0.0,0.0,213
1,[],24,[],2019-05-07 13:02:52,0.0,0.000000050000,0.000000000002968865,7566707,2019-05-07 13:02:52,btc,0.0,0.0,0.000000050000,btc,0.0,0.0,0.0,213
1,[],26,[],2019-05-07 13:02:52,0.0,0.00000040,0.00000000002375092,7566708,2019-05-07 13:02:52,btc,0.0,0.0,0.00000040,btc,0.0,0.0,0.0,213
1,[],12,[],2019-01-25 02:44:32,207462.42853209,0.000001080000000000000035831255497387193287295303889550268650054931640625,0.000000000038610756000000006,6493050,2019-01-25 02:44:32,btc,85023.03793723314,0.0,0.000001080000000000000035831255497387193287295303889550268650054931640625,btc,43675.73520027,0.000146250909087,0.0348620860622024,213
0,[],22,[],2019-05-09 00:32:12,0.0,0,0,7588032,2019-05-09 00:32:12,,9.57944616,0.0,0,,2240817.094064925,0.0,0.0,216
1,[],27,[],2019-05-09 00:32:29,28596.0,0.00000001,0.000000000000597059,7588033,2019-05-09 00:32:29,btc,62.55861639203932,2000.0,0.00000001,"btc,ltc",219476.557308,2e-05,0.00028596,216
1,[],22,[],2019-05-09 00:32:32,304036.3644297763,0.00000135,0.000000000080602965,7588034,2019-05-09 00:32:32,BTC,12055.03780849,0.0,0.00000135,BTC,453974.4160542664,0.01513056,0.07389147,217
1,[],7,[],2019-05-09 00:32:33,0.0,0,0,7588035,2019-05-09 00:32:33,btc,111302.55947335159,0.0,0,btc,136862970.83745575,0.0,0.0,219
0,[],27,[],2019-05-09 00:32:41,0.0,0,0,7588036,2019-05-09 00:32:41,,0.05960067,0.0,0,btc,1692528.0,0.0,0.0,219
0.0000000000000043000000000000005,[],28,[],2019-05-09 00:32:55,487474352.014,2.58e-18,1.5404122200000002e-22,7588037,2019-05-09 00:32:55,doge,3650139.884680157,30292.2743,0.00060000,"btc,doge",45067675.3823,0.0,2.326169072291175e-11,219
1,[],22,[],2019-05-09 00:32:58,398200.0,0.00000004,0.000000000002388236,7588038,2019-05-09 00:32:58,BTC,56.8288224,0.0,0.00000004,BTC,148582.84827387411,0.0,0.012982,221
1,[],24,[],2019-05-09 00:32:58,0.0,0.000000010000,0.000000000000597059,7588039,2019-05-09 00:32:58,btc,0.0,0.0,0.000000010000,btc,0.0,0.0,0.0,221
1,[],20,[],2019-05-09 00:33:00,18195625.8671,0.00000001,0.000000000000597059,7588040,2019-05-09 00:33:00,btc,100092.86816326622,341887.8181,0.00000001,btc,23102075.9048,0.0032607659991,0.0886293662482,224
0,[],22,[],2019-05-09 00:33:02,0.0,0,0,7588041,2019-05-09 00:33:02,,0.0,0.0,0,,0.0,0.0,0.0,224
1,[],26,[],2019-05-09 00:33:03,0.0,0.00000026,0.000000000015523534,7588042,2019-05-09 00:33:03,btc,0.0,0.0,0.00000026,btc,0.0,0.0,0.0,231
1,[],26,[],2019-05-09 00:33:03,0.0,0.00000005,0.000000000002985295,7588043,2019-05-09 00:33:03,btc,0.0,0.0,0.00000005,btc,0.0,0.0,0.0,234
0.0000000002849811,[],27,[],2019-05-09 00:33:11,10000.0,2.849811e-18,1.7015053058490002e-22,7588044,2019-05-09 00:33:11,eth,0.01134836604,0.0,0.00000001,"btc,eth",11462.996,0.0,2.849811e-14,234
1,[],4,[],2019-04-29 21:02:20,217188.93193785,0.00000080,0.00000000004151584,7514327,2019-04-29 21:02:20,btc,5.239800103892936,0.0,0.00000080,btc,797346.30008933,0.0,0.0590549781555679,236
1,[],24,[],2019-04-29 21:02:20,0.0,0.000000100000,0.00000000000518948,7514328,2019-04-29 21:02:20,btc,0.0,0.0,0.000000100000,btc,0.0,0.0,0.0,236
1,[],5,[],2019-05-06 20:53:15,0.0,0,0,7559637,2019-05-06 20:53:15,btc,0.0,0.20253514,0,btc,0.0,0.0,0.0,237
1,[],20,[],2019-05-06 20:53:18,38173217.6136,0.000000083,0.0000000000047460728,7559638,2019-05-06 20:53:18,btc,21342.514614200165,8832375.7238,0.000000083,btc,27701499.3386,0.7554403456107,1.3621107610479,237
1,[],22,[],2019-05-06 20:53:20,343938.0,0.00000009,0.000000000005146344,7559639,2019-05-06 20:53:20,BTC,1.20267422,0.0,0.00000009,BTC,17930.94871794872,0.0,0.01017442,237
1,[],4,[],2019-05-09 00:33:12,24513301.27407187,0.00000015,0.000000000008955885,7588045,2019-05-09 00:33:12,btc,3.371677569199677,0.0,0.00000015,btc,9241425.96160984,0.14425259,1.1196154349389118,238
1,[],5,[],2019-05-09 00:33:14,0.0,0,0,7588046,2019-05-09 00:33:14,btc,0.0,0.01165318,0,btc,0.0,0.0,0.0,238
0,[],22,[],2019-03-12 16:49:32,0.0,0,0,6914458,2019-03-12 16:49:32,,0.40415746,0.0,0,,526736.5639027493,0.0,0.0,249
0,[],22,[],2019-05-09 00:33:16,0.0,0,0,7588047,2019-05-09 00:33:16,,3.66371783,0.0,0,,30800729.985502645,0.0,0.0,252
1,[],28,[],2019-05-09 00:33:24,41587785.199,0.00000036,0.000000000021494124,7588048,2019-05-09 00:33:24,btc,43891.96908213952,157912.21,0.00000036,btc,2933954.3165,0.0,0.6133597971,256
1,[],22,[],2019-05-09 00:33:27,1088993.5,0.00000002,0.000000000001194118,7588049,2019-05-09 00:33:27,BTC,21.88116616,0.0,0.00000002,BTC,522884.63333384093,0.0,0.01124633,258
1,[],22,[],2019-03-13 00:07:30,47146.0,0.00000001,0.000000000000387233,6917028,2019-03-13 00:07:30,BTC,2.415167,0.0,0.00000001,BTC,157.0,0.0,0.00047146,259
1,[],5,[],2019-05-09 00:33:29,0.0,0,0,7588050,2019-05-09 00:33:29,btc,0.0,0.24196676,0,btc,0.0,0.0,0.0,264
1,[],20,[],2019-05-09 00:33:31,1289889.6019,0.000000502,0.0000000000299723618,7588051,2019-05-09 00:33:31,btc,4.9333505526551,67513.776,0.000000502,btc,88364.0842,0.0831061496523,0.0218785327776,264
0,[],22,[],2019-04-12 17:57:27,0.0,0,0,7278186,2019-04-12 17:57:27,,66.37522201,0.0,0,,677842.4169881374,0.0,0.0,271
0,[],22,[],2019-05-09 00:33:33,0.0,0,0,7588052,2019-05-09 00:33:33,,33051802.3172899,0.0,0,,15696307799.7,0.0,0.0,272
0.0000000000000043000000000000005,[],28,[],2019-05-09 00:33:41,402839000665.5,9.46e-22,5.64817814e-26,7588053,2019-05-09 00:33:41,doge,26560043.884901863,36326069580.621,0.00000022,doge,365363950040.561,0.0,2.1979400206425701e-10,272
1,[],22,[],2019-05-09 00:33:45,171499.7,0.00000014,0.000000000008358826,7588054,2019-05-09 00:33:45,BTC,427.42495672,0.0,0.00000014,BTC,249705.37764460206,0.0,0.00967418,281
1,[],22,[],2019-05-09 00:33:50,610237.6,0.00000002,0.000000000001194118,7588055,2019-05-09 00:33:50,BTC,536.90453142,0.0,0.00000002,"BTC,LTC",590775.6256135202,0.00070558,0.01735607,286
0,[],22,[],2019-05-09 00:33:52,0.0,0,0,7588056,2019-05-09 00:33:52,,7337892.38050348,0.0,0,,1357674043.2797825,0.0,0.0,294
