pairValue,buyBook,exchangeId,sellBook,updated,buyTotal,satoshiPrice,usdPrice,exchangeLogId,created,bestPair,sellTotalBtc,volume,pairPrice,activePairs,sellTotal,volumeBtc,buyTotalBtc,coinId
1,[],3,[],2019-01-24 18:27:02,99.337709891538,0.01261209999999999935293981678796626511029899120330810546875,0.00000044865527814,6488923,2019-01-24 18:27:02,btc,106.96090851959929,0.0,0.01261209999999999935293981678796626511029899120330810546875,btc,13.459251495751001,0.0,0.11752683607372917,1
1,[],4,[],2019-01-24 18:27:03,25085.38493932,0.01262453,0.000000449097455502,6488924,2019-01-24 18:27:03,btc,1.1637138240456046,0.0,0.01262453,btc,87.74614558,1.0680761,1.3303486795550998,1
1,[],5,[],2019-01-24 18:27:05,0.19708951,0.01232203,0.000000438336502002,6488925,2019-01-24 18:27:05,btc,14578.45690926,0.07656697,0.01232203,btc,35555556.27186359,0.0,1.25290012,1
1,[],10,[],2019-01-24 18:27:07,269268.03815934,0.01230061,0.000000437574519774,6488926,2019-01-24 18:27:07,btc,6366.141964193527,1226.24944619,0.01230061,btc,909.73617314,0.0,2.313598891336013,1
1,[],12,[],2019-01-24 18:27:11,10372.00123779,0.0123599999999999994593213870075487648136913776397705078125,0.00000043968722400000003,6488927,2019-01-24 18:27:11,btc,0.4191799419275,0.0,0.0123599999999999994593213870075487648136913776397705078125,btc,27.03721208,0.3084479495044,0.1132313277745,1
1,[],20,[],2019-01-24 18:27:12,1344.3693,0.010510001,0.0000003738764695734,6488928,2019-01-24 18:27:12,btc,0.0746164438962,0.0,0.010510001,btc,3.5114,0.0,0.0888300480751,1
0.0000000003247982,[],21,[],2019-01-24 18:27:13,2333.21192813,0.0000000001026362312,0.00000000000000365111970697008,6488929,2019-01-24 18:27:13,eth,21.739307866030433,2643.70512631,0.316000000000000003108624468950438313186168670654296875,"btc,eth",2018.99174891,31.05194164,25.191434263433006,1
1,[],22,[],2019-01-24 18:27:31,0.0363776,0.01400000,0.0000004980276,6488930,2019-01-24 18:27:31,BTC,0.312,0.0,0.01400000,BTC,0.031,0.0,0.00048472,1
1,[],24,[],2019-01-24 18:27:31,0.0,0.000000000000,0,6488931,2019-01-24 18:27:31,btc,0.0,0.0,0.000000000000,btc,0.0,0.0,0.0,1
1,[],25,[],2019-01-24 18:27:32,325.77108518,0.01280713,0.000000455593158342,6488932,2019-01-24 18:27:32,btc,24.641099998327487,853.63336657,0.01280713,btc,1879.60415717,11.0685,3.9949999996067036,1
1,[],28,[],2019-01-24 18:27:36,987.9,0.01131000,0.00000040233515400000004,6488933,2019-01-24 18:27:36,btc,0.162839806,34080.9,0.01131000,btc,8.9,0.0,0.024551096,1
0,[],2,[],2019-01-20 23:28:45,0.0,0,0,6477011,2019-01-20 23:28:45,,0.0,0.0,0,,0.0,0.0,0.0,1
,[],26,[],2018-11-28 08:36:25,0.0,0.02269021,0.000000905623006625,5137884,2018-11-28 08:36:25,btc,0.0,2559.40051283,,btc,0.0,0.0,0.0,1
1,[],5,[],2019-01-24 19:08:25,1.682e-05,0.00000066,0.000000000023520486,6488956,2019-01-24 19:08:25,btc,0.17214863,0.00946963,0.00000066,btc,7.565e-05,0.0,0.45788184,2
1,[],22,[],2019-01-24 19:08:29,1254.625335862178,0.00000039,0.000000000013898469,6488957,2019-01-24 19:08:29,BTC,0.0231611,0.0,0.00000039,"BTC,XMR",14562.72385,0.0,0.00091682,2
1,[],5,[],2019-01-24 19:10:21,1.42e-06,0.00000017,0.0000000000060583070000000006,6488964,2019-01-24 19:10:21,btc,3.2563721,0.03525334,0.00000017,btc,2.267e-05,0.0,2.90488702,3
1,[],12,[],2019-01-24 19:10:23,12244001.64348884,0.000000169,0.0000000000060226699,6488965,2019-01-24 19:10:23,btc,921315.1937251663,0.0,0.000000169,btc,7838375.2390511,0.04347991783525562,0.5197587250346944,3
0,[],28,[],2019-01-24 19:10:27,0.0,0,0,6488966,2019-01-24 19:10:27,,0.0,0.0,0,,0.0,0.0,0.0,3
0,[],2,[],2019-01-20 23:31:32,0.0,0,0,6477077,2019-01-20 23:31:32,,0.0,0.0,0,,0.0,0.0,0.0,4
1,[],4,[],2019-01-24 18:19:53,1076703.37926464,0.00000047,0.000000000016719498000000002,6488793,2019-01-24 18:19:53,btc,0.4979115694522134,0.0,0.00000047,btc,328156.03801299,0.00159696,0.0611443158906344,4
1,[],12,[],2019-01-24 18:19:55,1212877.5219999999,0.00000003,0.0000000000010672019999999999,6488795,2019-01-24 18:19:55,btc,11013867.817925906,0.0,0.00000003,btc,969763.77092902,0.0002695604395606,0.01589759044,5
0,[],2,[],2019-01-20 23:31:51,0.0,0,0,6477087,2019-01-20 23:31:51,,0.0,0.0,0,,0.0,0.0,0.0,6
1,[],11,[],2019-01-24 18:20:07,3492166.5,0.00000002,0.0000000000007114680000000001,6488799,2019-01-24 18:20:07,btc,9432.243145269964,238000.0,0.00000002,btc,41358357.70959839,0.0,0.03599502,6
1,[],3,[],2019-01-24 18:20:13,1049.631568128516,0.00015050999999999999383500093319554480331134982407093048095703125,0.000000005354152434,6488802,2019-01-24 18:20:13,btc,30.108593419388622,0.0,0.00015050999999999999383500093319554480331134982407093048095703125,btc,231.077492617847,0.0,0.027978323718350753,7
1,[],4,[],2019-01-24 18:20:14,25933.62425488,0.00016769,0.000000005965303446,6488803,2019-01-24 18:20:14,btc,2.056111106041121,0.0,0.00016769,btc,10923.15233743,1.44146936,3.953235834116172,7
1,[],5,[],2019-01-24 18:20:15,0.00517041,0.00017008,0.000000006050323872,6488804,2019-01-24 18:20:15,btc,1.28253326,0.03943069,0.00017008,btc,0.011573,0.0,1.52499869,7
1,[],20,[],2019-01-24 18:20:25,61771509.8802,0.000000001,0.0000000000000355734,6488807,2019-01-24 18:20:25,btc,121.1922629947386,2655.758,0.000000001,btc,25493492.9975,2.655758e-06,0.0617715098802,8
0,[],2,[],2019-01-20 23:22:42,0.0,0,0,6476876,2019-01-20 23:22:42,,0.0,0.0,0,,0.0,0.0,0.0,9
0,[],23,[],2019-01-20 23:22:48,0.0,0,0,6476878,2019-01-20 23:22:48,,0.0,0.0,0,,0.0,0.0,0.0,9
1,[],1,[],2019-01-24 18:20:41,737211.93,0.000001870000000000000095373470405946125794116596807725727558135986328125,0.000000000066522258,6488811,2019-01-24 18:20:41,btc,3.7236349591999995,20379680.31,0.000001870000000000000095373470405946125794116596807725727558135986328125,btc,1956525.76,38.00529811,1.3589281277,9
1,[],4,[],2019-01-24 18:22:41,950460.1975068,0.00000189,0.000000000067233726,6488812,2019-01-24 18:22:41,btc,0.9038601947242386,0.0,0.00000189,btc,452952.140265,0.0,0.7711965242729844,9
1,[],28,[],2019-01-24 18:22:46,34500.0,0.00000165,0.00000000005869611,6488813,2019-01-24 18:22:46,btc,2708.7525973402,6992268.0,0.00000165,btc,8331.02,0.0,0.02854,9
1,[],4,[],2019-01-24 18:23:06,5162164.01659386,0.00000002,0.0000000000007114680000000001,6488817,2019-01-24 18:23:06,btc,0.2206326436414873,0.0,0.00000002,btc,4050137.5046537,0.00927923,0.0550726248318772,10
0,[],2,[],2019-01-20 23:23:08,0.0,0,0,6476890,2019-01-20 23:23:08,,0.0,0.0,0,,0.0,0.0,0.0,12
,[],25,[],2019-01-11 15:39:35,0.0,0,0,6366164,2019-01-11 15:39:35,,0.0,0.0,,btc,0.0,0.0,0.0,12
1,[],4,[],2019-01-24 18:23:20,1968288.19968107,0.00000148,0.000000000052648632000000006,6488823,2019-01-24 18:23:20,btc,1.0606805818830152,0.0,0.00000148,btc,688949.24783042,2.25401497,2.7557857348422683,12
1,[],5,[],2019-01-24 18:23:21,1.535e-05,0.00000141,0.000000000050158494,6488824,2019-01-24 18:23:21,btc,0.22833348,0.25034165,0.00000141,btc,0.00011053,0.0,0.1364017,12
1,[],4,[],2019-01-24 18:26:24,314857.98298569,0.00000659,0.000000000234428706,6488899,2019-01-24 18:26:24,btc,0.2660228731005187,0.0,0.00000659,btc,37178.10974798,0.86733657,1.4276135445192615,13
1,[],21,[],2019-01-24 18:26:27,1553089.71016035,0.0000068199999999999999243161831474768774796757497824728488922119140625,0.000000000242610588,6488900,2019-01-24 18:26:27,btc,5.309724472697263,862237.626103,0.0000068199999999999999243161831474768774796757497824728488922119140625,btc,679699.08670589,5.94337874,5.737508476987559,13
1,[],10,[],2019-01-24 18:13:37,621620.12101905,0.00000677,0.000000000240557733,6488708,2019-01-24 18:13:37,btc,666784.4484942919,7389.26953012,0.00000677,btc,830243.62396561,0.0,0.8813132476121337,13
1,[],12,[],2019-01-24 18:23:45,87952.47933816,0.0000017799999999999998982758153687200319836847484111785888671875,0.000000000063320652,6488832,2019-01-24 18:23:45,btc,1.7878210582722733,0.0,0.0000017799999999999998982758153687200319836847484111785888671875,btc,37226.52646617,0.0019006665633807,0.0204103464838332,14
1,[],26,[],2019-01-24 18:23:46,0.0,0.00000020,0.0000000000071146800000000005,6488833,2019-01-24 18:23:46,btc,0.0,0.0,0.00000020,btc,0.0,0.0,0.0,14
0,[],17,[],2019-01-24 16:06:40,0.0,0,0,6487672,2019-01-24 16:06:40,btc,0.0,0.0,0,btc,0.0,0.0,0.0,14
1,[],4,[],2019-01-24 18:23:44,713175.89647416,0.00000175,0.00000000006225345,6488831,2019-01-24 18:23:44,btc,0.2424856553059535,0.0,0.00000175,btc,107709.69278646,0.20630953,0.1461555712513983,14
0,[],4,[],2019-01-24 18:27:48,0.0,0,0,6488942,2019-01-24 18:27:48,,0.0,0.0,0,,0.0,0.0,0.0,15
,[],12,[],2018-12-01 15:15:48,204241.84496,0.00000489,0.000000000202473384,5260204,2018-12-01 15:15:48,btc,49.5475654835,0.0,,btc,35763.2193806,0.0163153972027625,0.0203389899998,15
1,[],4,[],2019-01-24 18:23:52,31872.89510089,0.00001805,0.00000000064209987,6488835,2019-01-24 18:23:52,btc,1.391270853123942,0.0,0.00001805,btc,15879.72356793,0.02825819,0.1761410547454659,18
1,[],10,[],2019-01-24 18:23:54,390831.02210783,0.00001752,0.0000000006232459680000001,6488836,2019-01-24 18:23:54,btc,15.56119645738089,360.86007481,0.00001752,btc,10768.25043191,0.0,0.1957216933226405,18
1,[],12,[],2019-01-24 18:23:55,200129.31722687,0.0000170500000000000010813398787501427023016731254756450653076171875,0.0000000006065264700000001,6488837,2019-01-24 18:23:55,btc,0.1967999748781292,0.0,0.0000170500000000000010813398787501427023016731254756450653076171875,btc,2080.10643457,0.0002923506961134,0.0161282930632155,18
0,[],2,[],2019-01-20 23:23:38,0.0,0,0,6476906,2019-01-20 23:23:38,,0.0,0.0,0,,0.0,0.0,0.0,18
0,[],17,[],2019-01-24 16:06:52,0.0,0,0,6487679,2019-01-24 16:06:52,btc,0.0,0.0,0,btc,0.0,0.0,0.0,18
1,[],3,[],2019-01-24 18:24:21,108475.9593215557,0.0000397999999999999984107330874838481804545153863728046417236328125,0.00000000141582132,6488849,2019-01-24 18:24:21,btc,1.311140868821322,0.044938820912,0.0000397999999999999984107330874838481804545153863728046417236328125,btc,8541.396083370499,0.0,0.10561533833815691,19
1,[],4,[],2019-01-24 18:24:22,64089.53549011,0.00003987,0.000000001418311458,6488850,2019-01-24 18:24:22,btc,1.7589569426140501,0.0,0.00003987,btc,37234.54531589,0.57016619,1.3464569937697481,19
1,[],5,[],2019-01-24 18:24:23,0.0003575,0.00003251,0.000000001156491234,6488851,2019-01-24 18:24:23,btc,0.31002985,0.00035906,0.00003251,btc,0.0034784,0.0,0.19590448,19
1,[],12,[],2019-01-24 18:24:25,129220.76752977,0.0000357699999999999980319388692695525833187275566160678863525390625,0.000000001272460518,6488852,2019-01-24 18:24:25,btc,1.9920595632249587,0.0,0.0000357699999999999980319388692695525833187275566160678863525390625,btc,419.49251023,0.00115525,0.0377600145398729,19
0,[],27,[],2019-01-24 18:24:27,0.0,0,0,6488853,2019-01-24 18:24:27,,0.0,0.0,0,btc,0.0,0.0,0.0,19
0,[],2,[],2019-01-20 23:24:19,0.0,0,0,6476924,2019-01-20 23:24:19,,0.0,0.0,0,,0.0,0.0,0.0,19
1,[],4,[],2019-01-24 18:24:54,8443781.80989275,0.00000015,0.00000000000533601,6488867,2019-01-24 18:24:54,btc,0.7618947225862899,0.0,0.00000015,btc,1467882.26543421,0.01082485,0.3957068327356879,20
1,[],4,[],2019-01-24 18:25:13,127768304.22101596,0.00000002,0.0000000000007114680000000001,6488873,2019-01-24 18:25:13,btc,0.8320337741177793,0.0,0.00000002,btc,19823382.79440413,0.001778,1.5622885788701597,21
1,[],12,[],2019-01-24 18:25:15,20228032.0,0.00000002,0.0000000000007114680000000001,6488874,2019-01-24 18:25:15,btc,668.0245751289523,0.0,0.00000002,btc,7910214.8441585805,5.1148851148e-06,0.27749765,21
0,[],17,[],2019-01-24 16:08:38,0.0,0,0,6487720,2019-01-24 16:08:38,btc,0.0,0.0,0,btc,0.0,0.0,0.0,21
1,[],12,[],2019-01-24 18:25:49,4653649124.531896,0.0000000001,0.00000000000000355734,6488882,2019-01-24 18:25:49,btc,621663602002.6477,0.0,0.0000000001,btc,6370104400.484747,0.000527860185814182,0.46536491245318956,23
0,[],27,[],2019-01-24 18:25:51,0.0,0,0,6488883,2019-01-24 18:25:51,,0.424699,0.0,0,eth,424699.0,0.0,0.0,23
,[],25,[],2019-01-11 15:42:09,0.0,0,0,6366241,2019-01-11 15:42:09,,0.0,0.0,,btc,0.0,0.0,0.0,24
1,[],4,[],2019-01-24 18:25:58,2218312.31847331,0.00000085,0.00000000003023739,6488885,2019-01-24 18:25:58,btc,0.1170195342301368,0.0,0.00000085,btc,90080.65650765,0.00737771,0.43806349387715,24
1,[],22,[],2019-01-24 18:26:02,11.76,0.00000100,0.000000000035573400000000004,6488886,2019-01-24 18:26:02,BTC,7.415e-05,0.0,0.00000100,BTC,23.919354838709676,0.0,1.176e-05,24
1,[],4,[],2019-01-24 18:26:12,29617664.58287197,0.00000722,0.000000000256839948,6488892,2019-01-24 18:26:12,btc,0.4619530818138924,0.0,0.00000722,btc,33930.50287985,0.12984317,0.465431560535055,26
1,[],10,[],2019-01-24 18:26:16,734599.55670632,0.00000769,0.000000000273559446,6488893,2019-01-24 18:26:16,btc,27.974241209340782,0.0,0.00000769,btc,12525.42087038,0.0,0.2230604206333405,26
0,[],2,[],2019-01-20 23:25:56,0.0,0,0,6476976,2019-01-20 23:25:56,,0.0,0.0,0,,0.0,0.0,0.0,26
1,[],3,[],2019-01-24 18:26:17,7640501.32908122,0.00000001,0.00000000000035573400000000003,6488894,2019-01-24 18:26:17,btc,3.079669178259441,22730.0,0.00000001,btc,17760465.16299259,0.0,0.0764050132908122,27
1,[],5,[],2019-01-24 18:26:18,1e-08,0.00000001,0.00000000000035573400000000003,6488895,2019-01-24 18:26:18,btc,2.62189326,0.0,0.00000001,btc,4.332e-05,0.0,0.01079372,27
1,[],11,[],2019-01-24 18:26:20,10597882.41182718,0.00000005,0.00000000000177867,6488896,2019-01-24 18:26:20,btc,370.53275036350783,1000.0,0.00000005,btc,8220964.80991447,0.0,0.4932896594767663,27
1,[],4,[],2019-01-24 18:26:22,268830080.22762036,0.00000003,0.000000000001067202,6488897,2019-01-24 18:26:22,btc,3.5218827811396003,0.0,0.00000003,"btc,ltc",126492182.90861472,1.18220454,3.3678177955462374,29
1,[],7,[],2019-01-24 18:26:23,36000501.7089992,0.00000003,0.0000000000010672019999999999,6488898,2019-01-24 18:26:23,btc,44465218.12571764,633.32024975,0.00000003,btc,39202947.60507634,2.15e-05,0.6564463988860126,29
1,[],4,[],2019-01-24 18:26:52,1460062.06941241,0.00000042,0.000000000014940828000000002,6488915,2019-01-24 18:26:52,btc,0.3550400772717823,0.0,0.00000042,btc,495623.80204418,0.02518857,0.0729400575571629,30
0,[],17,[],2019-01-24 16:10:30,0.0,0,0,6487765,2019-01-24 16:10:30,btc,0.0,0.0,0,btc,0.0,0.0,0.0,30
1,[],4,[],2019-01-24 18:26:59,33433.90529183,0.00009603,0.0000000034161136020000003,6488920,2019-01-24 18:26:59,btc,1.3279208852213455,0.0,0.00009603,btc,12534.08775554,1.84698063,2.445944899713842,31
1,[],21,[],2019-01-24 18:27:00,50159.7897677,0.00009610000000000000486277684785818564705550670623779296875,0.0000000034186037400000003,6488921,2019-01-24 18:27:00,btc,14.007926221638114,491987.09681246,0.00009610000000000000486277684785818564705550670623779296875,btc,131450.92349621,48.74346986,4.564927844383253,31
0,[],2,[],2019-01-20 23:28:43,0.0,0,0,6477009,2019-01-20 23:28:43,,0.0,0.0,0,,0.0,0.0,0.0,32
1,[],4,[],2019-01-24 18:27:50,138038512.9046651,0.00000006,0.000000000002134404,6488943,2019-01-24 18:27:50,btc,0.3177042451184986,0.0,0.00000006,"btc,ltc",9622117.44332277,0.34559905,2.4866896553803617,33
1,[],12,[],2019-01-24 18:27:51,22253181.0,0.00000006,0.0000000000021344039999999998,6488944,2019-01-24 18:27:51,btc,17261786.897520196,0.0,0.00000006,btc,87747597.0149849,0.0241288524475519,0.87954329,33
1,[],4,[],2019-01-24 18:27:52,121825484.2476979,0.00000002,0.0000000000007114680000000001,6488945,2019-01-24 18:27:52,btc,0.7775999343830003,0.0,0.00000002,btc,25624032.54161682,0.03229306,1.245234000900312,34
1,[],5,[],2019-01-24 18:27:54,3e-08,0.00000002,0.0000000000007114680000000001,6488946,2019-01-24 18:27:54,btc,3.12293991,0.0042294,0.00000002,btc,1.394e-05,0.0,0.78175469,34
0.00000000009005640000000001,[],4,[],2019-01-24 18:24:49,2988763958.8897233,3.602256e-18,1.2814449359040001e-22,6488864,2019-01-24 18:24:49,ltc,3.884727160311041e-09,0.0,0.00000004,ltc,763775655.1865442,0.0,6.94141296280557e-09,36
1,[],5,[],2019-01-24 18:24:50,0.0,0,0,6488865,2019-01-24 18:24:50,btc,202.44832,0.0,0,btc,1.295e-05,0.0,0.0,36
0.00000000009005640000000001,[],27,[],2019-01-24 18:24:53,1000000.0,9.00564e-19,3.2036123397600003e-23,6488866,2019-01-24 18:24:53,ltc,448.55669329,0.0,0.00000001,"ltc,eth",3581972.58,0.0,9.00564e-13,36
0,[],17,[],2019-01-24 16:07:52,0.0,0,0,6487710,2019-01-24 16:07:52,btc,0.08210904497489739,0.0,0,btc,5843697.91583647,0.0,0.0,36
1,[],4,[],2019-01-24 18:24:43,430011.90795587,0.00000146,0.000000000051937164,6488860,2019-01-24 18:24:43,btc,0.435038016504436,0.0,0.00000146,btc,228884.12336056,0.00891789,0.3794781421379719,37
1,[],12,[],2019-01-24 18:24:44,462763.84378921,0.00000145999999999999999745971430986646311112053808756172657012939453125,0.000000000051937164,6488861,2019-01-24 18:24:44,btc,1330.8957961361393,0.0,0.00000145999999999999999745971430986646311112053808756172657012939453125,btc,750191.92887011,0.0804214529387566,0.2965939503936909,37
0,[],27,[],2019-01-24 18:24:46,0.0,0,0,6488862,2019-01-24 18:24:46,,22.368038083756,0.0,0,btc,2948.3724,0.0,0.0,37
1,[],17,[],2019-01-24 16:07:43,1752.74075282,0.00000025,0.0000000000088862,6487705,2019-01-24 16:07:43,btc,0.05548731397486583,0.0,0.00000025,btc,1388.79251806,0.0,0.00043818518820499993,37
1,[],5,[],2019-01-24 19:10:36,1.278e-05,0.00000104,0.000000000037062584,6488971,2019-01-24 19:10:36,btc,0.10137492,0.02540887,0.00000104,btc,0.00011339,0.0,0.03554644,42
1,[],12,[],2019-01-24 19:10:37,91900.96066286,0.0000013299999999999999715787242504649867669286322779953479766845703125,0.000000000047397343000000003,6488972,2019-01-24 19:10:37,btc,108.8240963008979,0.0,0.0000013299999999999999715787242504649867669286322779953479766845703125,btc,34217.17572105,0.0547285418179523,0.0417877028342592,42
0,[],27,[],2019-01-24 19:10:39,0.0,0,0,6488973,2019-01-24 19:10:39,,0.00315028,0.0,0,"btc,eth",11.007,0.0,0.0,42
0,[],17,[],2019-01-24 16:05:59,0.0,0,0,6487647,2019-01-24 16:05:59,btc,0.0,0.0,0,btc,0.0,0.0,0.0,43
1,[],5,[],2019-01-24 18:20:35,3e-08,0.00000002,0.0000000000007114680000000001,6488809,2019-01-24 18:20:35,btc,5.97531889,0.09573028,0.00000002,btc,1.425e-05,0.0,0.52056512,43
1,[],12,[],2019-01-24 18:20:36,8221008.0,0.00000001,0.00000000000035573400000000003,6488810,2019-01-24 18:20:36,btc,20007433.13489997,0.0,0.00000001,btc,38551621.36903097,1.9802397602e-06,0.08221008,43
1,[],12,[],2019-01-24 19:11:23,768712.0,0.00000007,0.000000000002494597,6488978,2019-01-24 19:11:23,btc,11114761.212540066,0.0,0.00000007,btc,956290.37320198,0.00098357,0.02086315,44
1,[],4,[],2019-01-24 19:10:30,238138953.7539802,0.00000003,0.000000000001069113,6488968,2019-01-24 19:10:30,btc,0.24216482696802683,0.0,0.00000003,"btc,ltc",6551052.50438543,0.00147969,0.6149606734142636,49
0.00000000009005640000000001,[],4,[],2019-01-24 18:26:50,4543145674.590839,1.801128e-18,6.407224679520001e-23,6488913,2019-01-24 18:26:50,ltc,5.044116688046081,0.0,0.00000002,ltc,1636480046.8110626,0.0,5.435332233167272e-09,52
0,[],22,[],2019-01-24 18:26:30,0.0,0,0,6488901,2019-01-24 18:26:30,,3707.87208998,0.0,0,,260561923.40932402,0.0,0.0,57
0,[],27,[],2019-01-24 18:26:32,0.0,0,0,6488902,2019-01-24 18:26:32,,0.0,0.0,0,"btc,eth",0.0,0.0,0.0,57
0,[],17,[],2019-01-24 16:12:50,0.0,0,0,6487815,2019-01-24 16:12:50,btc,1e+24,0.0,0,btc,41616695.958325684,0.0,0.0,58
0.0000000000901101,[],4,[],2019-01-24 19:08:35,1510282628.7885454,5.406606e-18,1.926757586826e-22,6488961,2019-01-24 19:08:35,ltc,3.446567130229776,0.0,0.00000006,ltc,906763412.6012102,0.0,6.4029808295320775e-09,58
1,[],12,[],2019-01-24 19:08:36,2868053922.327952,0.0000000006,0.00000000000002138226,6488962,2019-01-24 19:08:36,btc,123038818737.95216,0.0,0.0000000006,btc,3056894276.7323675,0.07118094834491881,1.1591141431915362,58
0.0000000001278955,[],22,[],2019-01-24 19:10:20,137438.0,1.2789550000000001e-18,4.5578247230500005e-23,6488963,2019-01-24 19:10:20,XMR,69.8835922,0.0,0.00000001,XMR,9887963.0,0.0,0.00137438,58
1,[],5,[],2019-01-24 18:25:19,5.02e-06,0.00000060,0.00000000002134404,6488876,2019-01-24 18:25:19,btc,0.45563245,0.05812196,0.00000060,btc,0.00012114,0.0,0.10963083,61
1,[],22,[],2019-01-24 18:25:35,5111.5,0.00000011,0.000000000003913074,6488877,2019-01-24 18:25:35,BTC,1002.29606732,0.0,0.00000011,BTC,15028.700278135757,0.0,0.00051178,61
1,[],26,[],2019-01-24 18:25:35,0.0,0.00000800,0.00000000028458720000000003,6488878,2019-01-24 18:25:35,btc,0.0,0.0,0.00000800,btc,0.0,0.0,0.0,61
0,[],27,[],2019-01-24 18:25:37,0.0,0,0,6488879,2019-01-24 18:25:37,,0.0,0.0,0,"btc,eth",0.0,0.0,0.0,61
1,[],28,[],2019-01-24 18:25:42,1880.304,0.00000022,0.000000000007826148,6488880,2019-01-24 18:25:42,btc,2.065678837430106,1260.0,0.00000022,btc,11618.08240005,0.0,0.00016391304,61
,[],25,[],2019-01-11 15:43:02,0.0,0,0,6366273,2019-01-11 15:43:02,,0.0,0.0,,btc,0.0,0.0,0.0,67
1,[],4,[],2019-01-24 18:26:45,1253376.85479274,0.00000165,0.00000000005869611,6488911,2019-01-24 18:26:45,btc,0.4493011716794116,0.0,0.00000165,btc,150763.27697165,0.1067984,0.8315154595566802,67
1,[],12,[],2019-01-24 18:24:19,2965786.85714286,0.00000009,0.0000000000032016060000000002,6488847,2019-01-24 18:24:19,btc,16893773.082778994,0.0,0.00000009,btc,2223671.27132863,0.0016416846453552,0.0859652600000002,71
,[],5,[],2018-11-20 23:02:39,1.5e-07,0.00000005,0.000000000002128045,4862160,2018-11-20 23:02:39,btc,2.84511358,0.0,,btc,0.00036572,0.0,0.07381892,74
1,[],5,[],2019-01-24 19:13:23,3.303e-05,0.00000156,0.000000000055593876,6488987,2019-01-24 19:13:23,btc,1.42980382,0.0,0.00000156,btc,0.00015937,0.0,0.49487621,75
1,[],4,[],2019-01-24 18:23:38,64411459.98469478,0.00000001,0.00000000000035573400000000003,6488827,2019-01-24 18:23:38,btc,0.7468077492509007,0.0,0.00000001,btc,13906829.86456505,0.0,0.6441145998469479,81
0,[],20,[],2019-01-24 18:23:40,0.0,0,0,6488828,2019-01-24 18:23:40,btc,0.0,0.0,0,btc,0.0,0.0,0.0,81
1,[],4,[],2019-01-24 19:06:23,23927.63463608,0.00007300,0.0000000026015083,6488950,2019-01-24 19:06:23,btc,1.2070812530225916,0.0,0.00007300,btc,10597.85265375,0.1382945,0.098944862294035,82
1,[],21,[],2019-01-24 19:06:24,66983.94338817,0.000081009999999999998568193937398262960414285771548748016357421875,0.000000002886961471,6488951,2019-01-24 19:06:24,btc,2.7756341972866148,22668.15541256,0.000081009999999999998568193937398262960414285771548748016357421875,btc,29691.92944942,1.85811752,4.567776340112114,82
0,[],17,[],2019-01-24 16:06:45,0.0,0,0,6487675,2019-01-24 16:06:45,btc,0.0447233088476774,0.0,0,btc,999127.19588126,0.0,0.0,84
0.00000000009005640000000001,[],4,[],2019-01-24 18:26:07,466903109.9312937,1.1707332e-17,4.164696041688001e-22,6488889,2019-01-24 18:26:07,ltc,0.19754182492120406,0.0,0.00000013,ltc,69116440.6986432,0.0,1.560385466847244e-09,85
,[],22,[],2018-11-20 23:09:34,3408.1,0.0000001,0.0000000000041895,4862324,2018-11-20 23:09:34,BTC,0.04624735,0.0,,BTC,4990.0,0.0,0.00033081,86
0,[],22,[],2019-01-24 18:26:09,0.0,0,0,6488890,2019-01-24 18:26:09,,2.07810912,0.0,0,,154826.94736842104,0.0,0.0,87
0,[],27,[],2019-01-24 18:26:11,0.0,0,0,6488891,2019-01-24 18:26:11,,0.0,0.0,0,btc,0.0,0.0,0.0,87
,[],2,[],2018-11-20 23:10:47,0.0,0,0,4862359,2018-11-20 23:10:47,,0.0,0.0,,,0.0,0.0,0.0,88
1,[],11,[],2019-01-24 19:08:34,102613.79165198,0.00021800000000000001342849442753646371784270741045475006103515625,0.0000000077688878,6488960,2019-01-24 19:08:34,btc,234.75050594261327,4093.58412304,0.00021800000000000001342849442753646371784270741045475006103515625,btc,181104.75235761,0.0,8.239388137955714,89
0,[],2,[],2019-01-20 23:31:45,0.0,0,0,6477083,2019-01-20 23:31:45,,0.0,0.0,0,,0.0,0.0,0.0,91
0,[],17,[],2019-01-24 16:05:24,0.0,0,0,6487633,2019-01-24 16:05:24,btc,0.0,0.0,0,btc,0.0,0.0,0.0,91
1,[],12,[],2019-01-24 19:13:25,270925.1609499,0.00000137999999999999991637657063836552850943917292170226573944091796875,0.000000000049179198,6488988,2019-01-24 19:13:25,btc,1.1595729316769126,0.0,0.00000137999999999999991637657063836552850943917292170226573944091796875,btc,17391.03750083,0.0193149207104985,0.0892208939999456,91
0.00000000009005640000000001,[],22,[],2019-01-24 18:24:58,48311955.0,5.403384e-18,1.9221674038560003e-22,6488868,2019-01-24 18:24:58,LTC,7.63458711,0.0,0.00000006,LTC,71617635.1,2.26844867088e-12,1.45775865,95
0,[],17,[],2019-01-24 16:06:35,0.0,0,0,6487669,2019-01-24 16:06:35,btc,0.0,0.0,0,btc,0.0,0.0,0.0,96
0.00000000009005640000000001,[],4,[],2019-01-24 18:23:41,133071841.32373343,9.2758092e-17,3.2997207099528003e-21,6488829,2019-01-24 18:23:41,ltc,1.4014689989402245,0.0,0.00000103,ltc,68794284.55405354,0.00030517,7.003611051431403e-10,96
1,[],12,[],2019-01-24 18:23:43,1204701.0,0.00000001,0.00000000000035573400000000003,6488830,2019-01-24 18:23:43,btc,255059.2635896603,0.0,0.00000001,btc,7846613.56674301,8.765e-05,0.01204701,96
1,[],4,[],2019-01-24 18:25:16,1523883.36895972,0.00000040,0.000000000014229360000000001,6488875,2019-01-24 18:25:16,btc,0.2260416947556473,0.0,0.00000040,btc,377000.73702559,0.01221724,0.1530765975561429,99
1,[],4,[],2019-01-24 18:24:04,146104.30769135,0.00004100,0.0000000014585094000000002,6488841,2019-01-24 18:24:04,btc,1.6648139597109137,0.0,0.00004100,btc,35328.53381394,0.7113575,3.545212001427914,100
0,[],2,[],2019-01-20 23:23:55,0.0,0,0,6476914,2019-01-20 23:23:55,,0.0,0.0,0,,0.0,0.0,0.0,100
1,[],22,[],2019-01-24 18:24:03,50000.0,0.00000001,0.00000000000035573400000000003,6488839,2019-01-24 18:24:03,BTC,23.49896609,0.0,0.00000001,BTC,10277.22,0.0,0.0005,101
1,[],4,[],2019-01-24 18:27:37,119908.96658778,0.00000105,0.000000000037352070000000005,6488934,2019-01-24 18:27:37,btc,0.3993923186755034,0.0,0.00000105,btc,142119.02260713,0.00235233,0.0564520987275407,103
1,[],12,[],2019-01-24 19:08:30,100467772.0,0.000000017,0.0000000000006058307000000001,6488958,2019-01-24 19:08:30,btc,9137280584.618235,0.0,0.000000017,btc,145617120.95104563,0.15599444222255224,0.636945308,105
1,[],27,[],2019-01-24 19:08:32,135334.5,0.00000004,0.000000000001425484,6488959,2019-01-24 19:08:32,btc,0.0722679519,126566.5,0.00000004,btc,2857.538,0.00506266,0.00439028,105
0,[],22,[],2019-01-24 18:25:05,0.0,0,0,6488869,2019-01-24 18:25:05,,1.07253299,0.0,0,,94300.0,0.0,0.0,107
1,[],26,[],2019-01-24 18:25:05,0.0,0.00000000,0,6488870,2019-01-24 18:25:05,btc,0.0,0.0,0.00000000,btc,0.0,0.0,0.0,107
1,[],5,[],2019-01-24 18:24:33,3e-08,0.00000002,0.0000000000007114680000000001,6488856,2019-01-24 18:24:33,btc,5.9663395,0.0532276,0.00000002,btc,1.589e-05,0.0,0.09510425,112
1,[],22,[],2019-01-24 18:24:37,16966.0,0.00000001,0.00000000000035573400000000003,6488857,2019-01-24 18:24:37,BTC,2.84132969,0.0,0.00000001,BTC,963293.5833333334,0.0,0.00016966,112
0,[],27,[],2019-01-24 18:24:40,0.0,0,0,6488858,2019-01-24 18:24:40,,1.25125,0.0,0,"btc,eth",79.0,0.0,0.0,112
1,[],4,[],2019-01-24 19:10:31,445694.65303877,0.00000427,0.000000000152170417,6488969,2019-01-24 19:10:31,btc,0.4248412406309378,0.0,0.00000427,btc,69229.92315917,0.11488095,0.4034254432955207,113
1,[],5,[],2019-01-24 19:10:32,3.511e-05,0.00000508,0.000000000181036468,6488970,2019-01-24 19:10:32,btc,2.25680798,0.003425,0.00000508,btc,0.00338279,0.0,0.31766821,113
1,[],17,[],2019-01-24 16:06:18,233369.0,0.00000004,0.000000000001421792,6487659,2019-01-24 16:06:18,btc,1.33762905759977,0.0,0.00000004,btc,72546.975,0.0,0.00543476,116
0,[],27,[],2019-01-24 18:23:19,0.0,0,0,6488822,2019-01-24 18:23:19,,0.0,0.0,0,btc,0.0,0.0,0.0,116
1,[],4,[],2019-01-24 18:23:04,620006.67744146,0.00002005,0.00000000071324667,6488815,2019-01-24 18:23:04,btc,0.7600332892209403,0.0,0.00002005,btc,29241.4186417,6.41884134,0.7889112445047697,120
1,[],7,[],2019-01-24 18:23:05,4197.711847,0.000017980000000000000647502884643103016060194931924343109130859375,0.0000000006396097320000001,6488816,2019-01-24 18:23:05,btc,94.98408565277741,2692.49995795,0.000017980000000000000647502884643103016060194931924343109130859375,btc,25098.92340953,0.08009401,0.045144454505135,120
1,[],20,[],2019-01-24 18:23:16,1215767.5588,0.000000013,0.0000000000004624542,6488821,2019-01-24 18:23:16,btc,31.4063095068966,389.85,0.000000013,btc,1102100.3058,5.06805e-06,0.0068489678606,125
1,[],22,[],2019-01-24 19:11:22,3053.0,0.00000001,0.000000000000356371,6488977,2019-01-24 19:11:22,BTC,0.01415863,0.0,0.00000001,BTC,293039.4,0.0,3.053e-05,126
1,[],4,[],2019-01-24 18:26:04,315524.48969655,0.00001555,0.00000000055316637,6488887,2019-01-24 18:26:04,btc,0.5484567767683332,0.0,0.00001555,btc,27990.21814271,0.14951513,0.3651949769039702,131
0,[],2,[],2019-01-20 23:25:46,0.0,0,0,6476969,2019-01-20 23:25:46,,0.0,0.0,0,,0.0,0.0,0.0,131
0,[],17,[],2019-01-24 16:09:42,0.0,0,0,6487735,2019-01-24 16:09:42,btc,0.0008451375975800001,0.0,0,btc,30.89614684,0.0,0.0,131
1,[],4,[],2019-01-24 18:27:01,6060.89827871,0.00019676,0.000000006999422184,6488922,2019-01-24 18:27:01,btc,1.6269232683341472,0.0,0.00019676,btc,206.10257325,0.0,0.0102418106576004,135
1,[],3,[],2019-01-24 18:24:28,935222.08351842,0.00000005,0.00000000000177867,6488854,2019-01-24 18:24:28,btc,0.2485949775330601,635867.090617,0.00000005,btc,910157.67454555,0.0,0.0330010715037015,136
1,[],4,[],2019-01-24 19:08:19,108548.72161255,0.00000190,0.00000000006771049,6488954,2019-01-24 19:08:19,btc,0.6261457412915477,0.0,0.00000190,btc,220308.21800789,0.06981192,0.1413906480734645,137
1,[],12,[],2019-01-24 19:08:20,305073.75324676,0.000001870000000000000095373470405946125794116596807725727558135986328125,0.000000000066641377,6488955,2019-01-24 19:08:20,btc,11798.819499361849,0.0,0.000001870000000000000095373470405946125794116596807725727558135986328125,btc,131489.25374422,0.0618149108920627,0.0338053900000104,137
1,[],17,[],2019-01-24 16:05:04,12500.0,0.0000001,0.00000000000355448,6487624,2019-01-24 16:05:04,btc,0.5782815519445245,0.0,0.0000001,btc,4834.207754,0.0,0.00125,142
1,[],5,[],2019-01-24 19:11:30,0.00100721,0.00003043,0.0000000010844369530000001,6488980,2019-01-24 19:11:30,btc,5.50974164,0.98586681,0.00003043,btc,0.00192028,0.0,1.42173098,142
1,[],20,[],2019-01-24 19:13:12,148268.8962,0.00002511,0.000000000894847581,6488981,2019-01-24 19:13:12,btc,2.50561291,8.5809,0.00002511,btc,5118.3122,0.0002917506,0.0811377525098,142
1,[],22,[],2019-01-24 19:13:16,990.0,0.00001880,0.00000000066997748,6488982,2019-01-24 19:13:16,BTC,0.00152287,0.0,0.00001880,BTC,15.055608820709493,0.0,0.00022106,142
1,[],28,[],2019-01-24 19:13:19,78430.0,0.00002000,0.000000000712742,6488983,2019-01-24 19:13:19,btc,0.051557530742,93832.0,0.00002000,btc,1350.7233,0.0,0.0242247,142
,[],25,[],2019-01-11 15:38:27,0.0,0,0,6366122,2019-01-11 15:38:27,,0.0,0.0,,btc,0.0,0.0,0.0,142
0,[],22,[],2019-01-24 18:26:50,0.0,0,0,6488912,2019-01-24 18:26:50,,58.83330297,0.0,0,,697563265.8,0.0,0.0,143
1,[],21,[],2019-01-24 18:26:59,51471207.83861361,0.0000003,0.00000000001067202,6488919,2019-01-24 18:26:59,btc,39.207285934462185,19704914.95938002,0.0000003,btc,71835645.57230416,6.04172026,9.887589754180036,145
0,[],22,[],2019-01-24 18:20:19,0.0,0,0,6488805,2019-01-24 18:20:19,,2.39270934,0.0,0,,786514.0,0.0,0.0,146
,[],22,[],2018-11-20 23:01:11,0.0,0,0,4862114,2018-11-20 23:01:11,,2.56807021,0.0,,,61828.4988236,0.0,0.0,147
1,[],12,[],2019-01-24 18:26:51,8706530.21732789,0.000004099999999999999708588140079346118227476836182177066802978515625,0.00000000014585094,6488914,2019-01-24 18:26:51,btc,17.07028294120477,0.0,0.000004099999999999999708588140079346118227476836182177066802978515625,btc,110590.03090909,0.00179970869252,0.1238917163612752,148
1,[],4,[],2019-01-24 18:27:44,114030.95121571,0.00000037,0.000000000013162158000000001,6488938,2019-01-24 18:27:44,btc,0.6905321797498882,0.0,0.00000037,btc,513873.1719915,0.00198802,0.0319941121732842,152
0,[],22,[],2019-01-24 18:27:47,0.0,0,0,6488939,2019-01-24 18:27:47,,0.0,0.0,0,,0.0,0.0,0.0,152
1,[],5,[],2019-01-24 18:24:42,0.0,0,0,6488859,2019-01-24 18:24:42,btc,4.32752783,0.0,0,btc,0.00161275,0.0,0.0,153
,[],16,[],2019-01-11 15:38:59,0.0,0,0,6366141,2019-01-11 15:38:59,btc,0.0,0.0,,btc,0.0,0.0,0.0,155
0,[],22,[],2019-01-24 18:24:31,0.0,0,0,6488855,2019-01-24 18:24:31,,6.78848922,0.0,0,,4237721.742592593,0.0,0.0,156
0,[],23,[],2019-01-20 23:24:29,0.0,0,0,6476932,2019-01-20 23:24:29,,0.0,0.0,0,,0.0,0.0,0.0,156
1,[],22,[],2019-01-24 18:25:46,7906.0,0.00000801,0.000000000284942934,6488881,2019-01-24 18:25:46,BTC,43.81543407,0.0,0.00000801,BTC,1572.3690079421112,0.0,0.00743836,157
0,[],22,[],2019-01-24 18:23:03,0.0,0,0,6488814,2019-01-24 18:23:03,,50175.67300261,0.0,0,,53770788.04179466,0.0,0.0,158
,[],17,[],2018-11-20 22:56:10,0.0,0,0,4861976,2018-11-20 22:56:10,btc,1.1265625,0.0,,btc,1000.0,0.0,0.0,159
,[],20,[],2018-11-20 22:56:12,0.0,0,0,4861977,2018-11-20 22:56:12,btc,11912.7940471,0.0,,btc,34413894.3617,0.0,0.0,159
1,[],12,[],2019-01-24 18:24:09,184983.77529874,0.000009929999999999999794170722766661896230289130471646785736083984375,0.00000000035324386200000003,6488844,2019-01-24 18:24:09,btc,6.652256487972433,0.0,0.000009929999999999999794170722766661896230289130471646785736083984375,btc,13918.21908934,0.0119170457412915,0.1036593111999454,168
1,[],17,[],2019-01-24 16:07:07,29784.95,0.000001,0.0000000000355448,6487687,2019-01-24 16:07:07,btc,0.0353989844335,0.0,0.000001,btc,196.82520268,0.0,0.00716147,168
0,[],22,[],2019-01-24 18:23:59,0.0,0,0,6488838,2019-01-24 18:23:59,,1.13392792,0.0,0,,692360.5537281231,0.0,0.0,169
1,[],22,[],2019-01-24 18:20:22,59154.0,0.00000024,0.000000000008537616,6488806,2019-01-24 18:20:22,BTC,2.4611145,0.0,0.00000024,BTC,65275.39569094304,0.00066781,0.0069595,171
1,[],22,[],2019-01-24 18:24:14,77041.34848484848,0.00000022,0.000000000007826148,6488845,2019-01-24 18:24:14,BTC,2.83981674,0.0,0.00000022,BTC,229915.01084618762,0.00656671,0.00387956,173
1,[],5,[],2019-01-24 18:24:21,8.012e-05,0.00000513,0.000000000182491542,6488848,2019-01-24 18:24:21,btc,0.46118688,0.17355323,0.00000513,btc,0.00040606,0.0,0.8484351,175
1,[],22,[],2019-01-24 19:11:27,57078.0,0.00000100,0.0000000000356371,6488979,2019-01-24 19:11:27,BTC,0.56691582,0.0,0.00000100,BTC,114385.29444388876,0.00575999,0.04147408,176
1,[],7,[],2019-01-24 18:26:54,0.0,0,0,6488916,2019-01-24 18:26:54,btc,10931.193526931043,12818.0,0,btc,124614895.89995943,0.00012818,0.0,178
0,[],22,[],2019-01-24 18:26:57,0.0,0,0,6488917,2019-01-24 18:26:57,,1.00242428,0.0,0,,57512.0,0.0,0.0,178
0,[],2,[],2019-01-20 23:28:34,0.0,0,0,6477001,2019-01-20 23:28:34,,0.0,0.0,0,,0.0,0.0,0.0,178
1,[],5,[],2019-01-24 18:25:07,6e-08,0.00000003,0.000000000001067202,6488871,2019-01-24 18:25:07,btc,14.34964975,0.68579748,0.00000003,btc,2.255e-05,0.0,2.0669056,179
1,[],22,[],2019-01-24 18:25:12,9167123.0,0.00000002,0.0000000000007114680000000001,6488872,2019-01-24 18:25:12,BTC,5.5192945,0.0,0.00000002,"BTC,LTC",17420674.451989967,0.0154954,0.40081044,179
0,[],23,[],2019-01-20 23:25:08,0.0,0,0,6476952,2019-01-20 23:25:08,,0.0,0.0,0,,0.0,0.0,0.0,179
1,[],22,[],2019-01-24 19:08:09,1468.0,0.00000031,0.000000000011047501,6488952,2019-01-24 19:08:09,BTC,0.22768944,0.0,0.00000031,"BTC,LTC",26798.816254853482,0.0,0.00040342,180
1,[],26,[],2019-01-24 19:08:18,0.0,0.00000010,0.00000000000356371,6488953,2019-01-24 19:08:18,btc,0.0,3391.5814,0.00000010,btc,0.0,0.0,0.0,180
1,[],17,[],2019-01-24 16:11:47,10504.725,0.0000001,0.00000000000355241,6487803,2019-01-24 16:11:47,btc,5.206984534928525,0.0,0.0000001,btc,7893.797658699999,0.0,0.0010504725,180
,[],7,[],2018-11-20 22:58:01,562227.975654,0.00000085,0.000000000036176765,4862015,2018-11-20 22:58:01,btc,21836.6059674,2491.87645172,,btc,749999.041456,0.00211021,0.127565380455,183
1,[],24,[],2019-01-24 18:24:03,0.0,0.000000000001,3.55734e-17,6488840,2019-01-24 18:24:03,btc,0.0,0.0,0.000000000001,btc,0.0,0.0,0.0,187
,[],5,[],2019-01-10 08:11:41,0.0,0,0,6347036,2019-01-10 08:11:41,btc,82.15055501,0.00261,,btc,1.19002445,0.0,0.0,187
,[],17,[],2018-11-16 20:58:10,4062536.27273,0.00000001,0.000000000000550501,4708775,2018-11-16 20:58:10,btc,3.36492563466,0.195460381006,,"btc,eth",110697919.549,0.0,0.0157628953496,187
0,[],22,[],2019-01-24 18:28:18,0.0,0,0,6488947,2019-01-24 18:28:18,,1.19413437,0.0,0,,14499.956201072173,0.0,0.0,191
0,[],22,[],2019-01-24 18:25:57,0.0,0,0,6488884,2019-01-24 18:25:57,,0.0,0.0,0,,0.0,0.0,0.0,197
0,[],23,[],2019-01-20 23:31:41,0.0,0,0,6477079,2019-01-20 23:31:41,,0.0,0.0,0,,0.0,0.0,0.0,199
1,[],26,[],2019-01-24 19:13:20,0.0,0.00000000,0,6488985,2019-01-24 19:13:20,btc,0.0,765102.0,0.00000000,btc,0.0,0.0,0.0,199
0,[],17,[],2019-01-24 16:10:35,0.0,0,0,6487768,2019-01-24 16:10:35,btc,6.802544163857978,0.0,0,btc,105897.55575295,0.0,0.0,200
0,[],2,[],2019-01-20 23:30:49,0.0,0,0,6477059,2019-01-20 23:30:49,,0.0,0.0,0,,0.0,0.0,0.0,201
1,[],4,[],2019-01-24 18:27:43,325810.766971,0.00000937,0.000000000333322758,6488937,2019-01-24 18:27:43,btc,2.1480162481545557,0.0,0.00000937,btc,173497.1918608,0.27609963,1.4086693117555453,211
1,[],7,[],2019-01-24 18:26:06,18500684.94865793,0.000001170000000000000021170673721038202330646527116186916828155517578125,0.000000000041620878000000004,6488888,2019-01-24 18:26:06,btc,16317791.302792834,298678.251766,0.000001170000000000000021170673721038202330646527116186916828155517578125,btc,12659857.99565437,0.3567267,8.383179668484846,212
1,[],5,[],2019-01-24 18:26:42,4.64e-06,0.00000031,0.000000000011027754,6488907,2019-01-24 18:26:42,btc,0.87657138,0.03410823,0.00000031,btc,2.942e-05,0.0,0.13782597,213
1,[],12,[],2019-01-24 18:26:44,234308.00428967,0.000001069999999999999919816744131662034078544820658862590789794921875,0.000000000038063538,6488908,2019-01-24 18:26:44,btc,85023.03780630314,0.0,0.000001069999999999999919816744131662034078544820658862590789794921875,btc,43652.73520027,0.0001532136468946,0.0095157760622029,213
1,[],24,[],2019-01-24 18:26:44,0.0,0.000000050000,0.0000000000017786700000000001,6488909,2019-01-24 18:26:44,btc,0.0,0.0,0.000000050000,btc,0.0,0.0,0.0,213
1,[],26,[],2019-01-24 18:26:44,0.0,0.00000003,0.000000000001067202,6488910,2019-01-24 18:26:44,btc,0.0,0.0,0.00000003,btc,0.0,0.0,0.0,213
1,[],22,[],2019-01-24 19:11:00,303952.2,0.00000005,0.000000000001781855,6488974,2019-01-24 19:11:00,BTC,70.22068913,0.0,0.00000005,BTC,153751.86129395306,0.00142749,0.00594161,216
1,[],27,[],2019-01-24 19:11:02,5087945.0,0.00000015,0.000000000005345565,6488975,2019-01-24 19:11:02,btc,619.88407456916,5755.0,0.00000015,"btc,ltc",268761.09411,0.0040285,0.0535075,216
1,[],22,[],2019-01-24 18:28:25,287982.10301084985,0.00000230,0.00000000008181882,6488949,2019-01-24 18:28:25,BTC,12677.86457139,0.0,0.00000230,BTC,357681.04314279975,0.01412852,0.40354316,217
1,[],7,[],2019-01-24 18:23:07,0.0,0,0,6488818,2019-01-24 18:23:07,btc,302.5779742541106,0.0,0,btc,133650235.62140028,0.0,0.0,219
0,[],27,[],2019-01-24 18:23:09,0.0,0,0,6488819,2019-01-24 18:23:09,,0.0747309448198,0.0,0,btc,1605140.29226592,0.0,0.0,219
0.0000000000000057,[],28,[],2019-01-24 18:23:14,238816286.198,2.280057e-18,8.110937968380001e-23,6488820,2019-01-24 18:23:14,doge,82414.3393717675,26902.0,0.00040001,"btc,doge",4409472.34751,0.0,1.738649571899051e-11,219
1,[],22,[],2019-01-24 18:23:37,209509.5,0.00000071,0.000000000025257114000000003,6488825,2019-01-24 18:23:37,BTC,2.08332423,0.0,0.00000071,BTC,19472.55212317522,0.0,0.02506426,221
1,[],24,[],2019-01-24 18:23:37,0.0,0.000000800000,0.000000000028458720000000002,6488826,2019-01-24 18:23:37,btc,0.0,0.0,0.000000800000,btc,0.0,0.0,0.0,221
1,[],26,[],2019-01-24 18:26:58,0.0,0.00000002,0.0000000000007114680000000001,6488918,2019-01-24 18:26:58,btc,0.0,10960.0,0.00000002,btc,0.0,0.0,0.0,231
1,[],26,[],2019-01-24 18:26:38,0.0,0.00000004,0.0000000000014229360000000001,6488905,2019-01-24 18:26:38,btc,0.0,1800.0,0.00000004,btc,0.0,0.0,0.0,234
0,[],27,[],2019-01-24 18:26:40,0.0,0,0,6488906,2019-01-24 18:26:40,,0.001146299618,0.0,0,"btc,eth",11462.99618,0.0,0.0,234
0,[],22,[],2019-01-24 18:20:32,0.0,0,0,6488808,2019-01-24 18:20:32,,3.11852563,0.0,0,,90313875.02329598,0.0,0.0,235
1,[],4,[],2019-01-24 18:27:48,649224.17406114,0.00000105,0.000000000037352070000000005,6488940,2019-01-24 18:27:48,btc,0.171763185870023,0.0,0.00000105,btc,130672.05367404,0.11225171,0.1738843003068335,236
1,[],24,[],2019-01-24 18:27:48,0.0,0.000000010000,0.00000000000035573400000000003,6488941,2019-01-24 18:27:48,btc,0.0,0.0,0.000000010000,btc,0.0,0.0,0.0,236
1,[],20,[],2019-01-24 18:26:35,30612431.3261,0.000000067,0.0000000000023834178000000003,6488903,2019-01-24 18:26:35,btc,14.0356890543419,29847081.9832,0.000000067,btc,24073678.0046,1.9394203201917,0.4775511027241,237
0,[],22,[],2019-01-24 18:26:38,0.0,0,0,6488904,2019-01-24 18:26:38,,0.04083605,0.0,0,,4179.0,0.0,0.0,237
1,[],4,[],2019-01-24 18:24:05,5224256.28583975,0.00000031,0.000000000011027754,6488842,2019-01-24 18:24:05,btc,0.5660237563189258,0.0,0.00000031,btc,1682402.45676825,0.23584116,1.4410130571002835,238
1,[],5,[],2019-01-24 18:24:08,3.96e-06,0.00000032,0.000000000011383488000000001,6488843,2019-01-24 18:24:08,btc,0.57203728,0.04572361,0.00000032,btc,2.906e-05,0.0,0.2364053,238
1,[],22,[],2019-01-24 18:24:18,281968.75,0.00000005,0.0000000000017786700000000001,6488846,2019-01-24 18:24:18,BTC,15.41132459,0.0,0.00000005,BTC,240508.69643307183,0.0,0.00945438,249
0.00000000009005640000000001,[],22,[],2019-01-24 18:23:50,2414166.0,4.502820000000001e-18,1.6018061698800003e-22,6488834,2019-01-24 18:23:50,LTC,0.43490749,0.0,0.00000005,LTC,12631887.29,7.114455600000001e-13,0.04430538,252
1,[],28,[],2019-01-24 18:24:48,3177291.767,0.00000009,0.0000000000032016060000000002,6488863,2019-01-24 18:24:48,btc,164692.82941623125,46012.666,0.00000009,btc,1141292.6695,0.0,0.05215087994,256
0,[],27,[],2019-01-24 19:10:29,0.0,0,0,6488967,2019-01-24 19:10:29,,4.96668,0.0,0,"btc,eth",90.59,0.0,0.0,257
1,[],22,[],2019-01-24 19:15:20,56802.375,0.00000008,0.000000000002850968,6488989,2019-01-24 19:15:20,BTC,35605.68067355,0.0,0.00000008,BTC,708394.3310213444,0.00020735,0.00083728,258
1,[],22,[],2019-01-24 18:28:21,6557.029333333333,0.00000750,0.0000000002668005,6488948,2019-01-24 18:28:21,BTC,4.68622194,0.0,0.00000750,BTC,6028.378238095238,0.00047831,0.03311258,262
1,[],5,[],2019-01-24 18:27:40,5.898e-05,0.00000321,0.000000000114190614,6488935,2019-01-24 18:27:40,btc,10.87631719,0.56988017,0.00000321,btc,1.14183641,0.0,0.18722398,264
1,[],20,[],2019-01-24 18:27:42,1777565.359,0.0000045,0.00000000016008030000000002,6488936,2019-01-24 18:27:42,btc,5.1138574680343,59834.8539,0.0000045,btc,83447.2534,0.380502276658,0.0342154904544,264
1,[],22,[],2019-01-24 19:11:06,148050.25,0.00000005,0.000000000001781855,6488976,2019-01-24 19:11:06,BTC,6.39655524,0.0,0.00000005,BTC,199536.05470818645,0.00087211,0.00452422,271
0,[],22,[],2019-01-24 19:15:24,0.0,0,0,6488991,2019-01-24 19:15:24,,326.76482434,0.0,0,,10642389200.0,0.0,0.0,272
0.0000000000000057,[],28,[],2019-01-24 19:15:26,348636614290.686,5.4150000000000004e-21,1.9297489650000003e-25,6488992,2019-01-24 19:15:26,doge,4400004.225805788,12319345129.998,0.00000095,doge,133977909751.71399,0.0,5.611534819932236e-10,272
