pairValue,buyBook,exchangeId,sellBook,updated,buyTotal,satoshiPrice,usdPrice,exchangeLogId,created,bestPair,sellTotalBtc,volume,pairPrice,activePairs,sellTotal,volumeBtc,buyTotalBtc,coinId
0,[],2,[],2019-01-20 23:28:45,0.0,0,0,6477011,2019-01-20 23:28:45,,0.0,0.0,0,,0.0,0.0,0.0,1
1,[],3,[],2019-06-25 20:25:41,33566.80135214369,0.0102081499999999991690202705285628326237201690673828125,0.000001167124330689999951693376803,7764445,2019-06-25 20:25:41,btc,9.376585910240822,59.4286135951,0.0102081499999999991690202705285628326237201690673828125,btc,40.439533010573,0.0,0.3274598217946873,1
1,[],4,[],2019-06-25 20:25:42,208808.86613392,0.01017001,0.000001162763685326000046526962446,7764446,2019-06-25 20:25:42,btc,8.977067512804815,0.0,0.01017001,btc,413.09282065,2.91037149,4.120017686468877,1
1,[],5,[],2019-06-25 20:25:44,0.0,0,0,7764447,2019-06-25 20:25:44,btc,0.0,0.19134103,0,btc,0.0,0.0,0.0,1
1,[],10,[],2019-06-25 20:25:47,309061.14906742,0.00281941,0.000000322350475766,7764448,2019-06-25 20:25:47,btc,6521.436801180518,1918.75075668,0.00281941,btc,1225.95399423,0.0,1.6917209605458658,1
1,[],12,[],2019-06-25 20:25:49,91.34614948000001,0.00991000000000000040578651550049471552483737468719482421875,0.000001133036066000000091732065362,7764449,2019-06-25 20:25:49,btc,0.2968811726658,0.0,0.00991000000000000040578651550049471552483737468719482421875,btc,24.71054194,0.891535571959,0.1795819277917,1
1,[],20,[],2019-06-25 20:25:51,919.0921,0.010300041,0.000001177630467636600047121843616,7764450,2019-06-25 20:25:51,btc,0.1510105168396,0.7256,0.010300041,btc,11.134,0.0084924293823,0.1359263451153,1
1,[],21,[],2019-06-25 20:25:51,1470.50993616,0.009950000000000000510702591328,0.000001137609370000000103910389816,7764451,2019-06-25 20:25:51,btc,10.626092158983885,4285.33256032,0.00995000000000000051070259132757200859487056732177734375,"btc,eth",1410.83470576,41.68302343010293,10.510510742624847,1
1,[],22,[],2019-06-25 20:25:55,0.0199,0.00110000,0.00000012576586,7764452,2019-06-25 20:25:55,BTC,0.01666796,0.0,0.00110000,BTC,0.25318100557485945,0.0,2.189e-05,1
1,[],24,[],2019-06-25 20:25:55,0.0,0.000000000000,0,7764453,2019-06-25 20:25:55,btc,0.0,0.0,0.000000000000,btc,0.0,0.0,0.0,1
0.0,[],25,[],2019-06-25 20:25:56,0.0,0,0,7764454,2019-06-25 20:25:56,btc,17.699999999378843,13276.82326547,0.0,btc,1722.69733222,137.2,0.0,1
1,[],26,[],2019-06-25 20:25:59,0.0,0,0,7764455,2019-06-25 20:25:59,,0.0,0.0,0,,0.0,0.0,0.0,1
0,[],28,[],2019-06-25 20:26:00,0.0,0,0,7764456,2019-06-25 20:26:00,,0.0,0.0,0,,0.0,0.0,0.0,1
1,[],5,[],2019-06-17 14:29:02,0.0,0,0,7740076,2019-06-17 14:29:02,btc,0.0,2.72e-05,0,btc,0.0,0.0,0.0,2
1,[],22,[],2019-06-17 14:29:06,11550.3,0.0000002,0.0000000000185828,7740077,2019-06-17 14:29:06,BTC,21.00897301,0.0,0.0000002,"BTC,XMR",20678.87287795317,1.754e-05,0.00143681,2
1,[],5,[],2019-06-03 14:48:58,0.0,0,0,7731126,2019-06-03 14:48:58,btc,0.0,0.05905545,0,btc,0.0,0.0,0.0,3
1,[],12,[],2019-06-03 14:48:59,3468623.70302,0.000000116,0.000000000009823402000000002,7731127,2019-06-03 14:48:59,btc,169531.0336573751,0.0,0.000000116,btc,2361209.62379607,0.041350953071,0.33764769154428,3
0,[],28,[],2019-06-03 14:49:00,0.0,0,0,7731128,2019-06-03 14:49:00,,0.0,0.0,0,,0.0,0.0,0.0,3
0,[],2,[],2019-01-20 23:31:32,0.0,0,0,6477077,2019-01-20 23:31:32,,0.0,0.0,0,,0.0,0.0,0.0,4
1,[],4,[],2019-05-18 21:29:50,562734.9206932,0.00000010,0.000000000007298720000000001,7650946,2019-05-18 21:29:50,btc,41.9347137769675,0.0,0.00000010,btc,1123702.32192634,0.00052462,0.029254593370966,4
0,[],12,[],2019-06-02 05:03:43,0.0,0,0,7724919,2019-06-02 05:03:43,btc,625.901992874995,0.0,0,btc,1211362.4995005,0.0,0.0,5
0,[],2,[],2019-01-20 23:31:51,0.0,0,0,6477087,2019-01-20 23:31:51,,0.0,0.0,0,,0.0,0.0,0.0,6
1,[],11,[],2019-06-25 20:26:02,4653040.276736,0.00000002,0.000000000002286652,7764457,2019-06-25 20:26:02,btc,9583.545560852632,808000.0,0.00000002,btc,75615227.64770687,0.0,0.051203572767360005,6
1,[],3,[],2019-06-25 20:26:03,12608.953878813076,0.00008500000000000000610622663543836097232997417449951171875,0.000000009718271000000002,7764458,2019-06-25 20:26:03,btc,1026.6700431452894,529.854334368,0.00008500000000000000610622663543836097232997417449951171875,btc,402.355953178042,0.0,0.02236172697218617,7
1,[],4,[],2019-06-25 20:26:04,314566.32921932,0.00006820,0.00000000779748332,7764459,2019-06-25 20:26:04,btc,6.798503066977603,0.0,0.00006820,btc,52076.21980127,1.67137012,1.8808221543714143,7
1,[],5,[],2019-06-25 20:26:05,0.0,0,0,7764460,2019-06-25 20:26:05,btc,0.0,0.05824569,0,btc,0.0,0.0,0.0,7
1,[],20,[],2019-04-07 22:06:50,3201475.0482,0.000000001,0.000000000000051590000000000004,7213932,2019-04-07 22:06:50,btc,30.8005781811902,0.0,0.000000001,btc,23077405.3926,0.0,0.0032014750482,8
0,[],2,[],2019-01-20 23:22:42,0.0,0,0,6476876,2019-01-20 23:22:42,,0.0,0.0,0,,0.0,0.0,0.0,9
0,[],23,[],2019-01-20 23:22:48,0.0,0,0,6476878,2019-01-20 23:22:48,,0.0,0.0,0,,0.0,0.0,0.0,9
1,[],1,[],2019-02-17 23:31:42,1822507.21,0.00000181000000000000003456111265232042484285557293333113193511962890625,0.000000000066086901,6701244,2019-02-17 23:31:42,btc,3.6990969245,17153386.5,0.00000181000000000000003456111265232042484285557293333113193511962890625,btc,1997391.71,31.11772986,3.2610482446,9
1,[],4,[],2019-06-25 20:26:07,1336753.92861584,0.00000048,0.000000000054879648,7764461,2019-06-25 20:26:07,btc,3.0174072837042183,0.0,0.00000048,btc,3133564.29965354,0.57324546,0.2888698762600317,9
0,[],28,[],2019-06-25 20:26:08,0.0,0,0,7764462,2019-06-25 20:26:08,,0.0,0.0,0,,0.0,0.0,0.0,9
1,[],4,[],2019-02-17 11:22:43,4341674.27126056,0.00000002,0.0000000000007272960000000001,6696112,2019-02-17 11:22:43,btc,0.1997230937751353,0.0,0.00000002,btc,4109766.79808031,0.00215132,0.0479381022052112,10
0,[],2,[],2019-01-20 23:23:08,0.0,0,0,6476890,2019-01-20 23:23:08,,0.0,0.0,0,,0.0,0.0,0.0,12
1,[],4,[],2019-06-25 20:26:09,39884644.50110053,0.00000028,0.000000000032013128000000004,7764463,2019-06-25 20:26:09,btc,6.882773284370397,0.0,0.00000028,btc,8794748.99551174,0.71919712,1.7530652863945824,12
1,[],5,[],2019-06-25 20:26:10,0.0,0,0,7764464,2019-06-25 20:26:10,btc,0.0,0.00770379,0,btc,0.0,0.0,0.0,12
0.0,[],25,[],2019-06-25 20:26:11,0.0,0,0,7764465,2019-06-25 20:26:11,,0.0,0.0,0.0,btc,0.0,0.0,0.0,12
1,[],4,[],2019-06-25 20:26:12,540514.84109389,0.00000300,0.00000000034299780000000003,7764466,2019-06-25 20:26:12,btc,2.075229737010386,0.0,0.00000300,btc,342465.61072289,0.40212708,0.2153942072800514,13
1,[],10,[],2019-06-25 20:26:14,555626.00980954,0.00000316,0.000000000361291016,7764467,2019-06-25 20:26:14,btc,666798.2501355315,32093.6619117,0.00000316,btc,863450.05474224,0.0,0.2062314774140771,13
1,[],21,[],2019-06-25 20:26:15,5719960.17093227,0.000003069999999999999829312967783,0.000000000351001082,7764468,2019-06-25 20:26:15,btc,3.2891258174861213,1649809.16826913,0.00000306999999999999982931296778343455144977269810624420642852783203125,btc,859352.16890865,5.48101529,2.784698080200638,13
0,[],17,[],2019-05-03 00:53:32,0.0,0,0,7558876,2019-05-03 00:53:32,btc,0.0,0.0,0,btc,0.0,0.0,0.0,14
1,[],4,[],2019-06-25 20:26:16,946262.62527335,0.00000056,0.00000000006402625600000001,7764469,2019-06-25 20:26:16,btc,3.861191979604471,0.0,0.00000056,btc,1565935.30603876,0.01698536,0.0801225867200022,14
1,[],12,[],2019-06-25 20:26:16,216612.8369341,0.00000055,0.00000000006288293,7764470,2019-06-25 20:26:16,btc,193.4745328944011,0.0,0.00000055,btc,26742.58920806,0.00116210085,0.0172050499999836,14
1,[],26,[],2019-06-25 20:28:16,0.0,0.00000050,0.000000000057166300000000005,7764471,2019-06-25 20:28:16,btc,0.0,0.0,0.00000050,btc,0.0,0.0,0.0,14
,[],12,[],2018-12-01 15:15:48,204241.84496,0.00000489,0.000000000202473384,5260204,2018-12-01 15:15:48,btc,49.5475654835,0.0,,btc,35763.2193806,0.0163153972027625,0.0203389899998,15
0,[],4,[],2019-06-25 20:28:17,0.0,0,0,7764472,2019-06-25 20:28:17,,0.0,0.0,0,,0.0,0.0,0.0,15
0,[],2,[],2019-01-20 23:23:38,0.0,0,0,6476906,2019-01-20 23:23:38,,0.0,0.0,0,,0.0,0.0,0.0,18
0,[],17,[],2019-05-03 00:53:39,0.0,0,0,7558882,2019-05-03 00:53:39,btc,0.0,0.0,0,btc,0.0,0.0,0.0,18
1,[],4,[],2019-06-25 20:28:19,30212.26921919,0.00000901,0.000000001030136726,7764473,2019-06-25 20:28:19,btc,2.4536524130769966,0.0,0.00000901,btc,16900.08248981,0.03071257,0.0334442519271113,18
1,[],10,[],2019-06-25 20:28:21,424930.98495846,0.00000785,0.00000000089751091,7764474,2019-06-25 20:28:21,btc,14.897199959247105,11111.5493241,0.00000785,btc,11830.53652745,0.0,0.3074031344678075,18
1,[],12,[],2019-06-25 20:28:21,1902.98589937,0.000008559999999999999358533953053296272628358565270900726318359375,0.000000000978687056,7764475,2019-06-25 20:28:21,btc,0.5224473439117233,0.0,0.000008559999999999999358533953053296272628358565270900726318359375,btc,1928.63658592,2.604016e-06,0.0120038392256123,18
0,[],27,[],2019-06-25 20:30:30,0.0,0,0,7764480,2019-06-25 20:30:30,,0.0,0.0,0,btc,0.0,0.0,0.0,19
0,[],2,[],2019-01-20 23:24:19,0.0,0,0,6476924,2019-01-20 23:24:19,,0.0,0.0,0,,0.0,0.0,0.0,19
1,[],3,[],2019-06-25 20:30:22,151826.39585617158,0.00000895000000000000070672634411295121026341803371906280517578125,0.00000000102327677,7764476,2019-06-25 20:30:22,btc,190.5698778791101,15704.0923542,0.00000895000000000000070672634411295121026341803371906280517578125,btc,18985.200664383156,0.0,0.05071668156738519,19
1,[],4,[],2019-06-25 20:30:23,341389.56971889,0.00000822,0.000000000939813972,7764477,2019-06-25 20:30:23,btc,5.415682836477663,0.0,0.00000822,btc,247783.24694702,0.16359785,1.4807656622166927,19
1,[],5,[],2019-06-25 20:30:24,0.0,0,0,7764478,2019-06-25 20:30:24,btc,0.0,0.00706489,0,btc,0.0,0.0,0.0,19
1,[],12,[],2019-06-25 20:30:24,107356.36598033,0.0000059299999999999999751782754631168614878333755768835544586181640625,0.0000000006779923180000001,7764479,2019-06-25 20:30:24,btc,1.2062604892606437,0.0,0.0000059299999999999999751782754631168614878333755768835544586181640625,btc,3005.56434316,0.000262574361,0.0107101399997692,19
1,[],4,[],2019-06-25 20:30:31,10087097.23656777,0.00000005,0.0000000000057166300000000005,7764481,2019-06-25 20:30:31,btc,5.170127655812324,0.0,0.00000005,btc,2245045.26778403,0.0,0.1176747238096551,20
0,[],4,[],2019-06-25 20:30:32,0.0,0,0,7764482,2019-06-25 20:30:32,,11310.73618847439,0.0,0,,83655605.10349499,0.0,0.0,21
0,[],12,[],2019-06-25 20:30:33,0.0,0,0,7764483,2019-06-25 20:30:33,btc,2602.9527291812988,0.0,0,btc,8017842.9280719,5.804196e-06,0.0,21
0,[],17,[],2019-05-03 00:53:51,0.0,0,0,7558891,2019-05-03 00:53:51,btc,0.0,0.0,0,btc,0.0,0.0,0.0,21
1,[],12,[],2019-06-25 20:32:34,6044342774.277,0.0000000004,0.000000000000045733040000000006,7764484,2019-06-25 20:32:34,btc,1426624035109.2205,0.0,0.0000000004,btc,2601257421.096338,0.135722586597,1.5165766734108004,23
0.0000000002717552,[],27,[],2019-06-25 20:32:40,43547676.0,8.152656000000001e-18,9.321143573856e-22,7764485,2019-06-25 20:32:40,eth,1072.77874415082,1083341.75224774,0.00000003,eth,5438446.756,8.832111938800001e-12,2.0298995439107202e-10,23
1,[],4,[],2019-06-22 05:45:29,6100414.07522138,0.00000017,0.00000000001823352,7751732,2019-06-22 05:45:29,btc,10.22685272773715,0.0,0.00000017,btc,1790815.48208265,0.0,0.1345450262400025,24
0,[],22,[],2019-06-22 05:45:31,0.0,0,0,7751733,2019-06-22 05:45:31,,6.22e-05,0.0,0,,517.4264705882352,0.0,0.0,24
0.0,[],25,[],2019-06-22 05:45:32,0.0,0,0,7751734,2019-06-22 05:45:32,,0.0,0.0,0.0,btc,0.0,0.0,0.0,24
1,[],4,[],2019-06-25 20:32:41,26918350.90383102,0.00000352,0.000000000402450752,7764486,2019-06-25 20:32:41,btc,6.1879370512899765,0.0,0.00000352,btc,217274.55477536,0.05118665,0.3700539988663622,26
1,[],10,[],2019-06-25 20:32:42,162227.15326888,0.00000405,0.00000000046304703,7764487,2019-06-25 20:32:42,btc,25.362785675740234,5705.77779826,0.00000405,btc,20540.3816311,0.0,0.0501600688309584,26
0,[],2,[],2019-01-20 23:25:56,0.0,0,0,6476976,2019-01-20 23:25:56,,0.0,0.0,0,,0.0,0.0,0.0,26
1,[],5,[],2019-04-26 09:47:06,0.0,0,0,7465326,2019-04-26 09:47:06,btc,0.0,0.0,0,btc,0.0,0.0,0.0,27
1,[],3,[],2019-06-17 14:30:26,13571825.64059417,0.00000001,0.00000000000092914,7740112,2019-06-17 14:30:26,btc,3.485049956644059,4264730.43754,0.00000001,btc,23500048.28518193,0.0,0.1357182564059417,27
1,[],11,[],2019-06-17 14:30:28,2031833.58157834,0.00000001,0.00000000000092914,7740113,2019-06-17 14:30:28,btc,67502.92060589766,32677.9652116,0.00000001,btc,6487362.95640949,0.0,0.0203183358157834,27
1,[],4,[],2019-06-25 20:32:43,813073227.181054,0.00000001,0.000000000001143326,7764488,2019-06-25 20:32:43,btc,5.953985902449237,0.0,0.00000001,"btc,ltc",414821020.72355163,0.91018411,4.404815933602266,29
1,[],7,[],2019-06-25 20:32:45,86223999.22994736,0.00000001,0.000000000001143326,7764489,2019-06-25 20:32:45,btc,46548272.214670084,715808.898775,0.00000001,btc,37247877.71724081,0.00720072,0.8622399922994736,29
1,[],4,[],2019-06-25 20:32:46,15293585.06889388,0.00000005,0.0000000000057166300000000005,7764490,2019-06-25 20:32:46,btc,2.5888396630071338,0.0,0.00000005,btc,2248924.27404088,0.00333697,0.1669628815433216,30
0,[],17,[],2019-05-03 01:11:25,0.0,0,0,7559066,2019-05-03 01:11:25,btc,0.0,0.0,0,btc,0.0,0.0,0.0,30
1,[],4,[],2019-06-25 20:12:39,237437.18739964,0.00002853,0.000000003256602498,7764369,2019-06-25 20:12:39,btc,3.467033411984394,0.0,0.00002853,btc,56819.83367269,0.37123704,0.4484981525473112,31
1,[],21,[],2019-06-25 20:12:39,1226186.32208227,0.00002903999999999999978702799885,0.000000003314817264,7764370,2019-06-25 20:12:39,btc,3.508522261544562,438759.76847748,0.0000290399999999999997870279988543273930190480314195156097412109375,btc,96391.05110361,12.91277289,3.87178746045311,31
0,[],2,[],2019-01-20 23:28:43,0.0,0,0,6477009,2019-01-20 23:28:43,,0.0,0.0,0,,0.0,0.0,0.0,32
0,[],4,[],2019-06-25 20:12:41,0.0,0,0,7764371,2019-06-25 20:12:41,,0.0,0.0,0,,0.0,0.0,0.0,33
1,[],12,[],2019-03-30 07:55:10,40641173.964,0.00000003,0.000000000001228359,7108785,2019-03-30 07:55:10,btc,4233210.82356125,0.0,0.00000003,btc,28378394.68333462,0.0126927883965248,0.90752895892,33
0.000000000116493,[],4,[],2019-06-25 20:12:42,149278608.9180628,5.2421849999999997e-17,5.98377594321e-21,7764372,2019-06-25 20:12:42,ltc,4.238370841856578,0.0,0.00000045,ltc,164535224.62009624,0.0,7.380946126110081e-10,34
1,[],5,[],2019-06-25 20:12:42,0.0,0,0,7764373,2019-06-25 20:12:42,btc,0.0,0.01,0,btc,0.0,0.0,0.0,34
0.0000000002926451,[],17,[],2019-05-02 18:17:47,200000.0,2.9264510000000002e-18,1.596703856561e-22,7556430,2019-05-02 18:17:47,eth,0.20942468735267253,0.0,0.00000001,"btc,eth",1018272.20243647,0.0,5.852902e-13,36
0.0000000001311821,[],4,[],2019-05-31 13:28:19,2417517744.0607657,1.311821e-18,1.105058333085e-22,7717483,2019-05-31 13:28:19,ltc,5.019900492391546e-08,0.0,0.00000001,ltc,7102398142.262129,0.0,3.171350544531538e-09,36
1,[],5,[],2019-05-31 13:28:21,0.0,0,0,7717484,2019-05-31 13:28:21,btc,0.0,0.0,0,btc,0.0,0.0,0.0,36
0.0000000003108179,[],27,[],2019-05-31 13:30:34,10388811.226876,6.216358000000001e-18,5.236566733830001e-22,7717485,2019-05-31 13:30:34,eth,1569.8708019850988,761866.634299,0.00000002,"ltc,eth",5084024.2511555,4.736034912207001e-12,3.3251980286483705e-11,36
1,[],4,[],2019-06-25 10:05:55,10747826.61931615,0.00000014,0.000000000015920562,7762320,2019-06-25 10:05:55,btc,19773.05513423956,0.0,0.00000014,btc,682946.14349671,0.0006293,0.1362851255028938,37
1,[],12,[],2019-06-25 10:05:57,4167862.54235103,0.00000013,0.000000000014783379,7762321,2019-06-25 10:05:57,btc,7.381091518261743,0.0,0.00000013,btc,1713444.53926904,0.016313049979,0.1478110147956336,37
1,[],27,[],2019-06-25 10:08:02,10970.0,0.00000019,0.000000000021606477,7762322,2019-06-25 10:08:02,btc,22.62970013895233,0.0,0.00000019,btc,4298.824295,0.0,0.00167419,37
1,[],17,[],2019-05-03 01:11:36,211752.74075282,0.00000025,0.000000000013700074999999998,7559074,2019-05-03 01:11:36,btc,0.055484923955058496,0.0,0.00000025,"btc,eth",1387.19918473,0.0,0.0005381851887916605,37
1,[],5,[],2019-06-25 20:34:47,0.0,0,0,7764491,2019-06-25 20:34:47,btc,0.0,0.22680767,0,btc,0.0,0.0,0.0,42
1,[],12,[],2019-06-25 20:34:49,2029033.28797101,0.000001790000000000000014290326734445191192435231641866266727447509765625,0.00000000020465535400000001,7764492,2019-06-25 20:34:49,btc,525.3301730310475,0.0,0.000001790000000000000014290326734445191192435231641866266727447509765625,btc,138806.64487899,0.079323533815,0.0652573899998357,42
1,[],27,[],2019-06-25 20:34:56,889.0,0.00000140,0.00000000016006564,7764493,2019-06-25 20:34:56,btc,0.07600425,0.0,0.00000140,"btc,eth",18.0,0.0,0.0005422000002855061,42
1,[],12,[],2019-03-13 09:13:29,1112112.0,0.00000001,0.000000000000386531,6919902,2019-03-13 09:13:29,btc,29058.00478931866,0.0,0.00000001,btc,5967681.93306694,9.99000999e-07,0.01112112,43
1,[],5,[],2019-04-26 22:38:52,0.0,0,0,7474154,2019-04-26 22:38:52,btc,0.0,0.02638891,0,btc,0.0,0.0,0.0,43
0,[],17,[],2019-04-26 22:38:53,0.0,0,0,7474155,2019-04-26 22:38:53,btc,0.0,0.0,0,btc,0.0,0.0,0.0,43
1,[],12,[],2019-03-05 01:54:08,639326.02,0.00000004,0.000000000001486676,6845775,2019-03-05 01:54:08,btc,11116042.728239931,0.0,0.00000004,btc,1103841.4595604,0.0003330765234764,0.014975410599999999,44
0.000000000116493,[],4,[],2019-06-25 20:12:52,107000554.7037282,4.892706e-17,5.584857546996e-21,7764377,2019-06-25 20:12:52,ltc,1601.88618186636,0.0,0.00000042,ltc,26041046.57580088,0.00097655,5.524746149817145e-10,49
0.000000000116493,[],4,[],2019-06-25 20:12:53,318960727.81463796,2.213367e-17,2.526483176022e-21,7764378,2019-06-25 20:12:53,ltc,28149.846226156827,0.0,0.00000019,ltc,200077250.13534594,0.0,2.2571431321195825e-09,52
0,[],22,[],2019-06-25 20:12:55,0.0,0,0,7764379,2019-06-25 20:12:55,,10289.80784133,0.0,0,,287058287.4566013,0.0,0.0,57
0,[],27,[],2019-06-25 20:13:02,0.0,0,0,7764380,2019-06-25 20:13:02,,0.0,0.0,0,"btc,eth",0.0,0.0,0.0,57
0,[],4,[],2019-06-25 20:13:03,0.0,0,0,7764381,2019-06-25 20:13:03,,19.71936598152415,0.0,0,,5732495574.402391,0.0,0.0,58
0,[],12,[],2019-06-25 20:13:04,0.0,0,0,7764382,2019-06-25 20:13:04,btc,50455252.12200602,0.0,0,btc,3633135313.024932,0.061734016442,0.0,58
0.00000000009944410000000001,[],22,[],2019-06-25 20:15:08,126877.0,9.94441e-19,1.135120590506e-22,7764383,2019-06-25 20:15:08,XMR,68.17454206,0.0,0.00000001,XMR,9626402.6,0.0,0.00126877,58
1,[],17,[],2019-05-03 01:12:09,1200000.0,0.0000000001,0.00000000000000548003,7559085,2019-05-03 01:12:09,btc,1e+24,0.0,0.0000000001,"btc,eth",39516342.31952568,0.0,0.00010000000058666061,58
1,[],5,[],2019-06-17 14:31:27,0.0,0,0,7740135,2019-06-17 14:31:27,btc,0.0,0.00079154,0,btc,0.0,0.0,0.0,61
1,[],22,[],2019-06-17 14:31:30,13612.833333333334,0.00000012,0.00000000001114968,7740136,2019-06-17 14:31:30,BTC,1002.29123003,0.0,0.00000012,BTC,15014.200177125656,0.0,0.00153257,61
1,[],26,[],2019-06-17 14:31:30,0.0,0.00000050,0.000000000046457,7740137,2019-06-17 14:31:30,btc,0.0,0.0,0.00000050,btc,0.0,0.0,0.0,61
1,[],27,[],2019-06-17 14:31:36,8400.0,0.00000018,0.00000000001672452,7740138,2019-06-17 14:31:36,btc,1.9742539297246655,0.0,0.00000018,"btc,eth",10953.51663696,0.0,0.001512,61
0,[],28,[],2019-06-17 14:31:38,0.0,0,0,7740139,2019-06-17 14:31:38,,0.0,0.0,0,,0.0,0.0,0.0,61
1,[],4,[],2019-06-25 20:15:09,489741.08306591,0.00000067,0.000000000076478222,7764384,2019-06-25 20:15:09,btc,3.4314390373515162,0.0,0.00000067,btc,1296200.54136883,0.08213683,0.261982087008321,67
0.0,[],25,[],2019-06-25 20:15:10,0.0,0,0,7764385,2019-06-25 20:15:10,,0.0,0.0,0.0,btc,0.0,0.0,0.0,67
1,[],12,[],2019-06-02 06:23:14,910048.355,0.00000006,0.000000000005154929999999999,7725270,2019-06-02 06:23:14,btc,5.167005424215783,0.0,0.00000006,btc,738530.60239759,0.003159757462,0.0187188113,71
,[],5,[],2018-11-20 23:02:39,1.5e-07,0.00000005,0.000000000002128045,4862160,2018-11-20 23:02:39,btc,2.84511358,0.0,,btc,0.00036572,0.0,0.07381892,74
1,[],5,[],2019-06-25 20:15:12,0.0,0,0,7764386,2019-06-25 20:15:12,btc,0.0,0.02179951,0,btc,0.0,0.0,0.0,75
1,[],4,[],2019-06-04 03:25:15,715281.46076168,0.00000001,0.000000000000803619,7734085,2019-06-04 03:25:15,btc,581089.6218469425,0.0,0.00000001,btc,37692563.61091116,0.0,0.0071528146076168,81
0,[],20,[],2019-01-25 09:30:31,0.0,0,0,6495923,2019-01-25 09:30:31,btc,0.0,0.0,0,btc,0.0,0.0,0.0,81
1,[],4,[],2019-06-25 20:15:13,186869.81679317,0.00009501,0.000000010845068466,7764387,2019-06-25 20:15:13,btc,57.13917162283956,0.0,0.00009501,btc,112602.84502412,0.92774751,0.3644800781296075,82
1,[],21,[],2019-06-25 20:15:14,56600.87962853,0.00008995999999999999927492028151,0.000000010268628136,7764388,2019-06-25 20:15:14,btc,5.731194607049536,23852.13544397,0.000089959999999999999274920281511214170677703805267810821533203125,btc,51491.17769442,2.2728474,4.04545331588596,82
0,[],17,[],2019-03-25 22:42:34,0.0,0,0,7038780,2019-03-25 22:42:34,btc,0.0445064681804024,0.0,0,btc,995513.18476001,0.0,0.0,84
0.0000000001161485,[],4,[],2019-05-20 13:09:39,216715621.0206096,1.161485e-18,9.0533806701e-23,7657228,2019-05-20 13:09:39,ltc,1.6511566870244727,0.0,0.00000001,ltc,471032407.9048656,0.0,2.5171194308112273e-10,85
,[],22,[],2018-11-20 23:09:34,3408.1,0.0000001,0.0000000000041895,4862324,2018-11-20 23:09:34,BTC,0.04624735,0.0,,BTC,4990.0,0.0,0.00033081,86
1,[],22,[],2019-06-25 20:15:17,68694.0,0.00000005,0.00000000000570733,7764389,2019-06-25 20:15:17,BTC,1.84070553,0.0,0.00000005,BTC,241024.94736842104,0.0,0.00092846,87
1,[],27,[],2019-06-25 20:15:24,310586.0,0.0000002,0.00000000002282932,7764390,2019-06-25 20:15:24,btc,13.153926534,51450.0,0.0000002,btc,521637.456,0.01029,0.01793108,87
,[],2,[],2018-11-20 23:10:47,0.0,0,0,4862359,2018-11-20 23:10:47,,0.0,0.0,,,0.0,0.0,0.0,88
1,[],11,[],2019-06-17 14:31:59,193715.3529613,0.000073310000000000001140094962881477158589405007660388946533203125,0.00000000681152534,7740147,2019-06-17 14:31:59,btc,168.35454702024953,5791.70569014,0.000073310000000000001140094962881477158589405007660388946533203125,btc,196971.41170107,0.0,1.1996165759440112,89
0,[],2,[],2019-01-20 23:31:45,0.0,0,0,6477083,2019-01-20 23:31:45,,0.0,0.0,0,,0.0,0.0,0.0,91
1,[],12,[],2019-06-18 02:35:48,427715.74,0.00000015,0.000000000013911045000000001,7746087,2019-06-18 02:35:48,btc,116.61022144471085,0.0,0.00000015,btc,193315.55943968,0.000180759303,0.0129558314,91
1,[],22,[],2019-06-20 20:27:07,75910.0,0.00000002,0.000000000001914908,7746207,2019-06-20 20:27:07,BTC,0.49565371,0.0,0.00000002,"BTC,LTC",6.384990670617935,0.0,0.0016592,91
0,[],17,[],2019-05-03 01:12:26,0.0,0,0,7559096,2019-05-03 01:12:26,btc,0.0,0.0,0,btc,0.0,0.0,0.0,91
1,[],22,[],2019-06-25 20:15:28,105655.66666666667,0.00000003,0.000000000003424398,7764391,2019-06-25 20:15:28,BTC,11.48164101,0.0,0.00000003,"BTC,LTC",314004.4683191416,0.0,0.06677967,95
0.000000000116493,[],4,[],2019-06-25 20:15:29,539023950.1959743,2.562846e-17,2.925401572236e-21,7764392,2019-06-25 20:15:29,ltc,10.920510395432101,0.0,0.00000022,ltc,157349914.76487625,0.0,8.128348172465969e-10,96
0,[],12,[],2019-06-25 20:15:30,0.0,0,0,7764393,2019-06-25 20:15:30,btc,36.49987974884116,0.0,0,btc,9852403.88411588,0.0,0.0,96
0,[],17,[],2019-05-03 01:12:32,0.0,0,0,7559100,2019-05-03 01:12:32,btc,0.0,0.0,0,btc,0.0,0.0,0.0,96
1,[],4,[],2019-04-14 03:32:46,1039404.33283278,0.00000038,0.000000000019245518,7293458,2019-04-14 03:32:46,btc,4.170086055365747,0.0,0.00000038,btc,3097704.34561074,0.06260606,0.1859928211030784,99
0,[],2,[],2019-01-20 23:23:55,0.0,0,0,6476914,2019-01-20 23:23:55,,0.0,0.0,0,,0.0,0.0,0.0,100
1,[],4,[],2019-06-25 20:17:31,261427.27949369,0.00001004,0.000000001146031864,7764394,2019-06-25 20:17:31,btc,7.097286317940556,0.0,0.00001004,btc,166926.88500794,0.34425248,0.1700586660745986,100
1,[],22,[],2019-06-05 06:30:35,150000.0,0.00000002,0.000000000001558192,7740007,2019-06-05 06:30:35,BTC,28.56386409,0.0,0.00000002,BTC,12787.719,0.0,0.0017,101
1,[],4,[],2019-06-25 20:17:32,538648.23684179,0.00000154,0.000000000175785764,7764395,2019-06-25 20:17:32,btc,882.6329878001781,0.0,0.00000154,btc,748265.64782842,0.02738542,0.0883536999755518,103
1,[],12,[],2019-06-17 14:32:14,179201505.10870332,0.000000005,0.00000000000046457,7740154,2019-06-17 14:32:14,btc,113577.79366343976,0.0,0.000000005,btc,79148141.67831126,0.019059029059,0.27280986350611003,105
1,[],27,[],2019-06-17 14:32:19,18306828.03496503,0.00000002,0.00000000000185828,7740155,2019-06-17 14:32:19,btc,180.7198218385489,1083.96503497,0.00000002,btc,276513.60142659,7.588e-05,0.3661365606993006,105
1,[],22,[],2019-04-21 00:17:26,21333.0,0.00000001,0.000000000000532493,7385819,2019-04-21 00:17:26,BTC,51.38182867,0.0,0.00000001,BTC,470435.0,0.0,0.00021333,107
1,[],26,[],2019-04-21 00:17:26,0.0,0.00000000,0,7385820,2019-04-21 00:17:26,btc,0.0,0.0,0.00000000,btc,0.0,0.0,0.0,107
1,[],5,[],2019-06-25 20:17:34,0.0,0,0,7764396,2019-06-25 20:17:34,btc,0.0,0.0,0,btc,0.0,0.0,0.0,112
0,[],22,[],2019-06-25 20:17:36,0.0,0,0,7764397,2019-06-25 20:17:36,,6.79500102,0.0,0,,3375892.0833333335,0.0,0.0,112
1,[],27,[],2019-06-25 20:17:43,1.0,0.00000001,0.000000000001141466,7764398,2019-06-25 20:17:43,btc,0.0,0.0,0.00000001,"btc,eth",0.0,0.0,1e-08,112
1,[],4,[],2019-06-25 20:17:44,1004688.03593442,0.00000061,0.000000000069629426,7764399,2019-06-25 20:17:44,btc,4.692274602507714,0.0,0.00000061,btc,887060.69553582,0.01075416,0.2012950556959733,113
1,[],5,[],2019-06-25 20:17:45,0.0,0,0,7764400,2019-06-25 20:17:45,btc,0.0,0.0,0,btc,0.0,0.0,0.0,113
1,[],17,[],2019-04-26 02:17:47,162738.278,0.00000004,0.0000000000021069000000000002,7461287,2019-04-26 02:17:47,btc,1.3331140273775473,0.0,0.00000004,btc,51796.221,0.0,0.00230953112,116
1,[],27,[],2019-05-22 05:13:01,210000.0,0.00000001,0.00000000000079145,7666372,2019-05-22 05:13:01,btc,3919.0005001478,0.0,0.00000001,btc,128660.871,0.0,0.0021,116
1,[],4,[],2019-05-21 22:31:11,138169.03963019,0.00000701,0.000000000558364025,7664793,2019-05-21 22:31:11,btc,150.95388250938234,0.0,0.00000701,btc,344631.17141974,0.07552974,0.4288357684941946,120
1,[],7,[],2019-05-21 22:31:12,3901.07750076,0.000010679999999999999389654892212320191902108490467071533203125,0.0000000008506887,7664794,2019-05-21 22:31:12,btc,231188.94669936574,0.0,0.000010679999999999999389654892212320191902108490467071533203125,btc,4133.83151364,0.0,0.0113888422364489,120
1,[],20,[],2019-04-07 18:42:29,1914137.0852,0.000000035,0.0000000000017871910000000002,7211992,2019-04-07 18:42:29,btc,32.2497668025648,25528.85,0.000000035,btc,1001975.4986,0.00089350975,0.0152723574729,125
1,[],22,[],2019-06-17 14:32:38,10000.0,0.00000001,0.00000000000092914,7740161,2019-06-17 14:32:38,BTC,0.032061,0.0,0.00000001,BTC,299316.7611111111,0.0,0.0001,126
0,[],2,[],2019-01-20 23:25:46,0.0,0,0,6476969,2019-01-20 23:25:46,,0.0,0.0,0,,0.0,0.0,0.0,131
1,[],4,[],2019-06-25 20:17:47,971705.58235318,0.00000342,0.000000000390381372,7764401,2019-06-25 20:17:47,btc,2.4129526811389366,0.0,0.00000342,btc,175283.12857796,0.09316727,0.6988385085176223,131
1,[],17,[],2019-05-03 01:13:10,10000.0,0.00000001,0.000000000000548003,7559115,2019-05-03 01:13:10,btc,0.0953976503951408,0.0,0.00000001,btc,5037.62507334,0.0,0.0001,131
1,[],4,[],2019-06-17 14:32:42,4848.49465417,0.00007919,0.00000000735785966,7740163,2019-06-17 14:32:42,btc,0.9905723729472744,0.0,0.00007919,btc,202.13055914,0.0,0.0061509344290166,135
1,[],3,[],2019-06-05 06:33:11,40600.27748212,0.00000001,0.000000000000779096,7740019,2019-06-05 06:33:11,btc,0.2308097808993716,2146378.52189,0.00000001,btc,2477992.76904676,0.0,0.0004060027748212,136
1,[],4,[],2019-06-25 20:19:48,704526.92193888,0.00000170,0.00000000019404922,7764402,2019-06-25 20:19:48,btc,113.11937697904132,0.0,0.00000170,btc,534607.67682297,0.00933967,0.3470117102897501,137
1,[],12,[],2019-06-25 20:19:49,67902.21470848,0.000001619999999999999947867764839293247547402643249370157718658447265625,0.000000000184917492,7764403,2019-06-25 20:19:49,btc,80.24213716638212,0.0,0.000001619999999999999947867764839293247547402643249370157718658447265625,btc,83175.92097078,0.00018304,0.016738899999966198,137
1,[],4,[],2019-06-25 20:19:50,520910.27441187,0.00001193,0.000000001361768938,7764404,2019-06-25 20:19:50,btc,5.656456602391131,0.0,0.00001193,btc,177899.09859141,0.22859186,0.3709503512459876,142
1,[],5,[],2019-06-25 20:19:51,0.0,0,0,7764405,2019-06-25 20:19:51,btc,0.0,0.00439957,0,btc,0.0,0.0,0.0,142
1,[],20,[],2019-06-25 20:21:53,268622.2512,0.00001091,0.000000001245339406,7764406,2019-06-25 20:21:53,btc,1.6108500192125,0.0,0.00001091,btc,10067.362,0.0,0.0075221801917,142
1,[],22,[],2019-06-25 20:21:56,10820.0,0.00000600,0.0000000006848796,7764407,2019-06-25 20:21:56,BTC,2.99759384,0.0,0.00000600,BTC,835.7198755539798,0.0,0.0053672,142
0.0,[],25,[],2019-06-25 20:21:57,0.0,0,0,7764408,2019-06-25 20:21:57,,0.0,0.0,0.0,btc,0.0,0.0,0.0,142
0,[],28,[],2019-06-25 20:21:58,0.0,0,0,7764409,2019-06-25 20:21:58,,0.0,0.0,0,,0.0,0.0,0.0,142
1,[],17,[],2019-05-03 01:13:16,32967.38636364,0.00000088,0.000000000048224264,7559122,2019-05-03 01:13:16,btc,20.06976206696776,0.0,0.00000088,btc,2746.079105,0.0,0.0105613000000032,142
0,[],22,[],2019-06-25 20:22:01,0.0,0,0,7764410,2019-06-25 20:22:01,,1635.98618676,0.0,0,,788450755.3,0.0,0.0,143
0,[],22,[],2019-02-25 15:42:22,0.0,0,0,6783783,2019-02-25 15:42:22,,4.2131946,0.0,0,,2322156.0,0.0,0.0,146
,[],22,[],2018-11-20 23:01:11,0.0,0,0,4862114,2018-11-20 23:01:11,,2.56807021,0.0,,,61828.4988236,0.0,0.0,147
1,[],12,[],2019-04-21 06:38:04,193091.5971266,0.00000071,0.000000000037635183,7388679,2019-04-21 06:38:04,btc,2.301232411611175,0.0,0.00000071,btc,9957.48302385,0.00023528,0.0313308199999888,148
1,[],4,[],2019-03-19 21:31:25,255810.0415942,0.00000029,0.000000000011615747,6982695,2019-03-19 21:31:25,btc,218.94922712414143,0.0,0.00000029,btc,793529.37642722,0.00117,0.0608347789473395,152
0,[],22,[],2019-03-19 21:31:27,0.0,0,0,6982696,2019-03-19 21:31:27,,0.0,0.0,0,,0.0,0.0,0.0,152
1,[],5,[],2019-04-26 09:36:59,0.0,0,0,7465040,2019-04-26 09:36:59,btc,0.0,0.0,0,btc,0.0,0.0,0.0,153
,[],16,[],2019-01-11 15:38:59,0.0,0,0,6366141,2019-01-11 15:38:59,btc,0.0,0.0,,btc,0.0,0.0,0.0,155
0,[],23,[],2019-01-20 23:24:29,0.0,0,0,6476932,2019-01-20 23:24:29,,0.0,0.0,0,,0.0,0.0,0.0,156
0,[],22,[],2019-06-04 06:02:09,0.0,0,0,7734688,2019-06-04 06:02:09,,7.43375324,0.0,0,,5955762.942592593,0.0,0.0,156
1,[],22,[],2019-06-25 20:22:05,6996.0,0.00000001,0.000000000001141466,7764411,2019-06-25 20:22:05,BTC,1.7543039,0.0,0.00000001,BTC,57.0,0.0,6.996e-05,157
0,[],22,[],2019-05-21 23:40:32,0.0,0,0,7665049,2019-05-21 23:40:32,,50234.60468402,0.0,0,,54786159.03179465,0.0,0.0,158
,[],17,[],2018-11-20 22:56:10,0.0,0,0,4861976,2018-11-20 22:56:10,btc,1.1265625,0.0,,btc,1000.0,0.0,0.0,159
,[],20,[],2018-11-20 22:56:12,0.0,0,0,4861977,2018-11-20 22:56:12,btc,11912.7940471,0.0,,btc,34413894.3617,0.0,0.0,159
1,[],12,[],2019-05-24 02:51:20,9178.522006449999,0.00000191999999999999982841307998027158276954651228152215480804443359375,0.000000000151222656,7676256,2019-05-24 02:51:20,btc,149.80414728631675,0.0,0.00000191999999999999982841307998027158276954651228152215480804443359375,btc,1115.7451448499999,0.01783167678326,0.0120075778999181,168
1,[],17,[],2019-05-03 01:13:36,42852.0,0.00000002,0.000000000001096006,7559132,2019-05-03 01:13:36,btc,0.04279856251542,0.0,0.00000002,btc,274.46171372,0.0,0.00052852,168
1,[],22,[],2019-05-17 03:01:52,10.0,0.00000001,0.000000000000778341,7642059,2019-05-17 03:01:52,BTC,41.95893009,0.0,0.00000001,BTC,1753972.7737547632,0.0,1e-07,169
1,[],22,[],2019-05-30 08:38:18,202834.0,0.00000002,0.0000000000017416160000000001,7711049,2019-05-30 08:38:18,BTC,27.87002826,0.0,0.00000002,BTC,462189.5410507793,0.0,0.00211768,171
1,[],22,[],2019-05-29 08:05:18,349870.0,0.00000002,0.000000000001705894,7705265,2019-05-29 08:05:18,BTC,24.05907723,0.0,0.00000002,"BTC,LTC",1224285.4355616204,0.0,0.0039847,173
1,[],5,[],2019-06-25 20:22:07,0.0,0,0,7764412,2019-06-25 20:22:07,btc,0.0,0.02536791,0,btc,0.0,0.0,0.0,175
1,[],22,[],2019-06-17 14:33:12,90671.0,0.00000001,0.00000000000092914,7740175,2019-06-17 14:33:12,BTC,394.35459412,0.0,0.00000001,BTC,136275.61833431243,0.0,0.00090671,176
1,[],7,[],2019-06-25 20:22:09,0.0,0,0,7764413,2019-06-25 20:22:09,btc,522525.973681706,0.0,0,btc,27660836.30407514,0.0,0.0,178
0,[],22,[],2019-06-25 20:22:11,0.0,0,0,7764414,2019-06-25 20:22:11,,1.00242428,0.0,0,,57512.0,0.0,0.0,178
0,[],2,[],2019-01-20 23:28:34,0.0,0,0,6477001,2019-01-20 23:28:34,,0.0,0.0,0,,0.0,0.0,0.0,178
0,[],23,[],2019-01-20 23:25:08,0.0,0,0,6476952,2019-01-20 23:25:08,,0.0,0.0,0,,0.0,0.0,0.0,179
1,[],5,[],2019-06-25 20:22:12,0.0,0,0,7764415,2019-06-25 20:22:12,btc,0.0,0.0,0,btc,0.0,0.0,0.0,179
0,[],22,[],2019-06-25 20:22:14,0.0,0,0,7764416,2019-06-25 20:22:14,,5.31753917,0.0,0,,14450788.311946675,0.0,0.0,179
1,[],22,[],2019-06-25 20:24:18,680029.9613636363,0.00000041,0.000000000046800106,7764417,2019-06-25 20:24:18,BTC,40.60585193,0.0,0.00000041,"BTC,LTC",158545.60304348238,0.00717498,0.56457968,180
1,[],26,[],2019-06-25 20:24:18,0.0,0.00000010,0.00000000001141466,7764418,2019-06-25 20:24:18,btc,0.0,0.0,0.00000010,btc,0.0,0.0,0.0,180
1,[],17,[],2019-05-03 01:13:56,20504.725000000002,0.0000001,0.00000000000548003,7559141,2019-05-03 01:13:56,btc,5.2010695838400265,0.0,0.0000001,btc,5033.45945,0.0,0.0011504725,180
,[],7,[],2018-11-20 22:58:01,562227.975654,0.00000085,0.000000000036176765,4862015,2018-11-20 22:58:01,btc,21836.6059674,2491.87645172,,btc,749999.041456,0.00211021,0.127565380455,183
,[],5,[],2019-01-10 08:11:41,0.0,0,0,6347036,2019-01-10 08:11:41,btc,82.15055501,0.00261,,btc,1.19002445,0.0,0.0,187
,[],17,[],2018-11-16 20:58:10,4062536.27273,0.00000001,0.000000000000550501,4708775,2018-11-16 20:58:10,btc,3.36492563466,0.195460381006,,"btc,eth",110697919.549,0.0,0.0157628953496,187
1,[],24,[],2019-05-22 21:04:52,0.0,0.000000000014,0.0000000000000010960978,7670219,2019-05-22 21:04:52,btc,0.0,0.0,0.000000000014,btc,0.0,0.0,0.0,187
0,[],22,[],2019-04-25 02:54:07,0.0,0,0,7447896,2019-04-25 02:54:07,,7.54794454,0.0,0,,76361.7243344055,0.0,0.0,191
0,[],22,[],2019-06-17 14:33:34,0.0,0,0,7740182,2019-06-17 14:33:34,,0.0,0.0,0,,0.0,0.0,0.0,197
0,[],23,[],2019-01-20 23:31:41,0.0,0,0,6477079,2019-01-20 23:31:41,,0.0,0.0,0,,0.0,0.0,0.0,199
0,[],22,[],2019-06-25 20:24:21,0.0,0,0,7764419,2019-06-25 20:24:21,,10.58263174,0.0,0,,84280969.0,0.0,0.0,199
1,[],26,[],2019-06-25 20:24:21,0.0,0.00000000,0,7764420,2019-06-25 20:24:21,btc,0.0,0.0,0.00000000,btc,0.0,0.0,0.0,199
0,[],2,[],2019-01-20 23:30:49,0.0,0,0,6477059,2019-01-20 23:30:49,,0.0,0.0,0,,0.0,0.0,0.0,201
1,[],4,[],2019-01-25 15:51:35,2084389.58565343,0.00000936,0.000000000333526752,6499557,2019-01-25 15:51:35,btc,2.0092503037378524,0.0,0.00000936,btc,160195.80207885,0.19272417,1.242687955921835,211
1,[],7,[],2019-06-25 20:24:24,1170054124.6898527,0.00000018,0.000000000020546388,7764421,2019-06-25 20:24:24,btc,1346838.6258339162,0.0,0.00000018,btc,5739479.26464841,0.0,11.954344045954047,212
1,[],12,[],2019-01-25 02:44:32,207462.42853209,0.000001080000000000000035831255497387193287295303889550268650054931640625,0.000000000038610756000000006,6493050,2019-01-25 02:44:32,btc,85023.03793723314,0.0,0.000001080000000000000035831255497387193287295303889550268650054931640625,btc,43675.73520027,0.000146250909087,0.0348620860622024,213
1,[],5,[],2019-05-30 00:07:46,0.0,0,0,7709357,2019-05-30 00:07:46,btc,0.0,0.06425239,0,btc,0.0,0.0,0.0,213
1,[],24,[],2019-05-30 00:07:46,0.0,0.000000399202,0.0000000000344859829346,7709358,2019-05-30 00:07:46,btc,0.0,0.0,0.000000399202,btc,0.0,0.0,0.0,213
1,[],26,[],2019-05-30 00:07:47,0.0,0.00000040,0.000000000034554919999999996,7709359,2019-05-30 00:07:47,btc,0.0,0.0,0.00000040,btc,0.0,0.0,0.0,213
0,[],22,[],2019-06-25 20:24:27,0.0,0,0,7764422,2019-06-25 20:24:27,,9.56923849,0.0,0,,3661587.2040649247,0.0,0.0,216
0,[],27,[],2019-06-25 20:24:34,0.0,0,0,7764423,2019-06-25 20:24:34,,1948.6815033640976,134267.99198396,0,"btc,ltc",461456.12534794,0.00134268,0.0,216
1,[],22,[],2019-06-25 20:24:37,2982884.518315018,0.00000021,0.000000000023970786,7764424,2019-06-25 20:24:37,BTC,12055.86481112,0.0,0.00000021,BTC,544685.2178421671,0.0015091,0.05544267,217
1,[],7,[],2019-06-25 20:24:38,0.0,0,0,7764425,2019-06-25 20:24:38,btc,1234912.6209040615,0.0,0,btc,89387746.47523518,0.0,0.0,219
0,[],27,[],2019-06-25 20:24:43,0.0,0,0,7764426,2019-06-25 20:24:43,,250.23456542469674,0.0,0,btc,2160556.935837,0.0,0.0,219
0,[],28,[],2019-06-25 20:24:45,0.0,0,0,7764427,2019-06-25 20:24:45,,0.0,0.0,0,,0.0,0.0,0.0,219
0,[],22,[],2019-06-25 20:24:47,0.0,0,0,7764428,2019-06-25 20:24:47,,56.75439223,0.0,0,,184664.6482738741,0.0,0.0,221
1,[],24,[],2019-06-25 20:24:47,0.0,0.000000030000,0.000000000003424398,7764429,2019-06-25 20:24:47,btc,0.0,0.0,0.000000030000,btc,0.0,0.0,0.0,221
1,[],20,[],2019-06-17 14:34:11,26882155.8301,0.000000003,0.000000000000278742,7740192,2019-06-17 14:34:11,btc,100050.81956632523,233521.3529,0.000000003,btc,38769742.8604,0.0007925640587,0.0306863532672,224
0,[],22,[],2019-06-17 14:34:13,0.0,0,0,7740193,2019-06-17 14:34:13,,0.0,0.0,0,,0.0,0.0,0.0,224
1,[],26,[],2019-06-25 20:24:47,0.0,0.00000022,0.000000000025112252,7764430,2019-06-25 20:24:47,btc,0.0,0.0,0.00000022,btc,0.0,0.0,0.0,231
1,[],26,[],2019-06-25 20:24:48,0.0,0.00000005,0.00000000000570733,7764431,2019-06-25 20:24:48,btc,0.0,0.0,0.00000005,btc,0.0,0.0,0.0,234
0.0000000002719358,[],27,[],2019-06-25 20:24:54,100.0,2.719358e-18,3.104054698828e-22,7764432,2019-06-25 20:24:54,eth,0.0,0.0,0.00000001,"btc,eth",0.0,0.0,2.719358e-16,234
1,[],4,[],2019-05-22 17:06:12,91780.56053785,0.00000078,0.000000000061977552,7669277,2019-05-22 17:06:12,btc,5.573372450018177,0.0,0.00000078,btc,729173.93529783,0.0,0.0307060663355679,236
1,[],24,[],2019-05-22 17:06:12,0.0,0.000000010000,0.000000000000794584,7669278,2019-05-22 17:06:12,btc,0.0,0.0,0.000000010000,btc,0.0,0.0,0.0,236
1,[],5,[],2019-06-25 20:24:55,0.0,0,0,7764433,2019-06-25 20:24:55,btc,0.0,1.23264483,0,btc,0.0,0.0,0.0,237
1,[],20,[],2019-06-25 20:24:57,50428327.8944,0.00000007,0.000000000007990262,7764434,2019-06-25 20:24:57,btc,8172549.193943513,13533488.1396,0.00000007,btc,41577009.271,0.9765166257959,1.1166919236714,237
1,[],22,[],2019-06-25 20:25:00,2084614.0,0.00000004,0.000000000004565864,7764435,2019-06-25 20:25:00,BTC,1.20112188,0.0,0.00000004,"BTC,LTC",14507.148717948718,0.0,0.02587451,237
1,[],4,[],2019-06-25 20:25:02,38555795.92135481,0.00000007,0.000000000007990262,7764436,2019-06-25 20:25:02,btc,2.348935725873485,0.0,0.00000007,btc,10629721.11777596,0.10570099,0.6987206704602869,238
1,[],5,[],2019-06-25 20:25:04,0.0,0,0,7764437,2019-06-25 20:25:04,btc,0.0,0.04046707,0,btc,0.0,0.0,0.0,238
0,[],22,[],2019-03-12 16:49:32,0.0,0,0,6914458,2019-03-12 16:49:32,,0.40415746,0.0,0,,526736.5639027493,0.0,0.0,249
0,[],22,[],2019-05-28 23:53:45,0.0,0,0,7703643,2019-05-28 23:53:45,,13.44714864,0.0,0,,43777534.3426455,0.0,0.0,252
0,[],28,[],2019-06-25 20:25:06,0.0,0,0,7764438,2019-06-25 20:25:06,,0.0,0.0,0,,0.0,0.0,0.0,256
1,[],22,[],2019-06-25 20:25:10,545311.0,0.00000001,0.000000000001141466,7764439,2019-06-25 20:25:10,BTC,31464.57209997,0.0,0.00000001,BTC,1031955.2230878276,1.706e-05,0.00545311,258
1,[],22,[],2019-05-19 18:12:02,400.0,0.00000001,0.0000000000007957800000000001,7653905,2019-05-19 18:12:02,BTC,2.415167,0.0,0.00000001,BTC,157.0,0.0,4e-06,259
1,[],5,[],2019-06-25 20:25:11,0.0,0,0,7764440,2019-06-25 20:25:11,btc,0.0,0.02228453,0,btc,0.0,0.0,0.0,264
1,[],20,[],2019-06-25 20:25:12,933814.1036,0.000000326,0.0000000000372117916,7764441,2019-06-25 20:25:12,btc,1.0550729005914,17309.46,0.000000326,btc,38588.7027,0.0095971750779,0.005661345612,264
0,[],22,[],2019-04-12 17:57:27,0.0,0,0,7278186,2019-04-12 17:57:27,,66.37522201,0.0,0,,677842.4169881374,0.0,0.0,271
0,[],22,[],2019-06-25 20:25:15,0.0,0,0,7764442,2019-06-25 20:25:15,,33050469.74148113,0.0,0,,14261527780.7,0.0,0.0,272
0,[],28,[],2019-06-25 20:25:16,0.0,0,0,7764443,2019-06-25 20:25:16,,0.0,0.0,0,,0.0,0.0,0.0,272
1,[],22,[],2019-05-23 07:12:29,219930.0,0.00000004,0.000000000003048688,7671985,2019-05-23 07:12:29,BTC,426.77835217,0.0,0.00000004,BTC,248664.3325962929,0.0,0.00739728,281
1,[],22,[],2019-06-25 20:25:20,2037161.6,0.00000002,0.000000000002282932,7764444,2019-06-25 20:25:20,BTC,4.41803015,0.0,0.00000002,"BTC,LTC",1081055.8038598758,0.00023825,0.0250479,286
0,[],22,[],2019-06-17 14:34:53,0.0,0,0,7740207,2019-06-17 14:34:53,,7337915.80475575,0.0,0,,2078527309.6797826,0.0,0.0,294
