pairValue,buyBook,exchangeId,sellBook,updated,buyTotal,satoshiPrice,usdPrice,exchangeLogId,created,bestPair,sellTotalBtc,volume,pairPrice,activePairs,sellTotal,volumeBtc,buyTotalBtc,coinId
1,[],3,[],2019-05-10 07:43:19,32355.387256107686,0.0105491300000000003123101777191550354473292827606201171875,0.0000006689045096050001,7604779,2019-05-10 07:43:19,btc,3.9121727752953137,157.19723175,0.0105491300000000003123101777191550354473292827606201171875,btc,31.937085519763002,0.0,0.46796944190007583,1
1,[],4,[],2019-05-10 07:43:20,294653.00506277,0.01053868,0.0000006682418907800001,7604780,2019-05-10 07:43:20,btc,9.120344238253896,0.0,0.01053868,btc,421.51040689,3.91183656,0.7092626743296457,1
1,[],5,[],2019-05-10 07:43:22,0.0,0,0,7604781,2019-05-10 07:43:22,btc,0.0,0.17193985,0,btc,0.0,0.0,0.0,1
1,[],10,[],2019-05-10 07:43:25,184866.84190637,0.00915501,0.000000580505451585,7604782,2019-05-10 07:43:25,btc,6525.262534016853,1186.0860889,0.00915501,btc,1471.70292919,0.0,3.713325663917349,1
1,[],12,[],2019-05-10 07:43:27,95.05027967,0.010540000000000000757172102794356760568916797637939453125,0.0000006683255900000001,7604783,2019-05-10 07:43:27,btc,0.1310049175473,0.0,0.010540000000000000757172102794356760568916797637939453125,btc,8.64583234,0.3552361810914,0.5034894747195,1
1,[],20,[],2019-05-10 07:43:29,975.4258,0.010710031,0.0000006791070006635,7604784,2019-05-10 07:43:29,btc,0.079174498354,0.0,0.010710031,btc,5.2397,0.0,0.1761386826696,1
1,[],21,[],2019-05-10 07:43:30,2080.85360702,0.01061420000000000071760375420,0.0000006730305007000002,7604785,2019-05-10 07:43:30,btc,17.638999632463403,7894.44885574,0.0106142000000000007176037541967161814682185649871826171875,"btc,eth",2113.91938878,82.72430372056834,12.89946733136928,1
0,[],22,[],2019-05-10 07:43:33,0.0,0,0,7604786,2019-05-10 07:43:33,,0.3163308,0.0,0,,0.2527518593615956,0.0,0.0,1
1,[],24,[],2019-05-10 07:43:33,0.0,0.000000000000,0,7604787,2019-05-10 07:43:33,btc,0.0,0.0,0.000000000000,btc,0.0,0.0,0.0,1
0.0,[],25,[],2019-05-10 07:43:35,0.0,0,0,7604788,2019-05-10 07:43:35,btc,30.102099998858634,750.45309842,0.0,btc,2773.6277453,8.1912,0.0,1
1,[],26,[],2019-05-10 07:43:36,0.0,0,0,7604789,2019-05-10 07:43:36,,0.0,0.0,0,,0.0,0.0,0.0,1
0,[],28,[],2019-05-10 07:43:37,0.0,0,0,7604790,2019-05-10 07:43:37,,0.0,0.0,0,,0.0,0.0,0.0,1
0,[],2,[],2019-01-20 23:28:45,0.0,0,0,6477011,2019-01-20 23:28:45,,0.0,0.0,0,,0.0,0.0,0.0,1
1,[],5,[],2019-05-10 07:43:39,0.0,0,0,7604791,2019-05-10 07:43:39,btc,0.0,0.00864869,0,btc,0.0,0.0,0.0,2
1,[],22,[],2019-05-10 07:43:43,9148.0,0.00000001,0.000000000000634085,7604792,2019-05-10 07:43:43,BTC,21.00846647,0.0,0.00000001,"BTC,XMR",24148.96059725142,0.0,0.00095635,2
1,[],5,[],2019-05-10 07:43:44,0.0,0,0,7604793,2019-05-10 07:43:44,btc,0.0,0.01429934,0,btc,0.0,0.0,0.0,3
1,[],12,[],2019-05-10 07:43:45,2202301.92573,0.000000142,0.000000000009004007000000001,7604794,2019-05-10 07:43:45,btc,2714596.726092242,0.0,0.000000142,btc,4407497.66769668,0.06164370479821556,0.22579563836396,3
0,[],28,[],2019-05-10 07:43:47,0.0,0,0,7604795,2019-05-10 07:43:47,,0.0,0.0,0,,0.0,0.0,0.0,3
0,[],2,[],2019-01-20 23:31:32,0.0,0,0,6477077,2019-01-20 23:31:32,,0.0,0.0,0,,0.0,0.0,0.0,4
1,[],4,[],2019-04-26 19:14:12,610911.70993152,0.00000026,0.000000000013566046,7471614,2019-04-26 19:14:12,btc,31.457742656463164,0.0,0.00000026,btc,718733.71307795,0.00142695,0.0638464483338706,4
0,[],12,[],2019-04-25 23:08:22,0.0,0,0,7459310,2019-04-25 23:08:22,btc,1111851.94727753,0.0,0,btc,953412.0,0.0,0.0,5
0,[],2,[],2019-01-20 23:31:51,0.0,0,0,6477087,2019-01-20 23:31:51,,0.0,0.0,0,,0.0,0.0,0.0,6
1,[],11,[],2019-05-10 07:43:50,5042415.307535999,0.00000001,0.000000000000634085,7604796,2019-05-10 07:43:50,btc,9576.530210128174,105000.0,0.00000001,btc,48136771.68653575,0.0,0.05042415307536,6
1,[],3,[],2019-05-10 07:43:51,11072.9600592103,0.00017217999999999999472845291226263952921726740896701812744140625,0.000000010917675530000001,7604797,2019-05-10 07:43:51,btc,18.244693742786925,44.5889086243,0.00017217999999999999472845291226263952921726740896701812744140625,btc,315.356650424214,0.0,0.029781126618403927,7
1,[],4,[],2019-05-10 07:43:52,32943.22944908,0.00015516,0.000000009838462860000001,7604798,2019-05-10 07:43:52,btc,7.96779879847556,0.0,0.00015516,btc,35056.48317895,3.30579412,2.153853793760236,7
1,[],5,[],2019-05-10 07:43:53,0.0,0,0,7604799,2019-05-10 07:43:53,btc,0.0,1.62582506,0,btc,0.0,0.0,0.0,7
1,[],20,[],2019-04-07 22:06:50,3201475.0482,0.000000001,0.000000000000051590000000000004,7213932,2019-04-07 22:06:50,btc,30.8005781811902,0.0,0.000000001,btc,23077405.3926,0.0,0.0032014750482,8
1,[],4,[],2019-05-10 07:43:56,21013133.0227229,0.00000072,0.000000000045654120000000005,7604800,2019-05-10 07:43:56,btc,4.009936593793837,0.0,0.00000072,btc,3194629.80147548,0.72747592,0.3892797187516566,9
0,[],28,[],2019-05-10 07:43:57,0.0,0,0,7604801,2019-05-10 07:43:57,,0.0,0.0,0,,0.0,0.0,0.0,9
0,[],2,[],2019-01-20 23:22:42,0.0,0,0,6476876,2019-01-20 23:22:42,,0.0,0.0,0,,0.0,0.0,0.0,9
0,[],23,[],2019-01-20 23:22:48,0.0,0,0,6476878,2019-01-20 23:22:48,,0.0,0.0,0,,0.0,0.0,0.0,9
1,[],1,[],2019-02-17 23:31:42,1822507.21,0.00000181000000000000003456111265232042484285557293333113193511962890625,0.000000000066086901,6701244,2019-02-17 23:31:42,btc,3.6990969245,17153386.5,0.00000181000000000000003456111265232042484285557293333113193511962890625,btc,1997391.71,31.11772986,3.2610482446,9
1,[],4,[],2019-02-17 11:22:43,4341674.27126056,0.00000002,0.0000000000007272960000000001,6696112,2019-02-17 11:22:43,btc,0.1997230937751353,0.0,0.00000002,btc,4109766.79808031,0.00215132,0.0479381022052112,10
1,[],4,[],2019-05-10 07:43:58,7875476.1643034,0.00000075,0.000000000047556375,7604802,2019-05-10 07:43:58,btc,7.223144093117646,0.0,0.00000075,btc,5421381.53664973,1.05734954,2.728730435825484,12
1,[],5,[],2019-05-10 07:43:59,0.0,0,0,7604803,2019-05-10 07:43:59,btc,0.0,0.10813571,0,btc,0.0,0.0,0.0,12
0.0,[],25,[],2019-05-10 07:44:01,0.0,0,0,7604804,2019-05-10 07:44:01,,0.0,0.0,0.0,btc,0.0,0.0,0.0,12
0,[],2,[],2019-01-20 23:23:08,0.0,0,0,6476890,2019-01-20 23:23:08,,0.0,0.0,0,,0.0,0.0,0.0,12
1,[],10,[],2019-05-10 07:25:03,561423.49826,0.0000058,0.00000000036584138,7604517,2019-05-10 07:25:03,btc,666793.5336157564,37803.9955079,0.0000058,btc,722442.10385801,0.0,0.5450685926392408,13
1,[],4,[],2019-05-10 07:38:22,31991119.10001715,0.00000582,0.000000000368243622,7604668,2019-05-10 07:38:22,btc,2.349630689120954,0.0,0.00000582,btc,278733.59961934,0.75836277,0.7831862961827385,13
1,[],21,[],2019-05-10 07:38:26,4046885.12318252,0.000005800000000000000372813759031,0.00000000036697818,7604669,2019-05-10 07:38:26,btc,4.089562805701362,1019582.66540443,0.000005800000000000000372813759030865554677802720107138156890869140625,btc,591669.7014889,6.05365309,19.289375145047973,13
1,[],4,[],2019-05-10 07:44:02,990418.2814306,0.00000085,0.000000000053897225000000003,7604805,2019-05-10 07:44:02,btc,6.297750962510792,0.0,0.00000085,btc,1264657.62768189,0.01141058,0.1350939177917933,14
1,[],12,[],2019-05-10 07:44:03,255049.0619628,0.00000085,0.000000000053897225000000003,7604806,2019-05-10 07:44:03,btc,0.1182338237669536,0.0,0.00000085,btc,14581.03903504,5.32975524475e-05,0.0285228399999946,14
1,[],26,[],2019-05-10 07:44:04,0.0,0.00000050,0.00000000003170425,7604807,2019-05-10 07:44:04,btc,0.0,0.0,0.00000050,btc,0.0,0.0,0.0,14
0,[],17,[],2019-05-03 00:53:32,0.0,0,0,7558876,2019-05-03 00:53:32,btc,0.0,0.0,0,btc,0.0,0.0,0.0,14
0,[],4,[],2019-05-10 07:44:05,0.0,0,0,7604808,2019-05-10 07:44:05,,0.0,0.0,0,,0.0,0.0,0.0,15
,[],12,[],2018-12-01 15:15:48,204241.84496,0.00000489,0.000000000202473384,5260204,2018-12-01 15:15:48,btc,49.5475654835,0.0,,btc,35763.2193806,0.0163153972027625,0.0203389899998,15
1,[],4,[],2019-05-10 07:44:06,29601.43189156,0.00001275,0.000000000808458375,7604809,2019-05-10 07:44:06,btc,1.1483669687829419,0.0,0.00001275,btc,17087.7863586,0.02287464,0.0850631797602886,18
1,[],10,[],2019-05-10 07:44:08,167360.4576366,0.00001373,0.0000000008705987050000001,7604810,2019-05-10 07:44:08,btc,15.422946766142408,4042.99055123,0.00001373,btc,10920.41901552,0.0,0.4893465189648056,18
1,[],12,[],2019-05-10 07:44:09,221923.01260785,0.00001340000000000000045241588253475129022262990474700927734375,0.0000000008496739000000001,7604811,2019-05-10 07:44:09,btc,33215.31912452671,0.0,0.00001340000000000000045241588253475129022262990474700927734375,btc,1155.11548086,2.211e-06,0.0121527885356832,18
0,[],2,[],2019-01-20 23:23:38,0.0,0,0,6476906,2019-01-20 23:23:38,,0.0,0.0,0,,0.0,0.0,0.0,18
0,[],17,[],2019-05-03 00:53:39,0.0,0,0,7558882,2019-05-03 00:53:39,btc,0.0,0.0,0,btc,0.0,0.0,0.0,18
1,[],3,[],2019-05-10 07:44:11,159236.25399985415,0.00001281999999999999922928838047564426005919813178479671478271484375,0.00000000081289697,7604812,2019-05-10 07:44:11,btc,0.2645659947603329,877.526669329,0.00001281999999999999922928838047564426005919813178479671478271484375,btc,7252.566877867577,0.0,0.05782226371460828,19
1,[],4,[],2019-05-10 07:44:11,442317.46445797,0.00001397,0.000000000885816745,7604813,2019-05-10 07:44:11,btc,3.624863949207534,0.0,0.00001397,btc,119732.4298681,0.64526936,0.7432628435615651,19
1,[],5,[],2019-05-10 07:44:13,0.0,0,0,7604814,2019-05-10 07:44:13,btc,0.0,8.887e-05,0,btc,0.0,0.0,0.0,19
1,[],12,[],2019-05-10 07:44:13,200346.41398535,0.000012900000000000000157404471401445533729201997630298137664794921875,0.0000000008179696500000001,7604815,2019-05-10 07:44:13,btc,0.3012368412003723,0.0,0.000012900000000000000157404471401445533729201997630298137664794921875,btc,2935.58830994,0.0012197741977322,0.0878629427903264,19
1,[],27,[],2019-05-10 07:44:26,100.0,0.0000001,0.00000000000634085,7604816,2019-05-10 07:44:26,btc,0.0,0.0,0.0000001,btc,0.0,0.0,1e-05,19
0,[],2,[],2019-01-20 23:24:19,0.0,0,0,6476924,2019-01-20 23:24:19,,0.0,0.0,0,,0.0,0.0,0.0,19
1,[],4,[],2019-05-10 07:44:27,1834878.57391266,0.00000010,0.00000000000634085,7604817,2019-05-10 07:44:27,btc,5.279309685630553,0.0,0.00000010,btc,2279170.28595418,0.0,0.0608385352282092,20
1,[],4,[],2019-05-10 07:38:46,74932915.48118357,0.00000001,0.000000000000632721,7604683,2019-05-10 07:38:46,btc,39092.922809972006,0.0,0.00000001,btc,56219108.68986641,0.00269974,0.7493291548118358,21
1,[],12,[],2019-05-10 07:38:47,5276568.0,0.00000001,0.000000000000632721,7604684,2019-05-10 07:38:47,btc,2895.662019010819,0.0,0.00000001,btc,7236925.79820176,0.00012468,0.05276568,21
0,[],17,[],2019-05-03 00:53:51,0.0,0,0,7558891,2019-05-03 00:53:51,btc,0.0,0.0,0,btc,0.0,0.0,0.0,21
1,[],12,[],2019-05-10 07:38:49,8304389107.808,0.0000000005,0.00000000000003163605,7604685,2019-05-10 07:38:49,btc,311119552322.7738,0.0,0.0000000005,btc,2703592132.697707,0.12999427013136866,2.085319910504,23
0.0000000002763547,[],27,[],2019-05-10 07:38:57,7940650.0,5.5270939999999995e-18,3.4971084427740002e-22,7604686,2019-05-10 07:38:57,eth,10183.427028999306,654038000.562,0.00000002,eth,5447655.073954,3.614929508335547e-09,2.6052532386776e-11,23
1,[],4,[],2019-05-10 07:44:28,848486.87878221,0.00000030,0.00000000001902255,7604818,2019-05-10 07:44:28,btc,14.049242864652465,0.0,0.00000030,btc,2091962.90253832,0.03272353,0.0720738117579978,24
1,[],22,[],2019-05-10 07:44:31,21.76,0.00000100,0.0000000000634085,7604819,2019-05-10 07:44:31,BTC,7.415e-05,0.0,0.00000100,BTC,23.919354838709676,0.0,1.186e-05,24
0.0,[],25,[],2019-05-10 07:44:33,0.0,0,0,7604820,2019-05-10 07:44:33,,0.0,0.0,0.0,btc,0.0,0.0,0.0,24
0,[],2,[],2019-01-20 23:25:56,0.0,0,0,6476976,2019-01-20 23:25:56,,0.0,0.0,0,,0.0,0.0,0.0,26
1,[],4,[],2019-05-10 07:39:03,26974007.71780165,0.00000436,0.000000000275866356,7604690,2019-05-10 07:39:03,btc,11.353737041761375,0.0,0.00000436,btc,329242.50994505,0.07742175,0.5153676514748978,26
1,[],10,[],2019-05-10 07:39:05,117435.88653299,0.00000852,0.000000000539078292,7604691,2019-05-10 07:39:05,btc,25.849448665352504,2687.63085732,0.00000852,btc,20006.96842861,0.0,0.0667422490146594,26
1,[],11,[],2019-04-30 04:16:17,7094566.83690364,0.00000006,0.000000000003115554,7518027,2019-04-30 04:16:17,btc,67504.138725751,6116.07566417,0.00000006,btc,6591680.7351637,0.0,0.38529422037817224,27
1,[],5,[],2019-04-26 09:47:06,0.0,0,0,7465326,2019-04-26 09:47:06,btc,0.0,0.0,0,btc,0.0,0.0,0.0,27
1,[],3,[],2019-04-28 02:38:55,141621.60361514,0.00000001,0.0000000000005253330000000001,7491060,2019-04-28 02:38:55,btc,2.501704004580372,921815.184511,0.00000001,btc,21091882.2176418,0.0,0.0014162160361513999,27
1,[],4,[],2019-05-10 07:44:35,1424919170.137119,0.00000002,0.00000000000126817,7604821,2019-05-10 07:44:35,btc,5.804436897864053,0.0,0.00000002,"btc,ltc",291451926.9202188,1.17004202,9.31053708167659,29
1,[],7,[],2019-05-10 07:44:37,112858448.2164338,0.00000001,0.000000000000634085,7604822,2019-05-10 07:44:37,btc,46550610.59924994,525103.931022,0.00000001,btc,36014055.99829747,0.0,1.128584482164338,29
0,[],17,[],2019-05-03 01:11:25,0.0,0,0,7559066,2019-05-03 01:11:25,btc,0.0,0.0,0,btc,0.0,0.0,0.0,30
1,[],4,[],2019-05-10 07:39:09,1712724.21094056,0.00000011,0.000000000006959931,7604694,2019-05-10 07:39:09,btc,2.86638448941447,0.0,0.00000011,btc,2590048.94847338,0.00073186,0.0518843094779838,30
1,[],4,[],2019-05-10 07:39:10,278373.6654232,0.00005215,0.000000003299640015,7604695,2019-05-10 07:39:10,btc,6.232401973220033,0.0,0.00005215,btc,60062.55003191,0.843112,0.7167210378411327,31
1,[],21,[],2019-05-10 07:39:11,56247.56931379,0.00005300000000000000077802347898,0.0000000033534213,7604696,2019-05-10 07:39:11,btc,2.9272856064190775,366064.5466293,0.000053000000000000000778023478975597981843748129904270172119140625,btc,48203.94569717,19.69020896,2.4685722392908493,31
0,[],2,[],2019-01-20 23:28:43,0.0,0,0,6477009,2019-01-20 23:28:43,,0.0,0.0,0,,0.0,0.0,0.0,32
0,[],4,[],2019-05-10 07:44:37,0.0,0,0,7604823,2019-05-10 07:44:37,,0.0,0.0,0,,0.0,0.0,0.0,33
1,[],12,[],2019-03-30 07:55:10,40641173.964,0.00000003,0.000000000001228359,7108785,2019-03-30 07:55:10,btc,4233210.82356125,0.0,0.00000003,btc,28378394.68333462,0.0126927883965248,0.90752895892,33
0,[],4,[],2019-05-10 07:46:38,0.0,0,0,7604824,2019-05-10 07:46:38,,3.9027667723295063,0.0,0,,153801161.71542788,0.00010059,0.0,34
1,[],5,[],2019-05-10 07:46:39,0.0,0,0,7604825,2019-05-10 07:46:39,btc,0.0,0.00721711,0,btc,0.0,0.0,0.0,34
0.000000000133684,[],4,[],2019-05-02 18:17:45,3384239970.6360936,1.3368400000000002e-18,7.293946092400001e-23,7556428,2019-05-02 18:17:45,ltc,5.381102735485169e-08,0.0,0.00000001,ltc,6862894551.7408495,0.0,4.524187362345155e-09,36
1,[],5,[],2019-05-02 18:17:46,0.0,0,0,7556429,2019-05-02 18:17:46,btc,0.0,0.0,0,btc,0.0,0.0,0.0,36
0.0000000002926451,[],17,[],2019-05-02 18:17:47,200000.0,2.9264510000000002e-18,1.596703856561e-22,7556430,2019-05-02 18:17:47,eth,0.20942468735267253,0.0,0.00000001,"btc,eth",1018272.20243647,0.0,5.852902e-13,36
0.000000000133684,[],27,[],2019-05-02 18:17:55,7883196.008,1.3368400000000002e-18,7.293946092400001e-23,7556431,2019-05-02 18:17:55,ltc,25567.4086131264,0.0,0.00000001,"ltc,eth",21753551.64,0.0,1.0538571751334722e-11,36
1,[],4,[],2019-05-10 07:46:40,314804.66601692,0.00000025,0.000000000015852125,7604826,2019-05-10 07:46:40,btc,19772.873340748505,0.0,0.00000025,btc,955474.06994371,0.02585656,0.0322027117128128,37
1,[],12,[],2019-05-10 07:46:41,1077077.49350647,0.00000023,0.000000000014583955,7604827,2019-05-10 07:46:41,btc,19604.979038157453,0.0,0.00000023,btc,646696.40512564,0.0542469091361052,0.0991126599999949,37
1,[],27,[],2019-05-10 07:46:54,1600.0,0.00000015,0.000000000009511275,7604828,2019-05-10 07:46:54,btc,24.12824334291843,0.0,0.00000015,btc,5839.49448498,0.0,3e-05,37
1,[],17,[],2019-05-03 01:11:36,211752.74075282,0.00000025,0.000000000013700074999999998,7559074,2019-05-03 01:11:36,btc,0.055484923955058496,0.0,0.00000025,"btc,eth",1387.19918473,0.0,0.0005381851887916605,37
1,[],5,[],2019-05-10 07:46:55,0.0,0,0,7604829,2019-05-10 07:46:55,btc,0.0,0.06426353,0,btc,0.0,0.0,0.0,42
1,[],12,[],2019-05-10 07:46:57,391483.18181336,0.0000045000000000000001140038584368507912358836620114743709564208984375,0.00000000028533825000000003,7604830,2019-05-10 07:46:57,btc,1222563.8239171994,0.0,0.0000045000000000000001140038584368507912358836620114743709564208984375,btc,57785.21853646,0.5008058542951256,0.1480234976975205,42
1,[],27,[],2019-05-10 07:47:09,506.0,0.00000100,0.0000000000634085,7604831,2019-05-10 07:47:09,btc,1.26188489793465,0.0,0.00000100,"btc,eth",1317.3275157,0.0,0.00010100000042848551,42
1,[],12,[],2019-03-13 09:13:29,1112112.0,0.00000001,0.000000000000386531,6919902,2019-03-13 09:13:29,btc,29058.00478931866,0.0,0.00000001,btc,5967681.93306694,9.99000999e-07,0.01112112,43
1,[],5,[],2019-04-26 22:38:52,0.0,0,0,7474154,2019-04-26 22:38:52,btc,0.0,0.02638891,0,btc,0.0,0.0,0.0,43
0,[],17,[],2019-04-26 22:38:53,0.0,0,0,7474155,2019-04-26 22:38:53,btc,0.0,0.0,0,btc,0.0,0.0,0.0,43
1,[],12,[],2019-03-05 01:54:08,639326.02,0.00000004,0.000000000001486676,6845775,2019-03-05 01:54:08,btc,11116042.728239931,0.0,0.00000004,btc,1103841.4595604,0.0003330765234764,0.014975410599999999,44
1,[],4,[],2019-05-10 07:47:09,131035225.37948935,0.00000001,0.000000000000634085,7604832,2019-05-10 07:47:09,btc,436.8255222895322,0.0,0.00000001,"btc,ltc",23060908.99584506,0.00592611,0.28161578809294324,49
0.0000000001217099,[],4,[],2019-05-10 07:47:11,74464869.9981289,8.0328534e-17,5.093511848139e-21,7604833,2019-05-10 07:47:11,ltc,21614.614353088742,0.0,0.00000066,ltc,104979309.60340042,0.00010578,1.701834306930122e-09,52
0,[],22,[],2019-05-10 03:20:00,0.0,0,0,7602504,2019-05-10 03:20:00,,10289.62709543,0.0,0,,309505736.4566013,0.0,0.0,57
0,[],27,[],2019-05-10 03:20:14,0.0,0,0,7602505,2019-05-10 03:20:14,,0.0,0.0,0,"btc,eth",0.0,0.0,0.0,57
0.0000000001217099,[],4,[],2019-05-10 07:47:12,1065475189.6126305,1.217099e-18,7.71744219415e-23,7604834,2019-05-10 07:47:12,ltc,19.110261954277178,0.0,0.00000001,ltc,6024700043.452434,0.001,1.2967887878023428e-09,58
1,[],12,[],2019-05-10 07:47:13,1585428652.0,0.0000000001,0.0000000000000063408500000000005,7604835,2019-05-10 07:47:13,btc,11897162.863125289,0.0,0.0000000001,btc,4412193618.584415,0.000504439590009984,0.1585428652,58
0.00000000010516599999999999,[],22,[],2019-05-10 07:47:16,137323.0,1.05166e-18,6.668418311e-23,7604836,2019-05-10 07:47:16,XMR,69.17853806,0.0,0.00000001,XMR,9877401.6,1.3303498999999998e-15,0.00137323,58
1,[],17,[],2019-05-03 01:12:09,1200000.0,0.0000000001,0.00000000000000548003,7559085,2019-05-03 01:12:09,btc,1e+24,0.0,0.0000000001,"btc,eth",39516342.31952568,0.0,0.00010000000058666061,58
1,[],5,[],2019-05-10 07:47:18,0.0,0,0,7604837,2019-05-10 07:47:18,btc,0.0,0.01710479,0,btc,0.0,0.0,0.0,61
1,[],22,[],2019-05-10 07:47:21,13613.833333333334,0.00000012,0.00000000000760902,7604838,2019-05-10 07:47:21,BTC,1002.29626883,0.0,0.00000012,BTC,15392.180177125656,0.0,0.00153269,61
1,[],26,[],2019-05-10 07:47:21,0.0,0.00000050,0.00000000003170425,7604839,2019-05-10 07:47:21,btc,0.0,0.0,0.00000050,btc,0.0,0.0,0.0,61
0.0000000002754471,[],27,[],2019-05-10 07:47:37,100000.0,2.754471e-18,1.746568744035e-22,7604840,2019-05-10 07:47:37,eth,1.9482732497246655,0.0,0.00000001,"btc,eth",13266.51663696,0.0,2.754471e-13,61
0,[],28,[],2019-05-10 07:47:39,0.0,0,0,7604841,2019-05-10 07:47:39,,0.0,0.0,0,,0.0,0.0,0.0,61
1,[],4,[],2019-05-10 07:47:40,1283062.58255373,0.00000102,0.00000000006467667000000001,7604842,2019-05-10 07:47:40,btc,2.366909690621584,0.0,0.00000102,btc,734210.4055506,0.04448749,0.8479566853685234,67
0.0,[],25,[],2019-05-10 07:47:41,0.0,0,0,7604843,2019-05-10 07:47:41,,0.0,0.0,0.0,btc,0.0,0.0,0.0,67
1,[],12,[],2019-05-10 07:47:42,1436826.895,0.00000014,0.000000000008877190000000001,7604844,2019-05-10 07:47:42,btc,55556348.25760039,0.0,0.00000014,btc,1523491.52949489,0.0039119524642043,0.0217482753,71
,[],5,[],2018-11-20 23:02:39,1.5e-07,0.00000005,0.000000000002128045,4862160,2018-11-20 23:02:39,btc,2.84511358,0.0,,btc,0.00036572,0.0,0.07381892,74
1,[],5,[],2019-05-10 07:47:44,0.0,0,0,7604845,2019-05-10 07:47:44,btc,0.0,0.01789272,0,btc,0.0,0.0,0.0,75
1,[],4,[],2019-05-10 07:47:44,78543.099,0.00000001,0.000000000000634085,7604846,2019-05-10 07:47:44,btc,133697.76764908098,0.0,0.00000001,btc,35132270.37523591,0.0001672,0.00078543099,81
0,[],20,[],2019-01-25 09:30:31,0.0,0,0,6495923,2019-01-25 09:30:31,btc,0.0,0.0,0,btc,0.0,0.0,0.0,81
1,[],4,[],2019-05-10 07:47:46,27288.05843532,0.00006995,0.000000004435424575000001,7604847,2019-05-10 07:47:46,btc,18.583572426017206,0.0,0.00006995,btc,25781.14190011,0.40937447,0.2981063286131496,82
1,[],21,[],2019-05-10 07:47:49,255536.57221425,0.00006880000000000000535699956616,0.000000004362504800000001,7604848,2019-05-10 07:47:49,btc,2.902284497572559,9647.27042602,0.000068800000000000005356999566163977988253463990986347198486328125,btc,37356.45122449,0.6739458,1.8629982290684828,82
0,[],17,[],2019-03-25 22:42:34,0.0,0,0,7038780,2019-03-25 22:42:34,btc,0.0445064681804024,0.0,0,btc,995513.18476001,0.0,0.0,84
0.00000000013644,[],4,[],2019-05-01 19:17:39,299701867.376,1.3644e-18,7.259508504e-23,7542161,2019-05-01 19:17:39,ltc,1.6769037726995486,0.0,0.00000001,ltc,427823536.87452894,0.00010978,4.089132278478144e-10,85
,[],22,[],2018-11-20 23:09:34,3408.1,0.0000001,0.0000000000041895,4862324,2018-11-20 23:09:34,BTC,0.04624735,0.0,,BTC,4990.0,0.0,0.00033081,86
1,[],22,[],2019-05-10 07:47:53,89999.0,0.00000001,0.000000000000634085,7604849,2019-05-10 07:47:53,BTC,3.66432991,0.0,0.00000001,BTC,332904.29736842104,0.0,0.00089999,87
1,[],27,[],2019-05-10 07:48:00,10674.0,0.00000001,0.000000000000634085,7604850,2019-05-10 07:48:00,btc,4.960708560736,0.0,0.00000001,btc,10217.62841,0.0,0.00010674,87
,[],2,[],2018-11-20 23:10:47,0.0,0,0,4862359,2018-11-20 23:10:47,,0.0,0.0,,,0.0,0.0,0.0,88
1,[],11,[],2019-05-10 07:48:02,81466.41343475,0.0001460599999999999940893113947737447233521379530429840087890625,0.00000000926144551,7604851,2019-05-10 07:48:02,btc,175.3385261850348,18.599,0.0001460599999999999940893113947737447233521379530429840087890625,btc,180582.87886615,0.0,4.924073218856292,89
0,[],2,[],2019-01-20 23:31:45,0.0,0,0,6477083,2019-01-20 23:31:45,,0.0,0.0,0,,0.0,0.0,0.0,91
1,[],12,[],2019-05-10 07:48:04,424969.53149237,0.00000066,0.000000000041849610000000004,7604852,2019-05-10 07:48:04,btc,89.71378540188772,0.0,0.00000066,btc,165761.49649123,0.0005166375886995,0.040861608999965396,91
1,[],22,[],2019-05-10 07:48:09,76014.0,0.0000008,0.0000000000507268,7604853,2019-05-10 07:48:09,BTC,0.1,0.0,0.0000008,"BTC,LTC",1.0,0.0,0.0017135,91
0,[],17,[],2019-05-03 01:12:26,0.0,0,0,7559096,2019-05-03 01:12:26,btc,0.0,0.0,0,btc,0.0,0.0,0.0,91
1,[],22,[],2019-04-09 20:17:52,374949.73333333334,0.00000015,0.000000000007771935,7235704,2019-04-09 20:17:52,BTC,6.87372503,0.0,0.00000015,"BTC,LTC",159980.01196797504,1.1e-05,0.80510266,95
0.0000000001217099,[],4,[],2019-05-10 07:48:10,550721175.716005,7.4243039e-17,4.7076397384315005e-21,7604854,2019-05-10 07:48:10,ltc,11.362744258060097,0.0,0.00000061,ltc,132643764.73284946,0.06018841,1.519888971480488e-09,96
0,[],12,[],2019-05-10 07:48:11,0.0,0,0,7604855,2019-05-10 07:48:11,btc,25054.266197874116,0.0,0,btc,7089668.23081917,0.00059953949001,0.0,96
0,[],17,[],2019-05-03 01:12:32,0.0,0,0,7559100,2019-05-03 01:12:32,btc,0.0,0.0,0,btc,0.0,0.0,0.0,96
1,[],4,[],2019-04-14 03:32:46,1039404.33283278,0.00000038,0.000000000019245518,7293458,2019-04-14 03:32:46,btc,4.170086055365747,0.0,0.00000038,btc,3097704.34561074,0.06260606,0.1859928211030784,99
0,[],2,[],2019-01-20 23:23:55,0.0,0,0,6476914,2019-01-20 23:23:55,,0.0,0.0,0,,0.0,0.0,0.0,100
1,[],4,[],2019-05-10 07:48:12,364797.11015804,0.00003417,0.0000000021666684450000003,7604856,2019-05-10 07:48:12,btc,7.059443952811631,0.0,0.00003417,btc,123359.67574189,0.52239536,0.7096036024623251,100
1,[],22,[],2019-05-10 07:48:15,130000.0,0.00000001,0.000000000000634085,7604857,2019-05-10 07:48:15,BTC,24.83526409,0.0,0.00000001,BTC,11187.719,0.0,0.0013,101
1,[],4,[],2019-05-10 07:40:37,706384.48620639,0.00000617,0.000000000390388857,7604731,2019-05-10 07:40:37,btc,255.4307424573391,0.0,0.00000617,btc,385046.9299887,5.29243941,1.207430499083054,103
1,[],12,[],2019-05-10 07:48:16,107157317.51291999,0.000000004,0.00000000000025363400000000004,7604858,2019-05-10 07:48:16,btc,468525182.69953775,0.0,0.000000004,btc,108005908.51193127,0.00524566734102379,0.19776919971276,105
0,[],27,[],2019-05-10 07:48:28,0.0,0,0,7604859,2019-05-10 07:48:28,,0.0584885651331397,0.0,0,btc,600596.63747933,0.0,0.0,105
1,[],22,[],2019-04-21 00:17:26,21333.0,0.00000001,0.000000000000532493,7385819,2019-04-21 00:17:26,BTC,51.38182867,0.0,0.00000001,BTC,470435.0,0.0,0.00021333,107
1,[],26,[],2019-04-21 00:17:26,0.0,0.00000000,0,7385820,2019-04-21 00:17:26,btc,0.0,0.0,0.00000000,btc,0.0,0.0,0.0,107
1,[],5,[],2019-05-10 07:48:30,0.0,0,0,7604860,2019-05-10 07:48:30,btc,0.0,4e-07,0,btc,0.0,0.0,0.0,112
0,[],22,[],2019-05-10 07:48:33,0.0,0,0,7604861,2019-05-10 07:48:33,,2.79003697,0.0,0,,1380942.0833333333,0.0,0.0,112
1,[],27,[],2019-05-10 07:48:46,1.0,0.00000001,0.000000000000634085,7604862,2019-05-10 07:48:46,btc,1.25032588,0.0,0.00000001,"btc,eth",1819.0,0.0,1e-08,112
1,[],4,[],2019-05-10 07:48:47,330330.22569051,0.00000152,0.00000000009638092000000001,7604863,2019-05-10 07:48:47,btc,4.776778797469515,0.0,0.00000152,btc,514915.7042632,0.06032249,0.1949200783174451,113
1,[],5,[],2019-05-10 07:48:48,0.0,0,0,7604864,2019-05-10 07:48:48,btc,0.0,0.0,0,btc,0.0,0.0,0.0,113
1,[],17,[],2019-04-26 02:17:47,162738.278,0.00000004,0.0000000000021069000000000002,7461287,2019-04-26 02:17:47,btc,1.3331140273775473,0.0,0.00000004,btc,51796.221,0.0,0.00230953112,116
0,[],27,[],2019-04-26 02:19:51,0.0,0,0,7461288,2019-04-26 02:19:51,,0.0,0.0,0,,0.0,0.0,0.0,116
1,[],4,[],2019-05-07 20:09:28,131822.85721655,0.00001022,0.00000000060230548,7572994,2019-05-07 20:09:28,btc,132.18460413545117,0.0,0.00001022,btc,268070.13193351,0.06918336,1.0489745103085106,120
1,[],7,[],2019-05-07 20:09:30,9501.79941055,0.000011699999999999999788190263583231853772304020822048187255859375,0.0000000006895277999999999,7572995,2019-05-07 20:09:30,btc,231185.88817567716,62.23644451,0.000011699999999999999788190263583231853772304020822048187255859375,btc,4076.97424313,0.00072692,0.018013380795019,120
1,[],20,[],2019-04-07 18:42:29,1914137.0852,0.000000035,0.0000000000017871910000000002,7211992,2019-04-07 18:42:29,btc,32.2497668025648,25528.85,0.000000035,btc,1001975.4986,0.00089350975,0.0152723574729,125
1,[],22,[],2019-05-10 07:48:51,10000.0,0.00000001,0.000000000000634085,7604865,2019-05-10 07:48:51,BTC,0.032061,0.0,0.00000001,BTC,299316.7611111111,0.0,0.0001,126
1,[],4,[],2019-05-10 07:48:52,1860080.88551828,0.00000711,0.00000000045083443500000004,7604866,2019-05-10 07:48:52,btc,3.3671635259520887,0.0,0.00000711,btc,173806.75514084,0.19226617,0.3239621008306506,131
0,[],2,[],2019-01-20 23:25:46,0.0,0,0,6476969,2019-01-20 23:25:46,,0.0,0.0,0,,0.0,0.0,0.0,131
1,[],17,[],2019-05-03 01:13:10,10000.0,0.00000001,0.000000000000548003,7559115,2019-05-03 01:13:10,btc,0.0953976503951408,0.0,0.00000001,btc,5037.62507334,0.0,0.0001,131
1,[],4,[],2019-05-10 07:48:53,4705.07940982,0.00012985,0.000000008233593725000001,7604867,2019-05-10 07:48:53,btc,6.011148832332726,0.0,0.00012985,btc,191.61424306,0.0,0.0074117379542165,135
1,[],3,[],2019-05-09 05:30:45,530498.0,0.00000001,0.000000000000609729,7590472,2019-05-09 05:30:45,btc,0.1029057631805504,129896.5,0.00000001,btc,1124104.34967245,0.0,0.00530498,136
1,[],4,[],2019-05-10 07:48:55,2853574.29018456,0.00000213,0.000000000135060105,7604868,2019-05-10 07:48:55,btc,319.75400425273284,0.0,0.00000213,btc,536518.79833868,0.0362366,0.6437694083870266,137
1,[],12,[],2019-05-10 07:48:56,329145.99527686,0.000001959999999999999868954651816022050070387194864451885223388671875,0.00000000012428066,7604869,2019-05-10 07:48:56,btc,48520.49941523153,0.0,0.000001959999999999999868954651816022050070387194864451885223388671875,btc,39905.89575209,0.022638723691394,0.0327219857271392,137
1,[],4,[],2019-05-10 07:48:57,52798.52901476,0.00003215,0.000000002038583275,7604870,2019-05-10 07:48:57,btc,5.0879527120807895,0.0,0.00003215,btc,69650.19811893,0.54358179,0.273949381042411,142
1,[],5,[],2019-05-10 07:48:58,0.0,0,0,7604871,2019-05-10 07:48:58,btc,0.0,0.17308522,0,btc,0.0,0.0,0.0,142
1,[],20,[],2019-05-10 07:49:01,167394.2732,0.00003401,0.0000000021565230850000003,7604872,2019-05-10 07:49:01,btc,1.7087668617073,0.03,0.00003401,btc,8218.5398,1.0203e-06,0.059720780361,142
1,[],22,[],2019-05-10 07:49:04,1370.0,0.00000200,0.000000000126817,7604873,2019-05-10 07:49:04,BTC,3.2756588,0.0,0.00000200,BTC,1135.5948275773155,0.0,0.0003632,142
0.0,[],25,[],2019-05-10 07:49:05,0.0,0,0,7604874,2019-05-10 07:49:05,,0.0,0.0,0.0,btc,0.0,0.0,0.0,142
0,[],28,[],2019-05-10 07:49:07,0.0,0,0,7604875,2019-05-10 07:49:07,,0.0,0.0,0,,0.0,0.0,0.0,142
1,[],17,[],2019-05-03 01:13:16,32967.38636364,0.00000088,0.000000000048224264,7559122,2019-05-03 01:13:16,btc,20.06976206696776,0.0,0.00000088,btc,2746.079105,0.0,0.0105613000000032,142
0,[],22,[],2019-05-10 07:49:09,0.0,0,0,7604876,2019-05-10 07:49:09,,66.66505393,0.0,0,,938775805.8,0.0,0.0,143
0,[],22,[],2019-02-25 15:42:22,0.0,0,0,6783783,2019-02-25 15:42:22,,4.2131946,0.0,0,,2322156.0,0.0,0.0,146
,[],22,[],2018-11-20 23:01:11,0.0,0,0,4862114,2018-11-20 23:01:11,,2.56807021,0.0,,,61828.4988236,0.0,0.0,147
1,[],12,[],2019-04-21 06:38:04,193091.5971266,0.00000071,0.000000000037635183,7388679,2019-04-21 06:38:04,btc,2.301232411611175,0.0,0.00000071,btc,9957.48302385,0.00023528,0.0313308199999888,148
1,[],4,[],2019-03-19 21:31:25,255810.0415942,0.00000029,0.000000000011615747,6982695,2019-03-19 21:31:25,btc,218.94922712414143,0.0,0.00000029,btc,793529.37642722,0.00117,0.0608347789473395,152
0,[],22,[],2019-03-19 21:31:27,0.0,0,0,6982696,2019-03-19 21:31:27,,0.0,0.0,0,,0.0,0.0,0.0,152
1,[],5,[],2019-04-26 09:36:59,0.0,0,0,7465040,2019-04-26 09:36:59,btc,0.0,0.0,0,btc,0.0,0.0,0.0,153
,[],16,[],2019-01-11 15:38:59,0.0,0,0,6366141,2019-01-11 15:38:59,btc,0.0,0.0,,btc,0.0,0.0,0.0,155
0,[],23,[],2019-01-20 23:24:29,0.0,0,0,6476932,2019-01-20 23:24:29,,0.0,0.0,0,,0.0,0.0,0.0,156
0,[],22,[],2019-05-10 07:49:12,0.0,0,0,7604877,2019-05-10 07:49:12,,6.80191271,0.0,0,,4673448.342592592,0.0,0.0,156
1,[],22,[],2019-05-10 07:49:15,7066.0,0.00000800,0.000000000507268,7604878,2019-05-10 07:49:15,BTC,1.79802465,0.0,0.00000800,BTC,802.6461988741639,0.0,0.00062996,157
0,[],22,[],2019-05-07 22:25:46,0.0,0,0,7574238,2019-05-07 22:25:46,,50234.60468402,0.0,0,,54786159.03179465,0.0,0.0,158
,[],17,[],2018-11-20 22:56:10,0.0,0,0,4861976,2018-11-20 22:56:10,btc,1.1265625,0.0,,btc,1000.0,0.0,0.0,159
,[],20,[],2018-11-20 22:56:12,0.0,0,0,4861977,2018-11-20 22:56:12,btc,11912.7940471,0.0,,btc,34413894.3617,0.0,0.0,159
1,[],12,[],2019-05-10 07:49:16,266302.25881572,0.00000371000000000000005446164352829185872906236909329891204833984375,0.000000000235245535,7604879,2019-05-10 07:49:16,btc,23.171026293380653,0.0,0.00000371000000000000005446164352829185872906236909329891204833984375,btc,11849.32716398,0.0043232821365401,0.0493773627630096,168
1,[],17,[],2019-05-03 01:13:36,42852.0,0.00000002,0.000000000001096006,7559132,2019-05-03 01:13:36,btc,0.04279856251542,0.0,0.00000002,btc,274.46171372,0.0,0.00052852,168
1,[],22,[],2019-05-07 03:57:18,743122.0,0.00000001,0.000000000000593596,7562020,2019-05-07 03:57:18,BTC,41.40912107,0.0,0.00000001,BTC,1593401.2737547632,0.00342649,0.00743122,169
1,[],22,[],2019-05-10 07:49:20,223990.0,0.0000001,0.00000000000634085,7604880,2019-05-10 07:49:20,BTC,26.86402729,0.0,0.0000001,BTC,444065.08201967884,0.000964,0.0041408,171
1,[],22,[],2019-05-10 07:49:24,355923.2,0.0000001,0.00000000000634085,7604881,2019-05-10 07:49:24,BTC,823.67148159,0.0,0.0000001,"BTC,LTC",690127.8088501493,0.0,0.01373235,173
1,[],5,[],2019-05-06 19:49:32,0.0,0,0,7559281,2019-05-06 19:49:32,btc,0.0,0.00023336,0,btc,0.0,0.0,0.0,175
1,[],22,[],2019-05-10 07:49:27,90671.0,0.00000001,0.000000000000634085,7604882,2019-05-10 07:49:27,BTC,394.0276142,0.0,0.00000001,BTC,136275.61833431243,0.0,0.00090671,176
1,[],7,[],2019-05-10 07:49:28,0.0,0,0,7604883,2019-05-10 07:49:28,btc,520279.2057799818,1000.0,0,btc,27832815.90907663,0.0,0.0,178
0,[],22,[],2019-05-10 07:49:30,0.0,0,0,7604884,2019-05-10 07:49:30,,1.00242428,0.0,0,,57512.0,0.0,0.0,178
0,[],2,[],2019-01-20 23:28:34,0.0,0,0,6477001,2019-01-20 23:28:34,,0.0,0.0,0,,0.0,0.0,0.0,178
1,[],5,[],2019-05-10 07:49:31,0.0,0,0,7604885,2019-05-10 07:49:31,btc,0.0,0.06160943,0,btc,0.0,0.0,0.0,179
1,[],22,[],2019-05-10 07:49:34,3008452.0,0.00000001,0.000000000000634085,7604886,2019-05-10 07:49:34,BTC,5.3314508,0.0,0.00000001,BTC,13965226.911946677,0.00015036,0.03008452,179
0,[],23,[],2019-01-20 23:25:08,0.0,0,0,6476952,2019-01-20 23:25:08,,0.0,0.0,0,,0.0,0.0,0.0,179
1,[],22,[],2019-05-10 07:49:39,645901.9424768925,0.00000140,0.0000000000887719,7604887,2019-05-10 07:49:39,BTC,39.24999846,0.0,0.00000140,"BTC,LTC",38461.42359685341,0.00355284,0.5611543,180
1,[],26,[],2019-05-10 07:49:39,0.0,0.00000120,0.0000000000760902,7604888,2019-05-10 07:49:39,btc,0.0,0.0,0.00000120,btc,0.0,0.0,0.0,180
1,[],17,[],2019-05-03 01:13:56,20504.725000000002,0.0000001,0.00000000000548003,7559141,2019-05-03 01:13:56,btc,5.2010695838400265,0.0,0.0000001,btc,5033.45945,0.0,0.0011504725,180
,[],7,[],2018-11-20 22:58:01,562227.975654,0.00000085,0.000000000036176765,4862015,2018-11-20 22:58:01,btc,21836.6059674,2491.87645172,,btc,749999.041456,0.00211021,0.127565380455,183
,[],5,[],2019-01-10 08:11:41,0.0,0,0,6347036,2019-01-10 08:11:41,btc,82.15055501,0.00261,,btc,1.19002445,0.0,0.0,187
1,[],24,[],2019-04-30 17:34:05,0.0,0.000000000014,7.396256000000001e-16,7526291,2019-04-30 17:34:05,btc,0.0,0.0,0.000000000014,btc,0.0,0.0,0.0,187
,[],17,[],2018-11-16 20:58:10,4062536.27273,0.00000001,0.000000000000550501,4708775,2018-11-16 20:58:10,btc,3.36492563466,0.195460381006,,"btc,eth",110697919.549,0.0,0.0157628953496,187
0,[],22,[],2019-04-25 02:54:07,0.0,0,0,7447896,2019-04-25 02:54:07,,7.54794454,0.0,0,,76361.7243344055,0.0,0.0,191
0,[],22,[],2019-05-10 07:49:43,0.0,0,0,7604889,2019-05-10 07:49:43,,0.0,0.0,0,,0.0,0.0,0.0,197
0,[],23,[],2019-01-20 23:31:41,0.0,0,0,6477079,2019-01-20 23:31:41,,0.0,0.0,0,,0.0,0.0,0.0,199
0.0000000001217099,[],22,[],2019-05-10 07:49:46,54733331.0,2.434198e-18,1.54348843883e-22,7604890,2019-05-10 07:49:46,LTC,7.64520347,0.0,0.00000002,LTC,35259414.0,0.0,0.64066281,199
1,[],26,[],2019-05-10 07:49:46,0.0,0.00000000,0,7604891,2019-05-10 07:49:46,btc,0.0,0.0,0.00000000,btc,0.0,0.0,0.0,199
0,[],2,[],2019-01-20 23:30:49,0.0,0,0,6477059,2019-01-20 23:30:49,,0.0,0.0,0,,0.0,0.0,0.0,201
1,[],4,[],2019-01-25 15:51:35,2084389.58565343,0.00000936,0.000000000333526752,6499557,2019-01-25 15:51:35,btc,2.0092503037378524,0.0,0.00000936,btc,160195.80207885,0.19272417,1.242687955921835,211
1,[],7,[],2019-05-10 07:49:50,14334247.48460287,0.00000088,0.00000000005579948000000001,7604892,2019-05-10 07:49:50,btc,15559116.334192045,85866.8803939,0.00000088,btc,12971257.50585237,0.0,1.5477905064788409,212
1,[],5,[],2019-05-07 13:02:51,0.0,0,0,7566706,2019-05-07 13:02:51,btc,0.0,0.43032184,0,btc,0.0,0.0,0.0,213
1,[],24,[],2019-05-07 13:02:52,0.0,0.000000050000,0.000000000002968865,7566707,2019-05-07 13:02:52,btc,0.0,0.0,0.000000050000,btc,0.0,0.0,0.0,213
1,[],26,[],2019-05-07 13:02:52,0.0,0.00000040,0.00000000002375092,7566708,2019-05-07 13:02:52,btc,0.0,0.0,0.00000040,btc,0.0,0.0,0.0,213
1,[],12,[],2019-01-25 02:44:32,207462.42853209,0.000001080000000000000035831255497387193287295303889550268650054931640625,0.000000000038610756000000006,6493050,2019-01-25 02:44:32,btc,85023.03793723314,0.0,0.000001080000000000000035831255497387193287295303889550268650054931640625,btc,43675.73520027,0.000146250909087,0.0348620860622024,213
0,[],22,[],2019-05-10 07:49:52,0.0,0,0,7604893,2019-05-10 07:49:52,,9.58044616,0.0,0,,2340817.094064925,0.0,0.0,216
1,[],27,[],2019-05-10 07:50:00,12631.0,0.00000001,0.000000000000634085,7604894,2019-05-10 07:50:00,btc,61.91918531123932,13369.0,0.00000001,"btc,ltc",221943.337308,0.00013369,0.00012631,216
1,[],22,[],2019-05-10 07:50:05,282429.08974358975,0.00000078,0.00000000004945863000000001,7604895,2019-05-10 07:50:05,BTC,12055.00606411,0.0,0.00000078,BTC,463447.646256785,0.03369491,0.03738373,217
1,[],7,[],2019-05-10 07:50:06,0.0,0,0,7604896,2019-05-10 07:50:06,btc,111302.55957245249,0.0,0,btc,136863796.67828158,0.0,0.0,219
0,[],27,[],2019-05-10 07:50:19,0.0,0,0,7604897,2019-05-10 07:50:19,,0.05960067,0.0,0,btc,1692528.0,0.0,0.0,219
0,[],28,[],2019-05-10 07:50:20,0.0,0,0,7604898,2019-05-10 07:50:20,,0.0,0.0,0,,0.0,0.0,0.0,219
1,[],22,[],2019-05-10 07:50:23,381170.0,0.00000004,0.00000000000253634,7604899,2019-05-10 07:50:23,BTC,56.7649867,0.0,0.00000004,BTC,131552.84827387411,0.0,0.0123008,221
1,[],24,[],2019-05-10 07:50:23,0.0,0.000000010000,0.000000000000634085,7604900,2019-05-10 07:50:23,btc,0.0,0.0,0.000000010000,btc,0.0,0.0,0.0,221
1,[],20,[],2019-05-10 07:50:26,17132289.1757,0.000000016,0.0000000000010145360000000002,7604901,2019-05-10 07:50:26,btc,100090.98988518801,2223160.4358,0.000000016,btc,15749227.3253,0.0446345334075,0.0918004249972,224
0,[],22,[],2019-05-10 07:50:28,0.0,0,0,7604902,2019-05-10 07:50:28,,0.0,0.0,0,,0.0,0.0,0.0,224
1,[],26,[],2019-05-10 07:50:28,0.0,0.00000026,0.000000000016486210000000002,7604903,2019-05-10 07:50:28,btc,0.0,0.0,0.00000026,btc,0.0,0.0,0.0,231
1,[],26,[],2019-05-10 07:50:29,0.0,0.00000005,0.000000000003170425,7604904,2019-05-10 07:50:29,btc,0.0,0.0,0.00000005,btc,0.0,0.0,0.0,234
0,[],27,[],2019-05-10 07:50:42,0.0,0,0,7604905,2019-05-10 07:50:42,,0.01134836604,0.0,0,"btc,eth",11462.996,0.0,0.0,234
1,[],4,[],2019-04-29 21:02:20,217188.93193785,0.00000080,0.00000000004151584,7514327,2019-04-29 21:02:20,btc,5.239800103892936,0.0,0.00000080,btc,797346.30008933,0.0,0.0590549781555679,236
1,[],24,[],2019-04-29 21:02:20,0.0,0.000000100000,0.00000000000518948,7514328,2019-04-29 21:02:20,btc,0.0,0.0,0.000000100000,btc,0.0,0.0,0.0,236
1,[],5,[],2019-05-06 20:53:15,0.0,0,0,7559637,2019-05-06 20:53:15,btc,0.0,0.20253514,0,btc,0.0,0.0,0.0,237
1,[],20,[],2019-05-06 20:53:18,38173217.6136,0.000000083,0.0000000000047460728,7559638,2019-05-06 20:53:18,btc,21342.514614200165,8832375.7238,0.000000083,btc,27701499.3386,0.7554403456107,1.3621107610479,237
1,[],22,[],2019-05-06 20:53:20,343938.0,0.00000009,0.000000000005146344,7559639,2019-05-06 20:53:20,BTC,1.20267422,0.0,0.00000009,BTC,17930.94871794872,0.0,0.01017442,237
1,[],4,[],2019-05-10 07:50:43,22927051.45467991,0.00000014,0.000000000008877190000000001,7604906,2019-05-10 07:50:43,btc,3.3470320834815355,0.0,0.00000014,btc,9202375.28567013,0.26146082,1.0190958552871001,238
1,[],5,[],2019-05-10 07:50:44,0.0,0,0,7604907,2019-05-10 07:50:44,btc,0.0,0.01081792,0,btc,0.0,0.0,0.0,238
0,[],22,[],2019-03-12 16:49:32,0.0,0,0,6914458,2019-03-12 16:49:32,,0.40415746,0.0,0,,526736.5639027493,0.0,0.0,249
0,[],22,[],2019-05-10 07:50:47,0.0,0,0,7604908,2019-05-10 07:50:47,,4.52481747,0.0,0,,37878093.69978836,0.0,0.0,252
0,[],28,[],2019-05-10 07:50:48,0.0,0,0,7604909,2019-05-10 07:50:48,,0.0,0.0,0,,0.0,0.0,0.0,256
1,[],22,[],2019-05-10 07:50:51,1088993.5,0.00000002,0.00000000000126817,7604910,2019-05-10 07:50:51,BTC,21.88116616,0.0,0.00000002,BTC,522884.63333384093,0.0,0.01124633,258
1,[],22,[],2019-03-13 00:07:30,47146.0,0.00000001,0.000000000000387233,6917028,2019-03-13 00:07:30,BTC,2.415167,0.0,0.00000001,BTC,157.0,0.0,0.00047146,259
1,[],5,[],2019-05-10 07:50:53,0.0,0,0,7604911,2019-05-10 07:50:53,btc,0.0,0.36218124,0,btc,0.0,0.0,0.0,264
1,[],20,[],2019-05-10 07:50:54,1266557.7427,0.00000101,0.000000000064042585,7604912,2019-05-10 07:50:54,btc,4.9322862797969,114161.1579,0.00000101,btc,87472.3294,0.1311474824791,0.0297710992556,264
0,[],22,[],2019-04-12 17:57:27,0.0,0,0,7278186,2019-04-12 17:57:27,,66.37522201,0.0,0,,677842.4169881374,0.0,0.0,271
0,[],22,[],2019-05-10 07:50:57,0.0,0,0,7604913,2019-05-10 07:50:57,,33051802.3172899,0.0,0,,15696307799.7,0.0,0.0,272
0,[],28,[],2019-05-10 07:50:58,0.0,0,0,7604914,2019-05-10 07:50:58,,0.0,0.0,0,,0.0,0.0,0.0,272
1,[],22,[],2019-05-10 07:51:02,131499.7,0.00000014,0.000000000008877190000000001,7604915,2019-05-10 07:51:02,BTC,427.42495672,0.0,0.00000014,BTC,249705.37764460206,0.0,0.00447418,281
1,[],22,[],2019-05-10 07:51:06,610218.1,0.00000002,0.00000000000126817,7604916,2019-05-10 07:51:06,BTC,1.50571106,0.0,0.00000002,"BTC,LTC",602366.1256135202,0.00025495,0.01735568,286
0,[],22,[],2019-05-10 07:51:09,0.0,0,0,7604917,2019-05-10 07:51:09,,7337892.75526966,0.0,0,,1388519262.7797825,0.0,0.0,294
