pairValue,buyBook,exchangeId,sellBook,updated,buyTotal,satoshiPrice,usdPrice,exchangeLogId,created,bestPair,sellTotalBtc,volume,pairPrice,activePairs,sellTotal,volumeBtc,buyTotalBtc,coinId
1,[],3,[],2019-06-22 22:18:26,32253.110717713756,0.0105822599999999995834532029448382672853767871856689453125,0.000001110411356963999917926950404,7753903,2019-06-22 22:18:26,btc,11.112474806916659,58.8944988501,0.0105822599999999995834532029448382672853767871856689453125,btc,20.467035830573,0.0,0.3888035304453469,1
1,[],4,[],2019-06-22 22:18:27,353721.94058712,0.01071632,0.000001124478460447999961149776910,7753904,2019-06-22 22:18:27,btc,9.435419490827867,0.0,0.01071632,btc,460.31607543,1.60117489,2.3580474743085493,1
1,[],5,[],2019-06-22 22:18:28,0.0,0,0,7753905,2019-06-22 22:18:28,btc,0.0,0.03735055,0,btc,0.0,0.0,0.0,1
1,[],10,[],2019-06-22 22:18:31,308504.82768933,0.00412021,0.000000432339403594,7753906,2019-06-22 22:18:31,btc,6512.744090598499,1544.77892128,0.00412021,btc,1429.88094227,0.0,1.787222081142866,1
1,[],12,[],2019-06-22 22:18:33,88.34913612,0.0107399999999999995470290059529361315071582794189453125,0.000001126963235999999913533048472,7753907,2019-06-22 22:18:33,btc,0.3601606298231,0.0,0.0107399999999999995470290059529361315071582794189453125,btc,30.809990889999998,2.26666029999,0.2075439298628,1
1,[],20,[],2019-06-22 22:18:35,919.0408,0.01111001,0.000001165788903313999959722519762,7753908,2019-06-22 22:18:35,btc,0.1666326495093,0.6681,0.01111001,btc,12.2525,0.0076080749349,0.1343642071571,1
1,[],21,[],2019-06-22 22:18:36,1973.42796905,0.01074887000000000064625638174,0.000001127893977518000028844359233,7753909,2019-06-22 22:18:36,btc,13.425933510720105,3936.13865164,0.010748870000000000646256381742205121554434299468994140625,"btc,eth",1609.1811562,35.245499507430914,16.75848162495532,1
1,[],22,[],2019-06-22 22:18:39,0.0395979803020197,0.01000001,0.000001049315049313999963746638828,7753910,2019-06-22 22:18:39,BTC,0.01666796,0.0,0.01000001,BTC,0.25318100557485945,0.0,0.00021887,1
1,[],24,[],2019-06-22 22:18:39,0.0,0.000000000000,0,7753911,2019-06-22 22:18:39,btc,0.0,0.0,0.000000000000,btc,0.0,0.0,0.0,1
0.0,[],25,[],2019-06-22 22:18:40,0.0,0,0,7753912,2019-06-22 22:18:40,btc,35.799999998838565,11810.4191164,0.0,btc,3235.94172672,126.952,0.0,1
1,[],26,[],2019-06-22 22:18:43,0.0,0,0,7753913,2019-06-22 22:18:43,,0.0,0.0,0,,0.0,0.0,0.0,1
0,[],28,[],2019-06-22 22:18:44,0.0,0,0,7753914,2019-06-22 22:18:44,,0.0,0.0,0,,0.0,0.0,0.0,1
0,[],2,[],2019-01-20 23:28:45,0.0,0,0,6477011,2019-01-20 23:28:45,,0.0,0.0,0,,0.0,0.0,0.0,1
1,[],5,[],2019-06-17 14:29:02,0.0,0,0,7740076,2019-06-17 14:29:02,btc,0.0,2.72e-05,0,btc,0.0,0.0,0.0,2
1,[],22,[],2019-06-17 14:29:06,11550.3,0.0000002,0.0000000000185828,7740077,2019-06-17 14:29:06,BTC,21.00897301,0.0,0.0000002,"BTC,XMR",20678.87287795317,1.754e-05,0.00143681,2
1,[],5,[],2019-06-03 14:48:58,0.0,0,0,7731126,2019-06-03 14:48:58,btc,0.0,0.05905545,0,btc,0.0,0.0,0.0,3
1,[],12,[],2019-06-03 14:48:59,3468623.70302,0.000000116,0.000000000009823402000000002,7731127,2019-06-03 14:48:59,btc,169531.0336573751,0.0,0.000000116,btc,2361209.62379607,0.041350953071,0.33764769154428,3
0,[],28,[],2019-06-03 14:49:00,0.0,0,0,7731128,2019-06-03 14:49:00,,0.0,0.0,0,,0.0,0.0,0.0,3
0,[],2,[],2019-01-20 23:31:32,0.0,0,0,6477077,2019-01-20 23:31:32,,0.0,0.0,0,,0.0,0.0,0.0,4
1,[],4,[],2019-05-18 21:29:50,562734.9206932,0.00000010,0.000000000007298720000000001,7650946,2019-05-18 21:29:50,btc,41.9347137769675,0.0,0.00000010,btc,1123702.32192634,0.00052462,0.029254593370966,4
0,[],12,[],2019-06-02 05:03:43,0.0,0,0,7724919,2019-06-02 05:03:43,btc,625.901992874995,0.0,0,btc,1211362.4995005,0.0,0.0,5
0,[],2,[],2019-01-20 23:31:51,0.0,0,0,6477087,2019-01-20 23:31:51,,0.0,0.0,0,,0.0,0.0,0.0,6
1,[],11,[],2019-06-22 22:18:46,5130644.076736,0.00000002,0.000000000002098628,7753915,2019-06-22 22:18:46,btc,9583.566774498937,245250.0,0.00000002,btc,74488901.42504053,0.0,0.06268188876736,6
1,[],3,[],2019-06-22 22:18:46,11596.513833060815,0.0000850100000000000009282852264647090123617090284824371337890625,0.000000008920218314,7753916,2019-06-22 22:18:46,btc,1026.2896768395858,515.769170628,0.0000850100000000000009282852264647090123617090284824371337890625,btc,356.975845935782,0.0,0.01966062546798337,7
1,[],4,[],2019-06-22 22:18:47,293984.44558541,0.00007577,0.000000007950652178,7753917,2019-06-22 22:18:47,btc,6.998204865994819,0.0,0.00007577,btc,52810.78414722,2.86598867,1.4563244401777082,7
1,[],5,[],2019-06-22 22:18:48,0.0,0,0,7753918,2019-06-22 22:18:48,btc,0.0,0.2650262,0,btc,0.0,0.0,0.0,7
1,[],20,[],2019-04-07 22:06:50,3201475.0482,0.000000001,0.000000000000051590000000000004,7213932,2019-04-07 22:06:50,btc,30.8005781811902,0.0,0.000000001,btc,23077405.3926,0.0,0.0032014750482,8
0,[],2,[],2019-01-20 23:22:42,0.0,0,0,6476876,2019-01-20 23:22:42,,0.0,0.0,0,,0.0,0.0,0.0,9
0,[],23,[],2019-01-20 23:22:48,0.0,0,0,6476878,2019-01-20 23:22:48,,0.0,0.0,0,,0.0,0.0,0.0,9
1,[],1,[],2019-02-17 23:31:42,1822507.21,0.00000181000000000000003456111265232042484285557293333113193511962890625,0.000000000066086901,6701244,2019-02-17 23:31:42,btc,3.6990969245,17153386.5,0.00000181000000000000003456111265232042484285557293333113193511962890625,btc,1997391.71,31.11772986,3.2610482446,9
1,[],4,[],2019-06-22 22:18:50,1792821.96987092,0.00000052,0.000000000054564328,7753919,2019-06-22 22:18:50,btc,2.9542709632229402,0.0,0.00000052,btc,3124296.57986346,0.63619367,0.4140086644208256,9
0,[],28,[],2019-06-22 22:18:52,0.0,0,0,7753920,2019-06-22 22:18:52,,0.0,0.0,0,,0.0,0.0,0.0,9
1,[],4,[],2019-02-17 11:22:43,4341674.27126056,0.00000002,0.0000000000007272960000000001,6696112,2019-02-17 11:22:43,btc,0.1997230937751353,0.0,0.00000002,btc,4109766.79808031,0.00215132,0.0479381022052112,10
0,[],2,[],2019-01-20 23:23:08,0.0,0,0,6476890,2019-01-20 23:23:08,,0.0,0.0,0,,0.0,0.0,0.0,12
1,[],4,[],2019-06-22 22:18:53,45966151.90792172,0.00000024,0.000000000025183536,7753921,2019-06-22 22:18:53,btc,7.591935160407727,0.0,0.00000024,btc,9733480.64835445,1.42796839,1.8703257248568157,12
1,[],5,[],2019-06-22 22:18:53,0.0,0,0,7753922,2019-06-22 22:18:53,btc,0.0,0.13580241,0,btc,0.0,0.0,0.0,12
0.0,[],25,[],2019-06-22 22:18:55,0.0,0,0,7753923,2019-06-22 22:18:55,,0.0,0.0,0.0,btc,0.0,0.0,0.0,12
1,[],10,[],2019-06-22 19:04:02,583880.10368029,0.00000327,0.000000000347281521,7753633,2019-06-22 19:04:02,btc,666798.4432348486,38631.9796499,0.00000327,btc,885683.30936951,0.0,0.287091929169455,13
1,[],4,[],2019-06-22 22:18:55,568935.88960556,0.00000321,0.000000000336829794,7753924,2019-06-22 22:18:55,btc,1.958126502479066,0.0,0.00000321,btc,316159.40545142,0.50868637,0.3291471999383325,13
1,[],21,[],2019-06-22 22:18:58,3940549.3438000497,0.000003310000000000000072562398798,0.000000000347322934,7753925,2019-06-22 22:18:58,btc,2.610847541169152,656128.31842681,0.00000331000000000000007256239879793735525481679360382258892059326171875,btc,603858.97418037,2.27359022,3.2396295387248455,13
1,[],4,[],2019-06-22 22:18:59,1083701.1946947,0.00000070,0.00000000007345198,7753926,2019-06-22 22:18:59,btc,8.985312009060879,0.0,0.00000070,btc,853981.47321387,0.25554482,0.1628589164000227,14
1,[],12,[],2019-06-22 22:19:00,214580.80428716,0.00000071,0.000000000074501294,7753927,2019-06-22 22:19:00,btc,194.74105540037894,0.0,0.00000071,btc,26149.79353551,0.000531103183,0.0176734952999811,14
1,[],26,[],2019-06-22 22:21:00,0.0,0.00000050,0.0000000000524657,7753928,2019-06-22 22:21:00,btc,0.0,0.0,0.00000050,btc,0.0,0.0,0.0,14
0,[],17,[],2019-05-03 00:53:32,0.0,0,0,7558876,2019-05-03 00:53:32,btc,0.0,0.0,0,btc,0.0,0.0,0.0,14
,[],12,[],2018-12-01 15:15:48,204241.84496,0.00000489,0.000000000202473384,5260204,2018-12-01 15:15:48,btc,49.5475654835,0.0,,btc,35763.2193806,0.0163153972027625,0.0203389899998,15
0,[],4,[],2019-06-22 22:21:01,0.0,0,0,7753929,2019-06-22 22:21:01,,0.0,0.0,0,,0.0,0.0,0.0,15
0,[],2,[],2019-01-20 23:23:38,0.0,0,0,6476906,2019-01-20 23:23:38,,0.0,0.0,0,,0.0,0.0,0.0,18
1,[],4,[],2019-06-22 22:21:02,32715.39337381,0.00000951,0.000000000997897614,7753930,2019-06-22 22:21:02,btc,2.4477212835991273,0.0,0.00000951,btc,16195.95874669,0.06883897,0.0566146826276198,18
1,[],10,[],2019-06-22 22:21:05,392110.02742797,0.00000969,0.000000001016785266,7753931,2019-06-22 22:21:05,btc,14.874263794723653,3312.8266142,0.00000969,btc,9139.1777742,0.0,0.1836688412702327,18
1,[],12,[],2019-06-22 22:21:06,2929.42835366,0.000009500000000000000523019128007007338965195231139659881591796875,0.0000000009968483,7753932,2019-06-22 22:21:06,btc,0.5370337666308509,0.0,0.000009500000000000000523019128007007338965195231139659881591796875,btc,1918.33661369,0.000109394208,0.0075760467458423,18
0,[],17,[],2019-05-03 00:53:39,0.0,0,0,7558882,2019-05-03 00:53:39,btc,0.0,0.0,0,btc,0.0,0.0,0.0,18
0,[],2,[],2019-01-20 23:24:19,0.0,0,0,6476924,2019-01-20 23:24:19,,0.0,0.0,0,,0.0,0.0,0.0,19
1,[],3,[],2019-06-22 22:23:06,153178.02130614512,0.000008509999999999999837252580292545900420009274967014789581298828125,0.0000000008929662139999999,7753933,2019-06-22 22:23:06,btc,193.1869706310136,13015.4667322,0.000008509999999999999837252580292545900420009274967014789581298828125,btc,18848.564230408814,0.0,0.051104682802281955,19
1,[],4,[],2019-06-22 22:23:07,352696.6954431,0.00000820,0.0000000008604374799999999,7753934,2019-06-22 22:23:07,btc,6.24645285834663,0.0,0.00000820,btc,268921.43439379,0.78614175,1.5577921914851482,19
1,[],5,[],2019-06-22 22:23:08,0.0,0,0,7753935,2019-06-22 22:23:08,btc,0.0,0.02040645,0,btc,0.0,0.0,0.0,19
1,[],12,[],2019-06-22 22:23:09,109030.86575099,0.0000070299999999999996077638432512291188913877704180777072906494140625,0.0000000007376677419999999,7753936,2019-06-22 22:23:09,btc,1.2065809650905837,0.0,0.0000070299999999999996077638432512291188913877704180777072906494140625,btc,2973.67008334,0.0,0.0199146213763418,19
0,[],27,[],2019-06-22 22:23:14,0.0,0,0,7753937,2019-06-22 22:23:14,,0.0,0.0,0,btc,0.0,0.0,0.0,19
1,[],4,[],2019-06-22 21:59:02,10087097.23656777,0.00000005,0.000000000005311635,7753817,2019-06-22 21:59:02,btc,6.358699008884453,0.0,0.00000005,btc,2305311.3564439,0.0,0.1176747238096551,20
0,[],4,[],2019-06-22 21:59:03,0.0,0,0,7753818,2019-06-22 21:59:03,,5783.63110842884,0.0,0,,83493767.94349498,0.0,0.0,21
0,[],12,[],2019-06-22 21:59:04,0.0,0,0,7753819,2019-06-22 21:59:04,btc,2603.602572064875,0.0,0,btc,7530331.28571426,0.0,0.0,21
0,[],17,[],2019-05-03 00:53:51,0.0,0,0,7558891,2019-05-03 00:53:51,btc,0.0,0.0,0,btc,0.0,0.0,0.0,21
1,[],12,[],2019-06-22 22:01:06,6078691525.277,0.0000000004,0.000000000000042493080000000005,7753820,2019-06-22 22:01:06,btc,1428620268569.8816,0.0,0.0000000004,btc,2588848447.1318684,0.089142775519,1.5364575267108003,23
0.0000000002877352,[],27,[],2019-06-22 22:01:11,61213616.0,8.632056e-18,9.170066154312001e-22,7753821,2019-06-22 22:01:11,eth,1045.9990928770806,5471.0,0.00000003,eth,6455122.24779221,4.7225978376e-14,2.6088952885881603e-10,23
1,[],4,[],2019-06-22 05:45:29,6100414.07522138,0.00000017,0.00000000001823352,7751732,2019-06-22 05:45:29,btc,10.22685272773715,0.0,0.00000017,btc,1790815.48208265,0.0,0.1345450262400025,24
0,[],22,[],2019-06-22 05:45:31,0.0,0,0,7751733,2019-06-22 05:45:31,,6.22e-05,0.0,0,,517.4264705882352,0.0,0.0,24
0.0,[],25,[],2019-06-22 05:45:32,0.0,0,0,7751734,2019-06-22 05:45:32,,0.0,0.0,0.0,btc,0.0,0.0,0.0,24
1,[],4,[],2019-06-22 22:01:12,26938405.01174226,0.00000398,0.00000000042280614600000005,7753822,2019-06-22 22:01:12,btc,7.345945119144347,0.0,0.00000398,btc,205767.72176174,0.13029907,0.4479330152086607,26
1,[],10,[],2019-06-22 22:01:14,163844.03723133,0.00000401,0.000000000425993127,7753823,2019-06-22 22:01:14,btc,25.27145137871684,6445.12721434,0.00000401,btc,20297.59142845,0.0,0.0517720507514826,26
0,[],2,[],2019-01-20 23:25:56,0.0,0,0,6476976,2019-01-20 23:25:56,,0.0,0.0,0,,0.0,0.0,0.0,26
1,[],5,[],2019-04-26 09:47:06,0.0,0,0,7465326,2019-04-26 09:47:06,btc,0.0,0.0,0,btc,0.0,0.0,0.0,27
1,[],3,[],2019-06-17 14:30:26,13571825.64059417,0.00000001,0.00000000000092914,7740112,2019-06-17 14:30:26,btc,3.485049956644059,4264730.43754,0.00000001,btc,23500048.28518193,0.0,0.1357182564059417,27
1,[],11,[],2019-06-17 14:30:28,2031833.58157834,0.00000001,0.00000000000092914,7740113,2019-06-17 14:30:28,btc,67502.92060589766,32677.9652116,0.00000001,btc,6487362.95640949,0.0,0.0203183358157834,27
1,[],4,[],2019-06-22 22:01:15,907574826.0135586,0.00000001,0.000000000001062327,7753824,2019-06-22 22:01:15,btc,6.30888622634453,0.0,0.00000001,"btc,ltc",436413789.0542366,0.31404466,5.762407660035697,29
1,[],7,[],2019-06-22 22:01:16,88235545.39145988,0.00000001,0.000000000001062327,7753825,2019-06-22 22:01:16,btc,46548272.19348093,0.0,0.00000001,btc,36547577.45667129,0.0,0.8823554539145988,29
1,[],4,[],2019-06-22 22:01:18,15492325.97378427,0.00000005,0.000000000005311635,7753826,2019-06-22 22:01:18,btc,2.5874549169331815,0.0,0.00000005,btc,2237643.51667946,0.00153249,0.1716198680678411,30
0,[],17,[],2019-05-03 01:11:25,0.0,0,0,7559066,2019-05-03 01:11:25,btc,0.0,0.0,0,btc,0.0,0.0,0.0,30
1,[],4,[],2019-06-22 22:03:19,215660.54634848,0.00004001,0.0000000042503703270000005,7753827,2019-06-22 22:03:19,btc,4.05596206105842,0.0,0.00004001,btc,58537.07028552,0.6732847,0.7322901517381607,31
1,[],21,[],2019-06-22 22:03:21,840291.44063659,0.00004028000000000000059129784402,0.000000004279053156,7753828,2019-06-22 22:03:21,btc,4.488903918793796,134048.77525079,0.000040280000000000000591297844021454466201248578727245330810546875,btc,90853.9399951,5.29534438,4.206232692953079,31
0,[],2,[],2019-01-20 23:28:43,0.0,0,0,6477009,2019-01-20 23:28:43,,0.0,0.0,0,,0.0,0.0,0.0,32
0,[],4,[],2019-06-22 22:03:22,0.0,0,0,7753829,2019-06-22 22:03:22,,0.0,0.0,0,,0.0,0.0,0.0,33
1,[],12,[],2019-03-30 07:55:10,40641173.964,0.00000003,0.000000000001228359,7108785,2019-03-30 07:55:10,btc,4233210.82356125,0.0,0.00000003,btc,28378394.68333462,0.0126927883965248,0.90752895892,33
0.0000000001332268,[],4,[],2019-06-22 22:03:24,151075794.31911278,6.66134e-17,7.076521338180001e-21,7753830,2019-06-22 22:03:24,ltc,4.303284357268982,0.0,0.0000005,ltc,163523676.25403032,0.00027889,1.0166620736220986e-09,34
1,[],5,[],2019-06-22 22:03:25,0.0,0,0,7753831,2019-06-22 22:03:25,btc,0.0,0.03593365,0,btc,0.0,0.0,0.0,34
0.0000000002926451,[],17,[],2019-05-02 18:17:47,200000.0,2.9264510000000002e-18,1.596703856561e-22,7556430,2019-05-02 18:17:47,eth,0.20942468735267253,0.0,0.00000001,"btc,eth",1018272.20243647,0.0,5.852902e-13,36
0.0000000001311821,[],4,[],2019-05-31 13:28:19,2417517744.0607657,1.311821e-18,1.105058333085e-22,7717483,2019-05-31 13:28:19,ltc,5.019900492391546e-08,0.0,0.00000001,ltc,7102398142.262129,0.0,3.171350544531538e-09,36
1,[],5,[],2019-05-31 13:28:21,0.0,0,0,7717484,2019-05-31 13:28:21,btc,0.0,0.0,0,btc,0.0,0.0,0.0,36
0.0000000003108179,[],27,[],2019-05-31 13:30:34,10388811.226876,6.216358000000001e-18,5.236566733830001e-22,7717485,2019-05-31 13:30:34,eth,1569.8708019850988,761866.634299,0.00000002,"ltc,eth",5084024.2511555,4.736034912207001e-12,3.3251980286483705e-11,36
1,[],4,[],2019-06-22 22:03:26,10858699.28799283,0.00000013,0.000000000013810251000000001,7753832,2019-06-22 22:03:26,btc,19773.053939669033,0.0,0.00000013,btc,673601.4541959,0.01146544,0.1477865110994336,37
1,[],12,[],2019-06-22 22:03:27,4319294.54235103,0.00000013,0.000000000013810251000000001,7753833,2019-06-22 22:03:27,btc,7.390116341456813,0.0,0.00000013,btc,1736773.31649184,0.022671529739,0.1652980947956336,37
1,[],27,[],2019-06-22 22:05:32,11304.0,0.00000019,0.000000000020184213,7753834,2019-06-22 22:05:32,btc,22.62970013895233,0.0,0.00000019,btc,4298.824295,0.0,0.00168776,37
1,[],17,[],2019-05-03 01:11:36,211752.74075282,0.00000025,0.000000000013700074999999998,7559074,2019-05-03 01:11:36,btc,0.055484923955058496,0.0,0.00000025,"btc,eth",1387.19918473,0.0,0.0005381851887916605,37
1,[],5,[],2019-06-22 22:05:34,0.0,0,0,7753835,2019-06-22 22:05:34,btc,0.0,0.34178753,0,btc,0.0,0.0,0.0,42
1,[],12,[],2019-06-22 22:05:35,192111.13842414,0.000001889999999999999903886019510246274677456312929280102252960205078125,0.000000000200779803,7753836,2019-06-22 22:05:35,btc,479.0333360142685,0.0,0.000001889999999999999903886019510246274677456312929280102252960205078125,btc,129926.36358456,0.158301548786,0.0616308407052516,42
1,[],27,[],2019-06-22 22:05:41,1581.0,0.0000005,0.000000000053116350000000006,7753837,2019-06-22 22:05:41,btc,0.07600425,0.0,0.0000005,"btc,eth",18.0,0.0,0.0005435000003022946,42
1,[],12,[],2019-03-13 09:13:29,1112112.0,0.00000001,0.000000000000386531,6919902,2019-03-13 09:13:29,btc,29058.00478931866,0.0,0.00000001,btc,5967681.93306694,9.99000999e-07,0.01112112,43
1,[],5,[],2019-04-26 22:38:52,0.0,0,0,7474154,2019-04-26 22:38:52,btc,0.0,0.02638891,0,btc,0.0,0.0,0.0,43
0,[],17,[],2019-04-26 22:38:53,0.0,0,0,7474155,2019-04-26 22:38:53,btc,0.0,0.0,0,btc,0.0,0.0,0.0,43
1,[],12,[],2019-03-05 01:54:08,639326.02,0.00000004,0.000000000001486676,6845775,2019-03-05 01:54:08,btc,11116042.728239931,0.0,0.00000004,btc,1103841.4595604,0.0003330765234764,0.014975410599999999,44
0.0000000001332268,[],4,[],2019-06-22 22:05:42,106741905.88565655,5.329072e-17,5.661217070544e-21,7753838,2019-06-22 22:05:42,ltc,1601.90266506184,0.0,0.0000004,ltc,26045076.72896898,0.00299403,6.34206857143096e-10,49
0.0000000001332268,[],4,[],2019-06-22 22:05:42,319239170.3011559,2.7977628e-17,2.9721389620356e-21,7753839,2019-06-22 22:05:42,ltc,27281.791514482593,0.0,0.00000021,ltc,181460705.76288,0.0,2.6026535969623862e-09,52
0,[],22,[],2019-06-22 22:05:45,0.0,0,0,7753840,2019-06-22 22:05:45,,10289.80784133,0.0,0,,287058287.4566013,0.0,0.0,57
0,[],27,[],2019-06-22 22:05:51,0.0,0,0,7753841,2019-06-22 22:05:51,,0.0,0.0,0,"btc,eth",0.0,0.0,0.0,57
0,[],4,[],2019-06-22 22:05:52,0.0,0,0,7753842,2019-06-22 22:05:52,,19.720159899441555,0.0,0,,5712975801.497043,0.0,0.0,58
1,[],12,[],2019-06-22 22:05:54,551379705.09997,0.0000000001,0.000000000000010623270000000001,7753843,2019-06-22 22:05:54,btc,34227845.32830607,0.0,0.0000000001,btc,2963299594.041915,0.026782247318,0.055137970509997,58
0.00000000010754649999999999,[],22,[],2019-06-22 22:07:57,126877.0,1.075465e-18,1.142495507055e-22,7753844,2019-06-22 22:07:57,XMR,68.17454206,0.0,0.00000001,XMR,9626402.6,0.0,0.00126877,58
1,[],17,[],2019-05-03 01:12:09,1200000.0,0.0000000001,0.00000000000000548003,7559085,2019-05-03 01:12:09,btc,1e+24,0.0,0.0000000001,"btc,eth",39516342.31952568,0.0,0.00010000000058666061,58
1,[],5,[],2019-06-17 14:31:27,0.0,0,0,7740135,2019-06-17 14:31:27,btc,0.0,0.00079154,0,btc,0.0,0.0,0.0,61
1,[],22,[],2019-06-17 14:31:30,13612.833333333334,0.00000012,0.00000000001114968,7740136,2019-06-17 14:31:30,BTC,1002.29123003,0.0,0.00000012,BTC,15014.200177125656,0.0,0.00153257,61
1,[],26,[],2019-06-17 14:31:30,0.0,0.00000050,0.000000000046457,7740137,2019-06-17 14:31:30,btc,0.0,0.0,0.00000050,btc,0.0,0.0,0.0,61
1,[],27,[],2019-06-17 14:31:36,8400.0,0.00000018,0.00000000001672452,7740138,2019-06-17 14:31:36,btc,1.9742539297246655,0.0,0.00000018,"btc,eth",10953.51663696,0.0,0.001512,61
0,[],28,[],2019-06-17 14:31:38,0.0,0,0,7740139,2019-06-17 14:31:38,,0.0,0.0,0,,0.0,0.0,0.0,61
1,[],4,[],2019-06-22 22:07:57,668278.19037152,0.00000075,0.000000000079674525,7753845,2019-06-22 22:07:57,btc,3.698876725248467,0.0,0.00000075,btc,1351381.17888589,0.13081688,0.3830683917840488,67
0.0,[],25,[],2019-06-22 22:07:59,0.0,0,0,7753846,2019-06-22 22:07:59,,0.0,0.0,0.0,btc,0.0,0.0,0.0,67
1,[],12,[],2019-06-02 06:23:14,910048.355,0.00000006,0.000000000005154929999999999,7725270,2019-06-02 06:23:14,btc,5.167005424215783,0.0,0.00000006,btc,738530.60239759,0.003159757462,0.0187188113,71
,[],5,[],2018-11-20 23:02:39,1.5e-07,0.00000005,0.000000000002128045,4862160,2018-11-20 23:02:39,btc,2.84511358,0.0,,btc,0.00036572,0.0,0.07381892,74
1,[],5,[],2019-06-22 22:08:00,0.0,0,0,7753847,2019-06-22 22:08:00,btc,0.0,0.00575493,0,btc,0.0,0.0,0.0,75
1,[],4,[],2019-06-04 03:25:15,715281.46076168,0.00000001,0.000000000000803619,7734085,2019-06-04 03:25:15,btc,581089.6218469425,0.0,0.00000001,btc,37692563.61091116,0.0,0.0071528146076168,81
0,[],20,[],2019-01-25 09:30:31,0.0,0,0,6495923,2019-01-25 09:30:31,btc,0.0,0.0,0,btc,0.0,0.0,0.0,81
1,[],4,[],2019-06-22 22:08:01,223961.82358214,0.00008600,0.0000000091360122,7753848,2019-06-22 22:08:01,btc,57.57446083328552,0.0,0.00008600,btc,118624.94075856,0.5422899,0.3136365544231439,82
1,[],21,[],2019-06-22 22:08:02,79926.94259602,0.00008543999999999999511723913770,0.000000009076521888,7753849,2019-06-22 22:08:02,btc,6.157673934529366,29539.12356688,0.000085439999999999995117239137698561535216867923736572265625,btc,50302.920467079995,2.71105052,4.695162262249079,82
0,[],17,[],2019-03-25 22:42:34,0.0,0,0,7038780,2019-03-25 22:42:34,btc,0.0445064681804024,0.0,0,btc,995513.18476001,0.0,0.0,84
0.0000000001161485,[],4,[],2019-05-20 13:09:39,216715621.0206096,1.161485e-18,9.0533806701e-23,7657228,2019-05-20 13:09:39,ltc,1.6511566870244727,0.0,0.00000001,ltc,471032407.9048656,0.0,2.5171194308112273e-10,85
,[],22,[],2018-11-20 23:09:34,3408.1,0.0000001,0.0000000000041895,4862324,2018-11-20 23:09:34,BTC,0.04624735,0.0,,BTC,4990.0,0.0,0.00033081,86
1,[],22,[],2019-06-22 22:08:05,99694.0,0.00000005,0.000000000005311635,7753850,2019-06-22 22:08:05,BTC,1.80746553,0.0,0.00000005,BTC,178624.94736842104,0.00102638,0.00247846,87
1,[],27,[],2019-06-22 22:08:11,269536.0,0.00000003,0.0000000000031869810000000004,7753851,2019-06-22 22:08:11,btc,2.00927544326,0.0,0.00000003,btc,549681.402,0.0,0.00708608,87
,[],2,[],2018-11-20 23:10:47,0.0,0,0,4862359,2018-11-20 23:10:47,,0.0,0.0,,,0.0,0.0,0.0,88
1,[],11,[],2019-06-17 14:31:59,193715.3529613,0.000073310000000000001140094962881477158589405007660388946533203125,0.00000000681152534,7740147,2019-06-17 14:31:59,btc,168.35454702024953,5791.70569014,0.000073310000000000001140094962881477158589405007660388946533203125,btc,196971.41170107,0.0,1.1996165759440112,89
0,[],2,[],2019-01-20 23:31:45,0.0,0,0,6477083,2019-01-20 23:31:45,,0.0,0.0,0,,0.0,0.0,0.0,91
1,[],12,[],2019-06-18 02:35:48,427715.74,0.00000015,0.000000000013911045000000001,7746087,2019-06-18 02:35:48,btc,116.61022144471085,0.0,0.00000015,btc,193315.55943968,0.000180759303,0.0129558314,91
1,[],22,[],2019-06-20 20:27:07,75910.0,0.00000002,0.000000000001914908,7746207,2019-06-20 20:27:07,BTC,0.49565371,0.0,0.00000002,"BTC,LTC",6.384990670617935,0.0,0.0016592,91
0,[],17,[],2019-05-03 01:12:26,0.0,0,0,7559096,2019-05-03 01:12:26,btc,0.0,0.0,0,btc,0.0,0.0,0.0,91
1,[],22,[],2019-06-22 22:08:14,105655.66666666667,0.00000003,0.0000000000031869810000000004,7753852,2019-06-22 22:08:14,BTC,11.33897591,0.0,0.00000003,"BTC,LTC",299855.0280038263,3.1974432e-13,0.06677967,95
0.0000000001332268,[],4,[],2019-06-22 22:08:15,540443690.5447621,2.664536e-17,2.830608535272e-21,7753853,2019-06-22 22:08:15,ltc,11.330212443272973,0.0,0.0000002,ltc,157061359.96749604,0.0,8.775196941299022e-10,96
0,[],12,[],2019-06-22 22:08:16,0.0,0,0,7753854,2019-06-22 22:08:16,btc,36.47441305858142,0.0,0,btc,9855659.85814186,9.99001e-06,0.0,96
0,[],17,[],2019-05-03 01:12:32,0.0,0,0,7559100,2019-05-03 01:12:32,btc,0.0,0.0,0,btc,0.0,0.0,0.0,96
1,[],4,[],2019-04-14 03:32:46,1039404.33283278,0.00000038,0.000000000019245518,7293458,2019-04-14 03:32:46,btc,4.170086055365747,0.0,0.00000038,btc,3097704.34561074,0.06260606,0.1859928211030784,99
0,[],2,[],2019-01-20 23:23:55,0.0,0,0,6476914,2019-01-20 23:23:55,,0.0,0.0,0,,0.0,0.0,0.0,100
1,[],4,[],2019-06-22 22:10:19,283479.12534397,0.00001243,0.000000001320472461,7753855,2019-06-22 22:10:19,btc,7.414347004585272,0.0,0.00001243,btc,165490.6653291,0.31913128,0.244775903133115,100
1,[],22,[],2019-06-05 06:30:35,150000.0,0.00000002,0.000000000001558192,7740007,2019-06-05 06:30:35,BTC,28.56386409,0.0,0.00000002,BTC,12787.719,0.0,0.0017,101
1,[],4,[],2019-06-22 22:10:20,537555.65544121,0.00000148,0.000000000157224396,7753856,2019-06-22 22:10:20,btc,634.3394459802432,0.0,0.00000148,btc,745363.03033931,0.08646764,0.0825569728556835,103
1,[],12,[],2019-06-17 14:32:14,179201505.10870332,0.000000005,0.00000000000046457,7740154,2019-06-17 14:32:14,btc,113577.79366343976,0.0,0.000000005,btc,79148141.67831126,0.019059029059,0.27280986350611003,105
1,[],27,[],2019-06-17 14:32:19,18306828.03496503,0.00000002,0.00000000000185828,7740155,2019-06-17 14:32:19,btc,180.7198218385489,1083.96503497,0.00000002,btc,276513.60142659,7.588e-05,0.3661365606993006,105
1,[],22,[],2019-04-21 00:17:26,21333.0,0.00000001,0.000000000000532493,7385819,2019-04-21 00:17:26,BTC,51.38182867,0.0,0.00000001,BTC,470435.0,0.0,0.00021333,107
1,[],26,[],2019-04-21 00:17:26,0.0,0.00000000,0,7385820,2019-04-21 00:17:26,btc,0.0,0.0,0.00000000,btc,0.0,0.0,0.0,107
1,[],5,[],2019-06-22 22:10:23,0.0,0,0,7753857,2019-06-22 22:10:23,btc,0.0,0.005,0,btc,0.0,0.0,0.0,112
0,[],22,[],2019-06-22 22:10:25,0.0,0,0,7753858,2019-06-22 22:10:25,,6.79500102,0.0,0,,3375892.0833333335,0.0,0.0,112
1,[],27,[],2019-06-22 22:10:32,1.0,0.00000001,0.000000000001062327,7753859,2019-06-22 22:10:32,btc,1.14885,0.0,0.00000001,"btc,eth",39.0,0.0,1e-08,112
1,[],4,[],2019-06-22 22:10:33,1017059.11720871,0.00000061,0.000000000064801947,7753860,2019-06-22 22:10:33,btc,4.726723691915279,0.0,0.00000061,btc,774139.74933858,0.04101492,0.2093341388292885,113
1,[],5,[],2019-06-22 22:10:34,0.0,0,0,7753861,2019-06-22 22:10:34,btc,0.0,0.0,0,btc,0.0,0.0,0.0,113
1,[],17,[],2019-04-26 02:17:47,162738.278,0.00000004,0.0000000000021069000000000002,7461287,2019-04-26 02:17:47,btc,1.3331140273775473,0.0,0.00000004,btc,51796.221,0.0,0.00230953112,116
1,[],27,[],2019-05-22 05:13:01,210000.0,0.00000001,0.00000000000079145,7666372,2019-05-22 05:13:01,btc,3919.0005001478,0.0,0.00000001,btc,128660.871,0.0,0.0021,116
1,[],4,[],2019-05-21 22:31:11,138169.03963019,0.00000701,0.000000000558364025,7664793,2019-05-21 22:31:11,btc,150.95388250938234,0.0,0.00000701,btc,344631.17141974,0.07552974,0.4288357684941946,120
1,[],7,[],2019-05-21 22:31:12,3901.07750076,0.000010679999999999999389654892212320191902108490467071533203125,0.0000000008506887,7664794,2019-05-21 22:31:12,btc,231188.94669936574,0.0,0.000010679999999999999389654892212320191902108490467071533203125,btc,4133.83151364,0.0,0.0113888422364489,120
1,[],20,[],2019-04-07 18:42:29,1914137.0852,0.000000035,0.0000000000017871910000000002,7211992,2019-04-07 18:42:29,btc,32.2497668025648,25528.85,0.000000035,btc,1001975.4986,0.00089350975,0.0152723574729,125
1,[],22,[],2019-06-17 14:32:38,10000.0,0.00000001,0.00000000000092914,7740161,2019-06-17 14:32:38,BTC,0.032061,0.0,0.00000001,BTC,299316.7611111111,0.0,0.0001,126
1,[],4,[],2019-06-22 22:10:35,903773.9815876,0.00000342,0.000000000363315834,7753862,2019-06-22 22:10:35,btc,2.4269289523292805,0.0,0.00000342,btc,182318.30235406,0.23849143,0.4420016374059392,131
0,[],2,[],2019-01-20 23:25:46,0.0,0,0,6476969,2019-01-20 23:25:46,,0.0,0.0,0,,0.0,0.0,0.0,131
1,[],17,[],2019-05-03 01:13:10,10000.0,0.00000001,0.000000000000548003,7559115,2019-05-03 01:13:10,btc,0.0953976503951408,0.0,0.00000001,btc,5037.62507334,0.0,0.0001,131
1,[],4,[],2019-06-17 14:32:42,4848.49465417,0.00007919,0.00000000735785966,7740163,2019-06-17 14:32:42,btc,0.9905723729472744,0.0,0.00007919,btc,202.13055914,0.0,0.0061509344290166,135
1,[],3,[],2019-06-05 06:33:11,40600.27748212,0.00000001,0.000000000000779096,7740019,2019-06-05 06:33:11,btc,0.2308097808993716,2146378.52189,0.00000001,btc,2477992.76904676,0.0,0.0004060027748212,136
1,[],4,[],2019-06-22 22:12:36,697590.38608215,0.00000170,0.00000000018059559,7753863,2019-06-22 22:12:36,btc,110.29988468810372,0.0,0.00000170,btc,583945.36518474,0.02856656,0.4562348548861692,137
1,[],12,[],2019-06-22 22:12:38,67538.71091374,0.000001599999999999999927596978921418013896982301957905292510986328125,0.00000000016997232,7753864,2019-06-22 22:12:38,btc,79.71314697772321,0.0,0.000001599999999999999927596978921418013896982301957905292510986328125,btc,81717.92097078,0.0,0.0160236199999629,137
1,[],20,[],2019-06-22 21:10:38,268462.4719,0.000015105,0.0000000016124889600000002,7753746,2019-06-22 21:10:38,btc,1.6069374350496,86.4339,0.000015105,btc,9853.9655,0.001391718738,0.017702367093,142
1,[],4,[],2019-06-22 22:12:38,275882.24833717,0.00001424,0.000000001512753648,7753865,2019-06-22 22:12:38,btc,6.553867386341462,0.0,0.00001424,btc,162236.7370051,0.25349446,0.3694207416401953,142
1,[],5,[],2019-06-22 22:12:40,0.0,0,0,7753866,2019-06-22 22:12:40,btc,0.0,0.01976147,0,btc,0.0,0.0,0.0,142
1,[],22,[],2019-06-22 22:14:44,10715.0,0.00001299,0.000000001379962773,7753867,2019-06-22 22:14:44,BTC,2.99759384,0.0,0.00001299,BTC,835.7198755539798,0.0,0.00540125,142
0.0,[],25,[],2019-06-22 22:14:45,0.0,0,0,7753868,2019-06-22 22:14:45,,0.0,0.0,0.0,btc,0.0,0.0,0.0,142
0,[],28,[],2019-06-22 22:14:46,0.0,0,0,7753869,2019-06-22 22:14:46,,0.0,0.0,0,,0.0,0.0,0.0,142
1,[],17,[],2019-05-03 01:13:16,32967.38636364,0.00000088,0.000000000048224264,7559122,2019-05-03 01:13:16,btc,20.06976206696776,0.0,0.00000088,btc,2746.079105,0.0,0.0105613000000032,142
0,[],22,[],2019-06-22 22:14:49,0.0,0,0,7753870,2019-06-22 22:14:49,,1635.98618676,0.0,0,,788450755.3,0.0,0.0,143
0,[],22,[],2019-02-25 15:42:22,0.0,0,0,6783783,2019-02-25 15:42:22,,4.2131946,0.0,0,,2322156.0,0.0,0.0,146
,[],22,[],2018-11-20 23:01:11,0.0,0,0,4862114,2018-11-20 23:01:11,,2.56807021,0.0,,,61828.4988236,0.0,0.0,147
1,[],12,[],2019-04-21 06:38:04,193091.5971266,0.00000071,0.000000000037635183,7388679,2019-04-21 06:38:04,btc,2.301232411611175,0.0,0.00000071,btc,9957.48302385,0.00023528,0.0313308199999888,148
1,[],4,[],2019-03-19 21:31:25,255810.0415942,0.00000029,0.000000000011615747,6982695,2019-03-19 21:31:25,btc,218.94922712414143,0.0,0.00000029,btc,793529.37642722,0.00117,0.0608347789473395,152
0,[],22,[],2019-03-19 21:31:27,0.0,0,0,6982696,2019-03-19 21:31:27,,0.0,0.0,0,,0.0,0.0,0.0,152
1,[],5,[],2019-04-26 09:36:59,0.0,0,0,7465040,2019-04-26 09:36:59,btc,0.0,0.0,0,btc,0.0,0.0,0.0,153
,[],16,[],2019-01-11 15:38:59,0.0,0,0,6366141,2019-01-11 15:38:59,btc,0.0,0.0,,btc,0.0,0.0,0.0,155
0,[],23,[],2019-01-20 23:24:29,0.0,0,0,6476932,2019-01-20 23:24:29,,0.0,0.0,0,,0.0,0.0,0.0,156
0,[],22,[],2019-06-04 06:02:09,0.0,0,0,7734688,2019-06-04 06:02:09,,7.43375324,0.0,0,,5955762.942592593,0.0,0.0,156
1,[],22,[],2019-06-22 22:14:53,6996.0,0.00000001,0.000000000001062327,7753871,2019-06-22 22:14:53,BTC,1.7543039,0.0,0.00000001,BTC,57.0,0.0,6.996e-05,157
0,[],22,[],2019-05-21 23:40:32,0.0,0,0,7665049,2019-05-21 23:40:32,,50234.60468402,0.0,0,,54786159.03179465,0.0,0.0,158
,[],17,[],2018-11-20 22:56:10,0.0,0,0,4861976,2018-11-20 22:56:10,btc,1.1265625,0.0,,btc,1000.0,0.0,0.0,159
,[],20,[],2018-11-20 22:56:12,0.0,0,0,4861977,2018-11-20 22:56:12,btc,11912.7940471,0.0,,btc,34413894.3617,0.0,0.0,159
1,[],12,[],2019-05-24 02:51:20,9178.522006449999,0.00000191999999999999982841307998027158276954651228152215480804443359375,0.000000000151222656,7676256,2019-05-24 02:51:20,btc,149.80414728631675,0.0,0.00000191999999999999982841307998027158276954651228152215480804443359375,btc,1115.7451448499999,0.01783167678326,0.0120075778999181,168
1,[],17,[],2019-05-03 01:13:36,42852.0,0.00000002,0.000000000001096006,7559132,2019-05-03 01:13:36,btc,0.04279856251542,0.0,0.00000002,btc,274.46171372,0.0,0.00052852,168
1,[],22,[],2019-05-17 03:01:52,10.0,0.00000001,0.000000000000778341,7642059,2019-05-17 03:01:52,BTC,41.95893009,0.0,0.00000001,BTC,1753972.7737547632,0.0,1e-07,169
1,[],22,[],2019-05-30 08:38:18,202834.0,0.00000002,0.0000000000017416160000000001,7711049,2019-05-30 08:38:18,BTC,27.87002826,0.0,0.00000002,BTC,462189.5410507793,0.0,0.00211768,171
1,[],22,[],2019-05-29 08:05:18,349870.0,0.00000002,0.000000000001705894,7705265,2019-05-29 08:05:18,BTC,24.05907723,0.0,0.00000002,"BTC,LTC",1224285.4355616204,0.0,0.0039847,173
1,[],5,[],2019-06-22 22:14:54,0.0,0,0,7753872,2019-06-22 22:14:54,btc,0.0,0.0073453,0,btc,0.0,0.0,0.0,175
1,[],22,[],2019-06-17 14:33:12,90671.0,0.00000001,0.00000000000092914,7740175,2019-06-17 14:33:12,BTC,394.35459412,0.0,0.00000001,BTC,136275.61833431243,0.0,0.00090671,176
1,[],7,[],2019-06-22 22:14:55,0.0,0,0,7753873,2019-06-22 22:14:55,btc,522272.5934493988,0.0,0,btc,27809550.642174788,0.0,0.0,178
0,[],22,[],2019-06-22 22:14:57,0.0,0,0,7753874,2019-06-22 22:14:57,,1.00242428,0.0,0,,57512.0,0.0,0.0,178
0,[],2,[],2019-01-20 23:28:34,0.0,0,0,6477001,2019-01-20 23:28:34,,0.0,0.0,0,,0.0,0.0,0.0,178
1,[],5,[],2019-06-22 22:14:58,0.0,0,0,7753875,2019-06-22 22:14:58,btc,0.0,0.01175428,0,btc,0.0,0.0,0.0,179
0,[],22,[],2019-06-22 22:15:01,0.0,0,0,7753876,2019-06-22 22:15:01,,5.17403917,0.0,0,,13450788.311946675,0.0,0.0,179
0,[],23,[],2019-01-20 23:25:08,0.0,0,0,6476952,2019-01-20 23:25:08,,0.0,0.0,0,,0.0,0.0,0.0,179
1,[],22,[],2019-06-22 22:17:04,679180.4144124169,0.00000041,0.000000000043555407,7753877,2019-06-22 22:17:04,BTC,40.58757625,0.0,0.00000041,"BTC,LTC",148952.62502857723,0.0087085,0.56811589,180
1,[],26,[],2019-06-22 22:17:04,0.0,0.00000010,0.00000000001062327,7753878,2019-06-22 22:17:04,btc,0.0,0.0,0.00000010,btc,0.0,0.0,0.0,180
1,[],17,[],2019-05-03 01:13:56,20504.725000000002,0.0000001,0.00000000000548003,7559141,2019-05-03 01:13:56,btc,5.2010695838400265,0.0,0.0000001,btc,5033.45945,0.0,0.0011504725,180
,[],7,[],2018-11-20 22:58:01,562227.975654,0.00000085,0.000000000036176765,4862015,2018-11-20 22:58:01,btc,21836.6059674,2491.87645172,,btc,749999.041456,0.00211021,0.127565380455,183
,[],5,[],2019-01-10 08:11:41,0.0,0,0,6347036,2019-01-10 08:11:41,btc,82.15055501,0.00261,,btc,1.19002445,0.0,0.0,187
,[],17,[],2018-11-16 20:58:10,4062536.27273,0.00000001,0.000000000000550501,4708775,2018-11-16 20:58:10,btc,3.36492563466,0.195460381006,,"btc,eth",110697919.549,0.0,0.0157628953496,187
1,[],24,[],2019-05-22 21:04:52,0.0,0.000000000014,0.0000000000000010960978,7670219,2019-05-22 21:04:52,btc,0.0,0.0,0.000000000014,btc,0.0,0.0,0.0,187
0,[],22,[],2019-04-25 02:54:07,0.0,0,0,7447896,2019-04-25 02:54:07,,7.54794454,0.0,0,,76361.7243344055,0.0,0.0,191
0,[],22,[],2019-06-17 14:33:34,0.0,0,0,7740182,2019-06-17 14:33:34,,0.0,0.0,0,,0.0,0.0,0.0,197
0,[],23,[],2019-01-20 23:31:41,0.0,0,0,6477079,2019-01-20 23:31:41,,0.0,0.0,0,,0.0,0.0,0.0,199
0,[],22,[],2019-06-22 22:17:08,0.0,0,0,7753879,2019-06-22 22:17:08,,10.58263174,0.0,0,,84280969.0,0.0,0.0,199
1,[],26,[],2019-06-22 22:17:08,0.0,0.00000000,0,7753880,2019-06-22 22:17:08,btc,0.0,0.0,0.00000000,btc,0.0,0.0,0.0,199
0,[],2,[],2019-01-20 23:30:49,0.0,0,0,6477059,2019-01-20 23:30:49,,0.0,0.0,0,,0.0,0.0,0.0,201
1,[],4,[],2019-01-25 15:51:35,2084389.58565343,0.00000936,0.000000000333526752,6499557,2019-01-25 15:51:35,btc,2.0092503037378524,0.0,0.00000936,btc,160195.80207885,0.19272417,1.242687955921835,211
1,[],7,[],2019-06-22 22:17:10,1170054124.6898527,0.00000018,0.000000000019121886,7753881,2019-06-22 22:17:10,btc,1346838.7838339163,0.0,0.00000018,btc,5759479.26464841,0.0,11.954344045954047,212
1,[],12,[],2019-01-25 02:44:32,207462.42853209,0.000001080000000000000035831255497387193287295303889550268650054931640625,0.000000000038610756000000006,6493050,2019-01-25 02:44:32,btc,85023.03793723314,0.0,0.000001080000000000000035831255497387193287295303889550268650054931640625,btc,43675.73520027,0.000146250909087,0.0348620860622024,213
1,[],5,[],2019-05-30 00:07:46,0.0,0,0,7709357,2019-05-30 00:07:46,btc,0.0,0.06425239,0,btc,0.0,0.0,0.0,213
1,[],24,[],2019-05-30 00:07:46,0.0,0.000000399202,0.0000000000344859829346,7709358,2019-05-30 00:07:46,btc,0.0,0.0,0.000000399202,btc,0.0,0.0,0.0,213
1,[],26,[],2019-05-30 00:07:47,0.0,0.00000040,0.000000000034554919999999996,7709359,2019-05-30 00:07:47,btc,0.0,0.0,0.00000040,btc,0.0,0.0,0.0,213
0,[],22,[],2019-06-22 22:17:13,0.0,0,0,7753882,2019-06-22 22:17:13,,9.56923849,0.0,0,,3661587.2040649247,0.0,0.0,216
0,[],27,[],2019-06-22 22:17:20,0.0,0,0,7753883,2019-06-22 22:17:20,,95.7703362515382,0.0,0,"btc,ltc",596312.12538,0.0,0.0,216
1,[],22,[],2019-06-22 22:17:23,470097.3852813853,0.00000028,0.000000000029745156,7753884,2019-06-22 22:17:23,BTC,12055.91935175,0.0,0.00000028,BTC,507453.4678921843,0.00339599,0.02813426,217
1,[],7,[],2019-06-22 22:17:24,0.0,0,0,7753885,2019-06-22 22:17:24,btc,1234862.069144521,0.0,0,btc,89337195.01569474,0.0,0.0,219
0,[],27,[],2019-06-22 22:17:29,0.0,0,0,7753886,2019-06-22 22:17:29,,250.34372354432625,0.0,0,btc,5709879.26511325,0.0,0.0,219
0,[],28,[],2019-06-22 22:17:31,0.0,0,0,7753887,2019-06-22 22:17:31,,0.0,0.0,0,,0.0,0.0,0.0,219
1,[],22,[],2019-05-23 16:41:05,172069.0,0.00000004,0.0000000000031167080000000004,7674065,2019-05-23 16:41:05,BTC,56.76466137,0.0,0.00000004,BTC,127061.6482738741,0.0,0.00393676,221
1,[],24,[],2019-05-23 16:41:05,0.0,0.000000010000,0.0000000000007791770000000001,7674066,2019-05-23 16:41:05,btc,0.0,0.0,0.000000010000,btc,0.0,0.0,0.0,221
1,[],20,[],2019-06-17 14:34:11,26882155.8301,0.000000003,0.000000000000278742,7740192,2019-06-17 14:34:11,btc,100050.81956632523,233521.3529,0.000000003,btc,38769742.8604,0.0007925640587,0.0306863532672,224
0,[],22,[],2019-06-17 14:34:13,0.0,0,0,7740193,2019-06-17 14:34:13,,0.0,0.0,0,,0.0,0.0,0.0,224
1,[],26,[],2019-06-22 22:17:31,0.0,0.00000022,0.000000000023371194,7753888,2019-06-22 22:17:31,btc,0.0,0.0,0.00000022,btc,0.0,0.0,0.0,231
1,[],26,[],2019-06-22 22:17:32,0.0,0.00000005,0.000000000005311635,7753889,2019-06-22 22:17:32,btc,0.0,0.0,0.00000005,btc,0.0,0.0,0.0,234
0.0000000002877352,[],27,[],2019-06-22 22:17:38,100.0,2.877352e-18,3.056688718104e-22,7753890,2019-06-22 22:17:38,eth,0.0,0.0,0.00000001,"btc,eth",0.0,0.0,2.877352e-16,234
1,[],4,[],2019-05-22 17:06:12,91780.56053785,0.00000078,0.000000000061977552,7669277,2019-05-22 17:06:12,btc,5.573372450018177,0.0,0.00000078,btc,729173.93529783,0.0,0.0307060663355679,236
1,[],24,[],2019-05-22 17:06:12,0.0,0.000000010000,0.000000000000794584,7669278,2019-05-22 17:06:12,btc,0.0,0.0,0.000000010000,btc,0.0,0.0,0.0,236
1,[],5,[],2019-06-22 22:17:40,0.0,0,0,7753891,2019-06-22 22:17:40,btc,0.0,3.16230177,0,btc,0.0,0.0,0.0,237
1,[],20,[],2019-06-22 22:17:42,50588428.415,0.000000072,0.0000000000076487544,7753892,2019-06-22 22:17:42,btc,8172549.57520559,24241183.619,0.000000072,btc,40944311.2815,2.3196350686505,1.06953112267,237
1,[],22,[],2019-06-22 22:17:45,2084614.0,0.00000004,0.000000000004249308,7753893,2019-06-22 22:17:45,BTC,1.20112207,0.0,0.00000004,"BTC,LTC",14507.148717948718,0.0,0.02587451,237
1,[],4,[],2019-06-22 22:17:46,41869992.28792431,0.00000007,0.000000000007436289,7753894,2019-06-22 22:17:46,btc,2.580579599854248,0.0,0.00000007,btc,11770289.16908882,0.04551291,0.8667459040907001,238
1,[],5,[],2019-06-22 22:17:47,0.0,0,0,7753895,2019-06-22 22:17:47,btc,0.0,0.00317748,0,btc,0.0,0.0,0.0,238
0,[],22,[],2019-03-12 16:49:32,0.0,0,0,6914458,2019-03-12 16:49:32,,0.40415746,0.0,0,,526736.5639027493,0.0,0.0,249
0,[],22,[],2019-05-28 23:53:45,0.0,0,0,7703643,2019-05-28 23:53:45,,13.44714864,0.0,0,,43777534.3426455,0.0,0.0,252
0,[],28,[],2019-06-22 22:17:49,0.0,0,0,7753896,2019-06-22 22:17:49,,0.0,0.0,0,,0.0,0.0,0.0,256
1,[],22,[],2019-06-22 22:17:52,569233.0,0.00000001,0.000000000001062327,7753897,2019-06-22 22:17:52,BTC,31464.57209997,0.0,0.00000001,BTC,1031955.2230878276,0.0,0.00569233,258
1,[],22,[],2019-05-19 18:12:02,400.0,0.00000001,0.0000000000007957800000000001,7653905,2019-05-19 18:12:02,BTC,2.415167,0.0,0.00000001,BTC,157.0,0.0,4e-06,259
1,[],5,[],2019-06-22 22:17:54,0.0,0,0,7753898,2019-06-22 22:17:54,btc,0.0,0.05939687,0,btc,0.0,0.0,0.0,264
1,[],20,[],2019-06-22 22:17:56,910758.7243,0.000000421,0.0000000000447239667,7753899,2019-06-22 22:17:56,btc,1.0297028590824,0.0,0.000000421,btc,62959.9021,0.0,0.0073877343569,264
0,[],22,[],2019-04-12 17:57:27,0.0,0,0,7278186,2019-04-12 17:57:27,,66.37522201,0.0,0,,677842.4169881374,0.0,0.0,271
0,[],22,[],2019-06-22 22:17:59,0.0,0,0,7753900,2019-06-22 22:17:59,,33050469.74148113,0.0,0,,14261527780.7,0.0,0.0,272
0,[],28,[],2019-06-22 22:18:00,0.0,0,0,7753901,2019-06-22 22:18:00,,0.0,0.0,0,,0.0,0.0,0.0,272
1,[],22,[],2019-05-23 07:12:29,219930.0,0.00000004,0.000000000003048688,7671985,2019-05-23 07:12:29,BTC,426.77835217,0.0,0.00000004,BTC,248664.3325962929,0.0,0.00739728,281
1,[],22,[],2019-06-22 22:18:05,27319.1,0.00000001,0.000000000001062327,7753902,2019-06-22 22:18:05,BTC,2.67525817,0.0,0.00000001,"BTC,LTC",1044870.7426726611,0.00047686,0.00476888,286
0,[],22,[],2019-06-17 14:34:53,0.0,0,0,7740207,2019-06-17 14:34:53,,7337915.80475575,0.0,0,,2078527309.6797826,0.0,0.0,294
