pairValue,buyBook,exchangeId,sellBook,updated,buyTotal,satoshiPrice,usdPrice,exchangeLogId,created,bestPair,sellTotalBtc,volume,pairPrice,activePairs,sellTotal,volumeBtc,buyTotalBtc,coinId
1,[],3,[],2019-05-10 13:38:16,32359.35625256018,0.01031085999999999981702192286547870025970041751861572265625,0.000000651268974524,7608201,2019-05-10 13:38:16,btc,2.405702584163801,206.488454099,0.01031085999999999981702192286547870025970041751861572265625,btc,32.61761184856,0.0,0.3169414803918499,1
1,[],4,[],2019-05-10 13:38:17,294644.02149595,0.01057999,0.000000668268140366,7608202,2019-05-10 13:38:17,btc,9.050311371732171,0.0,0.01057999,btc,415.15561494,1.13841001,0.6180484744961834,1
1,[],5,[],2019-05-10 13:38:19,0.0,0,0,7608203,2019-05-10 13:38:19,btc,0.0,0.15699223,0,btc,0.0,0.0,0.0,1
1,[],10,[],2019-05-10 13:38:21,184864.05635345,0.00916001,0.000000578577375634,7608204,2019-05-10 13:38:21,btc,6525.251193050994,1405.31057207,0.00916001,btc,1470.61291658,0.0,3.6902142705006646,1
1,[],12,[],2019-05-10 13:38:23,81.28118351,0.01050000000000000065225602696727946749888360500335693359375,0.0000006632157,7608205,2019-05-10 13:38:23,btc,0.1286409194483,0.0,0.01050000000000000065225602696727946749888360500335693359375,btc,8.43790331,0.359832535629,0.3598234472914,1
1,[],20,[],2019-05-10 13:38:25,975.423,0.010710031,0.0000006764819720654,7608206,2019-05-10 13:38:25,btc,0.0789173483598,0.0188,0.010710031,btc,5.218,0.0002209,0.176108703475,1
1,[],21,[],2019-05-10 13:38:27,2032.35104833,0.01055290000000000047442050288,0.0000006665570438600001,7608207,2019-05-10 13:38:27,btc,16.305953279303743,8075.61955367,0.0105529000000000004744205028828218928538262844085693359375,"btc,eth",1990.71276806,84.24796403045585,13.91472990501525,1
0,[],22,[],2019-05-10 13:38:30,0.0,0,0,7608208,2019-05-10 13:38:30,,0.3163308,0.0,0,,0.2527518593615956,0.0,0.0,1
1,[],24,[],2019-05-10 13:38:31,0.0,0.000000000000,0,7608209,2019-05-10 13:38:31,btc,0.0,0.0,0.000000000000,btc,0.0,0.0,0.0,1
0.0,[],25,[],2019-05-10 13:38:31,0.0,0,0,7608210,2019-05-10 13:38:31,btc,39.19999999848226,886.563225,0.0,btc,3608.51318554,9.5912,0.0,1
1,[],26,[],2019-05-10 13:38:33,0.0,0,0,7608211,2019-05-10 13:38:33,,0.0,0.0,0,,0.0,0.0,0.0,1
0,[],28,[],2019-05-10 13:40:52,0.0,0,0,7608212,2019-05-10 13:40:52,,0.0,361728.3,0,,0.0,0.0,0.0,1
0,[],2,[],2019-01-20 23:28:45,0.0,0,0,6477011,2019-01-20 23:28:45,,0.0,0.0,0,,0.0,0.0,0.0,1
1,[],5,[],2019-05-10 13:40:54,0.0,0,0,7608213,2019-05-10 13:40:54,btc,0.0,0.00864869,0,btc,0.0,0.0,0.0,2
0,[],22,[],2019-05-10 13:40:56,0.0,0,0,7608214,2019-05-10 13:40:56,,0.0,0.0,0,,0.0,0.0,0.0,2
1,[],5,[],2019-05-10 13:40:58,0.0,0,0,7608215,2019-05-10 13:40:58,btc,0.0,0.06459847,0,btc,0.0,0.0,0.0,3
1,[],12,[],2019-05-10 13:40:59,2244643.02365,0.000000145,0.000000000009158692999999999,7608216,2019-05-10 13:40:59,btc,2714596.685185828,0.0,0.000000145,btc,4270482.76863668,0.0525918150636973,0.22340990707045,3
0,[],28,[],2019-05-10 13:41:01,0.0,0,0,7608217,2019-05-10 13:41:01,,0.0,0.0,0,,0.0,0.0,0.0,3
0,[],2,[],2019-01-20 23:31:32,0.0,0,0,6477077,2019-01-20 23:31:32,,0.0,0.0,0,,0.0,0.0,0.0,4
1,[],4,[],2019-04-26 19:14:12,610911.70993152,0.00000026,0.000000000013566046,7471614,2019-04-26 19:14:12,btc,31.457742656463164,0.0,0.00000026,btc,718733.71307795,0.00142695,0.0638464483338706,4
0,[],12,[],2019-04-25 23:08:22,0.0,0,0,7459310,2019-04-25 23:08:22,btc,1111851.94727753,0.0,0,btc,953412.0,0.0,0.0,5
0,[],2,[],2019-01-20 23:31:51,0.0,0,0,6477087,2019-01-20 23:31:51,,0.0,0.0,0,,0.0,0.0,0.0,6
1,[],11,[],2019-05-10 13:41:03,5042415.307535999,0.00000001,0.000000000000631634,7608218,2019-05-10 13:41:03,btc,9576.531490128174,105000.0,0.00000001,btc,48200771.68653575,0.0,0.05042415307536,6
1,[],3,[],2019-05-10 13:29:56,11072.2819864303,0.00017236000000000000994572479928734765053377486765384674072265625,0.000000010880759316000002,7608068,2019-05-10 13:29:56,btc,16.144277643513153,44.5918484131,0.00017236000000000000994572479928734765053377486765384674072265625,btc,312.994043683499,0.0,0.029720836620392526,7
1,[],4,[],2019-05-10 13:43:04,33071.13410914,0.00015350,0.0000000096955819,7608219,2019-05-10 13:43:04,btc,8.174724167276194,0.0,0.00015350,btc,36744.30961737,2.68645905,2.1471662728201504,7
1,[],5,[],2019-05-10 13:43:05,0.0,0,0,7608220,2019-05-10 13:43:05,btc,0.0,1.71336429,0,btc,0.0,0.0,0.0,7
1,[],20,[],2019-04-07 22:06:50,3201475.0482,0.000000001,0.000000000000051590000000000004,7213932,2019-04-07 22:06:50,btc,30.8005781811902,0.0,0.000000001,btc,23077405.3926,0.0,0.0032014750482,8
0,[],2,[],2019-01-20 23:22:42,0.0,0,0,6476876,2019-01-20 23:22:42,,0.0,0.0,0,,0.0,0.0,0.0,9
0,[],23,[],2019-01-20 23:22:48,0.0,0,0,6476878,2019-01-20 23:22:48,,0.0,0.0,0,,0.0,0.0,0.0,9
1,[],4,[],2019-05-10 13:43:09,21123591.27999691,0.00000076,0.000000000048004184,7608221,2019-05-10 13:43:09,btc,3.8173466847017075,0.0,0.00000076,btc,2990934.74872717,0.77523795,0.4833424012843608,9
0,[],28,[],2019-05-10 13:43:10,0.0,0,0,7608222,2019-05-10 13:43:10,,0.0,0.0,0,,0.0,0.0,0.0,9
1,[],1,[],2019-02-17 23:31:42,1822507.21,0.00000181000000000000003456111265232042484285557293333113193511962890625,0.000000000066086901,6701244,2019-02-17 23:31:42,btc,3.6990969245,17153386.5,0.00000181000000000000003456111265232042484285557293333113193511962890625,btc,1997391.71,31.11772986,3.2610482446,9
1,[],4,[],2019-02-17 11:22:43,4341674.27126056,0.00000002,0.0000000000007272960000000001,6696112,2019-02-17 11:22:43,btc,0.1997230937751353,0.0,0.00000002,btc,4109766.79808031,0.00215132,0.0479381022052112,10
0,[],2,[],2019-01-20 23:23:08,0.0,0,0,6476890,2019-01-20 23:23:08,,0.0,0.0,0,,0.0,0.0,0.0,12
1,[],4,[],2019-05-10 13:43:12,9521716.34707044,0.00000080,0.00000000005053072,7608223,2019-05-10 13:43:12,btc,7.357734238975264,0.0,0.00000080,btc,5467811.98848302,1.0851029,4.021455186320867,12
1,[],5,[],2019-05-10 13:43:13,0.0,0,0,7608224,2019-05-10 13:43:13,btc,0.0,0.11081498,0,btc,0.0,0.0,0.0,12
0.0,[],25,[],2019-05-10 13:43:14,0.0,0,0,7608225,2019-05-10 13:43:14,,0.0,0.0,0.0,btc,0.0,0.0,0.0,12
1,[],4,[],2019-05-10 13:43:16,31991620.08567231,0.00000575,0.00000000036318955000000003,7608226,2019-05-10 13:43:16,btc,2.4881035711226787,0.0,0.00000575,btc,304088.08590619,0.44278071,0.782955799070842,13
1,[],10,[],2019-05-10 13:43:18,539071.89876182,0.00000562,0.00000000035497830800000003,7608227,2019-05-10 13:43:18,btc,666793.5599150142,83733.0408807,0.00000562,btc,727426.09342944,0.0,0.4743460731464787,13
1,[],21,[],2019-05-10 13:43:20,3993815.59169664,0.000005779999999999999717268262672,0.000000000365084452,7608228,2019-05-10 13:43:20,btc,3.7683598536614222,851873.46601252,0.0000057799999999999997172682626722650667261405033059418201446533203125,btc,554517.90011912,4.99375742,19.08362253766564,13
1,[],4,[],2019-05-10 13:43:21,1006687.07642817,0.00000082,0.000000000051793988000000004,7608229,2019-05-10 13:43:21,btc,6.2936908611085665,0.0,0.00000082,btc,1265335.75204931,0.00981874,0.1436935763328562,14
1,[],12,[],2019-05-10 13:43:22,254922.44504663,0.00000085,0.00000000005368889,7608230,2019-05-10 13:43:22,btc,0.118105905989176,0.0,0.00000085,btc,14631.03903504,5.24475524475e-05,0.0284628399999653,14
1,[],26,[],2019-05-10 13:43:23,0.0,0.00000050,0.0000000000315817,7608231,2019-05-10 13:43:23,btc,0.0,0.0,0.00000050,btc,0.0,0.0,0.0,14
0,[],17,[],2019-05-03 00:53:32,0.0,0,0,7558876,2019-05-03 00:53:32,btc,0.0,0.0,0,btc,0.0,0.0,0.0,14
0,[],4,[],2019-05-10 13:43:24,0.0,0,0,7608232,2019-05-10 13:43:24,,0.0,0.0,0,,0.0,0.0,0.0,15
,[],12,[],2018-12-01 15:15:48,204241.84496,0.00000489,0.000000000202473384,5260204,2018-12-01 15:15:48,btc,49.5475654835,0.0,,btc,35763.2193806,0.0163153972027625,0.0203389899998,15
0,[],2,[],2019-01-20 23:23:38,0.0,0,0,6476906,2019-01-20 23:23:38,,0.0,0.0,0,,0.0,0.0,0.0,18
1,[],4,[],2019-05-10 13:43:25,28873.53708176,0.00001275,0.0000000008053333500000001,7608233,2019-05-10 13:43:25,btc,1.149234779120382,0.0,0.00001275,btc,17168.39993358,0.01673266,0.076711165040293,18
1,[],10,[],2019-05-10 13:43:28,167360.4576366,0.00001373,0.0000000008672334820000001,7608234,2019-05-10 13:43:28,btc,15.422520501319124,7466.38679294,0.00001373,btc,10904.3644758,0.0,0.4893465189648056,18
1,[],12,[],2019-05-10 13:43:28,222073.74009682,0.000013200000000000000673224496983149123252587742172181606292724609375,0.0000000008337568800000001,7608235,2019-05-10 13:43:28,btc,33215.319838776406,0.0,0.000013200000000000000673224496983149123252587742172181606292724609375,btc,1203.75738086,0.00014770954,0.0119372899956887,18
0,[],17,[],2019-05-03 00:53:39,0.0,0,0,7558882,2019-05-03 00:53:39,btc,0.0,0.0,0,btc,0.0,0.0,0.0,18
0,[],2,[],2019-01-20 23:24:19,0.0,0,0,6476924,2019-01-20 23:24:19,,0.0,0.0,0,,0.0,0.0,0.0,19
1,[],3,[],2019-05-10 13:43:31,158777.91916316372,0.00001281999999999999922928838047564426005919813178479671478271484375,0.000000000809754788,7608236,2019-05-10 13:43:31,btc,0.2646022265526441,877.526669329,0.00001281999999999999922928838047564426005919813178479671478271484375,btc,7252.566877867577,0.0,0.05252231841470669,19
1,[],4,[],2019-05-10 13:43:32,448620.74857982,0.00001397,0.000000000882392698,7608237,2019-05-10 13:43:32,btc,3.4928705335064087,0.0,0.00001397,btc,116848.94707053,0.57190373,0.7100460839652899,19
1,[],5,[],2019-05-10 13:43:33,0.0,0,0,7608238,2019-05-10 13:43:33,btc,0.0,8.887e-05,0,btc,0.0,0.0,0.0,19
1,[],12,[],2019-05-10 13:43:34,212344.55019949,0.000013169999999999999266389778818098221790933166630566120147705078125,0.000000000831861978,7608239,2019-05-10 13:43:34,btc,0.30116335573077857,0.0,0.000013169999999999999266389778818098221790933166630566120147705078125,btc,2935.58830994,0.0012197741977322,0.0892950157298872,19
1,[],27,[],2019-05-10 13:43:40,100.0,0.0000001,0.00000000000631634,7608240,2019-05-10 13:43:40,btc,0.0,0.0,0.0000001,btc,0.0,0.0,1e-05,19
1,[],4,[],2019-05-10 13:43:41,1834878.57391266,0.00000010,0.00000000000631634,7608241,2019-05-10 13:43:41,btc,5.279309685630553,0.0,0.00000010,btc,2279170.28595418,0.0,0.0608385352282092,20
1,[],4,[],2019-05-10 13:43:44,74689589.40551692,0.00000001,0.000000000000631634,7608242,2019-05-10 13:43:44,btc,39092.922809972006,0.0,0.00000001,btc,56219108.68986641,0.00407552,0.7468958940551692,21
1,[],12,[],2019-05-10 13:43:45,5225568.0,0.00000001,0.000000000000631634,7608243,2019-05-10 13:43:45,btc,2895.661719010819,0.0,0.00000001,btc,7235925.79820176,0.00013468,0.05225568,21
0,[],17,[],2019-05-03 00:53:51,0.0,0,0,7558891,2019-05-03 00:53:51,btc,0.0,0.0,0,btc,0.0,0.0,0.0,21
1,[],12,[],2019-05-10 13:43:48,8198351512.808,0.0000000005,0.000000000000031581700000000006,7608244,2019-05-10 13:43:48,btc,311121783722.4162,0.0,0.0000000005,btc,2783060493.8385663,0.13904270170029975,2.039754332704,23
0.0000000002733549,[],27,[],2019-05-10 13:43:53,1651489.0,2.733549e-18,1.7266024890660002e-22,7608245,2019-05-10 13:43:53,eth,10183.583473412054,766920879.562,0.00000001,eth,6252236.498954,2.09641580460312e-09,4.514426104461e-12,23
1,[],4,[],2019-05-10 13:43:54,837857.81411409,0.00000030,0.00000000001894902,7608246,2019-05-10 13:43:54,btc,14.034444632840717,0.0,0.00000030,btc,2097193.52476052,0.02491749,0.0710034255180011,24
1,[],22,[],2019-05-10 13:43:57,21.76,0.00000100,0.0000000000631634,7608247,2019-05-10 13:43:57,BTC,7.415e-05,0.0,0.00000100,BTC,23.919354838709676,0.0,1.186e-05,24
0.0,[],25,[],2019-05-10 13:44:00,0.0,0,0,7608248,2019-05-10 13:44:00,,0.0,0.0,0.0,btc,0.0,0.0,0.0,24
0,[],2,[],2019-01-20 23:25:56,0.0,0,0,6476976,2019-01-20 23:25:56,,0.0,0.0,0,,0.0,0.0,0.0,26
1,[],4,[],2019-05-10 13:44:02,26990244.57611108,0.00000415,0.00000000026212811,7608249,2019-05-10 13:44:02,btc,11.266643973345776,0.0,0.00000415,btc,334493.06805942,0.14991852,0.5107552968217932,26
1,[],10,[],2019-05-10 13:44:06,117435.88653299,0.00000852,0.000000000538152168,7608250,2019-05-10 13:44:06,btc,25.849170711673587,3068.05741882,0.00000852,btc,20006.96842861,0.0,0.0667422490146594,26
1,[],11,[],2019-04-30 04:16:17,7094566.83690364,0.00000006,0.000000000003115554,7518027,2019-04-30 04:16:17,btc,67504.138725751,6116.07566417,0.00000006,btc,6591680.7351637,0.0,0.38529422037817224,27
1,[],5,[],2019-04-26 09:47:06,0.0,0,0,7465326,2019-04-26 09:47:06,btc,0.0,0.0,0,btc,0.0,0.0,0.0,27
1,[],3,[],2019-04-28 02:38:55,141621.60361514,0.00000001,0.0000000000005253330000000001,7491060,2019-04-28 02:38:55,btc,2.501704004580372,921815.184511,0.00000001,btc,21091882.2176418,0.0,0.0014162160361513999,27
1,[],4,[],2019-05-10 13:44:07,1530477509.4033377,0.00000001,0.000000000000631634,7608251,2019-05-10 13:44:07,btc,5.559831826567059,0.0,0.00000001,"btc,ltc",291165410.5110164,1.1877277,9.975172260606914,29
1,[],7,[],2019-05-10 13:44:08,112858448.2164338,0.00000001,0.000000000000631634,7608252,2019-05-10 13:44:08,btc,46550610.703838386,944251.965755,0.00000001,btc,41243478.39113769,0.0,1.128584482164338,29
0,[],17,[],2019-05-03 01:11:25,0.0,0,0,7559066,2019-05-03 01:11:25,btc,0.0,0.0,0,btc,0.0,0.0,0.0,30
1,[],4,[],2019-05-10 13:44:09,1520143.39444056,0.00000011,0.000000000006947974,7608253,2019-05-10 13:44:09,btc,2.8591955631219697,0.0,0.00000011,btc,2549158.44847338,0.00073186,0.0364778441579838,30
1,[],4,[],2019-05-10 13:44:10,281168.38795216,0.00005302,0.000000003348923468,7608254,2019-05-10 13:44:10,btc,6.1979637250480035,0.0,0.00005302,btc,59665.19622147,0.61702195,0.8516682892696116,31
1,[],21,[],2019-05-10 13:44:12,52198.891507,0.00005310000000000000320871801351,0.0000000033539765400000003,7608255,2019-05-10 13:44:12,btc,4.20634017320418,268797.08198095,0.000053100000000000003208718013514300082533736713230609893798828125,btc,71131.07510034001,14.24485779,2.2164514860317124,31
0,[],2,[],2019-01-20 23:28:43,0.0,0,0,6477009,2019-01-20 23:28:43,,0.0,0.0,0,,0.0,0.0,0.0,32
0,[],4,[],2019-05-10 13:31:00,0.0,0,0,7608105,2019-05-10 13:31:00,,0.0,0.0,0,,0.0,0.0,0.0,33
1,[],12,[],2019-03-30 07:55:10,40641173.964,0.00000003,0.000000000001228359,7108785,2019-03-30 07:55:10,btc,4233210.82356125,0.0,0.00000003,btc,28378394.68333462,0.0126927883965248,0.90752895892,33
0,[],4,[],2019-05-10 13:44:13,0.0,0,0,7608256,2019-05-10 13:44:13,,3.9030217980495063,0.0,0,,153813913.0014279,0.00010059,0.0,34
1,[],5,[],2019-05-10 13:44:16,0.0,0,0,7608257,2019-05-10 13:44:16,btc,0.0,0.00889337,0,btc,0.0,0.0,0.0,34
0.000000000133684,[],4,[],2019-05-02 18:17:45,3384239970.6360936,1.3368400000000002e-18,7.293946092400001e-23,7556428,2019-05-02 18:17:45,ltc,5.381102735485169e-08,0.0,0.00000001,ltc,6862894551.7408495,0.0,4.524187362345155e-09,36
1,[],5,[],2019-05-02 18:17:46,0.0,0,0,7556429,2019-05-02 18:17:46,btc,0.0,0.0,0,btc,0.0,0.0,0.0,36
0.0000000002926451,[],17,[],2019-05-02 18:17:47,200000.0,2.9264510000000002e-18,1.596703856561e-22,7556430,2019-05-02 18:17:47,eth,0.20942468735267253,0.0,0.00000001,"btc,eth",1018272.20243647,0.0,5.852902e-13,36
0.000000000133684,[],27,[],2019-05-02 18:17:55,7883196.008,1.3368400000000002e-18,7.293946092400001e-23,7556431,2019-05-02 18:17:55,ltc,25567.4086131264,0.0,0.00000001,"ltc,eth",21753551.64,0.0,1.0538571751334722e-11,36
1,[],17,[],2019-05-03 01:11:36,211752.74075282,0.00000025,0.000000000013700074999999998,7559074,2019-05-03 01:11:36,btc,0.055484923955058496,0.0,0.00000025,"btc,eth",1387.19918473,0.0,0.0005381851887916605,37
1,[],4,[],2019-05-10 13:44:17,299789.66601692,0.00000024,0.000000000015159216000000002,7608258,2019-05-10 13:44:17,btc,19772.87297228785,0.0,0.00000024,btc,955474.06994371,0.02366744,0.0285017741419005,37
1,[],12,[],2019-05-10 13:44:17,1061922.94805193,0.00000022,0.000000000013895948000000002,7608259,2019-05-10 13:44:17,btc,19604.35274418988,0.0,0.00000022,btc,462108.91412564,0.044316614347814,0.0955349499999961,37
1,[],27,[],2019-05-10 13:44:27,1600.0,0.00000015,0.00000000000947451,7608260,2019-05-10 13:44:27,btc,24.12824334291843,0.0,0.00000015,btc,5839.49448498,0.0,3e-05,37
1,[],5,[],2019-05-10 13:44:29,0.0,0,0,7608261,2019-05-10 13:44:29,btc,0.0,0.03679695,0,btc,0.0,0.0,0.0,42
1,[],12,[],2019-05-10 13:44:30,369143.31548871,0.000002470000000000000068222337501477881005484960041940212249755859375,0.000000000156013598,7608262,2019-05-10 13:44:30,btc,2227595.1251896615,0.0,0.000002470000000000000068222337501477881005484960041940212249755859375,btc,77584.60482757,0.5235713920453422,0.0942753400766392,42
1,[],27,[],2019-05-10 13:44:40,506.0,0.00000002,0.000000000001263268,7608263,2019-05-10 13:44:40,btc,1.26188489793465,0.0,0.00000002,"btc,eth",1317.3275157,0.0,3.0000004252308824e-06,42
1,[],12,[],2019-03-13 09:13:29,1112112.0,0.00000001,0.000000000000386531,6919902,2019-03-13 09:13:29,btc,29058.00478931866,0.0,0.00000001,btc,5967681.93306694,9.99000999e-07,0.01112112,43
1,[],5,[],2019-04-26 22:38:52,0.0,0,0,7474154,2019-04-26 22:38:52,btc,0.0,0.02638891,0,btc,0.0,0.0,0.0,43
0,[],17,[],2019-04-26 22:38:53,0.0,0,0,7474155,2019-04-26 22:38:53,btc,0.0,0.0,0,btc,0.0,0.0,0.0,43
1,[],12,[],2019-03-05 01:54:08,639326.02,0.00000004,0.000000000001486676,6845775,2019-03-05 01:54:08,btc,11116042.728239931,0.0,0.00000004,btc,1103841.4595604,0.0003330765234764,0.014975410599999999,44
1,[],4,[],2019-05-10 13:44:41,130998381.94668,0.00000001,0.000000000000631634,7608264,2019-05-10 13:44:41,btc,436.825234086729,0.0,0.00000001,"btc,ltc",23049031.09584506,0.00604335,0.28149854908532795,49
0.0000000001201253,[],4,[],2019-05-10 13:44:42,74450823.92407982,7.928269800000001e-17,5.0077647668532e-21,7608265,2019-05-10 13:44:42,ltc,21614.615574008323,0.0,0.00000066,ltc,105159021.93654892,0.00010578,1.6766902826087104e-09,52
0,[],22,[],2019-05-10 11:38:21,0.0,0,0,7607010,2019-05-10 11:38:21,,10289.62709543,0.0,0,,309505736.4566013,0.0,0.0,57
0,[],27,[],2019-05-10 11:38:33,0.0,0,0,7607011,2019-05-10 11:38:33,,0.0,0.0,0,"btc,eth",0.0,0.0,0.0,57
1,[],17,[],2019-05-03 01:12:09,1200000.0,0.0000000001,0.00000000000000548003,7559085,2019-05-03 01:12:09,btc,1e+24,0.0,0.0000000001,"btc,eth",39516342.31952568,0.0,0.00010000000058666061,58
0.0000000001201253,[],4,[],2019-05-10 13:44:43,1061316669.1396304,1.2012530000000001e-18,7.587522374020001e-23,7608266,2019-05-10 13:44:43,ltc,19.110261651233508,0.0,0.00000001,ltc,6022109394.452434,0.001,1.2749098327539886e-09,58
1,[],12,[],2019-05-10 13:44:44,1556128809.0,0.0000000001,0.0000000000000063163400000000004,7608267,2019-05-10 13:44:44,btc,11897162.881754443,0.0,0.0000000001,btc,4453523832.227773,0.000495388658941052,0.1556128809,58
0.0000000001050674,[],22,[],2019-05-10 13:44:48,137323.0,1.0506740000000001e-18,6.63641421316e-23,7608268,2019-05-10 13:44:48,XMR,69.17853806,0.0,0.00000001,XMR,9877401.6,1.3291026100000002e-15,0.00137323,58
1,[],5,[],2019-05-10 13:44:49,0.0,0,0,7608269,2019-05-10 13:44:49,btc,0.0,0.01371005,0,btc,0.0,0.0,0.0,61
1,[],22,[],2019-05-10 13:44:52,13613.833333333334,0.00000012,0.000000000007579608000000001,7608270,2019-05-10 13:44:52,BTC,1002.29626883,0.0,0.00000012,BTC,15392.180177125656,0.0,0.00153269,61
1,[],26,[],2019-05-10 13:44:52,0.0,0.00000050,0.0000000000315817,7608271,2019-05-10 13:44:52,btc,0.0,0.0,0.00000050,btc,0.0,0.0,0.0,61
0.0000000002733549,[],27,[],2019-05-10 13:45:07,100000.0,2.733549e-18,1.7266024890660002e-22,7608272,2019-05-10 13:45:07,eth,1.9482732497246655,0.0,0.00000001,"btc,eth",13266.51663696,0.0,2.733549e-13,61
0,[],28,[],2019-05-10 13:45:08,0.0,0,0,7608273,2019-05-10 13:45:08,,0.0,0.0,0,,0.0,0.0,0.0,61
1,[],4,[],2019-05-10 13:45:10,1228467.84301789,0.00000099,0.000000000062531766,7608274,2019-05-10 13:45:10,btc,2.3763566792992665,0.0,0.00000099,btc,743391.67660816,0.02518178,0.7946514004666856,67
0.0,[],25,[],2019-05-10 13:45:11,0.0,0,0,7608275,2019-05-10 13:45:11,,0.0,0.0,0.0,btc,0.0,0.0,0.0,67
1,[],12,[],2019-05-10 13:45:12,1436758.895,0.00000014,0.000000000008842876000000001,7608276,2019-05-10 13:45:12,btc,55556353.3619413,0.0,0.00000014,btc,1523515.54747691,0.0038659397669013,0.0217387453,71
,[],5,[],2018-11-20 23:02:39,1.5e-07,0.00000005,0.000000000002128045,4862160,2018-11-20 23:02:39,btc,2.84511358,0.0,,btc,0.00036572,0.0,0.07381892,74
1,[],5,[],2019-05-10 13:45:14,0.0,0,0,7608277,2019-05-10 13:45:14,btc,0.0,0.0154716,0,btc,0.0,0.0,0.0,75
0,[],20,[],2019-01-25 09:30:31,0.0,0,0,6495923,2019-01-25 09:30:31,btc,0.0,0.0,0,btc,0.0,0.0,0.0,81
1,[],4,[],2019-05-10 13:45:15,78543.099,0.00000001,0.000000000000631634,7608278,2019-05-10 13:45:15,btc,133697.82998296857,0.0,0.00000001,btc,35130062.32523591,0.0,0.00078543099,81
1,[],4,[],2019-05-10 13:32:19,26271.04215465,0.00006875,0.000000004340056875000001,7608129,2019-05-10 13:32:19,btc,18.56663504464188,0.0,0.00006875,btc,25542.63469304,0.46831428,0.2300060634250212,82
1,[],21,[],2019-05-10 13:32:20,251539.67307055,0.00006940000000000000638863961733,0.0000000043810901400000004,7608130,2019-05-10 13:32:20,btc,2.8293112924712878,11219.98512703,0.0000694000000000000063886396173273851673002354800701141357421875,btc,36325.28219183,0.78605687,1.6200818184383257,82
0,[],17,[],2019-03-25 22:42:34,0.0,0,0,7038780,2019-03-25 22:42:34,btc,0.0445064681804024,0.0,0,btc,995513.18476001,0.0,0.0,84
0.00000000013644,[],4,[],2019-05-01 19:17:39,299701867.376,1.3644e-18,7.259508504e-23,7542161,2019-05-01 19:17:39,ltc,1.6769037726995486,0.0,0.00000001,ltc,427823536.87452894,0.00010978,4.089132278478144e-10,85
,[],22,[],2018-11-20 23:09:34,3408.1,0.0000001,0.0000000000041895,4862324,2018-11-20 23:09:34,BTC,0.04624735,0.0,,BTC,4990.0,0.0,0.00033081,86
1,[],22,[],2019-05-10 13:45:21,89999.0,0.00000001,0.000000000000631634,7608279,2019-05-10 13:45:21,BTC,3.66432991,0.0,0.00000001,BTC,332904.29736842104,0.0,0.00089999,87
1,[],27,[],2019-05-10 13:45:30,10674.0,0.00000001,0.000000000000631634,7608280,2019-05-10 13:45:30,btc,4.960708560736,0.0,0.00000001,btc,10217.62841,0.0,0.00010674,87
,[],2,[],2018-11-20 23:10:47,0.0,0,0,4862359,2018-11-20 23:10:47,,0.0,0.0,,,0.0,0.0,0.0,88
1,[],11,[],2019-05-10 13:45:32,79519.90009142,0.00014599999999999999805190553647804563297540880739688873291015625,0.0000000092218564,7608281,2019-05-10 13:45:32,btc,176.6029607576643,3256.56705882,0.00014599999999999999805190553647804563297540880739688873291015625,btc,188234.0830551,0.0,4.650161189369335,89
0,[],2,[],2019-01-20 23:31:45,0.0,0,0,6477083,2019-01-20 23:31:45,,0.0,0.0,0,,0.0,0.0,0.0,91
0,[],17,[],2019-05-03 01:12:26,0.0,0,0,7559096,2019-05-03 01:12:26,btc,0.0,0.0,0,btc,0.0,0.0,0.0,91
1,[],12,[],2019-05-10 13:45:33,424711.82722788,0.00000066,0.000000000041687844,7608282,2019-05-10 13:45:33,btc,89.71378540188772,0.0,0.00000066,btc,165761.49649123,0.0005166375886995,0.040802548399972,91
1,[],22,[],2019-05-10 13:45:37,76014.0,0.0000008,0.00000000005053072,7608283,2019-05-10 13:45:37,BTC,0.1,0.0,0.0000008,"BTC,LTC",1.0,0.0,0.0017135,91
1,[],22,[],2019-04-09 20:17:52,374949.73333333334,0.00000015,0.000000000007771935,7235704,2019-04-09 20:17:52,BTC,6.87372503,0.0,0.00000015,"BTC,LTC",159980.01196797504,1.1e-05,0.80510266,95
0,[],17,[],2019-05-03 01:12:32,0.0,0,0,7559100,2019-05-03 01:12:32,btc,0.0,0.0,0,btc,0.0,0.0,0.0,96
0.0000000001201253,[],4,[],2019-05-10 13:45:39,550633017.443232,7.3276433e-17,4.628388648152201e-21,7608284,2019-05-10 13:45:39,ltc,11.34313064647381,0.0,0.00000061,ltc,132672774.53284946,0.06018841,1.4816543963659068e-09,96
0,[],12,[],2019-05-10 13:45:40,0.0,0,0,7608285,2019-05-10 13:45:40,btc,25054.270769064115,0.0,0,btc,7546787.23081917,0.00059953949001,0.0,96
1,[],4,[],2019-04-14 03:32:46,1039404.33283278,0.00000038,0.000000000019245518,7293458,2019-04-14 03:32:46,btc,4.170086055365747,0.0,0.00000038,btc,3097704.34561074,0.06260606,0.1859928211030784,99
1,[],4,[],2019-05-10 13:34:42,363482.93613053,0.00003407,0.0000000021507743670000002,7608138,2019-05-10 13:34:42,btc,6.997083868405164,0.0,0.00003407,btc,121979.70594293,0.504948,0.6647358180171848,100
0,[],2,[],2019-01-20 23:23:55,0.0,0,0,6476914,2019-01-20 23:23:55,,0.0,0.0,0,,0.0,0.0,0.0,100
1,[],22,[],2019-05-10 13:45:44,130000.0,0.00000001,0.000000000000631634,7608286,2019-05-10 13:45:44,BTC,24.83526409,0.0,0.00000001,BTC,11187.719,0.0,0.0013,101
1,[],4,[],2019-05-10 13:45:45,698154.0871922,0.00000683,0.000000000431406022,7608287,2019-05-10 13:45:45,btc,254.77704611325237,0.0,0.00000683,btc,386097.25852308,2.54254988,1.195685380459177,103
1,[],12,[],2019-05-10 13:45:48,109552119.51292,0.000000004,0.00000000000025265360000000005,7608288,2019-05-10 13:45:48,btc,468525182.69948155,0.0,0.000000004,btc,108013645.49095225,0.00540712053083397,0.20734840771276,105
0,[],27,[],2019-05-10 13:45:54,0.0,0,0,7608289,2019-05-10 13:45:54,,0.0584885651331397,0.0,0,btc,600596.63747933,0.0,0.0,105
1,[],22,[],2019-04-21 00:17:26,21333.0,0.00000001,0.000000000000532493,7385819,2019-04-21 00:17:26,BTC,51.38182867,0.0,0.00000001,BTC,470435.0,0.0,0.00021333,107
1,[],26,[],2019-04-21 00:17:26,0.0,0.00000000,0,7385820,2019-04-21 00:17:26,btc,0.0,0.0,0.00000000,btc,0.0,0.0,0.0,107
1,[],5,[],2019-05-10 13:45:55,0.0,0,0,7608290,2019-05-10 13:45:55,btc,0.0,4e-07,0,btc,0.0,0.0,0.0,112
0,[],22,[],2019-05-10 13:45:58,0.0,0,0,7608291,2019-05-10 13:45:58,,2.79003697,0.0,0,,1380942.0833333333,0.0,0.0,112
1,[],27,[],2019-05-10 13:46:08,1.0,0.00000001,0.000000000000631634,7608292,2019-05-10 13:46:08,btc,1.25032588,0.0,0.00000001,"btc,eth",1819.0,0.0,1e-08,112
1,[],4,[],2019-05-10 13:46:09,328544.65649423,0.00000151,0.000000000095376734,7608293,2019-05-10 13:46:09,btc,4.779333333126254,0.0,0.00000151,btc,516340.2587632,0.027812,0.1922973151624265,113
1,[],5,[],2019-05-10 13:46:11,0.0,0,0,7608294,2019-05-10 13:46:11,btc,0.0,0.0,0,btc,0.0,0.0,0.0,113
1,[],17,[],2019-04-26 02:17:47,162738.278,0.00000004,0.0000000000021069000000000002,7461287,2019-04-26 02:17:47,btc,1.3331140273775473,0.0,0.00000004,btc,51796.221,0.0,0.00230953112,116
0,[],27,[],2019-04-26 02:19:51,0.0,0,0,7461288,2019-04-26 02:19:51,,0.0,0.0,0,,0.0,0.0,0.0,116
1,[],4,[],2019-05-07 20:09:28,131822.85721655,0.00001022,0.00000000060230548,7572994,2019-05-07 20:09:28,btc,132.18460413545117,0.0,0.00001022,btc,268070.13193351,0.06918336,1.0489745103085106,120
1,[],7,[],2019-05-07 20:09:30,9501.79941055,0.000011699999999999999788190263583231853772304020822048187255859375,0.0000000006895277999999999,7572995,2019-05-07 20:09:30,btc,231185.88817567716,62.23644451,0.000011699999999999999788190263583231853772304020822048187255859375,btc,4076.97424313,0.00072692,0.018013380795019,120
1,[],20,[],2019-04-07 18:42:29,1914137.0852,0.000000035,0.0000000000017871910000000002,7211992,2019-04-07 18:42:29,btc,32.2497668025648,25528.85,0.000000035,btc,1001975.4986,0.00089350975,0.0152723574729,125
1,[],22,[],2019-05-10 13:46:16,10000.0,0.00000001,0.000000000000631634,7608295,2019-05-10 13:46:16,BTC,0.032061,0.0,0.00000001,BTC,299316.7611111111,0.0,0.0001,126
0,[],2,[],2019-01-20 23:25:46,0.0,0,0,6476969,2019-01-20 23:25:46,,0.0,0.0,0,,0.0,0.0,0.0,131
1,[],17,[],2019-05-03 01:13:10,10000.0,0.00000001,0.000000000000548003,7559115,2019-05-03 01:13:10,btc,0.0953976503951408,0.0,0.00000001,btc,5037.62507334,0.0,0.0001,131
1,[],4,[],2019-05-10 13:46:19,1871517.57440327,0.00000705,0.00000000044530197000000004,7608296,2019-05-10 13:46:19,btc,3.416620053650158,0.0,0.00000705,btc,174410.03850524,0.18722878,0.4031393445443363,131
1,[],4,[],2019-05-10 13:46:20,4704.65569833,0.00013003,0.000000008213136902,7608297,2019-05-10 13:46:20,btc,6.011182302984679,0.0,0.00013003,btc,191.61424306,0.0,0.0073617379553651,135
1,[],3,[],2019-05-09 05:30:45,530498.0,0.00000001,0.000000000000609729,7590472,2019-05-09 05:30:45,btc,0.1029057631805504,129896.5,0.00000001,btc,1124104.34967245,0.0,0.00530498,136
1,[],4,[],2019-05-10 13:46:22,2854730.52258057,0.00000213,0.000000000134538042,7608298,2019-05-10 13:46:22,btc,319.7599394581025,0.0,0.00000213,btc,537828.24660878,0.03102928,0.6457739223685927,137
1,[],12,[],2019-05-10 13:46:23,327386.58440384,0.0000019499999999999999646983772638719756287173368036746978759765625,0.00000000012316863,7608299,2019-05-10 13:46:23,btc,48520.51052832893,0.0,0.0000019499999999999999646983772638719756287173368036746978759765625,btc,39957.73568478,0.0216077262407901,0.0291724457271454,137
1,[],17,[],2019-05-03 01:13:16,32967.38636364,0.00000088,0.000000000048224264,7559122,2019-05-03 01:13:16,btc,20.06976206696776,0.0,0.00000088,btc,2746.079105,0.0,0.0105613000000032,142
1,[],4,[],2019-05-10 13:46:24,61686.03549147,0.00003104,0.000000001960591936,7608300,2019-05-10 13:46:24,btc,5.175390178553059,0.0,0.00003104,btc,71991.88796999,0.75021957,0.2260978089970198,142
1,[],5,[],2019-05-10 13:46:26,0.0,0,0,7608301,2019-05-10 13:46:26,btc,0.0,0.27511313,0,btc,0.0,0.0,0.0,142
1,[],20,[],2019-05-10 13:46:28,167415.2645,0.00003251,0.0000000020534421340000003,7608302,2019-05-10 13:46:28,btc,1.7150699939416,119.91,0.00003251,btc,8331.3433,0.003930442052,0.059471009484,142
1,[],22,[],2019-05-10 13:46:33,1370.0,0.00000200,0.0000000001263268,7608303,2019-05-10 13:46:33,BTC,3.2756588,0.0,0.00000200,BTC,1135.5948275773155,0.0,0.0003632,142
0.0,[],25,[],2019-05-10 13:46:36,0.0,0,0,7608304,2019-05-10 13:46:36,,0.0,0.0,0.0,btc,0.0,0.0,0.0,142
0,[],28,[],2019-05-10 13:46:37,0.0,0,0,7608305,2019-05-10 13:46:37,,0.0,0.0,0,,0.0,0.0,0.0,142
0,[],22,[],2019-05-10 13:46:41,0.0,0,0,7608306,2019-05-10 13:46:41,,66.66505393,0.0,0,,938775805.8,0.0,0.0,143
0,[],22,[],2019-02-25 15:42:22,0.0,0,0,6783783,2019-02-25 15:42:22,,4.2131946,0.0,0,,2322156.0,0.0,0.0,146
,[],22,[],2018-11-20 23:01:11,0.0,0,0,4862114,2018-11-20 23:01:11,,2.56807021,0.0,,,61828.4988236,0.0,0.0,147
1,[],12,[],2019-04-21 06:38:04,193091.5971266,0.00000071,0.000000000037635183,7388679,2019-04-21 06:38:04,btc,2.301232411611175,0.0,0.00000071,btc,9957.48302385,0.00023528,0.0313308199999888,148
1,[],4,[],2019-03-19 21:31:25,255810.0415942,0.00000029,0.000000000011615747,6982695,2019-03-19 21:31:25,btc,218.94922712414143,0.0,0.00000029,btc,793529.37642722,0.00117,0.0608347789473395,152
0,[],22,[],2019-03-19 21:31:27,0.0,0,0,6982696,2019-03-19 21:31:27,,0.0,0.0,0,,0.0,0.0,0.0,152
1,[],5,[],2019-04-26 09:36:59,0.0,0,0,7465040,2019-04-26 09:36:59,btc,0.0,0.0,0,btc,0.0,0.0,0.0,153
,[],16,[],2019-01-11 15:38:59,0.0,0,0,6366141,2019-01-11 15:38:59,btc,0.0,0.0,,btc,0.0,0.0,0.0,155
0,[],23,[],2019-01-20 23:24:29,0.0,0,0,6476932,2019-01-20 23:24:29,,0.0,0.0,0,,0.0,0.0,0.0,156
0,[],22,[],2019-05-10 13:46:43,0.0,0,0,7608307,2019-05-10 13:46:43,,6.80191271,0.0,0,,4673448.342592592,0.0,0.0,156
1,[],22,[],2019-05-10 13:46:47,7066.0,0.00000800,0.0000000005053072,7608308,2019-05-10 13:46:47,BTC,1.79802465,0.0,0.00000800,BTC,802.6461988741639,0.0,0.00062996,157
0,[],22,[],2019-05-07 22:25:46,0.0,0,0,7574238,2019-05-07 22:25:46,,50234.60468402,0.0,0,,54786159.03179465,0.0,0.0,158
,[],17,[],2018-11-20 22:56:10,0.0,0,0,4861976,2018-11-20 22:56:10,btc,1.1265625,0.0,,btc,1000.0,0.0,0.0,159
,[],20,[],2018-11-20 22:56:12,0.0,0,0,4861977,2018-11-20 22:56:12,btc,11912.7940471,0.0,,btc,34413894.3617,0.0,0.0,159
1,[],17,[],2019-05-03 01:13:36,42852.0,0.00000002,0.000000000001096006,7559132,2019-05-03 01:13:36,btc,0.04279856251542,0.0,0.00000002,btc,274.46171372,0.0,0.00052852,168
1,[],12,[],2019-05-10 13:46:48,266260.64869453,0.00000371000000000000005446164352829185872906236909329891204833984375,0.00000000023433621400000004,7608309,2019-05-10 13:46:48,btc,23.17174995651195,0.0,0.00000371000000000000005446164352829185872906236909329891204833984375,btc,11999.32716398,0.0047152807365401,0.048925364163047796,168
1,[],22,[],2019-05-07 03:57:18,743122.0,0.00000001,0.000000000000593596,7562020,2019-05-07 03:57:18,BTC,41.40912107,0.0,0.00000001,BTC,1593401.2737547632,0.00342649,0.00743122,169
1,[],22,[],2019-05-10 13:46:52,222441.8,0.00000012,0.000000000007579608000000001,7608310,2019-05-10 13:46:52,BTC,26.86368565,0.0,0.00000012,BTC,441923.58201967884,0.00071982,0.00400598,171
1,[],22,[],2019-05-10 13:46:56,645433.2,0.0000001,0.00000000000631634,7608311,2019-05-10 13:46:56,BTC,823.67216928,0.0,0.0000001,"BTC,LTC",693122.8088501493,4.9e-05,0.01358335,173
1,[],5,[],2019-05-06 19:49:32,0.0,0,0,7559281,2019-05-06 19:49:32,btc,0.0,0.00023336,0,btc,0.0,0.0,0.0,175
1,[],22,[],2019-05-10 13:47:00,90671.0,0.00000001,0.000000000000631634,7608312,2019-05-10 13:47:00,BTC,394.35459412,0.0,0.00000001,BTC,136275.61833431243,0.0,0.00090671,176
0,[],2,[],2019-01-20 23:28:34,0.0,0,0,6477001,2019-01-20 23:28:34,,0.0,0.0,0,,0.0,0.0,0.0,178
1,[],7,[],2019-05-10 13:47:01,0.0,0,0,7608313,2019-05-10 13:47:01,btc,520279.24074095243,1000.0,0,btc,27479112.97739764,0.0,0.0,178
0,[],22,[],2019-05-10 13:47:03,0.0,0,0,7608314,2019-05-10 13:47:03,,1.00242428,0.0,0,,57512.0,0.0,0.0,178
0,[],23,[],2019-01-20 23:25:08,0.0,0,0,6476952,2019-01-20 23:25:08,,0.0,0.0,0,,0.0,0.0,0.0,179
1,[],5,[],2019-05-10 13:47:04,0.0,0,0,7608315,2019-05-10 13:47:04,btc,0.0,0.04060687,0,btc,0.0,0.0,0.0,179
1,[],22,[],2019-05-10 13:47:07,3008389.0,0.00000001,0.000000000000631634,7608316,2019-05-10 13:47:07,BTC,5.3314659,0.0,0.00000001,BTC,13965981.911946677,9.229e-05,0.03008389,179
1,[],17,[],2019-05-03 01:13:56,20504.725000000002,0.0000001,0.00000000000548003,7559141,2019-05-03 01:13:56,btc,5.2010695838400265,0.0,0.0000001,btc,5033.45945,0.0,0.0011504725,180
1,[],22,[],2019-05-10 13:47:12,646809.9424768925,0.00000145,0.00000000009158693,7608317,2019-05-10 13:47:12,BTC,39.27117737,0.0,0.00000145,"BTC,LTC",49019.7341231692,0.00368624,0.5624709,180
1,[],26,[],2019-05-10 13:47:12,0.0,0.00000120,0.00000000007579608,7608318,2019-05-10 13:47:12,btc,0.0,50.0,0.00000120,btc,0.0,0.0,0.0,180
,[],7,[],2018-11-20 22:58:01,562227.975654,0.00000085,0.000000000036176765,4862015,2018-11-20 22:58:01,btc,21836.6059674,2491.87645172,,btc,749999.041456,0.00211021,0.127565380455,183
,[],5,[],2019-01-10 08:11:41,0.0,0,0,6347036,2019-01-10 08:11:41,btc,82.15055501,0.00261,,btc,1.19002445,0.0,0.0,187
1,[],24,[],2019-04-30 17:34:05,0.0,0.000000000014,7.396256000000001e-16,7526291,2019-04-30 17:34:05,btc,0.0,0.0,0.000000000014,btc,0.0,0.0,0.0,187
,[],17,[],2018-11-16 20:58:10,4062536.27273,0.00000001,0.000000000000550501,4708775,2018-11-16 20:58:10,btc,3.36492563466,0.195460381006,,"btc,eth",110697919.549,0.0,0.0157628953496,187
0,[],22,[],2019-04-25 02:54:07,0.0,0,0,7447896,2019-04-25 02:54:07,,7.54794454,0.0,0,,76361.7243344055,0.0,0.0,191
0,[],22,[],2019-05-10 13:47:17,0.0,0,0,7608319,2019-05-10 13:47:17,,0.0,0.0,0,,0.0,0.0,0.0,197
0.0000000001201253,[],22,[],2019-05-10 13:47:21,54733331.0,2.4025060000000003e-18,1.5175044748040002e-22,7608320,2019-05-10 13:47:21,LTC,7.64520347,0.0,0.00000002,LTC,35259414.0,0.0,0.64066281,199
1,[],26,[],2019-05-10 13:47:21,0.0,0.00000000,0,7608321,2019-05-10 13:47:21,btc,0.0,0.0,0.00000000,btc,0.0,0.0,0.0,199
0,[],23,[],2019-01-20 23:31:41,0.0,0,0,6477079,2019-01-20 23:31:41,,0.0,0.0,0,,0.0,0.0,0.0,199
0,[],2,[],2019-01-20 23:30:49,0.0,0,0,6477059,2019-01-20 23:30:49,,0.0,0.0,0,,0.0,0.0,0.0,201
1,[],4,[],2019-01-25 15:51:35,2084389.58565343,0.00000936,0.000000000333526752,6499557,2019-01-25 15:51:35,btc,2.0092503037378524,0.0,0.00000936,btc,160195.80207885,0.19272417,1.242687955921835,211
1,[],7,[],2019-05-10 13:47:23,14318209.31567057,0.0000009,0.00000000005684706,7608322,2019-05-10 13:47:23,btc,15200782.987516493,74261.7986082,0.0000009,btc,12956260.57763454,0.0,1.5339516144931582,212
1,[],5,[],2019-05-07 13:02:51,0.0,0,0,7566706,2019-05-07 13:02:51,btc,0.0,0.43032184,0,btc,0.0,0.0,0.0,213
1,[],24,[],2019-05-07 13:02:52,0.0,0.000000050000,0.000000000002968865,7566707,2019-05-07 13:02:52,btc,0.0,0.0,0.000000050000,btc,0.0,0.0,0.0,213
1,[],26,[],2019-05-07 13:02:52,0.0,0.00000040,0.00000000002375092,7566708,2019-05-07 13:02:52,btc,0.0,0.0,0.00000040,btc,0.0,0.0,0.0,213
1,[],12,[],2019-01-25 02:44:32,207462.42853209,0.000001080000000000000035831255497387193287295303889550268650054931640625,0.000000000038610756000000006,6493050,2019-01-25 02:44:32,btc,85023.03793723314,0.0,0.000001080000000000000035831255497387193287295303889550268650054931640625,btc,43675.73520027,0.000146250909087,0.0348620860622024,213
0,[],22,[],2019-05-10 13:47:26,0.0,0,0,7608323,2019-05-10 13:47:26,,9.58044616,0.0,0,,2340817.094064925,0.0,0.0,216
1,[],27,[],2019-05-10 13:47:33,6765.0,0.00000001,0.000000000000631634,7608324,2019-05-10 13:47:33,btc,63.51929531123932,13235.0,0.00000001,"btc,ltc",224443.337308,0.00013235,6.765e-05,216
1,[],22,[],2019-05-10 13:47:36,308169.9871794872,0.00000079,0.000000000049899086,7608325,2019-05-10 13:47:36,BTC,12054.92946726,0.0,0.00000079,BTC,425837.392087523,0.0298389,0.04079403,217
1,[],7,[],2019-05-10 13:47:39,0.0,0,0,7608326,2019-05-10 13:47:39,btc,111302.55957245249,0.0,0,btc,136863796.67828158,0.0,0.0,219
0,[],27,[],2019-05-10 13:47:43,0.0,0,0,7608327,2019-05-10 13:47:43,,0.05960067,0.0,0,btc,1692528.0,0.0,0.0,219
0,[],28,[],2019-05-10 13:47:46,0.0,0,0,7608328,2019-05-10 13:47:46,,0.0,0.0,0,,0.0,0.0,0.0,219
1,[],22,[],2019-05-10 13:47:49,381170.0,0.00000004,0.000000000002526536,7608329,2019-05-10 13:47:49,BTC,56.7649867,0.0,0.00000004,BTC,131552.84827387411,0.0,0.0123008,221
1,[],24,[],2019-05-10 13:47:49,0.0,0.000000010000,0.000000000000631634,7608330,2019-05-10 13:47:49,btc,0.0,0.0,0.000000010000,btc,0.0,0.0,0.0,221
1,[],20,[],2019-05-10 13:47:51,16946807.3381,0.000000013,0.0000000000008211242,7608331,2019-05-10 13:47:51,btc,100090.96364554351,2279683.5031,0.000000013,btc,16048801.838,0.0456199947535,0.0900470499972,224
0,[],22,[],2019-05-10 13:47:53,0.0,0,0,7608332,2019-05-10 13:47:53,,0.0,0.0,0,,0.0,0.0,0.0,224
1,[],26,[],2019-05-10 13:47:53,0.0,0.00000026,0.000000000016422484,7608333,2019-05-10 13:47:53,btc,0.0,0.0,0.00000026,btc,0.0,0.0,0.0,231
1,[],26,[],2019-05-10 13:47:55,0.0,0.00000005,0.00000000000315817,7608334,2019-05-10 13:47:55,btc,0.0,0.0,0.00000005,btc,0.0,0.0,0.0,234
0,[],27,[],2019-05-10 13:48:01,0.0,0,0,7608335,2019-05-10 13:48:01,,0.01134836604,0.0,0,"btc,eth",11462.996,0.0,0.0,234
1,[],4,[],2019-04-29 21:02:20,217188.93193785,0.00000080,0.00000000004151584,7514327,2019-04-29 21:02:20,btc,5.239800103892936,0.0,0.00000080,btc,797346.30008933,0.0,0.0590549781555679,236
1,[],24,[],2019-04-29 21:02:20,0.0,0.000000100000,0.00000000000518948,7514328,2019-04-29 21:02:20,btc,0.0,0.0,0.000000100000,btc,0.0,0.0,0.0,236
1,[],5,[],2019-05-06 20:53:15,0.0,0,0,7559637,2019-05-06 20:53:15,btc,0.0,0.20253514,0,btc,0.0,0.0,0.0,237
1,[],20,[],2019-05-06 20:53:18,38173217.6136,0.000000083,0.0000000000047460728,7559638,2019-05-06 20:53:18,btc,21342.514614200165,8832375.7238,0.000000083,btc,27701499.3386,0.7554403456107,1.3621107610479,237
1,[],22,[],2019-05-06 20:53:20,343938.0,0.00000009,0.000000000005146344,7559639,2019-05-06 20:53:20,BTC,1.20267422,0.0,0.00000009,BTC,17930.94871794872,0.0,0.01017442,237
1,[],4,[],2019-05-10 13:48:02,22984756.19158837,0.00000015,0.00000000000947451,7608336,2019-05-10 13:48:02,btc,3.3603864374392147,0.0,0.00000015,btc,9301140.8810823,0.2178612,1.0393804637903008,238
1,[],5,[],2019-05-10 13:48:03,0.0,0,0,7608337,2019-05-10 13:48:03,btc,0.0,0.03127719,0,btc,0.0,0.0,0.0,238
0,[],22,[],2019-03-12 16:49:32,0.0,0,0,6914458,2019-03-12 16:49:32,,0.40415746,0.0,0,,526736.5639027493,0.0,0.0,249
0,[],22,[],2019-05-10 13:48:09,0.0,0,0,7608338,2019-05-10 13:48:09,,4.52678073,0.0,0,,38074419.69978836,0.0,0.0,252
0,[],28,[],2019-05-10 13:48:10,0.0,0,0,7608339,2019-05-10 13:48:10,,0.0,0.0,0,,0.0,0.0,0.0,256
1,[],22,[],2019-05-10 13:48:14,1088993.5,0.00000002,0.000000000001263268,7608340,2019-05-10 13:48:14,BTC,21.88116616,0.0,0.00000002,BTC,522884.63333384093,0.0,0.01124633,258
1,[],22,[],2019-03-13 00:07:30,47146.0,0.00000001,0.000000000000387233,6917028,2019-03-13 00:07:30,BTC,2.415167,0.0,0.00000001,BTC,157.0,0.0,0.00047146,259
1,[],5,[],2019-05-10 13:48:15,0.0,0,0,7608341,2019-05-10 13:48:15,btc,0.0,0.36278184,0,btc,0.0,0.0,0.0,264
1,[],20,[],2019-05-10 13:48:17,1259083.173,0.0000011,0.00000000006947974000000001,7608342,2019-05-10 13:48:17,btc,4.9322862797969,114161.1579,0.0000011,btc,87472.3294,0.1311474824791,0.0228768851668,264
0,[],22,[],2019-04-12 17:57:27,0.0,0,0,7278186,2019-04-12 17:57:27,,66.37522201,0.0,0,,677842.4169881374,0.0,0.0,271
0,[],22,[],2019-05-10 13:48:19,0.0,0,0,7608343,2019-05-10 13:48:19,,33051802.3172899,0.0,0,,15696307799.7,0.0,0.0,272
0,[],28,[],2019-05-10 13:48:20,0.0,0,0,7608344,2019-05-10 13:48:20,,0.0,0.0,0,,0.0,0.0,0.0,272
1,[],22,[],2019-05-10 13:48:24,131499.7,0.00000014,0.000000000008842876,7608345,2019-05-10 13:48:24,BTC,427.42495672,0.0,0.00000014,BTC,249705.37764460206,0.0,0.00447418,281
1,[],22,[],2019-05-10 13:48:29,610198.1,0.00000002,0.000000000001263268,7608346,2019-05-10 13:48:29,BTC,1.50572639,0.0,0.00000002,"BTC,LTC",602877.1256135202,0.00029317,0.01735528,286
0,[],22,[],2019-05-10 13:48:32,0.0,0,0,7608347,2019-05-10 13:48:32,,7337892.75526966,0.0,0,,1388519262.7797825,0.0,0.0,294
