pairValue,buyBook,exchangeId,sellBook,updated,buyTotal,satoshiPrice,usdPrice,exchangeLogId,created,bestPair,sellTotalBtc,volume,pairPrice,activePairs,sellTotal,volumeBtc,buyTotalBtc,coinId
1,[],3,[],2019-03-17 12:48:11,30532.730459920553,0.01308198999999999993792965113925674813799560070037841796875,0.000000519467508114,6956175,2019-03-17 12:48:11,btc,61.1309089737462,6.02613525,0.01308198999999999993792965113925674813799560070037841796875,btc,25.926777543980002,0.0,0.22360898047969777,1
1,[],4,[],2019-03-17 12:48:11,207746.86914156,0.01305585,0.00000051842952531,6956176,2019-03-17 12:48:11,btc,12.920818549781973,0.0,0.01305585,btc,227.52020097,1.66867323,1.0726221266000815,1
1,[],5,[],2019-03-17 12:48:14,0.0,0,0,6956177,2019-03-17 12:48:14,btc,0.0,0.05361544,0,btc,0.0,0.0,0.0,1
1,[],10,[],2019-03-17 12:48:17,413843.17917212,0.01130405,0.00000044886799983000003,6956178,2019-03-17 12:48:17,btc,6522.488092985234,1641.56703149,0.01130405,btc,981.82998611,0.0,5.173953188764233,1
1,[],12,[],2019-03-17 12:48:20,107.20920159,0.01307000000000000002053912595556539599783718585968017578125,0.0000005189914020000001,6956179,2019-03-17 12:48:20,btc,0.113772971336,0.0,0.01307000000000000002053912595556539599783718585968017578125,btc,8.27319295,0.8154799669703,0.380474131595,1
1,[],20,[],2019-03-17 12:48:22,1152.5386,0.01050025,0.00000041695022715,6956180,2019-03-17 12:48:22,btc,0.0533371999966,0.1455,0.01050025,btc,2.311,0.0018713069031,0.0966574309311,1
1,[],21,[],2019-03-17 12:48:24,1933.56016101,0.01304439999999999939828132511,0.00000051797486184,6956181,2019-03-17 12:48:24,btc,57.93480908861828,6281.08474657,0.01304439999999999939828132511365765822120010852813720703125,"btc,eth",5201.01811396,78.33469953622087,19.55547003690587,1
1,[],22,[],2019-03-17 12:48:27,0.07686088253968254,0.01260000,0.0000005003283600000001,6956182,2019-03-17 12:48:27,BTC,0.31439419,0.0,0.01260000,BTC,0.12751438772928525,0.0,0.00096785,1
1,[],24,[],2019-03-17 12:48:28,0.0,0.000000000000,0,6956183,2019-03-17 12:48:28,btc,0.0,0.0,0.000000000000,btc,0.0,0.0,0.0,1
0.0,[],25,[],2019-03-17 12:48:29,0.0,0,0,6956184,2019-03-17 12:48:29,btc,31.966799998439004,2048.96723801,0.0,btc,2384.49152756,27.5,0.0,1
1,[],26,[],2019-03-17 12:48:30,0.0,0,0,6956185,2019-03-17 12:48:30,,0.0,0.0,0,,0.0,0.0,0.0,1
1,[],28,[],2019-03-17 12:48:31,992.9,0.01231000,0.0000004888128660000001,6956186,2019-03-17 12:48:31,btc,0.151703079,16443.95,0.01231000,btc,8.184,0.0,0.086101096,1
0,[],2,[],2019-01-20 23:28:45,0.0,0,0,6477011,2019-01-20 23:28:45,,0.0,0.0,0,,0.0,0.0,0.0,1
1,[],5,[],2019-03-17 12:48:33,0.0,0,0,6956187,2019-03-17 12:48:33,btc,0.0,0.0070256,0,btc,0.0,0.0,0.0,2
0.00000000012927599999999998,[],22,[],2019-03-17 12:48:35,1148.0,1.422036e-16,5.64670587096e-21,6956188,2019-03-17 12:48:35,XMR,21.02425527,0.0,0.00000110,XMR,24942.398537272726,0.0,0.00087635,2
1,[],5,[],2019-03-17 12:48:37,0.0,0,0,6956189,2019-03-17 12:48:37,btc,0.0,0.01807392,0,btc,0.0,0.0,0.0,3
1,[],12,[],2019-03-17 12:48:38,2988421.77853394,0.000000196,0.000000000007782885600000001,6956190,2019-03-17 12:48:38,btc,22824.97866764358,0.0,0.000000196,btc,1287834.75400168,0.03924352867296623,0.4256594904851412,3
0,[],28,[],2019-03-17 12:48:39,0.0,0,0,6956191,2019-03-17 12:48:39,,0.0,0.0,0,,0.0,0.0,0.0,3
0,[],2,[],2019-01-20 23:31:32,0.0,0,0,6477077,2019-01-20 23:31:32,,0.0,0.0,0,,0.0,0.0,0.0,4
1,[],4,[],2019-03-17 12:48:40,405924.90380113,0.00000032,0.000000000012706752000000001,6956192,2019-03-17 12:48:40,btc,32.056418260480605,0.0,0.00000032,btc,725153.97080371,0.0,0.0477960437254751,4
1,[],12,[],2019-03-17 12:41:30,444125.0,0.00000002,0.0000000000007956000000000001,6956001,2019-03-17 12:41:30,btc,1111853.2880911,0.0,0.00000002,btc,776537.33266733,0.0,0.00484174,5
0,[],2,[],2019-01-20 23:31:51,0.0,0,0,6477087,2019-01-20 23:31:51,,0.0,0.0,0,,0.0,0.0,0.0,6
1,[],11,[],2019-03-17 12:48:41,3935711.8988200002,0.00000002,0.0000000000007941720000000001,6956193,2019-03-17 12:48:41,btc,9574.314448127847,10000.0,0.00000002,btc,43091567.92614274,0.0,0.0449565813342,6
1,[],3,[],2019-03-17 12:48:42,1104.870652130215,0.00015480999999999998993464866980929173223557882010936737060546875,0.0000000061472883659999996,6956194,2019-03-17 12:48:42,btc,29.634654231634162,0.0,0.00015480999999999998993464866980929173223557882010936737060546875,btc,241.020514578101,0.0,0.03710721740273891,7
1,[],4,[],2019-03-17 12:48:43,97406.20964163,0.00021701,0.000000008617163286,6956195,2019-03-17 12:48:43,btc,10.56699606682531,0.0,0.00021701,btc,38897.76337148,2.35654442,9.057933266108021,7
1,[],5,[],2019-03-17 12:48:45,0.0,0,0,6956196,2019-03-17 12:48:45,btc,0.0,0.08202678,0,btc,0.0,0.0,0.0,7
1,[],20,[],2019-02-20 02:16:17,39399275.8418,0.000000001,0.0000000000000390183,6728586,2019-02-20 02:16:17,btc,116.9737569154545,525.0,0.000000001,btc,56932965.8895,5.25e-07,0.0393992758418,8
0,[],2,[],2019-01-20 23:22:42,0.0,0,0,6476876,2019-01-20 23:22:42,,0.0,0.0,0,,0.0,0.0,0.0,9
0,[],23,[],2019-01-20 23:22:48,0.0,0,0,6476878,2019-01-20 23:22:48,,0.0,0.0,0,,0.0,0.0,0.0,9
1,[],4,[],2019-03-17 12:48:47,1812721.22689991,0.00000160,0.00000000006353376,6956197,2019-03-17 12:48:47,btc,7.063272979023694,0.0,0.00000160,btc,3099069.06350221,0.74026546,1.2528424369382956,9
1,[],28,[],2019-03-17 12:48:49,27403.0,0.00000160,0.00000000006353376,6956198,2019-03-17 12:48:49,btc,2708.776551247723,3330955.0,0.00000160,btc,20316.3373,0.0,0.0164095,9
1,[],1,[],2019-02-17 23:31:42,1822507.21,0.00000181000000000000003456111265232042484285557293333113193511962890625,0.000000000066086901,6701244,2019-02-17 23:31:42,btc,3.6990969245,17153386.5,0.00000181000000000000003456111265232042484285557293333113193511962890625,btc,1997391.71,31.11772986,3.2610482446,9
1,[],4,[],2019-02-17 11:22:43,4341674.27126056,0.00000002,0.0000000000007272960000000001,6696112,2019-02-17 11:22:43,btc,0.1997230937751353,0.0,0.00000002,btc,4109766.79808031,0.00215132,0.0479381022052112,10
0,[],2,[],2019-01-20 23:23:08,0.0,0,0,6476890,2019-01-20 23:23:08,,0.0,0.0,0,,0.0,0.0,0.0,12
1,[],4,[],2019-03-17 12:48:50,5518313.66434467,0.00000189,0.000000000075049254,6956199,2019-03-17 12:48:50,btc,13.599390489044017,0.0,0.00000189,btc,5221155.7112685,4.49944029,6.577387298457728,12
1,[],5,[],2019-03-17 12:48:51,0.0,0,0,6956200,2019-03-17 12:48:51,btc,0.0,0.03942051,0,btc,0.0,0.0,0.0,12
0.0,[],25,[],2019-03-17 12:48:52,0.0,0,0,6956201,2019-03-17 12:48:52,,0.0,0.0,0.0,btc,0.0,0.0,0.0,12
1,[],4,[],2019-03-17 12:48:53,33015042.70375732,0.00001096,0.000000000435206256,6956202,2019-03-17 12:48:53,btc,5.026803942585891,0.0,0.00001096,btc,349746.73516711,3.18579794,1.9967338228982536,13
1,[],21,[],2019-03-17 12:48:56,1512520.89472097,0.00001097999999999999990547491779,0.000000000436000428,6956203,2019-03-17 12:48:56,btc,17.97089877844014,10098232.18541947,0.0000109799999999999999054749177940237814254942350089550018310546875,btc,1416319.80741423,107.55193744,13.854473093546932,13
1,[],10,[],2019-03-17 12:41:46,465651.61441614,0.0000106,0.00000000042166800000000004,6956012,2019-03-17 12:41:46,btc,666776.598083854,36775.933537,0.0000106,btc,649278.35575691,0.0,0.5241166810984358,13
1,[],4,[],2019-03-17 12:48:58,1697962.63000957,0.00000078,0.000000000030972708000000003,6956204,2019-03-17 12:48:58,btc,5.365426424443672,0.0,0.00000078,btc,1009483.86227941,0.00697216,0.2877841021085088,14
1,[],12,[],2019-03-17 12:48:59,304373.0,0.00000069,0.000000000027398934,6956205,2019-03-17 12:48:59,btc,0.0558767671394302,0.0,0.00000069,btc,13574.91282682,0.0,0.03076906,14
1,[],26,[],2019-03-17 12:49:10,0.0,0.00000050,0.000000000019854300000000002,6956206,2019-03-17 12:49:10,btc,0.0,0.0,0.00000050,btc,0.0,0.0,0.0,14
0,[],17,[],2019-03-17 12:41:50,0.0,0,0,6956016,2019-03-17 12:41:50,btc,0.0,0.0,0,btc,0.0,0.0,0.0,14
,[],12,[],2018-12-01 15:15:48,204241.84496,0.00000489,0.000000000202473384,5260204,2018-12-01 15:15:48,btc,49.5475654835,0.0,,btc,35763.2193806,0.0163153972027625,0.0203389899998,15
0,[],4,[],2019-03-17 12:49:11,0.0,0,0,6956207,2019-03-17 12:49:11,,0.0,0.0,0,,0.0,0.0,0.0,15
0,[],2,[],2019-01-20 23:23:38,0.0,0,0,6476906,2019-01-20 23:23:38,,0.0,0.0,0,,0.0,0.0,0.0,18
1,[],4,[],2019-03-17 12:49:13,25273.18394351,0.00001584,0.000000000628984224,6956208,2019-03-17 12:49:13,btc,3.779344973059755,0.0,0.00001584,btc,18562.94996197,0.02834732,0.0631422612053021,18
1,[],10,[],2019-03-17 12:49:15,783287.34746975,0.00001487,0.0000000005904668820000001,6956209,2019-03-17 12:49:15,btc,15.398373596535853,15821.0549458,0.00001487,btc,12953.44010499,0.0,0.1241436429302931,18
1,[],12,[],2019-03-17 12:49:16,313796.75777722,0.0000154299999999999996511644562158238613847061060369014739990234375,0.000000000612703698,6956210,2019-03-17 12:49:16,btc,33214.72898303231,0.0,0.0000154299999999999996511644562158238613847061060369014739990234375,btc,883.29851861,0.0017917254071236,0.026447843487709198,18
0,[],17,[],2019-03-17 12:49:28,0.0,0,0,6956211,2019-03-17 12:49:28,btc,0.0,0.0,0,btc,0.0,0.0,0.0,18
0,[],2,[],2019-01-20 23:24:19,0.0,0,0,6476924,2019-01-20 23:24:19,,0.0,0.0,0,,0.0,0.0,0.0,19
1,[],3,[],2019-03-17 12:49:30,120825.32699802225,0.00001807999999999999969006563016460376047689351253211498260498046875,0.0000000007179314880000001,6956212,2019-03-17 12:49:30,btc,0.6919407325489582,34.26261635,0.00001807999999999999969006563016460376047689351253211498260498046875,btc,15054.205445313173,0.0,0.05814000934052275,19
1,[],4,[],2019-03-17 12:49:31,228823.94168052,0.00001951,0.0000000007747147860000001,6956213,2019-03-17 12:49:31,btc,2.2005035255723766,0.0,0.00001951,btc,75159.77695044,0.30568388,2.4530949116172738,19
1,[],5,[],2019-03-17 12:49:33,0.0,0,0,6956214,2019-03-17 12:49:33,btc,0.0,6.593e-05,0,btc,0.0,0.0,0.0,19
1,[],12,[],2019-03-17 12:49:34,193342.43236725,0.00001804000000000000007304053195600346271021408028900623321533203125,0.000000000716343144,6956215,2019-03-17 12:49:34,btc,0.172025655693914,0.0,0.00001804000000000000007304053195600346271021408028900623321533203125,btc,564.6529296,0.0086875292478853,0.0466587299982945,19
0,[],27,[],2019-03-17 12:49:36,0.0,0,0,6956216,2019-03-17 12:49:36,,0.0,0.0,0,btc,0.0,0.0,0.0,19
1,[],4,[],2019-03-17 12:49:37,2840997.20631087,0.00000013,0.000000000005162118,6956217,2019-03-17 12:49:37,btc,7.3822217746397,0.0,0.00000013,btc,2872436.96906976,0.00010386,0.085967240489147,20
1,[],4,[],2019-03-17 12:49:38,94103123.72946244,0.00000002,0.0000000000007941720000000001,6956218,2019-03-17 12:49:38,btc,39417.109113086575,0.0,0.00000002,btc,54197900.99537982,0.09194979,1.0104675274898893,21
1,[],12,[],2019-03-17 12:49:39,1795971.0,0.00000001,0.00000000000039708600000000004,6956219,2019-03-17 12:49:39,btc,1247.540409808981,0.0,0.00000001,btc,2937881.94905095,9.166e-05,0.01795971,21
0,[],17,[],2019-03-17 12:49:51,0.0,0,0,6956220,2019-03-17 12:49:51,btc,0.0,0.0,0,btc,0.0,0.0,0.0,21
1,[],12,[],2019-03-17 12:49:52,2735535673.0,0.0000000001,0.00000000000000397086,6956221,2019-03-17 12:49:52,btc,1944716.800799854,0.0,0.0000000001,btc,1660440559.3470418,0.0400748237016983,0.2735535673,23
0,[],27,[],2019-03-17 12:49:54,0.0,0,0,6956222,2019-03-17 12:49:54,,13.83979783885341,0.0,0,eth,6296692.91714486,0.0,0.0,23
1,[],4,[],2019-03-17 12:49:55,669908.54919084,0.00000045,0.000000000017868870000000002,6956223,2019-03-17 12:49:55,btc,9.899826852522546,0.0,0.00000045,btc,1614642.47113174,0.00215619,0.1687589490267973,24
1,[],22,[],2019-03-17 12:49:58,11.76,0.00000100,0.000000000039708600000000004,6956224,2019-03-17 12:49:58,BTC,7.415e-05,0.0,0.00000100,BTC,23.919354838709676,0.0,1.176e-05,24
0.0,[],25,[],2019-03-17 12:49:59,0.0,0,0,6956225,2019-03-17 12:49:59,,0.0,0.0,0.0,btc,0.0,0.0,0.0,24
1,[],4,[],2019-03-17 12:42:27,28239879.91909253,0.00000648,0.0000000002577744,6956036,2019-03-17 12:42:27,btc,141.31069874776293,0.0,0.00000648,btc,250911.47627496,0.26261056,0.8188363300175516,26
1,[],10,[],2019-03-17 12:42:28,602624.84463415,0.00000543,0.0000000002160054,6956037,2019-03-17 12:42:28,btc,25.23355419433348,3991.30850757,0.00000543,btc,14324.4645187,0.0,0.1443916358988472,26
0,[],2,[],2019-01-20 23:25:56,0.0,0,0,6476976,2019-01-20 23:25:56,,0.0,0.0,0,,0.0,0.0,0.0,26
1,[],3,[],2019-03-17 12:50:00,10888354.54084747,0.00000001,0.00000000000039708600000000004,6956226,2019-03-17 12:50:00,btc,2.050679702586434,205.0,0.00000001,btc,15425062.4672216,0.0,0.1088835454084747,27
1,[],5,[],2019-03-17 12:50:02,0.0,0,0,6956227,2019-03-17 12:50:02,btc,0.0,1.001e-05,0,btc,0.0,0.0,0.0,27
1,[],11,[],2019-03-17 12:50:03,8489638.24590115,0.00000006,0.000000000002382516,6956228,2019-03-17 12:50:03,btc,67506.1992155516,5956.66666667,0.00000006,btc,7966196.08369704,0.0,0.4689379049180229,27
1,[],4,[],2019-03-17 12:50:04,2212195966.9899197,0.00000001,0.00000000000039708600000000004,6956229,2019-03-17 12:50:04,btc,2.9587855499254108,0.0,0.00000001,"btc,ltc",282328694.81968886,0.53572397,10.047304425321116,29
1,[],7,[],2019-03-17 12:50:06,35613182.13418711,0.00000001,0.00000000000039708600000000004,6956230,2019-03-17 12:50:06,btc,44461604.29063297,66835.7637362,0.00000001,btc,52322260.66429539,0.00133672,0.3561318213418711,29
1,[],4,[],2019-03-17 12:50:07,4037393.01681503,0.00000017,0.000000000006750462,6956231,2019-03-17 12:50:07,btc,2.6983694229358237,0.0,0.00000017,btc,2219443.37642606,0.00931742,0.1028665896532295,30
0,[],17,[],2019-03-17 12:50:08,0.0,0,0,6956232,2019-03-17 12:50:08,btc,0.0,0.0,0,btc,0.0,0.0,0.0,30
1,[],4,[],2019-03-17 12:50:09,193120.18082463,0.00006239,0.000000002477419554,6956233,2019-03-17 12:50:09,btc,5.9403117349322185,0.0,0.00006239,btc,56115.2445066,3.36272265,2.6793839890624236,31
1,[],21,[],2019-03-17 12:50:11,84586.99116594,0.00006231000000000000481423928500,0.0000000024742428660000003,6956234,2019-03-17 12:50:11,btc,10.786399763803724,1042083.54593223,0.000062310000000000004814239285000354584553861059248447418212890625,btc,151353.95315863,66.65268859,4.982628385482211,31
0,[],2,[],2019-01-20 23:28:43,0.0,0,0,6477009,2019-01-20 23:28:43,,0.0,0.0,0,,0.0,0.0,0.0,32
1,[],4,[],2019-03-17 12:50:12,399040954.0075357,0.00000004,0.0000000000015883440000000002,6956235,2019-03-17 12:50:12,btc,9.109466396137586,0.0,0.00000004,"btc,ltc",185151650.3895804,1.07183526,8.469908764679497,33
1,[],12,[],2019-03-17 12:50:13,33042502.533999998,0.00000005,0.00000000000198543,6956236,2019-03-17 12:50:13,btc,4127585.7830167306,0.0,0.00000005,btc,16892136.34465534,0.0717930882217282,0.88248323047,33
1,[],4,[],2019-03-17 12:50:14,91139114.13017008,0.00000001,0.00000000000039708600000000004,6956237,2019-03-17 12:50:14,btc,3.3670527721245413,0.0,0.00000001,btc,104019744.41427173,0.00452373,0.9113911413017007,34
1,[],5,[],2019-03-17 12:50:15,0.0,0,0,6956238,2019-03-17 12:50:15,btc,0.0,0.0111778,0,btc,0.0,0.0,0.0,34
0,[],17,[],2019-03-17 12:42:49,0.0,0,0,6956052,2019-03-17 12:42:49,btc,0.0746458281244002,0.0,0,btc,4105386.20243647,0.0,0.0,36
0.0000000001521731,[],4,[],2019-03-17 12:50:16,4836435498.378448,1.521731e-18,6.04258075866e-23,6956239,2019-03-17 12:50:16,ltc,4.8884558047869824e-08,0.0,0.00000001,ltc,6426553950.897046,0.0,7.3597538273829336e-09,36
1,[],5,[],2019-03-17 12:50:17,0.0,0,0,6956240,2019-03-17 12:50:17,btc,0.0,0.0,0,btc,0.0,0.0,0.0,36
0.0000000003481994,[],27,[],2019-03-17 12:50:20,998000.16325,3.481994e-18,1.382651069484e-22,6956241,2019-03-17 12:50:20,eth,223.80396210580784,0.0,0.00000001,"ltc,eth",12165396.31058689,0.0,1.5186881064355205e-12,36
1,[],4,[],2019-03-17 12:34:48,330479.06924664,0.00000055,0.000000000021902155,6955868,2019-03-17 12:34:48,btc,19772.484921593245,0.0,0.00000055,btc,592318.63728141,0.04813632,0.0640844442383355,37
1,[],12,[],2019-03-17 12:34:49,451768.70026255,0.00000059,0.000000000023495039,6955869,2019-03-17 12:34:49,btc,20.527663557372872,0.0,0.00000059,btc,375742.15851412,0.0271642566411751,0.16085008793505728,37
1,[],27,[],2019-03-17 12:34:51,14685.567,0.00000045,0.000000000017919945000000002,6955870,2019-03-17 12:34:51,btc,24.25536383611233,0.0,0.00000045,btc,6518.38138508,0.0,0.00480032515,37
1,[],17,[],2019-03-17 10:32:16,1752.74075282,0.00000025,0.0000000000099553,6954743,2019-03-17 10:32:16,btc,0.055484923777095005,0.0,0.00000025,btc,1319.19918473,0.0,0.00043818518820499993,37
1,[],5,[],2019-03-17 12:50:22,0.0,0,0,6956242,2019-03-17 12:50:22,btc,0.0,0.09145704,0,btc,0.0,0.0,0.0,42
1,[],12,[],2019-03-17 12:50:23,254818.25112175,0.000001039999999999999995289683661636725986454621306620538234710693359375,0.000000000041296944,6956243,2019-03-17 12:50:23,btc,5.611892475337489,0.0,0.000001039999999999999995289683661636725986454621306620538234710693359375,btc,39288.25989137,0.0072835170360814,0.020535884361207,42
0.0000000003481994,[],27,[],2019-03-17 12:50:25,2000.0,3.481994e-18,1.382651069484e-22,6956244,2019-03-17 12:50:25,eth,0.00315028,0.0,0.00000001,"btc,eth",11.007,0.0,6.963988e-15,42
1,[],5,[],2019-03-17 12:42:58,0.0,0,0,6956057,2019-03-17 12:42:58,btc,0.0,0.02676932,0,btc,0.0,0.0,0.0,43
0,[],17,[],2019-03-17 11:43:29,0.0,0,0,6955466,2019-03-17 11:43:29,btc,0.0,0.0,0,btc,0.0,0.0,0.0,43
1,[],12,[],2019-03-13 09:13:29,1112112.0,0.00000001,0.000000000000386531,6919902,2019-03-13 09:13:29,btc,29058.00478931866,0.0,0.00000001,btc,5967681.93306694,9.99000999e-07,0.01112112,43
1,[],12,[],2019-03-05 01:54:08,639326.02,0.00000004,0.000000000001486676,6845775,2019-03-05 01:54:08,btc,11116042.728239931,0.0,0.00000004,btc,1103841.4595604,0.0003330765234764,0.014975410599999999,44
1,[],4,[],2019-03-17 12:50:26,298271935.5871639,0.00000003,0.000000000001191258,6956245,2019-03-17 12:50:26,btc,494.5021663237161,0.0,0.00000003,"btc,ltc",16720289.46583875,0.00688229,0.2890381562937453,49
0.0000000001521731,[],4,[],2019-03-17 12:50:27,528111308.62466913,1.521731e-18,6.04258075866e-23,6956246,2019-03-17 12:50:27,ltc,25.901654675567194,0.0,0.00000001,ltc,8614125116.009727,0.0,8.036433497847264e-10,52
0,[],22,[],2019-03-17 12:50:29,0.0,0,0,6956247,2019-03-17 12:50:29,,4428.59026215,0.0,0,,305937213.5359664,0.0,0.0,57
0.0000000003481994,[],27,[],2019-03-17 12:50:32,2000.0,3.481994e-18,1.382651069484e-22,6956248,2019-03-17 12:50:32,eth,0.0,0.0,0.00000001,"btc,eth",0.0,0.0,6.963988e-15,57
0,[],17,[],2019-03-17 12:43:20,0.0,0,0,6956064,2019-03-17 12:43:20,btc,1e+24,0.0,0,btc,49226522.0897055,0.0,0.0,58
0.0000000001521731,[],4,[],2019-03-17 12:50:34,790489951.316,3.043462e-18,1.208516151732e-22,6956249,2019-03-17 12:50:34,ltc,18.6576181162167,0.0,0.00000002,ltc,4685550305.638703,0.0,1.8299312290514069e-09,58
1,[],12,[],2019-03-17 12:50:35,1429589385.2500002,0.0000000004,0.00000000000001588344,6956250,2019-03-17 12:50:35,btc,4023045.1115644597,0.0,0.0000000004,btc,1604487361.6533465,0.024837939231768167,0.36721932870000007,58
0.00000000012927599999999998,[],22,[],2019-03-17 12:50:38,137438.0,1.2927599999999999e-18,5.1333689736e-23,6956251,2019-03-17 12:50:38,XMR,69.1795942,0.0,0.00000001,XMR,9887963.0,0.0,0.00137438,58
1,[],5,[],2019-03-17 12:50:39,0.0,0,0,6956252,2019-03-17 12:50:39,btc,0.0,0.045687,0,btc,0.0,0.0,0.0,61
1,[],22,[],2019-03-17 12:50:41,13757.0,0.00000012,0.000000000004765032,6956253,2019-03-17 12:50:41,BTC,1002.2960049,0.0,0.00000012,BTC,14976.68361146909,0.0,0.00154987,61
1,[],26,[],2019-03-17 12:50:42,0.0,0.00000800,0.00000000031766880000000003,6956254,2019-03-17 12:50:42,btc,0.0,0.0,0.00000800,btc,0.0,0.0,0.0,61
1,[],27,[],2019-03-17 12:50:44,2138.56798,0.00000047,0.000000000018663042,6956255,2019-03-17 12:50:44,btc,2.8850305703141323,0.0,0.00000047,"btc,eth",19862.59257617,0.0,0.00019833999352876895,61
1,[],28,[],2019-03-17 12:50:46,13880.304,0.0000005,0.000000000019854300000000002,6956256,2019-03-17 12:50:46,btc,2.056312978300105,734.0,0.0000005,btc,9730.59500005,0.0,0.00566391304,61
1,[],4,[],2019-03-17 12:43:40,1415841.9987371,0.00000221,0.0000000000879138,6956071,2019-03-17 12:43:40,btc,9.542370024817538,0.0,0.00000221,btc,808707.40114768,0.2731079,1.2660282440004147,67
0.0,[],25,[],2019-03-17 12:43:41,0.0,0,0,6956072,2019-03-17 12:43:41,,0.0,0.0,0.0,btc,0.0,0.0,0.0,67
1,[],12,[],2019-03-17 12:50:47,1233457.27048961,0.00000016,0.000000000006353376000000001,6956257,2019-03-17 12:50:47,btc,1111615.2094561395,0.0,0.00000016,btc,917766.18047722,0.0179788392715727,0.1039070041918182,71
,[],5,[],2018-11-20 23:02:39,1.5e-07,0.00000005,0.000000000002128045,4862160,2018-11-20 23:02:39,btc,2.84511358,0.0,,btc,0.00036572,0.0,0.07381892,74
1,[],5,[],2019-03-17 12:50:49,0.0,0,0,6956258,2019-03-17 12:50:49,btc,0.0,0.0,0,btc,0.0,0.0,0.0,75
0,[],20,[],2019-01-25 09:30:31,0.0,0,0,6495923,2019-01-25 09:30:31,btc,0.0,0.0,0,btc,0.0,0.0,0.0,81
1,[],4,[],2019-03-17 12:50:50,13382103.94481309,0.00000001,0.00000000000039708600000000004,6956259,2019-03-17 12:50:50,btc,11370.01956508711,0.0,0.00000001,btc,39949505.59932191,0.0,0.1338210394481309,81
1,[],4,[],2019-03-17 12:50:51,23498.72578567,0.00008049,0.000000003196145214,6956260,2019-03-17 12:50:51,btc,18.12077277525091,0.0,0.00008049,btc,12231.58647124,0.02079607,0.0713529477456776,82
1,[],21,[],2019-03-17 12:50:53,919412.89554241,0.00007843000000000000632941615786,0.0000000031143454980000004,6956261,2019-03-17 12:50:53,btc,2.8158692468047835,2757.81147003,0.000078430000000000006329416157857536973097012378275394439697265625,btc,31291.25363445,0.21659694,3.729627734116964,82
0,[],17,[],2019-03-17 12:50:54,0.0,0,0,6956262,2019-03-17 12:50:54,btc,0.0447233088476774,0.0,0,btc,999127.19588126,0.0,0.0,84
0.0000000001521731,[],4,[],2019-03-17 12:50:55,151544700.840276,4.565193e-18,1.812774227598e-22,6956263,2019-03-17 12:50:55,ltc,1.6762916258765188,0.0,0.00000003,ltc,391175957.2759548,0.0,3.4107108785097643e-10,85
,[],22,[],2018-11-20 23:09:34,3408.1,0.0000001,0.0000000000041895,4862324,2018-11-20 23:09:34,BTC,0.04624735,0.0,,BTC,4990.0,0.0,0.00033081,86
1,[],22,[],2019-03-17 12:50:58,111869.83333333333,0.00000006,0.000000000002382516,6956264,2019-03-17 12:50:58,BTC,2.07824106,0.0,0.00000006,BTC,165278.94736842104,0.0,0.00185219,87
1,[],27,[],2019-03-17 12:51:00,50.0,0.00000001,0.00000000000039708600000000004,6956265,2019-03-17 12:51:00,btc,5.0622307389352,0.0,0.00000001,btc,27725.9038596,0.0,5e-07,87
,[],2,[],2018-11-20 23:10:47,0.0,0,0,4862359,2018-11-20 23:10:47,,0.0,0.0,,,0.0,0.0,0.0,88
1,[],11,[],2019-03-17 12:51:02,110573.17047314,0.00015020999999999998654291732957943850124138407409191131591796875,0.000000005964628806,6956266,2019-03-17 12:51:02,btc,611.7572695748249,3535.61344502,0.00015020999999999998654291732957943850124138407409191131591796875,btc,99162.01668706,0.0,8.899070118079862,89
0,[],2,[],2019-01-20 23:31:45,0.0,0,0,6477083,2019-01-20 23:31:45,,0.0,0.0,0,,0.0,0.0,0.0,91
0,[],17,[],2019-03-17 12:35:51,0.0,0,0,6955900,2019-03-17 12:35:51,btc,0.0,0.0,0,btc,0.0,0.0,0.0,91
1,[],12,[],2019-03-17 12:51:03,316619.34611407,0.00000099,0.000000000039311514000000006,6956267,2019-03-17 12:51:03,btc,58.4430005368017,0.0,0.00000099,btc,88306.48126046,0.0072112172323203,0.036850341899897,91
1,[],22,[],2019-03-17 12:51:25,65900.0,0.00000001,0.00000000000039708600000000004,6956268,2019-03-17 12:51:25,BTC,3e-06,0.0,0.00000001,BTC,1.0,0.0,0.000659,91
0,[],22,[],2019-03-17 12:51:28,0.0,0,0,6956269,2019-03-17 12:51:28,,3.31498785,0.0,0,,37200566.889473684,0.0,0.0,95
0,[],17,[],2019-03-17 12:44:37,0.0,0,0,6956087,2019-03-17 12:44:37,btc,0.0,0.0,0,btc,0.0,0.0,0.0,96
0.0000000001521731,[],4,[],2019-03-17 12:51:28,541664441.6092244,7.9130012e-17,3.1421419945032002e-21,6956270,2019-03-17 12:51:28,ltc,11.890561362885002,0.0,0.00000052,ltc,135212909.23915154,0.0,1.2594118374854874e-09,96
0,[],12,[],2019-03-17 12:51:30,0.0,0,0,6956271,2019-03-17 12:51:30,btc,10.674701927212787,0.0,0,btc,3147659.7212787,0.0004205194805195,0.0,96
1,[],4,[],2019-03-16 18:49:21,3998474.84970752,0.00000061,0.000000000024391582,6947934,2019-03-16 18:49:21,btc,7.196008449129943,0.0,0.00000061,btc,2595646.16802026,0.53409374,0.807137943529949,99
0,[],2,[],2019-01-20 23:23:55,0.0,0,0,6476914,2019-01-20 23:23:55,,0.0,0.0,0,,0.0,0.0,0.0,100
1,[],4,[],2019-03-17 12:51:42,284325.16608667,0.00003467,0.000000001376697162,6956272,2019-03-17 12:51:42,btc,11.363494727653693,0.0,0.00003467,btc,179684.45992765,1.21061783,1.4732495196082125,100
1,[],22,[],2019-03-17 12:51:45,120000.0,0.00000002,0.0000000000007941720000000001,6956273,2019-03-17 12:51:45,BTC,24.82891609,0.0,0.00000002,BTC,11877.22,0.0,0.0014,101
1,[],4,[],2019-03-17 12:51:45,351253.42586825,0.00000078,0.000000000030972708000000003,6956274,2019-03-17 12:51:45,btc,291.452637024989,0.0,0.00000078,btc,530494.60141078,0.0136991,0.1861113158270647,103
1,[],12,[],2019-03-17 12:51:48,31416505.0,0.000000007,0.0000000000002779602,6956275,2019-03-17 12:51:48,btc,3219028.157600335,0.0,0.000000007,btc,65978989.46394605,0.06250138407018832,0.050335208,105
0,[],27,[],2019-03-17 12:51:50,0.0,0,0,6956276,2019-03-17 12:51:50,,36.61168845936601,0.0,0,btc,1500858.60039724,0.0,0.0,105
1,[],22,[],2019-03-17 12:44:47,9328.0,0.00000001,0.00000000000039780000000000003,6956092,2019-03-17 12:44:47,BTC,51.10837004,0.0,0.00000001,BTC,470435.0,0.0,9.328e-05,107
1,[],26,[],2019-03-17 12:44:47,0.0,0.00000000,0,6956093,2019-03-17 12:44:47,btc,0.0,0.0,0.00000000,btc,0.0,0.0,0.0,107
1,[],5,[],2019-03-17 12:51:51,0.0,0,0,6956277,2019-03-17 12:51:51,btc,0.0,0.01172322,0,btc,0.0,0.0,0.0,112
1,[],22,[],2019-03-17 12:51:54,1966.0,0.00000001,0.00000000000039708600000000004,6956278,2019-03-17 12:51:54,BTC,2.7794366,0.0,0.00000001,BTC,826409.0833333334,0.0,1.966e-05,112
0.0000000003481994,[],27,[],2019-03-17 12:51:56,2000.0,3.481994e-18,1.382651069484e-22,6956279,2019-03-17 12:51:56,eth,1.24996908,0.0,0.00000001,"btc,eth",1289.0,0.0,6.963988e-15,112
1,[],4,[],2019-03-17 12:51:57,1085359.27777804,0.00000200,0.00000000007941720000000001,6956280,2019-03-17 12:51:57,btc,5.5446822609559385,0.0,0.00000200,btc,399895.61944843,0.03573426,1.0233026063507538,113
1,[],5,[],2019-03-17 12:51:59,0.0,0,0,6956281,2019-03-17 12:51:59,btc,0.0,0.0,0,btc,0.0,0.0,0.0,113
1,[],17,[],2019-03-17 12:52:10,152738.278,0.00000004,0.0000000000015883440000000002,6956282,2019-03-17 12:52:10,btc,1.33680302678,0.0,0.00000004,btc,50696.221,0.0,0.0022095311199999998,116
0,[],27,[],2019-03-17 12:52:12,0.0,0,0,6956283,2019-03-17 12:52:12,,0.0,0.0,0,btc,0.0,0.0,0.0,116
1,[],4,[],2019-03-17 12:52:13,68489.24231879,0.00006184,0.000000002455579824,6956284,2019-03-17 12:52:13,btc,101.48569582598628,0.0,0.00006184,btc,39630.11995486,0.31418829,1.2550552708987188,120
1,[],7,[],2019-03-17 12:52:15,23119.50586665,0.00002665000000000000064692175227865078568356693722307682037353515625,0.00000000105823419,6956285,2019-03-17 12:52:15,btc,115648.205148915,95.57522524,0.00002665000000000000064692175227865078568356693722307682037353515625,btc,27465.66007794,0.00428723,0.0574291936841575,120
1,[],20,[],2019-03-17 12:52:18,1571482.2572,0.000000034,0.0000000000013500924000000001,6956286,2019-03-17 12:52:18,btc,32.3019190406648,162.4,0.000000034,btc,1028084.0986,5.5216e-06,0.0121141380566,125
1,[],22,[],2019-03-17 12:52:29,3053.0,0.00000001,0.00000000000039708600000000004,6956287,2019-03-17 12:52:29,BTC,0.01444887,0.0,0.00000001,BTC,296263.5111111111,0.0,3.053e-05,126
1,[],4,[],2019-03-17 12:52:30,1268822.35193622,0.00001127,0.00000000044751592200000003,6956288,2019-03-17 12:52:30,btc,2.916968827371734,0.0,0.00001127,btc,118350.68367412,0.24192613,0.5075441859025469,131
0,[],17,[],2019-03-17 12:45:18,0.0,0,0,6956105,2019-03-17 12:45:18,btc,0.0953976503951408,0.0,0,btc,5037.62507334,0.0,0.0,131
0,[],2,[],2019-01-20 23:25:46,0.0,0,0,6476969,2019-01-20 23:25:46,,0.0,0.0,0,,0.0,0.0,0.0,131
1,[],4,[],2019-03-17 12:52:41,4560.36527042,0.00016770,0.000000006659132220000001,6956289,2019-03-17 12:52:41,btc,1.6149839474912007,0.0,0.00016770,btc,227.89209426,0.00455459,0.0089541505496418,135
1,[],3,[],2019-03-07 00:20:44,877702.73244099,0.00000004,0.00000000000154846,6863392,2019-03-07 00:20:44,btc,0.119366241821405,0.0,0.00000004,btc,760637.99421222,0.0,0.023771231960604298,136
1,[],4,[],2019-03-17 12:52:42,491738.65096749,0.00000117,0.000000000046459062,6956290,2019-03-17 12:52:42,btc,38.772550177189295,0.0,0.00000117,btc,584699.79987114,0.00382408,0.048074303888491,137
1,[],12,[],2019-03-17 12:52:43,150245.67099566,0.00000077,0.000000000030575622000000005,6956291,2019-03-17 12:52:43,btc,37.50170842255973,0.0,0.00000077,btc,7183.64250653,0.0099913280027707,0.0097824899999916,137
1,[],4,[],2019-03-17 12:52:44,13242.81323951,0.00003474,0.000000001379476764,6956292,2019-03-17 12:52:44,btc,28.62515574304924,0.0,0.00003474,btc,52126.32912522,0.24491587,0.35185406775103,142
1,[],5,[],2019-03-17 12:52:46,0.0,0,0,6956293,2019-03-17 12:52:46,btc,0.0,0.09366742,0,btc,0.0,0.0,0.0,142
1,[],17,[],2019-03-17 12:52:47,22967.386363640002,0.00000088,0.000000000034943568,6956294,2019-03-17 12:52:47,btc,20.069913352747896,0.0,0.00000088,btc,2746.079105,0.0,0.0104613000000032,142
1,[],20,[],2019-03-17 12:52:49,148991.5435,0.00003005,0.00000000119324343,6956295,2019-03-17 12:52:49,btc,0.3359267524272,0.5689,0.00003005,btc,2242.1871,1.7095445e-05,0.3099179658929,142
1,[],22,[],2019-03-17 12:52:52,1470.2803921568627,0.00001020,0.00000000040502772,6956296,2019-03-17 12:52:52,BTC,3.0054103,0.0,0.00001020,BTC,910.5995,0.0,0.00121106,142
0.0,[],25,[],2019-03-17 12:52:53,0.0,0,0,6956297,2019-03-17 12:52:53,,0.0,0.0,0.0,btc,0.0,0.0,0.0,142
1,[],28,[],2019-03-17 12:52:55,78772.283,0.00001100,0.0000000004367946,6956298,2019-03-17 12:52:55,btc,0.0598892044,749.5114,0.00001100,btc,406.39693,0.0,0.02180643,142
0,[],22,[],2019-03-17 12:52:58,0.0,0,0,6956299,2019-03-17 12:52:58,,65.83990167,0.0,0,,1043231670.8,0.0,0.0,143
0,[],22,[],2019-02-25 15:42:22,0.0,0,0,6783783,2019-02-25 15:42:22,,4.2131946,0.0,0,,2322156.0,0.0,0.0,146
,[],22,[],2018-11-20 23:01:11,0.0,0,0,4862114,2018-11-20 23:01:11,,2.56807021,0.0,,,61828.4988236,0.0,0.0,147
1,[],12,[],2019-03-17 12:45:37,389002.9987263,0.0000027300000000000001199843176202808336938687716610729694366455078125,0.00000000010859940000000001,6956117,2019-03-17 12:45:37,btc,9.693586129412328,0.0,0.0000027300000000000001199843176202808336938687716610729694366455078125,btc,108330.39740171,0.0,0.1691370299999212,148
1,[],4,[],2019-03-17 12:52:59,216570.8292357,0.00000027,0.000000000010721322,6956300,2019-03-17 12:52:59,btc,218.95240137696462,0.0,0.00000027,btc,806434.2620324,0.0,0.0493795099147631,152
0,[],22,[],2019-03-17 12:53:00,0.0,0,0,6956301,2019-03-17 12:53:00,,0.0,0.0,0,,0.0,0.0,0.0,152
1,[],5,[],2019-03-17 12:53:02,0.0,0,0,6956302,2019-03-17 12:53:02,btc,0.0,0.0,0,btc,0.0,0.0,0.0,153
,[],16,[],2019-01-11 15:38:59,0.0,0,0,6366141,2019-01-11 15:38:59,btc,0.0,0.0,,btc,0.0,0.0,0.0,155
0,[],22,[],2019-03-17 12:53:05,0.0,0,0,6956303,2019-03-17 12:53:05,,6.74640151,0.0,0,,4675792.242592593,0.0,0.0,156
0,[],23,[],2019-01-20 23:24:29,0.0,0,0,6476932,2019-01-20 23:24:29,,0.0,0.0,0,,0.0,0.0,0.0,156
1,[],22,[],2019-03-17 12:53:07,7073.8,0.00005300,0.0000000021045558,6956304,2019-03-17 12:53:07,BTC,1.79802465,0.0,0.00005300,BTC,802.6461988741639,0.0,0.00104336,157
0,[],22,[],2019-03-17 12:53:18,0.0,0,0,6956305,2019-03-17 12:53:18,,50175.67608608,0.0,0,,54079135.04179466,0.0,0.0,158
,[],17,[],2018-11-20 22:56:10,0.0,0,0,4861976,2018-11-20 22:56:10,btc,1.1265625,0.0,,btc,1000.0,0.0,0.0,159
,[],20,[],2018-11-20 22:56:12,0.0,0,0,4861977,2018-11-20 22:56:12,btc,11912.7940471,0.0,,btc,34413894.3617,0.0,0.0,159
1,[],12,[],2019-03-17 12:53:19,421701.40838945,0.000007220000000000000329731901504981550488082575611770153045654296875,0.00000000028669609200000005,6956306,2019-03-17 12:53:19,btc,12.667171092765194,0.0,0.000007220000000000000329731901504981550488082575611770153045654296875,btc,7885.36017584,0.0021013473994528,0.1401882045601791,168
1,[],17,[],2019-03-17 12:53:31,29784.95,0.000001,0.0000000000397086,6956307,2019-03-17 12:53:31,btc,0.03026736251542,0.0,0.000001,btc,144.46171372,0.0,0.00716147,168
0,[],22,[],2019-03-17 12:46:04,0.0,0,0,6956126,2019-03-17 12:46:04,,45.65713776,0.0,0,,516897.19471078104,0.0,0.0,169
1,[],22,[],2019-03-17 12:53:35,199651.0,0.00000007,0.0000000000027796020000000003,6956308,2019-03-17 12:53:35,BTC,14.35309206,0.0,0.00000007,BTC,170481.20365968585,4.29e-05,0.00220112,171
1,[],22,[],2019-03-17 12:53:38,524000.0,0.00000003,0.000000000001191258,6956309,2019-03-17 12:53:38,BTC,1.98634124,0.0,0.00000003,"BTC,LTC",374838.1176884723,0.00111455,0.01384,173
1,[],5,[],2019-03-17 12:53:40,0.0,0,0,6956310,2019-03-17 12:53:40,btc,0.0,0.02052868,0,btc,0.0,0.0,0.0,175
1,[],22,[],2019-03-17 12:53:43,25223.727272727272,0.00000011,0.000000000004367946,6956311,2019-03-17 12:53:43,BTC,0.54443778,0.0,0.00000011,BTC,138326.41665725366,0.00137505,0.00081961,176
1,[],7,[],2019-03-17 12:53:45,0.0,0,0,6956312,2019-03-17 12:53:45,btc,410194.2848609461,24937998.9011,0,btc,92090346.79935454,0.24937999,0.0,178
0,[],22,[],2019-03-17 12:53:47,0.0,0,0,6956313,2019-03-17 12:53:47,,1.00242438,0.0,0,,57522.0,0.0,0.0,178
0,[],2,[],2019-01-20 23:28:34,0.0,0,0,6477001,2019-01-20 23:28:34,,0.0,0.0,0,,0.0,0.0,0.0,178
1,[],5,[],2019-03-17 12:53:48,0.0,0,0,6956314,2019-03-17 12:53:48,btc,0.0,0.02107606,0,btc,0.0,0.0,0.0,179
1,[],22,[],2019-03-17 12:53:51,6847934.5,0.00000002,0.0000000000007941720000000001,6956315,2019-03-17 12:53:51,BTC,5.63218152,0.0,0.00000002,"BTC,LTC",17390276.489868753,0.00038343,0.37189941,179
0,[],23,[],2019-01-20 23:25:08,0.0,0,0,6476952,2019-01-20 23:25:08,,0.0,0.0,0,,0.0,0.0,0.0,179
1,[],17,[],2019-03-17 12:53:52,10504.725,0.0000001,0.00000000000397086,6956316,2019-03-17 12:53:52,btc,5.201069583844334,0.0,0.0000001,btc,5033.45945,0.0,0.0010504725,180
1,[],22,[],2019-03-17 12:53:54,665594.7153409091,0.00000160,0.00000000006353376,6956317,2019-03-17 12:53:54,BTC,37.96228599,0.0,0.00000160,"BTC,LTC",84816.25509040878,0.00562876,0.57082369,180
1,[],26,[],2019-03-17 12:53:55,0.0,0.00000125,0.000000000049635750000000005,6956318,2019-03-17 12:53:55,btc,0.0,5104.8,0.00000125,btc,0.0,0.0,0.0,180
,[],7,[],2018-11-20 22:58:01,562227.975654,0.00000085,0.000000000036176765,4862015,2018-11-20 22:58:01,btc,21836.6059674,2491.87645172,,btc,749999.041456,0.00211021,0.127565380455,183
,[],5,[],2019-01-10 08:11:41,0.0,0,0,6347036,2019-01-10 08:11:41,btc,82.15055501,0.00261,,btc,1.19002445,0.0,0.0,187
1,[],24,[],2019-03-17 12:53:55,0.0,0.000000000001,3.97086e-17,6956319,2019-03-17 12:53:55,btc,0.0,0.0,0.000000000001,btc,0.0,0.0,0.0,187
,[],17,[],2018-11-16 20:58:10,4062536.27273,0.00000001,0.000000000000550501,4708775,2018-11-16 20:58:10,btc,3.36492563466,0.195460381006,,"btc,eth",110697919.549,0.0,0.0157628953496,187
1,[],22,[],2019-03-17 12:53:58,13812.0,0.00000001,0.00000000000039708600000000004,6956320,2019-03-17 12:53:58,BTC,7.56699454,0.0,0.00000001,BTC,79361.7243344055,3e-05,0.00013812,191
0,[],22,[],2019-03-17 12:54:01,0.0,0,0,6956321,2019-03-17 12:54:01,,0.0,0.0,0,,0.0,0.0,0.0,197
0,[],23,[],2019-01-20 23:31:41,0.0,0,0,6477079,2019-01-20 23:31:41,,0.0,0.0,0,,0.0,0.0,0.0,199
0,[],22,[],2019-03-17 12:54:12,0.0,0,0,6956322,2019-03-17 12:54:12,,5.28896145,0.0,0,,23514884.0,0.0,0.0,199
1,[],26,[],2019-03-17 12:54:12,0.0,0.00000000,0,6956323,2019-03-17 12:54:12,btc,0.0,129333.0,0.00000000,btc,0.0,0.0,0.0,199
0,[],2,[],2019-01-20 23:30:49,0.0,0,0,6477059,2019-01-20 23:30:49,,0.0,0.0,0,,0.0,0.0,0.0,201
1,[],4,[],2019-01-25 15:51:35,2084389.58565343,0.00000936,0.000000000333526752,6499557,2019-01-25 15:51:35,btc,2.0092503037378524,0.0,0.00000936,btc,160195.80207885,0.19272417,1.242687955921835,211
1,[],7,[],2019-03-17 12:54:17,3532043.66297654,0.00000110000000000000005610204141526242693771564518101513385772705078125,0.00000000004367946,6956324,2019-03-17 12:54:17,btc,15476656.422717858,1127341.77862,0.00000110000000000000005610204141526242693771564518101513385772705078125,btc,14354836.19430354,0.0,2.8197022409995416,212
1,[],5,[],2019-03-17 12:54:19,0.0,0,0,6956325,2019-03-17 12:54:19,btc,0.0,0.27781946,0,btc,0.0,0.0,0.0,213
1,[],24,[],2019-03-17 12:54:19,0.0,0.000000220000,0.000000000008735892,6956326,2019-03-17 12:54:19,btc,0.0,0.0,0.000000220000,btc,0.0,0.0,0.0,213
1,[],26,[],2019-03-17 12:54:19,0.0,0.00000040,0.00000000001588344,6956327,2019-03-17 12:54:19,btc,0.0,0.0,0.00000040,btc,0.0,0.0,0.0,213
1,[],12,[],2019-01-25 02:44:32,207462.42853209,0.000001080000000000000035831255497387193287295303889550268650054931640625,0.000000000038610756000000006,6493050,2019-01-25 02:44:32,btc,85023.03793723314,0.0,0.000001080000000000000035831255497387193287295303889550268650054931640625,btc,43675.73520027,0.000146250909087,0.0348620860622024,213
1,[],22,[],2019-03-17 12:54:22,25000.0,0.00000001,0.00000000000039708600000000004,6956328,2019-03-17 12:54:22,BTC,2.28287774,0.0,0.00000001,BTC,570573.3963726171,0.00815056,0.00025,216
1,[],27,[],2019-03-17 12:54:24,1233122.0,0.00000003,0.000000000001191258,6956329,2019-03-17 12:54:24,btc,316.9780375147724,0.0,0.00000003,"btc,ltc",245929.924324,0.0,0.03375764000007608,216
1,[],22,[],2019-03-17 12:54:27,187209.46956521738,0.00000115,0.00000000004566489,6956330,2019-03-17 12:54:27,BTC,12543.65853096,0.0,0.00000115,BTC,457138.8895258031,0.00988187,0.16028265,217
1,[],7,[],2019-03-17 12:54:28,0.0,0,0,6956331,2019-03-17 12:54:28,btc,77969.33758672446,0.0,0,btc,135812411.7426053,0.0,0.0,219
0,[],27,[],2019-03-17 12:54:30,0.0,0,0,6956332,2019-03-17 12:54:30,,0.0404796,0.0,0,btc,2057905.0,0.0,0.0,219
0.0000000000000052,[],28,[],2019-03-17 12:54:32,170722989.525,2.6e-18,1.0324236000000001e-22,6956333,2019-03-17 12:54:32,doge,115321.1607606176,14305.0,0.00050000,"btc,doge",8231923.91281,0.0,1.735449385700524e-11,219
1,[],22,[],2019-03-17 12:47:04,405411.0,0.00000008,0.0000000000031824000000000003,6956152,2019-03-17 12:47:04,BTC,18.10485893,0.0,0.00000008,BTC,93194.54541875875,0.0012734,0.01918633,221
1,[],24,[],2019-03-17 12:47:04,0.0,0.000000200000,0.000000000007956,6956153,2019-03-17 12:47:04,btc,0.0,0.0,0.000000200000,btc,0.0,0.0,0.0,221
1,[],20,[],2019-03-17 12:54:35,45327792.7453,0.000000003,0.00000000000011912580000000002,6956334,2019-03-17 12:54:35,btc,49.3985579324206,705263.8875,0.000000003,btc,14926012.8477,0.005565757,0.0532665366853,224
0,[],22,[],2019-03-17 12:54:37,0.0,0,0,6956335,2019-03-17 12:54:37,,0.0,0.0,0,,0.0,0.0,0.0,224
1,[],26,[],2019-03-17 12:54:37,0.0,0.00000022,0.000000000008735892,6956336,2019-03-17 12:54:37,btc,0.0,0.0,0.00000022,btc,0.0,0.0,0.0,231
1,[],26,[],2019-03-17 12:54:37,0.0,0.00000005,0.00000000000198543,6956337,2019-03-17 12:54:37,btc,0.0,0.0,0.00000005,btc,0.0,0.0,0.0,234
0.0000000003481994,[],27,[],2019-03-17 12:54:41,2000.0,3.481994e-18,1.382651069484e-22,6956338,2019-03-17 12:54:41,eth,0.01134836604,0.0,0.00000001,"btc,eth",11462.996,0.0,6.963988e-15,234
1,[],4,[],2019-03-17 12:47:12,974885.02516413,0.00000087,0.000000000034608600000000003,6956159,2019-03-17 12:47:12,btc,3.8296451945722834,0.0,0.00000087,btc,1117097.72223837,0.05825083,0.3378013325131137,236
1,[],24,[],2019-03-17 12:47:12,0.0,0.000000500000,0.000000000019890000000000002,6956160,2019-03-17 12:47:12,btc,0.0,0.0,0.000000500000,btc,0.0,0.0,0.0,236
1,[],20,[],2019-03-17 12:47:13,218921018.7,0.000000043,0.00000000000171054,6956161,2019-03-17 12:47:13,btc,92.6485128665479,6342089.8784,0.000000043,btc,31650048.6778,0.3034057312808,0.4207912256477,237
0.0000000001522154,[],22,[],2019-03-17 12:47:16,751594.9,2.5876618e-17,1.0293718640400001e-21,6956162,2019-03-17 12:47:16,LTC,1.20370855,0.0,0.00000017,LTC,18673.0,0.0,0.12541949,237
1,[],4,[],2019-03-17 12:54:42,10209164.04831019,0.00000037,0.000000000014692182,6956339,2019-03-17 12:54:42,btc,5.9549659878289285,0.0,0.00000037,btc,8167949.87887228,1.27952292,2.8434496108520735,238
1,[],5,[],2019-03-17 12:54:44,0.0,0,0,6956340,2019-03-17 12:54:44,btc,0.0,0.03036643,0,btc,0.0,0.0,0.0,238
0,[],22,[],2019-03-12 16:49:32,0.0,0,0,6914458,2019-03-12 16:49:32,,0.40415746,0.0,0,,526736.5639027493,0.0,0.0,249
0.0000000001521731,[],22,[],2019-03-17 12:54:47,48086691.666666664,4.565193e-18,1.812774227598e-22,6956341,2019-03-17 12:54:47,LTC,0.95711324,0.0,0.00000003,LTC,18565111.353636365,0.0,1.04160377,252
1,[],28,[],2019-03-17 12:54:49,1861272.998,0.0000007,0.00000000002779602,6956342,2019-03-17 12:54:49,btc,164780.49773727774,53771.3,0.0000007,btc,563792.1652,0.0,0.5573766214,256
1,[],22,[],2019-03-17 12:54:51,1333337.6666666667,0.00000003,0.000000000001191258,6956343,2019-03-17 12:54:51,BTC,31.89447454,0.0,0.00000003,BTC,807234.6123923111,5.961e-05,0.01893305,258
1,[],22,[],2019-03-13 00:07:30,47146.0,0.00000001,0.000000000000387233,6917028,2019-03-13 00:07:30,BTC,2.415167,0.0,0.00000001,BTC,157.0,0.0,0.00047146,259
1,[],5,[],2019-03-17 12:47:34,0.0,0,0,6956167,2019-03-17 12:47:34,btc,0.0,0.19588128,0,btc,0.0,0.0,0.0,264
1,[],20,[],2019-03-17 12:47:36,1295254.569,0.00000201,0.0000000000799578,6956168,2019-03-17 12:47:36,btc,7.1770205614924,9545.234,0.00000201,btc,93115.7198,0.0265049011986,0.031696667787,264
0,[],22,[],2019-03-17 12:54:53,0.0,0,0,6956344,2019-03-17 12:54:53,,8.75669439,0.0,0,,483745.2241309945,0.0,0.0,271
0,[],22,[],2019-03-17 12:54:55,0.0,0,0,6956345,2019-03-17 12:54:55,,111821.87121834,0.0,0,,14098217297.692,0.0,0.0,272
0.0000000000000052,[],28,[],2019-03-17 12:54:59,206317293566.671,3.848e-21,1.527986928e-25,6956346,2019-03-17 12:54:59,doge,147653686.64383712,83958985.959,0.00000074,doge,246822028812.2514,0.0,5.320051861620695e-10,272
1,[],22,[],2019-03-17 12:47:46,132350.78,0.0000006,0.000000000023868,6956172,2019-03-17 12:47:46,BTC,274.68674421,0.0,0.0000006,"BTC,LTC",184722.3692089055,0.00376662,0.04297978,281
1,[],22,[],2019-03-17 12:55:03,249692.0,0.00000005,0.00000000000198543,6956347,2019-03-17 12:55:03,BTC,1.28176528,0.0,0.00000005,BTC,248326.14279382362,0.02388464,0.00732652,286
0,[],22,[],2019-03-17 12:55:05,0.0,0,0,6956348,2019-03-17 12:55:05,,1044639.32963875,0.0,0,,752698718.0,0.0,0.0,294
