pairValue,buyBook,exchangeId,sellBook,updated,buyTotal,satoshiPrice,usdPrice,exchangeLogId,created,bestPair,sellTotalBtc,volume,pairPrice,activePairs,sellTotal,volumeBtc,buyTotalBtc,coinId
1,[],3,[],2019-07-05 10:38:43,0.0,0.007562250000000000395294907917786986217834055423736572265625,0.00000085638397635,7798806,2019-07-05 10:38:43,btc,0.0,79.4484124027,0.007562250000000000395294907917786986217834055423736572265625,btc,0.0,0.0,0.0,1
1,[],4,[],2019-07-05 10:38:44,672925.9524205,0.00790001,0.000000894633472446,7798807,2019-07-05 10:38:44,btc,9.137776605194755,0.0,0.00790001,btc,393.73649423,4.47091988,2.9138496220475103,1
1,[],5,[],2019-07-05 10:38:46,0.0,0,0,7798808,2019-07-05 10:38:46,btc,0.0,0.00023335,0,btc,0.0,0.0,0.0,1
1,[],10,[],2019-07-05 10:38:49,246937.38743005,0.00255958,0.000000289858613268,7798809,2019-07-05 10:38:49,btc,6525.02149199297,1293.97922274,0.00255958,btc,1899.34527251,0.0,1.3453103724794861,1
1,[],12,[],2019-07-05 10:38:51,91.72278633,0.007810000000000000101862962509358112583868205547332763671875,0.0000008844403259999999,7798810,2019-07-05 10:38:51,btc,0.6117250648811999,0.0,0.007810000000000000101862962509358112583868205547332763671875,btc,24.499226359999998,1.251814246571,0.19145732612049998,1
1,[],20,[],2019-07-05 10:38:53,928.4731,0.007639349,0.0000008651150217654,7798811,2019-07-05 10:38:53,btc,0.1477824091492,0.7246,0.007639349,btc,11.0131,0.006014086542,0.1252810273791,1
1,[],21,[],2019-07-05 10:38:55,2753.6313907,0.007853469999999999548445650532,0.0000008893630687619999,7798812,2019-07-05 10:38:55,btc,7.98537860713416,4508.5593862,0.00785346999999999954844565053235783125273883342742919921875,"btc,eth",1472.95671322,32.324039269123084,15.904750730544905,1
1,[],22,[],2019-07-05 10:39:04,1.1199,0.00200000,0.0000002264892,7798813,2019-07-05 10:39:04,BTC,0.01667896,0.0,0.00200000,BTC,0.2541810146658512,0.0,0.00197189,1
1,[],24,[],2019-07-05 10:39:04,0.0,0.000000000000,0,7798814,2019-07-05 10:39:04,btc,0.0,0.0,0.000000000000,btc,0.0,0.0,0.0,1
0.0,[],25,[],2019-07-05 10:39:19,0.0,0,0,7798815,2019-07-05 10:39:19,btc,24.377099998959817,4989.69406857,0.0,btc,2997.78705368,39.2,0.0,1
1,[],26,[],2019-07-05 10:39:21,0.0,0,0,7798816,2019-07-05 10:39:21,,0.0,0.0,0,,0.0,0.0,0.0,1
1,[],28,[],2019-07-05 10:39:32,1040.923,0.00730000,0.00000082668558,7798817,2019-07-05 10:39:32,btc,0.373339197,117200.0119,0.00730000,btc,23.6711,0.0,0.26805679046,1
0,[],2,[],2019-01-20 23:28:45,0.0,0,0,6477011,2019-01-20 23:28:45,,0.0,0.0,0,,0.0,0.0,0.0,1
1,[],5,[],2019-07-05 10:39:34,0.0,0,0,7798818,2019-07-05 10:39:34,btc,0.0,0.05492867,0,btc,0.0,0.0,0.0,2
1,[],22,[],2019-07-05 10:39:42,11550.3,0.0000002,0.000000000022648919999999998,7798819,2019-07-05 10:39:42,BTC,21.00878619,0.0,0.0000002,"BTC,XMR",19931.59287795317,0.0,0.00143681,2
1,[],5,[],2019-06-03 14:48:58,0.0,0,0,7731126,2019-06-03 14:48:58,btc,0.0,0.05905545,0,btc,0.0,0.0,0.0,3
1,[],12,[],2019-06-03 14:48:59,3468623.70302,0.000000116,0.000000000009823402000000002,7731127,2019-06-03 14:48:59,btc,169531.0336573751,0.0,0.000000116,btc,2361209.62379607,0.041350953071,0.33764769154428,3
0,[],28,[],2019-06-03 14:49:00,0.0,0,0,7731128,2019-06-03 14:49:00,,0.0,0.0,0,,0.0,0.0,0.0,3
0,[],2,[],2019-01-20 23:31:32,0.0,0,0,6477077,2019-01-20 23:31:32,,0.0,0.0,0,,0.0,0.0,0.0,4
1,[],4,[],2019-05-18 21:29:50,562734.9206932,0.00000010,0.000000000007298720000000001,7650946,2019-05-18 21:29:50,btc,41.9347137769675,0.0,0.00000010,btc,1123702.32192634,0.00052462,0.029254593370966,4
0,[],12,[],2019-06-02 05:03:43,0.0,0,0,7724919,2019-06-02 05:03:43,btc,625.901992874995,0.0,0,btc,1211362.4995005,0.0,0.0,5
0,[],2,[],2019-01-20 23:31:51,0.0,0,0,6477087,2019-01-20 23:31:51,,0.0,0.0,0,,0.0,0.0,0.0,6
1,[],11,[],2019-07-03 09:34:02,4305910.27673599,0.00000001,0.000000000001114197,7791170,2019-07-03 09:34:02,btc,9583.61440324221,317319.0,0.00000001,btc,78212351.53970686,0.0,0.0430591027673599,6
1,[],3,[],2019-07-05 10:39:43,14327.646462581413,0.000063109999999999997154741249172360539887449704110622406005859375,0.000000007146866705999999,7798820,2019-07-05 10:39:43,btc,1028.151420117773,553.35873875,0.000063109999999999997154741249172360539887449704110622406005859375,btc,442.502848704402,0.0,0.022264545190776672,7
1,[],4,[],2019-07-05 10:39:44,325496.64282705,0.00006843,0.000000007749327977999999,7798821,2019-07-05 10:39:44,btc,6.4805769036633265,0.0,0.00006843,btc,52407.1065937,1.83220938,2.6249342327511305,7
1,[],5,[],2019-07-05 10:39:45,0.0,0,0,7798822,2019-07-05 10:39:45,btc,0.0,0.06659,0,btc,0.0,0.0,0.0,7
1,[],20,[],2019-04-07 22:06:50,3201475.0482,0.000000001,0.000000000000051590000000000004,7213932,2019-04-07 22:06:50,btc,30.8005781811902,0.0,0.000000001,btc,23077405.3926,0.0,0.0032014750482,8
1,[],4,[],2019-07-05 10:39:47,1684949.52995483,0.00000041,0.000000000046430286,7798823,2019-07-05 10:39:47,btc,3.0075834125332,0.0,0.00000041,btc,3218010.56726581,0.27497783,0.2488918663451149,9
1,[],28,[],2019-07-05 10:39:49,20043.809,0.00000042,0.000000000047562731999999996,7798824,2019-07-05 10:39:49,btc,2708.795936875,129669.0,0.00000042,btc,60856.555,0.0,0.00270157978,9
0,[],2,[],2019-01-20 23:22:42,0.0,0,0,6476876,2019-01-20 23:22:42,,0.0,0.0,0,,0.0,0.0,0.0,9
0,[],23,[],2019-01-20 23:22:48,0.0,0,0,6476878,2019-01-20 23:22:48,,0.0,0.0,0,,0.0,0.0,0.0,9
1,[],1,[],2019-02-17 23:31:42,1822507.21,0.00000181000000000000003456111265232042484285557293333113193511962890625,0.000000000066086901,6701244,2019-02-17 23:31:42,btc,3.6990969245,17153386.5,0.00000181000000000000003456111265232042484285557293333113193511962890625,btc,1997391.71,31.11772986,3.2610482446,9
1,[],4,[],2019-02-17 11:22:43,4341674.27126056,0.00000002,0.0000000000007272960000000001,6696112,2019-02-17 11:22:43,btc,0.1997230937751353,0.0,0.00000002,btc,4109766.79808031,0.00215132,0.0479381022052112,10
1,[],4,[],2019-07-05 10:39:50,27956483.29703232,0.00000020,0.000000000022648919999999998,7798825,2019-07-05 10:39:50,btc,7.50007446787364,0.0,0.00000020,btc,10007717.00421574,0.5714316,1.6474736959612053,12
1,[],5,[],2019-07-05 10:39:51,0.0,0,0,7798826,2019-07-05 10:39:51,btc,0.0,0.13786331,0,btc,0.0,0.0,0.0,12
0.0,[],25,[],2019-07-05 10:39:53,0.0,0,0,7798827,2019-07-05 10:39:53,,0.0,0.0,0.0,btc,0.0,0.0,0.0,12
0,[],2,[],2019-01-20 23:23:08,0.0,0,0,6476890,2019-01-20 23:23:08,,0.0,0.0,0,,0.0,0.0,0.0,12
1,[],4,[],2019-07-03 05:13:15,584689.47355813,0.00000244,0.0000000002788066,7790600,2019-07-03 05:13:15,btc,2.1849123684917955,0.0,0.00000244,btc,410884.35721095,0.22629225,0.257981043015862,13
1,[],21,[],2019-07-03 05:13:19,5464503.61926811,0.000002560000000000000053561755725,0.0000000002925184,7790601,2019-07-03 05:13:19,btc,2.210907882880977,615243.9733135,0.0000025600000000000000535617557251288900488361832685768604278564453125,btc,645862.4277429,1.61860588,2.668924574171489,13
1,[],10,[],2019-07-03 04:50:28,599111.48051128,0.00000253,0.000000000286717816,7790504,2019-07-03 04:50:28,btc,666798.5185763352,11564.1307772,0.00000253,btc,1070197.84077692,0.0,0.2329213413435623,13
1,[],4,[],2019-07-05 10:39:54,1063771.87014268,0.00000031,0.000000000035105825999999997,7798828,2019-07-05 10:39:54,btc,3.0811477353279364,0.0,0.00000031,btc,1543758.54161957,0.01291584,0.0894448807267074,14
1,[],12,[],2019-07-05 10:39:55,233209.19766165,0.00000036,0.000000000040768055999999994,7798829,2019-07-05 10:39:55,btc,186.36418249580177,0.0,0.00000036,btc,46980.13063194,2.49e-06,0.0157996999999923,14
1,[],26,[],2019-07-05 10:41:55,0.0,0.00000050,0.0000000000566223,7798830,2019-07-05 10:41:55,btc,0.0,0.0,0.00000050,btc,0.0,0.0,0.0,14
0,[],17,[],2019-05-03 00:53:32,0.0,0,0,7558876,2019-05-03 00:53:32,btc,0.0,0.0,0,btc,0.0,0.0,0.0,14
0,[],4,[],2019-07-05 10:41:56,0.0,0,0,7798831,2019-07-05 10:41:56,,0.0,0.0,0,,0.0,0.0,0.0,15
,[],12,[],2018-12-01 15:15:48,204241.84496,0.00000489,0.000000000202473384,5260204,2018-12-01 15:15:48,btc,49.5475654835,0.0,,btc,35763.2193806,0.0163153972027625,0.0203389899998,15
1,[],4,[],2019-07-05 10:41:58,32556.03751938,0.00000825,0.0000000009342679499999999,7798832,2019-07-05 10:41:58,btc,2.364176750501426,0.0,0.00000825,btc,16765.21199568,0.04402979,0.0531518218155032,18
1,[],10,[],2019-07-05 10:42:00,398316.97761594,0.00000865,0.00000000097956579,7798833,2019-07-05 10:42:00,btc,15.05716541550121,4175.03191375,0.00000865,btc,18392.33129305,0.0,0.2782174682604814,18
1,[],12,[],2019-07-05 10:42:01,2154.34649344,0.000008240000000000000728267272875893212358278105966746807098388671875,0.000000000933135504,7798834,2019-07-05 10:42:01,btc,0.5284055036763554,0.0,0.000008240000000000000728267272875893212358278105966746807098388671875,btc,1921.04099671,6.585071e-06,0.0043953883709385,18
0,[],2,[],2019-01-20 23:23:38,0.0,0,0,6476906,2019-01-20 23:23:38,,0.0,0.0,0,,0.0,0.0,0.0,18
0,[],17,[],2019-05-03 00:53:39,0.0,0,0,7558882,2019-05-03 00:53:39,btc,0.0,0.0,0,btc,0.0,0.0,0.0,18
0,[],2,[],2019-01-20 23:24:19,0.0,0,0,6476924,2019-01-20 23:24:19,,0.0,0.0,0,,0.0,0.0,0.0,19
1,[],3,[],2019-07-05 10:18:04,161919.00326820998,0.000007960000000000000020959796398489771718232077546417713165283203125,0.0000000008988185240000001,7798721,2019-07-05 10:18:04,btc,190.32667341167897,15869.4279348,0.000007960000000000000020959796398489771718232077546417713165283203125,btc,18638.494045740634,0.0,0.1098897246503728,19
1,[],4,[],2019-07-05 10:18:05,290549.39635139,0.00000641,0.0000000007237973290000001,7798722,2019-07-05 10:18:05,btc,2.5939946327865404,0.0,0.00000641,btc,169015.7410909,0.58842789,1.2036801045043692,19
1,[],5,[],2019-07-05 10:18:06,0.0,0,0,7798723,2019-07-05 10:18:06,btc,0.0,0.0,0,btc,0.0,0.0,0.0,19
1,[],12,[],2019-07-05 10:18:08,107409.81575418,0.00000581000000000000027707003358301562911947257816791534423828125,0.0000000006560471890000001,7798724,2019-07-05 10:18:08,btc,0.3675242210119187,0.0,0.00000581000000000000027707003358301562911947257816791534423828125,btc,2866.76155455,0.0,0.0102080399998061,19
0,[],27,[],2019-07-05 10:18:14,0.0,0,0,7798725,2019-07-05 10:18:14,,0.0,0.0,0,btc,0.0,0.0,0.0,19
1,[],4,[],2019-07-05 10:18:16,9925191.09278478,0.00000005,0.000000000005645845,7798726,2019-07-05 10:18:16,btc,5.162858526649613,0.0,0.00000005,btc,2244806.83713707,0.0,0.1102994166205056,20
0,[],4,[],2019-07-03 05:17:38,0.0,0,0,7790614,2019-07-03 05:17:38,,13630.874493644571,0.0,0,,166276624.1737067,0.0,0.0,21
0,[],12,[],2019-07-03 05:17:41,0.0,0,0,7790615,2019-07-03 05:17:41,btc,2602.9596941675427,0.0,0,btc,9905024.55244751,3.996e-08,0.0,21
0,[],17,[],2019-05-03 00:53:51,0.0,0,0,7558891,2019-05-03 00:53:51,btc,0.0,0.0,0,btc,0.0,0.0,0.0,21
1,[],12,[],2019-07-05 10:18:18,7280419991.864567,0.0000000006,0.00000000000006775014,7798727,2019-07-05 10:18:18,btc,1426620318772.977,0.0,0.0000000006,btc,3300503854.735262,0.090628930382,2.617675598845483,23
0.0000000002597766,[],27,[],2019-07-05 10:18:23,101145216.56843147,1.298883e-16,1.4666584182270002e-20,7798728,2019-07-05 10:18:23,eth,11368.314997905427,16485404.44455545,0.0000005,eth,13231117.9468152,2.141261157524052e-09,9.25222639946072e-09,23
1,[],4,[],2019-06-22 05:45:29,6100414.07522138,0.00000017,0.00000000001823352,7751732,2019-06-22 05:45:29,btc,10.22685272773715,0.0,0.00000017,btc,1790815.48208265,0.0,0.1345450262400025,24
0,[],22,[],2019-06-22 05:45:31,0.0,0,0,7751733,2019-06-22 05:45:31,,6.22e-05,0.0,0,,517.4264705882352,0.0,0.0,24
0.0,[],25,[],2019-06-22 05:45:32,0.0,0,0,7751734,2019-06-22 05:45:32,,0.0,0.0,0.0,btc,0.0,0.0,0.0,24
0,[],2,[],2019-01-20 23:25:56,0.0,0,0,6476976,2019-01-20 23:25:56,,0.0,0.0,0,,0.0,0.0,0.0,26
1,[],4,[],2019-07-05 10:18:25,26989625.4854712,0.00000326,0.00000000036810909400000004,7798729,2019-07-05 10:18:25,btc,6.07228741901561,0.0,0.00000326,btc,203374.5218212,0.0619201,0.5092229721936831,26
1,[],10,[],2019-07-05 10:18:27,227963.91493326,0.0000033,0.00000000037262577000000006,7798730,2019-07-05 10:18:27,btc,26.16854447337019,8372.13228465,0.0000033,btc,21031.0219544,0.0,0.0487595895951209,26
1,[],5,[],2019-04-26 09:47:06,0.0,0,0,7465326,2019-04-26 09:47:06,btc,0.0,0.0,0,btc,0.0,0.0,0.0,27
1,[],3,[],2019-06-17 14:30:26,13571825.64059417,0.00000001,0.00000000000092914,7740112,2019-06-17 14:30:26,btc,3.485049956644059,4264730.43754,0.00000001,btc,23500048.28518193,0.0,0.1357182564059417,27
1,[],11,[],2019-06-17 14:30:28,2031833.58157834,0.00000001,0.00000000000092914,7740113,2019-06-17 14:30:28,btc,67502.92060589766,32677.9652116,0.00000001,btc,6487362.95640949,0.0,0.0203183358157834,27
0.00000000010668159999999999,[],4,[],2019-07-05 10:18:28,543874171.2764813,8.3211648e-17,9.3960013360512e-21,7798731,2019-07-05 10:18:28,ltc,10.863863916616223,0.0,0.00000078,ltc,693033431.5411391,0.002096,1.2225209279253118e-08,29
1,[],7,[],2019-07-05 10:18:50,0.0,0,0,7798732,2019-07-05 10:18:50,btc,46548272.69402292,522107.892108,0,btc,56666342.91508113,0.00522108,0.0,29
0,[],17,[],2019-05-03 01:11:25,0.0,0,0,7559066,2019-05-03 01:11:25,btc,0.0,0.0,0,btc,0.0,0.0,0.0,30
1,[],4,[],2019-07-05 10:18:51,15158912.64086708,0.00000004,0.000000000004516676000000001,7798733,2019-07-05 10:18:51,btc,2.573393984778842,0.0,0.00000004,btc,2249253.14278687,0.0,0.1662822053373416,30
1,[],4,[],2019-07-05 10:20:52,244478.05648198,0.00003060,0.0000000034552571400000004,7798734,2019-07-05 10:20:52,btc,3.0891931024653085,0.0,0.00003060,btc,53247.00166973,0.30570331,0.9351182232477345,31
1,[],21,[],2019-07-05 10:20:53,674054.86954657,0.00003215000000000000219798138024,0.0000000036302783350000005,7798735,2019-07-05 10:20:53,btc,3.3372783844499585,36721.79640131,0.0000321500000000000021979813802364134289746289141476154327392578125,btc,79454.14855813,1.20233698,2.5251351217838587,31
0,[],2,[],2019-01-20 23:28:43,0.0,0,0,6477009,2019-01-20 23:28:43,,0.0,0.0,0,,0.0,0.0,0.0,32
1,[],12,[],2019-03-30 07:55:10,40641173.964,0.00000003,0.000000000001228359,7108785,2019-03-30 07:55:10,btc,4233210.82356125,0.0,0.00000003,btc,28378394.68333462,0.0126927883965248,0.90752895892,33
0,[],4,[],2019-07-05 10:20:55,0.0,0,0,7798736,2019-07-05 10:20:55,,0.0,0.0,0,,0.0,0.0,0.0,33
0.00000000010668159999999999,[],4,[],2019-07-05 10:20:56,148549186.65400797,4.1605824e-17,4.6980006680256e-21,7798737,2019-07-05 10:20:56,ltc,4.576089320930708,0.0,0.00000039,ltc,170271053.5480005,0.0,6.133189388151157e-10,34
1,[],5,[],2019-07-05 10:20:58,0.0,0,0,7798738,2019-07-05 10:20:58,btc,0.0,0.0,0,btc,0.0,0.0,0.0,34
0.0000000002926451,[],17,[],2019-05-02 18:17:47,200000.0,2.9264510000000002e-18,1.596703856561e-22,7556430,2019-05-02 18:17:47,eth,0.20942468735267253,0.0,0.00000001,"btc,eth",1018272.20243647,0.0,5.852902e-13,36
0.0000000001311821,[],4,[],2019-05-31 13:28:19,2417517744.0607657,1.311821e-18,1.105058333085e-22,7717483,2019-05-31 13:28:19,ltc,5.019900492391546e-08,0.0,0.00000001,ltc,7102398142.262129,0.0,3.171350544531538e-09,36
1,[],5,[],2019-05-31 13:28:21,0.0,0,0,7717484,2019-05-31 13:28:21,btc,0.0,0.0,0,btc,0.0,0.0,0.0,36
0.0000000003108179,[],27,[],2019-05-31 13:30:34,10388811.226876,6.216358000000001e-18,5.236566733830001e-22,7717485,2019-05-31 13:30:34,eth,1569.8708019850988,761866.634299,0.00000002,"ltc,eth",5084024.2511555,4.736034912207001e-12,3.3251980286483705e-11,36
1,[],4,[],2019-06-25 10:05:55,10747826.61931615,0.00000014,0.000000000015920562,7762320,2019-06-25 10:05:55,btc,19773.05513423956,0.0,0.00000014,btc,682946.14349671,0.0006293,0.1362851255028938,37
1,[],12,[],2019-06-25 10:05:57,4167862.54235103,0.00000013,0.000000000014783379,7762321,2019-06-25 10:05:57,btc,7.381091518261743,0.0,0.00000013,btc,1713444.53926904,0.016313049979,0.1478110147956336,37
1,[],27,[],2019-06-25 10:08:02,10970.0,0.00000019,0.000000000021606477,7762322,2019-06-25 10:08:02,btc,22.62970013895233,0.0,0.00000019,btc,4298.824295,0.0,0.00167419,37
1,[],17,[],2019-05-03 01:11:36,211752.74075282,0.00000025,0.000000000013700074999999998,7559074,2019-05-03 01:11:36,btc,0.055484923955058496,0.0,0.00000025,"btc,eth",1387.19918473,0.0,0.0005381851887916605,37
1,[],5,[],2019-07-05 10:21:00,0.0,0,0,7798739,2019-07-05 10:21:00,btc,0.0,0.15000212,0,btc,0.0,0.0,0.0,42
1,[],12,[],2019-07-05 10:21:01,193216.4995322,0.00000084,0.00000000009485019600000001,7798740,2019-07-05 10:21:01,btc,525.2589718324756,0.0,0.00000084,btc,150432.79734759,0.056653532513,0.0428267699999077,42
1,[],27,[],2019-07-05 10:21:09,14900.0,0.0000005,0.00000000005645845,7798741,2019-07-05 10:21:09,btc,0.16000285,0.0,0.0000005,"btc,eth",32.0,0.0,0.007402,42
1,[],12,[],2019-03-13 09:13:29,1112112.0,0.00000001,0.000000000000386531,6919902,2019-03-13 09:13:29,btc,29058.00478931866,0.0,0.00000001,btc,5967681.93306694,9.99000999e-07,0.01112112,43
1,[],5,[],2019-04-26 22:38:52,0.0,0,0,7474154,2019-04-26 22:38:52,btc,0.0,0.02638891,0,btc,0.0,0.0,0.0,43
0,[],17,[],2019-04-26 22:38:53,0.0,0,0,7474155,2019-04-26 22:38:53,btc,0.0,0.0,0,btc,0.0,0.0,0.0,43
1,[],12,[],2019-03-05 01:54:08,639326.02,0.00000004,0.000000000001486676,6845775,2019-03-05 01:54:08,btc,11116042.728239931,0.0,0.00000004,btc,1103841.4595604,0.0003330765234764,0.014975410599999999,44
0.00000000010668159999999999,[],4,[],2019-07-05 10:21:10,105790664.59975255,4.800672e-17,5.420770001568e-21,7798742,2019-07-05 10:21:10,ltc,1804.4173117779844,0.0,0.00000045,ltc,28400390.67363348,0.0,4.5878887476986515e-10,49
0.00000000010668159999999999,[],4,[],2019-07-05 10:21:11,317608205.98000884,2.5603584e-17,2.8910773341696e-21,7798743,2019-07-05 10:21:11,ltc,25191.980755183395,0.0,0.00000024,ltc,193337787.6981778,0.0,1.9666851807734755e-09,52
0,[],22,[],2019-07-05 10:21:14,0.0,0,0,7798744,2019-07-05 10:21:14,,10289.80784133,0.0,0,,287058287.4566013,0.0,0.0,57
0,[],27,[],2019-07-05 10:21:21,0.0,0,0,7798745,2019-07-05 10:21:21,,0.0,0.0,0,"btc,eth",0.0,0.0,0.0,57
1,[],17,[],2019-05-03 01:12:09,1200000.0,0.0000000001,0.00000000000000548003,7559085,2019-05-03 01:12:09,btc,1e+24,0.0,0.0000000001,"btc,eth",39516342.31952568,0.0,0.00010000000058666061,58
0,[],4,[],2019-07-05 10:21:22,0.0,0,0,7798746,2019-07-05 10:21:22,,19.719118123857893,0.0,0,,6108698378.36852,0.0,0.0,58
0,[],12,[],2019-07-05 10:21:23,0.0,0,0,7798747,2019-07-05 10:21:23,btc,658109582.2173797,0.0,0,btc,3919962525.753214,0.000301411389,0.0,58
0.0000000000783463,[],22,[],2019-07-05 10:23:26,126877.0,7.834630000000001e-19,8.846621322470001e-23,7798748,2019-07-05 10:23:26,XMR,68.17454206,0.0,0.00000001,XMR,9626402.6,0.0,0.00126877,58
1,[],5,[],2019-06-17 14:31:27,0.0,0,0,7740135,2019-06-17 14:31:27,btc,0.0,0.00079154,0,btc,0.0,0.0,0.0,61
1,[],22,[],2019-06-17 14:31:30,13612.833333333334,0.00000012,0.00000000001114968,7740136,2019-06-17 14:31:30,BTC,1002.29123003,0.0,0.00000012,BTC,15014.200177125656,0.0,0.00153257,61
1,[],26,[],2019-06-17 14:31:30,0.0,0.00000050,0.000000000046457,7740137,2019-06-17 14:31:30,btc,0.0,0.0,0.00000050,btc,0.0,0.0,0.0,61
1,[],27,[],2019-06-17 14:31:36,8400.0,0.00000018,0.00000000001672452,7740138,2019-06-17 14:31:36,btc,1.9742539297246655,0.0,0.00000018,"btc,eth",10953.51663696,0.0,0.001512,61
0,[],28,[],2019-06-17 14:31:38,0.0,0,0,7740139,2019-06-17 14:31:38,,0.0,0.0,0,,0.0,0.0,0.0,61
1,[],4,[],2019-07-05 10:23:28,1564792.96709295,0.00000042,0.000000000047425098000000005,7798749,2019-07-05 10:23:28,btc,3.333865844545087,0.0,0.00000042,btc,1296569.26440789,0.08044003,0.3318391549435904,67
0.0,[],25,[],2019-07-05 10:23:30,0.0,0,0,7798750,2019-07-05 10:23:30,,0.0,0.0,0.0,btc,0.0,0.0,0.0,67
1,[],12,[],2019-06-02 06:23:14,910048.355,0.00000006,0.000000000005154929999999999,7725270,2019-06-02 06:23:14,btc,5.167005424215783,0.0,0.00000006,btc,738530.60239759,0.003159757462,0.0187188113,71
,[],5,[],2018-11-20 23:02:39,1.5e-07,0.00000005,0.000000000002128045,4862160,2018-11-20 23:02:39,btc,2.84511358,0.0,,btc,0.00036572,0.0,0.07381892,74
1,[],5,[],2019-07-05 10:23:31,0.0,0,0,7798751,2019-07-05 10:23:31,btc,0.0,0.01601641,0,btc,0.0,0.0,0.0,75
1,[],4,[],2019-06-04 03:25:15,715281.46076168,0.00000001,0.000000000000803619,7734085,2019-06-04 03:25:15,btc,581089.6218469425,0.0,0.00000001,btc,37692563.61091116,0.0,0.0071528146076168,81
0,[],20,[],2019-01-25 09:30:31,0.0,0,0,6495923,2019-01-25 09:30:31,btc,0.0,0.0,0,btc,0.0,0.0,0.0,81
1,[],4,[],2019-07-05 10:23:32,185077.18407796,0.00006309,0.000000007123927221,7798752,2019-07-05 10:23:32,btc,59.22679667957582,0.0,0.00006309,btc,130674.07602608,0.48113007,0.33142529216812,82
1,[],21,[],2019-07-05 10:23:34,283527.27903986,0.00006305999999999999593939398190,0.000000007120539714,7798753,2019-07-05 10:23:34,btc,4.219682468616479,13543.26251069,0.000063059999999999995939393981903009489542455412447452545166015625,btc,47060.5041976,0.85990258,2.7434426344569474,82
0,[],17,[],2019-03-25 22:42:34,0.0,0,0,7038780,2019-03-25 22:42:34,btc,0.0445064681804024,0.0,0,btc,995513.18476001,0.0,0.0,84
0.0000000001161485,[],4,[],2019-05-20 13:09:39,216715621.0206096,1.161485e-18,9.0533806701e-23,7657228,2019-05-20 13:09:39,ltc,1.6511566870244727,0.0,0.00000001,ltc,471032407.9048656,0.0,2.5171194308112273e-10,85
,[],22,[],2018-11-20 23:09:34,3408.1,0.0000001,0.0000000000041895,4862324,2018-11-20 23:09:34,BTC,0.04624735,0.0,,BTC,4990.0,0.0,0.00033081,86
1,[],22,[],2019-07-05 10:23:37,27288.0,0.00000001,0.0000000000011291690000000002,7798754,2019-07-05 10:23:37,BTC,1.86394917,0.0,0.00000001,BTC,388878.94736842107,0.00014,0.00027288,87
1,[],27,[],2019-07-05 10:23:43,82056.3,0.00000006,0.0000000000067750140000000005,7798755,2019-07-05 10:23:43,btc,15.9747898956,7740.0,0.00000006,btc,643251.188,0.0004644,0.004461768,87
,[],2,[],2018-11-20 23:10:47,0.0,0,0,4862359,2018-11-20 23:10:47,,0.0,0.0,,,0.0,0.0,0.0,88
1,[],11,[],2019-06-17 14:31:59,193715.3529613,0.000073310000000000001140094962881477158589405007660388946533203125,0.00000000681152534,7740147,2019-06-17 14:31:59,btc,168.35454702024953,5791.70569014,0.000073310000000000001140094962881477158589405007660388946533203125,btc,196971.41170107,0.0,1.1996165759440112,89
0,[],2,[],2019-01-20 23:31:45,0.0,0,0,6477083,2019-01-20 23:31:45,,0.0,0.0,0,,0.0,0.0,0.0,91
0,[],17,[],2019-05-03 01:12:26,0.0,0,0,7559096,2019-05-03 01:12:26,btc,0.0,0.0,0,btc,0.0,0.0,0.0,91
1,[],12,[],2019-07-05 10:23:44,396344.13205125,0.00000027,0.000000000030487563000000005,7798756,2019-07-05 10:23:44,btc,121.18682089977179,0.0,0.00000027,btc,293960.61982937,1.89341e-05,0.0257518033538377,91
1,[],22,[],2019-07-05 10:25:48,75900.0,0.00000001,0.0000000000011291690000000002,7798757,2019-07-05 10:25:48,BTC,0.495,0.0,0.00000001,"BTC,LTC",4.95,0.0,0.001659,91
1,[],22,[],2019-07-05 10:25:53,94060.0,0.00000002,0.0000000000022583380000000003,7798758,2019-07-05 10:25:53,BTC,11.52307074,0.0,0.00000002,"BTC,LTC",341043.4683191416,0.0,0.0662712,95
0,[],17,[],2019-05-03 01:12:32,0.0,0,0,7559100,2019-05-03 01:12:32,btc,0.0,0.0,0,btc,0.0,0.0,0.0,96
0.00000000010668159999999999,[],4,[],2019-07-05 10:25:53,537396458.6867391,2.9870848e-17,3.3729235565312e-21,7798759,2019-07-05 10:25:53,ltc,10.868243576072846,0.0,0.00000028,ltc,152861421.85480762,0.0,7.074550493051254e-10,96
0,[],12,[],2019-07-05 10:25:55,0.0,0,0,7798760,2019-07-05 10:25:55,btc,36.38379579651349,0.0,0,btc,10035220.65134864,0.0,0.0,96
1,[],4,[],2019-04-14 03:32:46,1039404.33283278,0.00000038,0.000000000019245518,7293458,2019-04-14 03:32:46,btc,4.170086055365747,0.0,0.00000038,btc,3097704.34561074,0.06260606,0.1859928211030784,99
0,[],2,[],2019-01-20 23:23:55,0.0,0,0,6476914,2019-01-20 23:23:55,,0.0,0.0,0,,0.0,0.0,0.0,100
1,[],4,[],2019-07-05 10:27:57,177047.31601729,0.00001236,0.000000001395652884,7798761,2019-07-05 10:27:57,btc,12.892847959945234,0.0,0.00001236,btc,287755.06081912,0.08526831,0.3926429294975864,100
1,[],22,[],2019-06-05 06:30:35,150000.0,0.00000002,0.000000000001558192,7740007,2019-06-05 06:30:35,BTC,28.56386409,0.0,0.00000002,BTC,12787.719,0.0,0.0017,101
1,[],4,[],2019-07-05 10:27:58,507815.27638945,0.00000132,0.00000000014905030800000001,7798762,2019-07-05 10:27:58,btc,882.6021327446297,0.0,0.00000132,btc,756481.94455589,0.0,0.0826117656718513,103
1,[],12,[],2019-06-17 14:32:14,179201505.10870332,0.000000005,0.00000000000046457,7740154,2019-06-17 14:32:14,btc,113577.79366343976,0.0,0.000000005,btc,79148141.67831126,0.019059029059,0.27280986350611003,105
1,[],27,[],2019-06-17 14:32:19,18306828.03496503,0.00000002,0.00000000000185828,7740155,2019-06-17 14:32:19,btc,180.7198218385489,1083.96503497,0.00000002,btc,276513.60142659,7.588e-05,0.3661365606993006,105
1,[],22,[],2019-04-21 00:17:26,21333.0,0.00000001,0.000000000000532493,7385819,2019-04-21 00:17:26,BTC,51.38182867,0.0,0.00000001,BTC,470435.0,0.0,0.00021333,107
1,[],26,[],2019-04-21 00:17:26,0.0,0.00000000,0,7385820,2019-04-21 00:17:26,btc,0.0,0.0,0.00000000,btc,0.0,0.0,0.0,107
1,[],5,[],2019-07-05 10:28:01,0.0,0,0,7798763,2019-07-05 10:28:01,btc,0.0,0.0,0,btc,0.0,0.0,0.0,112
0,[],22,[],2019-07-05 10:28:03,0.0,0,0,7798764,2019-07-05 10:28:03,,6.79500102,0.0,0,,3375892.0833333335,0.0,0.0,112
1,[],27,[],2019-07-05 10:28:11,1.0,0.00000001,0.0000000000011291690000000002,7798765,2019-07-05 10:28:11,btc,0.0,0.0,0.00000001,"btc,eth",0.0,0.0,1e-08,112
1,[],4,[],2019-07-05 10:28:12,984022.76473355,0.00000036,0.000000000040650084,7798766,2019-07-05 10:28:12,btc,6.205273622569966,0.0,0.00000036,btc,971386.73777282,0.01300756,0.115434070541374,113
1,[],5,[],2019-07-05 10:28:13,0.0,0,0,7798767,2019-07-05 10:28:13,btc,0.0,0.0001952,0,btc,0.0,0.0,0.0,113
1,[],17,[],2019-04-26 02:17:47,162738.278,0.00000004,0.0000000000021069000000000002,7461287,2019-04-26 02:17:47,btc,1.3331140273775473,0.0,0.00000004,btc,51796.221,0.0,0.00230953112,116
1,[],27,[],2019-07-05 10:30:20,95525.16595526,0.00000001,0.0000000000011291690000000002,7798768,2019-07-05 10:30:20,btc,3918.966122084,0.0,0.00000001,btc,85259.687,0.0,0.0009552516595526,116
1,[],4,[],2019-05-21 22:31:11,138169.03963019,0.00000701,0.000000000558364025,7664793,2019-05-21 22:31:11,btc,150.95388250938234,0.0,0.00000701,btc,344631.17141974,0.07552974,0.4288357684941946,120
1,[],7,[],2019-05-21 22:31:12,3901.07750076,0.000010679999999999999389654892212320191902108490467071533203125,0.0000000008506887,7664794,2019-05-21 22:31:12,btc,231188.94669936574,0.0,0.000010679999999999999389654892212320191902108490467071533203125,btc,4133.83151364,0.0,0.0113888422364489,120
1,[],20,[],2019-04-07 18:42:29,1914137.0852,0.000000035,0.0000000000017871910000000002,7211992,2019-04-07 18:42:29,btc,32.2497668025648,25528.85,0.000000035,btc,1001975.4986,0.00089350975,0.0152723574729,125
1,[],22,[],2019-06-17 14:32:38,10000.0,0.00000001,0.00000000000092914,7740161,2019-06-17 14:32:38,BTC,0.032061,0.0,0.00000001,BTC,299316.7611111111,0.0,0.0001,126
0,[],2,[],2019-01-20 23:25:46,0.0,0,0,6476969,2019-01-20 23:25:46,,0.0,0.0,0,,0.0,0.0,0.0,131
1,[],17,[],2019-05-03 01:13:10,10000.0,0.00000001,0.000000000000548003,7559115,2019-05-03 01:13:10,btc,0.0953976503951408,0.0,0.00000001,btc,5037.62507334,0.0,0.0001,131
1,[],4,[],2019-07-05 10:30:21,421063.03302828,0.00000320,0.00000000036133408,7798769,2019-07-05 10:30:21,btc,2.494489544304142,0.0,0.00000320,btc,200877.30796841,0.0743063,0.4241660929709978,131
1,[],4,[],2019-06-17 14:32:42,4848.49465417,0.00007919,0.00000000735785966,7740163,2019-06-17 14:32:42,btc,0.9905723729472744,0.0,0.00007919,btc,202.13055914,0.0,0.0061509344290166,135
1,[],3,[],2019-07-05 10:32:22,2684.76592867,0.00000001,0.0000000000011291690000000002,7798770,2019-07-05 10:32:22,btc,405.49243570080245,2097534.1768,0.00000001,btc,3150773.67027232,0.0,2.68476592867e-05,136
1,[],4,[],2019-07-05 10:32:23,173274.82953343,0.00000133,0.00000000015017947700000002,7798771,2019-07-05 10:32:23,btc,112.57279642872804,0.0,0.00000133,btc,533893.43764565,0.01542027,0.0920863027243625,137
1,[],12,[],2019-07-05 10:32:24,68924.26681225,0.000001439999999999999977188928391991229460700196796096861362457275390625,0.000000000162600336,7798772,2019-07-05 10:32:24,btc,57.90041025578242,0.0,0.000001439999999999999977188928391991229460700196796096861362457275390625,btc,81876.41598678,0.00019755,0.0146809699999359,137
1,[],17,[],2019-05-03 01:13:16,32967.38636364,0.00000088,0.000000000048224264,7559122,2019-05-03 01:13:16,btc,20.06976206696776,0.0,0.00000088,btc,2746.079105,0.0,0.0105613000000032,142
1,[],4,[],2019-07-05 10:32:25,284473.7226179,0.00001010,0.00000000114046069,7798773,2019-07-05 10:32:25,btc,6.298200863615141,0.0,0.00001010,btc,174007.29726217,0.28640767,0.1764444410642345,142
1,[],5,[],2019-07-05 10:32:27,0.0,0,0,7798774,2019-07-05 10:32:27,btc,0.0,0.01495117,0,btc,0.0,0.0,0.0,142
1,[],20,[],2019-07-05 10:34:29,113184.3851,0.000008,0.0000000009033352,7798775,2019-07-05 10:34:29,btc,1.5676752878553,0.0,0.000008,btc,9882.1432,0.0,0.0065381478037,142
1,[],22,[],2019-07-05 10:34:32,10820.0,0.00000600,0.0000000006775014,7798776,2019-07-05 10:34:32,BTC,2.99759384,0.0,0.00000600,BTC,835.7198755539798,0.0,0.0053672,142
0.0,[],25,[],2019-07-05 10:34:34,0.0,0,0,7798777,2019-07-05 10:34:34,,0.0,0.0,0.0,btc,0.0,0.0,0.0,142
1,[],28,[],2019-07-05 10:34:43,76710.0,0.00001110,0.00000000125337759,7798778,2019-07-05 10:34:43,btc,0.438587390411,3382.0,0.00001110,btc,1381.1951,0.0,0.0043322,142
0,[],22,[],2019-07-05 10:34:45,0.0,0,0,7798779,2019-07-05 10:34:45,,67.81665877,0.0,0,,754491934.7744589,0.0,0.0,143
0,[],22,[],2019-02-25 15:42:22,0.0,0,0,6783783,2019-02-25 15:42:22,,4.2131946,0.0,0,,2322156.0,0.0,0.0,146
,[],22,[],2018-11-20 23:01:11,0.0,0,0,4862114,2018-11-20 23:01:11,,2.56807021,0.0,,,61828.4988236,0.0,0.0,147
1,[],12,[],2019-04-21 06:38:04,193091.5971266,0.00000071,0.000000000037635183,7388679,2019-04-21 06:38:04,btc,2.301232411611175,0.0,0.00000071,btc,9957.48302385,0.00023528,0.0313308199999888,148
1,[],4,[],2019-03-19 21:31:25,255810.0415942,0.00000029,0.000000000011615747,6982695,2019-03-19 21:31:25,btc,218.94922712414143,0.0,0.00000029,btc,793529.37642722,0.00117,0.0608347789473395,152
0,[],22,[],2019-03-19 21:31:27,0.0,0,0,6982696,2019-03-19 21:31:27,,0.0,0.0,0,,0.0,0.0,0.0,152
1,[],5,[],2019-04-26 09:36:59,0.0,0,0,7465040,2019-04-26 09:36:59,btc,0.0,0.0,0,btc,0.0,0.0,0.0,153
,[],16,[],2019-01-11 15:38:59,0.0,0,0,6366141,2019-01-11 15:38:59,btc,0.0,0.0,,btc,0.0,0.0,0.0,155
0,[],23,[],2019-01-20 23:24:29,0.0,0,0,6476932,2019-01-20 23:24:29,,0.0,0.0,0,,0.0,0.0,0.0,156
0,[],22,[],2019-06-04 06:02:09,0.0,0,0,7734688,2019-06-04 06:02:09,,7.43375324,0.0,0,,5955762.942592593,0.0,0.0,156
1,[],22,[],2019-07-05 10:34:48,6996.0,0.00000001,0.0000000000011291690000000002,7798780,2019-07-05 10:34:48,BTC,1.7543039,0.0,0.00000001,BTC,57.0,0.0,6.996e-05,157
0,[],22,[],2019-05-21 23:40:32,0.0,0,0,7665049,2019-05-21 23:40:32,,50234.60468402,0.0,0,,54786159.03179465,0.0,0.0,158
,[],17,[],2018-11-20 22:56:10,0.0,0,0,4861976,2018-11-20 22:56:10,btc,1.1265625,0.0,,btc,1000.0,0.0,0.0,159
,[],20,[],2018-11-20 22:56:12,0.0,0,0,4861977,2018-11-20 22:56:12,btc,11912.7940471,0.0,,btc,34413894.3617,0.0,0.0,159
1,[],12,[],2019-05-24 02:51:20,9178.522006449999,0.00000191999999999999982841307998027158276954651228152215480804443359375,0.000000000151222656,7676256,2019-05-24 02:51:20,btc,149.80414728631675,0.0,0.00000191999999999999982841307998027158276954651228152215480804443359375,btc,1115.7451448499999,0.01783167678326,0.0120075778999181,168
1,[],17,[],2019-05-03 01:13:36,42852.0,0.00000002,0.000000000001096006,7559132,2019-05-03 01:13:36,btc,0.04279856251542,0.0,0.00000002,btc,274.46171372,0.0,0.00052852,168
1,[],22,[],2019-05-17 03:01:52,10.0,0.00000001,0.000000000000778341,7642059,2019-05-17 03:01:52,BTC,41.95893009,0.0,0.00000001,BTC,1753972.7737547632,0.0,1e-07,169
1,[],22,[],2019-07-05 10:34:52,100102.0,0.00000001,0.0000000000011291690000000002,7798781,2019-07-05 10:34:52,BTC,27.84093381,0.0,0.00000001,"BTC,LTC",276616.94947371836,2.4e-07,0.00119102,171
1,[],22,[],2019-05-29 08:05:18,349870.0,0.00000002,0.000000000001705894,7705265,2019-05-29 08:05:18,BTC,24.05907723,0.0,0.00000002,"BTC,LTC",1224285.4355616204,0.0,0.0039847,173
1,[],5,[],2019-07-05 10:34:54,0.0,0,0,7798782,2019-07-05 10:34:54,btc,0.0,0.0090787,0,btc,0.0,0.0,0.0,175
1,[],22,[],2019-06-17 14:33:12,90671.0,0.00000001,0.00000000000092914,7740175,2019-06-17 14:33:12,BTC,394.35459412,0.0,0.00000001,BTC,136275.61833431243,0.0,0.00090671,176
1,[],7,[],2019-07-01 10:15:32,0.0,0,0,7783526,2019-07-01 10:15:32,btc,521516.2326888725,0.0,0,btc,26809253.73522063,0.0,0.0,178
0,[],2,[],2019-01-20 23:28:34,0.0,0,0,6477001,2019-01-20 23:28:34,,0.0,0.0,0,,0.0,0.0,0.0,178
1,[],22,[],2019-07-05 10:34:58,30.0,0.00000001,0.0000000000011291690000000002,7798783,2019-07-05 10:34:58,BTC,1.00242428,0.0,0.00000001,BTC,57512.0,0.0,3e-07,178
1,[],5,[],2019-07-05 10:34:59,0.0,0,0,7798784,2019-07-05 10:34:59,btc,0.0,0.0,0,btc,0.0,0.0,0.0,179
0,[],22,[],2019-07-05 10:35:03,0.0,0,0,7798785,2019-07-05 10:35:03,,9.36109844,0.0,0,,14660796.311946675,0.0,0.0,179
0,[],23,[],2019-01-20 23:25:08,0.0,0,0,6476952,2019-01-20 23:25:08,,0.0,0.0,0,,0.0,0.0,0.0,179
1,[],22,[],2019-07-05 10:37:09,754083.283972784,0.00000065,0.000000000073395985,7798786,2019-07-05 10:37:09,BTC,40.64282762,0.0,0.00000065,"BTC,LTC",193926.411571008,0.01226964,0.59027261,180
1,[],26,[],2019-07-05 10:37:09,0.0,0.00000010,0.00000000001129169,7798787,2019-07-05 10:37:09,btc,0.0,50.0,0.00000010,btc,0.0,0.0,0.0,180
1,[],17,[],2019-05-03 01:13:56,20504.725000000002,0.0000001,0.00000000000548003,7559141,2019-05-03 01:13:56,btc,5.2010695838400265,0.0,0.0000001,btc,5033.45945,0.0,0.0011504725,180
,[],7,[],2018-11-20 22:58:01,562227.975654,0.00000085,0.000000000036176765,4862015,2018-11-20 22:58:01,btc,21836.6059674,2491.87645172,,btc,749999.041456,0.00211021,0.127565380455,183
,[],5,[],2019-01-10 08:11:41,0.0,0,0,6347036,2019-01-10 08:11:41,btc,82.15055501,0.00261,,btc,1.19002445,0.0,0.0,187
,[],17,[],2018-11-16 20:58:10,4062536.27273,0.00000001,0.000000000000550501,4708775,2018-11-16 20:58:10,btc,3.36492563466,0.195460381006,,"btc,eth",110697919.549,0.0,0.0157628953496,187
1,[],24,[],2019-05-22 21:04:52,0.0,0.000000000014,0.0000000000000010960978,7670219,2019-05-22 21:04:52,btc,0.0,0.0,0.000000000014,btc,0.0,0.0,0.0,187
0,[],22,[],2019-04-25 02:54:07,0.0,0,0,7447896,2019-04-25 02:54:07,,7.54794454,0.0,0,,76361.7243344055,0.0,0.0,191
0,[],22,[],2019-06-17 14:33:34,0.0,0,0,7740182,2019-06-17 14:33:34,,0.0,0.0,0,,0.0,0.0,0.0,197
0,[],22,[],2019-07-05 10:37:13,0.0,0,0,7798788,2019-07-05 10:37:13,,10.58263174,0.0,0,,84280969.0,0.0,0.0,199
1,[],26,[],2019-07-05 10:37:13,0.0,0.00000000,0,7798789,2019-07-05 10:37:13,btc,0.0,0.0,0.00000000,btc,0.0,0.0,0.0,199
0,[],23,[],2019-01-20 23:31:41,0.0,0,0,6477079,2019-01-20 23:31:41,,0.0,0.0,0,,0.0,0.0,0.0,199
0,[],2,[],2019-01-20 23:30:49,0.0,0,0,6477059,2019-01-20 23:30:49,,0.0,0.0,0,,0.0,0.0,0.0,201
1,[],4,[],2019-01-25 15:51:35,2084389.58565343,0.00000936,0.000000000333526752,6499557,2019-01-25 15:51:35,btc,2.0092503037378524,0.0,0.00000936,btc,160195.80207885,0.19272417,1.242687955921835,211
1,[],7,[],2019-07-01 02:21:28,1170054124.6898527,0.00000018,0.000000000019815389999999997,7782694,2019-07-01 02:21:28,btc,1346735.6331920293,0.0,0.00000018,btc,5516233.71348162,0.0,11.954344045954047,212
1,[],12,[],2019-01-25 02:44:32,207462.42853209,0.000001080000000000000035831255497387193287295303889550268650054931640625,0.000000000038610756000000006,6493050,2019-01-25 02:44:32,btc,85023.03793723314,0.0,0.000001080000000000000035831255497387193287295303889550268650054931640625,btc,43675.73520027,0.000146250909087,0.0348620860622024,213
1,[],5,[],2019-05-30 00:07:46,0.0,0,0,7709357,2019-05-30 00:07:46,btc,0.0,0.06425239,0,btc,0.0,0.0,0.0,213
1,[],24,[],2019-05-30 00:07:46,0.0,0.000000399202,0.0000000000344859829346,7709358,2019-05-30 00:07:46,btc,0.0,0.0,0.000000399202,btc,0.0,0.0,0.0,213
1,[],26,[],2019-05-30 00:07:47,0.0,0.00000040,0.000000000034554919999999996,7709359,2019-05-30 00:07:47,btc,0.0,0.0,0.00000040,btc,0.0,0.0,0.0,213
0,[],22,[],2019-07-05 10:37:19,0.0,0,0,7798790,2019-07-05 10:37:19,,9.54523049,0.0,0,,3658586.2040649247,0.0,0.0,216
0,[],27,[],2019-07-05 10:37:26,0.0,0,0,7798791,2019-07-05 10:37:26,,1998.9179475321787,0.0,0,"btc,ltc",555282.57344694,0.0,0.0,216
1,[],22,[],2019-07-05 10:37:32,489941.0,0.00000018,0.000000000020325042,7798792,2019-07-05 10:37:32,BTC,12055.862782,0.0,0.00000018,BTC,592540.9161858524,0.00077504,0.02537501,217
0,[],27,[],2019-07-04 20:07:27,0.0,0,0,7796489,2019-07-04 20:07:27,,250.20642758069673,0.0,0,btc,46772.535837,0.0,0.0,219
0.00000000000000287,[],28,[],2019-07-04 20:07:29,3298641998.17,6.314000000000001e-19,7.47265057e-23,7796490,2019-07-04 20:07:29,doge,125846.04510800431,4690.0,0.00022000,"btc,doge",120666781.230909,0.0,1.5955592634772005e-11,219
1,[],7,[],2019-06-27 19:02:35,0.0,0,0,7772298,2019-06-27 19:02:35,btc,2123800.2774640615,0.0,0,btc,82333746.4752352,0.0,0.0,219
0,[],22,[],2019-06-26 23:36:41,0.0,0,0,7769178,2019-06-26 23:36:41,,56.75439223,0.0,0,,184664.6482738741,0.0,0.0,221
1,[],24,[],2019-06-26 23:36:41,0.0,0.000000030000,0.000000000003835668,7769179,2019-06-26 23:36:41,btc,0.0,0.0,0.000000030000,btc,0.0,0.0,0.0,221
1,[],20,[],2019-06-17 14:34:11,26882155.8301,0.000000003,0.000000000000278742,7740192,2019-06-17 14:34:11,btc,100050.81956632523,233521.3529,0.000000003,btc,38769742.8604,0.0007925640587,0.0306863532672,224
0,[],22,[],2019-06-17 14:34:13,0.0,0,0,7740193,2019-06-17 14:34:13,,0.0,0.0,0,,0.0,0.0,0.0,224
1,[],26,[],2019-07-05 10:37:32,0.0,0.00000022,0.000000000024841718,7798793,2019-07-05 10:37:32,btc,0.0,0.0,0.00000022,btc,0.0,0.0,0.0,231
1,[],26,[],2019-07-05 10:37:33,0.0,0.00000005,0.000000000005645845,7798794,2019-07-05 10:37:33,btc,0.0,0.0,0.00000005,btc,0.0,0.0,0.0,234
0.0000000002597766,[],27,[],2019-07-05 10:37:39,100.0,2.597766e-18,2.9333168364540003e-22,7798795,2019-07-05 10:37:39,eth,0.0,0.0,0.00000001,"btc,eth",0.0,0.0,2.597766e-16,234
1,[],4,[],2019-05-22 17:06:12,91780.56053785,0.00000078,0.000000000061977552,7669277,2019-05-22 17:06:12,btc,5.573372450018177,0.0,0.00000078,btc,729173.93529783,0.0,0.0307060663355679,236
1,[],24,[],2019-05-22 17:06:12,0.0,0.000000010000,0.000000000000794584,7669278,2019-05-22 17:06:12,btc,0.0,0.0,0.000000010000,btc,0.0,0.0,0.0,236
1,[],5,[],2019-07-05 10:37:41,0.0,0,0,7798796,2019-07-05 10:37:41,btc,0.0,0.20974495,0,btc,0.0,0.0,0.0,237
1,[],20,[],2019-07-05 10:37:43,126895563.3635,0.000000056,0.0000000000063233464,7798797,2019-07-05 10:37:43,btc,548.5531846504473,3179163.2611,0.000000056,btc,43505826.4867,0.188741638045,0.7418051106469,237
1,[],22,[],2019-07-05 10:37:49,2096499.0,0.00000005,0.000000000005645845,7798798,2019-07-05 10:37:49,BTC,1.20109922,0.0,0.00000005,"BTC,LTC",14430.948717948719,0.0,0.02732965,237
1,[],4,[],2019-07-05 10:37:50,25344313.89751875,0.00000005,0.000000000005645845,7798799,2019-07-05 10:37:50,btc,3.017909080371979,0.0,0.00000005,btc,14914256.37231893,0.04764958,0.4230698233642335,238
1,[],5,[],2019-07-05 10:37:51,0.0,0,0,7798800,2019-07-05 10:37:51,btc,0.0,0.02115944,0,btc,0.0,0.0,0.0,238
0,[],22,[],2019-03-12 16:49:32,0.0,0,0,6914458,2019-03-12 16:49:32,,0.40415746,0.0,0,,526736.5639027493,0.0,0.0,249
0,[],22,[],2019-07-05 10:37:55,0.0,0,0,7798801,2019-07-05 10:37:55,,13.44711564,0.0,0,,43776457.3426455,0.0,0.0,252
1,[],28,[],2019-07-05 10:38:03,784976.6,0.00000004,0.000000000004516676000000001,7798802,2019-07-05 10:38:03,btc,205.611104078456,258183.6,0.00000004,btc,5253870.0932,0.0,0.021138064,256
0.00000000010668159999999999,[],22,[],2019-07-05 10:38:09,10000.0,2.66704e-17,3.01153888976e-21,7798803,2019-07-05 10:38:09,LTC,31471.46309386,0.0,0.00000025,LTC,721242.028948892,0.0,0.0025,258
1,[],22,[],2019-05-19 18:12:02,400.0,0.00000001,0.0000000000007957800000000001,7653905,2019-05-19 18:12:02,BTC,2.415167,0.0,0.00000001,BTC,157.0,0.0,4e-06,259
1,[],5,[],2019-07-02 14:44:15,0.0,0,0,7788374,2019-07-02 14:44:15,btc,0.0,0.02775788,0,btc,0.0,0.0,0.0,264
1,[],20,[],2019-07-02 14:44:17,953070.9962,0.000000178,0.000000000017956461999999998,7788375,2019-07-02 14:44:17,btc,1.1507330656826,14313.4023,0.000000178,btc,65222.866,0.0046947959544,0.0049363258649,264
0,[],22,[],2019-04-12 17:57:27,0.0,0,0,7278186,2019-04-12 17:57:27,,66.37522201,0.0,0,,677842.4169881374,0.0,0.0,271
0,[],22,[],2019-07-05 10:38:14,0.0,0,0,7798804,2019-07-05 10:38:14,,33050469.74148113,0.0,0,,14261527780.7,0.0,0.0,272
0.000000000000003688,[],28,[],2019-07-05 10:38:22,327147231524.487,4.4256e-22,4.997250326400001e-26,7798805,2019-07-05 10:38:22,doge,66317597.569717966,16514403724.3184,0.00000012,doge,159537491282.97763,0.0,7.806264567493285e-11,272
1,[],22,[],2019-05-23 07:12:29,219930.0,0.00000004,0.000000000003048688,7671985,2019-05-23 07:12:29,BTC,426.77835217,0.0,0.00000004,BTC,248664.3325962929,0.0,0.00739728,281
1,[],22,[],2019-07-02 18:15:29,1409605.9,0.00000002,0.000000000002147082,7789011,2019-07-02 18:15:29,BTC,7.87630805,0.0,0.00000002,"BTC,LTC",1137979.797623037,0.00674692,0.02432534,286
0,[],22,[],2019-06-17 14:34:53,0.0,0,0,7740207,2019-06-17 14:34:53,,7337915.80475575,0.0,0,,2078527309.6797826,0.0,0.0,294
