pairValue,buyBook,exchangeId,sellBook,updated,buyTotal,satoshiPrice,usdPrice,exchangeLogId,created,bestPair,sellTotalBtc,volume,pairPrice,activePairs,sellTotal,volumeBtc,buyTotalBtc,coinId
1,[],3,[],2019-05-28 19:35:01,68.337845348149,0.01072526000000000034884095612142118625342845916748046875,0.000000932425146198,7702686,2019-05-28 19:35:01,btc,1.7951231961671956,47.5419656343,0.01072526000000000034884095612142118625342845916748046875,btc,23.47657927705,0.0,0.4159992644464253,1
1,[],4,[],2019-05-28 19:35:01,207673.56321957,0.01098300,0.0000009548323659,7702687,2019-05-28 19:35:01,btc,7.872705939120466,0.0,0.01098300,btc,317.97088986,2.03071367,0.5182900696317011,1
1,[],5,[],2019-05-28 19:35:04,0.0,0,0,7702688,2019-05-28 19:35:04,btc,0.0,0.00190831,0,btc,0.0,0.0,0.0,1
1,[],10,[],2019-05-28 19:35:06,309929.1426827,0.00655056,0.000000569487999888,7702689,2019-05-28 19:35:06,btc,6521.4895195890385,1642.17081339,0.00655056,btc,1353.28679586,0.0,2.1828324079091184,1
1,[],12,[],2019-05-28 19:35:10,71.07183076,0.010970000000000000583977310952832340262830257415771484375,0.000000953702181,7702690,2019-05-28 19:35:10,btc,0.2086544994956,0.0,0.010970000000000000583977310952832340262830257415771484375,btc,17.99264375,0.1033778915,0.2477428827841,1
1,[],20,[],2019-05-28 19:35:11,973.0182,0.010262851,0.0000008922245562423,7702691,2019-05-28 19:35:11,btc,0.5004416552324,0.0021,0.010262851,btc,41.637,2.15519871e-05,0.1089932566481,1
1,[],21,[],2019-05-28 19:35:13,2029.0163428,0.01101145000000000075124351184,0.000000957305732085,7702692,2019-05-28 19:35:13,btc,11.549710846458936,4503.97283816,0.01101145000000000075124351184285842464305460453033447265625,"btc,eth",1384.74411966,47.43817978855625,18.41288841935064,1
1,[],22,[],2019-05-28 19:35:17,0.0025666666666666667,0.00900000,0.0000007824357,7702693,2019-05-28 19:35:17,BTC,0.31629903,0.0,0.00900000,BTC,0.2505752479991019,0.0,2.31e-05,1
1,[],24,[],2019-05-28 19:35:18,0.0,0.000000000000,0,7702694,2019-05-28 19:35:18,btc,0.0,0.0,0.000000000000,btc,0.0,0.0,0.0,1
0.0,[],25,[],2019-05-28 19:35:19,0.0,0,0,7702695,2019-05-28 19:35:19,btc,20.049999999124264,733.50687922,0.0,btc,1726.36325968,8.2016,0.0,1
1,[],26,[],2019-05-28 19:35:20,0.0,0,0,7702696,2019-05-28 19:35:20,,0.0,0.0,0,,0.0,0.0,0.0,1
0,[],28,[],2019-05-28 19:35:22,0.0,0,0,7702697,2019-05-28 19:35:22,,0.0,361797.4522,0,,0.0,0.0,0.0,1
0,[],2,[],2019-01-20 23:28:45,0.0,0,0,6477011,2019-01-20 23:28:45,,0.0,0.0,0,,0.0,0.0,0.0,1
1,[],5,[],2019-05-28 19:35:24,0.0,0,0,7702698,2019-05-28 19:35:24,btc,0.0,0.0002,0,btc,0.0,0.0,0.0,2
1,[],22,[],2019-05-28 19:35:28,11638.0,0.0000002,0.000000000017387459999999998,7702699,2019-05-28 19:35:28,BTC,21.00897301,0.0,0.0000002,"BTC,XMR",20678.87287795317,0.0,0.00145435,2
1,[],5,[],2019-05-28 19:35:29,0.0,0,0,7702700,2019-05-28 19:35:29,btc,0.0,0.02149723,0,btc,0.0,0.0,0.0,3
1,[],12,[],2019-05-28 19:35:30,2488753.1782062,0.000000103,0.000000000008954541899999999,7702701,2019-05-28 19:35:30,btc,4527.143622442053,0.0,0.000000103,btc,3182193.57043077,0.092493321223,0.1957531034784124,3
0,[],28,[],2019-05-28 19:35:32,0.0,0,0,7702702,2019-05-28 19:35:32,,0.0,0.0,0,,0.0,0.0,0.0,3
0,[],2,[],2019-01-20 23:31:32,0.0,0,0,6477077,2019-01-20 23:31:32,,0.0,0.0,0,,0.0,0.0,0.0,4
1,[],4,[],2019-05-18 21:29:50,562734.9206932,0.00000010,0.000000000007298720000000001,7650946,2019-05-18 21:29:50,btc,41.9347137769675,0.0,0.00000010,btc,1123702.32192634,0.00052462,0.029254593370966,4
0,[],12,[],2019-05-28 18:56:49,0.0,0,0,7702541,2019-05-28 18:56:49,btc,625.851261804995,0.0,0,btc,1068913.4995005,0.0,0.0,5
0,[],2,[],2019-01-20 23:31:51,0.0,0,0,6477087,2019-01-20 23:31:51,,0.0,0.0,0,,0.0,0.0,0.0,6
1,[],11,[],2019-05-28 19:35:33,5559101.276736,0.00000001,0.000000000000869373,7702703,2019-05-28 19:35:33,btc,9578.40610520753,1597979.13733,0.00000001,btc,66774914.0436281,0.0,0.055591012767360004,6
1,[],3,[],2019-05-28 19:35:34,1069.546666313792,0.0000888800000000000028389790518446034184307791292667388916015625,0.000000007726987224,7702704,2019-05-28 19:35:34,btc,0.049332318755378135,176.533509258,0.0000888800000000000028389790518446034184307791292667388916015625,btc,171.680168373764,0.0,0.024216346575624586,7
1,[],4,[],2019-05-28 19:35:35,344231.68060314,0.00007771,0.000000006755897583,7702705,2019-05-28 19:35:35,btc,8.649472478070424,0.0,0.00007771,btc,57683.09356209,2.25446397,2.7903438252200723,7
1,[],5,[],2019-05-28 19:35:37,0.0,0,0,7702706,2019-05-28 19:35:37,btc,0.0,0.71401694,0,btc,0.0,0.0,0.0,7
1,[],20,[],2019-04-07 22:06:50,3201475.0482,0.000000001,0.000000000000051590000000000004,7213932,2019-04-07 22:06:50,btc,30.8005781811902,0.0,0.000000001,btc,23077405.3926,0.0,0.0032014750482,8
0,[],2,[],2019-01-20 23:22:42,0.0,0,0,6476876,2019-01-20 23:22:42,,0.0,0.0,0,,0.0,0.0,0.0,9
0,[],23,[],2019-01-20 23:22:48,0.0,0,0,6476878,2019-01-20 23:22:48,,0.0,0.0,0,,0.0,0.0,0.0,9
1,[],4,[],2019-05-28 19:35:38,21175395.11233127,0.00000049,0.000000000042599276999999996,7702707,2019-05-28 19:35:38,btc,3.3449218767093645,0.0,0.00000049,btc,3251823.16134777,0.29536265,0.5198251764029546,9
0,[],28,[],2019-05-28 19:35:40,0.0,0,0,7702708,2019-05-28 19:35:40,,0.0,3455389.57,0,,0.0,0.0,0.0,9
1,[],1,[],2019-02-17 23:31:42,1822507.21,0.00000181000000000000003456111265232042484285557293333113193511962890625,0.000000000066086901,6701244,2019-02-17 23:31:42,btc,3.6990969245,17153386.5,0.00000181000000000000003456111265232042484285557293333113193511962890625,btc,1997391.71,31.11772986,3.2610482446,9
1,[],4,[],2019-02-17 11:22:43,4341674.27126056,0.00000002,0.0000000000007272960000000001,6696112,2019-02-17 11:22:43,btc,0.1997230937751353,0.0,0.00000002,btc,4109766.79808031,0.00215132,0.0479381022052112,10
0,[],2,[],2019-01-20 23:23:08,0.0,0,0,6476890,2019-01-20 23:23:08,,0.0,0.0,0,,0.0,0.0,0.0,12
1,[],4,[],2019-05-28 19:35:41,8404921.05982148,0.00000048,0.000000000041729904,7702709,2019-05-28 19:35:41,btc,4.858341736444486,0.0,0.00000048,btc,5153710.30097322,0.64566802,1.454875084448127,12
1,[],5,[],2019-05-28 19:35:42,0.0,0,0,7702710,2019-05-28 19:35:42,btc,0.0,0.08158722,0,btc,0.0,0.0,0.0,12
0.0,[],25,[],2019-05-28 19:35:43,0.0,0,0,7702711,2019-05-28 19:35:43,,0.0,0.0,0.0,btc,0.0,0.0,0.0,12
1,[],4,[],2019-05-28 19:35:44,336187.35739007,0.00000571,0.000000000496411983,7702712,2019-05-28 19:35:44,btc,1.8883234382628455,0.0,0.00000571,btc,237628.34705859,0.2921521,0.5197423943654973,13
1,[],10,[],2019-05-28 19:35:47,654147.69576892,0.00000572,0.000000000497281356,7702713,2019-05-28 19:35:47,btc,666803.2516157399,6715.93570231,0.00000572,btc,861025.83727872,0.0,0.2559288850868382,13
1,[],21,[],2019-05-28 19:35:48,1973923.56398352,0.000005810000000000000277070033583,0.000000000505105713,7702714,2019-05-28 19:35:48,btc,2.7576286950236977,607922.70496072,0.00000581000000000000027707003358301562911947257816791534423828125,btc,426976.49739744,3.56945719,8.613314730330574,13
1,[],4,[],2019-05-28 19:35:49,801581.13587857,0.00000079,0.000000000068680467,7702715,2019-05-28 19:35:49,btc,4.6616828017455205,0.0,0.00000079,btc,853197.51213443,0.0034629,0.0536086900655153,14
1,[],12,[],2019-05-28 19:35:49,136033.31948692,0.00000077,0.000000000066941721,7702716,2019-05-28 19:35:49,btc,14.134562367491705,0.0,0.00000077,btc,21543.71741965,0.0,0.0153402399999662,14
1,[],26,[],2019-05-28 19:37:49,0.0,0.00000050,0.000000000043468649999999996,7702717,2019-05-28 19:37:49,btc,0.0,0.0,0.00000050,btc,0.0,0.0,0.0,14
0,[],17,[],2019-05-03 00:53:32,0.0,0,0,7558876,2019-05-03 00:53:32,btc,0.0,0.0,0,btc,0.0,0.0,0.0,14
,[],12,[],2018-12-01 15:15:48,204241.84496,0.00000489,0.000000000202473384,5260204,2018-12-01 15:15:48,btc,49.5475654835,0.0,,btc,35763.2193806,0.0163153972027625,0.0203389899998,15
0,[],4,[],2019-05-28 19:37:50,0.0,0,0,7702718,2019-05-28 19:37:50,,0.0,0.0,0,,0.0,0.0,0.0,15
0,[],2,[],2019-01-20 23:23:38,0.0,0,0,6476906,2019-01-20 23:23:38,,0.0,0.0,0,,0.0,0.0,0.0,18
1,[],4,[],2019-05-28 19:37:51,33747.50769166,0.00001069,0.0000000009293597369999999,7702719,2019-05-28 19:37:51,btc,0.9700179653443949,0.0,0.00001069,btc,10939.43418838,0.03923768,0.0709233521208988,18
1,[],10,[],2019-05-28 19:37:55,486828.26423432,0.00001145,0.000000000995432085,7702720,2019-05-28 19:37:55,btc,15.344908545683179,56497.9929502,0.00001145,btc,13526.891348,0.0,0.0722553768022535,18
1,[],12,[],2019-05-28 19:37:55,7223.684642910001,0.000011800000000000000524818903613333276325647602789103984832763671875,0.00000000102586014,7702721,2019-05-28 19:37:55,btc,0.3988618862610942,0.0,0.000011800000000000000524818903613333276325647602789103984832763671875,btc,1255.84058535,4.7433413e-05,0.0117181227129344,18
0,[],17,[],2019-05-03 00:53:39,0.0,0,0,7558882,2019-05-03 00:53:39,btc,0.0,0.0,0,btc,0.0,0.0,0.0,18
0,[],2,[],2019-01-20 23:24:19,0.0,0,0,6476924,2019-01-20 23:24:19,,0.0,0.0,0,,0.0,0.0,0.0,19
1,[],3,[],2019-05-28 19:39:56,148574.44926028905,0.0000082300000000000008240109983237431379166082479059696197509765625,0.0000000007154939790000001,7702722,2019-05-28 19:39:56,btc,0.0933941296921322,3754.77071591,0.0000082300000000000008240109983237431379166082479059696197509765625,btc,2932.527157068268,0.0,0.0482779369037723,19
1,[],4,[],2019-05-28 19:39:57,593480.50439615,0.00000851,0.000000000739836423,7702723,2019-05-28 19:39:57,btc,3.3325167378838954,0.0,0.00000851,btc,154894.15875529,0.26158801,0.6603037412424734,19
1,[],5,[],2019-05-28 19:39:58,0.0,0,0,7702724,2019-05-28 19:39:58,btc,0.0,3.447e-05,0,btc,0.0,0.0,0.0,19
1,[],12,[],2019-05-28 19:39:59,15696.293835,0.0000072099999999999995784426796985311369780902168713510036468505859375,0.0000000006268179329999999,7702725,2019-05-28 19:39:59,btc,0.056709388225796596,0.0,0.0000072099999999999995784426796985311369780902168713510036468505859375,btc,1791.55236763,0.002504115185,0.030506469999676298,19
0,[],27,[],2019-05-28 19:40:05,0.0,0,0,7702726,2019-05-28 19:40:05,,0.0,0.0,0,btc,0.0,0.0,0.0,19
1,[],4,[],2019-05-28 19:40:06,10062076.88478525,0.00000007,0.000000000006085611,7702727,2019-05-28 19:40:06,btc,6.411239436602338,0.0,0.00000007,btc,2322306.93095912,0.0,0.1174938176872809,20
1,[],4,[],2019-05-28 19:40:07,72103463.7473748,0.00000001,0.000000000000869373,7702728,2019-05-28 19:40:07,btc,1768.0425565718938,0.0,0.00000001,btc,66490185.51973631,0.00428219,0.7210346374737481,21
1,[],12,[],2019-05-28 19:40:09,2442267.0,0.00000001,0.000000000000869373,7702729,2019-05-28 19:40:09,btc,1010.9711310128372,0.0,0.00000001,btc,5961337.6413586205,0.00027693996,0.02442267,21
0,[],17,[],2019-05-03 00:53:51,0.0,0,0,7558891,2019-05-03 00:53:51,btc,0.0,0.0,0,btc,0.0,0.0,0.0,21
1,[],12,[],2019-05-28 19:04:12,5373359383.0,0.0000000003,0.000000000000026177610000000003,7702569,2019-05-28 19:04:12,btc,708148877.8221396,0.0,0.0000000003,btc,2779174923.6153846,0.048987696073,1.1531843464,23
0.00000000031200660000000004,[],27,[],2019-05-28 19:44:16,92643351.1414187,9.360198e-18,8.137503415854001e-22,7702730,2019-05-28 19:44:16,eth,1173.0032538228,460058151.0742198,0.00000003,eth,8422859.028,4.306235384873899e-09,5.626341802462787e-10,23
1,[],4,[],2019-05-28 19:44:17,1845359.63668971,0.00000019,0.000000000016518087,7702731,2019-05-28 19:44:17,btc,13.471341833318256,0.0,0.00000019,btc,2121441.76364109,0.00613638,0.0567174390079778,24
1,[],22,[],2019-05-28 19:44:21,21.76,0.00000100,0.00000000008693729999999999,7702732,2019-05-28 19:44:21,BTC,7.415e-05,0.0,0.00000100,BTC,23.919354838709676,0.0,1.186e-05,24
0.0,[],25,[],2019-05-28 19:44:22,0.0,0,0,7702733,2019-05-28 19:44:22,,0.0,0.0,0.0,btc,0.0,0.0,0.0,24
0,[],2,[],2019-01-20 23:25:56,0.0,0,0,6476976,2019-01-20 23:25:56,,0.0,0.0,0,,0.0,0.0,0.0,26
1,[],4,[],2019-05-28 19:44:24,297789.93874576,0.00000415,0.00000000036078979499999997,7702734,2019-05-28 19:44:24,btc,10.16070358601129,0.0,0.00000415,btc,255120.50365449,0.0936964,0.1371460125172468,26
1,[],10,[],2019-05-28 19:44:26,149937.76643922,0.00000355,0.00000000030862741499999996,7702735,2019-05-28 19:44:26,btc,25.510793047770477,6318.29794697,0.00000355,btc,22963.8555477,0.0,0.0317300180297809,26
1,[],5,[],2019-04-26 09:47:06,0.0,0,0,7465326,2019-04-26 09:47:06,btc,0.0,0.0,0,btc,0.0,0.0,0.0,27
1,[],3,[],2019-05-28 19:44:27,10130706.85914303,0.00000001,0.000000000000869373,7702736,2019-05-28 19:44:27,btc,3.3178855713872,5097777.53729,0.00000001,btc,24185576.83134448,0.0,0.10130706859143031,27
1,[],11,[],2019-05-28 19:44:29,1070969.08157834,0.00000002,0.000000000001738746,7702737,2019-05-28 19:44:29,btc,67503.02945665807,19676.5543251,0.00000002,btc,6590405.9414731,0.0,0.0107207058157834,27
1,[],4,[],2019-05-28 19:44:30,1140967449.4333568,0.00000001,0.000000000000869373,7702738,2019-05-28 19:44:30,btc,5.073120520166933,0.0,0.00000001,"btc,ltc",316217178.0609419,0.03784377,7.831645070516614,29
1,[],7,[],2019-05-28 19:44:31,86534659.40740813,0.00000001,0.000000000000869373,7702739,2019-05-28 19:44:31,btc,46548272.11042397,37775.7971029,0.00000001,btc,35004715.1937565,0.0,0.8653465940740813,29
0,[],17,[],2019-05-03 01:11:25,0.0,0,0,7559066,2019-05-03 01:11:25,btc,0.0,0.0,0,btc,0.0,0.0,0.0,30
1,[],4,[],2019-05-28 19:44:33,15189308.41297546,0.00000006,0.000000000005216238,7702740,2019-05-28 19:44:33,btc,2.6931596225518586,0.0,0.00000006,btc,2121866.96538939,0.0,0.1672239430341774,30
1,[],4,[],2019-05-28 19:46:34,107122.25734442,0.00004529,0.0000000039373903169999995,7702741,2019-05-28 19:46:34,btc,3.5441751866878453,0.0,0.00004529,btc,46695.69164109,1.78567888,0.4596160428319329,31
1,[],21,[],2019-05-28 19:46:35,133493.56877971,0.00004726999999999999973500364181,0.000000004109526171,7702742,2019-05-28 19:46:35,btc,5.891041940751658,614614.39693795,0.00004726999999999999973500364180978294825763441622257232666015625,btc,110973.95392328,29.57275678,5.554122118689098,31
0,[],2,[],2019-01-20 23:28:43,0.0,0,0,6477009,2019-01-20 23:28:43,,0.0,0.0,0,,0.0,0.0,0.0,32
1,[],12,[],2019-03-30 07:55:10,40641173.964,0.00000003,0.000000000001228359,7108785,2019-03-30 07:55:10,btc,4233210.82356125,0.0,0.00000003,btc,28378394.68333462,0.0126927883965248,0.90752895892,33
0,[],4,[],2019-05-28 19:46:36,0.0,0,0,7702743,2019-05-28 19:46:36,,0.0,0.0,0,,0.0,0.0,0.0,33
0.00000000013192199999999999,[],4,[],2019-05-28 19:46:37,509769084.49226576,2.506518e-17,2.1790990732139997e-21,7702744,2019-05-28 19:46:37,ltc,3.507826656887553,0.0,0.00000019,ltc,154131437.02411357,0.0,2.0412277140345163e-09,34
1,[],5,[],2019-05-28 19:46:39,0.0,0,0,7702745,2019-05-28 19:46:39,btc,0.0,2.593e-05,0,btc,0.0,0.0,0.0,34
0.0000000002926451,[],17,[],2019-05-02 18:17:47,200000.0,2.9264510000000002e-18,1.596703856561e-22,7556430,2019-05-02 18:17:47,eth,0.20942468735267253,0.0,0.00000001,"btc,eth",1018272.20243647,0.0,5.852902e-13,36
0.00000000013192199999999999,[],4,[],2019-05-28 19:46:40,80740056.16077778,1.31922e-18,1.14689424906e-22,7702746,2019-05-28 19:46:40,ltc,5.045038822456018e-08,0.0,0.00000001,ltc,7087906061.087266,0.0,1.0651389688842125e-10,36
1,[],5,[],2019-05-28 19:46:42,0.0,0,0,7702747,2019-05-28 19:46:42,btc,0.0,0.0,0,btc,0.0,0.0,0.0,36
0.00000000031200660000000004,[],27,[],2019-05-28 19:48:51,19075417.0,9.360198e-18,8.137503415854001e-22,7702748,2019-05-28 19:48:51,eth,1670.59537168,503562838.0,0.00000003,"ltc,eth",5475577.0,4.7134478691219245e-09,1.02452863327956e-10,36
1,[],17,[],2019-05-03 01:11:36,211752.74075282,0.00000025,0.000000000013700074999999998,7559074,2019-05-03 01:11:36,btc,0.055484923955058496,0.0,0.00000025,"btc,eth",1387.19918473,0.0,0.0005381851887916605,37
1,[],4,[],2019-05-28 19:48:52,9940010.63087131,0.00000018,0.000000000015648714,7702749,2019-05-28 19:48:52,btc,19772.572120315042,0.0,0.00000018,btc,751403.83310403,0.00770584,0.1348436929263104,37
1,[],12,[],2019-05-28 19:48:53,3709598.33528572,0.00000019,0.000000000016518087,7702750,2019-05-28 19:48:53,btc,8.350845376087873,0.0,0.00000019,btc,945295.23377517,0.018176472544,0.1734197504442866,37
1,[],27,[],2019-05-28 19:51:00,6187.0,0.00000016,0.000000000013909968,7702751,2019-05-28 19:51:00,btc,24.11463822903233,0.0,0.00000016,btc,5792.59438508,0.0,0.00076392,37
1,[],5,[],2019-05-28 19:51:01,0.0,0,0,7702752,2019-05-28 19:51:01,btc,0.0,0.0005779,0,btc,0.0,0.0,0.0,42
1,[],12,[],2019-05-28 19:51:03,129245.37429215,0.00000093,0.000000000080851689,7702753,2019-05-28 19:51:03,btc,24.760281851701613,0.0,0.00000093,btc,71073.17722234,0.013333335258,0.0431959199999681,42
1,[],27,[],2019-05-28 19:51:12,506.0,0.00000002,0.000000000001738746,7702754,2019-05-28 19:51:12,btc,0.39085425,0.0,0.00000002,"btc,eth",735.0,0.0,6.000000327794134e-06,42
1,[],12,[],2019-03-13 09:13:29,1112112.0,0.00000001,0.000000000000386531,6919902,2019-03-13 09:13:29,btc,29058.00478931866,0.0,0.00000001,btc,5967681.93306694,9.99000999e-07,0.01112112,43
1,[],5,[],2019-04-26 22:38:52,0.0,0,0,7474154,2019-04-26 22:38:52,btc,0.0,0.02638891,0,btc,0.0,0.0,0.0,43
0,[],17,[],2019-04-26 22:38:53,0.0,0,0,7474155,2019-04-26 22:38:53,btc,0.0,0.0,0,btc,0.0,0.0,0.0,43
1,[],12,[],2019-03-05 01:54:08,639326.02,0.00000004,0.000000000001486676,6845775,2019-03-05 01:54:08,btc,11116042.728239931,0.0,0.00000004,btc,1103841.4595604,0.0003330765234764,0.014975410599999999,44
1,[],4,[],2019-05-28 19:51:13,115438006.3154616,0.00000001,0.000000000000869373,7702755,2019-05-28 19:51:13,btc,291324.21848889976,0.0,0.00000001,"btc,ltc",27225182.05887069,0.00848484,0.07969880274234271,49
0.00000000013192199999999999,[],4,[],2019-05-28 19:51:14,136360551.59382874,3.825738e-17,3.3259933222739998e-21,7702756,2019-05-28 19:51:14,ltc,22049.95128715063,0.0,0.00000029,ltc,159355650.00310102,0.0,7.565931341371444e-10,52
0,[],22,[],2019-05-28 19:51:17,0.0,0,0,7702757,2019-05-28 19:51:17,,10289.55991011,0.0,0,,308568058.4566013,0.0,0.0,57
0,[],27,[],2019-05-28 19:51:24,0.0,0,0,7702758,2019-05-28 19:51:24,,0.0,0.0,0,"btc,eth",0.0,0.0,0.0,57
1,[],17,[],2019-05-03 01:12:09,1200000.0,0.0000000001,0.00000000000000548003,7559085,2019-05-03 01:12:09,btc,1e+24,0.0,0.0000000001,"btc,eth",39516342.31952568,0.0,0.00010000000058666061,58
0.00000000013192199999999999,[],4,[],2019-05-28 19:51:25,2693628841.494031,1.31922e-18,1.14689424906e-22,7702759,2019-05-28 19:51:25,ltc,19.26387169319852,0.0,0.00000001,ltc,5780746102.343987,0.0,3.5534890402757557e-09,58
1,[],12,[],2019-05-28 19:51:26,1104968045.0,0.0000000001,0.00000000000000869373,7702760,2019-05-28 19:51:26,btc,2179635.8926829947,0.0,0.0000000001,btc,2505824122.1728272,0.084744176008,0.1104968045,58
0.0000000001103486,[],22,[],2019-05-28 19:53:30,126877.0,1.103486e-18,9.59340934278e-23,7702761,2019-05-28 19:53:30,XMR,68.17454206,0.0,0.00000001,XMR,9626402.6,0.0,0.00126877,58
1,[],5,[],2019-05-28 19:53:32,0.0,0,0,7702762,2019-05-28 19:53:32,btc,0.0,0.01066478,0,btc,0.0,0.0,0.0,61
1,[],22,[],2019-05-28 19:53:34,13613.833333333334,0.00000012,0.000000000010432476,7702763,2019-05-28 19:53:34,BTC,1002.29123003,0.0,0.00000012,BTC,15014.200177125656,0.0,0.00153269,61
1,[],26,[],2019-05-28 19:53:35,0.0,0.00000050,0.000000000043468649999999996,7702764,2019-05-28 19:53:35,btc,0.0,0.0,0.00000050,btc,0.0,0.0,0.0,61
1,[],27,[],2019-05-28 19:53:40,15549.0,0.0000002,0.000000000017387459999999998,7702765,2019-05-28 19:53:40,btc,1.9582485601246655,0.0,0.0000002,"btc,eth",11379.41563696,0.0,0.00288918,61
0,[],28,[],2019-05-28 19:53:42,0.0,0,0,7702766,2019-05-28 19:53:42,,0.0,727.0,0,,0.0,0.0,0.0,61
1,[],4,[],2019-05-28 19:53:43,979556.33545937,0.00000080,0.00000000006954983999999999,7702767,2019-05-28 19:53:43,btc,2.577362895812369,0.0,0.00000080,btc,848795.97091241,0.05497787,0.5723197900989404,67
0.0,[],25,[],2019-05-28 19:53:45,0.0,0,0,7702768,2019-05-28 19:53:45,,0.0,0.0,0.0,btc,0.0,0.0,0.0,67
1,[],12,[],2019-05-28 19:53:46,810304.0,0.00000005,0.0000000000043468649999999996,7702769,2019-05-28 19:53:46,btc,5.1691224330669305,0.0,0.00000005,btc,772707.97202793,3.8547951e-05,0.01754636,71
,[],5,[],2018-11-20 23:02:39,1.5e-07,0.00000005,0.000000000002128045,4862160,2018-11-20 23:02:39,btc,2.84511358,0.0,,btc,0.00036572,0.0,0.07381892,74
1,[],5,[],2019-05-28 19:53:48,0.0,0,0,7702770,2019-05-28 19:53:48,btc,0.0,0.02802183,0,btc,0.0,0.0,0.0,75
0,[],4,[],2019-05-25 21:33:44,0.0,0,0,7686249,2019-05-25 21:33:44,,133656.37989170782,0.0,0,,33439209.5909442,0.0,0.0,81
0,[],20,[],2019-01-25 09:30:31,0.0,0,0,6495923,2019-01-25 09:30:31,btc,0.0,0.0,0,btc,0.0,0.0,0.0,81
1,[],4,[],2019-05-28 19:53:49,33309.70428959,0.00011997,0.000000010429867881,7702771,2019-05-28 19:53:49,btc,23.534038643234464,0.0,0.00011997,btc,15839.02238424,5.69999193,0.874761514369989,82
1,[],21,[],2019-05-28 19:53:50,118679.2823471,0.0001223800000000000039700187582,0.000000010639386774,7702772,2019-05-28 19:53:50,btc,23.347380880395836,710405.55031217,0.0001223800000000000039700187581814816439873538911342620849609375,btc,132665.90442173,104.02292451,9.72008080799625,82
0,[],17,[],2019-03-25 22:42:34,0.0,0,0,7038780,2019-03-25 22:42:34,btc,0.0445064681804024,0.0,0,btc,995513.18476001,0.0,0.0,84
0.0000000001161485,[],4,[],2019-05-20 13:09:39,216715621.0206096,1.161485e-18,9.0533806701e-23,7657228,2019-05-20 13:09:39,ltc,1.6511566870244727,0.0,0.00000001,ltc,471032407.9048656,0.0,2.5171194308112273e-10,85
,[],22,[],2018-11-20 23:09:34,3408.1,0.0000001,0.0000000000041895,4862324,2018-11-20 23:09:34,BTC,0.04624735,0.0,,BTC,4990.0,0.0,0.00033081,86
1,[],22,[],2019-05-28 19:53:54,65156.0,0.00000001,0.000000000000869373,7702773,2019-05-28 19:53:54,BTC,1.45608405,0.0,0.00000001,BTC,314587.29736842104,0.0,0.00065156,87
0,[],27,[],2019-05-28 19:53:58,0.0,0,0,7702774,2019-05-28 19:53:58,,4.962566382816,0.0,0,btc,66120.49241,0.0,0.0,87
,[],2,[],2018-11-20 23:10:47,0.0,0,0,4862359,2018-11-20 23:10:47,,0.0,0.0,,,0.0,0.0,0.0,88
1,[],11,[],2019-05-28 19:54:00,282260.74246664,0.000080010000000000001366302904148852803700719960033893585205078125,0.000000006955853373,7702775,2019-05-28 19:54:00,btc,186.44135551789577,19705.8143977,0.000080010000000000001366302904148852803700719960033893585205078125,btc,238638.29303709,0.0,2.3265988598421883,89
0,[],2,[],2019-01-20 23:31:45,0.0,0,0,6477083,2019-01-20 23:31:45,,0.0,0.0,0,,0.0,0.0,0.0,91
0,[],17,[],2019-05-03 01:12:26,0.0,0,0,7559096,2019-05-03 01:12:26,btc,0.0,0.0,0,btc,0.0,0.0,0.0,91
1,[],12,[],2019-05-28 19:54:01,199775.04645318,0.00000029,0.000000000025211816999999998,7702776,2019-05-28 19:54:01,btc,87.63770762661449,0.0,0.00000029,btc,104520.84555554,0.002184699853,0.0106829946999938,91
1,[],22,[],2019-05-28 19:56:06,75910.55,0.0000002,0.000000000017387459999999998,7702777,2019-05-28 19:56:06,BTC,0.495,0.0,0.0000002,"BTC,LTC",4.95,0.0,0.00165931,91
1,[],22,[],2019-04-09 20:17:52,374949.73333333334,0.00000015,0.000000000007771935,7235704,2019-04-09 20:17:52,BTC,6.87372503,0.0,0.00000015,"BTC,LTC",159980.01196797504,1.1e-05,0.80510266,95
0,[],17,[],2019-05-03 01:12:32,0.0,0,0,7559100,2019-05-03 01:12:32,btc,0.0,0.0,0,btc,0.0,0.0,0.0,96
0.00000000013192199999999999,[],4,[],2019-05-28 19:56:07,556868424.4583035,3.034206e-17,2.6378567728379997e-21,7702778,2019-05-28 19:56:07,ltc,11.346369954282718,0.0,0.00000023,ltc,153934498.97246394,0.0,1.1538439445199483e-09,96
0,[],12,[],2019-05-28 19:56:07,0.0,0,0,7702779,2019-05-28 19:56:07,btc,10.510150150379621,0.0,0,btc,7826059.03796204,0.0,0.0,96
1,[],4,[],2019-04-14 03:32:46,1039404.33283278,0.00000038,0.000000000019245518,7293458,2019-04-14 03:32:46,btc,4.170086055365747,0.0,0.00000038,btc,3097704.34561074,0.06260606,0.1859928211030784,99
1,[],4,[],2019-05-28 19:19:05,201336.76493254,0.00001700,0.0000000014833979000000002,7702620,2019-05-28 19:19:05,btc,6.757052005035539,0.0,0.00001700,btc,132281.63316062,0.5964911,0.3196706357756269,100
0,[],2,[],2019-01-20 23:23:55,0.0,0,0,6476914,2019-01-20 23:23:55,,0.0,0.0,0,,0.0,0.0,0.0,100
1,[],22,[],2019-05-28 19:19:09,150000.0,0.00000002,0.0000000000017451740000000002,7702621,2019-05-28 19:19:09,BTC,24.83526409,0.0,0.00000002,BTC,11187.719,0.0,0.0017,101
1,[],4,[],2019-05-28 19:19:11,503345.32760801,0.00000148,0.000000000129142876,7702622,2019-05-28 19:19:11,btc,362.11505508589045,0.0,0.00000148,btc,589858.65023766,0.06510443,0.1260259838599201,103
1,[],12,[],2019-05-28 19:19:13,139547146.83268034,0.000000004,0.00000000000034903480000000007,7702623,2019-05-28 19:19:13,btc,2380.5238510210797,0.0,0.000000004,btc,61512769.60989514,0.00701422776,0.16796152733072142,105
1,[],27,[],2019-05-28 19:19:18,10990.0,0.00000001,0.0000000000008725870000000001,7702624,2019-05-28 19:19:18,btc,0.2582997120459794,168024.66656843,0.00000001,btc,562253.57828866,0.01344197,0.0001099,105
1,[],22,[],2019-04-21 00:17:26,21333.0,0.00000001,0.000000000000532493,7385819,2019-04-21 00:17:26,BTC,51.38182867,0.0,0.00000001,BTC,470435.0,0.0,0.00021333,107
1,[],26,[],2019-04-21 00:17:26,0.0,0.00000000,0,7385820,2019-04-21 00:17:26,btc,0.0,0.0,0.00000000,btc,0.0,0.0,0.0,107
1,[],5,[],2019-05-28 19:19:20,0.0,0,0,7702625,2019-05-28 19:19:20,btc,0.0,0.0,0,btc,0.0,0.0,0.0,112
0,[],22,[],2019-05-28 19:19:23,0.0,0,0,7702626,2019-05-28 19:19:23,,2.79635781,0.0,0,,3274992.0833333335,0.0,0.0,112
1,[],27,[],2019-05-28 19:19:29,1.0,0.00000001,0.0000000000008725870000000001,7702627,2019-05-28 19:19:29,btc,1.15032588,0.0,0.00000001,"btc,eth",1818.0,0.0,1e-08,112
1,[],4,[],2019-05-28 19:19:31,191912.4287809,0.00000083,0.00000000007242472100000001,7702628,2019-05-28 19:19:31,btc,4.1608620064927875,0.0,0.00000083,btc,544925.82635786,0.00745537,0.106062385315362,113
1,[],5,[],2019-05-28 19:21:31,0.0,0,0,7702629,2019-05-28 19:21:31,btc,0.0,0.0,0,btc,0.0,0.0,0.0,113
1,[],17,[],2019-04-26 02:17:47,162738.278,0.00000004,0.0000000000021069000000000002,7461287,2019-04-26 02:17:47,btc,1.3331140273775473,0.0,0.00000004,btc,51796.221,0.0,0.00230953112,116
1,[],27,[],2019-05-22 05:13:01,210000.0,0.00000001,0.00000000000079145,7666372,2019-05-22 05:13:01,btc,3919.0005001478,0.0,0.00000001,btc,128660.871,0.0,0.0021,116
1,[],4,[],2019-05-21 22:31:11,138169.03963019,0.00000701,0.000000000558364025,7664793,2019-05-21 22:31:11,btc,150.95388250938234,0.0,0.00000701,btc,344631.17141974,0.07552974,0.4288357684941946,120
1,[],7,[],2019-05-21 22:31:12,3901.07750076,0.000010679999999999999389654892212320191902108490467071533203125,0.0000000008506887,7664794,2019-05-21 22:31:12,btc,231188.94669936574,0.0,0.000010679999999999999389654892212320191902108490467071533203125,btc,4133.83151364,0.0,0.0113888422364489,120
1,[],20,[],2019-04-07 18:42:29,1914137.0852,0.000000035,0.0000000000017871910000000002,7211992,2019-04-07 18:42:29,btc,32.2497668025648,25528.85,0.000000035,btc,1001975.4986,0.00089350975,0.0152723574729,125
1,[],22,[],2019-05-28 19:21:34,10000.0,0.00000001,0.0000000000008725870000000001,7702630,2019-05-28 19:21:34,BTC,0.032061,0.0,0.00000001,BTC,299316.7611111111,0.0,0.0001,126
1,[],4,[],2019-05-28 19:21:37,239617.95271443,0.00000699,0.000000000609938313,7702631,2019-05-28 19:21:37,btc,4.764192064315148,0.0,0.00000699,btc,167427.84167161,0.29696901,0.4476533183329716,131
0,[],2,[],2019-01-20 23:25:46,0.0,0,0,6476969,2019-01-20 23:25:46,,0.0,0.0,0,,0.0,0.0,0.0,131
1,[],17,[],2019-05-03 01:13:10,10000.0,0.00000001,0.000000000000548003,7559115,2019-05-03 01:13:10,btc,0.0953976503951408,0.0,0.00000001,btc,5037.62507334,0.0,0.0001,131
1,[],4,[],2019-05-28 19:23:38,4743.38092354,0.00007919,0.000000006910016453000001,7702632,2019-05-28 19:23:38,btc,5.03217546207057,0.0,0.00007919,btc,202.13055914,0.0,0.0069232248090504,135
1,[],3,[],2019-05-28 19:23:39,124652.22392675,0.00000001,0.0000000000008725870000000001,7702633,2019-05-28 19:23:39,btc,0.216038631810976,1577354.09937,0.00000001,btc,1780267.69168451,0.0,0.0012465222392675,136
1,[],4,[],2019-05-28 19:23:40,2574854.9966178,0.00000185,0.00000000016142859500000003,7702634,2019-05-28 19:23:40,btc,107.61590586131439,0.0,0.00000185,btc,492620.2087179,0.07086031,0.6166781425119399,137
1,[],12,[],2019-05-28 19:23:42,88300.81431199,0.00000181999999999999993881738720447049928452543099410831928253173828125,0.00000000015881083400000002,7702635,2019-05-28 19:23:42,btc,57.77960510864417,0.0,0.00000181999999999999993881738720447049928452543099410831928253173828125,btc,49257.60942518,0.001551862787,0.0169144499999359,137
1,[],4,[],2019-05-28 19:23:43,59225.47363481,0.00001883,0.0000000016430813210000001,7702636,2019-05-28 19:23:43,btc,9.532020653220503,0.0,0.00001883,btc,145446.4761474,2.29788146,0.3589480512212746,142
1,[],5,[],2019-05-28 19:23:45,0.0,0,0,7702637,2019-05-28 19:23:45,btc,0.0,0.08865172,0,btc,0.0,0.0,0.0,142
1,[],20,[],2019-05-28 19:25:48,208906.4588,0.00001423,0.0000000012416913010000002,7702638,2019-05-28 19:25:48,btc,1.6082593050979,697.0976,0.00001423,btc,9827.9939,0.010067871869,0.0177995703395,142
1,[],22,[],2019-05-28 19:25:51,11028.645,0.00001000,0.0000000008725870000000001,7702639,2019-05-28 19:25:51,BTC,3.2754788,0.0,0.00001000,BTC,1133.9993657797618,0.0,0.00745365,142
0.0,[],25,[],2019-05-28 19:25:53,0.0,0,0,7702640,2019-05-28 19:25:53,,0.0,0.0,0.0,btc,0.0,0.0,0.0,142
0,[],28,[],2019-05-28 19:26:31,0.0,0,0,7702641,2019-05-28 19:26:31,,0.0,0.0,0,,0.0,0.0,0.0,142
1,[],17,[],2019-05-03 01:13:16,32967.38636364,0.00000088,0.000000000048224264,7559122,2019-05-03 01:13:16,btc,20.06976206696776,0.0,0.00000088,btc,2746.079105,0.0,0.0105613000000032,142
0,[],22,[],2019-05-28 19:26:35,0.0,0,0,7702642,2019-05-28 19:26:35,,65.51518676,0.0,0,,839924755.3,0.0,0.0,143
0,[],22,[],2019-02-25 15:42:22,0.0,0,0,6783783,2019-02-25 15:42:22,,4.2131946,0.0,0,,2322156.0,0.0,0.0,146
,[],22,[],2018-11-20 23:01:11,0.0,0,0,4862114,2018-11-20 23:01:11,,2.56807021,0.0,,,61828.4988236,0.0,0.0,147
1,[],12,[],2019-04-21 06:38:04,193091.5971266,0.00000071,0.000000000037635183,7388679,2019-04-21 06:38:04,btc,2.301232411611175,0.0,0.00000071,btc,9957.48302385,0.00023528,0.0313308199999888,148
1,[],4,[],2019-03-19 21:31:25,255810.0415942,0.00000029,0.000000000011615747,6982695,2019-03-19 21:31:25,btc,218.94922712414143,0.0,0.00000029,btc,793529.37642722,0.00117,0.0608347789473395,152
0,[],22,[],2019-03-19 21:31:27,0.0,0,0,6982696,2019-03-19 21:31:27,,0.0,0.0,0,,0.0,0.0,0.0,152
1,[],5,[],2019-04-26 09:36:59,0.0,0,0,7465040,2019-04-26 09:36:59,btc,0.0,0.0,0,btc,0.0,0.0,0.0,153
,[],16,[],2019-01-11 15:38:59,0.0,0,0,6366141,2019-01-11 15:38:59,btc,0.0,0.0,,btc,0.0,0.0,0.0,155
0,[],22,[],2019-05-28 19:26:41,0.0,0,0,7702643,2019-05-28 19:26:41,,7.44455324,0.0,0,,5955762.942592593,0.0,0.0,156
0,[],23,[],2019-01-20 23:24:29,0.0,0,0,6476932,2019-01-20 23:24:29,,0.0,0.0,0,,0.0,0.0,0.0,156
1,[],22,[],2019-05-28 19:26:44,6996.0,0.00000001,0.0000000000008725870000000001,7702644,2019-05-28 19:26:44,BTC,1.76021712,0.0,0.00000001,BTC,157.24105780640787,0.0,6.996e-05,157
0,[],22,[],2019-05-21 23:40:32,0.0,0,0,7665049,2019-05-21 23:40:32,,50234.60468402,0.0,0,,54786159.03179465,0.0,0.0,158
,[],17,[],2018-11-20 22:56:10,0.0,0,0,4861976,2018-11-20 22:56:10,btc,1.1265625,0.0,,btc,1000.0,0.0,0.0,159
,[],20,[],2018-11-20 22:56:12,0.0,0,0,4861977,2018-11-20 22:56:12,btc,11912.7940471,0.0,,btc,34413894.3617,0.0,0.0,159
1,[],12,[],2019-05-24 02:51:20,9178.522006449999,0.00000191999999999999982841307998027158276954651228152215480804443359375,0.000000000151222656,7676256,2019-05-24 02:51:20,btc,149.80414728631675,0.0,0.00000191999999999999982841307998027158276954651228152215480804443359375,btc,1115.7451448499999,0.01783167678326,0.0120075778999181,168
1,[],17,[],2019-05-03 01:13:36,42852.0,0.00000002,0.000000000001096006,7559132,2019-05-03 01:13:36,btc,0.04279856251542,0.0,0.00000002,btc,274.46171372,0.0,0.00052852,168
1,[],22,[],2019-05-17 03:01:52,10.0,0.00000001,0.000000000000778341,7642059,2019-05-17 03:01:52,BTC,41.95893009,0.0,0.00000001,BTC,1753972.7737547632,0.0,1e-07,169
1,[],22,[],2019-05-28 19:26:49,208664.0,0.00000003,0.000000000002617761,7702645,2019-05-28 19:26:49,BTC,27.86993734,0.0,0.00000003,BTC,462189.5785507793,0.0,0.00238192,171
1,[],22,[],2019-05-28 19:26:53,349870.0,0.00000002,0.0000000000017451740000000002,7702646,2019-05-28 19:26:53,BTC,24.0589665,0.0,0.00000002,"BTC,LTC",1220594.4355616204,0.0,0.0039847,173
1,[],5,[],2019-05-28 19:26:55,0.0,0,0,7702647,2019-05-28 19:26:55,btc,0.0,0.01499846,0,btc,0.0,0.0,0.0,175
1,[],22,[],2019-05-28 19:27:00,90671.0,0.00000001,0.0000000000008725870000000001,7702648,2019-05-28 19:27:00,BTC,394.35459412,0.0,0.00000001,BTC,136275.61833431243,0.0,0.00090671,176
1,[],7,[],2019-05-28 19:27:01,0.0,0,0,7702649,2019-05-28 19:27:01,btc,522274.25947484357,0.0,0,btc,26937838.34310775,0.0,0.0,178
0,[],22,[],2019-05-28 19:27:04,0.0,0,0,7702650,2019-05-28 19:27:04,,1.00242428,0.0,0,,57512.0,0.0,0.0,178
0,[],2,[],2019-01-20 23:28:34,0.0,0,0,6477001,2019-01-20 23:28:34,,0.0,0.0,0,,0.0,0.0,0.0,178
1,[],5,[],2019-05-28 19:27:05,0.0,0,0,7702651,2019-05-28 19:27:05,btc,0.0,0.00906461,0,btc,0.0,0.0,0.0,179
0,[],22,[],2019-05-28 19:27:07,0.0,0,0,7702652,2019-05-28 19:27:07,,5.31816813,0.0,0,,13447409.311946675,0.0,0.0,179
0,[],23,[],2019-01-20 23:25:08,0.0,0,0,6476952,2019-01-20 23:25:08,,0.0,0.0,0,,0.0,0.0,0.0,179
1,[],22,[],2019-05-28 19:29:11,670239.6206446359,0.00000125,0.00000000010907337500000001,7702653,2019-05-28 19:29:11,BTC,39.20231247,0.0,0.00000125,"BTC,LTC",154045.9290454289,0.02863151,0.56944199,180
1,[],26,[],2019-05-28 19:29:11,0.0,0.00000010,0.00000000000872587,7702654,2019-05-28 19:29:11,btc,0.0,0.0,0.00000010,btc,0.0,0.0,0.0,180
1,[],17,[],2019-05-03 01:13:56,20504.725000000002,0.0000001,0.00000000000548003,7559141,2019-05-03 01:13:56,btc,5.2010695838400265,0.0,0.0000001,btc,5033.45945,0.0,0.0011504725,180
,[],7,[],2018-11-20 22:58:01,562227.975654,0.00000085,0.000000000036176765,4862015,2018-11-20 22:58:01,btc,21836.6059674,2491.87645172,,btc,749999.041456,0.00211021,0.127565380455,183
,[],5,[],2019-01-10 08:11:41,0.0,0,0,6347036,2019-01-10 08:11:41,btc,82.15055501,0.00261,,btc,1.19002445,0.0,0.0,187
,[],17,[],2018-11-16 20:58:10,4062536.27273,0.00000001,0.000000000000550501,4708775,2018-11-16 20:58:10,btc,3.36492563466,0.195460381006,,"btc,eth",110697919.549,0.0,0.0157628953496,187
1,[],24,[],2019-05-22 21:04:52,0.0,0.000000000014,0.0000000000000010960978,7670219,2019-05-22 21:04:52,btc,0.0,0.0,0.000000000014,btc,0.0,0.0,0.0,187
0,[],22,[],2019-04-25 02:54:07,0.0,0,0,7447896,2019-04-25 02:54:07,,7.54794454,0.0,0,,76361.7243344055,0.0,0.0,191
0,[],22,[],2019-05-28 19:29:15,0.0,0,0,7702655,2019-05-28 19:29:15,,0.0,0.0,0,,0.0,0.0,0.0,197
0,[],23,[],2019-01-20 23:31:41,0.0,0,0,6477079,2019-01-20 23:31:41,,0.0,0.0,0,,0.0,0.0,0.0,199
0,[],22,[],2019-05-28 19:29:19,0.0,0,0,7702656,2019-05-28 19:29:19,,10.9548544,0.0,0,,99450037.0,0.0,0.0,199
1,[],26,[],2019-05-28 19:29:19,0.0,0.00000000,0,7702657,2019-05-28 19:29:19,btc,0.0,0.0,0.00000000,btc,0.0,0.0,0.0,199
0,[],2,[],2019-01-20 23:30:49,0.0,0,0,6477059,2019-01-20 23:30:49,,0.0,0.0,0,,0.0,0.0,0.0,201
1,[],4,[],2019-01-25 15:51:35,2084389.58565343,0.00000936,0.000000000333526752,6499557,2019-01-25 15:51:35,btc,2.0092503037378524,0.0,0.00000936,btc,160195.80207885,0.19272417,1.242687955921835,211
1,[],7,[],2019-05-28 18:51:36,1176915337.3123684,0.00000042,0.000000000036674904,7702496,2019-05-28 18:51:36,btc,15202333.184017966,493806.464969,0.00000042,btc,8846483.5535447,0.0,13.165486342435127,212
1,[],12,[],2019-01-25 02:44:32,207462.42853209,0.000001080000000000000035831255497387193287295303889550268650054931640625,0.000000000038610756000000006,6493050,2019-01-25 02:44:32,btc,85023.03793723314,0.0,0.000001080000000000000035831255497387193287295303889550268650054931640625,btc,43675.73520027,0.000146250909087,0.0348620860622024,213
1,[],5,[],2019-05-28 19:31:23,0.0,0,0,7702658,2019-05-28 19:31:23,btc,0.0,0.03981838,0,btc,0.0,0.0,0.0,213
1,[],24,[],2019-05-28 19:31:23,0.0,0.000000399202,0.000000000034833847557400007,7702659,2019-05-28 19:31:23,btc,0.0,0.0,0.000000399202,btc,0.0,0.0,0.0,213
1,[],26,[],2019-05-28 19:31:23,0.0,0.00000040,0.00000000003490348,7702660,2019-05-28 19:31:23,btc,0.0,0.0,0.00000040,btc,0.0,0.0,0.0,213
0,[],22,[],2019-05-28 19:31:26,0.0,0,0,7702661,2019-05-28 19:31:26,,9.61445386,0.0,0,,3661587.094064925,0.0,0.0,216
1,[],27,[],2019-05-28 19:31:32,0.0,0.00000001,0.0000000000008725870000000001,7702662,2019-05-28 19:31:32,btc,70.5880131980052,13018.0,0.00000001,"btc,ltc",384818.40768,0.00026036,0.0,216
1,[],22,[],2019-05-28 19:31:36,635165.0,0.00000022,0.000000000019196914,7702663,2019-05-28 19:31:36,BTC,12057.77249788,0.0,0.00000022,BTC,525981.3424389763,0.02007617,0.030482,217
1,[],7,[],2019-05-28 19:31:37,0.0,0,0,7702664,2019-05-28 19:31:37,btc,1234864.1215096698,0.0,0,btc,165745512.9208393,0.0,0.0,219
1,[],27,[],2019-05-28 19:31:42,1002170.963757,0.00000001,0.0000000000008725870000000001,7702665,2019-05-28 19:31:42,btc,0.47477540512961,5434176.036243,0.00000001,btc,3821159.728297,0.16302528,0.01002170963757,219
0,[],28,[],2019-05-28 19:33:04,0.0,0,0,7702666,2019-05-28 19:33:04,,0.0,22222.354,0,,0.0,0.0,0.0,219
1,[],22,[],2019-05-23 16:41:05,172069.0,0.00000004,0.0000000000031167080000000004,7674065,2019-05-23 16:41:05,BTC,56.76466137,0.0,0.00000004,BTC,127061.6482738741,0.0,0.00393676,221
1,[],24,[],2019-05-23 16:41:05,0.0,0.000000010000,0.0000000000007791770000000001,7674066,2019-05-23 16:41:05,btc,0.0,0.0,0.000000010000,btc,0.0,0.0,0.0,221
1,[],20,[],2019-05-28 19:33:08,6872350.3644,0.000000002,0.0000000000001745174,7702667,2019-05-28 19:33:08,btc,100050.78026717002,7795.1168,0.000000002,btc,45349076.9009,1.55902336e-05,0.0069634632476,224
0,[],22,[],2019-05-28 19:33:10,0.0,0,0,7702668,2019-05-28 19:33:10,,0.0,0.0,0,,0.0,0.0,0.0,224
1,[],26,[],2019-05-28 19:33:10,0.0,0.00000025,0.000000000021814675,7702669,2019-05-28 19:33:10,btc,0.0,0.0,0.00000025,btc,0.0,0.0,0.0,231
1,[],26,[],2019-05-28 19:33:10,0.0,0.00000006,0.000000000005235522,7702670,2019-05-28 19:33:10,btc,0.0,0.0,0.00000006,btc,0.0,0.0,0.0,234
0,[],27,[],2019-05-28 19:33:17,0.0,0,0,7702671,2019-05-28 19:33:17,,0.01134836604,0.0,0,"btc,eth",11462.996,0.0,0.0,234
1,[],4,[],2019-05-22 17:06:12,91780.56053785,0.00000078,0.000000000061977552,7669277,2019-05-22 17:06:12,btc,5.573372450018177,0.0,0.00000078,btc,729173.93529783,0.0,0.0307060663355679,236
1,[],24,[],2019-05-22 17:06:12,0.0,0.000000010000,0.000000000000794584,7669278,2019-05-22 17:06:12,btc,0.0,0.0,0.000000010000,btc,0.0,0.0,0.0,236
1,[],5,[],2019-05-28 19:33:20,0.0,0,0,7702672,2019-05-28 19:33:20,btc,0.0,0.23081484,0,btc,0.0,0.0,0.0,237
1,[],20,[],2019-05-28 19:33:22,120845675.3482,0.00000004,0.0000000000034903480000000004,7702673,2019-05-28 19:33:22,btc,58794.20741878083,5012205.5757,0.00000004,btc,43717646.576,0.1939487057552,0.4945048403595,237
1,[],22,[],2019-05-28 19:33:26,288100.0,0.00000003,0.000000000002617761,7702674,2019-05-28 19:33:26,BTC,1.20267422,0.0,0.00000003,"BTC,LTC",17930.94871794872,0.0,0.007541,237
1,[],4,[],2019-05-28 19:33:27,26939380.13468245,0.00000012,0.000000000010471044,7702675,2019-05-28 19:33:27,btc,2.805882252253912,0.0,0.00000012,btc,8634859.71839164,0.10234907,0.5641968611994405,238
1,[],5,[],2019-05-28 19:33:29,0.0,0,0,7702676,2019-05-28 19:33:29,btc,0.0,0.00375481,0,btc,0.0,0.0,0.0,238
0,[],22,[],2019-03-12 16:49:32,0.0,0,0,6914458,2019-03-12 16:49:32,,0.40415746,0.0,0,,526736.5639027493,0.0,0.0,249
0,[],22,[],2019-05-28 19:33:33,0.0,0,0,7702677,2019-05-28 19:33:33,,13.44714864,0.0,0,,43777534.3426455,0.0,0.0,252
0,[],28,[],2019-05-28 19:34:18,0.0,0,0,7702678,2019-05-28 19:34:18,,0.0,336131.1,0,,0.0,0.0,0.0,256
1,[],22,[],2019-05-28 19:34:21,1039243.0,0.00000001,0.0000000000008725870000000001,7702679,2019-05-28 19:34:21,BTC,21.85885958,0.0,0.00000001,BTC,542925.7509808998,0.00012386,0.01039243,258
1,[],22,[],2019-05-19 18:12:02,400.0,0.00000001,0.0000000000007957800000000001,7653905,2019-05-19 18:12:02,BTC,2.415167,0.0,0.00000001,BTC,157.0,0.0,4e-06,259
1,[],5,[],2019-05-28 19:34:23,0.0,0,0,7702680,2019-05-28 19:34:23,btc,0.0,0.1060517,0,btc,0.0,0.0,0.0,264
1,[],20,[],2019-05-28 19:34:24,984369.7308,0.00000021,0.000000000018324327,7702681,2019-05-28 19:34:24,btc,0.9781749883409,40133.7728,0.00000021,btc,52160.9707,0.02408026368,0.0117737224134,264
0,[],22,[],2019-04-12 17:57:27,0.0,0,0,7278186,2019-04-12 17:57:27,,66.37522201,0.0,0,,677842.4169881374,0.0,0.0,271
0,[],22,[],2019-05-28 19:34:27,0.0,0,0,7702682,2019-05-28 19:34:27,,33050470.74998113,0.0,0,,14361377780.7,0.0,0.0,272
0,[],28,[],2019-05-28 19:34:29,0.0,0,0,7702683,2019-05-28 19:34:29,,0.0,23932357216.576,0,,0.0,0.0,0.0,272
1,[],22,[],2019-05-23 07:12:29,219930.0,0.00000004,0.000000000003048688,7671985,2019-05-23 07:12:29,BTC,426.77835217,0.0,0.00000004,BTC,248664.3325962929,0.0,0.00739728,281
1,[],22,[],2019-05-28 19:34:34,274091.1,0.00000003,0.000000000002617761,7702684,2019-05-28 19:34:34,BTC,31.64366728,0.0,0.00000003,"BTC,LTC",1358310.025529804,0.01304986,0.01143338,286
0,[],22,[],2019-05-28 19:34:36,0.0,0,0,7702685,2019-05-28 19:34:36,,7337904.96568486,0.0,0,,2004620112.6797826,0.0,0.0,294
