pairValue,buyBook,exchangeId,sellBook,updated,buyTotal,satoshiPrice,usdPrice,exchangeLogId,created,bestPair,sellTotalBtc,volume,pairPrice,activePairs,sellTotal,volumeBtc,buyTotalBtc,coinId
1,[],3,[],2019-03-01 10:58:05,30540.04477396996,0.01248984000000000031682656498333017225377261638641357421875,0.000000478014903432,6818414,2019-03-01 10:58:05,btc,61.07681011019499,0.0400073,0.01248984000000000031682656498333017225377261638641357421875,btc,22.573667326169,0.0,0.30616880197255447,1
1,[],4,[],2019-03-01 10:58:07,208051.00761937,0.01261686,0.000000482876250978,6818415,2019-03-01 10:58:07,btc,9.219578779220434,0.0,0.01261686,btc,262.48550368,0.91225694,2.924361911458268,1
1,[],5,[],2019-03-01 10:58:10,0.0,0,0,6818416,2019-03-01 10:58:10,btc,0.0,0.04549203,0,btc,0.0,0.0,0.0,1
1,[],10,[],2019-03-01 10:58:13,414804.15989718,0.01035211,0.000000396199059553,6818417,2019-03-01 10:58:13,btc,6520.687341275605,1640.24722645,0.01035211,btc,966.24549302,0.0,5.704183850609036,1
1,[],12,[],2019-03-01 10:58:15,10441.38114719,0.01255000000000000039135361618036768049933016300201416015625,0.0000004803173650000001,6818418,2019-03-01 10:58:15,btc,0.564210056924,0.0,0.01255000000000000039135361618036768049933016300201416015625,btc,35.28772413,0.3362422425047,0.3938431296682,1
1,[],20,[],2019-03-01 10:58:17,1151.4783,0.01151,0.000000440514173,6818419,2019-03-01 10:58:17,btc,0.0662082325693,0.0466,0.01151,btc,3.0133,0.000489766,0.0946511826215,1
1,[],21,[],2019-03-01 11:00:17,1969.71025624,0.01254080999999999945782036548,0.000000479965642563,6818420,2019-03-01 11:00:17,btc,16.840962031220034,1172.21267154,0.01254080999999999945782036547825555317103862762451171875,btc,1306.76533947,14.74116989,24.423666485245164,1
1,[],22,[],2019-03-01 11:00:21,0.006382215384615385,0.01300000,0.0000004975399,6818421,2019-03-01 11:00:21,BTC,0.31439419,0.0,0.01300000,BTC,0.12751438772928525,0.0,7.978e-05,1
1,[],24,[],2019-03-01 11:00:22,0.0,0.000000000000,0,6818422,2019-03-01 11:00:22,btc,0.0,0.0,0.000000000000,btc,0.0,0.0,0.0,1
0.0,[],25,[],2019-03-01 11:00:23,0.0,0,0,6818423,2019-03-01 11:00:23,btc,8.315799998722946,791.65021047,0.0,btc,640.28425319,10.0529,0.0,1
1,[],26,[],2019-03-01 11:00:24,0.0,0,0,6818424,2019-03-01 11:00:24,,0.0,0.0,0,,0.0,0.0,0.0,1
1,[],28,[],2019-03-01 11:00:25,993.142,0.01323000,0.000000506342529,6818425,2019-03-01 11:00:25,btc,0.162839806,18486.9,0.01323000,btc,8.9,0.0,0.089302756,1
0,[],2,[],2019-01-20 23:28:45,0.0,0,0,6477011,2019-01-20 23:28:45,,0.0,0.0,0,,0.0,0.0,0.0,1
1,[],5,[],2019-03-01 11:00:26,0.0,0,0,6818426,2019-03-01 11:00:26,btc,0.0,0.02463135,0,btc,0.0,0.0,0.0,2
0,[],22,[],2019-03-01 11:00:29,0.0,0,0,6818427,2019-03-01 11:00:29,,0.0,0.0,0,,0.0,0.0,0.0,2
1,[],5,[],2019-03-01 11:00:31,0.0,0,0,6818428,2019-03-01 11:00:31,btc,0.0,0.88357182,0,btc,0.0,0.0,0.0,3
1,[],12,[],2019-03-01 11:00:33,13201467.2321,0.000000173,0.0000000000066211079,6818429,2019-03-01 11:00:33,btc,924396.5520057621,0.0,0.000000173,btc,8216258.41091907,0.04508018164050937,0.6565819102643,3
0,[],28,[],2019-03-01 11:00:34,0.0,0,0,6818430,2019-03-01 11:00:34,,0.0,0.0,0,,0.0,0.0,0.0,3
0,[],2,[],2019-01-20 23:31:32,0.0,0,0,6477077,2019-01-20 23:31:32,,0.0,0.0,0,,0.0,0.0,0.0,4
1,[],4,[],2019-03-01 11:00:36,394621.33670529,0.00000033,0.000000000012629859,6818431,2019-03-01 11:00:36,btc,31.987237109656288,0.0,0.00000033,btc,711465.54491406,0.0,0.0533407894865769,4
1,[],12,[],2019-03-01 09:25:10,1365307.18866667,0.00000003,0.000000000001151937,6817595,2019-03-01 09:25:10,btc,11013925.630790796,0.0,0.00000003,btc,1265766.42361994,0.0032488055644356,0.0204712504400001,5
0,[],2,[],2019-01-20 23:31:51,0.0,0,0,6477087,2019-01-20 23:31:51,,0.0,0.0,0,,0.0,0.0,0.0,6
1,[],11,[],2019-03-01 11:00:38,6434308.5,0.00000002,0.000000000000765446,6818432,2019-03-01 11:00:38,btc,9568.047454252814,663111.0,0.00000002,btc,41614050.07452957,0.0,0.086161005,6
1,[],3,[],2019-03-01 11:00:38,1078.300764522044,0.0001510600000000000072038208731584063571062870323657989501953125,0.000000005781413638000001,6818433,2019-03-01 11:00:38,btc,26.3363151709563,0.0,0.0001510600000000000072038208731584063571062870323657989501953125,btc,247.537822229004,0.0,0.03284743781632565,7
1,[],4,[],2019-03-01 11:00:39,88037.93910153,0.00022060,0.00000000844286938,6818434,2019-03-01 11:00:39,btc,10.290136434042122,0.0,0.00022060,btc,35272.70649973,5.1999527,4.3284966136521685,7
1,[],5,[],2019-03-01 11:00:41,0.0,0,0,6818435,2019-03-01 11:00:41,btc,0.0,0.97517313,0,btc,0.0,0.0,0.0,7
1,[],20,[],2019-02-20 02:16:17,39399275.8418,0.000000001,0.0000000000000390183,6728586,2019-02-20 02:16:17,btc,116.9737569154545,525.0,0.000000001,btc,56932965.8895,5.25e-07,0.0393992758418,8
0,[],2,[],2019-01-20 23:22:42,0.0,0,0,6476876,2019-01-20 23:22:42,,0.0,0.0,0,,0.0,0.0,0.0,9
0,[],23,[],2019-01-20 23:22:48,0.0,0,0,6476878,2019-01-20 23:22:48,,0.0,0.0,0,,0.0,0.0,0.0,9
1,[],4,[],2019-03-01 11:01:14,1964863.65204823,0.00000170,0.00000000006506291,6818436,2019-03-01 11:01:14,btc,7.134475126559586,0.0,0.00000170,btc,2988102.84739777,1.83494586,0.6801917694206967,9
1,[],28,[],2019-03-01 11:01:15,77443.22,0.00000181,0.000000000069272863,6818437,2019-03-01 11:01:15,btc,2708.763406715895,3491200.76,0.00000181,btc,12476.4655,0.0,0.08566102433,9
1,[],1,[],2019-02-17 23:31:42,1822507.21,0.00000181000000000000003456111265232042484285557293333113193511962890625,0.000000000066086901,6701244,2019-02-17 23:31:42,btc,3.6990969245,17153386.5,0.00000181000000000000003456111265232042484285557293333113193511962890625,btc,1997391.71,31.11772986,3.2610482446,9
1,[],4,[],2019-02-17 11:22:43,4341674.27126056,0.00000002,0.0000000000007272960000000001,6696112,2019-02-17 11:22:43,btc,0.1997230937751353,0.0,0.00000002,btc,4109766.79808031,0.00215132,0.0479381022052112,10
0,[],2,[],2019-01-20 23:23:08,0.0,0,0,6476890,2019-01-20 23:23:08,,0.0,0.0,0,,0.0,0.0,0.0,12
1,[],4,[],2019-03-01 11:01:16,4144817.70660737,0.00000119,0.000000000045544037,6818438,2019-03-01 11:01:16,btc,10.073663831959943,0.0,0.00000119,btc,5823302.10678353,2.64225397,2.1599265708666384,12
1,[],5,[],2019-03-01 11:01:17,0.0,0,0,6818439,2019-03-01 11:01:17,btc,0.0,0.12934268,0,btc,0.0,0.0,0.0,12
0.0,[],25,[],2019-03-01 11:01:19,0.0,0,0,6818440,2019-03-01 11:01:19,,0.0,0.0,0.0,btc,0.0,0.0,0.0,12
1,[],4,[],2019-03-01 11:01:20,31921261.61801064,0.00000543,0.000000000207818589,6818441,2019-03-01 11:01:20,btc,2.997342270565048,0.0,0.00000543,btc,420259.07466211,0.21523097,0.6530794512539534,13
1,[],10,[],2019-03-01 11:01:24,401178.79364048,0.00000559,0.000000000213942157,6818442,2019-03-01 11:01:24,btc,666802.61054179,5194.19029279,0.00000559,btc,744884.7433745,0.0,0.259456035853238,13
1,[],21,[],2019-03-01 11:01:26,828437.29246721,0.000005650000000000000114903746240,0.000000000216238495,6818443,2019-03-01 11:01:26,btc,6.004238181301009,214974.76337066,0.000005650000000000000114903746240013759916109847836196422576904296875,btc,951694.17221059,1.22453421,4.397595100907978,13
1,[],4,[],2019-03-01 11:01:27,682398.27702016,0.00000144,0.000000000055112112,6818444,2019-03-01 11:01:27,btc,556.1902509683516,0.0,0.00000144,btc,861188.83714005,0.16472344,0.1260636436380601,14
1,[],12,[],2019-03-01 11:01:28,216902.68345787,0.000001260000000000000006510091944689211373997750342823565006256103515625,0.000000000048223098,6818445,2019-03-01 11:01:28,btc,5.28680945628453,0.0,0.000001260000000000000006510091944689211373997750342823565006256103515625,btc,29319.10027682,0.0020987456799724,0.0249902399998912,14
0,[],17,[],2019-03-01 11:01:29,0.0,0,0,6818446,2019-03-01 11:01:29,btc,0.0,0.0,0,btc,0.0,0.0,0.0,14
1,[],26,[],2019-03-01 11:01:30,0.0,0.00000050,0.000000000019136150000000002,6818447,2019-03-01 11:01:30,btc,0.0,0.0,0.00000050,btc,0.0,0.0,0.0,14
0,[],4,[],2019-03-01 11:01:31,0.0,0,0,6818448,2019-03-01 11:01:31,,0.0,0.0,0,,0.0,0.0,0.0,15
,[],12,[],2018-12-01 15:15:48,204241.84496,0.00000489,0.000000000202473384,5260204,2018-12-01 15:15:48,btc,49.5475654835,0.0,,btc,35763.2193806,0.0163153972027625,0.0203389899998,15
0,[],17,[],2019-03-01 10:23:30,0.0,0,0,6818104,2019-03-01 10:23:30,btc,0.0,0.0,0,btc,0.0,0.0,0.0,18
0,[],2,[],2019-01-20 23:23:38,0.0,0,0,6476906,2019-01-20 23:23:38,,0.0,0.0,0,,0.0,0.0,0.0,18
1,[],4,[],2019-03-01 11:01:33,26156.59856358,0.00001792,0.000000000685839616,6818449,2019-03-01 11:01:33,btc,1.336894346598359,0.0,0.00001792,btc,14663.4863781,0.01570931,0.0867654128798778,18
1,[],10,[],2019-03-01 11:01:34,782846.44922474,0.00001846,0.000000000706506658,6818450,2019-03-01 11:01:34,btc,25.794860625798123,54456.7212878,0.00001846,btc,14157.67685049,0.0,0.1321318188571897,18
1,[],12,[],2019-03-01 11:01:35,193611.09272544,0.0000174999999999999984669381281054967303134617395699024200439453125,0.00000000066976525,6818451,2019-03-01 11:01:35,btc,23.630502249289606,0.0,0.0000174999999999999984669381281054967303134617395699024200439453125,btc,1864.03352308,2.513033e-05,0.0340916498740779,18
0,[],2,[],2019-01-20 23:24:19,0.0,0,0,6476924,2019-01-20 23:24:19,,0.0,0.0,0,,0.0,0.0,0.0,19
1,[],3,[],2019-03-01 11:01:47,118503.18839381494,0.0000200099999999999998462514583241755872222711332142353057861328125,0.000000000765828723,6818452,2019-03-01 11:01:47,btc,0.5275616020984184,94.50998943,0.0000200099999999999998462514583241755872222711332142353057861328125,btc,9003.874034863742,0.0,0.03365696266917482,19
1,[],4,[],2019-03-01 11:01:48,524508.52887087,0.00002057,0.000000000787261211,6818453,2019-03-01 11:01:48,btc,2.103079643456049,0.0,0.00002057,btc,67342.60761276,0.43153873,2.4389725061700993,19
1,[],5,[],2019-03-01 11:01:49,0.0,0,0,6818454,2019-03-01 11:01:49,btc,0.0,0.00028832,0,btc,0.0,0.0,0.0,19
1,[],12,[],2019-03-01 11:01:51,135318.36001209,0.00001991000000000000080368871280267484280557255260646343231201171875,0.000000000762001493,6818455,2019-03-01 11:01:51,btc,6.897831665803917,0.0,0.00001991000000000000080368871280267484280557255260646343231201171875,btc,410.72558909,0.0,0.10935434000005019,19
0,[],27,[],2019-03-01 11:01:53,0.0,0,0,6818456,2019-03-01 11:01:53,,0.0,0.0,0,btc,0.0,0.0,0.0,19
1,[],4,[],2019-03-01 11:01:54,2800098.06930745,0.00000013,0.000000000004975399,6818457,2019-03-01 11:01:54,btc,7.374235915885102,0.0,0.00000013,btc,2837033.34039723,0.00225043,0.0790856264754801,20
1,[],4,[],2019-03-01 11:01:57,104036087.13737024,0.00000002,0.000000000000765446,6818458,2019-03-01 11:01:57,btc,1798.7485654879747,0.0,0.00000002,btc,55613109.76506001,0.0,1.1684621866280451,21
1,[],12,[],2019-03-01 11:01:58,18207001.0,0.00000002,0.000000000000765446,6818459,2019-03-01 11:01:58,btc,670.3733702334847,0.0,0.00000002,btc,8127598.32857329,0.0,0.23638026,21
0,[],17,[],2019-03-01 10:50:40,0.0,0,0,6818263,2019-03-01 10:50:40,btc,0.0,0.0,0,btc,0.0,0.0,0.0,21
1,[],12,[],2019-03-01 11:02:11,3072361450.531895,0.0000000002,0.000000000000007654460000000001,6818460,2019-03-01 11:02:11,btc,875865855491.6422,0.0,0.0000000002,btc,4946566607.174264,0.021552530302697322,0.3207445693531895,23
0.00000000035439190000000004,[],27,[],2019-03-01 11:02:13,2000.0,3.543919e-18,1.3563393114370002e-22,6818461,2019-03-01 11:02:13,eth,1.3829826565934114,0.0,0.00000001,eth,2164879.85514486,0.0,7.087838000000001e-15,23
1,[],4,[],2019-03-01 11:02:14,475115.33806635,0.00000053,0.000000000020284319000000002,6818462,2019-03-01 11:02:14,btc,8.873846845297216,0.0,0.00000053,btc,1529326.02141915,0.00328487,0.1517683662830217,24
1,[],22,[],2019-03-01 11:02:18,11.76,0.00000100,0.000000000038272300000000004,6818463,2019-03-01 11:02:18,BTC,7.415e-05,0.0,0.00000100,BTC,23.919354838709676,0.0,1.176e-05,24
0.0,[],25,[],2019-03-01 11:02:19,0.0,0,0,6818464,2019-03-01 11:02:19,,0.0,0.0,0.0,btc,0.0,0.0,0.0,24
1,[],4,[],2019-03-01 11:02:20,22701369.40056007,0.00000671,0.000000000256807133,6818465,2019-03-01 11:02:20,btc,166.80119640985268,0.0,0.00000671,btc,240059.35309849,0.17480976,0.3900790970552608,26
1,[],10,[],2019-03-01 11:02:23,691126.43052741,0.00000603,0.000000000230781969,6818466,2019-03-01 11:02:23,btc,26.125980228050278,3971.1169588,0.00000603,btc,14054.67408507,0.0,0.2398199360174543,26
0,[],2,[],2019-01-20 23:25:56,0.0,0,0,6476976,2019-01-20 23:25:56,,0.0,0.0,0,,0.0,0.0,0.0,26
1,[],3,[],2019-03-01 11:02:24,5543600.57033568,0.00000001,0.000000000000382723,6818467,2019-03-01 11:02:24,btc,2.260630144543312,106438.352324,0.00000001,btc,17277334.4432405,0.0,0.0554360057033568,27
1,[],5,[],2019-03-01 11:02:26,0.0,0,0,6818468,2019-03-01 11:02:26,btc,0.0,7.52e-06,0,btc,0.0,0.0,0.0,27
1,[],11,[],2019-03-01 11:02:27,9470054.891515061,0.00000005,0.000000000001913615,6818469,2019-03-01 11:02:27,btc,67506.38088715188,21889.311987,0.00000005,btc,7980367.26084264,0.0,0.4414030388653851,27
1,[],4,[],2019-03-01 11:02:29,1528972121.4224327,0.00000002,0.000000000000765446,6818470,2019-03-01 11:02:29,btc,2.813862059336605,0.0,0.00000002,"btc,ltc",222440454.62714702,0.21355423,12.218373241368381,29
1,[],7,[],2019-03-01 11:02:30,35701009.00931196,0.00000002,0.000000000000765446,6818471,2019-03-01 11:02:30,btc,44462590.70615976,162623.16229,0.00000002,btc,47355870.75980134,0.00325246,0.3595384966865261,29
1,[],4,[],2019-03-01 11:02:32,1401091.50902888,0.00000026,0.000000000009950798,6818472,2019-03-01 11:02:32,btc,2.340122773953661,0.0,0.00000026,btc,1564913.09183534,0.00023518,0.0866361253478148,30
0,[],17,[],2019-03-01 10:51:02,0.0,0,0,6818277,2019-03-01 10:51:02,btc,0.0,0.0,0,btc,0.0,0.0,0.0,30
1,[],4,[],2019-03-01 11:02:43,109826.26959292,0.00004782,0.000000001830181386,6818473,2019-03-01 11:02:43,btc,5.811987505537901,0.0,0.00004782,btc,69872.05567376,0.82162878,0.5533287702859642,31
1,[],21,[],2019-03-01 11:02:44,76897.86755312,0.00004657000000000000304893263414,0.0000000017823410110000002,6818474,2019-03-01 11:02:44,btc,2.572508645798588,93801.08104703,0.0000465700000000000030489326341420763810674543492496013641357421875,btc,47434.77029036,4.52232499,2.527627266160235,31
0,[],2,[],2019-01-20 23:28:43,0.0,0,0,6477009,2019-01-20 23:28:43,,0.0,0.0,0,,0.0,0.0,0.0,32
1,[],4,[],2019-03-01 11:02:45,378707652.76503146,0.00000004,0.000000000001530892,6818475,2019-03-01 11:02:45,btc,11.249759514008804,0.0,0.00000004,"btc,ltc",197551154.6052757,0.84015948,8.524356286488603,33
1,[],12,[],2019-03-01 11:02:46,17069867.0,0.00000004,0.000000000001530892,6818476,2019-03-01 11:02:46,btc,35630710.941698365,0.0,0.00000004,btc,90546374.46159706,0.0018889755844155,0.54853178,33
1,[],4,[],2019-03-01 11:02:48,118699478.68262756,0.00000001,0.000000000000382723,6818477,2019-03-01 11:02:48,btc,4.033280492588147,0.0,0.00000001,btc,101865297.40916172,0.0469564,1.1869947868262756,34
1,[],5,[],2019-03-01 11:02:49,0.0,0,0,6818478,2019-03-01 11:02:49,btc,0.0,0.09180686,0,btc,0.0,0.0,0.0,34
0.0000000001228643,[],4,[],2019-03-01 11:02:50,1795581637.6062944,2.457286e-18,9.40459869778e-23,6818479,2019-03-01 11:02:50,ltc,5.05192394575056e-08,0.0,0.00000002,ltc,6255848462.305294,0.0,2.478016386842295e-09,36
1,[],5,[],2019-03-01 11:02:53,0.0,0,0,6818480,2019-03-01 11:02:53,btc,0.0,0.0,0,btc,0.0,0.0,0.0,36
0.00000000035439190000000004,[],27,[],2019-03-01 11:02:56,1000000.0,3.543919e-18,1.3563393114370002e-22,6818481,2019-03-01 11:02:56,eth,222.5997971062634,0.0,0.00000001,"ltc,eth",11163566.48751039,0.0,1.233273552e-12,36
0,[],17,[],2019-03-01 10:51:24,0.0,0,0,6818286,2019-03-01 10:51:24,btc,0.0746458232965017,0.0,0,btc,4103573.70243647,0.0,0.0,36
1,[],4,[],2019-03-01 11:02:57,267508.40036427,0.00000061,0.000000000023346103,6818482,2019-03-01 11:02:57,btc,19772.488576777367,0.0,0.00000061,btc,563096.64578,0.00837212,0.1245640358853509,37
1,[],12,[],2019-03-01 11:02:58,527285.59248186,0.00000061,0.000000000023346103,6818483,2019-03-01 11:02:58,btc,1345.8683089438002,0.0,0.00000061,btc,1011862.61629504,0.1836213282727726,0.1454842823482028,37
1,[],17,[],2019-03-01 11:03:10,1752.74075282,0.00000025,0.000000000009568075,6818484,2019-03-01 11:03:10,btc,0.055484923777095005,0.0,0.00000025,btc,1319.19918473,0.0,0.00043818518820499993,37
1,[],27,[],2019-03-01 11:03:12,14685.567,0.00000045,0.000000000017222535,6818485,2019-03-01 11:03:12,btc,25.82160105111233,0.0,0.00000045,btc,6804.86438508,0.0,0.00480032515,37
1,[],5,[],2019-03-01 11:03:14,0.0,0,0,6818486,2019-03-01 11:03:14,btc,0.0,0.07338865,0,btc,0.0,0.0,0.0,42
1,[],12,[],2019-03-01 11:03:15,253883.80628052,0.00000099,0.000000000037889577000000006,6818487,2019-03-01 11:03:15,btc,94.68546241846624,0.0,0.00000099,btc,99007.1928806,0.0562526924379147,0.0597731616353475,42
0.00000000035439190000000004,[],27,[],2019-03-01 11:03:17,2000.0,3.543919e-18,1.3563393114370002e-22,6818488,2019-03-01 11:03:17,eth,0.00315028,0.0,0.00000001,"btc,eth",11.007,0.0,7.087838000000001e-15,42
0,[],17,[],2019-03-01 09:55:42,0.0,0,0,6817946,2019-03-01 09:55:42,btc,0.0,0.0,0,btc,0.0,0.0,0.0,43
1,[],5,[],2019-03-01 11:03:19,0.0,0,0,6818489,2019-03-01 11:03:19,btc,0.0,0.10991781,0,btc,0.0,0.0,0.0,43
1,[],12,[],2019-03-01 11:03:21,1079271.0,0.00000001,0.000000000000382723,6818490,2019-03-01 11:03:21,btc,3569.6229523261236,0.0,0.00000001,btc,11776494.15224773,0.0064895704295706,0.01079271,43
1,[],12,[],2019-03-01 11:03:23,682452.0,0.00000005,0.000000000001913615,6818491,2019-03-01 11:03:23,btc,11116042.727856407,0.0,0.00000005,btc,1102952.40161834,1.1e-06,0.01625906,44
1,[],4,[],2019-03-01 11:03:24,290685695.5103865,0.00000002,0.000000000000765446,6818492,2019-03-01 11:03:24,btc,473.5842550598491,0.0,0.00000002,"btc,ltc",12093553.90365541,0.00011437,0.19751143870227914,49
0.0000000001228643,[],4,[],2019-03-01 11:03:26,235709972.128,1.228643e-18,4.70229934889e-23,6818493,2019-03-01 11:03:26,ltc,25.568133918801806,0.0,0.00000001,ltc,10247137716.60818,0.0,2.896034072852623e-10,52
0.0000000001253342,[],22,[],2019-03-01 11:03:30,80845862.0,1.253342e-18,4.79682810266e-23,6818494,2019-03-01 11:03:30,XMR,4366.96996713,0.0,0.00000001,XMR,255350310.67882353,0.0,0.80845862,57
0.00000000035439190000000004,[],27,[],2019-03-01 11:03:34,2000.0,3.543919e-18,1.3563393114370002e-22,6818495,2019-03-01 11:03:34,eth,0.0,0.0,0.00000001,"btc,eth",0.0,0.0,7.087838000000001e-15,57
0,[],17,[],2019-03-01 09:33:54,0.0,0,0,6817662,2019-03-01 09:33:54,btc,1e+24,0.0,0,btc,49226522.0897055,0.0,0.0,58
0.0000000001228643,[],4,[],2019-03-01 11:03:36,1284351190.124153,4.914572e-18,1.880919739556e-22,6818496,2019-03-01 11:03:36,ltc,18.807185221533338,0.0,0.00000004,ltc,3900570703.1800942,0.0,3.224876747950333e-09,58
1,[],12,[],2019-03-01 11:03:37,1612756179.843957,0.0000000004,0.000000000000015308920000000002,6818497,2019-03-01 11:03:37,btc,224005480238.1218,0.0,0.0000000004,btc,3778373130.3672786,0.003476443861853115,0.5202482762011391,58
0.0000000001253342,[],22,[],2019-03-01 11:03:41,137438.0,1.253342e-18,4.79682810266e-23,6818498,2019-03-01 11:03:41,XMR,69.8835922,0.0,0.00000001,XMR,9887963.0,0.0,0.00137438,58
1,[],5,[],2019-03-01 11:03:43,0.0,0,0,6818499,2019-03-01 11:03:43,btc,0.0,0.01502916,0,btc,0.0,0.0,0.0,61
1,[],22,[],2019-03-01 11:03:47,13788.5,0.00000012,0.000000000004592676,6818500,2019-03-01 11:03:47,BTC,1002.29597012,0.0,0.00000012,BTC,14947.700278135757,0.0,0.00155365,61
1,[],26,[],2019-03-01 11:03:47,0.0,0.00000800,0.00000000030617840000000003,6818501,2019-03-01 11:03:47,btc,0.0,0.0,0.00000800,btc,0.0,0.0,0.0,61
1,[],27,[],2019-03-01 11:03:49,2160.118,0.00000045,0.000000000017222535,6818502,2019-03-01 11:03:49,btc,7.76205105961638,0.0,0.00000045,"btc,eth",20757.11257617,0.0,0.0001995975029808552,61
1,[],28,[],2019-03-01 11:03:51,13880.304,0.0000005,0.000000000019136150000000002,6818503,2019-03-01 11:03:51,btc,2.056312978300105,701.0,0.0000005,btc,9730.59500005,0.0,0.00566391304,61
1,[],4,[],2019-03-01 11:03:52,1469538.38170951,0.00000280,0.00000000010716244000000001,6818504,2019-03-01 11:03:52,btc,11.232471734848836,0.0,0.00000280,btc,794587.78239203,0.05636972,1.5048446762463916,67
0.0,[],25,[],2019-03-01 11:03:53,0.0,0,0,6818505,2019-03-01 11:03:53,,0.0,0.0,0.0,btc,0.0,0.0,0.0,67
1,[],12,[],2019-03-01 11:03:54,1645897.04561782,0.00000018,0.000000000006889014,6818506,2019-03-01 11:03:54,btc,11115998.997890098,0.0,0.00000018,btc,2174498.03331492,0.008280152611158,0.0587792064411106,71
,[],5,[],2018-11-20 23:02:39,1.5e-07,0.00000005,0.000000000002128045,4862160,2018-11-20 23:02:39,btc,2.84511358,0.0,,btc,0.00036572,0.0,0.07381892,74
1,[],5,[],2019-03-01 11:03:56,0.0,0,0,6818507,2019-03-01 11:03:56,btc,0.0,0.00020977,0,btc,0.0,0.0,0.0,75
0,[],20,[],2019-01-25 09:30:31,0.0,0,0,6495923,2019-01-25 09:30:31,btc,0.0,0.0,0,btc,0.0,0.0,0.0,81
1,[],4,[],2019-03-01 11:03:57,16180270.251575,0.00000001,0.000000000000382723,6818508,2019-03-01 11:03:57,btc,11388.6318068588,0.0,0.00000001,btc,34456445.8995017,0.0,0.16180270251575,81
1,[],4,[],2019-03-01 11:03:59,28680.60649079,0.00007596,0.000000002907163908,6818509,2019-03-01 11:03:59,btc,17.732364033872766,0.0,0.00007596,btc,12480.71990319,0.01749695,0.138768188009028,82
1,[],21,[],2019-03-01 11:03:59,292053.60117996,0.00007300999999999999384801135927,0.0000000027942606229999997,6818510,2019-03-01 11:03:59,btc,2.117173458597529,2175.80795395,0.000073009999999999993848011359265370856519439257681369781494140625,btc,23218.96626461,0.15961024,4.453870337902375,82
0,[],17,[],2019-03-01 10:52:47,0.0,0,0,6818316,2019-03-01 10:52:47,btc,0.0447233088476774,0.0,0,btc,999127.19588126,0.0,0.0,84
0.0000000001228643,[],4,[],2019-03-01 11:04:11,121829570.012268,3.6859289999999995e-18,1.410689804667e-22,6818511,2019-03-01 11:04:11,ltc,1.7828322524818918,0.0,0.00000003,ltc,401533498.9914179,0.0,2.550011383100476e-10,85
,[],22,[],2018-11-20 23:09:34,3408.1,0.0000001,0.0000000000041895,4862324,2018-11-20 23:09:34,BTC,0.04624735,0.0,,BTC,4990.0,0.0,0.00033081,86
0,[],22,[],2019-02-22 12:52:35,0.0,0,0,6758847,2019-02-22 12:52:35,,2.0760781,0.0,0,,140622.94736842104,0.0,0.0,87
0,[],27,[],2019-02-22 12:52:37,0.0,0,0,6758848,2019-02-22 12:52:37,,0.0,0.0,0,btc,0.0,0.0,0.0,87
,[],2,[],2018-11-20 23:10:47,0.0,0,0,4862359,2018-11-20 23:10:47,,0.0,0.0,,,0.0,0.0,0.0,88
1,[],11,[],2019-03-01 11:04:13,91412.06522589,0.00013940999999999999507845072077572012858581729233264923095703125,0.000000005335541343,6818512,2019-03-01 11:04:13,btc,609.3388284279308,1640.11166839,0.00013940999999999999507845072077572012858581729233264923095703125,btc,96795.05427566,0.0,6.0132067144673975,89
0,[],2,[],2019-01-20 23:31:45,0.0,0,0,6477083,2019-01-20 23:31:45,,0.0,0.0,0,,0.0,0.0,0.0,91
0,[],17,[],2019-03-01 10:28:23,0.0,0,0,6818170,2019-03-01 10:28:23,btc,0.0,0.0,0,btc,0.0,0.0,0.0,91
1,[],12,[],2019-03-01 11:04:14,471010.55289066,0.00000154999999999999998279913253351747215447176131419837474822998046875,0.000000000059322065,6818513,2019-03-01 11:04:14,btc,4.361697861056046,0.0,0.00000154999999999999998279913253351747215447176131419837474822998046875,btc,59997.60192172,1.8761606004e-05,0.0862832269938259,91
0,[],22,[],2019-03-01 11:04:27,0.0,0,0,6818514,2019-03-01 11:04:27,,3e-06,0.0,0,,1.0,0.0,0.0,91
0.0000000001228643,[],22,[],2019-03-01 11:04:30,1520600.0,7.371857999999999e-18,2.821379609334e-22,6818515,2019-03-01 11:04:30,LTC,8.53161599,0.0,0.00000006,LTC,71994962.1,0.0,0.091236,95
0,[],17,[],2019-03-01 10:53:04,0.0,0,0,6818324,2019-03-01 10:53:04,btc,0.0,0.0,0,btc,0.0,0.0,0.0,96
0.0000000001228643,[],4,[],2019-03-01 11:04:32,646900851.147991,7.6175866e-17,2.9154255963118e-21,6818516,2019-03-01 11:04:32,ltc,11.885879555808168,0.0,0.00000062,ltc,136660136.7803981,0.0,1.9378472789147785e-09,96
0,[],12,[],2019-03-01 11:04:32,0.0,0,0,6818517,2019-03-01 11:04:32,btc,255079.46687987793,0.0,0,btc,8740691.95135837,4.995005e-08,0.0,96
1,[],4,[],2019-03-01 11:04:44,1352322.93535615,0.00000028,0.000000000010716244,6818518,2019-03-01 11:04:44,btc,2.8643680639135645,0.0,0.00000028,btc,2380770.27053777,0.00568526,0.098329176960295,99
0,[],2,[],2019-01-20 23:23:55,0.0,0,0,6476914,2019-01-20 23:23:55,,0.0,0.0,0,,0.0,0.0,0.0,100
1,[],4,[],2019-03-01 11:04:46,338333.9276621,0.00004233,0.000000001620066459,6818519,2019-03-01 11:04:46,btc,12.094528422392049,0.0,0.00004233,btc,170020.10375588,3.10041146,2.4755164460073327,100
1,[],22,[],2019-03-01 11:04:49,50000.0,0.00000001,0.000000000000382723,6818520,2019-03-01 11:04:49,BTC,23.49896609,0.0,0.00000001,BTC,10277.22,0.0,0.0005,101
1,[],4,[],2019-03-01 11:04:50,482530.77210377,0.00000087,0.000000000033296901,6818521,2019-03-01 11:04:50,btc,256.300847890102,0.0,0.00000087,btc,490332.77154567,0.00943998,0.2482935889759612,103
1,[],12,[],2019-03-01 11:04:53,68777349.9,0.00000001,0.000000000000382723,6818522,2019-03-01 11:04:53,btc,137278952.4362199,0.0,0.00000001,btc,126402572.41837887,0.01303440120879146,0.269600319,105
1,[],27,[],2019-03-01 11:04:55,462856.89,0.00000001,0.000000000000382723,6818523,2019-03-01 11:04:55,btc,36.58422120075966,0.0,0.00000001,btc,531915.56793212,0.0,0.0046285689,105
1,[],22,[],2019-03-01 11:04:59,9328.0,0.00000001,0.000000000000382723,6818524,2019-03-01 11:04:59,BTC,51.10837004,0.0,0.00000001,BTC,470435.0,0.0,9.328e-05,107
1,[],26,[],2019-03-01 11:04:59,0.0,0.00000000,0,6818525,2019-03-01 11:04:59,btc,0.0,0.0,0.00000000,btc,0.0,0.0,0.0,107
1,[],5,[],2019-03-01 11:05:01,0.0,0,0,6818526,2019-03-01 11:05:01,btc,0.0,0.10002933,0,btc,0.0,0.0,0.0,112
1,[],22,[],2019-03-01 11:05:08,1966.0,0.00000001,0.000000000000382723,6818527,2019-03-01 11:05:08,BTC,2.81183288,0.0,0.00000001,BTC,808524.0833333334,0.0,1.966e-05,112
0.00000000035439190000000004,[],27,[],2019-03-01 11:05:12,2000.0,3.543919e-18,1.3563393114370002e-22,6818528,2019-03-01 11:05:12,eth,1.35132491849924,0.0,0.00000001,"btc,eth",1328.641654,0.0,7.087838000000001e-15,112
1,[],4,[],2019-03-01 11:05:13,1055050.1871212,0.00000242,0.000000000092618966,6818529,2019-03-01 11:05:13,btc,85.1032085528801,0.0,0.00000242,btc,329409.13582095,0.20315872,0.8142839023741127,113
1,[],5,[],2019-03-01 11:05:15,0.0,0,0,6818530,2019-03-01 11:05:15,btc,0.0,0.02267985,0,btc,0.0,0.0,0.0,113
1,[],17,[],2019-03-01 10:53:35,152738.278,0.00000004,0.000000000001533368,6818338,2019-03-01 10:53:35,btc,1.33680302678,0.0,0.00000004,btc,50696.221,0.0,0.0022095311199999998,116
0,[],27,[],2019-03-01 11:05:17,0.0,0,0,6818531,2019-03-01 11:05:17,,0.0,0.0,0,btc,0.0,0.0,0.0,116
1,[],4,[],2019-03-01 11:05:19,126478.35973356,0.00002659,0.000000001017660457,6818532,2019-03-01 11:05:19,btc,28.29454278492769,0.0,0.00002659,btc,52038.22060589,8.2114499,1.9165277209670144,120
1,[],7,[],2019-03-01 11:06:04,20986.31706404,0.0000162900000000000015815994347523343321881839074194431304931640625,0.0000000006234557670000001,6818533,2019-03-01 11:06:04,btc,115647.68722522032,465.70650007,0.0000162900000000000015815994347523343321881839074194431304931640625,btc,55904.40728,0.0128911,0.054325420100953,120
1,[],20,[],2019-03-01 11:06:08,1488670.4309,0.000000039,0.0000000000014926197,6818534,2019-03-01 11:06:08,btc,32.2920319419844,5610.9,0.000000039,btc,949484.1857,0.0002351047806,0.0097762394056,125
1,[],22,[],2019-03-01 11:06:12,3053.0,0.00000001,0.000000000000382723,6818535,2019-03-01 11:06:12,BTC,0.01444887,0.0,0.00000001,BTC,296263.5111111111,0.0,3.053e-05,126
0,[],17,[],2019-03-01 10:53:56,0.0,0,0,6818345,2019-03-01 10:53:56,btc,0.0009561751951600001,0.0,0,btc,35.42829368,0.0,0.0,131
0,[],2,[],2019-01-20 23:25:46,0.0,0,0,6476969,2019-01-20 23:25:46,,0.0,0.0,0,,0.0,0.0,0.0,131
1,[],4,[],2019-03-01 11:06:13,2653929.55497834,0.00001308,0.000000000500601684,6818536,2019-03-01 11:06:13,btc,6.409198167841751,0.0,0.00001308,btc,121875.41876605,0.21724433,0.3206736951774835,131
1,[],4,[],2019-03-01 11:06:14,4555.78914109,0.00016001,0.000000006123950723,6818537,2019-03-01 11:06:14,btc,1.6201337399428246,0.0,0.00016001,btc,238.12730989,0.0,0.0082138372364916,135
1,[],3,[],2019-03-01 00:42:21,1024913.8877684299,0.00000004,0.000000000001529156,6814825,2019-03-01 00:42:21,btc,0.6351930129087457,0.0,0.00000004,btc,2364505.75112032,0.0,0.033059678173701895,136
1,[],4,[],2019-03-01 11:06:15,266233.3004634,0.00000165,0.000000000063149295,6818538,2019-03-01 11:06:15,btc,38.97801646611176,0.0,0.00000165,btc,582630.93744689,0.00917177,0.0806573295408449,137
1,[],12,[],2019-03-01 11:06:16,321742.64558851003,0.00000176000000000000008976326626441988310034503228962421417236328125,0.000000000067359248,6818539,2019-03-01 11:06:16,btc,11807.599915212337,0.0,0.00000176000000000000008976326626441988310034503228962421417236328125,btc,124338.72259579,0.0051568045286842,0.0674305190000215,137
1,[],4,[],2019-03-01 11:06:16,99242.34230172,0.00002662,0.000000001018808626,6818540,2019-03-01 11:06:16,btc,28.694044951851264,0.0,0.00002662,btc,40426.13525123,0.11390305,0.359685636252035,142
1,[],5,[],2019-03-01 11:06:19,0.0,0,0,6818541,2019-03-01 11:06:19,btc,0.0,0.09899545,0,btc,0.0,0.0,0.0,142
1,[],17,[],2019-03-01 11:06:21,22967.386363640002,0.00000088,0.000000000033679624,6818542,2019-03-01 11:06:21,btc,20.06991335282522,0.0,0.00000088,btc,2746.079105,0.0,0.0104613000000032,142
1,[],20,[],2019-03-01 11:06:22,133992.8754,0.00002552,0.000000000976709096,6818543,2019-03-01 11:06:22,btc,0.2958179848109,0.0,0.00002552,btc,1211.4375,0.0,0.2522291248407,142
1,[],22,[],2019-03-01 11:06:26,1685.8988921568628,0.00004000,0.000000001530892,6818544,2019-03-01 11:06:26,BTC,3.00385504,0.0,0.00004000,BTC,891.218,0.0,0.00174536,142
0.0,[],25,[],2019-03-01 11:06:27,0.0,0,0,6818545,2019-03-01 11:06:27,,0.0,0.0,0.0,btc,0.0,0.0,0.0,142
1,[],28,[],2019-03-01 11:06:28,76600.0,0.00004400,0.0000000016839812,6818546,2019-03-01 11:06:28,btc,0.0639742472,397.565,0.00004400,btc,500.6113,0.0,0.0261072,142
0,[],22,[],2019-03-01 11:06:31,0.0,0,0,6818547,2019-03-01 11:06:31,,60.72280694,0.0,0,,696341446.3,0.0,0.0,143
0,[],22,[],2019-02-25 15:42:22,0.0,0,0,6783783,2019-02-25 15:42:22,,4.2131946,0.0,0,,2322156.0,0.0,0.0,146
,[],22,[],2018-11-20 23:01:11,0.0,0,0,4862114,2018-11-20 23:01:11,,2.56807021,0.0,,,61828.4988236,0.0,0.0,147
1,[],12,[],2019-03-01 11:06:33,223300.18853683,0.00000250000000000000020450763478507827386465578456409275531768798828125,0.00000000009568075,6818548,2019-03-01 11:06:33,btc,16.614049819467805,0.0,0.00000250000000000000020450763478507827386465578456409275531768798828125,btc,117097.25034917,0.0002208916083837,0.0325017799999927,148
1,[],4,[],2019-03-01 11:06:33,245964.57263514,0.00000032,0.000000000012247136,6818549,2019-03-01 11:06:33,btc,219.96754745565943,0.0,0.00000032,btc,800822.7951546,0.00038709,0.058333876572871,152
0,[],22,[],2019-03-01 11:06:36,0.0,0,0,6818550,2019-03-01 11:06:36,,0.0,0.0,0,,0.0,0.0,0.0,152
1,[],5,[],2019-03-01 11:06:38,0.0,0,0,6818551,2019-03-01 11:06:38,btc,0.0,0.0,0,btc,0.0,0.0,0.0,153
,[],16,[],2019-01-11 15:38:59,0.0,0,0,6366141,2019-01-11 15:38:59,btc,0.0,0.0,,btc,0.0,0.0,0.0,155
0,[],23,[],2019-01-20 23:24:29,0.0,0,0,6476932,2019-01-20 23:24:29,,0.0,0.0,0,,0.0,0.0,0.0,156
0,[],22,[],2019-03-01 11:06:41,0.0,0,0,6818552,2019-03-01 11:06:41,,6.74608751,0.0,0,,4644392.242592593,0.0,0.0,156
1,[],22,[],2019-03-01 11:06:46,7073.8,0.00005300,0.0000000020284319,6818553,2019-03-01 11:06:46,BTC,1.80343699,0.0,0.00005300,BTC,899.6422341958436,0.0,0.00104336,157
0,[],22,[],2019-03-01 11:06:49,0.0,0,0,6818554,2019-03-01 11:06:49,,50175.68008609,0.0,0,,54479136.04179466,0.0,0.0,158
,[],17,[],2018-11-20 22:56:10,0.0,0,0,4861976,2018-11-20 22:56:10,btc,1.1265625,0.0,,btc,1000.0,0.0,0.0,159
,[],20,[],2018-11-20 22:56:12,0.0,0,0,4861977,2018-11-20 22:56:12,btc,11912.7940471,0.0,,btc,34413894.3617,0.0,0.0,159
1,[],12,[],2019-03-01 11:06:50,182111.36571776,0.000007220000000000000329731901504981550488082575611770153045654296875,0.000000000276326006,6818555,2019-03-01 11:06:50,btc,6.643494949655841,0.0,0.000007220000000000000329731901504981550488082575611770153045654296875,btc,13786.68413222,0.0073817351971432,0.0952106912770832,168
1,[],17,[],2019-03-01 11:06:51,29784.95,0.000001,0.0000000000382723,6818556,2019-03-01 11:06:51,btc,0.03026736251542,0.0,0.000001,btc,144.46171372,0.0,0.00716147,168
0,[],22,[],2019-03-01 11:06:54,0.0,0,0,6818557,2019-03-01 11:06:54,,1.1341504,0.0,0,,539283.174707144,0.0,0.0,169
1,[],22,[],2019-03-01 11:07:16,203600.0,0.00000002,0.000000000000765446,6818558,2019-03-01 11:07:16,BTC,13.2501524,0.0,0.00000002,BTC,144336.2939341018,0.0,0.002072,171
1,[],22,[],2019-03-01 11:07:20,1404714.0,0.00000003,0.000000000001148169,6818559,2019-03-01 11:07:20,BTC,2.1976194,0.0,0.00000003,BTC,242703.64055692567,0.0,0.02490464,173
1,[],5,[],2019-03-01 10:05:07,0.0,0,0,6818019,2019-03-01 10:05:07,btc,0.0,0.00019574,0,btc,0.0,0.0,0.0,175
1,[],22,[],2019-03-01 11:07:24,45904.0,0.0000003,0.00000000001148169,6818560,2019-03-01 11:07:24,BTC,0.52955903,0.0,0.0000003,BTC,143368.41384013777,0.0,0.0052148,176
1,[],7,[],2019-03-01 11:07:25,0.0,0,0,6818561,2019-03-01 11:07:25,btc,410932.5273358376,0.0,0,btc,117801559.31901672,0.0,0.0,178
0,[],22,[],2019-03-01 11:07:28,0.0,0,0,6818562,2019-03-01 11:07:28,,1.00242428,0.0,0,,57512.0,0.0,0.0,178
0,[],2,[],2019-01-20 23:28:34,0.0,0,0,6477001,2019-01-20 23:28:34,,0.0,0.0,0,,0.0,0.0,0.0,178
1,[],5,[],2019-03-01 11:07:30,0.0,0,0,6818563,2019-03-01 11:07:30,btc,0.0,0.18263155,0,btc,0.0,0.0,0.0,179
1,[],22,[],2019-03-01 11:07:34,6949180.5,0.00000002,0.000000000000765446,6818564,2019-03-01 11:07:34,BTC,5.63117792,0.0,0.00000002,"BTC,LTC",17085963.756535422,0.00025007,0.37392433,179
0,[],23,[],2019-01-20 23:25:08,0.0,0,0,6476952,2019-01-20 23:25:08,,0.0,0.0,0,,0.0,0.0,0.0,179
1,[],17,[],2019-03-01 11:07:37,10504.725,0.0000001,0.00000000000382723,6818565,2019-03-01 11:07:37,btc,5.20106958384482,0.0,0.0000001,btc,5033.45945,0.0,0.0010504725,180
1,[],22,[],2019-03-01 11:07:53,139605.4,0.00000055,0.000000000021049765,6818566,2019-03-01 11:07:53,BTC,0.21923843,0.0,0.00000055,"BTC,LTC",71771.6274345668,0.00791051,0.00460544,180
1,[],26,[],2019-03-01 11:07:54,0.0,0.00000160,0.00000000006123568,6818567,2019-03-01 11:07:54,btc,0.0,0.0,0.00000160,btc,0.0,0.0,0.0,180
,[],7,[],2018-11-20 22:58:01,562227.975654,0.00000085,0.000000000036176765,4862015,2018-11-20 22:58:01,btc,21836.6059674,2491.87645172,,btc,749999.041456,0.00211021,0.127565380455,183
1,[],24,[],2019-03-01 11:07:54,0.0,0.000000000001,3.82723e-17,6818568,2019-03-01 11:07:54,btc,0.0,0.0,0.000000000001,btc,0.0,0.0,0.0,187
,[],5,[],2019-01-10 08:11:41,0.0,0,0,6347036,2019-01-10 08:11:41,btc,82.15055501,0.00261,,btc,1.19002445,0.0,0.0,187
,[],17,[],2018-11-16 20:58:10,4062536.27273,0.00000001,0.000000000000550501,4708775,2018-11-16 20:58:10,btc,3.36492563466,0.195460381006,,"btc,eth",110697919.549,0.0,0.0157628953496,187
0,[],22,[],2019-02-27 04:05:17,0.0,0,0,6799309,2019-02-27 04:05:17,,1.19374396,0.0,0,,16308.869534405507,0.0,0.0,191
0,[],22,[],2019-03-01 00:51:27,0.0,0,0,6814858,2019-03-01 00:51:27,,0.0,0.0,0,,0.0,0.0,0.0,197
0,[],22,[],2019-03-01 11:08:20,0.0,0,0,6818569,2019-03-01 11:08:20,,5.19477622,0.0,0,,21058553.0,0.0,0.0,199
1,[],26,[],2019-03-01 11:08:20,0.0,0.00000000,0,6818570,2019-03-01 11:08:20,btc,0.0,0.0,0.00000000,btc,0.0,0.0,0.0,199
0,[],23,[],2019-01-20 23:31:41,0.0,0,0,6477079,2019-01-20 23:31:41,,0.0,0.0,0,,0.0,0.0,0.0,199
0,[],17,[],2019-01-30 16:32:01,0.0,0,0,6540827,2019-01-30 16:32:01,btc,6.802544163788159,0.0,0,btc,105897.55575295,0.0,0.0,200
0,[],2,[],2019-01-20 23:30:49,0.0,0,0,6477059,2019-01-20 23:30:49,,0.0,0.0,0,,0.0,0.0,0.0,201
1,[],4,[],2019-01-25 15:51:35,2084389.58565343,0.00000936,0.000000000333526752,6499557,2019-01-25 15:51:35,btc,2.0092503037378524,0.0,0.00000936,btc,160195.80207885,0.19272417,1.242687955921835,211
1,[],7,[],2019-03-01 10:56:00,2722099.48559372,0.00000137000000000000001212029608621545406776931486092507839202880859375,0.000000000052517854000000005,6818378,2019-03-01 10:56:00,btc,15476835.050320195,1594962.33867,0.00000137000000000000001212029608621545406776931486092507839202880859375,btc,12232112.48825111,0.0,2.8331527386183986,212
1,[],5,[],2019-03-01 11:08:24,0.0,0,0,6818571,2019-03-01 11:08:24,btc,0.0,0.20359668,0,btc,0.0,0.0,0.0,213
1,[],24,[],2019-03-01 11:08:24,0.0,0.000000110000,0.000000000004209953,6818572,2019-03-01 11:08:24,btc,0.0,0.0,0.000000110000,btc,0.0,0.0,0.0,213
1,[],26,[],2019-03-01 11:08:24,0.0,0.00000010,0.00000000000382723,6818573,2019-03-01 11:08:24,btc,0.0,0.0,0.00000010,btc,0.0,0.0,0.0,213
1,[],12,[],2019-01-25 02:44:32,207462.42853209,0.000001080000000000000035831255497387193287295303889550268650054931640625,0.000000000038610756000000006,6493050,2019-01-25 02:44:32,btc,85023.03793723314,0.0,0.000001080000000000000035831255497387193287295303889550268650054931640625,btc,43675.73520027,0.000146250909087,0.0348620860622024,213
1,[],22,[],2019-03-01 11:08:29,29544.0,0.00000002,0.000000000000765446,6818574,2019-03-01 11:08:29,BTC,2.22730776,0.0,0.00000002,BTC,474814.3963726171,0.00072642,0.00030003,216
1,[],27,[],2019-03-01 11:08:32,1298602.0,0.00000003,0.000000000001148169,6818575,2019-03-01 11:08:32,btc,316.25826073644,0.0,0.00000003,"btc,ltc",235048.907,0.0,0.03377204000022115,216
1,[],22,[],2019-03-01 11:08:36,218958.2070459645,0.00000212,0.00000000008113727600000001,6818576,2019-03-01 11:08:36,BTC,12673.42430665,0.0,0.00000212,BTC,379134.54731100507,0.03572814,0.29100117,217
1,[],7,[],2019-03-01 11:08:38,0.0,0,0,6818577,2019-03-01 11:08:38,btc,77969.77488735563,0.0,0,btc,137043486.5550253,0.0,0.0,219
0,[],27,[],2019-03-01 11:08:40,0.0,0,0,6818578,2019-03-01 11:08:40,,0.0740438339680921,0.0,0,btc,1536429.20709513,0.0,0.0,219
0.0000000000000051,[],28,[],2019-03-01 11:08:42,167533953.514,2.305047e-18,8.82194502981e-23,6818579,2019-03-01 11:08:42,doge,83967.83243907319,14166.0,0.00045197,"btc,doge",4844846.53751,0.0,8.92607691757437e-12,219
1,[],22,[],2019-03-01 11:08:46,273664.6666666667,0.00000003,0.000000000001148169,6818580,2019-03-01 11:08:46,BTC,2.94533216,0.0,0.00000003,BTC,114179.27041875875,0.00107001,0.00739664,221
1,[],24,[],2019-03-01 11:08:46,0.0,0.000000200000,0.00000000000765446,6818581,2019-03-01 11:08:46,btc,0.0,0.0,0.000000200000,btc,0.0,0.0,0.0,221
1,[],20,[],2019-03-01 11:08:48,40748456.2707,0.000000001,0.0000000000000382723,6818582,2019-03-01 11:08:48,btc,48.2375689422414,53087.9639,0.000000001,btc,13447787.7605,0.0001061759278,0.0407484562707,224
0,[],22,[],2019-03-01 11:08:51,0.0,0,0,6818583,2019-03-01 11:08:51,,0.0,0.0,0,,0.0,0.0,0.0,224
1,[],26,[],2019-03-01 11:08:51,0.0,0.00000035,0.000000000013395305000000001,6818584,2019-03-01 11:08:51,btc,0.0,0.0,0.00000035,btc,0.0,0.0,0.0,231
1,[],26,[],2019-03-01 11:08:51,0.0,0.00000006,0.000000000002296338,6818585,2019-03-01 11:08:51,btc,0.0,0.0,0.00000006,btc,0.0,0.0,0.0,234
0.00000000035439190000000004,[],27,[],2019-03-01 11:08:54,2000.0,3.543919e-18,1.3563393114370002e-22,6818586,2019-03-01 11:08:54,eth,0.0113483662182,0.0,0.00000001,"btc,eth",11462.99618,0.0,7.087838000000001e-15,234
1,[],4,[],2019-03-01 11:08:56,949691.50092304,0.00000075,0.000000000028704225,6818587,2019-03-01 11:08:56,btc,4.487742981739374,0.0,0.00000075,btc,1188677.97485424,0.09177818,0.2773949244634275,236
1,[],24,[],2019-03-01 11:08:56,0.0,0.000000300000,0.00000000001148169,6818588,2019-03-01 11:08:56,btc,0.0,0.0,0.000000300000,btc,0.0,0.0,0.0,236
1,[],20,[],2019-03-01 11:08:58,150318829.2235,0.000000067,0.0000000000025642441,6818589,2019-03-01 11:08:58,btc,10.976771354742,13721322.4321,0.000000067,btc,44675397.0267,0.8595896278988,0.521321105723,237
0.0000000001228643,[],22,[],2019-03-01 11:09:03,14400.0,1.2286429999999999e-17,4.70229934889e-22,6818590,2019-03-01 11:09:03,LTC,0.0413973,0.0,0.0000001,LTC,7239.0,0.0,0.00144,237
1,[],4,[],2019-03-01 11:09:05,7830156.4654393,0.00000032,0.000000000012247136,6818591,2019-03-01 11:09:05,btc,6.307110571768624,0.0,0.00000032,btc,9732729.65946749,0.23137715,1.76775302058475,238
1,[],5,[],2019-03-01 11:09:06,0.0,0,0,6818592,2019-03-01 11:09:06,btc,0.0,0.00060975,0,btc,0.0,0.0,0.0,238
0,[],22,[],2019-03-01 11:09:10,0.0,0,0,6818593,2019-03-01 11:09:10,,0.41356282,0.0,0,,316008.5639027493,0.0,0.0,249
0.0000000001228643,[],22,[],2019-03-01 11:09:14,68439265.66666667,4.914572e-18,1.880919739556e-22,6818594,2019-03-01 11:09:14,LTC,0.40037796,0.0,0.00000004,LTC,12067834.09,1.9407343810465e-11,1.753945,252
1,[],28,[],2019-03-01 11:09:17,2183983.969,0.00000027,0.000000000010333521,6818595,2019-03-01 11:09:17,btc,164725.64943476373,231345.59947072,0.00000027,btc,2342115.6654,0.0,0.33912869027,256
1,[],22,[],2019-03-01 11:09:20,1053354.0,0.00000001,0.000000000000382723,6818596,2019-03-01 11:09:20,BTC,31.47160001,0.0,0.00000001,BTC,670687.0957866946,0.0002009,0.01053354,258
1,[],22,[],2019-03-01 11:09:25,48751.0,0.00000001,0.000000000000382723,6818597,2019-03-01 11:09:25,BTC,2.4175745,0.0,0.00000001,BTC,1762.0,0.0,0.00048751,259
1,[],5,[],2019-03-01 11:09:26,0.0,0,0,6818598,2019-03-01 11:09:26,btc,0.0,0.15398128,0,btc,0.0,0.0,0.0,264
1,[],20,[],2019-03-01 11:09:27,1224448.1403,0.000002062,0.0000000000789174826,6818599,2019-03-01 11:09:27,btc,7.4462708570008,92889.6473,0.000002062,btc,100849.5698,0.3034958759628,0.0350329945325,264
0,[],22,[],2019-03-01 11:09:30,0.0,0,0,6818600,2019-03-01 11:09:30,,8.33272543,0.0,0,,413548.34411321935,0.0,0.0,271
0,[],22,[],2019-03-01 11:09:33,0.0,0,0,6818601,2019-03-01 11:09:33,,271.16935057,0.0,0,,14411474420.692,0.0,0.0,272
0.0000000000000051,[],28,[],2019-03-01 11:09:35,230210309824.905,4.845e-21,1.854292935e-25,6818602,2019-03-01 11:09:35,doge,35426256.50706706,99383688715.1669,0.00000095,doge,186906444077.4526,0.0,6.506465889804826e-10,272
1,[],22,[],2019-03-01 11:09:42,116360.72913043479,0.00000500,0.0000000001913615,6818603,2019-03-01 11:09:42,BTC,74.21384185,0.0,0.00000500,"BTC,LTC",9368.517743939856,5.544e-05,0.05178872,281
1,[],22,[],2019-03-01 11:09:47,838814.5,0.00000002,0.000000000000765446,6818604,2019-03-01 11:09:47,BTC,1.332275,0.0,0.00000002,BTC,135600.33221218394,0.0005,0.01664417,286
0,[],22,[],2019-03-01 11:10:11,0.0,0,0,6818605,2019-03-01 11:10:11,,43635.94989914,0.0,0,,388269283.0,0.0,0.0,294
