pairValue,buyBook,exchangeId,sellBook,updated,buyTotal,satoshiPrice,usdPrice,exchangeLogId,created,bestPair,sellTotalBtc,volume,pairPrice,activePairs,sellTotal,volumeBtc,buyTotalBtc,coinId
1,[],3,[],2019-03-18 08:31:31,31034.21374128998,0.01294431000000000053784532383360783569514751434326171875,0.000000514035377703,6963150,2019-03-18 08:31:31,btc,60.13915867878418,0.060822884419,0.01294431000000000053784532383360783569514751434326171875,btc,23.968631854514,0.0,0.2504039325631684,1
1,[],4,[],2019-03-18 08:31:32,207745.95432065,0.01290228,0.000000512366311764,6963151,2019-03-18 08:31:32,btc,13.013543379284274,0.0,0.01290228,btc,229.24841098,0.67520104,1.0595352388463262,1
1,[],5,[],2019-03-18 08:31:36,0.0,0,0,6963152,2019-03-18 08:31:36,btc,0.0,0.1239,0,btc,0.0,0.0,0.0,1
1,[],10,[],2019-03-18 08:31:38,413710.29122787,0.01107855,0.000000439943622615,6963153,2019-03-18 08:31:38,btc,6523.185314606314,1734.65805232,0.01107855,btc,1000.76575699,0.0,4.549049472478019,1
1,[],12,[],2019-03-18 08:31:41,48.6652331,0.0129599999999999992983390484369010664522647857666015625,0.000000514658448,6963154,2019-03-18 08:31:41,btc,0.1449428072558,0.0,0.0129599999999999992983390484369010664522647857666015625,btc,10.65671191,0.3553066320994,0.3380885641195,1
1,[],20,[],2019-03-18 08:31:43,1152.6081,0.01070001,0.000000424911307113,6963155,2019-03-18 08:31:43,btc,0.0533371999966,0.1455,0.01070001,btc,2.311,0.0018713069031,0.0974182203341,1
0,[],2,[],2019-01-20 23:28:45,0.0,0,0,6477011,2019-01-20 23:28:45,,0.0,0.0,0,,0.0,0.0,0.0,1
1,[],21,[],2019-03-18 08:31:44,2608.9484567,0.01295450000000000073674399914,0.0000005144400358500001,6963156,2019-03-18 08:31:44,btc,92.510107776171,8037.4264662000005,0.012954500000000000736743999141253880225121974945068359375,"btc,eth",7792.81790042,101.18169154729094,23.19663912307333,1
0,[],22,[],2019-03-18 08:32:33,0.0,0,0,6963157,2019-03-18 08:32:33,,0.0,0.0,0,,0.0,0.0,0.0,1
1,[],24,[],2019-03-18 08:32:34,0.0,0.000000000000,0,6963158,2019-03-18 08:32:34,btc,0.0,0.0,0.000000000000,btc,0.0,0.0,0.0,1
0.0,[],25,[],2019-03-18 08:32:35,0.0,0,0,6963159,2019-03-18 08:32:35,btc,37.291199998090775,102.59093067,0.0,btc,2809.60239789,1.3682,0.0,1
1,[],26,[],2019-03-18 08:32:36,0.0,0,0,6963160,2019-03-18 08:32:36,,0.0,0.0,0,,0.0,0.0,0.0,1
0,[],28,[],2019-03-18 08:39:29,0.0,0,0,6963161,2019-03-18 08:39:29,,0.0,0.0,0,,0.0,0.0,0.0,1
1,[],5,[],2019-03-18 08:39:30,0.0,0,0,6963162,2019-03-18 08:39:30,btc,0.0,0.0118,0,btc,0.0,0.0,0.0,2
0,[],22,[],2019-03-18 08:40:19,0.0,0,0,6963163,2019-03-18 08:40:19,,0.0,0.0,0,,0.0,0.0,0.0,2
1,[],5,[],2019-03-18 08:40:21,0.0,0,0,6963164,2019-03-18 08:40:21,btc,0.0,0.0328,0,btc,0.0,0.0,0.0,3
1,[],12,[],2019-03-18 08:40:22,2814148.27674442,0.000000193,0.0000000000076642809,6963165,2019-03-18 08:40:22,btc,23451.634385057172,0.0,0.000000193,btc,1313849.95176004,0.03094593167509458,0.4062062506338956,3
0,[],28,[],2019-03-18 08:44:15,0.0,0,0,6963166,2019-03-18 08:44:15,,0.0,0.0,0,,0.0,0.0,0.0,3
0,[],2,[],2019-01-20 23:31:32,0.0,0,0,6477077,2019-01-20 23:31:32,,0.0,0.0,0,,0.0,0.0,0.0,4
1,[],4,[],2019-03-18 08:44:16,360435.20989432,0.00000031,0.000000000012310503,6963167,2019-03-18 08:44:16,btc,32.08725129329981,0.0,0.00000031,btc,725153.97080371,0.00047,0.037047569188478,4
1,[],12,[],2019-03-18 08:44:17,393075.0,0.00000002,0.0000000000007942260000000001,6963168,2019-03-18 08:44:17,btc,1111853.28825052,0.0,0.00000002,btc,781851.33266733,0.0,0.0043212400000000005,5
0,[],2,[],2019-01-20 23:31:51,0.0,0,0,6477087,2019-01-20 23:31:51,,0.0,0.0,0,,0.0,0.0,0.0,6
1,[],11,[],2019-03-18 08:44:19,3935711.8988200002,0.00000002,0.0000000000007942260000000001,6963169,2019-03-18 08:44:19,btc,9574.30034761844,10000.0,0.00000002,btc,43081567.92614274,0.0,0.0449565813342,6
1,[],3,[],2019-03-18 08:44:20,1104.681999615087,0.00016001000000000000791054721727135756736970506608486175537109375,0.0000000063542051130000005,6963170,2019-03-18 08:44:20,btc,29.634654231634162,0.0,0.00016001000000000000791054721727135756736970506608486175537109375,btc,241.020514578101,0.0,0.037154957817789276,7
1,[],4,[],2019-03-18 08:44:21,94228.71290297,0.00022111,0.000000008780565543,6963171,2019-03-18 08:44:21,btc,11.868633088485213,0.0,0.00022111,btc,43702.25656958,4.0339016,8.414592180450773,7
1,[],5,[],2019-03-18 08:44:22,0.0,0,0,6963172,2019-03-18 08:44:22,btc,0.0,1.3307,0,btc,0.0,0.0,0.0,7
1,[],20,[],2019-02-20 02:16:17,39399275.8418,0.000000001,0.0000000000000390183,6728586,2019-02-20 02:16:17,btc,116.9737569154545,525.0,0.000000001,btc,56932965.8895,5.25e-07,0.0393992758418,8
0,[],2,[],2019-01-20 23:22:42,0.0,0,0,6476876,2019-01-20 23:22:42,,0.0,0.0,0,,0.0,0.0,0.0,9
0,[],23,[],2019-01-20 23:22:48,0.0,0,0,6476878,2019-01-20 23:22:48,,0.0,0.0,0,,0.0,0.0,0.0,9
1,[],1,[],2019-02-17 23:31:42,1822507.21,0.00000181000000000000003456111265232042484285557293333113193511962890625,0.000000000066086901,6701244,2019-02-17 23:31:42,btc,3.6990969245,17153386.5,0.00000181000000000000003456111265232042484285557293333113193511962890625,btc,1997391.71,31.11772986,3.2610482446,9
1,[],4,[],2019-03-18 08:44:24,1832887.18571486,0.00000159,0.000000000063140967,6963173,2019-03-18 08:44:24,btc,7.033793003647891,0.0,0.00000159,btc,3132964.17765866,2.33343244,1.2861396309536988,9
1,[],28,[],2019-03-18 08:46:24,27403.0,0.00000160,0.00000000006353808,6963174,2019-03-18 08:46:24,btc,2708.776551247723,955362.44,0.00000160,btc,20316.3373,0.0,0.0164095,9
1,[],4,[],2019-02-17 11:22:43,4341674.27126056,0.00000002,0.0000000000007272960000000001,6696112,2019-02-17 11:22:43,btc,0.1997230937751353,0.0,0.00000002,btc,4109766.79808031,0.00215132,0.0479381022052112,10
0,[],2,[],2019-01-20 23:23:08,0.0,0,0,6476890,2019-01-20 23:23:08,,0.0,0.0,0,,0.0,0.0,0.0,12
1,[],4,[],2019-03-18 08:46:25,5654297.48031078,0.00000184,0.000000000073068792,6963175,2019-03-18 08:46:25,btc,13.727430559596659,0.0,0.00000184,btc,5278684.84730534,2.69064082,6.8226887154850635,12
1,[],5,[],2019-03-18 08:46:26,0.0,0,0,6963176,2019-03-18 08:46:26,btc,0.0,0.0377,0,btc,0.0,0.0,0.0,12
0.0,[],25,[],2019-03-18 08:46:27,0.0,0,0,6963177,2019-03-18 08:46:27,,0.0,0.0,0.0,btc,0.0,0.0,0.0,12
1,[],10,[],2019-03-18 05:27:14,458419.82510457,0.00001058,0.00000000042294396400000003,6962590,2019-03-18 05:27:14,btc,666776.7437905276,25538.9835613,0.00001058,btc,663942.75189362,0.0,0.465388817810915,13
1,[],4,[],2019-03-18 08:46:28,32915285.64801242,0.00001111,0.00000000044119254300000003,6963178,2019-03-18 08:46:28,btc,3.670047825736299,0.0,0.00001111,btc,270331.18413767,3.24076815,1.3293159486809656,13
1,[],21,[],2019-03-18 08:46:31,1834300.56665031,0.00001113000000000000016338493058,0.00000000044198676900000003,6963179,2019-03-18 08:46:31,btc,16.860847672677227,7196874.34213974,0.00001113000000000000016338493058487557618718710727989673614501953125,btc,1326809.30655447,82.85928331,18.47788884914365,13
0,[],17,[],2019-03-18 06:33:21,0.0,0,0,6962791,2019-03-18 06:33:21,btc,0.0,0.0,0,btc,0.0,0.0,0.0,14
1,[],4,[],2019-03-18 08:46:32,1097673.44522984,0.00000082,0.000000000032563266,6963180,2019-03-18 08:46:32,btc,5.350208144005715,0.0,0.00000082,btc,989715.48428256,0.02152168,0.1816466981194368,14
1,[],12,[],2019-03-18 08:46:33,303585.0,0.000001,0.0000000000397113,6963181,2019-03-18 08:46:33,btc,0.0560828882585684,0.0,0.000001,btc,13816.8948088,0.0,0.03215312,14
1,[],26,[],2019-03-18 08:46:44,0.0,0.00000050,0.000000000019855650000000003,6963182,2019-03-18 08:46:44,btc,0.0,0.0,0.00000050,btc,0.0,0.0,0.0,14
,[],12,[],2018-12-01 15:15:48,204241.84496,0.00000489,0.000000000202473384,5260204,2018-12-01 15:15:48,btc,49.5475654835,0.0,,btc,35763.2193806,0.0163153972027625,0.0203389899998,15
0,[],4,[],2019-03-18 08:46:45,0.0,0,0,6963183,2019-03-18 08:46:45,,0.0,0.0,0,,0.0,0.0,0.0,15
0,[],2,[],2019-01-20 23:23:38,0.0,0,0,6476906,2019-01-20 23:23:38,,0.0,0.0,0,,0.0,0.0,0.0,18
0,[],17,[],2019-03-18 06:33:39,0.0,0,0,6962797,2019-03-18 06:33:39,btc,0.0,0.0,0,btc,0.0,0.0,0.0,18
1,[],4,[],2019-03-18 08:46:47,74853.09823688,0.00001492,0.000000000592492596,6963184,2019-03-18 08:46:47,btc,3.7827091901850816,0.0,0.00001492,btc,18752.01042924,0.02857597,0.0585590675480342,18
1,[],10,[],2019-03-18 08:46:48,783233.70975549,0.00001485,0.000000000589712805,6963185,2019-03-18 08:46:48,btc,15.398885893406373,2989.08883856,0.00001485,btc,12987.26755923,0.0,0.1228381672105144,18
1,[],12,[],2019-03-18 08:46:50,338375.15926502,0.00001554000000000000029204937079807535837971954606473445892333984375,0.0000000006171136020000001,6963186,2019-03-18 08:46:50,btc,33214.72764325663,0.0,0.00001554000000000000029204937079807535837971954606473445892333984375,btc,801.90602614,0.0035443992721387,0.0611037014853731,18
0,[],2,[],2019-01-20 23:24:19,0.0,0,0,6476924,2019-01-20 23:24:19,,0.0,0.0,0,,0.0,0.0,0.0,19
1,[],3,[],2019-03-18 08:47:01,119780.94248403925,0.0000187299999999999985489211595801606335953692905604839324951171875,0.0000000007437926489999999,6963187,2019-03-18 08:47:01,btc,0.6919407325489582,0.0,0.0000187299999999999985489211595801606335953692905604839324951171875,btc,15054.205445313173,0.0,0.0463199701800088,19
1,[],4,[],2019-03-18 08:47:02,221075.97183621,0.00001951,0.000000000774767463,6963188,2019-03-18 08:47:02,btc,2.2011554599214627,0.0,0.00001951,btc,76552.75577635,0.31762072,2.30593996397638,19
1,[],5,[],2019-03-18 08:47:03,0.0,0,0,6963189,2019-03-18 08:47:03,btc,0.0,0.0,0,btc,0.0,0.0,0.0,19
1,[],12,[],2019-03-18 08:47:04,193499.63696712,0.00001872000000000000033873077953661123729034443385899066925048828125,0.000000000743395536,6963190,2019-03-18 08:47:04,btc,0.15181453705538892,0.0,0.00001872000000000000033873077953661123729034443385899066925048828125,btc,638.98387143,0.0042402645663027,0.0497021399978843,19
0,[],27,[],2019-03-18 08:47:06,0.0,0,0,6963191,2019-03-18 08:47:06,,0.0,0.0,0,btc,0.0,0.0,0.0,19
1,[],4,[],2019-03-18 08:47:07,2842269.9335836,0.00000013,0.000000000005162469,6963192,2019-03-18 08:47:07,btc,7.3815737746397,0.0,0.00000013,btc,2871716.96906976,0.0,0.0860072404891473,20
1,[],4,[],2019-03-18 08:47:09,93501244.54946245,0.00000002,0.0000000000007942260000000001,6963193,2019-03-18 08:47:09,btc,39417.16464439177,0.0,0.00000002,btc,54323275.83537982,0.07844789,0.9984299438898894,21
1,[],12,[],2019-03-18 08:47:10,2175593.0,0.00000001,0.00000000000039711300000000003,6963194,2019-03-18 08:47:10,btc,2870.5374195801896,0.0,0.00000001,btc,2922667.50949051,1.37087912088e-05,0.02175593,21
0,[],17,[],2019-03-18 08:47:21,0.0,0,0,6963195,2019-03-18 08:47:21,btc,0.0,0.0,0,btc,0.0,0.0,0.0,21
1,[],12,[],2019-03-18 08:47:22,3171712624.0,0.0000000001,0.00000000000000397113,6963196,2019-03-18 08:47:22,btc,1951142.8765204318,0.0,0.0000000001,btc,1636760383.0423467,0.06789865562427573,0.3171712624,23
0,[],27,[],2019-03-18 08:47:25,0.0,0,0,6963197,2019-03-18 08:47:25,,13.972018501006241,0.0,0,eth,6275713.95973186,0.0,0.0,23
0.0,[],25,[],2019-03-18 08:48:16,0.0,0,0,6963200,2019-03-18 08:48:16,,0.0,0.0,0.0,btc,0.0,0.0,0.0,24
1,[],4,[],2019-03-18 08:47:26,675916.47244665,0.00000045,0.000000000017870085,6963198,2019-03-18 08:47:26,btc,9.902181983018023,0.0,0.00000045,btc,1614000.23615438,0.00482236,0.1708544040267956,24
0,[],22,[],2019-03-18 08:48:15,0.0,0,0,6963199,2019-03-18 08:48:15,,0.0,0.0,0,,0.0,0.0,0.0,24
1,[],4,[],2019-03-18 08:48:17,28218935.92604628,0.00000662,0.000000000262888806,6963201,2019-03-18 08:48:17,btc,140.2941685417078,0.0,0.00000662,btc,250887.00584457,0.27144354,0.683325906611603,26
1,[],10,[],2019-03-18 08:48:20,602925.23251558,0.00000543,0.000000000215632359,6963202,2019-03-18 08:48:20,btc,25.233548369091043,2312.28734187,0.00000543,btc,14324.4645187,0.0,0.1443916358988472,26
0,[],2,[],2019-01-20 23:25:56,0.0,0,0,6476976,2019-01-20 23:25:56,,0.0,0.0,0,,0.0,0.0,0.0,26
1,[],3,[],2019-03-18 08:48:21,10188166.54084747,0.00000001,0.00000000000039711300000000003,6963203,2019-03-18 08:48:21,btc,2.0565801810436755,185.0,0.00000001,btc,15720086.39008366,0.0,0.1018816654084747,27
1,[],5,[],2019-03-18 08:48:23,0.0,0,0,6963204,2019-03-18 08:48:23,btc,0.0,0.0,0,btc,0.0,0.0,0.0,27
1,[],11,[],2019-03-18 08:48:25,8493678.24590115,0.00000006,0.0000000000023826779999999998,6963205,2019-03-18 08:48:25,btc,67506.1992155516,5956.66666667,0.00000006,btc,7966196.08369704,0.0,0.4691399049180229,27
1,[],4,[],2019-03-18 08:48:25,2171297743.321715,0.00000001,0.00000000000039711300000000003,6963206,2019-03-18 08:48:25,btc,3.300923770934291,0.0,0.00000001,"btc,ltc",271555077.47118676,0.14543326,9.921648733121115,29
1,[],7,[],2019-03-18 08:48:31,35613182.13418711,0.00000001,0.00000000000039711300000000003,6963207,2019-03-18 08:48:31,btc,44461604.29079431,1854.5,0.00000001,btc,52325034.42656505,3.709e-05,0.3561318213418711,29
1,[],4,[],2019-03-18 08:48:32,4114797.6772176,0.00000017,0.000000000006750921,6963208,2019-03-18 08:48:32,btc,2.803038224394497,0.0,0.00000017,btc,2303226.38670629,0.00248867,0.1145641703974415,30
0,[],17,[],2019-03-18 05:29:07,0.0,0,0,6962621,2019-03-18 05:29:07,btc,0.0,0.0,0,btc,0.0,0.0,0.0,30
1,[],4,[],2019-03-18 08:48:33,187012.83783209,0.00005811,0.000000002307623643,6963209,2019-03-18 08:48:33,btc,6.5649410363064575,0.0,0.00005811,btc,67176.37899212,1.13728382,2.2765492537433527,31
1,[],21,[],2019-03-18 08:48:34,66181.14953704001,0.00005890000000000000188746587804,0.0000000023389955700000002,6963210,2019-03-18 08:48:34,btc,6.796857537590703,509573.66286,0.0000589000000000000018874658780365649590748944319784641265869140625,btc,100081.66974811,31.67188449,3.5651429148378737,31
0,[],2,[],2019-01-20 23:28:43,0.0,0,0,6477009,2019-01-20 23:28:43,,0.0,0.0,0,,0.0,0.0,0.0,32
1,[],4,[],2019-03-18 08:48:35,398995063.93639934,0.00000004,0.0000000000015884520000000001,6963211,2019-03-18 08:48:35,btc,8.899640701562554,0.0,0.00000004,"btc,ltc",181885167.0619355,0.4682564,8.52462426970369,33
1,[],12,[],2019-03-18 08:48:36,29694329.99233333,0.00000004,0.0000000000015884520000000001,6963212,2019-03-18 08:48:36,btc,4127597.5737227504,0.0,0.00000004,btc,23336581.69443056,0.1468407491446057,0.7218138467199998,33
1,[],4,[],2019-03-18 08:48:40,90415684.88817006,0.00000001,0.00000000000039711300000000003,6963213,2019-03-18 08:48:40,btc,3.2742824730105347,0.0,0.00000001,btc,103283899.16533832,0.00022,0.9041568488817007,34
1,[],5,[],2019-03-18 08:48:41,0.0,0,0,6963214,2019-03-18 08:48:41,btc,0.0,0.0304,0,btc,0.0,0.0,0.0,34
0.00000000014852560000000002,[],4,[],2019-03-18 08:48:42,5090352890.492448,1.4852560000000002e-18,5.898144659280001e-23,6963215,2019-03-18 08:48:42,ltc,4.961189697874571e-08,0.0,0.00000001,ltc,6357364527.702046,0.0,7.560477172721252e-09,36
1,[],5,[],2019-03-18 08:48:44,0.0,0,0,6963216,2019-03-18 08:48:44,btc,0.0,0.0,0,btc,0.0,0.0,0.0,36
0,[],17,[],2019-03-18 08:48:45,0.0,0,0,6963217,2019-03-18 08:48:45,btc,0.0746458280918893,0.0,0,btc,4105386.20243647,0.0,0.0,36
0.0000000003459782,[],27,[],2019-03-18 08:48:48,998000.16325,3.459782e-18,1.3739244093660003e-22,6963218,2019-03-18 08:48:48,eth,223.80396210580784,0.0,0.00000001,"ltc,eth",12165396.31058689,0.0,1.4822860528094116e-12,36
1,[],4,[],2019-03-18 08:48:49,190468.40336712,0.00000059,0.000000000023429667000000002,6963219,2019-03-18 08:48:49,btc,19772.471577847886,0.0,0.00000059,btc,590096.20471469,0.05921554,0.0723944629363241,37
1,[],12,[],2019-03-18 08:48:50,693922.5518053,0.00000059,0.000000000023429667,6963220,2019-03-18 08:48:50,btc,21.621069632189137,0.0,0.00000059,btc,365444.88763842,0.032370032629745,0.2443855456041445,37
1,[],27,[],2019-03-18 08:48:52,14685.567,0.00000045,0.000000000017870085,6963221,2019-03-18 08:48:52,btc,24.25536383611233,0.0,0.00000045,btc,6518.38138508,0.0,0.00480032515,37
1,[],17,[],2019-03-18 05:29:23,1752.74075282,0.00000025,0.00000000000999395,6962634,2019-03-18 05:29:23,btc,0.055484923989100494,0.0,0.00000025,btc,1387.19918473,0.0,0.00043818518820499993,37
1,[],5,[],2019-03-18 08:48:53,0.0,0,0,6963222,2019-03-18 08:48:53,btc,0.0,0.1047,0,btc,0.0,0.0,0.0,42
1,[],12,[],2019-03-18 08:48:54,253972.30504907,0.00000092,0.000000000036534396,6963223,2019-03-18 08:48:54,btc,5.579973251203101,0.0,0.00000092,btc,30097.01486885,0.0187871834682125,0.0194857399999898,42
0.0000000003459782,[],27,[],2019-03-18 08:48:56,22000.0,4.1517384e-17,1.6487092912392002e-21,6963224,2019-03-18 08:48:56,eth,0.00315028,0.0,0.00000012,"btc,eth",11.007,0.0,8.37267244e-13,42
1,[],5,[],2019-03-18 08:48:58,0.0,0,0,6963225,2019-03-18 08:48:58,btc,0.0,0.0217,0,btc,0.0,0.0,0.0,43
0,[],17,[],2019-03-18 08:49:00,0.0,0,0,6963226,2019-03-18 08:49:00,btc,0.0,0.0,0,btc,0.0,0.0,0.0,43
1,[],12,[],2019-03-13 09:13:29,1112112.0,0.00000001,0.000000000000386531,6919902,2019-03-13 09:13:29,btc,29058.00478931866,0.0,0.00000001,btc,5967681.93306694,9.99000999e-07,0.01112112,43
1,[],12,[],2019-03-05 01:54:08,639326.02,0.00000004,0.000000000001486676,6845775,2019-03-05 01:54:08,btc,11116042.728239931,0.0,0.00000004,btc,1103841.4595604,0.0003330765234764,0.014975410599999999,44
1,[],4,[],2019-03-18 08:49:01,298151345.2748583,0.00000002,0.0000000000007942260000000001,6963227,2019-03-18 08:49:01,btc,497.8129029423763,0.0,0.00000002,"btc,ltc",16751314.84219975,0.00572631,0.2839204469007217,49
0.00000000014852560000000002,[],4,[],2019-03-18 08:49:01,515738587.8666691,1.4852560000000002e-18,5.898144659280001e-23,6963228,2019-03-18 08:49:01,ltc,25.901654672260925,0.0,0.00000001,ltc,8614125116.009727,0.0,7.660038320604976e-10,52
0,[],22,[],2019-03-18 08:49:50,0.0,0,0,6963229,2019-03-18 08:49:50,,0.0,0.0,0,,0.0,0.0,0.0,57
0.0000000003459782,[],27,[],2019-03-18 08:49:52,2000.0,3.459782e-18,1.3739244093660003e-22,6963230,2019-03-18 08:49:52,eth,0.0,0.0,0.00000001,"btc,eth",0.0,0.0,6.919564e-15,57
0.00000000014852560000000002,[],4,[],2019-03-18 08:49:54,790601002.751,2.9705120000000004e-18,1.1796289318560002e-22,6963231,2019-03-18 08:49:54,ltc,18.65761744723965,0.0,0.00000002,ltc,4686446040.785704,0.0,1.7863987298546405e-09,58
1,[],12,[],2019-03-18 08:49:55,1431400792.0,0.0000000003,0.00000000000001191339,6963232,2019-03-18 08:49:55,btc,4265307.5279049985,0.0,0.0000000003,btc,1605375151.070929,0.00236190428271729,0.3677443317,58
0,[],17,[],2019-03-18 08:49:56,0.0,0,0,6963233,2019-03-18 08:49:56,btc,1e+24,0.0,0,btc,49306342.21952568,0.0,0.0,58
0,[],22,[],2019-03-18 08:50:45,0.0,0,0,6963234,2019-03-18 08:50:45,,0.0,0.0,0,,0.0,0.0,0.0,58
1,[],5,[],2019-03-18 08:50:47,0.0,0,0,6963235,2019-03-18 08:50:47,btc,0.0,0.0043,0,btc,0.0,0.0,0.0,61
0,[],22,[],2019-03-18 08:51:36,0.0,0,0,6963236,2019-03-18 08:51:36,,0.0,0.0,0,,0.0,0.0,0.0,61
1,[],26,[],2019-03-18 08:51:36,0.0,0.00000800,0.00000000031769040000000004,6963237,2019-03-18 08:51:36,btc,0.0,0.0,0.00000800,btc,0.0,0.0,0.0,61
1,[],27,[],2019-03-18 08:51:38,2138.56798,0.00000047,0.000000000018664311,6963238,2019-03-18 08:51:38,btc,2.8850305703141323,0.0,0.00000047,"btc,eth",19862.59257617,0.0,0.00019833999351008604,61
0,[],28,[],2019-03-18 08:56:35,0.0,0,0,6963239,2019-03-18 08:56:35,,0.0,0.0,0,,0.0,0.0,0.0,61
1,[],4,[],2019-03-18 08:56:37,1277896.31586001,0.00000251,0.000000000099675363,6963240,2019-03-18 08:56:37,btc,9.687731516059536,0.0,0.00000251,btc,800090.55743778,0.21017286,0.9875065507956541,67
0.0,[],25,[],2019-03-18 08:56:38,0.0,0,0,6963241,2019-03-18 08:56:38,,0.0,0.0,0.0,btc,0.0,0.0,0.0,67
1,[],12,[],2019-03-18 08:56:39,841885.99026982,0.00000015,0.000000000005956695,6963242,2019-03-18 08:56:39,btc,1111615.2107298472,0.0,0.00000015,btc,923863.34914189,0.00121243966034,0.0662114641918169,71
,[],5,[],2018-11-20 23:02:39,1.5e-07,0.00000005,0.000000000002128045,4862160,2018-11-20 23:02:39,btc,2.84511358,0.0,,btc,0.00036572,0.0,0.07381892,74
1,[],5,[],2019-03-18 08:56:41,0.0,0,0,6963243,2019-03-18 08:56:41,btc,0.0,0.0,0,btc,0.0,0.0,0.0,75
1,[],4,[],2019-03-18 08:56:43,13382103.94481309,0.00000001,0.00000000000039711300000000003,6963244,2019-03-18 08:56:43,btc,11370.01956508711,0.0,0.00000001,btc,39949505.59932191,0.0,0.1338210394481309,81
0,[],20,[],2019-01-25 09:30:31,0.0,0,0,6495923,2019-01-25 09:30:31,btc,0.0,0.0,0,btc,0.0,0.0,0.0,81
1,[],4,[],2019-03-18 08:56:45,23620.09028829,0.00008067,0.0000000032035105710000002,6963245,2019-03-18 08:56:45,btc,17.913330118366357,0.0,0.00008067,btc,12080.4977079,0.03107137,0.0805847952067636,82
1,[],21,[],2019-03-18 08:56:46,911229.96884726,0.00007511000000000000423501511637,0.0000000029827157430000003,6963246,2019-03-18 08:56:46,btc,2.7404390319769116,11997.49504935,0.00007511000000000000423501511637169869572971947491168975830078125,btc,30599.70530452,0.92233993,3.1063970185661423,82
0,[],17,[],2019-03-18 08:56:48,0.0,0,0,6963247,2019-03-18 08:56:48,btc,0.0447233088476774,0.0,0,btc,999127.19588126,0.0,0.0,84
0.00000000014852560000000002,[],4,[],2019-03-18 08:56:49,149291050.4678183,4.455768e-18,1.769443397784e-22,6963248,2019-03-18 08:56:49,ltc,1.675056970815496,0.0,0.00000003,ltc,390909604.6929961,0.00123456,3.228540706052878e-10,85
,[],22,[],2018-11-20 23:09:34,3408.1,0.0000001,0.0000000000041895,4862324,2018-11-20 23:09:34,BTC,0.04624735,0.0,,BTC,4990.0,0.0,0.00033081,86
0,[],22,[],2019-03-18 08:57:39,0.0,0,0,6963249,2019-03-18 08:57:39,,0.0,0.0,0,,0.0,0.0,0.0,87
1,[],27,[],2019-03-18 08:57:40,50.0,0.00000001,0.00000000000039711300000000003,6963250,2019-03-18 08:57:40,btc,5.0620453089352,0.0,0.00000001,btc,27725.9038596,0.0,5e-07,87
,[],2,[],2018-11-20 23:10:47,0.0,0,0,4862359,2018-11-20 23:10:47,,0.0,0.0,,,0.0,0.0,0.0,88
1,[],11,[],2019-03-18 08:57:42,109297.2312731,0.00015020999999999998654291732957943850124138407409191131591796875,0.0000000059650343729999995,6963251,2019-03-18 08:57:42,btc,612.0851260978659,1477.79999999,0.00015020999999999998654291732957943850124138407409191131591796875,btc,101215.26766985,0.0,8.711806505313472,89
0,[],2,[],2019-01-20 23:31:45,0.0,0,0,6477083,2019-01-20 23:31:45,,0.0,0.0,0,,0.0,0.0,0.0,91
1,[],12,[],2019-03-18 08:57:43,312969.42588754,0.00000092,0.000000000036534396,6963252,2019-03-18 08:57:43,btc,58.444437785372685,0.0,0.00000092,btc,89143.65126046,8.73618e-05,0.0314865912999936,91
0,[],22,[],2019-03-18 08:58:43,0.0,0,0,6963253,2019-03-18 08:58:43,,0.0,0.0,0,,0.0,0.0,0.0,91
0,[],17,[],2019-03-18 07:44:32,0.0,0,0,6963055,2019-03-18 07:44:32,btc,0.0,0.0,0,btc,0.0,0.0,0.0,91
0,[],22,[],2019-03-18 08:59:32,0.0,0,0,6963254,2019-03-18 08:59:32,,0.0,0.0,0,,0.0,0.0,0.0,95
0.00000000014852560000000002,[],4,[],2019-03-18 08:59:33,540922801.2512879,7.426280000000001e-17,2.9490723296400004e-21,6963255,2019-03-18 08:59:33,ltc,11.883229162107352,0.0,0.0000005,ltc,134875865.11121503,0.0,1.172992976363864e-09,96
0,[],12,[],2019-03-18 08:59:34,0.0,0,0,6963256,2019-03-18 08:59:34,btc,10.668965504735265,0.0,0,btc,3148038.47352644,0.0001884615384617,0.0,96
0,[],17,[],2019-03-18 08:59:35,0.0,0,0,6963257,2019-03-18 08:59:35,btc,0.0,0.0,0,btc,0.0,0.0,0.0,96
1,[],4,[],2019-03-18 08:59:37,4184939.54018544,0.00000055,0.000000000021841215000000002,6963258,2019-03-18 08:59:37,btc,6.317343344362425,0.0,0.00000055,btc,3170946.85235469,0.83628908,0.9449422286836165,99
1,[],4,[],2019-03-18 08:59:38,289639.92023091,0.00003475,0.000000001379967675,6963259,2019-03-18 08:59:38,btc,10.72183149928126,0.0,0.00003475,btc,167948.03425397,0.75028041,1.3074701575906358,100
0,[],2,[],2019-01-20 23:23:55,0.0,0,0,6476914,2019-01-20 23:23:55,,0.0,0.0,0,,0.0,0.0,0.0,100
0,[],22,[],2019-03-18 09:00:27,0.0,0,0,6963260,2019-03-18 09:00:27,,0.0,0.0,0,,0.0,0.0,0.0,101
1,[],4,[],2019-03-18 09:00:28,367521.17738103,0.00000092,0.000000000036534396,6963261,2019-03-18 09:00:28,btc,292.5332290330623,0.0,0.00000092,btc,555667.23919217,0.0775416,0.1995546383470947,103
1,[],12,[],2019-03-18 09:00:30,34719242.22452997,0.000000008,0.0000000000003176904,6963262,2019-03-18 09:00:30,btc,3219028.6604803936,0.0,0.000000008,btc,65328451.99141856,0.01467201608979034,0.06088668379623976,105
0,[],27,[],2019-03-18 09:00:32,0.0,0,0,6963263,2019-03-18 09:00:32,,36.61213037936601,0.0,0,btc,1531551.60039724,0.0,0.0,105
0,[],22,[],2019-03-18 07:48:10,0.0,0,0,6963067,2019-03-18 07:48:10,,0.0,0.0,0,,0.0,0.0,0.0,107
1,[],26,[],2019-03-18 07:48:10,0.0,0.00000000,0,6963068,2019-03-18 07:48:10,btc,0.0,0.0,0.00000000,btc,0.0,0.0,0.0,107
1,[],5,[],2019-03-18 07:48:12,0.0,0,0,6963069,2019-03-18 07:48:12,btc,0.0,0.00072812,0,btc,0.0,0.0,0.0,112
0,[],22,[],2019-03-18 07:49:01,0.0,0,0,6963070,2019-03-18 07:49:01,,0.0,0.0,0,,0.0,0.0,0.0,112
0.0000000003464523,[],27,[],2019-03-18 07:49:03,2000.0,3.464523e-18,1.376222864859e-22,6963071,2019-03-18 07:49:03,eth,1.24996908,0.0,0.00000001,"btc,eth",1289.0,0.0,6.929046e-15,112
1,[],4,[],2019-03-18 07:49:04,740967.89707409,0.00000171,0.000000000067926843,6963072,2019-03-18 07:49:04,btc,4.0456877680529795,0.0,0.00000171,btc,418833.59515092,0.15687232,0.6993475765280658,113
1,[],5,[],2019-03-18 07:49:06,0.0,0,0,6963073,2019-03-18 07:49:06,btc,0.0,0.0,0,btc,0.0,0.0,0.0,113
1,[],17,[],2019-03-18 03:11:06,152738.278,0.00000004,0.000000000001606432,6962289,2019-03-18 03:11:06,btc,1.33680302678,0.0,0.00000004,btc,50696.221,0.0,0.0022095311199999998,116
0,[],27,[],2019-03-18 07:49:19,0.0,0,0,6963074,2019-03-18 07:49:19,,0.0,0.0,0,btc,0.0,0.0,0.0,116
1,[],4,[],2019-03-18 07:49:20,67112.75706655,0.00004692,0.000000001863817236,6963075,2019-03-18 07:49:20,btc,102.98907664899087,0.0,0.00004692,btc,45814.8768263,0.41786872,1.278152676812504,120
1,[],7,[],2019-03-18 07:49:24,23148.88160715,0.0000270100000000000005882794251732548218569718301296234130859375,0.000000001072926333,6963076,2019-03-18 07:49:24,btc,115651.27034723606,150.28774618,0.0000270100000000000005882794251732548218569718301296234130859375,btc,27728.65002019,0.00701739,0.0577509008209091,120
1,[],20,[],2019-03-18 07:49:27,1561824.0679,0.000000034,0.0000000000013505922,6963077,2019-03-18 07:49:27,btc,32.3019190406648,9517.559,0.000000034,btc,1028084.0986,0.000323597006,0.0117869717416,125
0,[],22,[],2019-03-18 07:50:16,0.0,0,0,6963078,2019-03-18 07:50:16,,0.0,0.0,0,,0.0,0.0,0.0,126
1,[],4,[],2019-03-18 07:50:17,1304896.03975668,0.00001127,0.000000000447681591,6963079,2019-03-18 07:50:17,btc,3.1150349968772053,0.0,0.00001127,btc,132316.96065768,0.12236044,0.5062715607666401,131
0,[],17,[],2019-03-18 07:50:19,0.0,0,0,6963080,2019-03-18 07:50:19,btc,0.0953976503951408,0.0,0,btc,5037.62507334,0.0,0.0,131
0,[],2,[],2019-01-20 23:25:46,0.0,0,0,6476969,2019-01-20 23:25:46,,0.0,0.0,0,,0.0,0.0,0.0,131
1,[],4,[],2019-03-18 07:50:20,4580.91573089,0.00025284,0.000000010043639172,6963081,2019-03-18 07:50:20,btc,0.5257822744450135,0.0,0.00025284,btc,193.40119446,0.01903506,0.0138516696444257,135
1,[],3,[],2019-03-07 00:20:44,877702.73244099,0.00000004,0.00000000000154846,6863392,2019-03-07 00:20:44,btc,0.119366241821405,0.0,0.00000004,btc,760637.99421222,0.0,0.023771231960604298,136
1,[],4,[],2019-03-18 07:50:21,164631.00503964,0.00000117,0.000000000046476261,6963082,2019-03-18 07:50:21,btc,38.76988448630057,0.0,0.00000117,btc,582038.65580698,0.05509645,0.1305994447396182,137
1,[],12,[],2019-03-18 07:50:22,170106.62965867,0.000001129999999999999980629101885287735029805844533257186412811279296875,0.000000000044887329,6963083,2019-03-18 07:50:22,btc,37.499556619909775,0.0,0.000001129999999999999980629101885287735029805844533257186412811279296875,btc,5296.32065971,0.0140469886442239,0.010863429999920099,137
1,[],4,[],2019-03-18 07:50:23,36466.43065554,0.00003669,0.000000001457447877,6963084,2019-03-18 07:50:23,btc,28.740886565789516,0.0,0.00003669,btc,51192.2513271,0.37453947,0.3110081952844639,142
1,[],5,[],2019-03-18 07:50:25,0.0,0,0,6963085,2019-03-18 07:50:25,btc,0.0,0.08622973,0,btc,0.0,0.0,0.0,142
1,[],17,[],2019-03-18 07:50:26,22967.386363640002,0.00000088,0.000000000034956504,6963086,2019-03-18 07:50:26,btc,20.069913352726083,0.0,0.00000088,btc,2746.079105,0.0,0.0104613000000032,142
1,[],20,[],2019-03-18 07:50:28,149099.9406,0.00003007,0.000000001194479631,6963087,2019-03-18 07:50:28,btc,0.3359273383772,3.6583,0.00003007,btc,2242.1971,0.000109931915,0.3131795003757,142
0,[],22,[],2019-03-18 07:51:17,0.0,0,0,6963088,2019-03-18 07:51:17,,0.0,0.0,0,,0.0,0.0,0.0,142
0.0,[],25,[],2019-03-18 07:51:18,0.0,0,0,6963089,2019-03-18 07:51:18,,0.0,0.0,0.0,btc,0.0,0.0,0.0,142
0,[],28,[],2019-03-18 07:53:52,0.0,0,0,6963090,2019-03-18 07:53:52,,0.0,0.0,0,,0.0,0.0,0.0,142
0,[],22,[],2019-03-18 07:54:41,0.0,0,0,6963091,2019-03-18 07:54:41,,0.0,0.0,0,,0.0,0.0,0.0,143
0,[],22,[],2019-02-25 15:42:22,0.0,0,0,6783783,2019-02-25 15:42:22,,4.2131946,0.0,0,,2322156.0,0.0,0.0,146
,[],22,[],2018-11-20 23:01:11,0.0,0,0,4862114,2018-11-20 23:01:11,,2.56807021,0.0,,,61828.4988236,0.0,0.0,147
1,[],12,[],2019-03-18 07:54:42,358913.68805407,0.0000027300000000000001199843176202808336938687716610729694366455078125,0.00000000010844460900000001,6963092,2019-03-18 07:54:42,btc,9.693551283368663,0.0,0.0000027300000000000001199843176202808336938687716610729694366455078125,btc,108330.39740171,0.0,0.167997029999889,148
1,[],4,[],2019-03-18 07:54:44,266417.44641322,0.00000030,0.00000000001191699,6963093,2019-03-18 07:54:44,btc,218.95563091013318,0.0,0.00000030,btc,801811.42486661,0.00142141,0.0642535474147619,152
0,[],22,[],2019-03-18 07:55:33,0.0,0,0,6963094,2019-03-18 07:55:33,,0.0,0.0,0,,0.0,0.0,0.0,152
1,[],5,[],2019-03-18 07:55:35,0.0,0,0,6963095,2019-03-18 07:55:35,btc,0.0,0.0,0,btc,0.0,0.0,0.0,153
,[],16,[],2019-01-11 15:38:59,0.0,0,0,6366141,2019-01-11 15:38:59,btc,0.0,0.0,,btc,0.0,0.0,0.0,155
0,[],23,[],2019-01-20 23:24:29,0.0,0,0,6476932,2019-01-20 23:24:29,,0.0,0.0,0,,0.0,0.0,0.0,156
0,[],22,[],2019-03-18 07:56:24,0.0,0,0,6963096,2019-03-18 07:56:24,,0.0,0.0,0,,0.0,0.0,0.0,156
0,[],22,[],2019-03-18 07:57:13,0.0,0,0,6963097,2019-03-18 07:57:13,,0.0,0.0,0,,0.0,0.0,0.0,157
0,[],22,[],2019-03-18 07:58:02,0.0,0,0,6963098,2019-03-18 07:58:02,,0.0,0.0,0,,0.0,0.0,0.0,158
,[],17,[],2018-11-20 22:56:10,0.0,0,0,4861976,2018-11-20 22:56:10,btc,1.1265625,0.0,,btc,1000.0,0.0,0.0,159
,[],20,[],2018-11-20 22:56:12,0.0,0,0,4861977,2018-11-20 22:56:12,btc,11912.7940471,0.0,,btc,34413894.3617,0.0,0.0,159
1,[],12,[],2019-03-18 07:58:04,235259.80793886998,0.000007279999999999999755269548817881997138101723976433277130126953125,0.00000000028918562399999997,6963099,2019-03-18 07:58:04,btc,12.666457704113508,0.0,0.000007279999999999999755269548817881997138101723976433277130126953125,btc,7800.3366692,0.0013187544521699,0.1174123638245658,168
1,[],17,[],2019-03-18 06:57:08,29784.95,0.000001,0.0000000000396877,6962902,2019-03-18 06:57:08,btc,0.03026736251542,0.0,0.000001,btc,144.46171372,0.0,0.00716147,168
0,[],22,[],2019-03-18 07:59:04,0.0,0,0,6963100,2019-03-18 07:59:04,,0.0,0.0,0,,0.0,0.0,0.0,169
0,[],22,[],2019-03-18 07:59:53,0.0,0,0,6963101,2019-03-18 07:59:53,,0.0,0.0,0,,0.0,0.0,0.0,171
0,[],22,[],2019-03-18 08:00:42,0.0,0,0,6963102,2019-03-18 08:00:42,,0.0,0.0,0,,0.0,0.0,0.0,173
1,[],5,[],2019-03-18 08:00:44,0.0,0,0,6963103,2019-03-18 08:00:44,btc,0.0,0.00533133,0,btc,0.0,0.0,0.0,175
0,[],22,[],2019-03-18 08:01:32,0.0,0,0,6963104,2019-03-18 08:01:32,,0.0,0.0,0,,0.0,0.0,0.0,176
1,[],7,[],2019-03-18 08:01:35,9222269.27246133,0.00000001,0.00000000000039723300000000003,6963105,2019-03-18 08:01:35,btc,410194.25819718785,101728059.082,0.00000001,btc,33460474.61277177,0.0,0.09222269272461331,178
0,[],22,[],2019-03-18 08:02:24,0.0,0,0,6963106,2019-03-18 08:02:24,,0.0,0.0,0,,0.0,0.0,0.0,178
0,[],2,[],2019-01-20 23:28:34,0.0,0,0,6477001,2019-01-20 23:28:34,,0.0,0.0,0,,0.0,0.0,0.0,178
0,[],23,[],2019-01-20 23:25:08,0.0,0,0,6476952,2019-01-20 23:25:08,,0.0,0.0,0,,0.0,0.0,0.0,179
1,[],5,[],2019-03-18 08:02:25,0.0,0,0,6963107,2019-03-18 08:02:25,btc,0.0,0.0673874,0,btc,0.0,0.0,0.0,179
0,[],22,[],2019-03-18 08:03:14,0.0,0,0,6963108,2019-03-18 08:03:14,,0.0,0.0,0,,0.0,0.0,0.0,179
0,[],22,[],2019-03-18 08:04:14,0.0,0,0,6963109,2019-03-18 08:04:14,,0.0,0.0,0,,0.0,0.0,0.0,180
1,[],26,[],2019-03-18 08:04:14,0.0,0.00000126,0.000000000050051358,6963110,2019-03-18 08:04:14,btc,0.0,0.0,0.00000126,btc,0.0,0.0,0.0,180
1,[],17,[],2019-03-18 07:02:11,10504.725,0.0000001,0.00000000000396877,6962912,2019-03-18 07:02:11,btc,5.201069583844188,0.0,0.0000001,btc,5033.45945,0.0,0.0010504725,180
,[],7,[],2018-11-20 22:58:01,562227.975654,0.00000085,0.000000000036176765,4862015,2018-11-20 22:58:01,btc,21836.6059674,2491.87645172,,btc,749999.041456,0.00211021,0.127565380455,183
,[],5,[],2019-01-10 08:11:41,0.0,0,0,6347036,2019-01-10 08:11:41,btc,82.15055501,0.00261,,btc,1.19002445,0.0,0.0,187
1,[],24,[],2019-03-18 08:04:14,0.0,0.000000000001,3.97233e-17,6963111,2019-03-18 08:04:14,btc,0.0,0.0,0.000000000001,btc,0.0,0.0,0.0,187
,[],17,[],2018-11-16 20:58:10,4062536.27273,0.00000001,0.000000000000550501,4708775,2018-11-16 20:58:10,btc,3.36492563466,0.195460381006,,"btc,eth",110697919.549,0.0,0.0157628953496,187
0,[],22,[],2019-03-18 08:05:03,0.0,0,0,6963112,2019-03-18 08:05:03,,0.0,0.0,0,,0.0,0.0,0.0,191
0,[],22,[],2019-03-18 08:05:52,0.0,0,0,6963113,2019-03-18 08:05:52,,0.0,0.0,0,,0.0,0.0,0.0,197
0,[],23,[],2019-01-20 23:31:41,0.0,0,0,6477079,2019-01-20 23:31:41,,0.0,0.0,0,,0.0,0.0,0.0,199
0,[],22,[],2019-03-18 08:06:41,0.0,0,0,6963114,2019-03-18 08:06:41,,0.0,0.0,0,,0.0,0.0,0.0,199
1,[],26,[],2019-03-18 08:06:41,0.0,0.00000000,0,6963115,2019-03-18 08:06:41,btc,0.0,131404.0,0.00000000,btc,0.0,0.0,0.0,199
0,[],2,[],2019-01-20 23:30:49,0.0,0,0,6477059,2019-01-20 23:30:49,,0.0,0.0,0,,0.0,0.0,0.0,201
1,[],4,[],2019-01-25 15:51:35,2084389.58565343,0.00000936,0.000000000333526752,6499557,2019-01-25 15:51:35,btc,2.0092503037378524,0.0,0.00000936,btc,160195.80207885,0.19272417,1.242687955921835,211
1,[],7,[],2019-03-18 08:06:45,4230487.88715939,0.000001049999999999999899545958213786800428124479367397725582122802734375,0.000000000041709465,6963116,2019-03-18 08:06:45,btc,15476712.136444202,2212456.72701,0.000001049999999999999899545958213786800428124479367397725582122802734375,btc,13878683.79562992,0.0,2.9798204257730303,212
1,[],12,[],2019-01-25 02:44:32,207462.42853209,0.000001080000000000000035831255497387193287295303889550268650054931640625,0.000000000038610756000000006,6493050,2019-01-25 02:44:32,btc,85023.03793723314,0.0,0.000001080000000000000035831255497387193287295303889550268650054931640625,btc,43675.73520027,0.000146250909087,0.0348620860622024,213
1,[],5,[],2019-03-18 08:06:46,0.0,0,0,6963117,2019-03-18 08:06:46,btc,0.0,0.08674681,0,btc,0.0,0.0,0.0,213
1,[],24,[],2019-03-18 08:06:47,0.0,0.000000220000,0.000000000008739126,6963118,2019-03-18 08:06:47,btc,0.0,0.0,0.000000220000,btc,0.0,0.0,0.0,213
1,[],26,[],2019-03-18 08:06:47,0.0,0.00000040,0.00000000001588932,6963119,2019-03-18 08:06:47,btc,0.0,0.0,0.00000040,btc,0.0,0.0,0.0,213
0,[],22,[],2019-03-18 08:07:36,0.0,0,0,6963120,2019-03-18 08:07:36,,0.0,0.0,0,,0.0,0.0,0.0,216
1,[],27,[],2019-03-18 08:07:38,1233122.0,0.00000003,0.000000000001191699,6963121,2019-03-18 08:07:38,btc,316.9780375147724,0.0,0.00000003,"btc,ltc",245929.924324,0.0,0.033757640000074605,216
0,[],22,[],2019-03-18 08:08:29,0.0,0,0,6963122,2019-03-18 08:08:29,,0.0,0.0,0,,0.0,0.0,0.0,217
1,[],7,[],2019-03-18 08:08:31,0.0,0,0,6963123,2019-03-18 08:08:31,btc,77969.33757097446,0.0,0,btc,135811624.2426053,0.0,0.0,219
0,[],27,[],2019-03-18 08:08:33,0.0,0,0,6963124,2019-03-18 08:08:33,,0.03997288,0.0,0,btc,2007233.0,0.0,0.0,219
0.0000000000000051,[],28,[],2019-03-18 08:15:34,170722989.525,2.55e-18,1.01294415e-22,6963125,2019-03-18 08:15:34,doge,115344.65767181761,3279.0,0.00050000,"btc,doge",8237798.14061,0.0,1.702075359052437e-11,219
0,[],22,[],2019-03-18 08:16:23,0.0,0,0,6963126,2019-03-18 08:16:23,,0.0,0.0,0,,0.0,0.0,0.0,221
1,[],24,[],2019-03-18 08:16:23,0.0,0.000000200000,0.00000000000794466,6963127,2019-03-18 08:16:23,btc,0.0,0.0,0.000000200000,btc,0.0,0.0,0.0,221
1,[],20,[],2019-03-18 08:16:26,47468592.6886,0.000000004,0.0000000000001588932,6963128,2019-03-18 08:16:26,btc,49.4346508128788,2576026.8119,0.000000004,btc,15951903.1807,0.0237652614973,0.0607187707352,224
0,[],22,[],2019-03-18 08:17:15,0.0,0,0,6963129,2019-03-18 08:17:15,,0.0,0.0,0,,0.0,0.0,0.0,224
1,[],26,[],2019-03-18 08:17:16,0.0,0.00000022,0.000000000008739126,6963130,2019-03-18 08:17:16,btc,0.0,0.0,0.00000022,btc,0.0,0.0,0.0,231
1,[],26,[],2019-03-18 08:17:16,0.0,0.00000005,0.000000000001986165,6963131,2019-03-18 08:17:16,btc,0.0,100.0,0.00000005,btc,0.0,0.0,0.0,234
0.0000000003464523,[],27,[],2019-03-18 08:17:19,2000.0,3.464523e-18,1.376222864859e-22,6963132,2019-03-18 08:17:19,eth,0.01134836604,0.0,0.00000001,"btc,eth",11462.996,0.0,6.929046e-15,234
1,[],4,[],2019-03-18 08:17:21,1049362.70728154,0.00000109,0.000000000043298397,6963133,2019-03-18 08:17:21,btc,4.3681544999743505,0.0,0.00000109,btc,1106230.09210123,0.21172951,0.4474570180792664,236
1,[],24,[],2019-03-18 08:17:21,0.0,0.000000500000,0.00000000001986165,6963134,2019-03-18 08:17:21,btc,0.0,0.0,0.000000500000,btc,0.0,0.0,0.0,236
1,[],20,[],2019-03-18 08:17:24,216420907.0503,0.000000042,0.0000000000016683786,6963135,2019-03-18 08:17:24,btc,94.4471921004716,7052443.3273,0.000000042,btc,31102504.1788,0.3214489661997,0.3188836506976,237
0,[],22,[],2019-03-18 08:18:13,0.0,0,0,6963136,2019-03-18 08:18:13,,0.0,0.0,0,,0.0,0.0,0.0,237
1,[],4,[],2019-03-18 08:18:14,10708119.10916684,0.00000038,0.000000000015094854,6963137,2019-03-18 08:18:14,btc,5.608556130499558,0.0,0.00000038,btc,7886903.13265139,0.17286952,3.024439294663266,238
1,[],5,[],2019-03-18 08:18:15,0.0,0,0,6963138,2019-03-18 08:18:15,btc,0.0,0.01650163,0,btc,0.0,0.0,0.0,238
0,[],22,[],2019-03-12 16:49:32,0.0,0,0,6914458,2019-03-12 16:49:32,,0.40415746,0.0,0,,526736.5639027493,0.0,0.0,249
0,[],22,[],2019-03-18 08:19:05,0.0,0,0,6963139,2019-03-18 08:19:05,,0.0,0.0,0,,0.0,0.0,0.0,252
0,[],28,[],2019-03-18 08:25:13,0.0,0,0,6963140,2019-03-18 08:25:13,,0.0,22790.4,0,,0.0,0.0,0.0,256
0,[],22,[],2019-03-18 08:26:02,0.0,0,0,6963141,2019-03-18 08:26:02,,0.0,0.0,0,,0.0,0.0,0.0,258
1,[],22,[],2019-03-13 00:07:30,47146.0,0.00000001,0.000000000000387233,6917028,2019-03-13 00:07:30,BTC,2.415167,0.0,0.00000001,BTC,157.0,0.0,0.00047146,259
1,[],5,[],2019-03-18 08:26:04,0.0,0,0,6963142,2019-03-18 08:26:04,btc,0.0,0.27887938,0,btc,0.0,0.0,0.0,264
1,[],20,[],2019-03-18 08:26:06,1272480.3604,0.00000192,0.000000000076268736,6963143,2019-03-18 08:26:06,btc,7.2052988645425,16910.68,0.00000192,btc,99052.6253,0.0389107624971,0.026401200336,264
0,[],22,[],2019-03-18 08:26:55,0.0,0,0,6963144,2019-03-18 08:26:55,,0.0,0.0,0,,0.0,0.0,0.0,271
0,[],22,[],2019-03-18 08:27:45,0.0,0,0,6963145,2019-03-18 08:27:45,,0.0,0.0,0,,0.0,0.0,0.0,272
0.0000000000000051,[],28,[],2019-03-18 08:28:37,206317293566.671,3.7739999999999996e-21,1.499157342e-25,6963146,2019-03-18 08:28:37,doge,147719575.31339312,60116256.0,0.00000074,doge,246348898382.2514,0.0,5.217743171974143e-10,272
0,[],22,[],2019-03-18 08:29:26,0.0,0,0,6963147,2019-03-18 08:29:26,,0.0,0.0,0,,0.0,0.0,0.0,281
0,[],22,[],2019-03-18 08:30:16,0.0,0,0,6963148,2019-03-18 08:30:16,,0.0,0.0,0,,0.0,0.0,0.0,286
0,[],22,[],2019-03-18 08:31:05,0.0,0,0,6963149,2019-03-18 08:31:05,,0.0,0.0,0,,0.0,0.0,0.0,294
