pairValue,buyBook,exchangeId,sellBook,updated,buyTotal,satoshiPrice,usdPrice,exchangeLogId,created,bestPair,sellTotalBtc,volume,pairPrice,activePairs,sellTotal,volumeBtc,buyTotalBtc,coinId
1,[],3,[],2019-06-01 13:27:29,66.016755216386,0.0108332099999999993678034826416478608734905719757080078125,0.000000924977386035,7722772,2019-06-01 13:27:29,btc,0.1518423405779719,44.1584085465,0.0108332099999999993678034826416478608734905719757080078125,btc,12.895021811548,0.0,0.25248085952597876,1
1,[],4,[],2019-06-01 13:27:29,207689.27834566,0.01080000,0.0000009221418,7722773,2019-06-01 13:27:29,btc,7.709970103029021,0.0,0.01080000,btc,308.43934283,0.99943862,0.6034178884261657,1
1,[],5,[],2019-06-01 13:27:32,0.0,0,0,7722774,2019-06-01 13:27:32,btc,0.0,0.01820896,0,btc,0.0,0.0,0.0,1
1,[],10,[],2019-06-01 13:27:35,312500.72561786,0.00695909,0.000000594191461015,7722775,2019-06-01 13:27:35,btc,6520.157780587918,1355.06506921,0.00695909,btc,1206.24740412,0.0,2.46127123780857,1
1,[],12,[],2019-06-01 13:27:37,79.32542806,0.0108800000000000007815970093361102044582366943359375,0.0000009289724800000001,7722776,2019-06-01 13:27:37,btc,0.1760805482991,0.0,0.0108800000000000007815970093361102044582366943359375,btc,15.34195795,0.092783963338,0.3326705842274,1
1,[],21,[],2019-06-01 13:27:39,1837.80287828,0.01082757999999999984352960780,0.00000092449667693,7722777,2019-06-01 13:27:39,btc,10.620618416268941,1976.67488759,0.0108275799999999998435296078014289378188550472259521484375,"btc,eth",1349.9236976500001,20.188425384266164,16.211993643266705,1
1,[],22,[],2019-06-01 13:27:42,0.0025666666666666667,0.00900000,0.0000007684515000000001,7722778,2019-06-01 13:27:42,BTC,0.31629903,0.0,0.00900000,BTC,0.2505752479991019,0.0,2.31e-05,1
1,[],24,[],2019-06-01 13:27:42,0.0,0.000000000000,0,7722779,2019-06-01 13:27:42,btc,0.0,0.0,0.000000000000,btc,0.0,0.0,0.0,1
0.0,[],25,[],2019-06-01 13:27:43,0.0,0,0,7722780,2019-06-01 13:27:43,btc,13.8999999993144,4021.12315593,0.0,btc,1195.77720828,44.0,0.0,1
1,[],26,[],2019-06-01 13:27:44,0.0,0,0,7722781,2019-06-01 13:27:44,,0.0,0.0,0,,0.0,0.0,0.0,1
0,[],28,[],2019-06-01 13:28:24,0.0,0,0,7722782,2019-06-01 13:28:24,,0.0,347735.15,0,,0.0,0.0,0.0,1
1,[],20,[],2019-06-01 12:59:01,934.1614,0.009208926,0.0000007866982885428001,7722626,2019-06-01 12:59:01,btc,0.2237578767594,0.0,0.009208926,btc,17.3543,0.0,0.0997941483585,1
0,[],2,[],2019-01-20 23:28:45,0.0,0,0,6477011,2019-01-20 23:28:45,,0.0,0.0,0,,0.0,0.0,0.0,1
1,[],5,[],2019-06-01 13:28:25,0.0,0,0,7722783,2019-06-01 13:28:25,btc,0.0,0.01836596,0,btc,0.0,0.0,0.0,2
1,[],22,[],2019-06-01 13:28:28,11638.0,0.0000002,0.000000000017076700000000002,7722784,2019-06-01 13:28:28,BTC,21.00897301,0.0,0.0000002,"BTC,XMR",20678.87287795317,0.0,0.00145435,2
1,[],5,[],2019-06-01 13:28:30,0.0,0,0,7722785,2019-06-01 13:28:30,btc,0.0,0.17055561,0,btc,0.0,0.0,0.0,3
1,[],12,[],2019-06-01 13:28:31,1058142.2107,0.000000114,0.000000000009733719000000001,7722786,2019-06-01 13:28:31,btc,169517.4361571749,0.0,0.000000114,btc,2794123.1479017,0.102664600277,0.071953945177,3
0,[],28,[],2019-06-01 13:28:33,0.0,0,0,7722787,2019-06-01 13:28:33,,0.0,0.0,0,,0.0,0.0,0.0,3
0,[],2,[],2019-01-20 23:31:32,0.0,0,0,6477077,2019-01-20 23:31:32,,0.0,0.0,0,,0.0,0.0,0.0,4
1,[],4,[],2019-05-18 21:29:50,562734.9206932,0.00000010,0.000000000007298720000000001,7650946,2019-05-18 21:29:50,btc,41.9347137769675,0.0,0.00000010,btc,1123702.32192634,0.00052462,0.029254593370966,4
0,[],12,[],2019-06-01 12:59:32,0.0,0,0,7722638,2019-06-01 12:59:32,btc,625.901992874995,0.0,0,btc,1211362.4995005,0.0,0.0,5
0,[],2,[],2019-01-20 23:31:51,0.0,0,0,6477087,2019-01-20 23:31:51,,0.0,0.0,0,,0.0,0.0,0.0,6
1,[],11,[],2019-06-01 13:28:35,9060347.776736,0.00000002,0.0000000000017076700000000001,7722788,2019-06-01 13:28:35,btc,9582.915876042945,3482184.0,0.00000002,btc,68304596.46260394,0.0,0.13675210276736,6
1,[],3,[],2019-06-01 13:28:35,12002.07415225846,0.000088889999999999997661037642870951458462513983249664306640625,0.000000007589739315,7722789,2019-06-01 13:28:35,btc,0.049106065657132894,176.533509258,0.000088889999999999997661037642870951458462513983249664306640625,btc,173.13772263451798,0.0,0.022450078997724613,7
1,[],4,[],2019-06-01 13:28:36,320339.59267655,0.00009301,0.000000007941519335,7722790,2019-06-01 13:28:36,btc,9.346467286581229,0.0,0.00009301,btc,54083.58502035,1.97851535,1.888334060510926,7
1,[],5,[],2019-06-01 13:28:37,0.0,0,0,7722791,2019-06-01 13:28:37,btc,0.0,0.51536169,0,btc,0.0,0.0,0.0,7
1,[],20,[],2019-04-07 22:06:50,3201475.0482,0.000000001,0.000000000000051590000000000004,7213932,2019-04-07 22:06:50,btc,30.8005781811902,0.0,0.000000001,btc,23077405.3926,0.0,0.0032014750482,8
1,[],4,[],2019-06-01 13:28:39,4481687.65522934,0.00000049,0.000000000041837915,7722792,2019-06-01 13:28:39,btc,3.9149243370827658,0.0,0.00000049,btc,3579311.61242462,0.41703201,0.691609587066299,9
0,[],28,[],2019-06-01 13:29:32,0.0,0,0,7722793,2019-06-01 13:29:32,,0.0,3623579.0,0,,0.0,0.0,0.0,9
0,[],2,[],2019-01-20 23:22:42,0.0,0,0,6476876,2019-01-20 23:22:42,,0.0,0.0,0,,0.0,0.0,0.0,9
0,[],23,[],2019-01-20 23:22:48,0.0,0,0,6476878,2019-01-20 23:22:48,,0.0,0.0,0,,0.0,0.0,0.0,9
1,[],1,[],2019-02-17 23:31:42,1822507.21,0.00000181000000000000003456111265232042484285557293333113193511962890625,0.000000000066086901,6701244,2019-02-17 23:31:42,btc,3.6990969245,17153386.5,0.00000181000000000000003456111265232042484285557293333113193511962890625,btc,1997391.71,31.11772986,3.2610482446,9
1,[],4,[],2019-02-17 11:22:43,4341674.27126056,0.00000002,0.0000000000007272960000000001,6696112,2019-02-17 11:22:43,btc,0.1997230937751353,0.0,0.00000002,btc,4109766.79808031,0.00215132,0.0479381022052112,10
1,[],4,[],2019-06-01 13:29:33,6790755.38297599,0.00000044,0.00000000003756874,7722794,2019-06-01 13:29:33,btc,4.669929312475374,0.0,0.00000044,btc,4899884.62922,0.74638724,0.9255864609936358,12
1,[],5,[],2019-06-01 13:29:34,0.0,0,0,7722795,2019-06-01 13:29:34,btc,0.0,0.2483118,0,btc,0.0,0.0,0.0,12
0.0,[],25,[],2019-06-01 13:29:36,0.0,0,0,7722796,2019-06-01 13:29:36,,0.0,0.0,0.0,btc,0.0,0.0,0.0,12
0,[],2,[],2019-01-20 23:23:08,0.0,0,0,6476890,2019-01-20 23:23:08,,0.0,0.0,0,,0.0,0.0,0.0,12
1,[],4,[],2019-06-01 13:29:36,335177.82679006,0.00000560,0.0000000004781476,7722797,2019-06-01 13:29:36,btc,1.671018462115479,0.0,0.00000560,btc,215372.06389896,0.30510172,0.4774323079280107,13
1,[],10,[],2019-06-01 13:29:38,649488.93150208,0.00000546,0.0000000004661939100000001,7722798,2019-06-01 13:29:38,btc,666803.283496809,27822.5310858,0.00000546,btc,869813.38352167,0.0,0.2223708484597529,13
1,[],21,[],2019-06-01 13:29:39,1835437.61343449,0.000005540000000000000321051778912,0.0000000004730245900000001,7722799,2019-06-01 13:29:39,btc,2.761879166779087,565508.18993592,0.0000055400000000000003210517789120626019894189084880053997039794921875,btc,430355.44649172,3.2179297,7.339794989129039,13
1,[],4,[],2019-06-01 13:29:41,908008.47282231,0.00000076,0.00000000006489146,7722800,2019-06-01 13:29:41,btc,4.34629119564467,0.0,0.00000076,btc,846835.98892934,0.01380466,0.0799300577653281,14
1,[],12,[],2019-06-01 13:29:42,135704.53813754,0.00000073,0.000000000062329955,7722801,2019-06-01 13:29:42,btc,14.133884077178598,0.0,0.00000073,btc,21325.79261605,0.0,0.0152433299999763,14
1,[],26,[],2019-06-01 13:31:42,0.0,0.00000050,0.000000000042691750000000005,7722802,2019-06-01 13:31:42,btc,0.0,0.0,0.00000050,btc,0.0,0.0,0.0,14
0,[],17,[],2019-05-03 00:53:32,0.0,0,0,7558876,2019-05-03 00:53:32,btc,0.0,0.0,0,btc,0.0,0.0,0.0,14
0,[],4,[],2019-06-01 13:31:42,0.0,0,0,7722803,2019-06-01 13:31:42,,0.0,0.0,0,,0.0,0.0,0.0,15
,[],12,[],2018-12-01 15:15:48,204241.84496,0.00000489,0.000000000202473384,5260204,2018-12-01 15:15:48,btc,49.5475654835,0.0,,btc,35763.2193806,0.0163153972027625,0.0203389899998,15
1,[],4,[],2019-06-01 13:31:43,35415.21652349,0.00001135,0.0000000009691027250000001,7722804,2019-06-01 13:31:43,btc,0.9730423379053739,0.0,0.00001135,btc,11199.442988,0.07124447,0.092268737571063,18
1,[],10,[],2019-06-01 13:31:45,494950.72259555,0.00001247,0.000000001064732245,7722805,2019-06-01 13:31:45,btc,15.340628924726781,2257.82027068,0.00001247,btc,13281.6514603,0.0,0.1516508172027825,18
1,[],12,[],2019-06-01 13:31:47,3222.1086613499997,0.000012310000000000000724086589298789107260745367966592311859130859375,0.000000001051070885,7722806,2019-06-01 13:31:47,btc,0.401011873718424,0.0,0.000012310000000000000724086589298789107260745367966592311859130859375,btc,1475.2475923,1.4676618e-05,0.0127068349114607,18
0,[],2,[],2019-01-20 23:23:38,0.0,0,0,6476906,2019-01-20 23:23:38,,0.0,0.0,0,,0.0,0.0,0.0,18
0,[],17,[],2019-05-03 00:53:39,0.0,0,0,7558882,2019-05-03 00:53:39,btc,0.0,0.0,0,btc,0.0,0.0,0.0,18
0,[],2,[],2019-01-20 23:24:19,0.0,0,0,6476924,2019-01-20 23:24:19,,0.0,0.0,0,,0.0,0.0,0.0,19
1,[],3,[],2019-06-01 13:04:01,148438.50238729542,0.00000600000000000000015200514458246772164784488268196582794189453125,0.0000000005125668,7722657,2019-06-01 13:04:01,btc,0.16323168401157126,3787.61204435,0.00000600000000000000015200514458246772164784488268196582794189453125,btc,4415.646519292293,0.0,0.0529367394203685,19
1,[],4,[],2019-06-01 13:04:03,529587.52979652,0.00000810,0.0000000006919651800000001,7722658,2019-06-01 13:04:03,btc,3.750053927315641,0.0,0.00000810,btc,162558.20004932,0.11485869,0.5380573961861687,19
1,[],5,[],2019-06-01 13:04:05,0.0,0,0,7722659,2019-06-01 13:04:05,btc,0.0,0.00098715,0,btc,0.0,0.0,0.0,19
1,[],12,[],2019-06-01 13:04:06,15063.04102973,0.000007109999999999999688846986922730053493069135583937168121337890625,0.0000000006073916580000001,7722660,2019-06-01 13:04:06,btc,0.0615501208211995,0.0,0.000007109999999999999688846986922730053493069135583937168121337890625,btc,1949.60747297,0.000964805194,0.0268846999996355,19
0,[],27,[],2019-06-01 13:04:16,0.0,0,0,7722661,2019-06-01 13:04:16,,0.0,0.0,0,btc,0.0,0.0,0.0,19
1,[],4,[],2019-06-01 13:04:17,10062076.88478525,0.00000007,0.000000000005979946,7722662,2019-06-01 13:04:17,btc,6.411239436602338,0.0,0.00000007,btc,2322306.93095912,0.0,0.1174938176872809,20
1,[],4,[],2019-06-01 13:04:18,8590347.848,0.00000001,0.0000000000008542780000000001,7722663,2019-06-01 13:04:18,btc,1797.778065087811,0.0,0.00000001,btc,71738804.69751576,0.0412488,0.08590347848,21
1,[],12,[],2019-06-01 13:04:20,2225192.0,0.00000001,0.0000000000008542780000000001,7722664,2019-06-01 13:04:20,btc,2566.6125287053546,0.0,0.00000001,btc,5033244.76723275,3.3966e-07,0.02225192,21
0,[],17,[],2019-05-03 00:53:51,0.0,0,0,7558891,2019-05-03 00:53:51,btc,0.0,0.0,0,btc,0.0,0.0,0.0,21
1,[],12,[],2019-06-01 13:06:21,5442038945.0,0.0000000003,0.000000000000025628340000000003,7722665,2019-06-01 13:06:21,btc,709129801.8507805,0.0,0.0000000003,btc,3293754500.475168,0.015627623,1.2378454874,23
0.00000000031382920000000005,[],27,[],2019-06-01 13:06:31,63770955.4810017,9.414876e-18,8.042921439528002e-22,7722666,2019-06-01 13:06:31,eth,105172.80394227032,35848833.28873727,0.00000003,eth,19831164.028,3.37512320578e-10,3.7115522012334777e-10,23
1,[],4,[],2019-06-01 13:06:32,1864966.47759015,0.00000027,0.000000000023065506,7722667,2019-06-01 13:06:32,btc,10.757463859869937,0.0,0.00000027,btc,1725329.18188182,0.05970579,0.064322950580013,24
1,[],22,[],2019-06-01 13:06:35,21.76,0.00000100,0.0000000000854278,7722668,2019-06-01 13:06:35,BTC,7.415e-05,0.0,0.00000100,BTC,23.919354838709676,0.0,1.186e-05,24
0.0,[],25,[],2019-06-01 13:06:36,0.0,0,0,7722669,2019-06-01 13:06:36,,0.0,0.0,0.0,btc,0.0,0.0,0.0,24
1,[],4,[],2019-06-01 13:06:37,26943656.9054437,0.00000481,0.000000000410907718,7722670,2019-06-01 13:06:37,btc,12.708486736685519,0.0,0.00000481,btc,242937.66463709,0.08913581,0.4834726112108054,26
1,[],10,[],2019-06-01 13:06:39,149804.3881701,0.00000445,0.00000000038015371,7722671,2019-06-01 13:06:39,btc,25.582810168299552,7222.7855605,0.00000445,btc,22811.65455628,0.0,0.0361276839788416,26
0,[],2,[],2019-01-20 23:25:56,0.0,0,0,6476976,2019-01-20 23:25:56,,0.0,0.0,0,,0.0,0.0,0.0,26
1,[],5,[],2019-04-26 09:47:06,0.0,0,0,7465326,2019-04-26 09:47:06,btc,0.0,0.0,0,btc,0.0,0.0,0.0,27
1,[],3,[],2019-06-01 13:06:40,21683021.185043,0.00000001,0.0000000000008542780000000001,7722672,2019-06-01 13:06:40,btc,3.7636165244605637,4625720.92731,0.00000001,btc,26148692.486560762,0.0,0.21683021185043,27
1,[],11,[],2019-06-01 13:06:42,2110243.08157834,0.00000002,0.0000000000017085560000000003,7722673,2019-06-01 13:06:42,btc,67503.04527066177,19676.5543251,0.00000002,btc,6588861.32608848,0.0,0.0211134458157834,27
1,[],4,[],2019-06-01 13:06:43,1198961732.6776888,0.00000001,0.0000000000008542780000000001,7722674,2019-06-01 13:06:43,btc,4.880429073109314,0.0,0.00000001,"btc,ltc",294514612.9780856,0.02216041,8.632940955093718,29
1,[],7,[],2019-06-01 13:06:45,85451021.33155985,0.00000001,0.0000000000008542780000000001,7722675,2019-06-01 13:06:45,btc,46548272.1303715,89522.0,0.00000001,btc,35158367.89599382,0.00089522,0.8545102133155985,29
0,[],17,[],2019-05-03 01:11:25,0.0,0,0,7559066,2019-05-03 01:11:25,btc,0.0,0.0,0,btc,0.0,0.0,0.0,30
1,[],4,[],2019-06-01 13:06:46,15468881.7285631,0.00000006,0.000000000005125668,7722676,2019-06-01 13:06:46,btc,2.570994446321084,0.0,0.00000006,btc,2089124.15399385,0.00085594,0.1732640297694358,30
1,[],4,[],2019-06-01 13:08:47,104926.93529837,0.00004237,0.0000000036195758860000004,7722677,2019-06-01 13:08:47,btc,3.346712003199607,0.0,0.00004237,btc,45042.38514829,0.60602515,0.4726939806168975,31
1,[],21,[],2019-06-01 13:08:48,173818.03491514,0.00004631000000000000215013770677,0.000000003956161418,7722678,2019-06-01 13:08:48,btc,6.3448401104868255,137007.47031543,0.0000463100000000000021501377067689730893107480369508266448974609375,btc,126492.49924843,6.25189815,6.54342954019241,31
0,[],2,[],2019-01-20 23:28:43,0.0,0,0,6477009,2019-01-20 23:28:43,,0.0,0.0,0,,0.0,0.0,0.0,32
1,[],12,[],2019-03-30 07:55:10,40641173.964,0.00000003,0.000000000001228359,7108785,2019-03-30 07:55:10,btc,4233210.82356125,0.0,0.00000003,btc,28378394.68333462,0.0126927883965248,0.90752895892,33
0,[],4,[],2019-06-01 13:08:49,0.0,0,0,7722679,2019-06-01 13:08:49,,0.0,0.0,0,,0.0,0.0,0.0,33
0.00000000013287490000000001,[],4,[],2019-06-01 13:08:51,462280996.45149446,5.3149960000000006e-17,4.540484152888001e-21,7722680,2019-06-01 13:08:51,ltc,3.6059298379350464,0.0,0.0000004,ltc,151845129.89427984,0.00124777,1.732960071201334e-09,34
1,[],5,[],2019-06-01 13:08:52,0.0,0,0,7722681,2019-06-01 13:08:52,btc,0.0,1.262e-05,0,btc,0.0,0.0,0.0,34
0.0000000002926451,[],17,[],2019-05-02 18:17:47,200000.0,2.9264510000000002e-18,1.596703856561e-22,7556430,2019-05-02 18:17:47,eth,0.20942468735267253,0.0,0.00000001,"btc,eth",1018272.20243647,0.0,5.852902e-13,36
0.0000000001311821,[],4,[],2019-05-31 13:28:19,2417517744.0607657,1.311821e-18,1.105058333085e-22,7717483,2019-05-31 13:28:19,ltc,5.019900492391546e-08,0.0,0.00000001,ltc,7102398142.262129,0.0,3.171350544531538e-09,36
1,[],5,[],2019-05-31 13:28:21,0.0,0,0,7717484,2019-05-31 13:28:21,btc,0.0,0.0,0,btc,0.0,0.0,0.0,36
0.0000000003108179,[],27,[],2019-05-31 13:30:34,10388811.226876,6.216358000000001e-18,5.236566733830001e-22,7717485,2019-05-31 13:30:34,eth,1569.8708019850988,761866.634299,0.00000002,"ltc,eth",5084024.2511555,4.736034912207001e-12,3.3251980286483705e-11,36
1,[],17,[],2019-05-03 01:11:36,211752.74075282,0.00000025,0.000000000013700074999999998,7559074,2019-05-03 01:11:36,btc,0.055484923955058496,0.0,0.00000025,"btc,eth",1387.19918473,0.0,0.0005381851887916605,37
1,[],4,[],2019-06-01 13:08:53,9879652.06613447,0.00000015,0.00000000001281417,7722682,2019-06-01 13:08:53,btc,19772.50293122685,0.0,0.00000015,btc,736058.76933135,0.00242321,0.1221054245913705,37
1,[],12,[],2019-06-01 13:08:54,3592639.84028571,0.00000019,0.000000000016231282000000002,7722683,2019-06-01 13:08:54,btc,12.417003379760258,0.0,0.00000019,btc,975246.66114724,0.01406822331,0.1610005112514278,37
1,[],27,[],2019-06-01 13:11:03,6137.0,0.00000016,0.000000000013668448000000002,7722684,2019-06-01 13:11:03,btc,24.12337022903233,0.0,0.00000016,btc,5792.49438508,0.0,0.00075592,37
1,[],5,[],2019-06-01 13:11:04,0.0,0,0,7722685,2019-06-01 13:11:04,btc,0.0,0.00076884,0,btc,0.0,0.0,0.0,42
1,[],12,[],2019-06-01 13:11:06,124223.51963081,0.00000092,0.000000000078593576,7722686,2019-06-01 13:11:06,btc,24.790284174234237,0.0,0.00000092,btc,72387.88087489,1.198801e-06,0.0408797399999515,42
1,[],27,[],2019-06-01 13:11:17,506.0,0.00000002,0.0000000000017085560000000003,7722687,2019-06-01 13:11:17,btc,0.07600425,0.0,0.00000002,"btc,eth",18.0,0.0,6.000000329708957e-06,42
1,[],12,[],2019-03-13 09:13:29,1112112.0,0.00000001,0.000000000000386531,6919902,2019-03-13 09:13:29,btc,29058.00478931866,0.0,0.00000001,btc,5967681.93306694,9.99000999e-07,0.01112112,43
1,[],5,[],2019-04-26 22:38:52,0.0,0,0,7474154,2019-04-26 22:38:52,btc,0.0,0.02638891,0,btc,0.0,0.0,0.0,43
0,[],17,[],2019-04-26 22:38:53,0.0,0,0,7474155,2019-04-26 22:38:53,btc,0.0,0.0,0,btc,0.0,0.0,0.0,43
1,[],12,[],2019-03-05 01:54:08,639326.02,0.00000004,0.000000000001486676,6845775,2019-03-05 01:54:08,btc,11116042.728239931,0.0,0.00000004,btc,1103841.4595604,0.0003330765234764,0.014975410599999999,44
1,[],4,[],2019-06-01 13:11:18,105271110.66287182,0.00000001,0.0000000000008542780000000001,7722688,2019-06-01 13:11:18,btc,1395.2665688068814,0.0,0.00000001,"btc,ltc",28007047.77528054,0.00102041,0.03475896212306402,49
0.00000000013287490000000001,[],4,[],2019-06-01 13:11:19,133360291.72476184,3.5876223e-17,3.0648268031994006e-21,7722689,2019-06-01 13:11:19,ltc,22050.060902231085,0.0,0.00000027,ltc,163886138.66949674,0.0,1.3875039183263976e-09,52
0,[],22,[],2019-06-01 13:11:22,0.0,0,0,7722690,2019-06-01 13:11:22,,10289.55991011,0.0,0,,308568058.4566013,0.0,0.0,57
1,[],27,[],2019-06-01 13:11:30,2297.0,0.0000003,0.00000000002562834,7722691,2019-06-01 13:11:30,btc,0.0,0.0,0.0000003,"btc,eth",0.0,0.0,0.0003891,57
1,[],17,[],2019-05-03 01:12:09,1200000.0,0.0000000001,0.00000000000000548003,7559085,2019-05-03 01:12:09,btc,1e+24,0.0,0.0000000001,"btc,eth",39516342.31952568,0.0,0.00010000000058666061,58
0.00000000013287490000000001,[],4,[],2019-06-01 13:11:31,3423118777.8051414,1.328749e-18,1.1351210382220002e-22,7722692,2019-06-01 13:11:31,ltc,19.341013735043177,0.0,0.00000001,ltc,5852232846.057803,0.0,4.548465652889804e-09,58
1,[],12,[],2019-06-01 13:11:32,720234692.0,0.0000000001,0.000000000000008542780000000002,7722693,2019-06-01 13:11:32,btc,2236849.3370515644,0.0,0.0000000001,btc,3376579175.0908656,0.002170714591,0.07202346920000001,58
0.00000000010923230000000002,[],22,[],2019-06-01 13:13:35,126877.0,1.092323e-18,9.331475077940001e-23,7722694,2019-06-01 13:13:35,XMR,68.17454206,0.0,0.00000001,XMR,9626402.6,0.0,0.00126877,58
1,[],5,[],2019-06-01 13:13:36,0.0,0,0,7722695,2019-06-01 13:13:36,btc,0.0,0.01122201,0,btc,0.0,0.0,0.0,61
1,[],22,[],2019-06-01 13:13:40,13613.833333333334,0.00000012,0.000000000010251336,7722696,2019-06-01 13:13:40,BTC,1002.29123003,0.0,0.00000012,BTC,15014.200177125656,0.0,0.00153269,61
1,[],26,[],2019-06-01 13:13:40,0.0,0.00000050,0.0000000000427139,7722697,2019-06-01 13:13:40,btc,0.0,0.0,0.00000050,btc,0.0,0.0,0.0,61
1,[],27,[],2019-06-01 13:13:46,8450.0,0.0000002,0.000000000017085560000000002,7722698,2019-06-01 13:13:46,btc,1.9582485601246655,0.0,0.0000002,"btc,eth",11379.41563696,0.0,0.001522,61
0,[],28,[],2019-06-01 13:13:48,0.0,0,0,7722699,2019-06-01 13:13:48,,0.0,725.0,0,,0.0,0.0,0.0,61
1,[],4,[],2019-06-01 13:13:49,827174.90939696,0.00000070,0.00000000005979946,7722700,2019-06-01 13:13:49,btc,2.915572877007213,0.0,0.00000070,btc,935793.41858128,0.07685051,0.4167337761424472,67
0.0,[],25,[],2019-06-01 13:13:51,0.0,0,0,7722701,2019-06-01 13:13:51,,0.0,0.0,0.0,btc,0.0,0.0,0.0,67
1,[],12,[],2019-06-01 13:13:51,793657.355,0.00000006,0.000000000005125668,7722702,2019-06-01 13:13:51,btc,5.166900099230767,0.0,0.00000006,btc,735764.5314685,0.004089902098,0.0170635413,71
,[],5,[],2018-11-20 23:02:39,1.5e-07,0.00000005,0.000000000002128045,4862160,2018-11-20 23:02:39,btc,2.84511358,0.0,,btc,0.00036572,0.0,0.07381892,74
1,[],5,[],2019-06-01 13:13:53,0.0,0,0,7722703,2019-06-01 13:13:53,btc,0.0,0.13669453,0,btc,0.0,0.0,0.0,75
0,[],4,[],2019-05-25 21:33:44,0.0,0,0,7686249,2019-05-25 21:33:44,,133656.37989170782,0.0,0,,33439209.5909442,0.0,0.0,81
0,[],20,[],2019-01-25 09:30:31,0.0,0,0,6495923,2019-01-25 09:30:31,btc,0.0,0.0,0,btc,0.0,0.0,0.0,81
1,[],4,[],2019-06-01 13:13:54,31777.8519358,0.00010530,0.00000000899554734,7722704,2019-06-01 13:13:54,btc,55.56311312228747,0.0,0.00010530,btc,120449.62967034,0.15045857,0.7605508985664626,82
1,[],21,[],2019-06-01 13:13:55,84079.80476423,0.0001079999999999999959598290245,0.000000009226202400000001,7722705,2019-06-01 13:13:55,btc,15.047949264172649,42153.35812839,0.00010799999999999999595982902445001627711462788283824920654296875,btc,93578.51092924,4.63372211,6.615101299832245,82
0,[],17,[],2019-03-25 22:42:34,0.0,0,0,7038780,2019-03-25 22:42:34,btc,0.0445064681804024,0.0,0,btc,995513.18476001,0.0,0.0,84
0.0000000001161485,[],4,[],2019-05-20 13:09:39,216715621.0206096,1.161485e-18,9.0533806701e-23,7657228,2019-05-20 13:09:39,ltc,1.6511566870244727,0.0,0.00000001,ltc,471032407.9048656,0.0,2.5171194308112273e-10,85
,[],22,[],2018-11-20 23:09:34,3408.1,0.0000001,0.0000000000041895,4862324,2018-11-20 23:09:34,BTC,0.04624735,0.0,,BTC,4990.0,0.0,0.00033081,86
1,[],22,[],2019-06-01 13:13:58,62656.0,0.00000001,0.0000000000008542780000000001,7722706,2019-06-01 13:13:58,BTC,1.45777656,0.0,0.00000001,BTC,350175.21403508773,0.00194006,0.00062656,87
1,[],27,[],2019-06-01 13:14:04,97882.0,0.00000007,0.000000000005979946,7722707,2019-06-01 13:14:04,btc,5.055446228036,1000.0,0.00000007,btc,72765.67341,0.0001,0.00125914,87
,[],2,[],2018-11-20 23:10:47,0.0,0,0,4862359,2018-11-20 23:10:47,,0.0,0.0,,,0.0,0.0,0.0,88
1,[],11,[],2019-06-01 13:14:06,125554.48212569,0.000080000000000000006544244313122504763668985106050968170166015625,0.000000006834224000000001,7722708,2019-06-01 13:14:06,btc,167.41081527850125,171.94464162,0.000080000000000000006544244313122504763668985106050968170166015625,btc,201443.71957648,0.0,2.0414734597036457,89
0,[],2,[],2019-01-20 23:31:45,0.0,0,0,6477083,2019-01-20 23:31:45,,0.0,0.0,0,,0.0,0.0,0.0,91
0,[],17,[],2019-05-03 01:12:26,0.0,0,0,7559096,2019-05-03 01:12:26,btc,0.0,0.0,0,btc,0.0,0.0,0.0,91
1,[],12,[],2019-06-01 13:14:08,261770.06391301999,0.00000025,0.00000000002135695,7722709,2019-06-01 13:14:08,btc,87.6835051535531,0.0,0.00000025,btc,147095.53695415,0.000585089223,0.0108353501999946,91
1,[],22,[],2019-06-01 13:16:11,75910.55,0.0000002,0.000000000017085560000000002,7722710,2019-06-01 13:16:11,BTC,0.497,0.0,0.0000002,"BTC,LTC",6.95,0.0,0.00165931,91
1,[],22,[],2019-04-09 20:17:52,374949.73333333334,0.00000015,0.000000000007771935,7235704,2019-04-09 20:17:52,BTC,6.87372503,0.0,0.00000015,"BTC,LTC",159980.01196797504,1.1e-05,0.80510266,95
0,[],17,[],2019-05-03 01:12:32,0.0,0,0,7559100,2019-05-03 01:12:32,btc,0.0,0.0,0,btc,0.0,0.0,0.0,96
0.00000000013287490000000001,[],4,[],2019-06-01 13:16:12,543440710.4442037,2.7903729e-17,2.3837541802662003e-21,7722711,2019-06-01 13:16:12,ltc,11.302987465798125,0.0,0.00000021,ltc,153069775.9838768,0.0,8.882156324610215e-10,96
0,[],12,[],2019-06-01 13:16:13,0.0,0,0,7722712,2019-06-01 13:16:13,btc,17.17668368048951,0.0,0,btc,9673424.04895105,0.0,0.0,96
1,[],4,[],2019-04-14 03:32:46,1039404.33283278,0.00000038,0.000000000019245518,7293458,2019-04-14 03:32:46,btc,4.170086055365747,0.0,0.00000038,btc,3097704.34561074,0.06260606,0.1859928211030784,99
0,[],2,[],2019-01-20 23:23:55,0.0,0,0,6476914,2019-01-20 23:23:55,,0.0,0.0,0,,0.0,0.0,0.0,100
1,[],4,[],2019-06-01 13:18:15,242951.10852887,0.00001696,0.0000000014488554880000002,7722713,2019-06-01 13:18:15,btc,7.255106511549058,0.0,0.00001696,btc,154715.99178544,0.10620483,0.3487777627891951,100
1,[],22,[],2019-06-01 13:18:18,150000.0,0.00000002,0.0000000000017085560000000003,7722714,2019-06-01 13:18:18,BTC,24.83526409,0.0,0.00000002,BTC,11187.719,0.0,0.0017,101
1,[],4,[],2019-06-01 13:18:19,559054.74463183,0.00000170,0.00000000014522726000000002,7722715,2019-06-01 13:18:19,btc,551.1506949925557,0.0,0.00000170,btc,670697.51565731,0.05772162,0.2122166620156477,103
1,[],12,[],2019-06-01 13:18:22,173829515.0,0.000000004,0.00000000000034171120000000005,7722716,2019-06-01 13:18:22,btc,2404.6628083317296,0.0,0.000000004,btc,71196332.139853,0.016061667486,0.22807254700000001,105
0,[],27,[],2019-06-01 13:18:31,0.0,0,0,7722717,2019-06-01 13:18:31,,0.34418209,294611.0,0,btc,2515427.0,0.00294611,0.0,105
1,[],22,[],2019-04-21 00:17:26,21333.0,0.00000001,0.000000000000532493,7385819,2019-04-21 00:17:26,BTC,51.38182867,0.0,0.00000001,BTC,470435.0,0.0,0.00021333,107
1,[],26,[],2019-04-21 00:17:26,0.0,0.00000000,0,7385820,2019-04-21 00:17:26,btc,0.0,0.0,0.00000000,btc,0.0,0.0,0.0,107
1,[],5,[],2019-06-01 13:18:32,0.0,0,0,7722718,2019-06-01 13:18:32,btc,0.0,0.0,0,btc,0.0,0.0,0.0,112
0,[],22,[],2019-06-01 13:18:35,0.0,0,0,7722719,2019-06-01 13:18:35,,6.79500102,0.0,0,,3375892.0833333335,0.0,0.0,112
1,[],27,[],2019-06-01 13:18:44,1.0,0.00000001,0.0000000000008542780000000001,7722720,2019-06-01 13:18:44,btc,1.15032588,0.0,0.00000001,"btc,eth",1818.0,0.0,1e-08,112
1,[],4,[],2019-06-01 13:18:45,254439.65588,0.00000087,0.000000000074322186,7722721,2019-06-01 13:18:45,btc,5.562486474023185,0.0,0.00000087,btc,616681.73722909,0.03764524,0.1533681304902246,113
1,[],5,[],2019-06-01 13:18:46,0.0,0,0,7722722,2019-06-01 13:18:46,btc,0.0,0.0,0,btc,0.0,0.0,0.0,113
1,[],17,[],2019-04-26 02:17:47,162738.278,0.00000004,0.0000000000021069000000000002,7461287,2019-04-26 02:17:47,btc,1.3331140273775473,0.0,0.00000004,btc,51796.221,0.0,0.00230953112,116
1,[],27,[],2019-05-22 05:13:01,210000.0,0.00000001,0.00000000000079145,7666372,2019-05-22 05:13:01,btc,3919.0005001478,0.0,0.00000001,btc,128660.871,0.0,0.0021,116
1,[],4,[],2019-05-21 22:31:11,138169.03963019,0.00000701,0.000000000558364025,7664793,2019-05-21 22:31:11,btc,150.95388250938234,0.0,0.00000701,btc,344631.17141974,0.07552974,0.4288357684941946,120
1,[],7,[],2019-05-21 22:31:12,3901.07750076,0.000010679999999999999389654892212320191902108490467071533203125,0.0000000008506887,7664794,2019-05-21 22:31:12,btc,231188.94669936574,0.0,0.000010679999999999999389654892212320191902108490467071533203125,btc,4133.83151364,0.0,0.0113888422364489,120
1,[],20,[],2019-04-07 18:42:29,1914137.0852,0.000000035,0.0000000000017871910000000002,7211992,2019-04-07 18:42:29,btc,32.2497668025648,25528.85,0.000000035,btc,1001975.4986,0.00089350975,0.0152723574729,125
1,[],22,[],2019-06-01 13:18:49,10000.0,0.00000001,0.0000000000008542780000000001,7722723,2019-06-01 13:18:49,BTC,0.032061,0.0,0.00000001,BTC,299316.7611111111,0.0,0.0001,126
0,[],2,[],2019-01-20 23:25:46,0.0,0,0,6476969,2019-01-20 23:25:46,,0.0,0.0,0,,0.0,0.0,0.0,131
1,[],17,[],2019-05-03 01:13:10,10000.0,0.00000001,0.000000000000548003,7559115,2019-05-03 01:13:10,btc,0.0953976503951408,0.0,0.00000001,btc,5037.62507334,0.0,0.0001,131
1,[],4,[],2019-06-01 13:18:50,423703.14187064,0.00000927,0.000000000791915706,7722724,2019-06-01 13:18:50,btc,5.202731137254845,0.0,0.00000927,btc,176329.30263815,0.92055819,1.5264334353502165,131
1,[],4,[],2019-06-01 13:20:51,4884.65508725,0.00010000,0.00000000854278,7722725,2019-06-01 13:20:51,btc,5.032446836151268,0.0,0.00010000,btc,202.13055914,0.0,0.0068319517512035,135
1,[],3,[],2019-06-01 13:20:52,550457.22392675,0.00000001,0.0000000000008542780000000001,7722726,2019-06-01 13:20:52,btc,0.2222006885680936,1651349.79937,0.00000001,btc,1905502.4316845,0.0,0.0055045722392675,136
1,[],4,[],2019-06-01 13:20:53,2152705.89201104,0.00000182,0.000000000155478596,7722727,2019-06-01 13:20:53,btc,109.22163300478519,0.0,0.00000182,btc,531565.015517,0.033799,0.4932483798421473,137
1,[],12,[],2019-06-01 13:20:54,88570.90864113,0.000001769999999999999994019540816569957542014890350401401519775390625,0.00000000015120720600000002,7722728,2019-06-01 13:20:54,btc,57.8416490674404,0.0,0.000001769999999999999994019540816569957542014890350401401519775390625,btc,50821.8164856,9.786e-05,0.0180419399999201,137
1,[],17,[],2019-05-03 01:13:16,32967.38636364,0.00000088,0.000000000048224264,7559122,2019-05-03 01:13:16,btc,20.06976206696776,0.0,0.00000088,btc,2746.079105,0.0,0.0105613000000032,142
1,[],4,[],2019-06-01 13:20:55,100301.06504377,0.00001702,0.0000000014539811560000002,7722729,2019-06-01 13:20:55,btc,8.690797970236467,0.0,0.00001702,btc,123328.58073498,0.31938977,0.8911207624848417,142
1,[],5,[],2019-06-01 13:20:56,0.0,0,0,7722730,2019-06-01 13:20:56,btc,0.0,0.00194619,0,btc,0.0,0.0,0.0,142
1,[],20,[],2019-06-01 13:22:58,209212.268,0.0000152,0.00000000129850256,7722731,2019-06-01 13:22:58,btc,1.6084709689553,0.0,0.0000152,btc,9872.8163,0.0,0.0212605163715,142
1,[],22,[],2019-06-01 13:23:01,11028.645,0.00001000,0.0000000008542780000000001,7722732,2019-06-01 13:23:01,BTC,3.27323936,0.0,0.00001000,BTC,1114.1496937357979,0.00223944,0.00745365,142
0.0,[],25,[],2019-06-01 13:23:02,0.0,0,0,7722733,2019-06-01 13:23:02,,0.0,0.0,0.0,btc,0.0,0.0,0.0,142
0,[],28,[],2019-06-01 13:23:19,0.0,0,0,7722734,2019-06-01 13:23:19,,0.0,0.0,0,,0.0,0.0,0.0,142
0,[],22,[],2019-06-01 13:23:22,0.0,0,0,7722735,2019-06-01 13:23:22,,64.98618676,0.0,0,,787024755.3,0.0,0.0,143
0,[],22,[],2019-02-25 15:42:22,0.0,0,0,6783783,2019-02-25 15:42:22,,4.2131946,0.0,0,,2322156.0,0.0,0.0,146
,[],22,[],2018-11-20 23:01:11,0.0,0,0,4862114,2018-11-20 23:01:11,,2.56807021,0.0,,,61828.4988236,0.0,0.0,147
1,[],12,[],2019-04-21 06:38:04,193091.5971266,0.00000071,0.000000000037635183,7388679,2019-04-21 06:38:04,btc,2.301232411611175,0.0,0.00000071,btc,9957.48302385,0.00023528,0.0313308199999888,148
1,[],4,[],2019-03-19 21:31:25,255810.0415942,0.00000029,0.000000000011615747,6982695,2019-03-19 21:31:25,btc,218.94922712414143,0.0,0.00000029,btc,793529.37642722,0.00117,0.0608347789473395,152
0,[],22,[],2019-03-19 21:31:27,0.0,0,0,6982696,2019-03-19 21:31:27,,0.0,0.0,0,,0.0,0.0,0.0,152
1,[],5,[],2019-04-26 09:36:59,0.0,0,0,7465040,2019-04-26 09:36:59,btc,0.0,0.0,0,btc,0.0,0.0,0.0,153
,[],16,[],2019-01-11 15:38:59,0.0,0,0,6366141,2019-01-11 15:38:59,btc,0.0,0.0,,btc,0.0,0.0,0.0,155
0,[],23,[],2019-01-20 23:24:29,0.0,0,0,6476932,2019-01-20 23:24:29,,0.0,0.0,0,,0.0,0.0,0.0,156
0,[],22,[],2019-06-01 13:23:26,0.0,0,0,7722736,2019-06-01 13:23:26,,7.44455324,0.0,0,,5955762.942592593,0.0,0.0,156
1,[],22,[],2019-06-01 13:23:29,6996.0,0.00000001,0.0000000000008542780000000001,7722737,2019-06-01 13:23:29,BTC,1.7543039,0.0,0.00000001,BTC,57.0,0.0,6.996e-05,157
0,[],22,[],2019-05-21 23:40:32,0.0,0,0,7665049,2019-05-21 23:40:32,,50234.60468402,0.0,0,,54786159.03179465,0.0,0.0,158
,[],17,[],2018-11-20 22:56:10,0.0,0,0,4861976,2018-11-20 22:56:10,btc,1.1265625,0.0,,btc,1000.0,0.0,0.0,159
,[],20,[],2018-11-20 22:56:12,0.0,0,0,4861977,2018-11-20 22:56:12,btc,11912.7940471,0.0,,btc,34413894.3617,0.0,0.0,159
1,[],12,[],2019-05-24 02:51:20,9178.522006449999,0.00000191999999999999982841307998027158276954651228152215480804443359375,0.000000000151222656,7676256,2019-05-24 02:51:20,btc,149.80414728631675,0.0,0.00000191999999999999982841307998027158276954651228152215480804443359375,btc,1115.7451448499999,0.01783167678326,0.0120075778999181,168
1,[],17,[],2019-05-03 01:13:36,42852.0,0.00000002,0.000000000001096006,7559132,2019-05-03 01:13:36,btc,0.04279856251542,0.0,0.00000002,btc,274.46171372,0.0,0.00052852,168
1,[],22,[],2019-05-17 03:01:52,10.0,0.00000001,0.000000000000778341,7642059,2019-05-17 03:01:52,BTC,41.95893009,0.0,0.00000001,BTC,1753972.7737547632,0.0,1e-07,169
1,[],22,[],2019-05-30 08:38:18,202834.0,0.00000002,0.0000000000017416160000000001,7711049,2019-05-30 08:38:18,BTC,27.87002826,0.0,0.00000002,BTC,462189.5410507793,0.0,0.00211768,171
1,[],22,[],2019-05-29 08:05:18,349870.0,0.00000002,0.000000000001705894,7705265,2019-05-29 08:05:18,BTC,24.05907723,0.0,0.00000002,"BTC,LTC",1224285.4355616204,0.0,0.0039847,173
1,[],5,[],2019-06-01 13:23:31,0.0,0,0,7722738,2019-06-01 13:23:31,btc,0.0,0.10782266,0,btc,0.0,0.0,0.0,175
1,[],22,[],2019-06-01 13:23:35,90671.0,0.00000001,0.0000000000008542780000000001,7722739,2019-06-01 13:23:35,BTC,394.35459412,0.0,0.00000001,BTC,136275.61833431243,0.0,0.00090671,176
0,[],2,[],2019-01-20 23:28:34,0.0,0,0,6477001,2019-01-20 23:28:34,,0.0,0.0,0,,0.0,0.0,0.0,178
1,[],7,[],2019-06-01 13:23:37,0.0,0,0,7722740,2019-06-01 13:23:37,btc,522274.28208915493,0.0,0,btc,21993385.47972966,0.0,0.0,178
0,[],22,[],2019-06-01 13:23:40,0.0,0,0,7722741,2019-06-01 13:23:40,,1.00242428,0.0,0,,57512.0,0.0,0.0,178
0,[],23,[],2019-01-20 23:25:08,0.0,0,0,6476952,2019-01-20 23:25:08,,0.0,0.0,0,,0.0,0.0,0.0,179
1,[],5,[],2019-06-01 13:23:42,0.0,0,0,7722742,2019-06-01 13:23:42,btc,0.0,0.12790275,0,btc,0.0,0.0,0.0,179
0,[],22,[],2019-06-01 13:23:44,0.0,0,0,7722743,2019-06-01 13:23:44,,5.32069724,0.0,0,,13630439.811946675,0.0,0.0,179
1,[],17,[],2019-05-03 01:13:56,20504.725000000002,0.0000001,0.00000000000548003,7559141,2019-05-03 01:13:56,btc,5.2010695838400265,0.0,0.0000001,btc,5033.45945,0.0,0.0011504725,180
1,[],22,[],2019-06-01 13:25:48,682943.5574905804,0.00000108,0.000000000092262024,7722744,2019-06-01 13:25:48,BTC,39.18465682,0.0,0.00000108,"BTC,LTC",141161.08376237814,0.00104962,0.58250644,180
1,[],26,[],2019-06-01 13:25:48,0.0,0.00000010,0.000000000008542780000000001,7722745,2019-06-01 13:25:48,btc,0.0,50.0,0.00000010,btc,0.0,0.0,0.0,180
,[],7,[],2018-11-20 22:58:01,562227.975654,0.00000085,0.000000000036176765,4862015,2018-11-20 22:58:01,btc,21836.6059674,2491.87645172,,btc,749999.041456,0.00211021,0.127565380455,183
,[],5,[],2019-01-10 08:11:41,0.0,0,0,6347036,2019-01-10 08:11:41,btc,82.15055501,0.00261,,btc,1.19002445,0.0,0.0,187
,[],17,[],2018-11-16 20:58:10,4062536.27273,0.00000001,0.000000000000550501,4708775,2018-11-16 20:58:10,btc,3.36492563466,0.195460381006,,"btc,eth",110697919.549,0.0,0.0157628953496,187
1,[],24,[],2019-05-22 21:04:52,0.0,0.000000000014,0.0000000000000010960978,7670219,2019-05-22 21:04:52,btc,0.0,0.0,0.000000000014,btc,0.0,0.0,0.0,187
0,[],22,[],2019-04-25 02:54:07,0.0,0,0,7447896,2019-04-25 02:54:07,,7.54794454,0.0,0,,76361.7243344055,0.0,0.0,191
0,[],22,[],2019-06-01 13:25:52,0.0,0,0,7722746,2019-06-01 13:25:52,,0.0,0.0,0,,0.0,0.0,0.0,197
0,[],23,[],2019-01-20 23:31:41,0.0,0,0,6477079,2019-01-20 23:31:41,,0.0,0.0,0,,0.0,0.0,0.0,199
0,[],22,[],2019-06-01 13:25:54,0.0,0,0,7722747,2019-06-01 13:25:54,,10.92249999,0.0,0,,98728037.0,0.0,0.0,199
1,[],26,[],2019-06-01 13:25:55,0.0,0.00000000,0,7722748,2019-06-01 13:25:55,btc,0.0,0.0,0.00000000,btc,0.0,0.0,0.0,199
0,[],2,[],2019-01-20 23:30:49,0.0,0,0,6477059,2019-01-20 23:30:49,,0.0,0.0,0,,0.0,0.0,0.0,201
1,[],4,[],2019-01-25 15:51:35,2084389.58565343,0.00000936,0.000000000333526752,6499557,2019-01-25 15:51:35,btc,2.0092503037378524,0.0,0.00000936,btc,160195.80207885,0.19272417,1.242687955921835,211
1,[],7,[],2019-06-01 13:25:58,1170644053.7999022,0.00000037,0.000000000031608286,7722749,2019-06-01 13:25:58,btc,15201833.254360618,558817.401329,0.00000037,btc,6786737.40107219,0.0,12.084521994415576,212
1,[],12,[],2019-01-25 02:44:32,207462.42853209,0.000001080000000000000035831255497387193287295303889550268650054931640625,0.000000000038610756000000006,6493050,2019-01-25 02:44:32,btc,85023.03793723314,0.0,0.000001080000000000000035831255497387193287295303889550268650054931640625,btc,43675.73520027,0.000146250909087,0.0348620860622024,213
1,[],5,[],2019-05-30 00:07:46,0.0,0,0,7709357,2019-05-30 00:07:46,btc,0.0,0.06425239,0,btc,0.0,0.0,0.0,213
1,[],24,[],2019-05-30 00:07:46,0.0,0.000000399202,0.0000000000344859829346,7709358,2019-05-30 00:07:46,btc,0.0,0.0,0.000000399202,btc,0.0,0.0,0.0,213
1,[],26,[],2019-05-30 00:07:47,0.0,0.00000040,0.000000000034554919999999996,7709359,2019-05-30 00:07:47,btc,0.0,0.0,0.00000040,btc,0.0,0.0,0.0,213
0,[],22,[],2019-06-01 13:26:00,0.0,0,0,7722750,2019-06-01 13:26:00,,9.61445386,0.0,0,,3661587.094064925,0.0,0.0,216
1,[],27,[],2019-06-01 13:26:12,194550.0,0.00000001,0.0000000000008542780000000001,7722751,2019-06-01 13:26:12,btc,76.41793967917752,2000.0,0.00000001,"btc,ltc",385335.407688,2e-05,0.0019355000000013287,216
1,[],22,[],2019-06-01 13:26:14,725211.4137931034,0.00000029,0.000000000024774062,7722752,2019-06-01 13:26:14,BTC,12056.47856541,0.0,0.00000029,BTC,518287.27879836375,0.01001124,0.05564682,217
1,[],7,[],2019-06-01 13:26:17,0.0,0,0,7722753,2019-06-01 13:26:17,btc,1234864.1040716618,0.0,0,btc,164001712.13147992,0.0,0.0,219
0,[],27,[],2019-06-01 13:26:24,0.0,0,0,7722754,2019-06-01 13:26:24,,261.41644782671324,158.0,0,btc,15857918.74381025,1.58e-06,0.0,219
0,[],28,[],2019-06-01 13:26:26,0.0,0,0,7722755,2019-06-01 13:26:26,,0.0,14741.0,0,,0.0,0.0,0.0,219
1,[],22,[],2019-05-23 16:41:05,172069.0,0.00000004,0.0000000000031167080000000004,7674065,2019-05-23 16:41:05,BTC,56.76466137,0.0,0.00000004,BTC,127061.6482738741,0.0,0.00393676,221
1,[],24,[],2019-05-23 16:41:05,0.0,0.000000010000,0.0000000000007791770000000001,7674066,2019-05-23 16:41:05,btc,0.0,0.0,0.000000010000,btc,0.0,0.0,0.0,221
1,[],20,[],2019-06-01 13:26:28,9844043.6429,0.000000002,0.00000000000017085560000000003,7722756,2019-06-01 13:26:28,btc,100052.67419088971,100187.8571,0.000000002,btc,45432148.0108,0.0002003757142,0.0098577632858,224
0,[],22,[],2019-06-01 13:26:30,0.0,0,0,7722757,2019-06-01 13:26:30,,0.0,0.0,0,,0.0,0.0,0.0,224
1,[],26,[],2019-06-01 13:26:31,0.0,0.00000025,0.00000000002135695,7722758,2019-06-01 13:26:31,btc,0.0,0.0,0.00000025,btc,0.0,0.0,0.0,231
1,[],26,[],2019-06-01 13:26:31,0.0,0.00000006,0.000000000005125668,7722759,2019-06-01 13:26:31,btc,0.0,0.0,0.00000006,btc,0.0,0.0,0.0,234
0.00000000031382920000000005,[],27,[],2019-06-01 13:26:39,100.0,3.138292e-18,2.6809738131760006e-22,7722760,2019-06-01 13:26:39,eth,0.01134836604,0.0,0.00000001,"btc,eth",11462.996,0.0,3.138292e-16,234
1,[],4,[],2019-05-22 17:06:12,91780.56053785,0.00000078,0.000000000061977552,7669277,2019-05-22 17:06:12,btc,5.573372450018177,0.0,0.00000078,btc,729173.93529783,0.0,0.0307060663355679,236
1,[],24,[],2019-05-22 17:06:12,0.0,0.000000010000,0.000000000000794584,7669278,2019-05-22 17:06:12,btc,0.0,0.0,0.000000010000,btc,0.0,0.0,0.0,236
1,[],5,[],2019-06-01 13:26:41,0.0,0,0,7722761,2019-06-01 13:26:41,btc,0.0,0.19142516,0,btc,0.0,0.0,0.0,237
1,[],20,[],2019-06-01 13:26:44,119624450.057,0.000000041,0.0000000000035025398000000004,7722762,2019-06-01 13:26:44,btc,412.7640281794372,8660794.0715,0.000000041,btc,43498141.4284,0.3707196747378,0.4427378304595,237
1,[],22,[],2019-06-01 13:26:47,288100.0,0.00000003,0.000000000002562834,7722763,2019-06-01 13:26:47,BTC,1.20267422,0.0,0.00000003,"BTC,LTC",17930.94871794872,0.0,0.007541,237
1,[],4,[],2019-06-01 13:26:48,26811152.04008191,0.00000011,0.000000000009397058000000001,7722764,2019-06-01 13:26:48,btc,2.7253470222903884,0.0,0.00000011,btc,8898868.15392744,0.07980415,0.5400884999379697,238
1,[],5,[],2019-06-01 13:26:50,0.0,0,0,7722765,2019-06-01 13:26:50,btc,0.0,0.02288673,0,btc,0.0,0.0,0.0,238
0,[],22,[],2019-03-12 16:49:32,0.0,0,0,6914458,2019-03-12 16:49:32,,0.40415746,0.0,0,,526736.5639027493,0.0,0.0,249
0,[],22,[],2019-05-28 23:53:45,0.0,0,0,7703643,2019-05-28 23:53:45,,13.44714864,0.0,0,,43777534.3426455,0.0,0.0,252
0,[],28,[],2019-06-01 13:26:52,0.0,0,0,7722766,2019-06-01 13:26:52,,0.0,293746.7,0,,0.0,0.0,0.0,256
1,[],22,[],2019-06-01 13:26:55,1021960.0,0.00000001,0.0000000000008542780000000001,7722767,2019-06-01 13:26:55,BTC,31464.5506333,0.0,0.00000001,BTC,584951.6675322719,0.00016501,0.0102196,258
1,[],22,[],2019-05-19 18:12:02,400.0,0.00000001,0.0000000000007957800000000001,7653905,2019-05-19 18:12:02,BTC,2.415167,0.0,0.00000001,BTC,157.0,0.0,4e-06,259
1,[],5,[],2019-06-01 13:26:56,0.0,0,0,7722768,2019-06-01 13:26:56,btc,0.0,0.09332096,0,btc,0.0,0.0,0.0,264
1,[],20,[],2019-06-01 13:26:58,955735.5392,0.000000164,0.000000000014010159200000002,7722769,2019-06-01 13:26:58,btc,0.9742931140421,24861.0,0.000000164,btc,48709.4431,0.01441938,0.007643777381,264
0,[],22,[],2019-04-12 17:57:27,0.0,0,0,7278186,2019-04-12 17:57:27,,66.37522201,0.0,0,,677842.4169881374,0.0,0.0,271
0,[],22,[],2019-05-29 08:10:20,0.0,0,0,7705301,2019-05-29 08:10:20,,33050470.74998113,0.0,0,,14361377780.7,0.0,0.0,272
0,[],28,[],2019-05-29 08:10:54,0.0,0,0,7705302,2019-05-29 08:10:54,,0.0,22189957216.5758,0,,0.0,0.0,0.0,272
1,[],22,[],2019-05-23 07:12:29,219930.0,0.00000004,0.000000000003048688,7671985,2019-05-23 07:12:29,BTC,426.77835217,0.0,0.00000004,BTC,248664.3325962929,0.0,0.00739728,281
1,[],22,[],2019-06-01 13:27:04,378731.43333333335,0.00000004,0.0000000000034171120000000005,7722770,2019-06-01 13:27:04,BTC,31.67384723,0.0,0.00000004,"BTC,LTC",1528079.4569583754,0.00044263,0.01589293,286
0,[],22,[],2019-06-01 13:27:06,0.0,0,0,7722771,2019-06-01 13:27:06,,7337904.96568486,0.0,0,,2004620112.6797826,0.0,0.0,294
