pairValue,buyBook,exchangeId,sellBook,updated,buyTotal,satoshiPrice,usdPrice,exchangeLogId,created,bestPair,sellTotalBtc,volume,pairPrice,activePairs,sellTotal,volumeBtc,buyTotalBtc,coinId
1,[],3,[],2019-01-23 14:27:30,110.239313996755,0.01259774999999999957334129163655234151519834995269775390625,0.000003511509215176888736803015166,6514322,2019-01-23 14:27:30,btc,106.95723379688783,0.179903642022,0.01259774999999999957334129163655234151519834995269775390625,btc,13.180299709446,0.0,0.2505925938248888,1
1,[],4,[],2019-01-23 14:27:31,25080.90381494,0.01256419,0.000003502154667796496611877348111,6514323,2019-01-23 14:27:31,btc,1.6281906197654354,0.0,0.01256419,btc,124.20365212,1.02376108,1.2703824469559488,1
1,[],5,[],2019-01-23 14:27:32,0.24765421,0.01240102,0.000003456672501644571628877248073,6514324,2019-01-23 14:27:32,btc,14578.54783843,0.03038494,0.01240102,btc,35555556.31761095,0.0,1.3232358,1
1,[],10,[],2019-01-23 14:27:34,269145.06972351,0.01257438,0.000003504995038410507132910384184,6514325,2019-01-23 14:27:34,btc,6368.943547130091,954.90762569,0.01257438,btc,966.10784723,0.0,2.425242328516214,1
1,[],12,[],2019-01-23 14:27:37,10382.96830328,0.0126099999999999996813659919325800728984177112579345703125,0.000003514923792215321573445465327,6514326,2019-01-23 14:27:37,btc,0.5219968215384,0.0,0.0126099999999999996813659919325800728984177112579345703125,btc,35.15165583,0.1049790749837,0.2493068586302,1
1,[],20,[],2019-01-23 14:27:38,1344.4193,0.010510001,0.000002929568007224966128920968286,6514327,2019-01-23 14:27:38,btc,0.0746164438962,0.0,0.010510001,btc,3.5114,0.0,0.0893555481251,1
1,[],21,[],2019-01-23 14:27:40,2125.65263082,0.01264270999999999971208364257790890405885875225067138671875,0.000003524041409760393998468683827,6514328,2019-01-23 14:27:40,eth,304767281.39318323,1721.15563893,0.01264270999999999971208364257790890405885875225067138671875,"btc,eth",2487.7480671,103866601.33054182,166133347.04964834,1
1,[],22,[],2019-01-23 14:27:44,0.0363776,0.01400000,0.000003902373758208921750330333555,6514329,2019-01-23 14:27:44,BTC,0.312,0.0,0.01400000,BTC,0.031,0.0,0.00048472,1
1,[],24,[],2019-01-23 14:27:44,0.0,0.000000000000,0,6514330,2019-01-23 14:27:44,btc,0.0,0.0,0.000000000000,btc,0.0,0.0,0.0,1
1,[],25,[],2019-01-23 14:27:44,224.43877836,0.01231916,0.000003433854764798358604985673709,6514331,2019-01-23 14:27:44,btc,16.737899998160277,1265.49561999,0.01231916,btc,1291.28220836,16.313,2.7049999997878347,1
1,[],28,[],2019-01-23 14:27:47,987.9,0.01131000,0.000003152560514667350356874005179,6514332,2019-01-23 14:27:47,btc,0.162839806,35470.2,0.01131000,btc,8.9,0.0,0.024551096,1
,[],26,[],2018-11-28 08:36:25,0.0,0.02269021,0.000000905623006625,5137884,2018-11-28 08:36:25,btc,0.0,2559.40051283,,btc,0.0,0.0,0.0,1
0,[],2,[],2019-01-21 03:09:18,0.0,0,0,6478827,2019-01-21 03:09:18,,0.0,0.0,0,,0.0,0.0,0.0,1
1,[],5,[],2019-01-23 14:20:51,1.621e-05,0.00000070,0.00000000019511868791044608,6514146,2019-01-23 14:20:51,btc,0.1752668,0.02518241,0.00000070,btc,7.714e-05,0.0,0.42769653,2
0,[],22,[],2019-01-23 14:20:53,0.0,0,0,6514147,2019-01-23 14:20:53,,0.0,0.0,0,,0.0,0.0,0.0,2
1,[],5,[],2019-01-23 14:21:07,1.42e-06,0.00000017,0.00000000004738596706396548,6514155,2019-01-23 14:21:07,btc,3.25277879,0.0276582,0.00000017,btc,2.267e-05,0.0,2.94532279,3
1,[],12,[],2019-01-23 14:21:08,11415533.5345643,0.00000017,0.00000000004738596706396547,6514156,2019-01-23 14:21:08,btc,921314.901145062,0.0,0.00000017,btc,8127221.44117477,0.04519175640646825,0.525376009044845,3
0,[],28,[],2019-01-23 14:21:17,0.0,0,0,6514157,2019-01-23 14:21:17,,0.0,0.0,0,,0.0,0.0,0.0,3
1,[],4,[],2019-01-23 14:22:03,1128567.04491503,0.00000045,0.00000000012543344222814392,6514176,2019-01-23 14:22:03,btc,0.4772057357581599,0.0,0.00000045,btc,321185.16906228,0.00250214,0.0648128948163536,4
0,[],2,[],2019-01-21 03:02:05,0.0,0,0,6478666,2019-01-21 03:02:05,,0.0,0.0,0,,0.0,0.0,0.0,4
1,[],12,[],2019-01-23 14:22:04,1212226.5219999999,0.00000002,0.0000000000055748196545841744,6514178,2019-01-23 14:22:04,btc,11013867.818600481,0.0,0.00000002,btc,978378.15654341,0.0,0.015877070440000002,5
1,[],11,[],2019-01-23 14:22:17,3713283.5,0.00000002,0.0000000000055748196545841744,6514183,2019-01-23 14:22:17,btc,9429.938971349964,333125.0,0.00000002,btc,41200199.70959839,0.0,0.040317360000000003,6
0,[],2,[],2019-01-21 03:02:32,0.0,0,0,6478676,2019-01-21 03:02:32,,0.0,0.0,0,,0.0,0.0,0.0,6
1,[],3,[],2019-01-23 14:22:28,1049.631568128516,0.00015050999999999999383500093319554480331134982407093048095703125,0.0000000419533053105732,6514186,2019-01-23 14:22:28,btc,30.108593419388622,0.0,0.00015050999999999999383500093319554480331134982407093048095703125,btc,231.077492617847,0.0,0.027978323718350753,7
1,[],4,[],2019-01-23 14:22:29,24395.41514734,0.00017278,0.000000048160866995952676,6514187,2019-01-23 14:22:29,btc,2.1968308575560065,0.0,0.00017278,btc,11564.47599854,1.50749981,3.731209511574892,7
1,[],5,[],2019-01-23 14:22:31,0.00535529,0.00017970,0.0000000500897545964388,6514188,2019-01-23 14:22:31,btc,1.31691003,0.12714997,0.00017970,btc,0.01167733,0.0,1.63668023,7
1,[],20,[],2019-01-23 14:22:41,61774165.6382,0.000000001,0.0000000000002787409827292087,6514191,2019-01-23 14:22:41,btc,121.1911108147386,7238828.4357,0.000000001,btc,24917402.9975,0.0124738294316,0.0617741656382,8
1,[],1,[],2019-01-23 14:22:50,5536561.93,0.000001839999999999999959088173122345732934945772285573184490203857421875,0.000000000512883408221744,6514196,2019-01-23 14:22:50,btc,2.4907810132,22406563.5,0.000001839999999999999959088173122345732934945772285573184490203857421875,btc,1319292.04,42.64760504,10.0229937592,9
1,[],4,[],2019-01-23 14:22:51,489134.28442985,0.00000187,0.0000000005212456377036202,6514197,2019-01-23 14:22:51,btc,0.8766596144783928,0.0,0.00000187,btc,435751.51907834,1.09189159,0.7393563615479553,9
1,[],28,[],2019-01-23 14:22:57,34500.0,0.00000165,0.00000000045992262150319437,6514198,2019-01-23 14:22:57,btc,2708.7525973402,7043834.0,0.00000165,btc,8331.02,0.0,0.02854,9
0,[],2,[],2019-01-21 03:03:13,0.0,0,0,6478691,2019-01-21 03:03:13,,0.0,0.0,0,,0.0,0.0,0.0,9
0,[],23,[],2019-01-21 03:03:25,0.0,0,0,6478693,2019-01-21 03:03:25,,0.0,0.0,0,,0.0,0.0,0.0,9
1,[],4,[],2019-01-23 14:23:10,4382772.715,0.00000002,0.000000000005574819654584174,6514202,2019-01-23 14:23:10,btc,0.2155193129307594,0.0,0.00000002,btc,3899888.68768744,0.00100699,0.0494848586,10
1,[],4,[],2019-01-23 14:23:27,1771823.16622415,0.00000151,0.00000000042089888392110513,6514209,2019-01-23 14:23:27,btc,1.1658097696849352,0.0,0.00000151,btc,735985.4634924,1.3717207,2.5444248591635388,12
1,[],5,[],2019-01-23 14:23:28,1.736e-05,0.00000146,0.0000000004069618347846447,6514210,2019-01-23 14:23:28,btc,0.2403755,0.41796123,0.00000146,btc,0.00011255,0.0,0.19552626,12
0,[],2,[],2019-01-21 03:05:49,0.0,0,0,6478705,2019-01-21 03:05:49,,0.0,0.0,0,,0.0,0.0,0.0,12
,[],25,[],2019-01-11 15:39:35,0.0,0,0,6366164,2019-01-11 15:39:35,,0.0,0.0,,btc,0.0,0.0,0.0,12
1,[],4,[],2019-01-23 14:26:17,358895.06399768,0.00000704,0.000000001962336518413629,6514295,2019-01-23 14:26:17,btc,0.2109826559055895,0.0,0.00000704,btc,28230.61440653,0.58619414,1.7202404305799037,13
1,[],10,[],2019-01-23 14:26:20,622659.58226088,0.00000692,0.000000001928887600486124,6514296,2019-01-23 14:26:20,btc,666784.454020481,3516.56733206,0.00000692,btc,830991.29127275,0.0,0.8898893218628081,13
1,[],21,[],2019-01-23 14:26:21,1123169.75304813,0.0000071600000000000000571613069377807647697409265674650669097900390625,0.0000000019957854363411342,6514297,2019-01-23 14:26:21,btc,5.8833254064031575,341379.39146286,0.0000071600000000000000571613069377807647697409265674650669097900390625,btc,740327.30470565,2.44895237,5.964232624451171,13
1,[],4,[],2019-01-23 14:23:42,23043092.78069507,0.00000207,0.000000000576993834249462,6514218,2019-01-23 14:23:42,btc,0.2192485145904224,0.0,0.00000207,btc,83648.49547993,0.01846128,0.6270348068844868,14
1,[],12,[],2019-01-23 14:23:44,89097.17862033,0.00000181000000000000003456111265232042484285557293333113193511962890625,0.0000000005045211787398678,6514219,2019-01-23 14:23:44,btc,1.7857296754336927,0.0,0.00000181000000000000003456111265232042484285557293333113193511962890625,btc,35486.9101839,0.0011500737086569,0.0224619329335821,14
0,[],17,[],2019-01-23 14:23:45,0.0,0,0,6514220,2019-01-23 14:23:45,btc,0.0,0.0,0,btc,0.0,0.0,0.0,14
1,[],26,[],2019-01-23 14:23:45,0.0,0.00000020,0.00000000005574819654584174,6514221,2019-01-23 14:23:45,btc,0.0,0.0,0.00000020,btc,0.0,0.0,0.0,14
0,[],4,[],2019-01-23 14:28:00,0.0,0,0,6514341,2019-01-23 14:28:00,,0.0,0.0,0,,0.0,0.0,0.0,15
,[],12,[],2018-12-01 15:15:48,204241.84496,0.00000489,0.000000000202473384,5260204,2018-12-01 15:15:48,btc,49.5475654835,0.0,,btc,35763.2193806,0.0163153972027625,0.0203389899998,15
1,[],4,[],2019-01-23 14:23:52,31880.19778857,0.00001750,0.000000004877967197761152,6514224,2019-01-23 14:23:52,btc,0.949549163345704,0.0,0.00001750,btc,14304.07959572,0.00968402,0.1761908631511647,18
1,[],10,[],2019-01-23 14:23:54,390677.89628209,0.00001763,0.000000004914203525515949,6514225,2019-01-23 14:23:54,btc,15.557566551907655,20872.0596864,0.00001763,btc,10694.30482013,0.0,0.1932028763517414,18
1,[],12,[],2019-01-23 14:23:55,200425.8772738,0.0000170500000000000010813398787501427023016731254756450653076171875,0.0000000047525337555330085,6514226,2019-01-23 14:23:55,btc,0.4586395414836766,0.0,0.0000170500000000000010813398787501427023016731254756450653076171875,btc,2062.88767383,0.0020563581740895,0.0198086633852798,18
0,[],17,[],2019-01-23 14:23:56,0.0,0,0,6514227,2019-01-23 14:23:56,btc,0.0,0.0,0,btc,0.0,0.0,0.0,18
0,[],2,[],2019-01-21 03:06:22,0.0,0,0,6478721,2019-01-21 03:06:22,,0.0,0.0,0,,0.0,0.0,0.0,18
1,[],3,[],2019-01-23 14:24:27,108485.0757888357,0.0000397999999999999984107330874838481804545153863728046417236328125,0.000000011093891112622506,6514240,2019-01-23 14:24:27,btc,1.311142888821322,3.68907282877,0.0000397999999999999984107330874838481804545153863728046417236328125,btc,8541.441022191411,0.0,0.1059354175043577,19
1,[],4,[],2019-01-23 14:24:27,75852.88554936,0.00004091,0.000000011403293603451928,6514241,2019-01-23 14:24:27,btc,2.399678319355381,0.0,0.00004091,btc,48392.59378056,0.3890376,1.7854342910683638,19
1,[],5,[],2019-01-23 14:24:29,0.00032688,0.00003251,0.000000009061869348526575,6514242,2019-01-23 14:24:29,btc,0.30996078,0.0,0.00003251,btc,0.0034804,0.0,0.19130093,19
1,[],12,[],2019-01-23 14:24:30,129235.50886392,0.00004004999999999999771120584579620071963290683925151824951171875,0.000000011163576358304807,6514243,2019-01-23 14:24:30,btc,1.9930192097957031,0.0,0.00004004999999999999771120584579620071963290683925151824951171875,btc,397.27457877,0.0019926751306722,0.038399879999996,19
0,[],27,[],2019-01-23 14:24:32,0.0,0,0,6514244,2019-01-23 14:24:32,,0.0,0.0,0,btc,0.0,0.0,0.0,19
0,[],2,[],2019-01-21 03:06:55,0.0,0,0,6478739,2019-01-21 03:06:55,,0.0,0.0,0,,0.0,0.0,0.0,19
1,[],4,[],2019-01-23 14:25:02,8501475.10080255,0.00000015,0.000000000041811147409381306,6514260,2019-01-23 14:25:02,btc,0.7552625105275439,0.0,0.00000015,btc,1438545.20773057,0.00100618,0.4219559911857907,20
1,[],4,[],2019-01-23 14:25:17,131469990.06217471,0.00000002,0.000000000005574819654584174,6514266,2019-01-23 14:25:17,btc,0.5589020513294243,0.0,0.00000002,btc,15804013.31518349,0.00635029,1.6824425550933346,21
1,[],12,[],2019-01-23 14:25:18,21316366.102000073,0.00000002,0.0000000000055748196545841744,6514267,2019-01-23 14:25:18,btc,668.0563746217096,0.0,0.00000002,btc,8958350.01199062,0.0,0.30108258204000143,21
0,[],17,[],2019-01-23 14:25:20,0.0,0,0,6514268,2019-01-23 14:25:20,btc,0.0,0.0,0,btc,0.0,0.0,0.0,21
1,[],12,[],2019-01-23 14:25:39,4558677519.531896,0.0000000001,0.000000000000027874098272920872,6514276,2019-01-23 14:25:39,btc,621663601795.9275,0.0,0.0000000001,btc,6318320469.521709,0.002552491343256742,0.45586775195318957,23
0,[],27,[],2019-01-23 14:25:41,0.0,0,0,6514277,2019-01-23 14:25:41,,0.424699,0.0,0,eth,424699.0,0.0,0.0,23
,[],25,[],2019-01-11 15:42:09,0.0,0,0,6366241,2019-01-11 15:42:09,,0.0,0.0,,btc,0.0,0.0,0.0,24
1,[],4,[],2019-01-23 14:25:49,2232719.76819531,0.00000093,0.0000000002592291139381641,6514280,2019-01-23 14:25:49,btc,0.1799170477237372,0.0,0.00000093,btc,120014.59024651,0.01267808,0.4481731564933429,24
1,[],22,[],2019-01-23 14:25:53,11.76,0.00000100,0.0000000002787409827292087,6514281,2019-01-23 14:25:53,BTC,7.415e-05,0.0,0.00000100,BTC,23.919354838709676,0.0,1.176e-05,24
1,[],4,[],2019-01-23 14:26:04,29625612.88831669,0.00000796,0.000000002218778222524501,6514288,2019-01-23 14:26:04,btc,0.4119884224619825,0.0,0.00000796,btc,30008.62128606,0.16269679,0.534770607597547,26
1,[],10,[],2019-01-23 14:26:06,734194.75493527,0.00000769,0.0000000021435181571876146,6514289,2019-01-23 14:26:06,btc,27.975061470897607,0.0,0.00000769,btc,12555.42087038,0.0,0.2226222173992068,26
0,[],2,[],2019-01-21 03:08:30,0.0,0,0,6478791,2019-01-21 03:08:30,,0.0,0.0,0,,0.0,0.0,0.0,26
1,[],3,[],2019-01-23 14:26:10,7686089.32908122,0.00000001,0.0000000000027874098272920872,6514290,2019-01-23 14:26:10,btc,3.0752937709335133,30313.0,0.00000001,btc,17598360.85644621,0.0,0.0768608932908122,27
1,[],5,[],2019-01-23 14:26:12,1e-08,0.00000001,0.000000000002787409827292087,6514291,2019-01-23 14:26:12,btc,2.62189326,0.0,0.00000001,btc,4.332e-05,0.0,0.0108322,27
1,[],11,[],2019-01-23 14:26:14,10597882.41182718,0.00000005,0.000000000013937049136460435,6514292,2019-01-23 14:26:14,btc,370.5327807235078,1000.0,0.00000005,btc,8221470.80991447,0.0,0.4932896594767663,27
1,[],4,[],2019-01-23 14:26:15,132662730.87543124,0.00000004,0.000000000011149639309168347,6514293,2019-01-23 14:26:15,btc,2.925142305384576,0.0,0.00000004,btc,58502846.10769152,1.54861766,4.231827366497574,29
1,[],7,[],2019-01-23 14:26:16,35872935.84480006,0.00000003,0.00000000000836222948187626,6514294,2019-01-23 14:26:16,btc,44465218.10864378,321168.185984,0.00000003,btc,38771892.83492718,0.01101505,0.6926194259600384,29
1,[],4,[],2019-01-23 14:27:18,1294406.99969636,0.00000038,0.0000000001059215734370993,6514312,2019-01-23 14:27:18,btc,0.3301824026371737,0.0,0.00000038,btc,491474.32645222,0.03548826,0.0788003837120302,30
0,[],17,[],2019-01-23 14:27:19,0.0,0,0,6514313,2019-01-23 14:27:19,btc,0.0,0.0,0,btc,0.0,0.0,0.0,30
1,[],4,[],2019-01-23 14:27:27,25051.24250142,0.00010253,0.000000028579312959225767,6514319,2019-01-23 14:27:27,btc,0.9436187137689108,0.0,0.00010253,btc,8272.27264769,2.98383957,2.148486789773816,31
1,[],21,[],2019-01-23 14:27:28,106285.86169048,0.000102100000000000001626650203423452012430061586201190948486328125,0.00000002845945433665221,6514320,2019-01-23 14:27:28,btc,12.130269055318474,1002335.11504426,0.000102100000000000001626650203423452012430061586201190948486328125,btc,110971.65865793,109.70931464,10.059224925714052,31
0,[],2,[],2019-01-21 03:09:16,0.0,0,0,6478825,2019-01-21 03:09:16,,0.0,0.0,0,,0.0,0.0,0.0,32
1,[],4,[],2019-01-23 14:28:01,43386020.38898579,0.00000006,0.000000000016724458963752523,6514342,2019-01-23 14:28:01,btc,0.3960936449721076,0.0,0.00000006,btc,5658480.64245868,1.06957812,2.2581818707514065,33
1,[],12,[],2019-01-23 14:28:02,21478846.0,0.00000006,0.00000000001672445896375252,6514343,2019-01-23 14:28:02,btc,17261785.109413356,0.0,0.00000006,btc,87419001.13486502,0.0065447581818182,0.83318326,33
1,[],4,[],2019-01-23 14:28:03,99351944.65636285,0.00000002,0.000000000005574819654584174,6514344,2019-01-23 14:28:03,btc,0.8215975407830011,0.0,0.00000002,btc,27100662.38828351,0.00415651,1.0065561151136109,34
1,[],5,[],2019-01-23 14:28:05,3e-08,0.00000002,0.000000000005574819654584174,6514345,2019-01-23 14:28:05,btc,3.11309219,0.00772511,0.00000002,btc,1.394e-05,0.0,1.23127679,34
0,[],4,[],2019-01-23 14:24:54,0.0,0,0,6514256,2019-01-23 14:24:54,,0.0,0.0,0,,0.0,0.0,0.0,36
1,[],5,[],2019-01-23 14:24:58,0.0,0,0,6514257,2019-01-23 14:24:58,btc,202.42219131,0.0,0,btc,1.295e-05,0.0,0.0,36
0,[],17,[],2019-01-23 14:24:59,0.0,0,0,6514258,2019-01-23 14:24:59,btc,0.0821090404305017,0.0,0,btc,4840895.41583647,0.0,0.0,36
0,[],27,[],2019-01-23 14:25:01,0.0,0,0,6514259,2019-01-23 14:25:01,,448.55669329,0.0,0,eth,3581972.58,0.0,0.0,36
1,[],4,[],2019-01-23 14:24:46,480342.33896749,0.00000146,0.0000000004069618347846447,6514251,2019-01-23 14:24:46,btc,0.4364182342132777,0.0,0.00000146,btc,227555.14170386,0.05906111,0.4514022517719937,37
1,[],12,[],2019-01-23 14:24:48,533550.40826025,0.00000146999999999999990171598886201653755279039614833891391754150390625,0.00000000040974924461193675,6514252,2019-01-23 14:24:48,btc,1330.8805258388977,0.0,0.00000146999999999999990171598886201653755279039614833891391754150390625,btc,724384.38234178,0.2398387221128796,0.3967486920153245,37
1,[],17,[],2019-01-23 14:24:49,1752.74075282,0.00000025,0.00000000006968524568230217,6514253,2019-01-23 14:24:49,btc,0.05548731377709,0.0,0.00000025,btc,1320.79251806,0.0,0.00043818518820499993,37
0,[],27,[],2019-01-23 14:24:51,0.0,0,0,6514254,2019-01-23 14:24:51,,0.0,0.0,0,btc,0.0,0.0,0.0,37
1,[],5,[],2019-01-23 14:21:26,1.133e-05,0.00000115,0.00000000032055213013859,6514162,2019-01-23 14:21:26,btc,0.10249699,0.14913328,0.00000115,btc,0.00011113,0.0,0.04056867,42
1,[],12,[],2019-01-23 14:21:27,85742.03118067,0.0000013299999999999999715787242504649867669286322779953479766845703125,0.00000000037072550702984757,6514163,2019-01-23 14:21:27,btc,108.83243688319389,0.0,0.0000013299999999999999715787242504649867669286322779953479766845703125,btc,36576.51113672,0.0332870992569272,0.0334665757039414,42
0,[],27,[],2019-01-23 14:21:29,0.0,0,0,6514164,2019-01-23 14:21:29,,0.00315028,0.0,0,"btc,eth",11.007,0.0,0.0,42
1,[],5,[],2019-01-23 14:22:47,3e-08,0.00000002,0.000000000005574819654584174,6514193,2019-01-23 14:22:47,btc,5.83445513,2e-08,0.00000002,btc,1.425e-05,0.0,0.4722758,43
1,[],12,[],2019-01-23 14:22:48,8721810.0,0.00000001,0.0000000000027874098272920872,6514194,2019-01-23 14:22:48,btc,20007433.12866367,0.0,0.00000001,btc,38551720.38101898,2.397602398e-07,0.0872181,43
0,[],17,[],2019-01-23 14:22:50,0.0,0,0,6514195,2019-01-23 14:22:50,btc,0.0,0.0,0,btc,0.0,0.0,0.0,43
1,[],12,[],2019-01-23 14:21:43,871474.0,0.00000007,0.00000000001951186879104461,6514169,2019-01-23 14:21:43,btc,11114760.533997966,0.0,0.00000007,btc,956242.37320198,0.00026684,0.02622608,44
1,[],4,[],2019-01-23 14:31:26,54638181.12919502,0.00000003,0.000000000008378694655230679,6514369,2019-01-23 14:31:26,btc,0.2423604937213359,0.0,0.00000003,btc,3458005.51425235,0.00242939,0.6070437687400184,49
0,[],4,[],2019-01-23 14:27:16,0.0,0,0,6514310,2019-01-23 14:27:16,,5.04411668474572,0.0,0,,504411668.47457206,0.0,0.0,52
0,[],22,[],2019-01-23 14:26:23,0.0,0,0,6514298,2019-01-23 14:26:23,,3707.82363808,0.0,0,,255315328.40932402,0.0,0.0,57
0,[],27,[],2019-01-23 14:26:25,0.0,0,0,6514299,2019-01-23 14:26:25,,0.0,0.0,0,"btc,eth",0.0,0.0,0.0,57
0,[],4,[],2019-01-23 14:31:12,0.0,0,0,6514361,2019-01-23 14:31:12,,3.447461882414595,0.0,0,,344746188.2414595,0.0,0.0,58
1,[],12,[],2019-01-23 14:31:13,2357083180.3279524,0.0000000006,0.0000000000001675738931046136,6514362,2019-01-23 14:31:13,btc,123038813391.6101,0.0,0.0000000006,btc,3412621988.85025,0.009116321562237769,0.8668716680915363,58
0,[],17,[],2019-01-23 14:31:14,0.0,0,0,6514363,2019-01-23 14:31:14,btc,1e+24,0.0,0,btc,41461875.8285055,0.0,0.0,58
0,[],22,[],2019-01-23 14:31:18,137438.0,0,0,6514364,2019-01-23 14:31:18,,69.8835922,0.0,0,,9887963.0,0.0,0.00137438,58
1,[],5,[],2019-01-23 14:25:23,1.79e-06,0.00000030,0.00000000008362229481876261,6514270,2019-01-23 14:25:23,btc,0.47461717,0.02935329,0.00000030,btc,0.00013348,0.0,0.00641401,61
1,[],22,[],2019-01-23 14:25:31,5111.5,0.00000011,0.000000000030661508100212956,6514271,2019-01-23 14:25:31,BTC,1002.29606732,0.0,0.00000011,BTC,15028.700278135757,0.0,0.00051178,61
1,[],26,[],2019-01-23 14:25:31,0.0,0.00000800,0.0000000022299278618336695,6514272,2019-01-23 14:25:31,btc,0.0,0.0,0.00000800,btc,0.0,0.0,0.0,61
0,[],27,[],2019-01-23 14:25:33,0.0,0,0,6514273,2019-01-23 14:25:33,,0.0,0.0,0,"btc,eth",0.0,0.0,0.0,61
1,[],28,[],2019-01-23 14:25:35,1880.304,0.00000022,0.00000000006132301620042591,6514274,2019-01-23 14:25:35,btc,2.065678837430106,1582.0,0.00000022,btc,11618.08240005,0.0,0.00016391304,61
,[],25,[],2019-01-11 15:43:02,0.0,0,0,6366273,2019-01-11 15:43:02,,0.0,0.0,,btc,0.0,0.0,0.0,67
1,[],4,[],2019-01-23 14:27:08,1254409.23377739,0.00000177,0.0000000004933715394306994,6514308,2019-01-23 14:27:08,btc,0.3822905122433512,0.0,0.00000177,btc,132161.34342997,0.07992703,0.8827465933713011,67
1,[],12,[],2019-01-23 14:24:24,2603382.33333333,0.00000006,0.00000000001672445896375252,6514238,2019-01-23 14:24:24,btc,16893773.052719112,0.0,0.00000006,btc,2166855.05454541,0.0188225027172842,0.0605246599999998,71
,[],5,[],2018-11-20 23:02:39,1.5e-07,0.00000005,0.000000000002128045,4862160,2018-11-20 23:02:39,btc,2.84511358,0.0,,btc,0.00036572,0.0,0.07381892,74
1,[],5,[],2019-01-23 14:22:07,3.421e-05,0.00000156,0.0000000004348359330575656,6514179,2019-01-23 14:22:07,btc,1.43011192,0.0,0.00000156,btc,0.0001585,0.0,0.50003041,75
1,[],4,[],2019-01-23 14:23:35,63421533.80469478,0.00000001,0.000000000002787409827292087,6514213,2019-01-23 14:23:35,btc,0.7486706825842339,0.0,0.00000001,btc,13906829.86456505,0.0,0.6342153380469479,81
0,[],20,[],2019-01-23 14:23:36,0.0,0,0,6514214,2019-01-23 14:23:36,btc,0.0,0.0,0,btc,0.0,0.0,0.0,81
1,[],4,[],2019-01-23 14:28:37,25470.29128317,0.00008100,0.000000022622475569122835,6514349,2019-01-23 14:28:37,btc,1.2728241011297659,0.0,0.00008100,btc,10904.61486648,0.05807089,0.2223620553887605,82
1,[],21,[],2019-01-23 14:28:38,65064.40894583,0.000082429999999999995136980290855177599951275624334812164306640625,0.000000023021860014355496,6514350,2019-01-23 14:28:38,btc,3.50732381737896,6617.96602285,0.000082429999999999995136980290855177599951275624334812164306640625,btc,38503.443634740004,0.54375959,4.5873119507817615,82
0,[],17,[],2019-01-23 14:23:51,0.0,0,0,6514223,2019-01-23 14:23:51,btc,0.0447233088476774,0.0,0,btc,999127.19588126,0.0,0.0,84
0,[],4,[],2019-01-23 14:25:58,0.0,0,0,6514285,2019-01-23 14:25:58,,0.1975418240043968,0.0,0,,19754182.40043968,0.0,0.0,85
,[],22,[],2018-11-20 23:09:34,3408.1,0.0000001,0.0000000000041895,4862324,2018-11-20 23:09:34,BTC,0.04624735,0.0,,BTC,4990.0,0.0,0.00033081,86
0,[],22,[],2019-01-23 14:26:01,0.0,0,0,6514286,2019-01-23 14:26:01,,2.07810912,0.0,0,,154826.94736842104,0.0,0.0,87
0,[],27,[],2019-01-23 14:26:03,0.0,0,0,6514287,2019-01-23 14:26:03,,0.0,0.0,0,btc,0.0,0.0,0.0,87
,[],2,[],2018-11-20 23:10:47,0.0,0,0,4862359,2018-11-20 23:10:47,,0.0,0.0,,,0.0,0.0,0.0,88
1,[],11,[],2019-01-23 14:31:11,102424.17388916,0.00020701000000000001192469734068168918383889831602573394775390625,0.0000000578157860193101,6514360,2019-01-23 14:31:11,btc,236.02693248684537,256.86942584,0.00020701000000000001192469734068168918383889831602573394775390625,btc,182328.02623812,0.0,8.196059072986843,89
1,[],12,[],2019-01-23 14:22:10,239582.65821186,0.00000172999999999999995347796898081949024117420776747167110443115234375,0.000000000482221900121531,6514180,2019-01-23 14:22:10,btc,1.111533961679593,0.0,0.00000172999999999999995347796898081949024117420776747167110443115234375,btc,4747.70177899,0.1544341644075621,0.0543096440999414,91
0,[],17,[],2019-01-23 14:22:12,0.0,0,0,6514181,2019-01-23 14:22:12,btc,0.0,0.0,0,btc,0.0,0.0,0.0,91
0,[],2,[],2019-01-21 03:02:22,0.0,0,0,6478672,2019-01-21 03:02:22,,0.0,0.0,0,,0.0,0.0,0.0,91
0,[],22,[],2019-01-23 14:25:06,43031955.0,0,0,6514261,2019-01-23 14:25:06,,9.28010141,0.0,0,,79818955.1,0.0,1.14095865,95
1,[],4,[],2019-01-23 14:23:37,7713568.70929333,0.00000001,0.000000000002787409827292087,6514215,2019-01-23 14:23:37,btc,1.404287855415335,0.0,0.00000001,btc,61053248.52055596,0.00038799,0.0771356870929333,96
1,[],12,[],2019-01-23 14:23:39,1213464.0,0.00000001,0.0000000000027874098272920872,6514216,2019-01-23 14:23:39,btc,255059.2330586403,0.0,0.00000001,btc,7844031.56674301,1.27e-06,0.01213464,96
0,[],17,[],2019-01-23 14:23:41,0.0,0,0,6514217,2019-01-23 14:23:41,btc,0.0,0.0,0,btc,0.0,0.0,0.0,96
1,[],4,[],2019-01-23 14:25:20,1583950.27393156,0.00000042,0.00000000011707121274626766,6514269,2019-01-23 14:25:20,btc,0.2988331356845982,0.0,0.00000042,btc,462648.70933221,0.00991561,0.176271909268327,99
1,[],4,[],2019-01-23 14:24:04,140789.71755856,0.00004310,0.000000012013736355628895,6514231,2019-01-23 14:24:04,btc,1.556788180851866,0.0,0.00004310,btc,29225.26666107,2.66038662,3.2764209818669388,100
0,[],2,[],2019-01-21 03:06:36,0.0,0,0,6478729,2019-01-21 03:06:36,,0.0,0.0,0,,0.0,0.0,0.0,100
1,[],22,[],2019-01-23 14:24:03,50000.0,0.00000001,0.000000000002787409827292087,6514229,2019-01-23 14:24:03,BTC,23.49896609,0.0,0.00000001,BTC,10277.22,0.0,0.0005,101
1,[],4,[],2019-01-23 14:27:48,205180.97655818,0.00000107,0.0000000002982528515202533,6514333,2019-01-23 14:27:48,btc,0.3990561206065444,0.0,0.00000107,btc,143919.26483445,0.00604845,0.0956432471405053,103
1,[],12,[],2019-01-23 14:31:06,92303459.24669921,0.000000016,0.000000000004468637149456362,6514358,2019-01-23 14:31:06,btc,9137281645.052559,0.0,0.000000016,btc,146231632.97602066,0.28038783847428744,0.5273161489471874,105
1,[],27,[],2019-01-23 14:31:09,261901.0,0.00000006,0.000000000016757389310461357,6514359,2019-01-23 14:31:09,btc,0.0720402019,0.0,0.00000006,btc,580.038,0.0,0.01014994,105
0,[],22,[],2019-01-23 14:25:09,0.0,0,0,6514262,2019-01-23 14:25:09,,1.07253299,0.0,0,,94300.0,0.0,0.0,107
1,[],26,[],2019-01-23 14:25:09,0.0,0.00000000,0,6514263,2019-01-23 14:25:09,btc,0.0,0.0,0.00000000,btc,0.0,0.0,0.0,107
1,[],5,[],2019-01-23 14:24:38,1e-08,0.00000001,0.000000000002787409827292087,6514247,2019-01-23 14:24:38,btc,5.98456181,0.00564783,0.00000001,btc,1.512e-05,0.0,0.02521824,112
1,[],22,[],2019-01-23 14:24:41,1966.0,0.00000001,0.000000000002787409827292087,6514248,2019-01-23 14:24:41,BTC,2.84890392,0.0,0.00000001,BTC,1014817.0833333334,0.005,1.966e-05,112
0,[],27,[],2019-01-23 14:24:43,0.0,0,0,6514249,2019-01-23 14:24:43,,1.25125,0.0,0,"btc,eth",79.0,0.0,0.0,112
1,[],4,[],2019-01-23 14:31:27,435401.66886962,0.00000374,0.0000000010445439336854248,6514370,2019-01-23 14:31:27,btc,0.4167630926935072,0.0,0.00000374,btc,78562.78859052,0.05655936,0.3592277702041962,113
1,[],5,[],2019-01-23 14:31:28,2.117e-05,0.00000400,0.0000000011171592873640906,6514371,2019-01-23 14:31:28,btc,2.24728394,0.0010543,0.00000400,btc,0.00338126,0.0,0.25275313,113
1,[],17,[],2019-01-23 14:23:24,233369.0,0.00000004,0.000000000011149639309168349,6514207,2019-01-23 14:23:24,btc,1.33762905694,0.0,0.00000004,btc,71346.975,0.0,0.00543476,116
0,[],27,[],2019-01-23 14:23:26,0.0,0,0,6514208,2019-01-23 14:23:26,,0.0,0.0,0,btc,0.0,0.0,0.0,116
1,[],4,[],2019-01-23 14:23:08,94584.14241628,0.00001930,0.000000005379700966673728,6514200,2019-01-23 14:23:08,btc,0.4527133216884629,0.0,0.00001930,btc,18536.33971414,2.26213059,1.1724553406048603,120
1,[],7,[],2019-01-23 14:23:09,22681.84927992,0.0000224199999999999987948702540041523434410919435322284698486328125,0.000000006249372832788859,6514201,2019-01-23 14:23:09,btc,164.50865395548902,3977.02486936,0.0000224199999999999987948702540041523434410919435322284698486328125,btc,22701.00849435,0.15340568,0.1810775816566735,120
1,[],20,[],2019-01-23 14:23:23,1216157.4088,0.000000013,0.000000000003623632775479713,6514206,2019-01-23 14:23:23,btc,31.5507966354312,0.0,0.000000013,btc,1104620.7355,0.0,0.0068540359106,125
1,[],22,[],2019-01-23 14:31:50,3053.0,0.00000001,0.0000000000027928982184102266,6514378,2019-01-23 14:31:50,BTC,0.01415863,0.0,0.00000001,BTC,293039.4,3.198e-05,3.053e-05,126
0,[],22,[],2019-01-23 14:25:44,0.0,0,0,6514278,2019-01-23 14:25:44,,3.30709612,0.0,0,,19391.67229247642,0.0,0.0,130
1,[],4,[],2019-01-23 14:25:55,87924.94858771,0.00001585,0.000000004418044576257958,6514282,2019-01-23 14:25:55,btc,0.6863977162562138,0.0,0.00001585,btc,33818.77747046,0.18274774,0.5457947171714221,131
0,[],17,[],2019-01-23 14:25:56,0.0,0,0,6514283,2019-01-23 14:25:56,btc,0.0008451375975800001,0.0,0,btc,30.89614684,0.0,0.0,131
0,[],2,[],2019-01-21 03:08:20,0.0,0,0,6478784,2019-01-21 03:08:20,,0.0,0.0,0,,0.0,0.0,0.0,131
1,[],4,[],2019-01-23 14:27:29,4563.69631469,0.00022447,0.00000006256898839322548,6514321,2019-01-23 14:27:29,btc,1.6272293834061182,0.0,0.00022447,btc,206.22140695,0.0,0.0099283769128585,135
1,[],3,[],2019-01-23 14:24:33,313501.86685177,0.00000002,0.0000000000055748196545841744,6514245,2019-01-23 14:24:33,btc,0.2461293918751273,60206.25,0.00000002,btc,1235227.69793913,0.0,0.0049449073370354,136
1,[],4,[],2019-01-23 14:30:55,99881.07365402,0.00000192,0.0000000005362364579347634,6514354,2019-01-23 14:30:55,btc,0.6390746540533889,0.0,0.00000192,btc,227585.56641511,0.08664922,0.1240801924219238,137
1,[],12,[],2019-01-23 14:30:56,303755.68369288,0.00000198000000000000010098367454747236848788816132582724094390869140625,0.0000000005529938472452249,6514355,2019-01-23 14:30:56,btc,11798.815382044162,0.0,0.00000198000000000000010098367454747236848788816132582724094390869140625,btc,128946.14238484,0.0773607496055011,0.0330663290180248,137
,[],25,[],2019-01-11 15:38:27,0.0,0,0,6366122,2019-01-11 15:38:27,,0.0,0.0,,btc,0.0,0.0,0.0,142
1,[],5,[],2019-01-23 14:31:58,0.00104114,0.00002906,0.000000008116162222700117,6514381,2019-01-23 14:31:58,btc,3.50554464,0.87132927,0.00002906,btc,0.00180322,0.0,1.31466856,142
1,[],17,[],2019-01-23 14:31:59,12500.0,0.0000001,0.000000000027928982184102262,6514382,2019-01-23 14:31:59,btc,0.578281547874,0.0,0.0000001,btc,2493.207754,0.0,0.00125,142
1,[],20,[],2019-01-23 14:32:02,153261.9886,0.00002502,0.0000000069878313424623864,6514383,2019-01-23 14:32:02,btc,2.5057686606,123.9512,0.00002502,btc,5122.8931,0.0040034268254,0.2041364632188,142
1,[],22,[],2019-01-23 14:32:05,990.0,0.00001880,0.000000005250648650611226,6514384,2019-01-23 14:32:05,BTC,0.00152287,0.0,0.00001880,BTC,15.055608820709493,6.551e-05,0.00022106,142
1,[],28,[],2019-01-23 14:32:08,78430.0,0.00002000,0.000000005585796436820453,6514385,2019-01-23 14:32:08,btc,0.05124464387,95984.002,0.00002000,btc,1340.7234,0.0,0.0242247,142
0,[],22,[],2019-01-23 14:27:15,0.0,0,0,6514309,2019-01-23 14:27:15,,54.93330297,0.0,0,,667563265.8,0.0,0.0,143
1,[],21,[],2019-01-23 14:27:26,52583057.16567573,0.00000032,0.00000000008919711447334679,6514318,2019-01-23 14:27:26,btc,43.29166865605641,28715363.81722134,0.00000032,btc,79358354.59365784,8.82269236,10.314814991136906,145
0,[],22,[],2019-01-23 14:32:36,0.0,0,0,6514399,2019-01-23 14:32:36,,2.42260417,0.0,0,,1115997.0,0.0,0.0,146
,[],22,[],2018-11-20 23:01:11,0.0,0,0,4862114,2018-11-20 23:01:11,,2.56807021,0.0,,,61828.4988236,0.0,0.0,147
1,[],12,[],2019-01-23 14:27:17,8696773.53839576,0.0000048999999999999996723866295400551251759679871611297130584716796875,0.0000000013658308153731226,6514311,2019-01-23 14:27:17,btc,17.07783418133715,0.0,0.0000048999999999999996723866295400551251759679871611297130584716796875,btc,111453.07891109,0.0020715824645417,0.1127479643614114,148
1,[],4,[],2019-01-23 14:27:56,113861.13245365,0.00000039,0.0000000001087089832643914,6514337,2019-01-23 14:27:56,btc,0.696510137123281,0.0,0.00000039,btc,522239.78263584,0.00275683,0.0320220905355585,152
0,[],22,[],2019-01-23 14:27:58,0.0,0,0,6514338,2019-01-23 14:27:58,,0.0,0.0,0,,0.0,0.0,0.0,152
1,[],5,[],2019-01-23 14:24:46,0.0,0,0,6514250,2019-01-23 14:24:46,btc,4.30475246,1.001e-05,0,btc,0.00161275,0.0,0.0,153
,[],16,[],2019-01-11 15:38:59,0.0,0,0,6366141,2019-01-11 15:38:59,btc,0.0,0.0,,btc,0.0,0.0,0.0,155
0,[],22,[],2019-01-23 14:24:35,0.0,0,0,6514246,2019-01-23 14:24:35,,6.78748922,0.0,0,,4137721.7425925927,0.0,0.0,156
0,[],23,[],2019-01-21 03:07:07,0.0,0,0,6478747,2019-01-21 03:07:07,,0.0,0.0,0,,0.0,0.0,0.0,156
1,[],22,[],2019-01-23 14:25:38,7290.791666666667,0.00003000,0.00000000836222948187626,6514275,2019-01-23 14:25:38,BTC,43.81543407,0.0,0.00003000,BTC,1572.3690079421112,0.0,0.00767361,157
0,[],22,[],2019-01-23 14:32:56,0.0,0,0,6514409,2019-01-23 14:32:56,,50175.67300261,0.0,0,,53770788.04179466,0.0,0.0,158
,[],17,[],2018-11-20 22:56:10,0.0,0,0,4861976,2018-11-20 22:56:10,btc,1.1265625,0.0,,btc,1000.0,0.0,0.0,159
,[],20,[],2018-11-20 22:56:12,0.0,0,0,4861977,2018-11-20 22:56:12,btc,11912.7940471,0.0,,btc,34413894.3617,0.0,0.0,159
1,[],12,[],2019-01-23 14:24:09,185268.90835129,0.000011329999999999999942576316136477743157229269854724407196044921875,0.0000000031581353343219344,6514234,2019-01-23 14:24:09,btc,6.654647884507665,0.0,0.000011329999999999999942576316136477743157229269854724407196044921875,btc,14089.0514196,0.0038874299541697,0.1083028750364166,168
1,[],17,[],2019-01-23 14:24:11,29784.95,0.000001,0.0000000002787409827292087,6514235,2019-01-23 14:24:11,btc,0.0374188624335,0.0,0.000001,btc,217.43620267999998,0.0,0.00716147,168
0,[],22,[],2019-01-23 14:23:59,0.0,0,0,6514228,2019-01-23 14:23:59,,1.13392792,0.0,0,,692360.5537281231,0.0,0.0,169
1,[],22,[],2019-01-23 14:32:39,81705.07692307692,0.00000027,0.00000000007540825189707611,6514400,2019-01-23 14:32:39,BTC,2.75223855,0.0,0.00000027,BTC,64328.81207749766,0.00097705,0.01480171,171
1,[],22,[],2019-01-23 14:24:19,187607.85,0.0000002,0.00000000005574819654584174,6514236,2019-01-23 14:24:19,BTC,2.84560901,0.0,0.0000002,BTC,240286.75781187782,1e-07,0.01039854,173
1,[],5,[],2019-01-23 14:24:26,6.043e-05,0.00000470,0.0000000013100826188272808,6514239,2019-01-23 14:24:26,btc,0.38335876,0.00746581,0.00000470,btc,0.00033988,0.0,0.9568992,175
1,[],22,[],2019-01-23 14:31:56,56133.99333333333,0.00000150,0.000000000418934732761534,6514380,2019-01-23 14:31:56,BTC,0.60035542,0.0,0.00000150,BTC,118760.29444388876,0.00114638,0.04160047,176
1,[],7,[],2019-01-23 14:27:20,0.0,0,0,6514314,2019-01-23 14:27:20,btc,10933.68774286355,0.0,0,btc,125287464.03882253,0.0,0.0,178
0,[],22,[],2019-01-23 14:27:23,0.0,0,0,6514315,2019-01-23 14:27:23,,1.00242428,0.0,0,,57512.0,0.0,0.0,178
0,[],2,[],2019-01-21 03:09:08,0.0,0,0,6478817,2019-01-21 03:09:08,,0.0,0.0,0,,0.0,0.0,0.0,178
1,[],5,[],2019-01-23 14:25:12,6e-08,0.00000003,0.000000000008362229481876261,6514264,2019-01-23 14:25:12,btc,12.34531982,2.35007412,0.00000003,btc,2.424e-05,0.0,1.30335278,179
1,[],22,[],2019-01-23 14:25:16,10093639.666666666,0.00000003,0.000000000008362229481876261,6514265,2019-01-23 14:25:16,BTC,5.82748921,0.0,0.00000003,BTC,17145862.451989967,0.02789209,0.43358715,179
0,[],23,[],2019-01-21 03:07:45,0.0,0,0,6478767,2019-01-21 03:07:45,,0.0,0.0,0,,0.0,0.0,0.0,179
1,[],17,[],2019-01-23 14:28:40,10504.725,0.0000001,0.000000000027928982184102262,6514351,2019-01-23 14:28:40,btc,5.206877489852951,0.0,0.0000001,btc,7426.6174587,0.0,0.0010504725,180
1,[],22,[],2019-01-23 14:28:44,2235.2580645161293,0.00000031,0.00000000008657984477071702,6514352,2019-01-23 14:28:44,BTC,0.22769588,0.0,0.00000031,BTC,26805.816254853482,0.0,0.00064127,180
1,[],26,[],2019-01-23 14:30:54,0.0,0.00000010,0.000000000027928982184102265,6514353,2019-01-23 14:30:54,btc,0.0,3709.0,0.00000010,btc,0.0,0.0,0.0,180
,[],7,[],2018-11-20 22:58:01,562227.975654,0.00000085,0.000000000036176765,4862015,2018-11-20 22:58:01,btc,21836.6059674,2491.87645172,,btc,749999.041456,0.00211021,0.127565380455,183
,[],5,[],2019-01-10 08:11:41,0.0,0,0,6347036,2019-01-10 08:11:41,btc,82.15055501,0.00261,,btc,1.19002445,0.0,0.0,187
1,[],24,[],2019-01-23 14:24:03,0.0,0.000000000001,2.787409827292087e-16,6514230,2019-01-23 14:24:03,btc,0.0,0.0,0.000000000001,btc,0.0,0.0,0.0,187
,[],17,[],2018-11-16 20:58:10,4062536.27273,0.00000001,0.000000000000550501,4708775,2018-11-16 20:58:10,btc,3.36492563466,0.195460381006,,"btc,eth",110697919.549,0.0,0.0157628953496,187
1,[],22,[],2019-01-23 14:28:08,78532.0,0.00000001,0.000000000002787409827292087,6514346,2019-01-23 14:28:08,BTC,1.19423634,0.0,0.00000001,BTC,16383.656201072174,1.309e-05,0.00078532,191
0,[],22,[],2019-01-23 14:25:48,0.0,0,0,6514279,2019-01-23 14:25:48,,0.0,0.0,0,,0.0,0.0,0.0,197
0,[],23,[],2019-01-21 03:02:13,0.0,0,0,6478668,2019-01-21 03:02:13,,0.0,0.0,0,,0.0,0.0,0.0,199
1,[],26,[],2019-01-23 14:32:11,0.0,0.00000000,0,6514387,2019-01-23 14:32:11,btc,0.0,768792.0,0.00000000,btc,0.0,0.0,0.0,199
0,[],17,[],2019-01-23 14:27:24,0.0,0,0,6514316,2019-01-23 14:27:24,btc,6.802544162063749,0.0,0,btc,105284.55575295,0.0,0.0,200
0,[],2,[],2019-01-21 03:00:56,0.0,0,0,6478648,2019-01-21 03:00:56,,0.0,0.0,0,,0.0,0.0,0.0,201
1,[],4,[],2019-01-23 14:27:55,214037.10552187,0.00000954,0.000000002659188975236651,6514336,2019-01-23 14:27:55,btc,2.124575979961171,0.0,0.00000954,btc,171743.46669017,0.34191726,1.5552067271805181,211
1,[],7,[],2019-01-23 14:25:57,17914294.156167008,0.0000011500000000000000008998878031629686802261858247220516204833984375,0.00000000032055213013859,6514284,2019-01-23 14:25:57,btc,16317791.186915988,943787.73902,0.0000011500000000000000008998878031629686802261858247220516204833984375,btc,12641229.96259049,0.0,7.935422606889706,212
1,[],5,[],2019-01-23 14:27:05,4.96e-06,0.00000032,0.00000000008919711447334678,6514304,2019-01-23 14:27:05,btc,0.86916777,0.15429936,0.00000032,btc,2.998e-05,0.0,0.09301546,213
1,[],12,[],2019-01-23 14:27:07,245173.54545454,0.0000010600000000000000155604695795119596368749625980854034423828125,0.0000000002954654416929612,6514305,2019-01-23 14:27:07,btc,85023.04745169404,0.0,0.0000010600000000000000155604695795119596368749625980854034423828125,btc,43631.72820726,0.000661905494522,0.0200296599999994,213
1,[],24,[],2019-01-23 14:27:07,0.0,0.000000050000,0.000000000013937049136460435,6514306,2019-01-23 14:27:07,btc,0.0,0.0,0.000000050000,btc,0.0,0.0,0.0,213
1,[],26,[],2019-01-23 14:27:07,0.0,0.00000003,0.000000000008362229481876261,6514307,2019-01-23 14:27:07,btc,0.0,0.0,0.00000003,btc,0.0,0.0,0.0,213
1,[],22,[],2019-01-23 14:31:40,336251.75,0.00000004,0.000000000011171592873640906,6514375,2019-01-23 14:31:40,BTC,70.22061894,0.0,0.00000004,BTC,153150.48402122577,0.0003432,0.00700807,216
1,[],27,[],2019-01-23 14:31:43,5077895.0,0.00000011,0.00000000003072188040251249,6514376,2019-01-23 14:31:43,btc,619.88519807916,0.0,0.00000011,"btc,ltc",268896.09411,0.0,0.052497,216
1,[],22,[],2019-01-23 14:28:19,271407.7963072439,0.00000222,0.0000000006188049816588433,6514348,2019-01-23 14:28:19,BTC,12547.84652052,0.0,0.00000222,BTC,368097.9247427998,0.10617034,0.36649676,217
1,[],7,[],2019-01-23 14:33:01,0.0,0,0,6514413,2019-01-23 14:33:01,btc,302.5729991391106,0.0,0,btc,133152724.1214003,0.0,0.0,219
0,[],27,[],2019-01-23 14:33:04,0.0,0,0,6514414,2019-01-23 14:33:04,,0.0707349848198,0.0,0,btc,1405342.29226592,0.0,0.0,219
0,[],28,[],2019-01-23 14:33:07,0.0,0,0,6514415,2019-01-23 14:33:07,,143035.5147296175,566430.0,0,btc,6854257.34751,0.0,0.0,219
1,[],22,[],2019-01-23 14:33:22,202512.0,0.0000007,0.00000000019550287528871585,6514421,2019-01-23 14:33:22,BTC,2.08260673,0.0,0.0000007,BTC,18722.55212317522,0.01222786,0.02028308,221
1,[],24,[],2019-01-23 14:33:22,0.0,0.000000800000,0.00000000022343185747281812,6514422,2019-01-23 14:33:22,btc,0.0,0.0,0.000000800000,btc,0.0,0.0,0.0,221
1,[],26,[],2019-01-23 14:27:25,0.0,0.00000002,0.000000000005574819654584174,6514317,2019-01-23 14:27:25,btc,0.0,10502.0,0.00000002,btc,0.0,0.0,0.0,231
1,[],26,[],2019-01-23 14:26:30,0.0,0.00000003,0.000000000008362229481876261,6514302,2019-01-23 14:26:30,btc,0.0,10500.0,0.00000003,btc,0.0,0.0,0.0,234
0,[],27,[],2019-01-23 14:27:04,0.0,0,0,6514303,2019-01-23 14:27:04,,0.001146299618,0.0,0,"btc,eth",11462.99618,0.0,0.0,234
0,[],22,[],2019-01-23 14:32:45,0.0,0,0,6514402,2019-01-23 14:32:45,,3.09306605,0.0,0,,90218749.52329598,0.0,0.0,235
1,[],4,[],2019-01-23 14:27:59,745289.7482486,0.00000110,0.00000000030661508100212954,6514339,2019-01-23 14:27:59,btc,0.4184639559839229,0.0,0.00000110,btc,294797.36958215,0.12228758,0.2552611876754945,236
1,[],24,[],2019-01-23 14:27:59,0.0,0.000000010000,0.000000000002787409827292087,6514340,2019-01-23 14:27:59,btc,0.0,0.0,0.000000010000,btc,0.0,0.0,0.0,236
1,[],20,[],2019-01-23 14:26:28,35728580.725,0.000000058,0.000000000016166976998294105,6514300,2019-01-23 14:26:28,btc,14.4765077820556,23162377.086,0.000000058,btc,28173205.0252,1.3407800389994,0.465846532196,237
0,[],22,[],2019-01-23 14:26:30,0.0,0,0,6514301,2019-01-23 14:26:30,,0.04083605,0.0,0,,4179.0,0.0,0.0,237
1,[],4,[],2019-01-23 14:24:06,5241837.57355383,0.00000031,0.0000000000864097046460547,6514232,2019-01-23 14:24:06,btc,0.5476135337008282,0.0,0.00000031,btc,1625934.64402593,0.15100908,1.4961905680411307,238
1,[],5,[],2019-01-23 14:24:08,3.96e-06,0.00000032,0.00000000008919711447334678,6514233,2019-01-23 14:24:08,btc,0.60660787,0.00660659,0.00000032,btc,2.906e-05,0.0,0.20671848,238
1,[],22,[],2019-01-23 14:24:22,281968.75,0.00000005,0.000000000013937049136460435,6514237,2019-01-23 14:24:22,BTC,15.40308959,0.0,0.00000005,BTC,224038.69643307183,0.00012245,0.00945438,249
0,[],22,[],2019-01-23 14:33:37,2572166.0,0,0,6514432,2019-01-23 14:33:37,,0.44590852,0.0,0,,12731944.29,0.0,0.05220538,252
1,[],28,[],2019-01-23 14:24:53,3215469.1,0.00000009,0.000000000025086688445628784,6514255,2019-01-23 14:24:53,btc,164692.81572639727,330197.654,0.00000009,btc,1038512.9365,0.0,0.05558683991,256
0,[],27,[],2019-01-23 14:31:25,0.0,0,0,6514368,2019-01-23 14:31:25,,4.96668,0.0,0,"btc,eth",90.59,0.0,0.0,257
1,[],22,[],2019-01-23 14:32:22,56629.5,0.00000009,0.00000000002513608396569204,6514392,2019-01-23 14:32:22,BTC,35605.68088025,0.0,0.00000009,BTC,709585.3310213444,0.0,0.00087345,258
1,[],22,[],2019-01-23 14:28:16,6620.804,0.00000750,0.000000002090557370469065,6514347,2019-01-23 14:28:16,BTC,4.68382194,0.0,0.00000750,BTC,5828.378238095238,0.00022857,0.03359089,262
1,[],5,[],2019-01-23 14:27:52,9.802e-05,0.00000320,0.0000000008919711447334678,6514334,2019-01-23 14:27:52,btc,7.01015888,0.13445686,0.00000320,btc,0.01071806,0.0,0.18872762,264
1,[],20,[],2019-01-23 14:27:54,1782243.0046,0.000001584,0.00000000044152571664306655,6514335,2019-01-23 14:27:54,btc,5.1531191325957,6466.0097,0.000001584,btc,86224.0867,0.0490723280411,0.0327658323767,264
1,[],22,[],2019-01-23 14:31:46,202106.0,0.0000002,0.00000000005585796436820453,6514377,2019-01-23 14:31:46,BTC,126.56510974,0.0,0.0000002,BTC,202161.05470818645,0.0021543,0.00791783,271
0,[],22,[],2019-01-23 14:32:27,0.0,0,0,6514394,2019-01-23 14:32:27,,105.69699934,0.0,0,,10568699925.0,0.0,0.0,272
0,[],28,[],2019-01-23 14:32:29,0.0,0,0,6514395,2019-01-23 14:32:29,,4420624.635787657,6022747109.574,0,,122495482919.127,0.0,0.0,272
