pairValue,buyBook,exchangeId,sellBook,updated,buyTotal,satoshiPrice,usdPrice,exchangeLogId,created,bestPair,sellTotalBtc,volume,pairPrice,activePairs,sellTotal,volumeBtc,buyTotalBtc,coinId
1,[],10,[],2019-07-13 08:58:05,251434.9725798,0.00271069,0.00000031407274150500003,7812232,2019-07-13 08:58:05,btc,6515.317158446701,1686.04548878,0.00271069,btc,2002.66956917,0.0,1.2639712180673435,1
1,[],3,[],2019-08-20 14:40:52,963.268278905561,0.00820000000000000069111383282915994641371071338653564453125,0.0000008712278600000001,7915918,2019-08-20 14:40:52,btc,9.39399121283006,10.930762987,0.00820000000000000069111383282915994641371071338653564453125,btc,41.991889434625,0.0,0.2860277370765822,1
1,[],4,[],2019-08-20 14:40:53,25047.95139325,0.00808001,0.0000008584792464729999,7915919,2019-08-20 14:40:53,btc,12.265299835187635,0.0,0.00808001,btc,517.313112,1.83210148,1.1269954567749192,1
1,[],12,[],2019-08-20 14:40:57,119.54684809,0.008109999999999999154010055235630716197192668914794921875,0.0000008616656029999999,7915920,2019-08-20 14:40:57,btc,0.2431227677792,0.0,0.008109999999999999154010055235630716197192668914794921875,btc,21.73320808,0.706430128948,0.20198136714669998,1
1,[],20,[],2019-08-20 14:40:59,931.6093,0.0073751,0.00000078358446223,7915921,2019-08-20 14:40:59,btc,0.2272108967195,2.1846,0.0073751,btc,19.1526,0.0174750585289,0.1234221249106,1
1,[],21,[],2019-08-20 14:41:01,2373.7412998600003,0.008096290000000000777746755887,0.000000860208952517,7915922,2019-08-20 14:41:01,btc,9.928248574633741,1851.8739725799999,0.00809629000000000077774675588671016157604753971099853515625,"btc,eth",1894.26108297,14.199444319199575,16.039753391604545,1
1,[],22,[],2019-08-20 14:41:05,0.5198816666666667,0.00600000,0.0000006374838,7915923,2019-08-20 14:41:05,BTC,0.01700334,0.0,0.00600000,BTC,0.283670650841137,0.0,0.00302178,1
1,[],24,[],2019-08-20 14:41:06,0.0,0.000000000000,0,7915924,2019-08-20 14:41:06,btc,0.0,0.0,0.000000000000,btc,0.0,0.0,0.0,1
0.0,[],25,[],2019-08-20 14:41:09,0.0,0,0,7915925,2019-08-20 14:41:09,btc,30.47709999902856,3627.70555102,0.0,btc,3634.21098899,30.0,0.0,1
1,[],26,[],2019-08-20 14:41:14,0.0,0,0,7915926,2019-08-20 14:41:14,,0.0,0.0,0,,0.0,0.0,0.0,1
1,[],28,[],2019-08-20 14:41:25,1040.4,0.008020000000,0.000000852103346,7915927,2019-08-20 14:41:25,btc,0.38023024096,2606.0,0.008020000000,btc,23.7255,0.0,0.274306096,1
1,[],5,[],2019-07-06 00:27:44,0.0,0,0,7800775,2019-07-06 00:27:44,btc,0.0,0.00190933,0,btc,0.0,0.0,0.0,1
0,[],2,[],2019-01-20 23:28:45,0.0,0,0,6477011,2019-01-20 23:28:45,,0.0,0.0,0,,0.0,0.0,0.0,1
0,[],22,[],2019-08-20 14:41:28,0.0,0,0,7915928,2019-08-20 14:41:28,,0.0,0.0,0,,0.0,0.0,0.0,2
1,[],5,[],2019-07-06 00:28:14,0.0,0,0,7800785,2019-07-06 00:28:14,btc,0.0,0.00208797,0,btc,0.0,0.0,0.0,2
1,[],12,[],2019-08-20 14:41:30,6171164.45843056,0.00000006,0.000000000006374837999999999,7915929,2019-08-20 14:41:30,btc,43031.91867634919,0.0,0.00000006,btc,9422666.21608933,0.012653243016,0.25757390385425366,3
0,[],28,[],2019-08-20 14:41:31,0.0,0,0,7915930,2019-08-20 14:41:31,,0.0,0.0,0,,0.0,0.0,0.0,3
1,[],5,[],2019-06-03 14:48:58,0.0,0,0,7731126,2019-06-03 14:48:58,btc,0.0,0.05905545,0,btc,0.0,0.0,0.0,3
0,[],2,[],2019-01-20 23:31:32,0.0,0,0,6477077,2019-01-20 23:31:32,,0.0,0.0,0,,0.0,0.0,0.0,4
1,[],4,[],2019-08-19 07:13:39,5576051.9095195,0.00000012,0.000000000012681852,7911861,2019-08-19 07:13:39,btc,25.86361324985451,0.0,0.00000012,btc,1094878.27526979,0.00024951,0.0793524101309535,4
0,[],2,[],2019-01-20 23:31:51,0.0,0,0,6477087,2019-01-20 23:31:51,,0.0,0.0,0,,0.0,0.0,0.0,6
1,[],11,[],2019-08-15 15:27:29,324074.0,0.00000001,0.0000000000010065590000000001,7900084,2019-08-15 15:27:29,btc,9583.47119397936,4910218.0,0.00000001,btc,78345418.50750598,0.0,0.00324074,6
1,[],3,[],2019-08-20 14:41:33,11402.327540083403,0.00006915999999999999513396187200697795560699887573719024658203125,0.0000000073480632679999995,7915931,2019-08-20 14:41:33,btc,1026.3028375165688,0.0,0.00006915999999999999513396187200697795560699887573719024658203125,btc,439.414759279976,0.0,0.0190567499005393,7
1,[],4,[],2019-08-20 14:41:34,48469.15779289,0.00008200,0.0000000087122786,7915932,2019-08-20 14:41:34,btc,12.576715076270663,0.0,0.00008200,btc,76359.53632542,1.25169044,2.15764114745309,7
1,[],5,[],2019-07-06 00:28:21,0.0,0,0,7800789,2019-07-06 00:28:21,btc,0.0,0.38662001,0,btc,0.0,0.0,0.0,7
0.0,[],25,[],2019-08-20 14:45:34,0.0,0,0,7916032,2019-08-20 14:45:34,,0.0,0.0,0.0,btc,0.0,0.0,0.0,12
1,[],5,[],2019-07-05 17:50:59,0.0,0,0,7799863,2019-07-05 17:50:59,btc,0.0,0.04857279,0,btc,0.0,0.0,0.0,12
0,[],2,[],2019-01-20 23:23:08,0.0,0,0,6476890,2019-01-20 23:23:08,,0.0,0.0,0,,0.0,0.0,0.0,12
1,[],4,[],2019-08-20 14:45:31,23341291.33761697,0.00000021,0.000000000022281126,7916031,2019-08-20 14:45:31,btc,6.048341786261396,0.0,0.00000021,btc,11300759.13371578,0.1190483,1.6006746407665473,12
1,[],4,[],2019-08-20 14:41:38,823160.4946246,0.00000129,0.00000000013705901699999998,7915935,2019-08-20 14:41:38,btc,3.454085987775654,0.0,0.00000129,btc,918292.87418203,0.04263587,0.3391140742417762,13
1,[],21,[],2019-08-20 14:41:42,4200263.91276699,0.000001309999999999999951307938333,0.000000000139183963,7915936,2019-08-20 14:41:42,btc,4.031008687142677,677501.49946763,0.000001309999999999999951307938332589753116508290986530482769012451171875,btc,2073237.44504739,0.89366808,1.7718217430009446,13
1,[],10,[],2019-08-20 11:34:05,774478.22313451,0.00000128,0.000000000136122496,7915488,2019-08-20 11:34:05,btc,666797.3193461874,13979.7331304,0.00000128,btc,1007513.51841526,0.0,0.0794066677324181,13
1,[],4,[],2019-08-20 14:41:43,1488952.82017629,0.00000074,0.000000000078623002,7915937,2019-08-20 14:41:43,btc,2.6158987074083324,0.0,0.00000074,btc,846262.84134628,0.01675287,0.2519397064076959,14
1,[],12,[],2019-08-20 14:41:44,216232.1458589,0.00000076,0.000000000080747948,7915938,2019-08-20 14:41:44,btc,181.98329150533027,0.0,0.00000076,btc,31520.5760854,0.000205631287,0.0197116178434237,14
0,[],17,[],2019-08-20 14:41:46,0.0,0,0,7915939,2019-08-20 14:41:46,btc,0.0,0.0,0,btc,0.0,0.0,0.0,14
1,[],26,[],2019-08-20 14:41:46,0.0,0,0,7915940,2019-08-20 14:41:46,,0.0,0.0,0,,0.0,0.0,0.0,14
0,[],4,[],2019-08-20 14:41:46,0.0,0,0,7915941,2019-08-20 14:41:46,,0.0,0.0,0,,0.0,0.0,0.0,15
,[],12,[],2018-12-01 15:15:48,204241.84496,0.00000489,0.000000000202473384,5260204,2018-12-01 15:15:48,btc,49.5475654835,0.0,,btc,35763.2193806,0.0163153972027625,0.0203389899998,15
0,[],2,[],2019-01-20 23:23:38,0.0,0,0,6476906,2019-01-20 23:23:38,,0.0,0.0,0,,0.0,0.0,0.0,18
1,[],4,[],2019-08-20 14:41:48,35467.11302926,0.00000719,0.000000000763918087,7915942,2019-08-20 14:41:48,btc,2.419079165768049,0.0,0.00000719,btc,21581.92548309,0.02061144,0.0516757406235892,18
1,[],10,[],2019-08-20 14:41:50,393301.85507929,0.00000705,0.0000000007490434650000001,7915943,2019-08-20 14:41:50,btc,15.270098449276757,9958.3327219,0.00000705,btc,26995.73825582,0.0,0.2702794507077799,18
1,[],12,[],2019-08-20 14:41:51,4577.83128674,0.000007220000000000000329731901504981550488082575611770153045654296875,0.000000000767105506,7915944,2019-08-20 14:41:51,btc,0.5657655464302928,0.0,0.000007220000000000000329731901504981550488082575611770153045654296875,btc,1901.90897517,0.000196679183,0.0105059796696237,18
0,[],17,[],2019-08-20 14:41:52,0.0,0,0,7915945,2019-08-20 14:41:52,btc,0.0,0.0,0,btc,0.0,0.0,0.0,18
0,[],27,[],2019-08-12 16:48:42,0.0,0,0,7891818,2019-08-12 16:48:42,,0.0,0.0,0,btc,0.0,0.0,0.0,19
0,[],2,[],2019-01-20 23:24:19,0.0,0,0,6476924,2019-01-20 23:24:19,,0.0,0.0,0,,0.0,0.0,0.0,19
1,[],3,[],2019-08-20 14:41:53,214379.4025791479,0.0000050900000000000003943546877938075567726627923548221588134765625,0.0000000005407987570000001,7915946,2019-08-20 14:41:53,btc,190.58403783057625,566.010470476,0.0000050900000000000003943546877938075567726627923548221588134765625,btc,51822.08801080186,0.0,0.3571518177997241,19
1,[],4,[],2019-08-20 14:41:54,567718.80917156,0.00000547,0.000000000581172731,7915947,2019-08-20 14:41:54,btc,3.0592360168606882,0.0,0.00000547,btc,267167.42629813,0.05392952,1.5524787768456534,19
1,[],12,[],2019-08-20 14:41:55,139254.02620138,0.0000055999999999999997465894262249630486394380568526685237884521484375,0.00000000059498488,7915948,2019-08-20 14:41:55,btc,1.0356704869788587,0.0,0.0000055999999999999997465894262249630486394380568526685237884521484375,btc,3141.77160987,0.001760629749,0.0258456059999003,19
1,[],5,[],2019-07-06 02:01:19,0.0,0,0,7800799,2019-07-06 02:01:19,btc,0.0,0.0,0,btc,0.0,0.0,0.0,19
1,[],4,[],2019-08-19 09:56:57,10479102.32813501,0.00000006,0.00000000000640596,7912317,2019-08-19 09:56:57,btc,4.984292824562718,0.0,0.00000006,btc,2305413.8842246,0.0,0.1263090499480169,20
0,[],4,[],2019-08-20 14:41:56,0.0,0,0,7915949,2019-08-20 14:41:56,,58278.640566196395,0.0,0,,171920077.01614377,0.00327646,0.0,21
0,[],12,[],2019-08-20 14:41:57,0.0,0,0,7915950,2019-08-20 14:41:57,btc,2617.974811980909,0.0,0,btc,8222474.88911087,8.991e-08,0.0,21
0,[],17,[],2019-08-20 14:41:58,0.0,0,0,7915951,2019-08-20 14:41:58,btc,0.0,0.0,0,btc,0.0,0.0,0.0,21
0.0000000002204393,[],27,[],2019-07-29 17:24:02,79794022.5,8.5971327e-17,8.21370058158e-21,7852364,2019-07-29 17:24:02,eth,1253.5830452782222,787155.0,0.00000039,eth,2317982.66147653,6.7672759904685e-11,2.1948587434632156e-09,23
1,[],12,[],2019-08-20 14:41:59,6046795728.39725,0.000000002,0.00000000000021249460000000002,7915952,2019-08-20 14:41:59,btc,167285793110.47522,0.0,0.000000002,btc,1761248719.507515,1.064107628325,5.227155547088232,23
1,[],4,[],2019-08-20 14:42:00,6344080.26674673,0.00000041,0.000000000043561393,7915953,2019-08-20 14:42:00,btc,5.157944106149241,0.0,0.00000041,btc,1747524.56091112,0.05360474,0.2714672623878352,24
0,[],22,[],2019-08-20 14:42:03,0.0,0,0,7915954,2019-08-20 14:42:03,,0.0,0.0,0,,0.0,0.0,0.0,24
0.0,[],25,[],2019-08-20 14:42:08,0.0,0,0,7915955,2019-08-20 14:42:08,,0.0,0.0,0.0,btc,0.0,0.0,0.0,24
0,[],2,[],2019-01-20 23:25:56,0.0,0,0,6476976,2019-01-20 23:25:56,,0.0,0.0,0,,0.0,0.0,0.0,26
1,[],4,[],2019-08-20 14:42:09,26953518.7285247,0.00000342,0.000000000363365766,7915956,2019-08-20 14:42:09,btc,3.679993439393652,0.0,0.00000342,btc,204437.47272515,0.11066542,0.4268422580168944,26
1,[],10,[],2019-08-20 14:42:11,221867.30770839,0.00000377,0.00000000040055232099999997,7915957,2019-08-20 14:42:11,btc,25.709786908362183,6868.17065973,0.00000377,btc,18672.5174904,0.0,0.0361719240849354,26
0.0000000000699165,[],4,[],2019-08-20 14:42:11,817403513.961983,4.8941550000000004e-17,5.199907545315e-21,7915958,2019-08-20 14:42:11,ltc,11.943123365834367,0.0,0.0000007,ltc,992414136.8174585,0.00073035,6.942242754576452e-09,29
1,[],7,[],2019-08-20 14:42:12,0.0,0,0,7915959,2019-08-20 14:42:12,btc,1236881.734218782,0.0,0,btc,60485285.76535035,0.0,0.0,29
1,[],4,[],2019-08-20 14:42:13,15036556.83756628,0.00000007,0.000000000007437311,7915960,2019-08-20 14:42:13,btc,2.6080203473237753,0.0,0.00000007,btc,2006655.85044338,0.0,0.1720253123988888,30
0,[],17,[],2019-08-20 14:42:15,0.0,0,0,7915961,2019-08-20 14:42:15,btc,0.0,0.0,0,btc,0.0,0.0,0.0,30
1,[],4,[],2019-08-20 14:42:15,211726.29551692,0.00002731,0.000000002901613763,7915962,2019-08-20 14:42:15,btc,2.2728752537649317,0.0,0.00002731,btc,50163.31405832,0.22658746,0.459038829865782,31
1,[],21,[],2019-08-20 14:42:16,6270763.57824705,0.00002816000000000000143621226023,0.000000002991923968,7915963,2019-08-20 14:42:16,btc,5.1522406331472075,17265.5458956,0.0000281600000000000014362122602307181296055205166339874267578125,btc,145987.5020612,0.49928043,4.854193971200012,31
0,[],2,[],2019-01-20 23:28:43,0.0,0,0,6477009,2019-01-20 23:28:43,,0.0,0.0,0,,0.0,0.0,0.0,32
1,[],12,[],2019-03-30 07:55:10,40641173.964,0.00000003,0.000000000001228359,7108785,2019-03-30 07:55:10,btc,4233210.82356125,0.0,0.00000003,btc,28378394.68333462,0.0126927883965248,0.90752895892,33
0,[],4,[],2019-08-20 14:42:17,0.0,0,0,7915964,2019-08-20 14:42:17,,0.0,0.0,0,,0.0,0.0,0.0,33
0.0000000000699165,[],4,[],2019-08-20 14:42:18,35124707.00524005,2.9364930000000004e-17,3.119944527189e-21,7915965,2019-08-20 14:42:18,ltc,6.027884170858341,0.0,0.00000042,ltc,162487606.2970415,0.000998,3.5209877217601415e-10,34
1,[],5,[],2019-07-06 02:03:46,0.0,0,0,7800811,2019-07-06 02:03:46,btc,0.0,0.0,0,btc,0.0,0.0,0.0,34
1,[],27,[],2019-08-12 16:26:17,6255.0,0.00000019,0.000000000021630303,7891745,2019-08-12 16:26:17,btc,22.61101824371233,0.0,0.00000019,btc,4198.924835,0.0,0.00091445,37
1,[],4,[],2019-08-20 14:42:19,10586071.59455796,0.00000015,0.000000000015937095,7915966,2019-08-20 14:42:19,btc,19774.670494590147,0.0,0.00000015,btc,2306153.16691842,0.00157854,0.1429444320962841,37
1,[],12,[],2019-08-20 14:42:21,8362366.81171766,0.00000016,0.000000000016999568,7915967,2019-08-20 14:42:21,btc,1729.3111621410521,0.0,0.00000016,btc,2022006.75666716,0.01464813961,0.2840452067226844,37
1,[],17,[],2019-08-20 14:42:22,210000.45146899,0.00000025,0.000000000026561824999999997,7915968,2019-08-20 14:42:22,btc,0.003138923777095,0.0,0.00000025,"btc,eth",803.94918473,0.0,0.0001001128676164438,37
0,[],27,[],2019-08-12 16:26:27,0.0,0,0,7891747,2019-08-12 16:26:27,,0.001005,0.0,0,"btc,eth",3.0,0.0,0.0,42
1,[],12,[],2019-08-20 14:42:25,207765.11197822,0.000001030000000000000091033409109486651544784763245843350887298583984375,0.00000000010943471900000001,7915969,2019-08-20 14:42:25,btc,522.2367703685945,0.0,0.000001030000000000000091033409109486651544784763245843350887298583984375,btc,151277.70163633,0.026041178862,0.0497456474758909,42
1,[],5,[],2019-07-06 02:03:47,0.0,0,0,7800812,2019-07-06 02:03:47,btc,0.0,0.14382058,0,btc,0.0,0.0,0.0,42
1,[],12,[],2019-03-13 09:13:29,1112112.0,0.00000001,0.000000000000386531,6919902,2019-03-13 09:13:29,btc,29058.00478931866,0.0,0.00000001,btc,5967681.93306694,9.99000999e-07,0.01112112,43
1,[],5,[],2019-04-26 22:38:52,0.0,0,0,7474154,2019-04-26 22:38:52,btc,0.0,0.02638891,0,btc,0.0,0.0,0.0,43
0,[],17,[],2019-04-26 22:38:53,0.0,0,0,7474155,2019-04-26 22:38:53,btc,0.0,0.0,0,btc,0.0,0.0,0.0,43
0.0000000000699165,[],4,[],2019-08-20 14:42:26,107129808.55851366,5.3835705000000006e-17,5.7198982998465e-21,7915970,2019-08-20 14:42:26,ltc,1922.8476150870067,0.0,0.00000077,ltc,24950275.60776204,0.0,3.7526237193054273e-10,49
0.0000000000699165,[],4,[],2019-08-20 14:42:26,313227141.9851324,1.5381630000000002e-17,1.634256657099e-21,7915971,2019-08-20 14:42:26,ltc,31170.461156206864,0.0,0.00000022,ltc,231353375.00688708,0.0006986,5.40264808218332e-10,52
0,[],27,[],2019-08-12 16:26:37,0.0,0,0,7891750,2019-08-12 16:26:37,,0.0,0.0,0,"btc,eth",0.0,0.0,0.0,57
0,[],22,[],2019-08-20 14:42:29,0.0,0,0,7915972,2019-08-20 14:42:29,,10290.02779686,0.0,0,,282696231.3316013,0.0,0.0,57
0.0000000000699165,[],4,[],2019-08-20 14:42:30,1044930420.7632389,6.99165e-19,7.42843935045e-23,7915973,2019-08-20 14:42:30,ltc,19.78685445470358,0.0,0.00000001,ltc,5496649853.274327,0.0006986,7.305787776329299e-10,58
1,[],12,[],2019-08-20 14:42:31,1353229004.2145119,0.0000000001,0.00000000000001062473,7915974,2019-08-20 14:42:31,btc,52870449.5768489,0.0,0.0000000001,btc,4354188166.885151,0.00044734705,0.1353229004214512,58
1,[],17,[],2019-08-20 14:42:33,1200000.0,0.0000000001,0.00000000000001062473,7915975,2019-08-20 14:42:33,btc,1e+24,0.0,0.0000000001,"btc,eth",39506342.31952568,0.0,0.0001000000003689438,58
0.00000000008101830000000001,[],22,[],2019-08-20 14:42:36,126877.0,8.101830000000001e-19,8.607975625590001e-23,7915976,2019-08-20 14:42:36,XMR,68.17454206,0.0,0.00000001,XMR,9626402.6,0.0,0.00126877,58
0,[],27,[],2019-07-29 19:34:56,0.0,0,0,7852673,2019-07-29 19:34:56,,1.97314195,0.0,0,"btc,eth",10936.9,0.0,0.0,61
0,[],22,[],2019-08-20 14:42:39,0.0,0,0,7915977,2019-08-20 14:42:39,,1000.95212109,0.0,0,,9656.689066014545,0.0,0.0,61
1,[],26,[],2019-08-20 14:42:39,0.0,0,0,7915978,2019-08-20 14:42:39,,0.0,0.0,0,,0.0,0.0,0.0,61
1,[],28,[],2019-08-20 14:42:50,40000.0,0.00000004,0.000000000004249892,7915979,2019-08-20 14:42:50,btc,0.242343945415105,374.0,0.00000004,btc,8016.46650005,0.0,0.001,61
1,[],5,[],2019-06-17 14:31:27,0.0,0,0,7740135,2019-06-17 14:31:27,btc,0.0,0.00079154,0,btc,0.0,0.0,0.0,61
1,[],4,[],2019-08-20 14:42:51,1850591.25942309,0.00000083,0.000000000088185259,7915980,2019-08-20 14:42:51,btc,2.787615341739593,0.0,0.00000083,btc,1172787.95889374,0.04473962,0.8699412860549965,67
0.0,[],25,[],2019-08-20 14:42:53,0.0,0,0,7915981,2019-08-20 14:42:53,,0.0,0.0,0.0,btc,0.0,0.0,0.0,67
1,[],12,[],2019-06-02 06:23:14,910048.355,0.00000006,0.000000000005154929999999999,7725270,2019-06-02 06:23:14,btc,5.167005424215783,0.0,0.00000006,btc,738530.60239759,0.003159757462,0.0187188113,71
,[],5,[],2018-11-20 23:02:39,1.5e-07,0.00000005,0.000000000002128045,4862160,2018-11-20 23:02:39,btc,2.84511358,0.0,,btc,0.00036572,0.0,0.07381892,74
1,[],5,[],2019-07-06 00:15:01,0.0,0,0,7800749,2019-07-06 00:15:01,btc,0.0,0.01883861,0,btc,0.0,0.0,0.0,75
1,[],4,[],2019-08-20 14:42:54,173923.11283064,0.00006792,0.000000007216316616,7915982,2019-08-20 14:42:54,btc,55.89732622445553,0.0,0.00006792,btc,114284.45560824,0.10983338,0.516360015846398,82
1,[],21,[],2019-08-20 14:42:57,838248.0166567,0.00006959000000000000287544293931,0.0000000073937496070000005,7915983,2019-08-20 14:42:57,btc,5.154096808426732,3837.75951365,0.000069590000000000002875442939309635903555317781865596771240234375,btc,57381.43925677,0.2538651,1.976162223603573,82
0,[],4,[],2019-07-23 20:51:52,0.0,0,0,7830376,2019-07-23 20:51:52,,1.6413985531662756,0.0,0,,620289065.5915176,0.0,0.0,85
,[],22,[],2018-11-20 23:09:34,3408.1,0.0000001,0.0000000000041895,4862324,2018-11-20 23:09:34,BTC,0.04624735,0.0,,BTC,4990.0,0.0,0.00033081,86
1,[],27,[],2019-08-06 12:06:36,100155.0,0.00000003,0.000000000003516594,7875448,2019-08-06 12:06:36,btc,7.177196150774,345.0,0.00000003,btc,287406.89336,1.035e-05,0.00300465,87
1,[],22,[],2019-08-20 14:43:00,185880.0,0.00000002,0.000000000002124946,7915984,2019-08-20 14:43:00,BTC,1.8206834,0.0,0.00000002,BTC,772828.347368421,0.0,0.00186702,87
,[],2,[],2018-11-20 23:10:47,0.0,0,0,4862359,2018-11-20 23:10:47,,0.0,0.0,,,0.0,0.0,0.0,88
0,[],2,[],2019-01-20 23:31:45,0.0,0,0,6477083,2019-01-20 23:31:45,,0.0,0.0,0,,0.0,0.0,0.0,91
1,[],12,[],2019-08-18 10:55:44,419851.68331154,0.00000027,0.000000000028020951,7908996,2019-08-18 10:55:44,btc,588.7976244039248,0.0,0.00000027,btc,318463.10627071,0.00026051744,0.019332684199998798,91
1,[],22,[],2019-08-18 10:57:48,54200.0,0.00000003,0.000000000003113439,7908997,2019-08-18 10:57:48,BTC,1.05335,0.0,0.00000003,"BTC,LTC",1839.95,0.0,0.002326,91
0,[],17,[],2019-05-03 01:12:26,0.0,0,0,7559096,2019-05-03 01:12:26,btc,0.0,0.0,0,btc,0.0,0.0,0.0,91
0.0000000000699165,[],4,[],2019-08-20 14:43:01,568133893.2826959,9.78831e-18,1.039981509063e-21,7915985,2019-08-20 14:43:01,ltc,11.472990413508441,0.0,0.00000014,ltc,204958516.09579614,0.000499,6.71396848245146e-10,96
0,[],12,[],2019-08-20 14:43:01,0.0,0,0,7915986,2019-08-20 14:43:01,btc,108.8725195656943,0.0,0,btc,11657485.56943056,0.0,0.0,96
0,[],17,[],2019-08-20 14:43:02,0.0,0,0,7915987,2019-08-20 14:43:02,btc,0.0,0.0,0,btc,0.0,0.0,0.0,96
0,[],2,[],2019-01-20 23:23:55,0.0,0,0,6476914,2019-01-20 23:23:55,,0.0,0.0,0,,0.0,0.0,0.0,100
1,[],4,[],2019-08-20 14:43:03,123886.55904405,0.00001349,0.000000001433276077,7915988,2019-08-20 14:43:03,btc,7.741020138809796,0.0,0.00001349,btc,189784.06263014,0.18517311,0.4018818144552337,100
1,[],22,[],2019-08-20 14:43:06,146000.0,0.00000002,0.000000000002124946,7915989,2019-08-20 14:43:06,BTC,26.50623849,0.0,0.00000002,BTC,10383.92,0.0,0.00162,101
1,[],27,[],2019-08-12 16:30:59,2050161.9,0.00000005,0.0000000000056921850000000005,7891762,2019-08-12 16:30:59,btc,261.32824567561846,0.0,0.00000005,btc,285690.80442935,0.0,0.060251537,105
1,[],12,[],2019-08-20 14:43:09,38724337.0,0.000000003,0.0000000000003187419,7915990,2019-08-20 14:43:09,btc,342439.4348785498,0.0,0.000000003,btc,114201191.17604215,0.000511469258,0.059327091000000005,105
1,[],27,[],2019-08-12 16:31:06,1.0,0.00000001,0.000000000001138437,7891764,2019-08-12 16:31:06,btc,0.0,0.0,0.00000001,"btc,eth",0.0,0.0,1e-08,112
1,[],5,[],2019-07-06 00:19:31,0.0,0,0,7800761,2019-07-06 00:19:31,btc,0.0,0.0,0,btc,0.0,0.0,0.0,112
0,[],22,[],2019-08-20 14:43:11,0.0,0,0,7915991,2019-08-20 14:43:11,,6.79500102,0.0,0,,3375892.0833333335,0.0,0.0,112
1,[],5,[],2019-07-06 00:19:43,0.0,0,0,7800765,2019-07-06 00:19:43,btc,0.0,0.0,0,btc,0.0,0.0,0.0,113
1,[],4,[],2019-08-20 14:43:12,581568.0163877,0.00000101,0.000000000107309773,7915992,2019-08-20 14:43:12,btc,6.274748720041785,0.0,0.00000101,btc,945119.69587695,0.1610493,0.2552127098721394,113
1,[],17,[],2019-08-20 14:43:14,210000.0,0.00000001,0.000000000001062473,7915993,2019-08-20 14:43:14,btc,1.3333541043645873,0.0,0.00000001,btc,53396.73574154,0.0,0.0021,116
1,[],27,[],2019-08-02 18:48:59,95525.16595526,0.00000001,0.000000000001045936,7866367,2019-08-02 18:48:59,btc,3918.96487209,0.0,0.00000001,btc,88497.69,0.0,0.0009552516595526,116
1,[],4,[],2019-08-20 14:43:15,19456886.25321232,0.00000085,0.00000000009031020499999999,7915994,2019-08-20 14:43:15,btc,124.52407290154616,0.0,0.00000085,btc,1322281.52493205,0.015432,1.8572444533886785,120
1,[],7,[],2019-08-20 14:43:16,3472.76086239,0.00000723000000000000023398817605713162492975243367254734039306640625,0.000000000768167979,7915995,2019-08-20 14:43:16,btc,115616.30050557881,236.84845959,0.00000723000000000000023398817605713162492975243367254734039306640625,btc,3150.27387341,0.00199363,0.008584395187881,120
0,[],2,[],2019-01-20 23:25:46,0.0,0,0,6476969,2019-01-20 23:25:46,,0.0,0.0,0,,0.0,0.0,0.0,131
1,[],4,[],2019-08-20 14:43:18,937349.55616088,0.00000271,0.000000000287930183,7915996,2019-08-20 14:43:18,btc,2.6376247027308413,0.0,0.00000271,btc,325515.46042333,0.09519351,0.1845750967489104,131
1,[],17,[],2019-08-20 14:43:19,10000.0,0.00000001,0.000000000001062473,7915997,2019-08-20 14:43:19,btc,0.0953976503951408,0.0,0.00000001,btc,5037.62507334,0.0,0.0001,131
1,[],4,[],2019-08-20 14:43:19,8549.6097675,0.00005121,0.0000000054409242329999995,7915998,2019-08-20 14:43:19,btc,0.2921428325204394,0.0,0.00005121,btc,235.83446249,0.0,0.0027602632940558,135
1,[],3,[],2019-07-13 16:51:20,187.26592867,0.00000001,0.000000000001140965,7813490,2019-07-13 16:51:20,btc,419.77407087449336,1935513.62324,0.00000001,btc,3179086.72005867,0.0,1.8726592866999999e-06,136
1,[],4,[],2019-08-20 14:43:20,789791.38056424,0.00000401,0.00000000042605167299999997,7915999,2019-08-20 14:43:20,btc,23.769104806681305,0.0,0.00000401,btc,523701.79519436,0.25773765,1.8324970800742884,137
1,[],12,[],2019-08-20 14:43:21,134362.73558665,0.000003549999999999999892295356185289989525699638761579990386962890625,0.000000000377177915,7916000,2019-08-20 14:43:21,btc,39.95476157319509,0.0,0.000003549999999999999892295356185289989525699638761579990386962890625,btc,57231.36963248,0.003832550431,0.0201423460561509,137
1,[],4,[],2019-08-20 14:43:22,1329061.8814167,0.00003508,0.000000003727155284,7916001,2019-08-20 14:43:22,btc,5.709061109562753,0.0,0.00003508,btc,101291.19570686,0.74030941,1.6055353745234304,142
1,[],17,[],2019-08-20 14:43:23,32967.38636364,0.00000088,0.000000000093497624,7916002,2019-08-20 14:43:23,btc,20.069762065608465,0.0,0.00000088,btc,2746.079105,0.0,0.0105613000000032,142
1,[],20,[],2019-08-20 14:43:25,110201.4565,0.00003401,0.000000003613470673,7916003,2019-08-20 14:43:25,btc,1.283008085901,0.0,0.00003401,btc,3216.0956,0.0,0.0170367434967,142
1,[],22,[],2019-08-20 14:43:28,10619.88,0.00000200,0.0000000002124946,7916004,2019-08-20 14:43:28,BTC,1.55898515,0.0,0.00000200,BTC,835.8398331062671,0.0,0.00416696,142
0.0,[],25,[],2019-08-20 14:43:30,0.0,0,0,7916005,2019-08-20 14:43:30,,0.0,0.0,0.0,btc,0.0,0.0,0.0,142
1,[],28,[],2019-08-20 14:43:48,10093636.0,0.000035010000,0.000000003719717973,7916006,2019-08-20 14:43:48,btc,0.51474502,1859.0,0.000035010000,btc,2808.485,0.0,1.39650526,142
1,[],5,[],2019-07-06 02:06:10,0.0,0,0,7800822,2019-07-06 02:06:10,btc,0.0,0.00140707,0,btc,0.0,0.0,0.0,142
0,[],22,[],2019-08-20 14:43:50,0.0,0,0,7916007,2019-08-20 14:43:50,,68.14027224,0.0,0,,718000153.5744588,0.0,0.0,143
0,[],22,[],2019-02-25 15:42:22,0.0,0,0,6783783,2019-02-25 15:42:22,,4.2131946,0.0,0,,2322156.0,0.0,0.0,146
,[],22,[],2018-11-20 23:01:11,0.0,0,0,4862114,2018-11-20 23:01:11,,2.56807021,0.0,,,61828.4988236,0.0,0.0,147
1,[],12,[],2019-04-21 06:38:04,193091.5971266,0.00000071,0.000000000037635183,7388679,2019-04-21 06:38:04,btc,2.301232411611175,0.0,0.00000071,btc,9957.48302385,0.00023528,0.0313308199999888,148
1,[],5,[],2019-04-26 09:36:59,0.0,0,0,7465040,2019-04-26 09:36:59,btc,0.0,0.0,0,btc,0.0,0.0,0.0,153
0,[],23,[],2019-01-20 23:24:29,0.0,0,0,6476932,2019-01-20 23:24:29,,0.0,0.0,0,,0.0,0.0,0.0,156
0,[],22,[],2019-08-20 14:43:54,0.0,0,0,7916008,2019-08-20 14:43:54,,6.78813965,0.0,0,,4560228.592592592,0.0,0.0,156
1,[],22,[],2019-08-20 14:43:58,6996.0,0.00000001,0.000000000001062473,7916009,2019-08-20 14:43:58,BTC,1.7547719,0.0,0.00000001,BTC,64.8,0.0,6.996e-05,157
0,[],22,[],2019-08-17 00:05:41,0.0,0,0,7905012,2019-08-17 00:05:41,,50234.60468402,0.0,0,,54786159.03179465,0.0,0.0,158
,[],17,[],2018-11-20 22:56:10,0.0,0,0,4861976,2018-11-20 22:56:10,btc,1.1265625,0.0,,btc,1000.0,0.0,0.0,159
,[],20,[],2018-11-20 22:56:12,0.0,0,0,4861977,2018-11-20 22:56:12,btc,11912.7940471,0.0,,btc,34413894.3617,0.0,0.0,159
1,[],22,[],2019-08-20 14:44:02,92548.0,0.00000001,0.000000000001062473,7916010,2019-08-20 14:44:02,BTC,12.83793936,0.0,0.00000001,"BTC,LTC",194574.84947371835,0.0,0.03674548,171
0.0000000000699165,[],22,[],2019-08-20 14:44:05,144000.0,3.4958250000000004e-18,3.714219675225e-22,7916011,2019-08-20 14:44:05,LTC,1.74642448,0.0,0.00000005,LTC,1308538.8536050986,0.0,0.00344,173
1,[],5,[],2019-07-06 02:08:45,0.0,0,0,7800830,2019-07-06 02:08:45,btc,0.0,0.00700197,0,btc,0.0,0.0,0.0,175
0,[],22,[],2019-08-19 04:17:22,0.0,0,0,7911532,2019-08-19 04:17:22,,393.97295672,0.0,0,,135375.61833431243,0.0,0.0,176
1,[],7,[],2019-07-01 10:15:32,0.0,0,0,7783526,2019-07-01 10:15:32,btc,521516.2326888725,0.0,0,btc,26809253.73522063,0.0,0.0,178
0,[],2,[],2019-01-20 23:28:34,0.0,0,0,6477001,2019-01-20 23:28:34,,0.0,0.0,0,,0.0,0.0,0.0,178
0,[],22,[],2019-08-20 14:44:08,0.0,0,0,7916012,2019-08-20 14:44:08,,1.00255534,0.0,0,,112828.0,0.0,0.0,178
1,[],5,[],2019-07-06 02:08:50,0.0,0,0,7800832,2019-07-06 02:08:50,btc,0.0,6.904e-05,0,btc,0.0,0.0,0.0,179
0,[],23,[],2019-01-20 23:25:08,0.0,0,0,6476952,2019-01-20 23:25:08,,0.0,0.0,0,,0.0,0.0,0.0,179
0,[],22,[],2019-08-20 14:44:11,0.0,0,0,7916013,2019-08-20 14:44:11,,10.32986853,0.0,0,,14828045.231946677,0.0,0.0,179
1,[],17,[],2019-08-20 14:44:12,20504.725000000002,0.0000001,0.00000000001062473,7916014,2019-08-20 14:44:12,btc,5.2016128639674815,0.0,0.0000001,btc,5019.40125,0.0,0.0011504725,180
1,[],22,[],2019-08-20 14:44:15,761970.8577922077,0.00000049,0.000000000052061177,7916015,2019-08-20 14:44:15,BTC,2.96192425,0.0,0.00000049,"BTC,LTC",237663.03096771595,7.781e-05,0.60868611,180
1,[],26,[],2019-08-20 14:44:15,0.0,0,0,7916016,2019-08-20 14:44:15,,0.0,0.0,0,,0.0,0.0,0.0,180
,[],7,[],2018-11-20 22:58:01,562227.975654,0.00000085,0.000000000036176765,4862015,2018-11-20 22:58:01,btc,21836.6059674,2491.87645172,,btc,749999.041456,0.00211021,0.127565380455,183
,[],5,[],2019-01-10 08:11:41,0.0,0,0,6347036,2019-01-10 08:11:41,btc,82.15055501,0.00261,,btc,1.19002445,0.0,0.0,187
,[],17,[],2018-11-16 20:58:10,4062536.27273,0.00000001,0.000000000000550501,4708775,2018-11-16 20:58:10,btc,3.36492563466,0.195460381006,,"btc,eth",110697919.549,0.0,0.0157628953496,187
1,[],24,[],2019-05-22 21:04:52,0.0,0.000000000014,0.0000000000000010960978,7670219,2019-05-22 21:04:52,btc,0.0,0.0,0.000000000014,btc,0.0,0.0,0.0,187
0,[],23,[],2019-01-20 23:31:41,0.0,0,0,6477079,2019-01-20 23:31:41,,0.0,0.0,0,,0.0,0.0,0.0,199
0,[],22,[],2019-08-20 14:44:18,0.0,0,0,7916017,2019-08-20 14:44:18,,6.22011878,0.0,0,,40771826.0,0.0,0.0,199
1,[],26,[],2019-08-20 14:44:18,0.0,0,0,7916018,2019-08-20 14:44:18,,0.0,0.0,0,,0.0,0.0,0.0,199
1,[],4,[],2019-01-25 15:51:35,2084389.58565343,0.00000936,0.000000000333526752,6499557,2019-01-25 15:51:35,btc,2.0092503037378524,0.0,0.00000936,btc,160195.80207885,0.19272417,1.242687955921835,211
1,[],7,[],2019-07-01 02:21:28,1170054124.6898527,0.00000018,0.000000000019815389999999997,7782694,2019-07-01 02:21:28,btc,1346735.6331920293,0.0,0.00000018,btc,5516233.71348162,0.0,11.954344045954047,212
0,[],22,[],2019-08-19 07:38:07,0.0,0,0,7911940,2019-08-19 07:38:07,,6.8412543,0.0,0,,3272264.174064925,0.0,0.0,216
1,[],27,[],2019-08-12 16:37:52,320029.088,0.00000001,0.000000000001138437,7891783,2019-08-12 16:37:52,btc,176.0318120012664,0.0,0.00000001,"btc,ltc",485496.05456794,0.0,0.00320029088,216
1,[],22,[],2019-08-20 14:47:49,672753.858974359,0.00000015,0.00000000001591509,7916033,2019-08-20 14:47:49,BTC,12055.7623205,0.0,0.00000015,BTC,447101.14467048226,0.00012,0.04222292,217
0,[],22,[],2019-08-20 14:44:26,0.0,0,0,7916020,2019-08-20 14:44:26,,4.14997484,0.0,0,,126244.70709740352,0.0,0.0,221
1,[],24,[],2019-08-20 14:44:26,0.0,0.000000010000,0.000000000001062473,7916021,2019-08-20 14:44:26,btc,0.0,0.0,0.000000010000,btc,0.0,0.0,0.0,221
1,[],26,[],2019-08-20 14:47:55,0.0,0,0,7916034,2019-08-20 14:47:55,,0.0,0.0,0,,0.0,0.0,0.0,231
1,[],26,[],2019-08-20 14:47:55,0.0,0,0,7916035,2019-08-20 14:47:55,,0.0,0.0,0,,0.0,0.0,0.0,234
0.0000000001859265,[],27,[],2019-08-12 16:38:10,100.0,1.859265e-18,2.1166560688050002e-22,7891787,2019-08-12 16:38:10,eth,0.0,0.0,0.00000001,"btc,eth",0.0,0.0,1.8592649999999999e-16,234
1,[],5,[],2019-07-06 02:11:21,0.0,0,0,7800842,2019-07-06 02:11:21,btc,0.0,0.10652887,0,btc,0.0,0.0,0.0,237
1,[],20,[],2019-08-20 14:44:28,94826430.6583,0.000000039,0.0000000000041436447,7916024,2019-08-20 14:44:28,btc,514.7379332172093,4413117.9299,0.000000039,btc,29200750.7003,0.1692612584375,0.5046470619208,237
1,[],22,[],2019-08-20 14:44:33,1839335.0,0.00000001,0.000000000001062473,7916025,2019-08-20 14:44:33,BTC,1.2037398,0.0,0.00000001,"BTC,LTC",41039.44871794872,0.0,0.01839335,237
1,[],5,[],2019-07-06 02:11:32,0.0,0,0,7800846,2019-07-06 02:11:32,btc,0.0,0.05525444,0,btc,0.0,0.0,0.0,238
1,[],4,[],2019-08-18 21:55:28,28766182.9187235,0.00000006,0.0000000000062177580000000004,7910606,2019-08-18 21:55:28,btc,2.1262004590211685,0.0,0.00000006,btc,15667280.40051822,0.02567584,0.5811165339764514,238
0.0000000000711565,[],22,[],2019-08-17 13:20:25,419253.0,7.115650000000001e-19,7.3700771814e-23,7906682,2019-08-17 13:20:25,LTC,0.40427224,0.0,0.00000001,LTC,496363.0639027493,0.0,0.00419253,249
0,[],22,[],2019-08-20 14:44:35,0.0,0,0,7916026,2019-08-20 14:44:35,,13.4488406,0.0,0,,43819581.3426455,0.0,0.0,252
1,[],28,[],2019-08-20 14:44:49,3978627.61,0.0000001,0.00000000001062473,7916027,2019-08-20 14:44:49,btc,4.792023405943,535864.091,0.0000001,btc,2682661.4462,0.0,0.19898846636,256
0.0000000000916764,[],22,[],2019-07-23 20:12:22,1517.0,9.16764e-19,9.31930943616e-23,7830286,2019-07-23 20:12:22,LTC,31474.63788373,0.0,0.00000001,LTC,1024398.9185893413,0.0,1.517e-05,258
1,[],20,[],2019-08-20 13:35:11,983016.2572,0.000000138,0.000000000014752476000000002,7915827,2019-08-20 13:35:11,btc,0.535298021168,17211.4102,0.000000138,btc,111742.2368,0.0030241561518,0.0066345668438,264
1,[],5,[],2019-07-02 14:44:15,0.0,0,0,7788374,2019-07-02 14:44:15,btc,0.0,0.02775788,0,btc,0.0,0.0,0.0,264
0,[],22,[],2019-08-20 14:44:54,0.0,0,0,7916028,2019-08-20 14:44:54,,33050469.74148113,0.0,0,,14261527780.7,0.0,0.0,272
0,[],28,[],2019-08-20 14:45:06,0.0,0,0,7916029,2019-08-20 14:45:06,,0.0,0.0,0,,0.0,0.0,0.0,272
0,[],22,[],2019-08-20 14:45:09,0.0,0,0,7916030,2019-08-20 14:45:09,,73.46372129,0.0,0,,1350777.6287135023,0.0,0.0,286
