pairValue,buyBook,exchangeId,sellBook,updated,buyTotal,satoshiPrice,usdPrice,exchangeLogId,created,bestPair,sellTotalBtc,volume,pairPrice,activePairs,sellTotal,volumeBtc,buyTotalBtc,coinId
1,[],3,[],2019-02-19 16:05:39,30568.421018793226,0.0130810100000000005537881264672250836156308650970458984375,0.0000005190884874260001,6721691,2019-02-19 16:05:39,btc,61.083029266746586,4.4579,0.0130810100000000005537881264672250836156308650970458984375,btc,22.565771876007002,0.0,0.43169788059112474,1
1,[],4,[],2019-02-19 16:05:40,84.74980678,0.01338052,0.000000530973822952,6721692,2019-02-19 16:05:40,btc,0.939681531986654,0.0,0.01338052,btc,65.71615157,1.28423202,1.0444498029329528,1
1,[],5,[],2019-02-19 16:05:41,0.0,0,0,6721693,2019-02-19 16:05:41,btc,0.0,0.19352059,0,btc,0.0,0.0,0.0,1
1,[],10,[],2019-02-19 16:05:44,414153.4182877,0.01168949,0.00000046386935587400007,6721694,2019-02-19 16:05:44,btc,6522.512810052119,1743.89241212,0.01168949,btc,1035.78974633,0.0,4.664988527340632,1
1,[],12,[],2019-02-19 16:05:46,10446.23408119,0.01310000000000000053290705182007513940334320068359375,0.0000005198420600000001,6721695,2019-02-19 16:05:46,btc,0.3564050456331,0.0,0.01310000000000000053290705182007513940334320068359375,btc,20.02243436,0.1932666562566,0.4754262642501,1
1,[],20,[],2019-02-19 16:05:48,1151.1263,0.010500214,0.0000004166757920764,6721696,2019-02-19 16:05:48,btc,0.0588401269655,0.0098,0.010500214,btc,2.6354,0.0001029020776,0.0961852616737,1
1,[],21,[],2019-02-19 16:05:49,2709.61507275,0.01311000000000000012545520178,0.000000520238886,6721697,2019-02-19 16:05:49,btc,25.18892501238839,4252.15559449,0.0131100000000000001254552017826426890678703784942626953125,"btc,eth",2309.9035591800002,49.63868359208874,25.091463106715157,1
1,[],22,[],2019-02-19 16:05:53,0.0163776,0.01300000,0.0000005158738,6721698,2019-02-19 16:05:53,BTC,0.31423927,0.0,0.01300000,BTC,0.11751954901960784,0.0,0.00020972,1
1,[],24,[],2019-02-19 16:05:53,0.0,0.000000000000,0,6721699,2019-02-19 16:05:53,btc,0.0,0.0,0.000000000000,btc,0.0,0.0,0.0,1
0.0,[],25,[],2019-02-19 16:05:54,0.0,0,0,6721700,2019-02-19 16:05:54,btc,30.14579999708474,748.73408459,0.0,btc,2242.38232177,9.9683,0.0,1
1,[],26,[],2019-02-19 16:06:04,0.0,0,0,6721701,2019-02-19 16:06:04,,0.0,0.0,0,,0.0,0.0,0.0,1
1,[],28,[],2019-02-19 16:06:06,992.968,0.01231000,0.000000488492806,6721702,2019-02-19 16:06:06,btc,0.162839806,17656.5,0.01231000,btc,8.9,0.0,0.086870176,1
0,[],2,[],2019-01-20 23:28:45,0.0,0,0,6477011,2019-01-20 23:28:45,,0.0,0.0,0,,0.0,0.0,0.0,1
1,[],5,[],2019-02-19 16:06:06,0.0,0,0,6721703,2019-02-19 16:06:06,btc,0.0,0.00134556,0,btc,0.0,0.0,0.0,2
0,[],22,[],2019-02-19 16:06:09,0.0,0,0,6721704,2019-02-19 16:06:09,,0.0,0.0,0,,0.0,0.0,0.0,2
1,[],5,[],2019-02-19 16:06:10,0.0,0,0,6721705,2019-02-19 16:06:10,btc,0.0,0.03012597,0,btc,0.0,0.0,0.0,3
1,[],12,[],2019-02-19 16:06:11,12405613.96133529,0.000000172,0.0000000000068254072000000005,6721706,2019-02-19 16:06:11,btc,924398.3457538139,0.0,0.000000172,btc,9223368.05894288,0.0370671880707653,0.5335681805816465,3
0,[],28,[],2019-02-19 16:06:13,0.0,0,0,6721707,2019-02-19 16:06:13,,0.0,0.0,0,,0.0,0.0,0.0,3
0,[],2,[],2019-01-20 23:31:32,0.0,0,0,6477077,2019-01-20 23:31:32,,0.0,0.0,0,,0.0,0.0,0.0,4
1,[],4,[],2019-02-19 16:06:14,401048.17324027,0.00000032,0.000000000012698432000000002,6721708,2019-02-19 16:06:14,btc,0.384785387488259,0.0,0.00000032,btc,337830.34099658,0.0,0.0549125982740441,4
1,[],12,[],2019-02-19 16:06:16,1335809.18866667,0.00000003,0.000000000001190478,6721709,2019-02-19 16:06:16,btc,11013878.283020936,0.0,0.00000003,btc,1239152.19484872,0.00065985,0.0211999504400001,5
0,[],2,[],2019-01-20 23:31:51,0.0,0,0,6477087,2019-01-20 23:31:51,,0.0,0.0,0,,0.0,0.0,0.0,6
1,[],11,[],2019-02-19 16:06:18,1091209.5,0.00000002,0.0000000000007936520000000001,6721710,2019-02-19 16:06:18,btc,9433.323549840637,300000.0,0.00000002,btc,40351378.15478057,0.0,0.013333885,6
1,[],3,[],2019-02-19 16:06:18,1098.575184747364,0.00015133000000000000292467439155785768889472819864749908447265625,0.000000006005167858000001,6721711,2019-02-19 16:06:18,btc,27.605796873748474,0.0,0.00015133000000000000292467439155785768889472819864749908447265625,btc,249.144760639695,0.0,0.035200254105420783,7
1,[],4,[],2019-02-19 16:06:19,14026.39437683,0.00021685,0.00000000860517181,6721712,2019-02-19 16:06:19,btc,2.8947916497549206,0.0,0.00021685,btc,11790.03929313,4.50654865,2.756506694586151,7
1,[],5,[],2019-02-19 16:06:21,0.0,0,0,6721713,2019-02-19 16:06:21,btc,0.0,0.30728332,0,btc,0.0,0.0,0.0,7
1,[],20,[],2019-02-19 06:57:36,39399800.8418,0.000000001,0.0000000000000389284,6716631,2019-02-19 06:57:36,btc,116.9737581404545,0.0,0.000000001,btc,56932990.8895,0.0,0.0393998008418,8
0,[],2,[],2019-01-20 23:22:42,0.0,0,0,6476876,2019-01-20 23:22:42,,0.0,0.0,0,,0.0,0.0,0.0,9
0,[],23,[],2019-01-20 23:22:48,0.0,0,0,6476878,2019-01-20 23:22:48,,0.0,0.0,0,,0.0,0.0,0.0,9
1,[],4,[],2019-02-19 16:06:23,373247.22856555,0.00000179,0.00000000007103185400000001,6721714,2019-02-19 16:06:23,btc,1.8156110962725165,0.0,0.00000179,btc,990202.91668632,2.12719817,0.6316443165674336,9
1,[],28,[],2019-02-19 16:06:24,43300.0,0.00000166,0.000000000065873116,6721715,2019-02-19 16:06:24,btc,2709.147620057195,3641296.0,0.00000166,btc,204959.7701,0.0,0.043148,9
1,[],1,[],2019-02-17 23:31:42,1822507.21,0.00000181000000000000003456111265232042484285557293333113193511962890625,0.000000000066086901,6701244,2019-02-17 23:31:42,btc,3.6990969245,17153386.5,0.00000181000000000000003456111265232042484285557293333113193511962890625,btc,1997391.71,31.11772986,3.2610482446,9
1,[],4,[],2019-02-17 11:22:43,4341674.27126056,0.00000002,0.0000000000007272960000000001,6696112,2019-02-17 11:22:43,btc,0.1997230937751353,0.0,0.00000002,btc,4109766.79808031,0.00215132,0.0479381022052112,10
0,[],2,[],2019-01-20 23:23:08,0.0,0,0,6476890,2019-01-20 23:23:08,,0.0,0.0,0,,0.0,0.0,0.0,12
1,[],4,[],2019-02-19 16:06:25,1736216.10043969,0.00000149,0.00000000005912707400000001,6721716,2019-02-19 16:06:25,btc,3.635826904981139,0.0,0.00000149,btc,2113036.78239758,6.73338359,2.495570626276665,12
1,[],5,[],2019-02-19 16:06:26,0.0,0,0,6721717,2019-02-19 16:06:26,btc,0.0,1.14193074,0,btc,0.0,0.0,0.0,12
0.0,[],25,[],2019-02-19 16:06:28,0.0,0,0,6721718,2019-02-19 16:06:28,,0.0,0.0,0.0,btc,0.0,0.0,0.0,12
1,[],10,[],2019-02-19 15:43:03,467359.91696554,0.00000578,0.000000000228807658,6721329,2019-02-19 15:43:03,btc,666802.4656986581,7246.15413065,0.00000578,btc,723313.57930663,0.0,0.3891560660413067,13
1,[],4,[],2019-02-19 16:06:29,1303875.01255201,0.00000581,0.000000000230555906,6721719,2019-02-19 16:06:29,btc,0.4644374589436671,0.0,0.00000581,btc,73038.89543627,1.18148101,1.305203364670512,13
1,[],21,[],2019-02-19 15:56:08,1073178.6830513799,0.000005869999999999999702607680896,0.000000000232969734,6721524,2019-02-19 15:56:08,btc,4.343418082912146,868428.07478949,0.00000586999999999999970260768089591607576949172653257846832275390625,btc,667103.93877533,5.10197814,2.9483306025535985,13
1,[],4,[],2019-02-19 15:56:08,1045986.87165095,0.00000148,0.000000000058738536,6721525,2019-02-19 15:56:08,btc,0.1288426384817045,0.0,0.00000148,btc,63558.06588662,0.09639757,0.4814679210023084,14
1,[],12,[],2019-02-19 15:56:09,85864.51943677,0.000001570000000000000003069918451392705804892102605663239955902099609375,0.000000000062310474,6721526,2019-02-19 15:56:09,btc,5.30798164626373,0.0,0.000001570000000000000003069918451392705804892102605663239955902099609375,btc,31654.002997,0.0019047442033318,0.0097765699999695,14
0,[],17,[],2019-02-19 15:56:16,0.0,0,0,6721527,2019-02-19 15:56:16,btc,0.0,0.0,0,btc,0.0,0.0,0.0,14
1,[],26,[],2019-02-19 15:56:16,0.0,0.00000050,0.0000000000198441,6721528,2019-02-19 15:56:16,btc,0.0,0.0,0.00000050,btc,0.0,0.0,0.0,14
,[],12,[],2018-12-01 15:15:48,204241.84496,0.00000489,0.000000000202473384,5260204,2018-12-01 15:15:48,btc,49.5475654835,0.0,,btc,35763.2193806,0.0163153972027625,0.0203389899998,15
0,[],4,[],2019-02-19 15:56:17,0.0,0,0,6721529,2019-02-19 15:56:17,,0.0,0.0,0,,0.0,0.0,0.0,15
0,[],2,[],2019-01-20 23:23:38,0.0,0,0,6476906,2019-01-20 23:23:38,,0.0,0.0,0,,0.0,0.0,0.0,18
0,[],17,[],2019-02-19 15:34:50,0.0,0,0,6721138,2019-02-19 15:34:50,btc,0.0,0.0,0,btc,0.0,0.0,0.0,18
1,[],4,[],2019-02-19 15:56:19,26902.67700305,0.00001832,0.000000000727087824,6721530,2019-02-19 15:56:19,btc,1.2094642920565437,0.0,0.00001832,btc,6772.9452604,0.02569468,0.0990468487783569,18
1,[],10,[],2019-02-19 15:56:21,784379.20017738,0.000019,0.0000000007540758000000001,6721531,2019-02-19 15:56:21,btc,15.522881019869875,10071.6220893,0.000019,btc,9892.31685212,0.0,0.2211078776633638,18
1,[],12,[],2019-02-19 15:56:22,204674.27176827,0.00001855000000000000027230821764145929364531184546649456024169921875,0.00000000073621611,6721532,2019-02-19 15:56:22,btc,21.90984697195737,0.0,0.00001855000000000000027230821764145929364531184546649456024169921875,btc,1745.36187689,0.0013812416347088,0.0372710445837917,18
1,[],12,[],2019-02-19 15:56:32,134811.99869053,0.00002290999999999999918562539058530802549284999258816242218017578125,0.000000000909256662,6721536,2019-02-19 15:56:32,btc,0.0291788367813548,0.0,0.00002290999999999999918562539058530802549284999258816242218017578125,btc,280.66393647,0.0003454945055518,0.032679680000042295,19
0,[],27,[],2019-02-19 15:56:35,0.0,0,0,6721537,2019-02-19 15:56:35,,0.0,0.0,0,btc,0.0,0.0,0.0,19
0,[],2,[],2019-01-20 23:24:19,0.0,0,0,6476924,2019-01-20 23:24:19,,0.0,0.0,0,,0.0,0.0,0.0,19
1,[],3,[],2019-02-19 15:56:30,121670.63139160197,0.000022799999999999998544740476003056528497836552560329437255859375,0.00000000090489096,6721533,2019-02-19 15:56:30,btc,0.5191839250459815,88.40258033,0.000022799999999999998544740476003056528497836552560329437255859375,btc,7772.0849361608725,0.0,0.10018893011315032,19
1,[],4,[],2019-02-19 15:56:30,322925.31849297,0.00002284,0.0000000009064784880000001,6721534,2019-02-19 15:56:30,btc,0.3253131424344948,0.0,0.00002284,btc,12662.67682614,0.41416367,3.6359939922721636,19
1,[],5,[],2019-02-19 15:56:31,0.0,0,0,6721535,2019-02-19 15:56:31,btc,0.0,0.01508096,0,btc,0.0,0.0,0.0,19
1,[],4,[],2019-02-19 15:56:35,8071365.41899576,0.00000014,0.000000000005556348000000001,6721538,2019-02-19 15:56:35,btc,0.7489880752473539,0.0,0.00000014,btc,1600922.19540293,0.001,0.2586275804948392,20
1,[],4,[],2019-02-19 15:56:36,109984654.20220357,0.00000002,0.000000000000793764,6721539,2019-02-19 15:56:36,btc,0.4047937008108997,0.0,0.00000002,btc,11907646.42013239,0.01908485,1.2374149854847118,21
1,[],12,[],2019-02-19 15:56:37,18689644.0,0.00000002,0.000000000000793764,6721540,2019-02-19 15:56:37,btc,669.7770903015066,0.0,0.00000002,btc,8570706.26263923,0.0002997302427813,0.24603316,21
0,[],17,[],2019-02-19 15:17:22,0.0,0,0,6720946,2019-02-19 15:17:22,btc,0.0,0.0,0,btc,0.0,0.0,0.0,21
1,[],12,[],2019-02-19 15:56:39,2968883242.567895,0.0000000002,0.000000000000007937640000000001,6721541,2019-02-19 15:56:39,btc,880865842615.6891,0.0,0.0000000002,btc,4747716238.976475,0.012850348074925081,0.2980917206603895,23
0,[],27,[],2019-02-19 15:56:41,0.0,0,0,6721542,2019-02-19 15:56:41,,1.3429826565934113,0.0,0,eth,1964879.85514486,0.0,0.0,23
1,[],4,[],2019-02-19 15:56:42,313788.06650383,0.00000063,0.000000000025003566,6721543,2019-02-19 15:56:42,btc,0.1764472692188742,0.0,0.00000063,btc,183912.3273368,0.0112047,0.1585156056858332,24
1,[],22,[],2019-02-19 15:56:57,11.76,0.00000100,0.0000000000396882,6721544,2019-02-19 15:56:57,BTC,7.415e-05,0.0,0.00000100,BTC,23.919354838709676,0.0,1.176e-05,24
0.0,[],25,[],2019-02-19 15:56:58,0.0,0,0,6721545,2019-02-19 15:56:58,,0.0,0.0,0.0,btc,0.0,0.0,0.0,24
1,[],4,[],2019-02-19 15:56:59,26864544.53828515,0.00000584,0.00000000023177908800000002,6721546,2019-02-19 15:56:59,btc,0.5237219007249135,0.0,0.00000584,btc,43285.89151704,0.09077654,0.4660084666527674,26
1,[],10,[],2019-02-19 15:57:01,683124.19163166,0.0000054,0.00000000021431628000000001,6721547,2019-02-19 15:57:01,btc,25.927272136924913,0.0,0.0000054,btc,14351.41452713,0.0,0.2138635226438311,26
0,[],2,[],2019-01-20 23:25:56,0.0,0,0,6476976,2019-01-20 23:25:56,,0.0,0.0,0,,0.0,0.0,0.0,26
1,[],3,[],2019-02-19 15:57:02,5958369.70213569,0.00000001,0.000000000000396882,6721548,2019-02-19 15:57:02,btc,2.7794441329339814,13958.0,0.00000001,btc,18075315.03207521,0.0,0.05958369702135689,27
1,[],5,[],2019-02-19 15:57:04,0.0,0,0,6721549,2019-02-19 15:57:04,btc,0.0,9.51e-06,0,btc,0.0,0.0,0.0,27
1,[],11,[],2019-02-19 15:57:05,9803584.35433359,0.00000005,0.00000000000198441,6721550,2019-02-19 15:57:05,btc,67506.53097482225,8080.0,0.00000005,btc,8171781.9463934,0.0,0.458287845339645,27
1,[],4,[],2019-02-19 15:57:06,543430763.55613,0.00000002,0.000000000000793764,6721551,2019-02-19 15:57:06,btc,0.23533538563995013,0.0,0.00000002,"btc,ltc",79531217.81873533,0.15724164,6.6069871323780065,29
1,[],7,[],2019-02-19 15:57:07,35485942.39607132,0.00000001,0.000000000000396882,6721552,2019-02-19 15:57:07,btc,44465227.34051617,410164.668372,0.00000001,btc,58742172.51548209,0.00833071,0.35485942396071324,29
1,[],4,[],2019-02-19 15:57:08,1492337.13444309,0.00000028,0.000000000011112696000000001,6721553,2019-02-19 15:57:08,btc,0.2088607877766605,0.0,0.00000028,btc,442861.30527497,0.00759074,0.1196075172862348,30
0,[],17,[],2019-02-19 15:57:20,0.0,0,0,6721554,2019-02-19 15:57:20,btc,0.0,0.0,0,btc,0.0,0.0,0.0,30
1,[],4,[],2019-02-19 15:57:21,1132873.67779243,0.00006020,0.00000000238922964,6721555,2019-02-19 15:57:21,btc,1.863867217657797,0.0,0.00006020,btc,28432.07640489,1.80752885,1.7328079566585242,31
1,[],21,[],2019-02-19 15:57:22,49102.58346497,0.00006005000000000000273539871309,0.0000000023832764100000004,6721556,2019-02-19 15:57:22,btc,2.2301040405719705,100969.74644785,0.0000600500000000000027353987130940282668234431184828281402587890625,btc,34281.5359644,6.15314317,2.68330982090663,31
0,[],2,[],2019-01-20 23:28:43,0.0,0,0,6477009,2019-01-20 23:28:43,,0.0,0.0,0,,0.0,0.0,0.0,32
1,[],4,[],2019-02-19 15:57:23,136117227.01507318,0.00000004,0.000000000001587528,6721557,2019-02-19 15:57:23,btc,3.8119781431496795,0.0,0.00000004,"btc,ltc",80173792.11932085,0.37408571,2.307142767661664,33
1,[],12,[],2019-02-19 15:57:24,15384733.225,0.00000005,0.00000000000198441,6721558,2019-02-19 15:57:24,btc,35620106.545124345,0.0,0.00000005,btc,88814469.0769228,0.0078297160839166,0.51008151125,33
1,[],4,[],2019-02-19 15:57:25,131811147.32172509,0.00000001,0.000000000000396882,6721559,2019-02-19 15:57:25,btc,0.9403422876173558,0.0,0.00000001,btc,39313288.08032372,0.03960282,1.318111473217251,34
1,[],5,[],2019-02-19 15:57:26,0.0,0,0,6721560,2019-02-19 15:57:26,btc,0.0,4.52e-06,0,btc,0.0,0.0,0.0,34
0.0000000001221335,[],4,[],2019-02-19 15:57:27,1029493987.2590978,2.44267e-18,9.6945175494e-23,6721561,2019-02-19 15:57:27,ltc,9.302302538190782e-09,0.0,0.00000002,ltc,1841772107.939783,0.0,2.042939791337218e-09,36
1,[],5,[],2019-02-19 15:57:27,0.0,0,0,6721562,2019-02-19 15:57:27,btc,0.0,0.0,0,btc,0.0,0.0,0.0,36
0,[],27,[],2019-02-19 15:57:40,0.0,0,0,6721563,2019-02-19 15:57:40,,113.82128944818679,0.0,0,"ltc,eth",3757762.7424504,0.0,0.0,36
0,[],17,[],2019-02-19 14:07:14,0.0,0,0,6720567,2019-02-19 14:07:14,btc,0.0746458232965017,0.0,0,btc,4103573.70243647,0.0,0.0,36
1,[],4,[],2019-02-19 15:44:13,476261.46795743,0.00000088,0.000000000034835768,6721370,2019-02-19 15:44:13,btc,0.2811063632545927,0.0,0.00000088,btc,198032.10889979,0.10344634,0.161260006773972,37
1,[],12,[],2019-02-19 15:44:15,603589.42527057,0.00000088,0.000000000034835768000000006,6721371,2019-02-19 15:44:15,btc,1364.2233376925692,0.0,0.00000088,btc,848608.91105715,0.2634393474537843,0.2257363564999977,37
1,[],17,[],2019-02-19 15:44:26,1752.74075282,0.00000025,0.000000000009896525,6721372,2019-02-19 15:44:26,btc,0.055484923777095005,0.0,0.00000025,btc,1319.19918473,0.0,0.00043818518820499993,37
1,[],27,[],2019-02-19 15:44:29,14752.0,0.00000045,0.000000000017813745,6721373,2019-02-19 15:44:29,btc,26.25770832162233,0.0,0.00000045,btc,6830.24738508,0.0,0.00483022,37
1,[],5,[],2019-02-19 15:57:42,0.0,0,0,6721564,2019-02-19 15:57:42,btc,0.0,0.09794388,0,btc,0.0,0.0,0.0,42
1,[],12,[],2019-02-19 15:57:43,134573.97988214,0.0000008,0.00000000003175056,6721565,2019-02-19 15:57:43,btc,94.6794176026881,0.0,0.0000008,btc,90409.29317003,0.001559558391606,0.0415963100000017,42
0,[],27,[],2019-02-19 15:57:46,0.0,0,0,6721566,2019-02-19 15:57:46,,0.00315028,0.0,0,"btc,eth",11.007,0.0,0.0,42
0,[],17,[],2019-02-19 14:43:06,0.0,0,0,6720778,2019-02-19 14:43:06,btc,0.0,0.0,0,btc,0.0,0.0,0.0,43
1,[],5,[],2019-02-19 15:57:47,0.0,0,0,6721567,2019-02-19 15:57:47,btc,0.0,0.0,0,btc,0.0,0.0,0.0,43
1,[],12,[],2019-02-19 15:57:48,4093268.0,0.00000001,0.000000000000396882,6721568,2019-02-19 15:57:48,btc,20007435.27455656,0.0,0.00000001,btc,38975228.21618381,9.834002997e-05,0.04093268,43
1,[],12,[],2019-02-19 15:57:50,701383.0,0.00000005,0.00000000000198441,6721569,2019-02-19 15:57:50,btc,11115167.676275562,0.0,0.00000005,btc,1076487.31470526,0.001144,0.0183859,44
1,[],4,[],2019-02-19 15:57:51,324833398.3445787,0.00000002,0.000000000000793764,6721570,2019-02-19 15:57:51,btc,0.1882266069484635,0.0,0.00000002,"btc,ltc",4537751.25245401,0.00309342,0.4236363337162988,49
0,[],4,[],2019-02-19 15:57:52,0.0,0,0,6721571,2019-02-19 15:57:52,,4.645173508136544,0.0,0,,3576209598.818339,0.0,0.0,52
0,[],22,[],2019-02-19 15:58:04,0.0,0,0,6721572,2019-02-19 15:58:04,,4368.07440295,0.0,0,,262751443.67882353,0.0,0.0,57
0,[],27,[],2019-02-19 15:58:08,0.0,0,0,6721573,2019-02-19 15:58:08,,0.0,0.0,0,"btc,eth",0.0,0.0,0.0,57
0.0000000001221335,[],4,[],2019-02-19 15:58:09,818957539.3945673,4.88534e-18,1.93890350988e-22,6721574,2019-02-19 15:58:09,ltc,3.272209004647933,0.0,0.00000004,ltc,1282290425.2225614,0.0,2.029517959982277e-09,58
1,[],12,[],2019-02-19 15:58:10,1653738655.843957,0.0000000004,0.000000000000015875280000000002,6721575,2019-02-19 15:58:10,btc,224005479821.40768,0.0,0.0000000004,btc,3729265332.1341667,0.11958532920977752,0.5366759997011391,58
0.0000000001319725,[],22,[],2019-02-19 15:58:24,137438.0,1.3197250000000001e-18,5.2377509745000006e-23,6721576,2019-02-19 15:58:24,XMR,69.8835922,0.0,0.00000001,XMR,9887963.0,0.0,0.00137438,58
0,[],17,[],2019-02-19 15:45:00,0.0,0,0,6721386,2019-02-19 15:45:00,btc,1e+24,0.0,0,btc,41481695.95832568,0.0,0.0,58
1,[],5,[],2019-02-19 15:58:25,0.0,0,0,6721577,2019-02-19 15:58:25,btc,0.0,0.00591544,0,btc,0.0,0.0,0.0,61
1,[],22,[],2019-02-19 15:58:29,5149.5,0.00000011,0.000000000004365702000000001,6721578,2019-02-19 15:58:29,BTC,1002.29597012,0.0,0.00000011,BTC,14947.700278135757,0.0,0.00051596,61
1,[],26,[],2019-02-19 15:58:29,0.0,0.00000800,0.0000000003175056,6721579,2019-02-19 15:58:29,btc,0.0,0.0,0.00000800,btc,0.0,0.0,0.0,61
1,[],27,[],2019-02-19 15:58:32,5582.64,0.00000045,0.000000000017859690000000002,6721580,2019-02-19 15:58:32,btc,2.935325846318174,0.0,0.00000045,"btc,eth",18504.38399471,0.0,0.0009709972051080804,61
1,[],28,[],2019-02-19 15:58:39,13882.304,0.0000005,0.0000000000198441,6721581,2019-02-19 15:58:39,btc,2.062488404235105,748.0,0.0000005,btc,15611.87550005,0.0,0.00566491304,61
1,[],4,[],2019-02-19 15:58:40,372111.58409292,0.00000350,0.00000000013890870000000001,6721582,2019-02-19 15:58:40,btc,1.1855157461970467,0.0,0.00000350,btc,270804.10847846,0.32700931,0.8724267073294792,67
0.0,[],25,[],2019-02-19 15:58:41,0.0,0,0,6721583,2019-02-19 15:58:41,,0.0,0.0,0.0,btc,0.0,0.0,0.0,67
1,[],12,[],2019-02-19 15:58:43,3104914.50378058,0.00000017,0.000000000006746994,6721584,2019-02-19 15:58:43,btc,11115995.914870445,0.0,0.00000017,btc,1883654.84298998,0.0145743333954647,0.1146331764411117,71
,[],5,[],2018-11-20 23:02:39,1.5e-07,0.00000005,0.000000000002128045,4862160,2018-11-20 23:02:39,btc,2.84511358,0.0,,btc,0.00036572,0.0,0.07381892,74
1,[],5,[],2019-02-19 15:58:45,0.0,0,0,6721585,2019-02-19 15:58:45,btc,0.0,0.0,0,btc,0.0,0.0,0.0,75
1,[],4,[],2019-02-19 15:58:46,17965921.30892337,0.00000001,0.000000000000396882,6721586,2019-02-19 15:58:46,btc,0.8634517537739842,0.0,0.00000001,btc,15391342.79181637,0.0,0.1796592130892337,81
0,[],20,[],2019-01-25 09:30:31,0.0,0,0,6495923,2019-01-25 09:30:31,btc,0.0,0.0,0,btc,0.0,0.0,0.0,81
1,[],4,[],2019-02-19 15:58:48,33819.77723171,0.00007742,0.000000003072660444,6721587,2019-02-19 15:58:48,btc,1.309651873496266,0.0,0.00007742,btc,11117.15364092,0.01264914,0.546954478316763,82
1,[],21,[],2019-02-19 15:58:49,167546.05104371,0.00008127999999999999428904745580,0.000000003225856896,6721588,2019-02-19 15:58:49,btc,2.6449626430916187,6950.10568879,0.000081279999999999994289047455797714292202726937830448150634765625,btc,25583.08108277,0.57446765,3.293233352868935,82
0,[],17,[],2019-02-19 15:36:51,0.0,0,0,6721198,2019-02-19 15:36:51,btc,0.0447233088476774,0.0,0,btc,999127.19588126,0.0,0.0,84
0.0000000001221335,[],4,[],2019-02-19 15:58:50,178148388.52998742,7.32801e-18,2.90835526482e-22,6721589,2019-02-19 15:58:50,ltc,0.19541526447852867,0.0,0.00000006,ltc,108540079.4986322,0.0,6.39575385611866e-10,85
,[],22,[],2018-11-20 23:09:34,3408.1,0.0000001,0.0000000000041895,4862324,2018-11-20 23:09:34,BTC,0.04624735,0.0,,BTC,4990.0,0.0,0.00033081,86
0,[],22,[],2019-02-19 15:58:53,0.0,0,0,6721590,2019-02-19 15:58:53,,2.0760781,0.0,0,,140622.94736842104,0.0,0.0,87
0,[],27,[],2019-02-19 15:58:56,0.0,0,0,6721591,2019-02-19 15:58:56,,0.0,0.0,0,btc,0.0,0.0,0.0,87
,[],2,[],2018-11-20 23:10:47,0.0,0,0,4862359,2018-11-20 23:10:47,,0.0,0.0,,,0.0,0.0,0.0,88
1,[],11,[],2019-02-19 15:58:58,97633.16195362,0.00014799999999999999245568760297686594640254043042659759521484375,0.0000000058738536,6721592,2019-02-19 15:58:58,btc,610.1989316858615,1001.43002076,0.00014799999999999999245568760297686594640254043042659759521484375,btc,94863.51875003,0.0,6.66610547556948,89
0,[],2,[],2019-01-20 23:31:45,0.0,0,0,6477083,2019-01-20 23:31:45,,0.0,0.0,0,,0.0,0.0,0.0,91
1,[],12,[],2019-02-19 15:58:59,435190.63642975,0.000001870000000000000095373470405946125794116596807725727558135986328125,0.000000000074216934,6721593,2019-02-19 15:58:59,btc,15.378969075889042,0.0,0.000001870000000000000095373470405946125794116596807725727558135986328125,btc,50170.88834005,0.0059080649985808,0.0617619822000083,91
0,[],17,[],2019-02-19 15:37:11,0.0,0,0,6721204,2019-02-19 15:37:11,btc,0.0,0.0,0,btc,0.0,0.0,0.0,91
0.0000000001221335,[],22,[],2019-02-19 15:59:04,3506520.0,4.88534e-18,1.93890350988e-22,6721594,2019-02-19 15:59:04,LTC,9.13211897,0.0,0.00000004,LTC,72065348.1,2.44267e-14,0.1050108,95
0.0000000001221335,[],4,[],2019-02-19 15:59:05,134932334.11567372,9.526413e-17,3.780861844266e-21,6721595,2019-02-19 15:59:05,ltc,0.6551682767258401,0.0,0.00000078,ltc,37592544.62079285,0.00798995,1.093560796698799e-09,96
1,[],12,[],2019-02-19 15:59:08,257571.0,0.00000001,0.000000000000396882,6721596,2019-02-19 15:59:08,btc,255075.83075766484,0.0,0.00000001,btc,8790977.79451522,2.2685014986e-06,0.00257571,96
0,[],17,[],2019-02-19 15:59:09,0.0,0,0,6721597,2019-02-19 15:59:09,btc,0.0,0.0,0,btc,0.0,0.0,0.0,96
1,[],4,[],2019-02-19 15:59:10,1689337.78171035,0.00000039,0.000000000015478398,6721598,2019-02-19 15:59:10,btc,0.5865575785677531,0.0,0.00000039,btc,925315.60841203,1.44110386,0.2229547087333322,99
1,[],4,[],2019-02-19 15:59:11,192929.4808199,0.00003818,0.000000001515295476,6721599,2019-02-19 15:59:11,btc,2.2018245609260716,0.0,0.00003818,btc,53645.4991971,1.06593305,1.072894441007646,100
0,[],2,[],2019-01-20 23:23:55,0.0,0,0,6476914,2019-01-20 23:23:55,,0.0,0.0,0,,0.0,0.0,0.0,100
1,[],22,[],2019-02-19 15:48:08,50000.0,0.00000001,0.000000000000395861,6721404,2019-02-19 15:48:08,BTC,23.49896609,0.0,0.00000001,BTC,10277.22,0.0,0.0005,101
1,[],4,[],2019-02-19 15:59:13,473311.43562114,0.00000087,0.000000000034528734,6721600,2019-02-19 15:59:13,btc,0.3985100916485266,0.0,0.00000087,btc,162573.45871642,0.021506,0.2394864516569702,103
1,[],12,[],2019-02-19 15:59:15,58969983.0,0.000000015,0.0000000000005953229999999999,6721601,2019-02-19 15:59:15,btc,137279928.18748012,0.0,0.000000015,btc,120393508.64039677,0.0400241047802199,0.215720292,105
1,[],27,[],2019-02-19 15:59:18,397342.89,0.00000001,0.000000000000396882,6721602,2019-02-19 15:59:18,btc,0.2583299431492299,0.0,0.00000001,btc,303168.20460553,0.0,0.0039734289,105
1,[],22,[],2019-02-19 15:59:30,9328.0,0.00000001,0.000000000000396882,6721603,2019-02-19 15:59:30,BTC,51.10825004,0.0,0.00000001,BTC,468935.0,0.0,9.328e-05,107
1,[],26,[],2019-02-19 15:59:30,0.0,0.00000000,0,6721604,2019-02-19 15:59:30,btc,0.0,0.0,0.00000000,btc,0.0,0.0,0.0,107
1,[],5,[],2019-02-19 15:59:31,0.0,0,0,6721605,2019-02-19 15:59:31,btc,0.0,0.02666889,0,btc,0.0,0.0,0.0,112
1,[],22,[],2019-02-19 15:59:36,1966.0,0.00000001,0.000000000000396882,6721606,2019-02-19 15:59:36,BTC,2.81183288,0.0,0.00000001,BTC,808524.0833333334,0.0,1.966e-05,112
0,[],27,[],2019-02-19 15:59:38,0.0,0,0,6721607,2019-02-19 15:59:38,,1.35132491849924,0.0,0,"btc,eth",1328.641654,0.0,0.0,112
1,[],4,[],2019-02-19 15:59:39,461777.4121921,0.00000344,0.000000000136527408,6721608,2019-02-19 15:59:39,btc,0.2794189592262519,0.0,0.00000344,btc,67911.37991138,0.20336992,0.2285459990110217,113
1,[],5,[],2019-02-19 15:59:41,0.0,0,0,6721609,2019-02-19 15:59:41,btc,0.0,0.0,0,btc,0.0,0.0,0.0,113
1,[],17,[],2019-02-19 15:59:53,152738.278,0.00000004,0.000000000001587528,6721610,2019-02-19 15:59:53,btc,1.33680302678,0.0,0.00000004,btc,50696.221,0.0,0.0022095311199999998,116
0,[],27,[],2019-02-19 15:59:55,0.0,0,0,6721611,2019-02-19 15:59:55,,0.0,0.0,0,btc,0.0,0.0,0.0,116
1,[],4,[],2019-02-19 15:59:57,28189.02060428,0.00003101,0.000000001230731082,6721612,2019-02-19 15:59:57,btc,1.0137604691481195,0.0,0.00003101,btc,29792.2555086,0.6330743,0.715637263798895,120
1,[],7,[],2019-02-19 15:59:59,18203.931671629998,0.0000295399999999999983879735154790324713758309371769428253173828125,0.000000001172389428,6721613,2019-02-19 15:59:59,btc,115649.95172983958,41.13734405,0.0000295399999999999983879735154790324713758309371769428253173828125,btc,27841.78287347,0.00123648,0.076099887387807,120
1,[],20,[],2019-02-19 16:00:03,1073055.3897,0.000000016,0.0000000000006350112,6721614,2019-02-19 16:00:03,btc,31.9239866811223,3530.0,0.000000016,btc,1149811.605,6.001e-05,0.0050711390174,125
1,[],22,[],2019-02-19 16:00:08,3053.0,0.00000001,0.000000000000396882,6721615,2019-02-19 16:00:08,BTC,0.01444887,0.0,0.00000001,BTC,296263.5111111111,0.0,3.053e-05,126
1,[],4,[],2019-02-19 16:00:09,118600.09805737,0.00001651,0.0000000006552521820000001,6721616,2019-02-19 16:00:09,btc,0.8313641158095345,0.0,0.00001651,btc,40454.45825871,0.31914511,0.9132990734794292,131
0,[],17,[],2019-02-19 16:00:10,0.0,0,0,6721617,2019-02-19 16:00:10,btc,0.0009561751951600001,0.0,0,btc,35.42829368,0.0,0.0,131
0,[],2,[],2019-01-20 23:25:46,0.0,0,0,6476969,2019-01-20 23:25:46,,0.0,0.0,0,,0.0,0.0,0.0,131
1,[],4,[],2019-02-19 16:00:11,4559.2156835,0.00016293,0.000000006466398426000001,6721618,2019-02-19 16:00:11,btc,1.647401424516374,0.0,0.00016293,btc,334.44418488,0.0,0.0093140423687205,135
1,[],3,[],2019-02-19 16:00:12,1694273.63905174,0.00000005,0.00000000000198441,6721619,2019-02-19 16:00:12,btc,0.1307803825138315,43002.0,0.00000005,btc,549696.90940695,0.0,0.0613774017803675,136
1,[],4,[],2019-02-19 16:00:13,60723.69762393,0.00000170,0.00000000006746994,6721620,2019-02-19 16:00:13,btc,0.119307559394809,0.0,0.00000170,btc,57244.99733474,0.08455326,0.0673932195584791,137
1,[],12,[],2019-02-19 16:00:15,295650.72330724,0.0000016899999999999999129363971450690229403335251845419406890869140625,0.000000000067073058,6721621,2019-02-19 16:00:15,btc,11807.70109967316,0.0,0.0000016899999999999999129363971450690229403335251845419406890869140625,btc,158020.15676263,0.0003218799994118,0.025292110000018398,137
1,[],4,[],2019-02-19 16:00:16,212197.47548426,0.00005010,0.0000000019883788200000002,6721622,2019-02-19 16:00:16,btc,1.2129393416940464,0.0,0.00005010,btc,18619.39708439,1.30262869,0.5395133004450893,142
1,[],5,[],2019-02-19 16:00:17,0.0,0,0,6721623,2019-02-19 16:00:17,btc,0.0,0.71218833,0,btc,0.0,0.0,0.0,142
1,[],17,[],2019-02-19 16:00:29,22967.386363640002,0.00000088,0.000000000034925616000000005,6721624,2019-02-19 16:00:29,btc,20.0699133484,0.0,0.00000088,btc,405.079105,0.0,0.0104613000000032,142
1,[],20,[],2019-02-19 16:00:31,134018.334,0.000045,0.000000001785969,6721625,2019-02-19 16:00:31,btc,0.3788254293402,5089.7983,0.000045,btc,3563.6313,0.389674957848,0.256631708212,142
1,[],22,[],2019-02-19 16:00:34,1835.7342692793673,0.00005011,0.000000001988775702,6721626,2019-02-19 16:00:34,BTC,3.0070065,0.0,0.00005011,BTC,896.9784641392417,0.0,0.01140906,142
0.0,[],25,[],2019-02-19 16:00:36,0.0,0,0,6721627,2019-02-19 16:00:36,,0.0,0.0,0.0,btc,0.0,0.0,0.0,142
1,[],28,[],2019-02-19 16:00:38,77453.0,0.00004500,0.000000001785969,6721628,2019-02-19 16:00:38,btc,0.057100837,474.0,0.00004500,btc,356.4989,0.0,0.0488782,142
0,[],22,[],2019-02-19 16:00:47,0.0,0,0,6721629,2019-02-19 16:00:47,,67.24443376,0.0,0,,817363658.3,0.0,0.0,143
1,[],21,[],2019-02-19 16:00:49,32233448.7235739,0.00000025,0.00000000000992205,6721630,2019-02-19 16:00:49,btc,60.43430553893752,24107934.48072671,0.00000025,btc,103873852.71010445,6.13109077,4.491082712833967,145
0,[],22,[],2019-02-19 16:00:59,0.0,0,0,6721631,2019-02-19 16:00:59,,4.24946284,0.0,0,,1812156.0,0.0,0.0,146
,[],22,[],2018-11-20 23:01:11,0.0,0,0,4862114,2018-11-20 23:01:11,,2.56807021,0.0,,,61828.4988236,0.0,0.0,147
1,[],12,[],2019-02-19 15:26:13,8678497.7976922,0.00000279999999999999987329471311248152431971902842633426189422607421875,0.00000000011100516,6721040,2019-02-19 15:26:13,btc,16.564552971046496,0.0,0.00000279999999999999987329471311248152431971902842633426189422607421875,btc,118287.3460165,0.0044538930516384,0.10465754799999,148
1,[],4,[],2019-02-19 16:00:59,242354.10868999,0.00000029,0.000000000011509578000000001,6721632,2019-02-19 16:00:59,btc,0.7779606204363985,0.0,0.00000029,btc,593167.18068715,0.00020876,0.0570147890786126,152
0,[],22,[],2019-02-19 16:01:02,0.0,0,0,6721633,2019-02-19 16:01:02,,0.0,0.0,0,,0.0,0.0,0.0,152
1,[],5,[],2019-02-19 16:01:03,0.0,0,0,6721634,2019-02-19 16:01:03,btc,0.0,0.0,0,btc,0.0,0.0,0.0,153
,[],16,[],2019-01-11 15:38:59,0.0,0,0,6366141,2019-01-11 15:38:59,btc,0.0,0.0,,btc,0.0,0.0,0.0,155
0,[],22,[],2019-02-19 16:01:07,0.0,0,0,6721635,2019-02-19 16:01:07,,6.74608761,0.0,0,,4644402.242592593,0.0,0.0,156
0,[],23,[],2019-01-20 23:24:29,0.0,0,0,6476932,2019-01-20 23:24:29,,0.0,0.0,0,,0.0,0.0,0.0,156
1,[],22,[],2019-02-19 16:01:12,7073.8,0.00005300,0.0000000021034746,6721636,2019-02-19 16:01:12,BTC,43.78801181,0.0,0.00005300,BTC,1067.5805334758436,0.0,0.00104336,157
0,[],22,[],2019-02-19 16:01:15,0.0,0,0,6721637,2019-02-19 16:01:15,,50175.68008609,0.0,0,,54479136.04179466,0.0,0.0,158
,[],17,[],2018-11-20 22:56:10,0.0,0,0,4861976,2018-11-20 22:56:10,btc,1.1265625,0.0,,btc,1000.0,0.0,0.0,159
,[],20,[],2018-11-20 22:56:12,0.0,0,0,4861977,2018-11-20 22:56:12,btc,11912.7940471,0.0,,btc,34413894.3617,0.0,0.0,159
1,[],12,[],2019-02-19 16:01:17,187177.22021822,0.00000740000000000000030041073795228356857478502206504344940185546875,0.00000000029369268000000004,6721638,2019-02-19 16:01:17,btc,6.657398892631487,0.0,0.00000740000000000000030041073795228356857478502206504344940185546875,btc,14477.21569509,0.0017030822,0.1038779732000016,168
1,[],17,[],2019-02-19 15:39:19,29784.95,0.000001,0.0000000000395837,6721249,2019-02-19 15:39:19,btc,0.03026736251542,0.0,0.000001,btc,144.46171372,0.0,0.00716147,168
1,[],22,[],2019-02-19 16:01:21,1000.0,0.00000001,0.000000000000396882,6721639,2019-02-19 16:01:21,BTC,1.14655792,0.0,0.00000001,BTC,759972.8900917594,0.0,1e-05,169
1,[],22,[],2019-02-19 16:01:26,179295.22727272726,0.00000022,0.000000000008731404000000001,6721640,2019-02-19 16:01:26,BTC,13.2934994,0.0,0.00000022,BTC,167909.3849585259,0.0,0.02507459,171
1,[],22,[],2019-02-19 16:01:30,133596.6,0.00000005,0.00000000000198441,6721641,2019-02-19 16:01:30,BTC,2.66399572,0.0,0.00000005,BTC,270115.98850797466,0.0,0.00533987,173
1,[],5,[],2019-02-19 16:01:31,0.0,0,0,6721642,2019-02-19 16:01:31,btc,0.0,0.19155521,0,btc,0.0,0.0,0.0,175
1,[],22,[],2019-02-19 16:01:35,67830.0,0.00000032,0.000000000012700224,6721643,2019-02-19 16:01:35,BTC,0.53059598,0.0,0.00000032,BTC,143403.40970790636,0.0,0.0127826,176
1,[],7,[],2019-02-19 16:01:37,0.0,0,0,6721644,2019-02-19 16:01:37,btc,410918.63489866455,0.0,0,btc,115828955.16222881,0.0,0.0,178
0,[],22,[],2019-02-19 16:01:40,0.0,0,0,6721645,2019-02-19 16:01:40,,1.00242428,0.0,0,,57512.0,0.0,0.0,178
0,[],2,[],2019-01-20 23:28:34,0.0,0,0,6477001,2019-01-20 23:28:34,,0.0,0.0,0,,0.0,0.0,0.0,178
1,[],5,[],2019-02-19 16:01:41,0.0,0,0,6721646,2019-02-19 16:01:41,btc,0.0,0.57389982,0,btc,0.0,0.0,0.0,179
1,[],22,[],2019-02-19 16:01:46,7859285.0,0.00000002,0.000000000000793764,6721647,2019-02-19 16:01:46,BTC,5.49491223,0.0,0.00000002,"BTC,LTC",17558294.468656633,0.0,0.38444554,179
0,[],23,[],2019-01-20 23:25:08,0.0,0,0,6476952,2019-01-20 23:25:08,,0.0,0.0,0,,0.0,0.0,0.0,179
1,[],17,[],2019-02-19 16:01:48,10504.725,0.0000001,0.00000000000396882,6721648,2019-02-19 16:01:48,btc,5.2010695838170005,0.0,0.0000001,btc,4994.45945,0.0,0.0010504725,180
1,[],22,[],2019-02-19 16:01:52,128933.32,0.00000025,0.00000000000992205,6721649,2019-02-19 16:01:52,BTC,0.19907835,0.0,0.00000025,"BTC,LTC",57311.44735553546,0.0003,0.00134617,180
1,[],26,[],2019-02-19 16:01:53,0.0,0.00000100,0.0000000000396882,6721650,2019-02-19 16:01:53,btc,0.0,0.0,0.00000100,btc,0.0,0.0,0.0,180
,[],7,[],2018-11-20 22:58:01,562227.975654,0.00000085,0.000000000036176765,4862015,2018-11-20 22:58:01,btc,21836.6059674,2491.87645172,,btc,749999.041456,0.00211021,0.127565380455,183
,[],5,[],2019-01-10 08:11:41,0.0,0,0,6347036,2019-01-10 08:11:41,btc,82.15055501,0.00261,,btc,1.19002445,0.0,0.0,187
1,[],24,[],2019-02-19 16:01:54,0.0,0.000000000001,3.96882e-17,6721651,2019-02-19 16:01:54,btc,0.0,0.0,0.000000000001,btc,0.0,0.0,0.0,187
,[],17,[],2018-11-16 20:58:10,4062536.27273,0.00000001,0.000000000000550501,4708775,2018-11-16 20:58:10,btc,3.36492563466,0.195460381006,,"btc,eth",110697919.549,0.0,0.0157628953496,187
0,[],22,[],2019-02-19 16:01:57,0.0,0,0,6721652,2019-02-19 16:01:57,,1.19374426,0.0,0,,16338.869534405507,0.0,0.0,191
0,[],22,[],2019-02-19 16:02:04,0.0,0,0,6721653,2019-02-19 16:02:04,,0.0,0.0,0,,0.0,0.0,0.0,197
0,[],23,[],2019-01-20 23:31:41,0.0,0,0,6477079,2019-01-20 23:31:41,,0.0,0.0,0,,0.0,0.0,0.0,199
0,[],22,[],2019-02-19 16:02:07,0.0,0,0,6721654,2019-02-19 16:02:07,,5.17330081,0.0,0,,21824453.0,0.0,0.0,199
1,[],26,[],2019-02-19 16:02:07,0.0,0.00000000,0,6721655,2019-02-19 16:02:07,btc,0.0,477853.0,0.00000000,btc,0.0,0.0,0.0,199
0,[],17,[],2019-01-30 16:32:01,0.0,0,0,6540827,2019-01-30 16:32:01,btc,6.802544163788159,0.0,0,btc,105897.55575295,0.0,0.0,200
0,[],2,[],2019-01-20 23:30:49,0.0,0,0,6477059,2019-01-20 23:30:49,,0.0,0.0,0,,0.0,0.0,0.0,201
1,[],4,[],2019-01-25 15:51:35,2084389.58565343,0.00000936,0.000000000333526752,6499557,2019-01-25 15:51:35,btc,2.0092503037378524,0.0,0.00000936,btc,160195.80207885,0.19272417,1.242687955921835,211
1,[],7,[],2019-02-19 16:02:10,4926091.12276065,0.000001359999999999999896105784720490294859018831630237400531768798828125,0.000000000053975952,6721656,2019-02-19 16:02:10,btc,15475875.689930307,1183669.41881,0.000001359999999999999896105784720490294859018831630237400531768798828125,btc,12600796.2739669,1.6350993,3.3906525490266692,212
1,[],5,[],2019-02-19 16:02:12,0.0,0,0,6721657,2019-02-19 16:02:12,btc,0.0,0.09998645,0,btc,0.0,0.0,0.0,213
1,[],12,[],2019-01-25 02:44:32,207462.42853209,0.000001080000000000000035831255497387193287295303889550268650054931640625,0.000000000038610756000000006,6493050,2019-01-25 02:44:32,btc,85023.03793723314,0.0,0.000001080000000000000035831255497387193287295303889550268650054931640625,btc,43675.73520027,0.000146250909087,0.0348620860622024,213
1,[],24,[],2019-02-19 16:02:12,0.0,0.000000050000,0.00000000000198441,6721658,2019-02-19 16:02:12,btc,0.0,20.0,0.000000050000,btc,0.0,1.76e-05,0.0,213
1,[],26,[],2019-02-19 16:02:12,0.0,0.00000009,0.0000000000035719380000000003,6721659,2019-02-19 16:02:12,btc,0.0,0.0,0.00000009,btc,0.0,0.0,0.0,213
0,[],22,[],2019-02-19 16:02:15,0.0,0,0,6721660,2019-02-19 16:02:15,,2.19551377,0.0,0,,211112.59081706151,0.0,0.0,216
1,[],27,[],2019-02-19 16:02:17,5380957.5615,0.00000006,0.000000000002381292,6721661,2019-02-19 16:02:17,btc,362.0745472606,2500.0,0.00000006,"btc,ltc",264161.775,0.00015,0.06202726246,216
1,[],22,[],2019-02-19 16:02:21,181938.22052495697,0.00000193,0.00000000007659822600000001,6721662,2019-02-19 16:02:21,BTC,12676.78118551,0.0,0.00000193,BTC,402621.5795383273,0.01299421,0.20148516,217
1,[],7,[],2019-02-19 16:02:22,0.0,0,0,6721663,2019-02-19 16:02:22,btc,77969.6156418105,0.0,0,btc,137055636.5050253,0.0,0.0,219
0,[],27,[],2019-02-19 16:02:24,0.0,0,0,6721664,2019-02-19 16:02:24,,5.341833788316972,0.0,0,btc,1599140.99226595,0.0,0.0,219
0.0000000000000052,[],28,[],2019-02-19 16:02:26,168163313.092,4.316468e-18,1.7131284527760001e-22,6721665,2019-02-19 16:02:26,doge,84047.8870939895,14247.0,0.00083009,"btc,doge",4762557.44411,0.0,1.146809490483488e-11,219
1,[],22,[],2019-02-19 16:02:30,245785.6,0.00000015,0.0000000000059532300000000005,6721666,2019-02-19 16:02:30,BTC,2.99419401,0.0,0.00000015,BTC,90971.18152986986,0.0,0.02663591,221
1,[],24,[],2019-02-19 16:02:30,0.0,0.000000180000,0.0000000000071438760000000006,6721667,2019-02-19 16:02:30,btc,0.0,0.0,0.000000180000,btc,0.0,0.0,0.0,221
1,[],20,[],2019-02-19 16:02:32,41157650.5752,0.000000002,0.0000000000000793764,6721668,2019-02-19 16:02:32,btc,47.9786214075211,4060.2685,0.000000002,btc,10194573.1132,8.120537e-06,0.0417827455705,224
0,[],22,[],2019-02-19 16:02:34,0.0,0,0,6721669,2019-02-19 16:02:34,,0.0,0.0,0,,0.0,0.0,0.0,224
1,[],26,[],2019-02-19 16:02:34,0.0,0.00000034,0.000000000013493988000000002,6721670,2019-02-19 16:02:34,btc,0.0,0.0,0.00000034,btc,0.0,0.0,0.0,231
1,[],26,[],2019-02-19 16:02:35,0.0,0.00000006,0.000000000002381292,6721671,2019-02-19 16:02:35,btc,0.0,0.0,0.00000006,btc,0.0,0.0,0.0,234
0,[],27,[],2019-02-19 16:02:38,0.0,0,0,6721672,2019-02-19 16:02:38,,0.0113483662182,0.0,0,"btc,eth",11462.99618,0.0,0.0,234
0,[],22,[],2019-02-19 16:02:40,0.0,0,0,6721673,2019-02-19 16:02:40,,4.04786652,0.0,0,,108574057.81349206,0.0,0.0,235
1,[],4,[],2019-02-19 16:02:41,859305.54144157,0.00000079,0.000000000031353678000000004,6721674,2019-02-19 16:02:41,btc,0.3008436106653544,0.0,0.00000079,btc,242934.31047931,0.0300667,0.24051718445728,236
1,[],24,[],2019-02-19 16:02:41,0.0,0.000000020010,0.000000000000794160882,6721675,2019-02-19 16:02:41,btc,0.0,0.0,0.000000020010,btc,0.0,0.0,0.0,236
1,[],22,[],2019-02-19 16:02:47,116403.0,0.00000004,0.000000000001587528,6721676,2019-02-19 16:02:47,BTC,0.0405823,0.0,0.00000004,"BTC,LTC",3164.0,0.0,0.00482009,237
1,[],20,[],2019-02-19 15:53:59,68082757.734,0.000000066,0.0000000000026126826,6721480,2019-02-19 15:53:59,btc,16.7796682459138,31103652.4715,0.000000066,btc,41551233.8643,2.2861583689766,0.4253806171066,237
1,[],4,[],2019-02-19 16:02:48,4783126.60601501,0.00000034,0.000000000013493988000000002,6721677,2019-02-19 16:02:48,btc,0.4654513831065075,0.0,0.00000034,btc,1210575.90200686,0.280724,1.5175002646074682,238
1,[],5,[],2019-02-19 16:02:49,0.0,0,0,6721678,2019-02-19 16:02:49,btc,0.0,0.06111751,0,btc,0.0,0.0,0.0,238
0,[],22,[],2019-02-19 16:02:51,0.0,0,0,6721679,2019-02-19 16:02:51,,27.41701007,0.0,0,,370860.0639027493,0.0,0.0,249
0.0000000001221335,[],22,[],2019-02-19 16:02:55,7021097.666666667,3.664005e-18,1.45417763241e-22,6721680,2019-02-19 16:02:55,LTC,0.56670218,0.0,0.00000003,LTC,15147487.09,0.0,0.20963595,252
1,[],28,[],2019-02-19 16:02:58,4391956.698,0.0000001,0.00000000000396882,6721681,2019-02-19 16:02:58,btc,164693.70277468514,51101.0,0.0000001,btc,1125305.4751,0.0,0.2663411375,256
1,[],22,[],2019-02-19 16:03:01,1483373.6666666667,0.00000003,0.000000000001190646,6721682,2019-02-19 16:03:01,BTC,31.40136043,0.0,0.00000003,BTC,455878.3791200279,0.000345,0.04335593,258
1,[],22,[],2019-02-19 16:03:13,49651.0,0.00000002,0.000000000000793764,6721683,2019-02-19 16:03:13,BTC,2.629917,0.0,0.00000002,BTC,1762.0,0.0,0.00050551,259
1,[],22,[],2019-02-19 16:03:17,10700.566111111111,0.00001800,0.0000000007143876,6721684,2019-02-19 16:03:17,BTC,1292.99475,0.0,0.00001800,"BTC,LTC",4497.297188473189,0.01577885,0.01226404,262
1,[],5,[],2019-02-19 16:03:19,0.0,0,0,6721685,2019-02-19 16:03:19,btc,0.0,0.08884788,0,btc,0.0,0.0,0.0,264
1,[],20,[],2019-02-19 16:03:21,1248032.4521,0.000001015,0.000000000040283523,6721686,2019-02-19 16:03:21,btc,8.6295502873849,18943.0417,0.000001015,btc,152336.1764,0.0689449420549,0.0315022554864,264
1,[],22,[],2019-02-19 16:03:24,45414.0,0.00000001,0.000000000000396882,6721687,2019-02-19 16:03:24,BTC,8.43553312,0.0,0.00000001,BTC,415509.1485028838,0.00029151,0.00045414,271
0,[],22,[],2019-02-19 16:03:27,0.0,0,0,6721688,2019-02-19 16:03:27,,388.44178703,0.0,0,,15473097515.9,0.0,0.0,272
0.0000000000000052,[],28,[],2019-02-19 16:03:30,231227588892.298,4.784e-21,1.898683488e-25,6721689,2019-02-19 16:03:30,doge,441788063.8384249,56888073839.1786,0.00000092,doge,212917046665.75848,0.0,6.446014242133762e-10,272
1,[],22,[],2019-02-19 16:03:35,15172.54,0.00000500,0.00000000019844100000000002,6721690,2019-02-19 16:03:35,BTC,74.22627281,0.0,0.00000500,"BTC,LTC",4514.887704275736,0.08111075,0.05332163,281
