pairValue,buyBook,exchangeId,sellBook,updated,buyTotal,satoshiPrice,usdPrice,exchangeLogId,created,bestPair,sellTotalBtc,volume,pairPrice,activePairs,sellTotal,volumeBtc,buyTotalBtc,coinId
1,[],3,[],2019-06-24 08:05:29,31487.498517195287,0.0107141800000000002313083058425036142580211162567138671875,0.000001160088553680000088295121231,7758122,2019-06-24 08:05:29,btc,9.159424653135293,58.1333881751,0.0107141800000000002313083058425036142580211162567138671875,btc,20.830331490573002,0.0,0.3739297166502937,1
1,[],4,[],2019-06-24 08:05:30,353722.07425073,0.01074001,0.000001162885322760000063402467671,7758123,2019-06-24 08:05:30,btc,8.515553249237268,0.0,0.01074001,btc,365.98544747,3.10504067,2.387847974497214,1
1,[],5,[],2019-06-24 08:05:32,0.0,0,0,7758124,2019-06-24 08:05:32,btc,0.0,0.0121473,0,btc,0.0,0.0,0.0,1
1,[],10,[],2019-06-24 08:05:35,310510.34799149,0.0037865,0.000000409987074,7758125,2019-06-24 08:05:35,btc,6521.7367196559735,1333.99324906,0.0037865,btc,1296.88145122,0.0,1.5191780695236028,1
1,[],12,[],2019-06-24 08:05:38,94.83289863,0.0107499999999999991395771559155036811716854572296142578125,0.000001163966999999999970298298672,7758126,2019-06-24 08:05:38,btc,0.3108162649605,0.0,0.0107499999999999991395771559155036811716854572296142578125,btc,26.29244206,3.10475583115,0.2281608981366,1
1,[],20,[],2019-06-24 08:05:40,918.9095,0.010100021,0.000001093589873796000059624363007,7758127,2019-06-24 08:05:40,btc,0.1570915449851,0.9024,0.010100021,btc,11.6246,0.0105266780843,0.1339690846122,1
1,[],21,[],2019-06-24 08:05:40,2073.95603862,0.01074529999999999929638505591,0.000001163458102799999987249084918,7758128,2019-06-24 08:05:40,btc,12.730503316943311,1687.19101224,0.01074529999999999929638505591356079094111919403076171875,"btc,eth",1508.02387422,16.847594062283562,17.085421445499563,1
1,[],22,[],2019-06-24 08:05:44,0.0199,0.00110000,0.00000011910360000000001,7758129,2019-06-24 08:05:44,BTC,0.01666796,0.0,0.00110000,BTC,0.25318100557485945,0.0,2.189e-05,1
1,[],24,[],2019-06-24 08:05:44,0.0,0.000000000000,0,7758130,2019-06-24 08:05:44,btc,0.0,0.0,0.000000000000,btc,0.0,0.0,0.0,1
0.0,[],25,[],2019-06-24 08:05:45,0.0,0,0,7758131,2019-06-24 08:05:45,btc,56.2999999978882,9499.61864425,0.0,btc,5108.27658766,102.9574,0.0,1
1,[],26,[],2019-06-24 08:05:47,0.0,0,0,7758132,2019-06-24 08:05:47,,0.0,0.0,0,,0.0,0.0,0.0,1
0,[],28,[],2019-06-24 08:05:49,0.0,0,0,7758133,2019-06-24 08:05:49,,0.0,0.0,0,,0.0,0.0,0.0,1
0,[],2,[],2019-01-20 23:28:45,0.0,0,0,6477011,2019-01-20 23:28:45,,0.0,0.0,0,,0.0,0.0,0.0,1
1,[],5,[],2019-06-17 14:29:02,0.0,0,0,7740076,2019-06-17 14:29:02,btc,0.0,2.72e-05,0,btc,0.0,0.0,0.0,2
1,[],22,[],2019-06-17 14:29:06,11550.3,0.0000002,0.0000000000185828,7740077,2019-06-17 14:29:06,BTC,21.00897301,0.0,0.0000002,"BTC,XMR",20678.87287795317,1.754e-05,0.00143681,2
1,[],5,[],2019-06-03 14:48:58,0.0,0,0,7731126,2019-06-03 14:48:58,btc,0.0,0.05905545,0,btc,0.0,0.0,0.0,3
1,[],12,[],2019-06-03 14:48:59,3468623.70302,0.000000116,0.000000000009823402000000002,7731127,2019-06-03 14:48:59,btc,169531.0336573751,0.0,0.000000116,btc,2361209.62379607,0.041350953071,0.33764769154428,3
0,[],28,[],2019-06-03 14:49:00,0.0,0,0,7731128,2019-06-03 14:49:00,,0.0,0.0,0,,0.0,0.0,0.0,3
0,[],2,[],2019-01-20 23:31:32,0.0,0,0,6477077,2019-01-20 23:31:32,,0.0,0.0,0,,0.0,0.0,0.0,4
1,[],4,[],2019-05-18 21:29:50,562734.9206932,0.00000010,0.000000000007298720000000001,7650946,2019-05-18 21:29:50,btc,41.9347137769675,0.0,0.00000010,btc,1123702.32192634,0.00052462,0.029254593370966,4
0,[],12,[],2019-06-02 05:03:43,0.0,0,0,7724919,2019-06-02 05:03:43,btc,625.901992874995,0.0,0,btc,1211362.4995005,0.0,0.0,5
0,[],2,[],2019-01-20 23:31:51,0.0,0,0,6477087,2019-01-20 23:31:51,,0.0,0.0,0,,0.0,0.0,0.0,6
1,[],11,[],2019-06-24 08:05:51,4268416.276736,0.00000002,0.0000000000021655200000000002,7758134,2019-06-24 08:05:51,btc,9583.591528561648,1938000.0,0.00000002,btc,75207151.28160685,0.0,0.04543733276736,6
1,[],3,[],2019-06-24 08:05:53,11754.313182373076,0.000085019999999999995750343817491057052393443882465362548828125,0.00000000920562552,7758135,2019-06-24 08:05:53,btc,2027.938408138011,514.854334368,0.000085019999999999995750343817491057052393443882465362548828125,btc,419.617573268042,0.0,0.02327550059002967,7
1,[],4,[],2019-06-24 08:05:54,299375.43597171,0.00007342,0.00000000794962392,7758136,2019-06-24 08:05:54,btc,7.237489257383581,0.0,0.00007342,btc,55430.4528872,1.15832453,1.7493013360183658,7
1,[],5,[],2019-06-24 08:05:55,0.0,0,0,7758137,2019-06-24 08:05:55,btc,0.0,0.02595231,0,btc,0.0,0.0,0.0,7
1,[],20,[],2019-04-07 22:06:50,3201475.0482,0.000000001,0.000000000000051590000000000004,7213932,2019-04-07 22:06:50,btc,30.8005781811902,0.0,0.000000001,btc,23077405.3926,0.0,0.0032014750482,8
1,[],4,[],2019-06-24 08:05:57,1785291.28892728,0.00000053,0.000000000057386280000000006,7758138,2019-06-24 08:05:57,btc,3.12069184765301,0.0,0.00000053,btc,2900024.3767666,0.75141822,0.447750605053723,9
0,[],28,[],2019-06-24 08:05:58,0.0,0,0,7758139,2019-06-24 08:05:58,,0.0,0.0,0,,0.0,0.0,0.0,9
0,[],2,[],2019-01-20 23:22:42,0.0,0,0,6476876,2019-01-20 23:22:42,,0.0,0.0,0,,0.0,0.0,0.0,9
0,[],23,[],2019-01-20 23:22:48,0.0,0,0,6476878,2019-01-20 23:22:48,,0.0,0.0,0,,0.0,0.0,0.0,9
1,[],1,[],2019-02-17 23:31:42,1822507.21,0.00000181000000000000003456111265232042484285557293333113193511962890625,0.000000000066086901,6701244,2019-02-17 23:31:42,btc,3.6990969245,17153386.5,0.00000181000000000000003456111265232042484285557293333113193511962890625,btc,1997391.71,31.11772986,3.2610482446,9
1,[],4,[],2019-02-17 11:22:43,4341674.27126056,0.00000002,0.0000000000007272960000000001,6696112,2019-02-17 11:22:43,btc,0.1997230937751353,0.0,0.00000002,btc,4109766.79808031,0.00215132,0.0479381022052112,10
1,[],4,[],2019-06-24 08:06:00,40783372.60752733,0.00000031,0.00000000003356556,7758140,2019-06-24 08:06:00,btc,6.9533380990091285,0.0,0.00000031,btc,8039739.09757412,0.8310416,2.015956918054735,12
1,[],5,[],2019-06-24 08:06:01,0.0,0,0,7758141,2019-06-24 08:06:01,btc,0.0,0.00981378,0,btc,0.0,0.0,0.0,12
0.0,[],25,[],2019-06-24 08:06:02,0.0,0,0,7758142,2019-06-24 08:06:02,,0.0,0.0,0.0,btc,0.0,0.0,0.0,12
0,[],2,[],2019-01-20 23:23:08,0.0,0,0,6476890,2019-01-20 23:23:08,,0.0,0.0,0,,0.0,0.0,0.0,12
1,[],4,[],2019-06-24 08:06:03,590657.15771688,0.00000331,0.00000000035839356000000003,7758143,2019-06-24 08:06:03,btc,2.1479417490634396,0.0,0.00000331,btc,342067.51265513,0.91988085,0.3892790822928921,13
1,[],21,[],2019-06-24 08:06:06,6036110.81344336,0.000003379999999999999825872794290,0.00000000036597288,7758144,2019-06-24 08:06:06,btc,3.1511584324186566,1622463.67901876,0.000003379999999999999825872794290138045880667050369083881378173828125,btc,708550.39680551,5.33704064,3.954177604575826,13
1,[],10,[],2019-06-24 06:53:57,568612.52781676,0.00000339,0.000000000364859598,7757923,2019-06-24 06:53:57,btc,666798.2740581548,33827.5076299,0.00000339,btc,869417.29192553,0.0,0.2477024361972625,13
1,[],4,[],2019-06-24 08:06:07,977990.26656459,0.00000065,0.00000000007037940000000001,7758145,2019-06-24 08:06:07,btc,9.743510287431787,0.0,0.00000065,btc,1275078.98757265,0.07436047,0.1011345997459681,14
1,[],12,[],2019-06-24 08:06:08,217044.96419608,0.00000057,0.00000000006171732000000001,7758146,2019-06-24 08:06:08,btc,195.91471968385434,0.0,0.00000057,btc,26420.59520206,0.000395618282,0.0177096099999549,14
1,[],26,[],2019-06-24 08:08:08,0.0,0.00000050,0.000000000054138,7758147,2019-06-24 08:08:08,btc,0.0,0.0,0.00000050,btc,0.0,0.0,0.0,14
0,[],17,[],2019-05-03 00:53:32,0.0,0,0,7558876,2019-05-03 00:53:32,btc,0.0,0.0,0,btc,0.0,0.0,0.0,14
0,[],4,[],2019-06-24 08:08:10,0.0,0,0,7758148,2019-06-24 08:08:10,,0.0,0.0,0,,0.0,0.0,0.0,15
,[],12,[],2018-12-01 15:15:48,204241.84496,0.00000489,0.000000000202473384,5260204,2018-12-01 15:15:48,btc,49.5475654835,0.0,,btc,35763.2193806,0.0163153972027625,0.0203389899998,15
1,[],4,[],2019-06-24 08:08:12,31565.07577713,0.00000932,0.00000000100913232,7758149,2019-06-24 08:08:12,btc,2.4532822218407686,0.0,0.00000932,btc,16871.74087684,0.05280809,0.0454765904586008,18
1,[],10,[],2019-06-24 08:08:14,383119.76222277,0.00000971,0.00000000105135996,7758150,2019-06-24 08:08:14,btc,14.886408581222577,2202.57202602,0.00000971,btc,10675.34399313,0.0,0.1243665977668777,18
1,[],12,[],2019-06-24 08:08:15,933.73075762,0.000009500000000000000523019128007007338965195231139659881591796875,0.0000000010286220000000001,7758151,2019-06-24 08:08:15,btc,0.5224324056693588,0.0,0.000009500000000000000523019128007007338965195231139659881591796875,btc,1928.44661749,7.04898e-07,0.0037161402519266,18
0,[],2,[],2019-01-20 23:23:38,0.0,0,0,6476906,2019-01-20 23:23:38,,0.0,0.0,0,,0.0,0.0,0.0,18
0,[],17,[],2019-05-03 00:53:39,0.0,0,0,7558882,2019-05-03 00:53:39,btc,0.0,0.0,0,btc,0.0,0.0,0.0,18
1,[],3,[],2019-06-24 08:10:16,159844.67407945544,0.000007659999999999999505139770816786182194846333004534244537353515625,0.00000000082939416,7758152,2019-06-24 08:10:16,btc,190.34679919887512,12994.6057188,0.000007659999999999999505139770816786182194846333004534244537353515625,btc,18689.065406828817,0.0,0.0773619589436963,19
1,[],4,[],2019-06-24 08:10:16,367966.43183886,0.00000876,0.0000000009484977600000001,7758153,2019-06-24 08:10:16,btc,5.421066641149717,0.0,0.00000876,btc,247104.09379008,0.33387297,1.6472171096721169,19
1,[],5,[],2019-06-24 08:10:17,0.0,0,0,7758154,2019-06-24 08:10:17,btc,0.0,0.00550017,0,btc,0.0,0.0,0.0,19
1,[],12,[],2019-06-24 08:10:19,109033.27969068,0.0000070199999999999997035075686990790444497179123573005199432373046875,0.00000000076009752,7758155,2019-06-24 08:10:19,btc,1.2049269424722844,0.0,0.0000070199999999999997035075686990790444497179123573005199432373046875,btc,2973.67008334,0.0,0.019917431376385,19
0,[],27,[],2019-06-24 08:10:24,0.0,0,0,7758156,2019-06-24 08:10:24,,0.0,0.0,0,btc,0.0,0.0,0.0,19
0,[],2,[],2019-01-20 23:24:19,0.0,0,0,6476924,2019-01-20 23:24:19,,0.0,0.0,0,,0.0,0.0,0.0,19
1,[],4,[],2019-06-24 08:10:26,10157212.92416777,0.00000005,0.0000000000054138,7758157,2019-06-24 08:10:26,btc,6.358699008884453,0.0,0.00000005,btc,2305311.3564439,0.0,0.1211805081896551,20
0,[],4,[],2019-06-24 08:10:27,0.0,0,0,7758158,2019-06-24 08:10:27,,11157.63905225139,0.0,0,,83613383.40349498,0.0,0.0,21
0,[],12,[],2019-06-24 08:10:27,0.0,0,0,7758159,2019-06-24 08:10:27,btc,2602.9610072350947,0.0,0,btc,7969338.30769228,0.0,0.0,21
0,[],17,[],2019-05-03 00:53:51,0.0,0,0,7558891,2019-05-03 00:53:51,btc,0.0,0.0,0,btc,0.0,0.0,0.0,21
1,[],12,[],2019-06-24 07:54:47,5961171345.277,0.0000000004,0.00000000000004320188,7758110,2019-06-24 07:54:47,btc,1428624031765.2551,0.0,0.0000000004,btc,2579013768.3356643,0.077256576756,1.4915461482108003,23
0.0000000002847158,[],27,[],2019-06-24 07:54:52,66009194.61538462,1.1388632e-17,1.2300257825704e-21,7758111,2019-06-24 07:54:52,eth,1046.0968162079005,52694.38461538,0.00000004,eth,7505122.70979221,6.00118268924e-13,2.74571240696489e-10,23
1,[],4,[],2019-06-22 05:45:29,6100414.07522138,0.00000017,0.00000000001823352,7751732,2019-06-22 05:45:29,btc,10.22685272773715,0.0,0.00000017,btc,1790815.48208265,0.0,0.1345450262400025,24
0,[],22,[],2019-06-22 05:45:31,0.0,0,0,7751733,2019-06-22 05:45:31,,6.22e-05,0.0,0,,517.4264705882352,0.0,0.0,24
0.0,[],25,[],2019-06-22 05:45:32,0.0,0,0,7751734,2019-06-22 05:45:32,,0.0,0.0,0.0,btc,0.0,0.0,0.0,24
1,[],4,[],2019-06-24 07:54:53,26930028.48640624,0.00000386,0.000000000416898142,7758112,2019-06-24 07:54:53,btc,6.578914483036221,0.0,0.00000386,btc,209701.30609309,0.1019228,0.4142136325800651,26
1,[],10,[],2019-06-24 07:54:55,162712.97653985,0.00000425,0.000000000459019975,7758113,2019-06-24 07:54:55,btc,25.268207201992045,6702.86939792,0.00000425,btc,19674.97253042,0.0,0.0513873557088212,26
0,[],2,[],2019-01-20 23:25:56,0.0,0,0,6476976,2019-01-20 23:25:56,,0.0,0.0,0,,0.0,0.0,0.0,26
1,[],5,[],2019-04-26 09:47:06,0.0,0,0,7465326,2019-04-26 09:47:06,btc,0.0,0.0,0,btc,0.0,0.0,0.0,27
1,[],3,[],2019-06-17 14:30:26,13571825.64059417,0.00000001,0.00000000000092914,7740112,2019-06-17 14:30:26,btc,3.485049956644059,4264730.43754,0.00000001,btc,23500048.28518193,0.0,0.1357182564059417,27
1,[],11,[],2019-06-17 14:30:28,2031833.58157834,0.00000001,0.00000000000092914,7740113,2019-06-17 14:30:28,btc,67502.92060589766,32677.9652116,0.00000001,btc,6487362.95640949,0.0,0.0203183358157834,27
1,[],4,[],2019-06-24 07:54:56,878896239.078959,0.00000001,0.000000000001080047,7758114,2019-06-24 07:54:56,btc,6.43866029026313,0.0,0.00000001,"btc,ltc",446425938.08077496,0.06388147,5.381392351393368,29
1,[],7,[],2019-06-24 07:54:57,88235545.39145988,0.00000001,0.000000000001080047,7758115,2019-06-24 07:54:57,btc,46548272.19330446,0.0,0.00000001,btc,36539979.61698,0.0,0.8823554539145988,29
0,[],17,[],2019-05-03 01:11:25,0.0,0,0,7559066,2019-05-03 01:11:25,btc,0.0,0.0,0,btc,0.0,0.0,0.0,30
1,[],4,[],2019-06-24 07:30:31,15492325.97378427,0.00000005,0.000000000005408310000000001,7757994,2019-06-24 07:30:31,btc,2.5882812799918344,0.0,0.00000005,btc,2237643.51667946,0.00010978,0.1716198680678411,30
1,[],4,[],2019-06-24 07:32:32,205994.41313272,0.00003401,0.0000000036787324620000003,7757995,2019-06-24 07:32:32,btc,3.5845773445514086,0.0,0.00003401,btc,56404.31513148,0.33334383,0.4011139807378144,31
1,[],21,[],2019-06-24 07:32:33,664510.68436364,0.00003371000000000000081448736644,0.0000000036462826020000002,7757996,2019-06-24 07:32:33,btc,4.704080079016581,214881.23297896,0.0000337100000000000008144873664406304669682867825031280517578125,btc,107461.84657773,7.52044178,3.4179879911976063,31
0,[],2,[],2019-01-20 23:28:43,0.0,0,0,6477009,2019-01-20 23:28:43,,0.0,0.0,0,,0.0,0.0,0.0,32
0,[],4,[],2019-06-24 07:54:57,0.0,0,0,7758116,2019-06-24 07:54:57,,0.0,0.0,0,,0.0,0.0,0.0,33
1,[],12,[],2019-03-30 07:55:10,40641173.964,0.00000003,0.000000000001228359,7108785,2019-03-30 07:55:10,btc,4233210.82356125,0.0,0.00000003,btc,28378394.68333462,0.0126927883965248,0.90752895892,33
0.0000000001256345,[],4,[],2019-06-24 07:55:00,151120667.4421944,6.532994e-17,7.055940570718e-21,7758117,2019-06-24 07:55:00,ltc,4.302726594865668,0.0,0.00000052,ltc,165242216.81827945,0.0,9.071890323431634e-10,34
1,[],5,[],2019-06-24 07:55:01,0.0,0,0,7758118,2019-06-24 07:55:01,btc,0.0,0.0011,0,btc,0.0,0.0,0.0,34
0.0000000002926451,[],17,[],2019-05-02 18:17:47,200000.0,2.9264510000000002e-18,1.596703856561e-22,7556430,2019-05-02 18:17:47,eth,0.20942468735267253,0.0,0.00000001,"btc,eth",1018272.20243647,0.0,5.852902e-13,36
0.0000000001311821,[],4,[],2019-05-31 13:28:19,2417517744.0607657,1.311821e-18,1.105058333085e-22,7717483,2019-05-31 13:28:19,ltc,5.019900492391546e-08,0.0,0.00000001,ltc,7102398142.262129,0.0,3.171350544531538e-09,36
1,[],5,[],2019-05-31 13:28:21,0.0,0,0,7717484,2019-05-31 13:28:21,btc,0.0,0.0,0,btc,0.0,0.0,0.0,36
0.0000000003108179,[],27,[],2019-05-31 13:30:34,10388811.226876,6.216358000000001e-18,5.236566733830001e-22,7717485,2019-05-31 13:30:34,eth,1569.8708019850988,761866.634299,0.00000002,"ltc,eth",5084024.2511555,4.736034912207001e-12,3.3251980286483705e-11,36
1,[],17,[],2019-05-03 01:11:36,211752.74075282,0.00000025,0.000000000013700074999999998,7559074,2019-05-03 01:11:36,btc,0.055484923955058496,0.0,0.00000025,"btc,eth",1387.19918473,0.0,0.0005381851887916605,37
1,[],4,[],2019-06-24 07:32:38,10848112.6575313,0.00000013,0.000000000014061606000000001,7758000,2019-06-24 07:32:38,btc,19773.055461372427,0.0,0.00000013,btc,682946.14349671,0.0,0.1477865110994347,37
1,[],12,[],2019-06-24 07:32:39,4250469.79935103,0.00000014,0.000000000015143268000000002,7758001,2019-06-24 07:32:39,btc,7.377188780899107,0.0,0.00000014,btc,1681114.55625206,0.020781084184,0.1583019907756336,37
1,[],27,[],2019-06-24 07:34:44,11304.0,0.00000019,0.000000000020551578000000002,7758002,2019-06-24 07:34:44,btc,22.62970013895233,0.0,0.00000019,btc,4298.824295,0.0,0.00168776,37
1,[],5,[],2019-06-24 07:34:45,0.0,0,0,7758003,2019-06-24 07:34:45,btc,0.0,0.26611724,0,btc,0.0,0.0,0.0,42
1,[],12,[],2019-06-24 07:34:47,1335100.95621255,0.000001520000000000000058272072063492164062381561961956322193145751953125,0.00000000016441262400000002,7758004,2019-06-24 07:34:47,btc,537.9374175993753,0.0,0.000001520000000000000058272072063492164062381561961956322193145751953125,btc,136158.43505464,0.061048408265,0.0671415156494219,42
1,[],27,[],2019-06-24 07:34:53,889.0,0.00000140,0.00000000015143268,7758005,2019-06-24 07:34:53,btc,0.07600425,0.0,0.00000140,"btc,eth",18.0,0.0,0.0005422000002982579,42
1,[],12,[],2019-03-13 09:13:29,1112112.0,0.00000001,0.000000000000386531,6919902,2019-03-13 09:13:29,btc,29058.00478931866,0.0,0.00000001,btc,5967681.93306694,9.99000999e-07,0.01112112,43
1,[],5,[],2019-04-26 22:38:52,0.0,0,0,7474154,2019-04-26 22:38:52,btc,0.0,0.02638891,0,btc,0.0,0.0,0.0,43
0,[],17,[],2019-04-26 22:38:53,0.0,0,0,7474155,2019-04-26 22:38:53,btc,0.0,0.0,0,btc,0.0,0.0,0.0,43
1,[],12,[],2019-03-05 01:54:08,639326.02,0.00000004,0.000000000001486676,6845775,2019-03-05 01:54:08,btc,11116042.728239931,0.0,0.00000004,btc,1103841.4595604,0.0003330765234764,0.014975410599999999,44
0.0000000001256345,[],4,[],2019-06-24 07:55:02,106678477.19824575,5.02538e-17,5.42764659286e-21,7758119,2019-06-24 07:55:02,ltc,1601.9027329638886,0.0,0.0000004,ltc,26146869.22896898,0.0,5.998555287679746e-10,49
0.0000000001257123,[],4,[],2019-06-24 07:34:56,317443899.4962978,2.5142459999999998e-17,2.7195643568520002e-21,7758007,2019-06-24 07:34:56,ltc,28149.84307187323,0.0,0.0000002,ltc,198419547.44265336,0.0,2.400514113220512e-09,52
0,[],22,[],2019-06-24 07:55:07,0.0,0,0,7758120,2019-06-24 07:55:07,,10289.80784133,0.0,0,,287058287.4566013,0.0,0.0,57
0,[],27,[],2019-06-24 07:55:14,0.0,0,0,7758121,2019-06-24 07:55:14,,0.0,0.0,0,"btc,eth",0.0,0.0,0.0,57
1,[],17,[],2019-05-03 01:12:09,1200000.0,0.0000000001,0.00000000000000548003,7559085,2019-05-03 01:12:09,btc,1e+24,0.0,0.0000000001,"btc,eth",39516342.31952568,0.0,0.00010000000058666061,58
0,[],4,[],2019-06-24 07:35:06,0.0,0,0,7758010,2019-06-24 07:35:06,,19.72015799630267,0.0,0,,5725604268.906376,0.0,0.0,58
1,[],12,[],2019-06-24 07:35:07,460715400.0999,0.0000000001,0.000000000000010816620000000001,7758011,2019-06-24 07:35:07,btc,34228819.43939371,0.0,0.0000000001,btc,3032523541.179777,0.008567751203,0.04607154000999,58
0.0000000001066349,[],22,[],2019-06-24 07:37:10,126877.0,1.066349e-18,1.153429192038e-22,7758012,2019-06-24 07:37:10,XMR,68.17454206,0.0,0.00000001,XMR,9626402.6,0.0,0.00126877,58
1,[],5,[],2019-06-17 14:31:27,0.0,0,0,7740135,2019-06-17 14:31:27,btc,0.0,0.00079154,0,btc,0.0,0.0,0.0,61
1,[],22,[],2019-06-17 14:31:30,13612.833333333334,0.00000012,0.00000000001114968,7740136,2019-06-17 14:31:30,BTC,1002.29123003,0.0,0.00000012,BTC,15014.200177125656,0.0,0.00153257,61
1,[],26,[],2019-06-17 14:31:30,0.0,0.00000050,0.000000000046457,7740137,2019-06-17 14:31:30,btc,0.0,0.0,0.00000050,btc,0.0,0.0,0.0,61
1,[],27,[],2019-06-17 14:31:36,8400.0,0.00000018,0.00000000001672452,7740138,2019-06-17 14:31:36,btc,1.9742539297246655,0.0,0.00000018,"btc,eth",10953.51663696,0.0,0.001512,61
0,[],28,[],2019-06-17 14:31:38,0.0,0,0,7740139,2019-06-17 14:31:38,,0.0,0.0,0,,0.0,0.0,0.0,61
1,[],4,[],2019-06-24 07:37:12,621709.83568711,0.00000075,0.00000000008112465000000001,7758013,2019-06-24 07:37:12,btc,3.6118522320574074,0.0,0.00000075,btc,1318470.69230981,0.04544071,0.354423298808847,67
0.0,[],25,[],2019-06-24 07:37:13,0.0,0,0,7758014,2019-06-24 07:37:13,,0.0,0.0,0.0,btc,0.0,0.0,0.0,67
1,[],12,[],2019-06-02 06:23:14,910048.355,0.00000006,0.000000000005154929999999999,7725270,2019-06-02 06:23:14,btc,5.167005424215783,0.0,0.00000006,btc,738530.60239759,0.003159757462,0.0187188113,71
,[],5,[],2018-11-20 23:02:39,1.5e-07,0.00000005,0.000000000002128045,4862160,2018-11-20 23:02:39,btc,2.84511358,0.0,,btc,0.00036572,0.0,0.07381892,74
1,[],5,[],2019-06-24 07:37:14,0.0,0,0,7758015,2019-06-24 07:37:14,btc,0.0,0.00190465,0,btc,0.0,0.0,0.0,75
1,[],4,[],2019-06-04 03:25:15,715281.46076168,0.00000001,0.000000000000803619,7734085,2019-06-04 03:25:15,btc,581089.6218469425,0.0,0.00000001,btc,37692563.61091116,0.0,0.0071528146076168,81
0,[],20,[],2019-01-25 09:30:31,0.0,0,0,6495923,2019-01-25 09:30:31,btc,0.0,0.0,0,btc,0.0,0.0,0.0,81
1,[],4,[],2019-06-24 07:37:15,216064.01346153,0.00009119,0.000000009863675778,7758016,2019-06-24 07:37:15,btc,56.83027615477576,0.0,0.00009119,btc,110692.99754976,0.72583269,0.2230645117798823,82
1,[],21,[],2019-06-24 07:37:15,65252.51733344,0.00009136000000000000619958945292,0.000000009882064032000002,7758017,2019-06-24 07:37:15,btc,6.450754758652136,16014.61380465,0.000091360000000000006199589452915432730151223950088024139404296875,btc,52186.708246459995,1.46143538,4.5390898077502175,82
0,[],17,[],2019-03-25 22:42:34,0.0,0,0,7038780,2019-03-25 22:42:34,btc,0.0445064681804024,0.0,0,btc,995513.18476001,0.0,0.0,84
0.0000000001161485,[],4,[],2019-05-20 13:09:39,216715621.0206096,1.161485e-18,9.0533806701e-23,7657228,2019-05-20 13:09:39,ltc,1.6511566870244727,0.0,0.00000001,ltc,471032407.9048656,0.0,2.5171194308112273e-10,85
,[],22,[],2018-11-20 23:09:34,3408.1,0.0000001,0.0000000000041895,4862324,2018-11-20 23:09:34,BTC,0.04624735,0.0,,BTC,4990.0,0.0,0.00033081,86
1,[],22,[],2019-06-24 07:37:19,74694.0,0.00000005,0.000000000005408310000000001,7758018,2019-06-24 07:37:19,BTC,1.83892553,0.0,0.00000005,BTC,227024.94736842104,0.0,0.00122846,87
1,[],27,[],2019-06-24 07:37:24,269536.0,0.00000003,0.0000000000032449860000000004,7758019,2019-06-24 07:37:24,btc,2.01453544326,0.0,0.00000003,btc,553681.402,0.0,0.00708608,87
,[],2,[],2018-11-20 23:10:47,0.0,0,0,4862359,2018-11-20 23:10:47,,0.0,0.0,,,0.0,0.0,0.0,88
1,[],11,[],2019-06-17 14:31:59,193715.3529613,0.000073310000000000001140094962881477158589405007660388946533203125,0.00000000681152534,7740147,2019-06-17 14:31:59,btc,168.35454702024953,5791.70569014,0.000073310000000000001140094962881477158589405007660388946533203125,btc,196971.41170107,0.0,1.1996165759440112,89
0,[],2,[],2019-01-20 23:31:45,0.0,0,0,6477083,2019-01-20 23:31:45,,0.0,0.0,0,,0.0,0.0,0.0,91
1,[],12,[],2019-06-18 02:35:48,427715.74,0.00000015,0.000000000013911045000000001,7746087,2019-06-18 02:35:48,btc,116.61022144471085,0.0,0.00000015,btc,193315.55943968,0.000180759303,0.0129558314,91
1,[],22,[],2019-06-20 20:27:07,75910.0,0.00000002,0.000000000001914908,7746207,2019-06-20 20:27:07,BTC,0.49565371,0.0,0.00000002,"BTC,LTC",6.384990670617935,0.0,0.0016592,91
0,[],17,[],2019-05-03 01:12:26,0.0,0,0,7559096,2019-05-03 01:12:26,btc,0.0,0.0,0,btc,0.0,0.0,0.0,91
1,[],22,[],2019-06-24 07:37:28,105655.66666666667,0.00000003,0.0000000000032449860000000004,7758020,2019-06-24 07:37:28,BTC,11.44314296,0.0,0.00000003,"BTC,LTC",306964.4683191416,1.2571229999999999e-15,0.06677967,95
0,[],17,[],2019-05-03 01:12:32,0.0,0,0,7559100,2019-05-03 01:12:32,btc,0.0,0.0,0,btc,0.0,0.0,0.0,96
0.0000000001257123,[],4,[],2019-06-24 07:37:29,536587955.29259694,3.7713689999999995e-17,4.079346535278e-21,7758021,2019-06-24 07:37:29,ltc,11.317147819197837,0.0,0.0000003,ltc,157872171.22981915,0.0,8.169294236910638e-10,96
0,[],12,[],2019-06-24 07:37:30,0.0,0,0,7758022,2019-06-24 07:37:30,btc,36.49991304884116,0.0,0,btc,9855733.88411588,3.996e-08,0.0,96
1,[],4,[],2019-04-14 03:32:46,1039404.33283278,0.00000038,0.000000000019245518,7293458,2019-04-14 03:32:46,btc,4.170086055365747,0.0,0.00000038,btc,3097704.34561074,0.06260606,0.1859928211030784,99
0,[],2,[],2019-01-20 23:23:55,0.0,0,0,6476914,2019-01-20 23:23:55,,0.0,0.0,0,,0.0,0.0,0.0,100
1,[],4,[],2019-06-24 07:39:31,282496.96123705,0.00001145,0.00000000123850299,7758023,2019-06-24 07:39:31,btc,7.348798314383783,0.0,0.00001145,btc,165693.77360906,0.17443099,0.2176773634410712,100
1,[],22,[],2019-06-05 06:30:35,150000.0,0.00000002,0.000000000001558192,7740007,2019-06-05 06:30:35,BTC,28.56386409,0.0,0.00000002,BTC,12787.719,0.0,0.0017,101
1,[],4,[],2019-06-24 07:39:32,549167.04282526,0.00000171,0.000000000184964202,7758024,2019-06-24 07:39:32,btc,882.5757184675131,0.0,0.00000171,btc,735421.39235871,0.06452035,0.101439958945741,103
1,[],12,[],2019-06-17 14:32:14,179201505.10870332,0.000000005,0.00000000000046457,7740154,2019-06-17 14:32:14,btc,113577.79366343976,0.0,0.000000005,btc,79148141.67831126,0.019059029059,0.27280986350611003,105
1,[],27,[],2019-06-17 14:32:19,18306828.03496503,0.00000002,0.00000000000185828,7740155,2019-06-17 14:32:19,btc,180.7198218385489,1083.96503497,0.00000002,btc,276513.60142659,7.588e-05,0.3661365606993006,105
1,[],22,[],2019-04-21 00:17:26,21333.0,0.00000001,0.000000000000532493,7385819,2019-04-21 00:17:26,BTC,51.38182867,0.0,0.00000001,BTC,470435.0,0.0,0.00021333,107
1,[],26,[],2019-04-21 00:17:26,0.0,0.00000000,0,7385820,2019-04-21 00:17:26,btc,0.0,0.0,0.00000000,btc,0.0,0.0,0.0,107
1,[],5,[],2019-06-24 07:39:35,0.0,0,0,7758025,2019-06-24 07:39:35,btc,0.0,0.0,0,btc,0.0,0.0,0.0,112
0,[],22,[],2019-06-24 07:39:38,0.0,0,0,7758026,2019-06-24 07:39:38,,6.79500102,0.0,0,,3375892.0833333335,0.0,0.0,112
1,[],27,[],2019-06-24 07:39:45,1.0,0.00000001,0.0000000000010816620000000002,7758027,2019-06-24 07:39:45,btc,1.14885,0.0,0.00000001,"btc,eth",39.0,0.0,1e-08,112
1,[],4,[],2019-06-24 07:39:46,1062508.82238501,0.00000059,0.00000000006381805800000001,7758028,2019-06-24 07:39:46,btc,4.633343033497904,0.0,0.00000059,btc,756771.98587646,0.0190246,0.2345733129119739,113
1,[],5,[],2019-06-24 07:39:48,0.0,0,0,7758029,2019-06-24 07:39:48,btc,0.0,0.0,0,btc,0.0,0.0,0.0,113
1,[],17,[],2019-04-26 02:17:47,162738.278,0.00000004,0.0000000000021069000000000002,7461287,2019-04-26 02:17:47,btc,1.3331140273775473,0.0,0.00000004,btc,51796.221,0.0,0.00230953112,116
1,[],27,[],2019-05-22 05:13:01,210000.0,0.00000001,0.00000000000079145,7666372,2019-05-22 05:13:01,btc,3919.0005001478,0.0,0.00000001,btc,128660.871,0.0,0.0021,116
1,[],4,[],2019-05-21 22:31:11,138169.03963019,0.00000701,0.000000000558364025,7664793,2019-05-21 22:31:11,btc,150.95388250938234,0.0,0.00000701,btc,344631.17141974,0.07552974,0.4288357684941946,120
1,[],7,[],2019-05-21 22:31:12,3901.07750076,0.000010679999999999999389654892212320191902108490467071533203125,0.0000000008506887,7664794,2019-05-21 22:31:12,btc,231188.94669936574,0.0,0.000010679999999999999389654892212320191902108490467071533203125,btc,4133.83151364,0.0,0.0113888422364489,120
1,[],20,[],2019-04-07 18:42:29,1914137.0852,0.000000035,0.0000000000017871910000000002,7211992,2019-04-07 18:42:29,btc,32.2497668025648,25528.85,0.000000035,btc,1001975.4986,0.00089350975,0.0152723574729,125
1,[],22,[],2019-06-17 14:32:38,10000.0,0.00000001,0.00000000000092914,7740161,2019-06-17 14:32:38,BTC,0.032061,0.0,0.00000001,BTC,299316.7611111111,0.0,0.0001,126
0,[],2,[],2019-01-20 23:25:46,0.0,0,0,6476969,2019-01-20 23:25:46,,0.0,0.0,0,,0.0,0.0,0.0,131
1,[],17,[],2019-05-03 01:13:10,10000.0,0.00000001,0.000000000000548003,7559115,2019-05-03 01:13:10,btc,0.0953976503951408,0.0,0.00000001,btc,5037.62507334,0.0,0.0001,131
1,[],4,[],2019-06-24 07:39:49,961639.15169146,0.00000340,0.00000000036776508,7758030,2019-06-24 07:39:49,btc,2.4310986369198564,0.0,0.00000340,btc,187330.80577822,0.11695978,0.627367046001824,131
1,[],4,[],2019-06-17 14:32:42,4848.49465417,0.00007919,0.00000000735785966,7740163,2019-06-17 14:32:42,btc,0.9905723729472744,0.0,0.00007919,btc,202.13055914,0.0,0.0061509344290166,135
1,[],3,[],2019-06-05 06:33:11,40600.27748212,0.00000001,0.000000000000779096,7740019,2019-06-05 06:33:11,btc,0.2308097808993716,2146378.52189,0.00000001,btc,2477992.76904676,0.0,0.0004060027748212,136
1,[],4,[],2019-06-24 07:41:50,679709.79184022,0.00000170,0.00000000018388254,7758031,2019-06-24 07:41:50,btc,110.11006969945474,0.0,0.00000170,btc,539411.42292566,0.08137443,0.3660978461019383,137
1,[],12,[],2019-06-24 07:41:51,67718.62650242,0.000001599999999999999927596978921418013896982301957905292510986328125,0.00000000017306592,7758032,2019-06-24 07:41:51,btc,79.7118504219483,0.0,0.000001599999999999999927596978921418013896982301957905292510986328125,btc,81265.92097078,3.2e-06,0.0164856399999571,137
1,[],4,[],2019-06-24 07:41:52,602738.31653259,0.00001335,0.00000000144401877,7758033,2019-06-24 07:41:52,btc,5.454872126356549,0.0,0.00001335,btc,161757.48507818,0.88871121,0.4805895552467443,142
1,[],17,[],2019-05-03 01:13:16,32967.38636364,0.00000088,0.000000000048224264,7559122,2019-05-03 01:13:16,btc,20.06976206696776,0.0,0.00000088,btc,2746.079105,0.0,0.0105613000000032,142
1,[],5,[],2019-06-24 07:41:53,0.0,0,0,7758034,2019-06-24 07:41:53,btc,0.0,0.04037503,0,btc,0.0,0.0,0.0,142
1,[],20,[],2019-06-24 07:43:55,263619.9982,0.00001091,0.000000001180093242,7758035,2019-06-24 07:43:55,btc,1.6106785764028,751.7124,0.00001091,btc,10067.362,0.0106901865735,0.0074321801559,142
1,[],22,[],2019-06-24 07:43:58,10715.0,0.00001299,0.0000000014050789380000002,7758036,2019-06-24 07:43:58,BTC,2.99759384,0.0,0.00001299,BTC,835.7198755539798,0.0,0.00540125,142
0.0,[],25,[],2019-06-24 07:43:59,0.0,0,0,7758037,2019-06-24 07:43:59,,0.0,0.0,0.0,btc,0.0,0.0,0.0,142
0,[],28,[],2019-06-24 07:44:01,0.0,0,0,7758038,2019-06-24 07:44:01,,0.0,0.0,0,,0.0,0.0,0.0,142
0,[],22,[],2019-06-24 07:44:03,0.0,0,0,7758039,2019-06-24 07:44:03,,1635.98618676,0.0,0,,788450755.3,0.0,0.0,143
0,[],22,[],2019-02-25 15:42:22,0.0,0,0,6783783,2019-02-25 15:42:22,,4.2131946,0.0,0,,2322156.0,0.0,0.0,146
,[],22,[],2018-11-20 23:01:11,0.0,0,0,4862114,2018-11-20 23:01:11,,2.56807021,0.0,,,61828.4988236,0.0,0.0,147
1,[],12,[],2019-04-21 06:38:04,193091.5971266,0.00000071,0.000000000037635183,7388679,2019-04-21 06:38:04,btc,2.301232411611175,0.0,0.00000071,btc,9957.48302385,0.00023528,0.0313308199999888,148
1,[],4,[],2019-03-19 21:31:25,255810.0415942,0.00000029,0.000000000011615747,6982695,2019-03-19 21:31:25,btc,218.94922712414143,0.0,0.00000029,btc,793529.37642722,0.00117,0.0608347789473395,152
0,[],22,[],2019-03-19 21:31:27,0.0,0,0,6982696,2019-03-19 21:31:27,,0.0,0.0,0,,0.0,0.0,0.0,152
1,[],5,[],2019-04-26 09:36:59,0.0,0,0,7465040,2019-04-26 09:36:59,btc,0.0,0.0,0,btc,0.0,0.0,0.0,153
,[],16,[],2019-01-11 15:38:59,0.0,0,0,6366141,2019-01-11 15:38:59,btc,0.0,0.0,,btc,0.0,0.0,0.0,155
0,[],23,[],2019-01-20 23:24:29,0.0,0,0,6476932,2019-01-20 23:24:29,,0.0,0.0,0,,0.0,0.0,0.0,156
0,[],22,[],2019-06-04 06:02:09,0.0,0,0,7734688,2019-06-04 06:02:09,,7.43375324,0.0,0,,5955762.942592593,0.0,0.0,156
1,[],22,[],2019-06-24 07:44:08,6996.0,0.00000001,0.0000000000010816620000000002,7758040,2019-06-24 07:44:08,BTC,1.7543039,0.0,0.00000001,BTC,57.0,0.0,6.996e-05,157
0,[],22,[],2019-05-21 23:40:32,0.0,0,0,7665049,2019-05-21 23:40:32,,50234.60468402,0.0,0,,54786159.03179465,0.0,0.0,158
,[],17,[],2018-11-20 22:56:10,0.0,0,0,4861976,2018-11-20 22:56:10,btc,1.1265625,0.0,,btc,1000.0,0.0,0.0,159
,[],20,[],2018-11-20 22:56:12,0.0,0,0,4861977,2018-11-20 22:56:12,btc,11912.7940471,0.0,,btc,34413894.3617,0.0,0.0,159
1,[],12,[],2019-05-24 02:51:20,9178.522006449999,0.00000191999999999999982841307998027158276954651228152215480804443359375,0.000000000151222656,7676256,2019-05-24 02:51:20,btc,149.80414728631675,0.0,0.00000191999999999999982841307998027158276954651228152215480804443359375,btc,1115.7451448499999,0.01783167678326,0.0120075778999181,168
1,[],17,[],2019-05-03 01:13:36,42852.0,0.00000002,0.000000000001096006,7559132,2019-05-03 01:13:36,btc,0.04279856251542,0.0,0.00000002,btc,274.46171372,0.0,0.00052852,168
1,[],22,[],2019-05-17 03:01:52,10.0,0.00000001,0.000000000000778341,7642059,2019-05-17 03:01:52,BTC,41.95893009,0.0,0.00000001,BTC,1753972.7737547632,0.0,1e-07,169
1,[],22,[],2019-05-30 08:38:18,202834.0,0.00000002,0.0000000000017416160000000001,7711049,2019-05-30 08:38:18,BTC,27.87002826,0.0,0.00000002,BTC,462189.5410507793,0.0,0.00211768,171
1,[],22,[],2019-05-29 08:05:18,349870.0,0.00000002,0.000000000001705894,7705265,2019-05-29 08:05:18,BTC,24.05907723,0.0,0.00000002,"BTC,LTC",1224285.4355616204,0.0,0.0039847,173
1,[],5,[],2019-06-24 07:44:09,0.0,0,0,7758041,2019-06-24 07:44:09,btc,0.0,0.00359792,0,btc,0.0,0.0,0.0,175
1,[],22,[],2019-06-17 14:33:12,90671.0,0.00000001,0.00000000000092914,7740175,2019-06-17 14:33:12,BTC,394.35459412,0.0,0.00000001,BTC,136275.61833431243,0.0,0.00090671,176
0,[],2,[],2019-01-20 23:28:34,0.0,0,0,6477001,2019-01-20 23:28:34,,0.0,0.0,0,,0.0,0.0,0.0,178
1,[],7,[],2019-06-24 07:44:10,0.0,0,0,7758042,2019-06-24 07:44:10,btc,522272.5837346951,0.0,0,btc,27702952.41786136,0.0,0.0,178
0,[],22,[],2019-06-24 07:44:13,0.0,0,0,7758043,2019-06-24 07:44:13,,1.00242428,0.0,0,,57512.0,0.0,0.0,178
0,[],23,[],2019-01-20 23:25:08,0.0,0,0,6476952,2019-01-20 23:25:08,,0.0,0.0,0,,0.0,0.0,0.0,179
1,[],5,[],2019-06-24 07:44:14,0.0,0,0,7758044,2019-06-24 07:44:14,btc,0.0,0.0090017,0,btc,0.0,0.0,0.0,179
0,[],22,[],2019-06-24 07:44:16,0.0,0,0,7758045,2019-06-24 07:44:16,,5.31753917,0.0,0,,14450788.311946675,0.0,0.0,179
1,[],22,[],2019-06-24 07:46:21,670320.4113636364,0.0000004,0.000000000043266480000000006,7758046,2019-06-24 07:46:21,BTC,40.59250285,0.0,0.0000004,"BTC,LTC",152972.62502857723,0.00355515,0.56457164,180
1,[],26,[],2019-06-24 07:46:21,0.0,0.00000010,0.000000000010816620000000002,7758047,2019-06-24 07:46:21,btc,0.0,0.0,0.00000010,btc,0.0,0.0,0.0,180
1,[],17,[],2019-05-03 01:13:56,20504.725000000002,0.0000001,0.00000000000548003,7559141,2019-05-03 01:13:56,btc,5.2010695838400265,0.0,0.0000001,btc,5033.45945,0.0,0.0011504725,180
,[],7,[],2018-11-20 22:58:01,562227.975654,0.00000085,0.000000000036176765,4862015,2018-11-20 22:58:01,btc,21836.6059674,2491.87645172,,btc,749999.041456,0.00211021,0.127565380455,183
,[],5,[],2019-01-10 08:11:41,0.0,0,0,6347036,2019-01-10 08:11:41,btc,82.15055501,0.00261,,btc,1.19002445,0.0,0.0,187
,[],17,[],2018-11-16 20:58:10,4062536.27273,0.00000001,0.000000000000550501,4708775,2018-11-16 20:58:10,btc,3.36492563466,0.195460381006,,"btc,eth",110697919.549,0.0,0.0157628953496,187
1,[],24,[],2019-05-22 21:04:52,0.0,0.000000000014,0.0000000000000010960978,7670219,2019-05-22 21:04:52,btc,0.0,0.0,0.000000000014,btc,0.0,0.0,0.0,187
0,[],22,[],2019-04-25 02:54:07,0.0,0,0,7447896,2019-04-25 02:54:07,,7.54794454,0.0,0,,76361.7243344055,0.0,0.0,191
0,[],22,[],2019-06-17 14:33:34,0.0,0,0,7740182,2019-06-17 14:33:34,,0.0,0.0,0,,0.0,0.0,0.0,197
0,[],23,[],2019-01-20 23:31:41,0.0,0,0,6477079,2019-01-20 23:31:41,,0.0,0.0,0,,0.0,0.0,0.0,199
0,[],22,[],2019-06-24 07:46:24,0.0,0,0,7758048,2019-06-24 07:46:24,,10.58263174,0.0,0,,84280969.0,0.0,0.0,199
1,[],26,[],2019-06-24 07:46:24,0.0,0.00000000,0,7758049,2019-06-24 07:46:24,btc,0.0,0.0,0.00000000,btc,0.0,0.0,0.0,199
0,[],2,[],2019-01-20 23:30:49,0.0,0,0,6477059,2019-01-20 23:30:49,,0.0,0.0,0,,0.0,0.0,0.0,201
1,[],4,[],2019-01-25 15:51:35,2084389.58565343,0.00000936,0.000000000333526752,6499557,2019-01-25 15:51:35,btc,2.0092503037378524,0.0,0.00000936,btc,160195.80207885,0.19272417,1.242687955921835,211
1,[],7,[],2019-06-24 07:46:26,1170054124.6898527,0.00000018,0.000000000019469916000000002,7758050,2019-06-24 07:46:26,btc,1346838.6258339162,0.0,0.00000018,btc,5739479.26464841,0.0,11.954344045954047,212
1,[],12,[],2019-01-25 02:44:32,207462.42853209,0.000001080000000000000035831255497387193287295303889550268650054931640625,0.000000000038610756000000006,6493050,2019-01-25 02:44:32,btc,85023.03793723314,0.0,0.000001080000000000000035831255497387193287295303889550268650054931640625,btc,43675.73520027,0.000146250909087,0.0348620860622024,213
1,[],5,[],2019-05-30 00:07:46,0.0,0,0,7709357,2019-05-30 00:07:46,btc,0.0,0.06425239,0,btc,0.0,0.0,0.0,213
1,[],24,[],2019-05-30 00:07:46,0.0,0.000000399202,0.0000000000344859829346,7709358,2019-05-30 00:07:46,btc,0.0,0.0,0.000000399202,btc,0.0,0.0,0.0,213
1,[],26,[],2019-05-30 00:07:47,0.0,0.00000040,0.000000000034554919999999996,7709359,2019-05-30 00:07:47,btc,0.0,0.0,0.00000040,btc,0.0,0.0,0.0,213
0,[],22,[],2019-06-24 07:46:28,0.0,0,0,7758051,2019-06-24 07:46:28,,9.56923849,0.0,0,,3661587.2040649247,0.0,0.0,216
0,[],27,[],2019-06-24 07:46:34,0.0,0,0,7758052,2019-06-24 07:46:34,,145.86988355113743,6012.0240481,0,"btc,ltc",598800.1013319,2.0040005038569098e-05,0.0,216
1,[],22,[],2019-06-24 07:46:37,387012.7087912088,0.0000002,0.000000000021633240000000003,7758053,2019-06-24 07:46:37,BTC,12055.90026309,0.0,0.0000002,BTC,521930.4678921843,0.001895,0.01468479,217
1,[],7,[],2019-06-24 07:46:39,0.0,0,0,7758054,2019-06-24 07:46:39,btc,1234912.6160040614,0.0,0,btc,89377746.4752352,0.0,0.0,219
0,[],27,[],2019-06-24 07:46:43,0.0,0,0,7758055,2019-06-24 07:46:43,,250.34372354432625,0.0,0,btc,5709879.26511325,0.0,0.0,219
0,[],28,[],2019-06-24 07:46:44,0.0,0,0,7758056,2019-06-24 07:46:44,,0.0,0.0,0,,0.0,0.0,0.0,219
1,[],22,[],2019-05-23 16:41:05,172069.0,0.00000004,0.0000000000031167080000000004,7674065,2019-05-23 16:41:05,BTC,56.76466137,0.0,0.00000004,BTC,127061.6482738741,0.0,0.00393676,221
1,[],24,[],2019-05-23 16:41:05,0.0,0.000000010000,0.0000000000007791770000000001,7674066,2019-05-23 16:41:05,btc,0.0,0.0,0.000000010000,btc,0.0,0.0,0.0,221
1,[],20,[],2019-06-17 14:34:11,26882155.8301,0.000000003,0.000000000000278742,7740192,2019-06-17 14:34:11,btc,100050.81956632523,233521.3529,0.000000003,btc,38769742.8604,0.0007925640587,0.0306863532672,224
0,[],22,[],2019-06-17 14:34:13,0.0,0,0,7740193,2019-06-17 14:34:13,,0.0,0.0,0,,0.0,0.0,0.0,224
1,[],26,[],2019-06-24 07:46:45,0.0,0.00000022,0.000000000023796564000000002,7758057,2019-06-24 07:46:45,btc,0.0,0.0,0.00000022,btc,0.0,0.0,0.0,231
1,[],26,[],2019-06-24 07:46:45,0.0,0.00000005,0.000000000005408310000000001,7758058,2019-06-24 07:46:45,btc,0.0,0.0,0.00000005,btc,0.0,0.0,0.0,234
0.00000000028389290000000003,[],27,[],2019-06-24 07:46:51,100.0,2.838929e-18,3.0707616199980006e-22,7758059,2019-06-24 07:46:51,eth,0.0,0.0,0.00000001,"btc,eth",0.0,0.0,2.8389290000000003e-16,234
1,[],4,[],2019-05-22 17:06:12,91780.56053785,0.00000078,0.000000000061977552,7669277,2019-05-22 17:06:12,btc,5.573372450018177,0.0,0.00000078,btc,729173.93529783,0.0,0.0307060663355679,236
1,[],24,[],2019-05-22 17:06:12,0.0,0.000000010000,0.000000000000794584,7669278,2019-05-22 17:06:12,btc,0.0,0.0,0.000000010000,btc,0.0,0.0,0.0,236
1,[],5,[],2019-06-24 07:46:52,0.0,0,0,7758060,2019-06-24 07:46:52,btc,0.0,1.07620734,0,btc,0.0,0.0,0.0,237
1,[],20,[],2019-06-24 07:46:54,50052006.4179,0.000000079,0.0000000000085451298,7758061,2019-06-24 07:46:54,btc,8172549.19842108,10923000.537,0.000000079,btc,41183498.1877,0.8781586290601,1.1698324876963,237
1,[],22,[],2019-06-24 07:46:58,2084614.0,0.00000004,0.000000000004326648000000001,7758062,2019-06-24 07:46:58,BTC,1.20112207,0.0,0.00000004,"BTC,LTC",14507.148717948718,0.0,0.02587451,237
1,[],4,[],2019-06-24 07:46:59,40440044.29708801,0.00000007,0.000000000007571634000000001,7758063,2019-06-24 07:46:59,btc,2.579995304712556,0.0,0.00000007,btc,11818842.53469933,0.12349126,0.7785284539654923,238
1,[],5,[],2019-06-24 07:47:00,0.0,0,0,7758064,2019-06-24 07:47:00,btc,0.0,0.00098139,0,btc,0.0,0.0,0.0,238
0,[],22,[],2019-03-12 16:49:32,0.0,0,0,6914458,2019-03-12 16:49:32,,0.40415746,0.0,0,,526736.5639027493,0.0,0.0,249
0,[],22,[],2019-05-28 23:53:45,0.0,0,0,7703643,2019-05-28 23:53:45,,13.44714864,0.0,0,,43777534.3426455,0.0,0.0,252
0,[],28,[],2019-06-24 07:47:02,0.0,0,0,7758065,2019-06-24 07:47:02,,0.0,0.0,0,,0.0,0.0,0.0,256
1,[],22,[],2019-06-24 07:47:05,551915.0,0.00000001,0.0000000000010816620000000002,7758066,2019-06-24 07:47:05,BTC,31464.57209997,0.0,0.00000001,BTC,1031955.2230878276,0.00014014,0.00551915,258
1,[],22,[],2019-05-19 18:12:02,400.0,0.00000001,0.0000000000007957800000000001,7653905,2019-05-19 18:12:02,BTC,2.415167,0.0,0.00000001,BTC,157.0,0.0,4e-06,259
1,[],5,[],2019-06-24 07:47:07,0.0,0,0,7758067,2019-06-24 07:47:07,btc,0.0,0.02597874,0,btc,0.0,0.0,0.0,264
1,[],20,[],2019-06-24 07:47:08,908348.9448,0.000000395,0.000000000042725649000000006,7758068,2019-06-24 07:47:08,btc,1.1637136835881,4867.39,0.000000395,btc,69463.1156,0.0031669890136,0.0064142344854,264
0,[],22,[],2019-04-12 17:57:27,0.0,0,0,7278186,2019-04-12 17:57:27,,66.37522201,0.0,0,,677842.4169881374,0.0,0.0,271
0,[],22,[],2019-06-24 07:47:11,0.0,0,0,7758069,2019-06-24 07:47:11,,33050469.74148113,0.0,0,,14261527780.7,0.0,0.0,272
0,[],28,[],2019-06-24 07:47:12,0.0,0,0,7758070,2019-06-24 07:47:12,,0.0,0.0,0,,0.0,0.0,0.0,272
1,[],22,[],2019-05-23 07:12:29,219930.0,0.00000004,0.000000000003048688,7671985,2019-05-23 07:12:29,BTC,426.77835217,0.0,0.00000004,BTC,248664.3325962929,0.0,0.00739728,281
1,[],22,[],2019-06-24 07:47:17,20826.1,0.00000001,0.0000000000010816620000000002,7758071,2019-06-24 07:47:17,BTC,2.76825555,0.0,0.00000001,"BTC,LTC",1075197.637193209,4.651e-05,0.00470395,286
0,[],22,[],2019-06-17 14:34:53,0.0,0,0,7740207,2019-06-17 14:34:53,,7337915.80475575,0.0,0,,2078527309.6797826,0.0,0.0,294
