pairValue,buyBook,exchangeId,sellBook,updated,buyTotal,satoshiPrice,usdPrice,exchangeLogId,created,bestPair,sellTotalBtc,volume,pairPrice,activePairs,sellTotal,volumeBtc,buyTotalBtc,coinId
1,[],3,[],2019-07-05 23:19:49,31392.36378924999,0.0078000099999999995825650245251381420530378818511962890625,0.000000862850366217,7800587,2019-07-05 23:19:49,btc,9.259424921767504,53.6018464259,0.0078000099999999995825650245251381420530378818511962890625,btc,35.387160754534,0.0,0.2387953734104554,1
1,[],4,[],2019-07-05 23:19:50,672632.58772698,0.00816001,0.000000902674178217,7800588,2019-07-05 23:19:50,btc,10.66855352875628,0.0,0.00816001,btc,517.17576323,11.4321752,0.7249175657119018,1
1,[],5,[],2019-07-05 23:19:52,0.0,0,0,7800589,2019-07-05 23:19:52,btc,0.0,0.00190933,0,btc,0.0,0.0,0.0,1
1,[],10,[],2019-07-05 23:19:55,252928.77237463,0.00255716,0.00000028287738637200003,7800590,2019-07-05 23:19:55,btc,6525.003484257513,1440.22441371,0.00255716,btc,1889.95414664,0.0,1.3584487725859042,1
1,[],12,[],2019-07-05 23:19:58,90.16565894,0.00813999999999999966637798110014045960269868373870849609375,0.0000009004606379999999,7800591,2019-07-05 23:19:58,btc,0.6342607704291999,0.0,0.00813999999999999966637798110014045960269868373870849609375,btc,26.72484166,1.897053870226,0.1982490992272,1
1,[],20,[],2019-07-05 23:20:00,928.2871,0.007639421,0.0000008450857380357,7800592,2019-07-05 23:20:00,btc,0.1453555902982,0.582,0.007639421,btc,10.7387,0.004979555998,0.1398509617668,1
1,[],21,[],2019-07-05 23:20:01,2682.97679991,0.008151780000000000830917556982,0.0000009017637616260002,7800593,2019-07-05 23:20:01,btc,8.327162074587996,2228.2187785700003,0.0081517800000000008309175569820581586100161075592041015625,"btc,eth",1498.99877639,15.665335560598969,15.125538017542988,1
1,[],22,[],2019-07-05 23:20:08,1.1199,0.00200000,0.0000002212434,7800594,2019-07-05 23:20:08,BTC,0.01745874,0.0,0.00200000,BTC,0.3250713944909389,0.0,0.00197189,1
1,[],24,[],2019-07-05 23:20:08,0.0,0.000000000000,0,7800595,2019-07-05 23:20:08,btc,0.0,0.0,0.000000000000,btc,0.0,0.0,0.0,1
0.0,[],25,[],2019-07-05 23:20:09,0.0,0,0,7800596,2019-07-05 23:20:09,btc,20.67709999933388,10096.94431029,0.0,btc,2446.19703894,81.8,0.0,1
1,[],26,[],2019-07-05 23:20:19,0.0,0,0,7800597,2019-07-05 23:20:19,,0.0,0.0,0,,0.0,0.0,0.0,1
1,[],28,[],2019-07-05 23:20:34,1040.923,0.00730000,0.00000080753841,7800598,2019-07-05 23:20:34,btc,0.373339197,119783.1198,0.00730000,btc,23.6711,0.0,0.26805679046,1
0,[],2,[],2019-01-20 23:28:45,0.0,0,0,6477011,2019-01-20 23:28:45,,0.0,0.0,0,,0.0,0.0,0.0,1
1,[],5,[],2019-07-05 23:20:35,0.0,0,0,7800599,2019-07-05 23:20:35,btc,0.0,0.00208797,0,btc,0.0,0.0,0.0,2
0,[],22,[],2019-07-05 23:20:38,0.0,0,0,7800600,2019-07-05 23:20:38,,0.0,0.0,0,,0.0,0.0,0.0,2
1,[],5,[],2019-06-03 14:48:58,0.0,0,0,7731126,2019-06-03 14:48:58,btc,0.0,0.05905545,0,btc,0.0,0.0,0.0,3
1,[],12,[],2019-06-03 14:48:59,3468623.70302,0.000000116,0.000000000009823402000000002,7731127,2019-06-03 14:48:59,btc,169531.0336573751,0.0,0.000000116,btc,2361209.62379607,0.041350953071,0.33764769154428,3
0,[],28,[],2019-06-03 14:49:00,0.0,0,0,7731128,2019-06-03 14:49:00,,0.0,0.0,0,,0.0,0.0,0.0,3
0,[],2,[],2019-01-20 23:31:32,0.0,0,0,6477077,2019-01-20 23:31:32,,0.0,0.0,0,,0.0,0.0,0.0,4
1,[],4,[],2019-05-18 21:29:50,562734.9206932,0.00000010,0.000000000007298720000000001,7650946,2019-05-18 21:29:50,btc,41.9347137769675,0.0,0.00000010,btc,1123702.32192634,0.00052462,0.029254593370966,4
0,[],12,[],2019-06-02 05:03:43,0.0,0,0,7724919,2019-06-02 05:03:43,btc,625.901992874995,0.0,0,btc,1211362.4995005,0.0,0.0,5
0,[],2,[],2019-01-20 23:31:51,0.0,0,0,6477087,2019-01-20 23:31:51,,0.0,0.0,0,,0.0,0.0,0.0,6
1,[],11,[],2019-07-03 09:34:02,4305910.27673599,0.00000001,0.000000000001114197,7791170,2019-07-03 09:34:02,btc,9583.61440324221,317319.0,0.00000001,btc,78212351.53970686,0.0,0.0430591027673599,6
1,[],3,[],2019-07-05 23:20:39,12183.14185324956,0.00005103999999999999921500293265097525363671593368053436279296875,0.000000005646131568,7800601,2019-07-05 23:20:39,btc,1026.2957091342155,646.505328117,0.00005103999999999999921500293265097525363671593368053436279296875,btc,434.363231204402,0.0,0.02402538694644278,7
1,[],4,[],2019-07-05 23:20:40,323993.40969476,0.00006914,0.000000007648384338000001,7800602,2019-07-05 23:20:40,btc,6.520749301704285,0.0,0.00006914,btc,52167.33966764,1.93649687,2.5131735054432394,7
1,[],5,[],2019-07-05 23:20:42,0.0,0,0,7800603,2019-07-05 23:20:42,btc,0.0,0.3133716,0,btc,0.0,0.0,0.0,7
1,[],20,[],2019-04-07 22:06:50,3201475.0482,0.000000001,0.000000000000051590000000000004,7213932,2019-04-07 22:06:50,btc,30.8005781811902,0.0,0.000000001,btc,23077405.3926,0.0,0.0032014750482,8
1,[],4,[],2019-07-05 23:20:44,1721745.97508129,0.00000041,0.000000000045354897,7800604,2019-07-05 23:20:44,btc,3.010715609936741,0.0,0.00000041,btc,3197930.85046313,0.0662126,0.2651524606851181,9
1,[],28,[],2019-07-05 23:21:06,20043.809,0.00000042,0.000000000046461114000000004,7800605,2019-07-05 23:21:06,btc,2708.795936875,134893.0,0.00000042,btc,60856.555,0.0,0.00270157978,9
0,[],2,[],2019-01-20 23:22:42,0.0,0,0,6476876,2019-01-20 23:22:42,,0.0,0.0,0,,0.0,0.0,0.0,9
0,[],23,[],2019-01-20 23:22:48,0.0,0,0,6476878,2019-01-20 23:22:48,,0.0,0.0,0,,0.0,0.0,0.0,9
1,[],1,[],2019-02-17 23:31:42,1822507.21,0.00000181000000000000003456111265232042484285557293333113193511962890625,0.000000000066086901,6701244,2019-02-17 23:31:42,btc,3.6990969245,17153386.5,0.00000181000000000000003456111265232042484285557293333113193511962890625,btc,1997391.71,31.11772986,3.2610482446,9
1,[],4,[],2019-02-17 11:22:43,4341674.27126056,0.00000002,0.0000000000007272960000000001,6696112,2019-02-17 11:22:43,btc,0.1997230937751353,0.0,0.00000002,btc,4109766.79808031,0.00215132,0.0479381022052112,10
1,[],4,[],2019-07-05 17:50:58,28455268.72873238,0.00000020,0.00000000002256118,7799862,2019-07-05 17:50:58,btc,7.811721942574512,0.0,0.00000020,btc,10093820.98175896,0.54727147,1.6214105215663297,12
1,[],5,[],2019-07-05 17:50:59,0.0,0,0,7799863,2019-07-05 17:50:59,btc,0.0,0.04857279,0,btc,0.0,0.0,0.0,12
0.0,[],25,[],2019-07-05 17:51:01,0.0,0,0,7799864,2019-07-05 17:51:01,,0.0,0.0,0.0,btc,0.0,0.0,0.0,12
0,[],2,[],2019-01-20 23:23:08,0.0,0,0,6476890,2019-01-20 23:23:08,,0.0,0.0,0,,0.0,0.0,0.0,12
1,[],4,[],2019-07-03 05:13:15,584689.47355813,0.00000244,0.0000000002788066,7790600,2019-07-03 05:13:15,btc,2.1849123684917955,0.0,0.00000244,btc,410884.35721095,0.22629225,0.257981043015862,13
1,[],21,[],2019-07-03 05:13:19,5464503.61926811,0.000002560000000000000053561755725,0.0000000002925184,7790601,2019-07-03 05:13:19,btc,2.210907882880977,615243.9733135,0.0000025600000000000000535617557251288900488361832685768604278564453125,btc,645862.4277429,1.61860588,2.668924574171489,13
1,[],10,[],2019-07-03 04:50:28,599111.48051128,0.00000253,0.000000000286717816,7790504,2019-07-03 04:50:28,btc,666798.5185763352,11564.1307772,0.00000253,btc,1070197.84077692,0.0,0.2329213413435623,13
1,[],4,[],2019-07-05 23:21:07,897488.74555391,0.00000025,0.000000000027655425,7800606,2019-07-05 23:21:07,btc,3.024084932368905,0.0,0.00000025,btc,1547882.80875445,0.01662407,0.0587551058600025,14
1,[],12,[],2019-07-05 23:21:09,219017.8182336,0.0000003,0.00000000003318651,7800607,2019-07-05 23:21:09,btc,186.36141002859344,0.0,0.0000003,btc,43267.2972986,0.00244189,0.0111330339999954,14
1,[],26,[],2019-07-05 23:23:09,0.0,0.00000050,0.00000000005531085,7800608,2019-07-05 23:23:09,btc,0.0,0.0,0.00000050,btc,0.0,0.0,0.0,14
0,[],17,[],2019-05-03 00:53:32,0.0,0,0,7558876,2019-05-03 00:53:32,btc,0.0,0.0,0,btc,0.0,0.0,0.0,14
0,[],4,[],2019-07-05 23:23:11,0.0,0,0,7800609,2019-07-05 23:23:11,,0.0,0.0,0,,0.0,0.0,0.0,15
,[],12,[],2018-12-01 15:15:48,204241.84496,0.00000489,0.000000000202473384,5260204,2018-12-01 15:15:48,btc,49.5475654835,0.0,,btc,35763.2193806,0.0163153972027625,0.0203389899998,15
1,[],4,[],2019-07-05 23:23:13,40917.80305891,0.00000832,0.000000000920372544,7800610,2019-07-05 23:23:13,btc,2.3613295236591636,0.0,0.00000832,btc,16635.0293792,0.04717508,0.1222717859166617,18
1,[],10,[],2019-07-05 23:23:15,397642.63983529,0.00000865,0.0000000009568777050000001,7800611,2019-07-05 23:23:15,btc,15.057047372232983,3292.05684648,0.00000865,btc,18388.08286738,0.0,0.2791777243706,18
0,[],2,[],2019-01-20 23:23:38,0.0,0,0,6476906,2019-01-20 23:23:38,,0.0,0.0,0,,0.0,0.0,0.0,18
1,[],12,[],2019-07-05 22:48:28,2121.90949506,0.000008620000000000000478137494874797397415022714994847774505615234375,0.000000000948018118,7800543,2019-07-05 22:48:28,btc,0.5283830832592702,0.0,0.000008620000000000000478137494874797397415022714994847774505615234375,btc,1921.62019671,4.871908e-06,0.004152891064962,18
0,[],17,[],2019-05-03 00:53:39,0.0,0,0,7558882,2019-05-03 00:53:39,btc,0.0,0.0,0,btc,0.0,0.0,0.0,18
1,[],3,[],2019-07-05 23:27:16,163372.8030879049,0.000007920000000000000403934698189889473951552645303308963775634765625,0.0000000008761238640000001,7800612,2019-07-05 23:27:16,btc,190.30414986629216,15812.764628,0.000007920000000000000403934698189889473951552645303308963775634765625,btc,17561.7673606358,0.0,0.115872942714873,19
1,[],4,[],2019-07-05 23:27:17,447501.56562826,0.00000633,0.000000000700235361,7800613,2019-07-05 23:27:17,btc,2.6696812788363746,0.0,0.00000633,btc,190934.26850339,0.25747268,1.2271607516808476,19
1,[],5,[],2019-07-05 23:27:20,0.0,0,0,7800614,2019-07-05 23:27:20,btc,0.0,0.0,0,btc,0.0,0.0,0.0,19
1,[],12,[],2019-07-05 23:27:21,107214.26312862,0.00000581000000000000027707003358301562911947257816791534423828125,0.0000000006427120770000001,7800615,2019-07-05 23:27:21,btc,0.3655397990824794,0.0,0.00000581000000000000027707003358301562911947257816791534423828125,btc,2871.37819012,0.0,0.0095260439998552,19
0,[],27,[],2019-07-05 23:27:27,0.0,0,0,7800616,2019-07-05 23:27:27,,0.0,0.0,0,btc,0.0,0.0,0.0,19
0,[],2,[],2019-01-20 23:24:19,0.0,0,0,6476924,2019-01-20 23:24:19,,0.0,0.0,0,,0.0,0.0,0.0,19
1,[],4,[],2019-07-05 23:27:28,9925191.09278478,0.00000005,0.000000000005531085,7800617,2019-07-05 23:27:28,btc,5.162345510776601,0.0,0.00000005,btc,2240531.70486197,0.0,0.1102994166205056,20
0,[],4,[],2019-07-03 05:17:38,0.0,0,0,7790614,2019-07-03 05:17:38,,13630.874493644571,0.0,0,,166276624.1737067,0.0,0.0,21
0,[],12,[],2019-07-03 05:17:41,0.0,0,0,7790615,2019-07-03 05:17:41,btc,2602.9596941675427,0.0,0,btc,9905024.55244751,3.996e-08,0.0,21
0,[],17,[],2019-05-03 00:53:51,0.0,0,0,7558891,2019-05-03 00:53:51,btc,0.0,0.0,0,btc,0.0,0.0,0.0,21
1,[],12,[],2019-07-05 23:27:30,7183816291.864567,0.0000000006,0.00000000000006637302,7800618,2019-07-05 23:27:30,btc,1426620318795.2666,0.0,0.0000000006,btc,3316435723.7812138,0.059425851093,2.5844707275454835,23
0.000000000261843,[],27,[],2019-07-05 23:27:36,72135574.77222767,1.3092150000000002e-16,1.448275889655e-20,7800619,2019-07-05 23:27:36,eth,11368.274996729222,33012492.27072928,0.0000005,eth,13220269.1506114,4.32204500803602e-09,5.527837666503402e-09,23
1,[],4,[],2019-06-22 05:45:29,6100414.07522138,0.00000017,0.00000000001823352,7751732,2019-06-22 05:45:29,btc,10.22685272773715,0.0,0.00000017,btc,1790815.48208265,0.0,0.1345450262400025,24
0,[],22,[],2019-06-22 05:45:31,0.0,0,0,7751733,2019-06-22 05:45:31,,6.22e-05,0.0,0,,517.4264705882352,0.0,0.0,24
0.0,[],25,[],2019-06-22 05:45:32,0.0,0,0,7751734,2019-06-22 05:45:32,,0.0,0.0,0.0,btc,0.0,0.0,0.0,24
1,[],4,[],2019-07-05 23:27:37,26992543.85925358,0.00000322,0.000000000356201874,7800620,2019-07-05 23:27:37,btc,7.074502093903354,0.0,0.00000322,btc,208576.63946498,0.12102381,0.5169722998847331,26
1,[],10,[],2019-07-05 23:27:39,227233.48699842,0.0000033,0.00000000036505161000000003,7800621,2019-07-05 23:27:39,btc,26.16986841539305,9783.13217681,0.0000033,btc,21129.18991749,0.0,0.0469841719878873,26
0,[],2,[],2019-01-20 23:25:56,0.0,0,0,6476976,2019-01-20 23:25:56,,0.0,0.0,0,,0.0,0.0,0.0,26
1,[],5,[],2019-04-26 09:47:06,0.0,0,0,7465326,2019-04-26 09:47:06,btc,0.0,0.0,0,btc,0.0,0.0,0.0,27
1,[],3,[],2019-06-17 14:30:26,13571825.64059417,0.00000001,0.00000000000092914,7740112,2019-06-17 14:30:26,btc,3.485049956644059,4264730.43754,0.00000001,btc,23500048.28518193,0.0,0.1357182564059417,27
1,[],11,[],2019-06-17 14:30:28,2031833.58157834,0.00000001,0.00000000000092914,7740113,2019-06-17 14:30:28,btc,67502.92060589766,32677.9652116,0.00000001,btc,6487362.95640949,0.0,0.0203183358157834,27
0.0000000001075988,[],4,[],2019-07-05 23:27:40,543391279.8992685,8.392706399999999e-17,9.2841544956888e-21,7800622,2019-07-05 23:27:40,ltc,10.963658015969541,0.0,0.00000078,ltc,702176952.8775774,0.00026138,1.2223292147944745e-08,29
1,[],7,[],2019-07-05 23:27:44,0.0,0,0,7800623,2019-07-05 23:27:44,btc,46548272.671622925,10000.0,0,btc,56386342.91468113,0.0001,0.0,29
1,[],4,[],2019-07-05 23:27:45,15158912.64086708,0.00000004,0.000000000004424868,7800624,2019-07-05 23:27:45,btc,2.5726309304742268,0.0,0.00000004,btc,2249214.14278687,0.0,0.1662822053373416,30
0,[],17,[],2019-05-03 01:11:25,0.0,0,0,7559066,2019-05-03 01:11:25,btc,0.0,0.0,0,btc,0.0,0.0,0.0,30
1,[],4,[],2019-07-05 23:29:47,239685.62344551,0.00003101,0.000000003430378917,7800625,2019-07-05 23:29:47,btc,3.1288214606343376,0.0,0.00003101,btc,53365.54290835,0.27953938,0.7980050293549549,31
1,[],21,[],2019-07-05 23:29:48,236144.73302006,0.00003265000000000000079892689686,0.000000003611798505,7800626,2019-07-05 23:29:48,btc,6.409420351717425,107022.11208944,0.0000326500000000000007989268968611185073314118199050426483154296875,btc,162607.96845804,3.61194147,2.586725398428122,31
0,[],2,[],2019-01-20 23:28:43,0.0,0,0,6477009,2019-01-20 23:28:43,,0.0,0.0,0,,0.0,0.0,0.0,32
0,[],4,[],2019-07-05 23:29:49,0.0,0,0,7800627,2019-07-05 23:29:49,,0.0,0.0,0,,0.0,0.0,0.0,33
1,[],12,[],2019-03-30 07:55:10,40641173.964,0.00000003,0.000000000001228359,7108785,2019-03-30 07:55:10,btc,4233210.82356125,0.0,0.00000003,btc,28378394.68333462,0.0126927883965248,0.90752895892,33
0.0000000001075988,[],4,[],2019-07-05 23:29:51,148006900.77961585,4.303952e-17,4.761104869584e-21,7800628,2019-07-05 23:29:51,ltc,4.57608932106688,0.0,0.0000004,ltc,168902798.29336882,0.0,6.039677414371492e-10,34
1,[],5,[],2019-07-05 23:29:53,0.0,0,0,7800629,2019-07-05 23:29:53,btc,0.0,0.0,0,btc,0.0,0.0,0.0,34
0.0000000002926451,[],17,[],2019-05-02 18:17:47,200000.0,2.9264510000000002e-18,1.596703856561e-22,7556430,2019-05-02 18:17:47,eth,0.20942468735267253,0.0,0.00000001,"btc,eth",1018272.20243647,0.0,5.852902e-13,36
0.0000000001311821,[],4,[],2019-05-31 13:28:19,2417517744.0607657,1.311821e-18,1.105058333085e-22,7717483,2019-05-31 13:28:19,ltc,5.019900492391546e-08,0.0,0.00000001,ltc,7102398142.262129,0.0,3.171350544531538e-09,36
1,[],5,[],2019-05-31 13:28:21,0.0,0,0,7717484,2019-05-31 13:28:21,btc,0.0,0.0,0,btc,0.0,0.0,0.0,36
0.0000000003108179,[],27,[],2019-05-31 13:30:34,10388811.226876,6.216358000000001e-18,5.236566733830001e-22,7717485,2019-05-31 13:30:34,eth,1569.8708019850988,761866.634299,0.00000002,"ltc,eth",5084024.2511555,4.736034912207001e-12,3.3251980286483705e-11,36
1,[],4,[],2019-06-25 10:05:55,10747826.61931615,0.00000014,0.000000000015920562,7762320,2019-06-25 10:05:55,btc,19773.05513423956,0.0,0.00000014,btc,682946.14349671,0.0006293,0.1362851255028938,37
1,[],12,[],2019-06-25 10:05:57,4167862.54235103,0.00000013,0.000000000014783379,7762321,2019-06-25 10:05:57,btc,7.381091518261743,0.0,0.00000013,btc,1713444.53926904,0.016313049979,0.1478110147956336,37
1,[],27,[],2019-06-25 10:08:02,10970.0,0.00000019,0.000000000021606477,7762322,2019-06-25 10:08:02,btc,22.62970013895233,0.0,0.00000019,btc,4298.824295,0.0,0.00167419,37
1,[],17,[],2019-05-03 01:11:36,211752.74075282,0.00000025,0.000000000013700074999999998,7559074,2019-05-03 01:11:36,btc,0.055484923955058496,0.0,0.00000025,"btc,eth",1387.19918473,0.0,0.0005381851887916605,37
1,[],5,[],2019-07-05 23:29:54,0.0,0,0,7800630,2019-07-05 23:29:54,btc,0.0,0.15150169,0,btc,0.0,0.0,0.0,42
1,[],12,[],2019-07-05 23:29:56,195960.29275655,0.00000094,0.000000000103984398,7800631,2019-07-05 23:29:56,btc,525.3031263388249,0.0,0.00000094,btc,150209.21843582,0.051705661129,0.0458357769676414,42
1,[],27,[],2019-07-05 23:30:03,16100.0,0.0000003,0.00000000003318651,7800632,2019-07-05 23:30:03,btc,0.16000285,0.0,0.0000003,"btc,eth",32.0,0.0,0.004802,42
1,[],12,[],2019-03-13 09:13:29,1112112.0,0.00000001,0.000000000000386531,6919902,2019-03-13 09:13:29,btc,29058.00478931866,0.0,0.00000001,btc,5967681.93306694,9.99000999e-07,0.01112112,43
1,[],5,[],2019-04-26 22:38:52,0.0,0,0,7474154,2019-04-26 22:38:52,btc,0.0,0.02638891,0,btc,0.0,0.0,0.0,43
0,[],17,[],2019-04-26 22:38:53,0.0,0,0,7474155,2019-04-26 22:38:53,btc,0.0,0.0,0,btc,0.0,0.0,0.0,43
1,[],12,[],2019-03-05 01:54:08,639326.02,0.00000004,0.000000000001486676,6845775,2019-03-05 01:54:08,btc,11116042.728239931,0.0,0.00000004,btc,1103841.4595604,0.0003330765234764,0.014975410599999999,44
0.0000000001075988,[],4,[],2019-07-05 23:30:04,106218493.95050812,4.841946e-17,5.356242978282e-21,7800633,2019-07-05 23:30:04,ltc,1804.4140214168199,0.0,0.00000045,ltc,28329782.00683322,0.0,4.6351594570955904e-10,49
0.0000000001075988,[],4,[],2019-07-05 23:30:05,317585784.4761762,2.68997e-17,2.97569054349e-21,7800634,2019-07-05 23:30:05,ltc,25191.980755191616,0.0,0.00000025,ltc,193386901.9358908,0.0,1.9870474528240832e-09,52
0,[],22,[],2019-07-05 23:30:08,0.0,0,0,7800635,2019-07-05 23:30:08,,10289.80784133,0.0,0,,287058287.4566013,0.0,0.0,57
0,[],27,[],2019-07-05 23:30:16,0.0,0,0,7800636,2019-07-05 23:30:16,,0.0,0.0,0,"btc,eth",0.0,0.0,0.0,57
0,[],4,[],2019-07-05 23:30:17,0.0,0,0,7800637,2019-07-05 23:30:17,,19.71912053673893,0.0,0,,6111002974.196139,0.0,0.0,58
0,[],12,[],2019-07-05 23:30:19,0.0,0,0,7800638,2019-07-05 23:30:19,btc,658109592.6213584,0.0,0,btc,4068228498.231735,0.001142236764,0.0,58
1,[],17,[],2019-05-03 01:12:09,1200000.0,0.0000000001,0.00000000000000548003,7559085,2019-05-03 01:12:09,btc,1e+24,0.0,0.0000000001,"btc,eth",39516342.31952568,0.0,0.00010000000058666061,58
0.00000000008198560000000001,[],22,[],2019-07-05 22:55:30,126877.0,8.198560000000001e-19,9.01668610384e-23,7800571,2019-07-05 22:55:30,XMR,68.17454206,0.0,0.00000001,XMR,9626402.6,0.0,0.00126877,58
1,[],5,[],2019-06-17 14:31:27,0.0,0,0,7740135,2019-06-17 14:31:27,btc,0.0,0.00079154,0,btc,0.0,0.0,0.0,61
1,[],22,[],2019-06-17 14:31:30,13612.833333333334,0.00000012,0.00000000001114968,7740136,2019-06-17 14:31:30,BTC,1002.29123003,0.0,0.00000012,BTC,15014.200177125656,0.0,0.00153257,61
1,[],26,[],2019-06-17 14:31:30,0.0,0.00000050,0.000000000046457,7740137,2019-06-17 14:31:30,btc,0.0,0.0,0.00000050,btc,0.0,0.0,0.0,61
1,[],27,[],2019-06-17 14:31:36,8400.0,0.00000018,0.00000000001672452,7740138,2019-06-17 14:31:36,btc,1.9742539297246655,0.0,0.00000018,"btc,eth",10953.51663696,0.0,0.001512,61
0,[],28,[],2019-06-17 14:31:38,0.0,0,0,7740139,2019-06-17 14:31:38,,0.0,0.0,0,,0.0,0.0,0.0,61
1,[],4,[],2019-07-05 22:55:31,2249546.74892673,0.00000041,0.000000000045091349,7800572,2019-07-05 22:55:31,btc,3.349608741417958,0.0,0.00000041,btc,1343850.17323732,0.08566657,0.2867035653376648,67
0.0,[],25,[],2019-07-05 22:55:33,0.0,0,0,7800573,2019-07-05 22:55:33,,0.0,0.0,0.0,btc,0.0,0.0,0.0,67
1,[],12,[],2019-06-02 06:23:14,910048.355,0.00000006,0.000000000005154929999999999,7725270,2019-06-02 06:23:14,btc,5.167005424215783,0.0,0.00000006,btc,738530.60239759,0.003159757462,0.0187188113,71
,[],5,[],2018-11-20 23:02:39,1.5e-07,0.00000005,0.000000000002128045,4862160,2018-11-20 23:02:39,btc,2.84511358,0.0,,btc,0.00036572,0.0,0.07381892,74
1,[],5,[],2019-07-05 22:28:51,0.0,0,0,7800466,2019-07-05 22:28:51,btc,0.0,0.0180891,0,btc,0.0,0.0,0.0,75
1,[],4,[],2019-06-04 03:25:15,715281.46076168,0.00000001,0.000000000000803619,7734085,2019-06-04 03:25:15,btc,581089.6218469425,0.0,0.00000001,btc,37692563.61091116,0.0,0.0071528146076168,81
0,[],20,[],2019-01-25 09:30:31,0.0,0,0,6495923,2019-01-25 09:30:31,btc,0.0,0.0,0,btc,0.0,0.0,0.0,81
1,[],4,[],2019-07-05 22:55:34,182562.42490631,0.00006557,0.000000007211316473,7800574,2019-07-05 22:55:34,btc,59.217744804933055,0.0,0.00006557,btc,130614.09013452,0.3480199,0.2823633762335244,82
1,[],21,[],2019-07-05 22:55:35,284582.64076317,0.00006700999999999999708413800370,0.000000007369686088999999,7800575,2019-07-05 22:55:35,btc,4.22234750036604,8541.08558891,0.0000670099999999999970841380037001044911448843777179718017578125,btc,46580.06625603,0.57781714,2.8122587427355445,82
0,[],17,[],2019-03-25 22:42:34,0.0,0,0,7038780,2019-03-25 22:42:34,btc,0.0445064681804024,0.0,0,btc,995513.18476001,0.0,0.0,84
0.0000000001161485,[],4,[],2019-05-20 13:09:39,216715621.0206096,1.161485e-18,9.0533806701e-23,7657228,2019-05-20 13:09:39,ltc,1.6511566870244727,0.0,0.00000001,ltc,471032407.9048656,0.0,2.5171194308112273e-10,85
,[],22,[],2018-11-20 23:09:34,3408.1,0.0000001,0.0000000000041895,4862324,2018-11-20 23:09:34,BTC,0.04624735,0.0,,BTC,4990.0,0.0,0.00033081,86
1,[],22,[],2019-07-05 22:55:38,27288.0,0.00000001,0.000000000001099789,7800576,2019-07-05 22:55:38,BTC,1.86422917,0.0,0.00000001,BTC,398878.94736842107,0.0,0.00027288,87
1,[],27,[],2019-07-05 22:55:44,80806.3,0.00000006,0.0000000000065987339999999996,7800577,2019-07-05 22:55:44,btc,15.9747898956,2250.0,0.00000006,btc,643251.188,0.000135,0.004386768,87
,[],2,[],2018-11-20 23:10:47,0.0,0,0,4862359,2018-11-20 23:10:47,,0.0,0.0,,,0.0,0.0,0.0,88
1,[],11,[],2019-06-17 14:31:59,193715.3529613,0.000073310000000000001140094962881477158589405007660388946533203125,0.00000000681152534,7740147,2019-06-17 14:31:59,btc,168.35454702024953,5791.70569014,0.000073310000000000001140094962881477158589405007660388946533203125,btc,196971.41170107,0.0,1.1996165759440112,89
1,[],12,[],2019-07-05 22:55:45,397738.22994207,0.00000027,0.000000000029694303,7800578,2019-07-05 22:55:45,btc,121.17203892610219,0.0,0.00000027,btc,294508.42402425,0.0006005654,0.0258798033538343,91
1,[],22,[],2019-07-05 22:57:49,75900.0,0.00000001,0.000000000001099789,7800579,2019-07-05 22:57:49,BTC,0.495,0.0,0.00000001,"BTC,LTC",4.95,0.0,0.001659,91
0,[],2,[],2019-01-20 23:31:45,0.0,0,0,6477083,2019-01-20 23:31:45,,0.0,0.0,0,,0.0,0.0,0.0,91
0,[],17,[],2019-05-03 01:12:26,0.0,0,0,7559096,2019-05-03 01:12:26,btc,0.0,0.0,0,btc,0.0,0.0,0.0,91
1,[],22,[],2019-07-05 22:31:16,94060.0,0.00000002,0.000000000002229082,7800473,2019-07-05 22:31:16,BTC,11.52307074,0.0,0.00000002,"BTC,LTC",341043.4683191416,0.0,0.0662712,95
0.0000000001075346,[],4,[],2019-07-05 22:57:50,538757326.3541676,3.0109687999999996e-17,3.3114303655832e-21,7800580,2019-07-05 22:57:50,ltc,10.868233954309542,0.0,0.00000028,ltc,152976072.84844762,0.0,7.527641157988105e-10,96
0,[],12,[],2019-07-05 22:57:52,0.0,0,0,7800581,2019-07-05 22:57:52,btc,36.38379579651349,0.0,0,btc,10035220.65134864,0.0,0.0,96
0,[],17,[],2019-05-03 01:12:32,0.0,0,0,7559100,2019-05-03 01:12:32,btc,0.0,0.0,0,btc,0.0,0.0,0.0,96
1,[],4,[],2019-04-14 03:32:46,1039404.33283278,0.00000038,0.000000000019245518,7293458,2019-04-14 03:32:46,btc,4.170086055365747,0.0,0.00000038,btc,3097704.34561074,0.06260606,0.1859928211030784,99
0,[],2,[],2019-01-20 23:23:55,0.0,0,0,6476914,2019-01-20 23:23:55,,0.0,0.0,0,,0.0,0.0,0.0,100
1,[],4,[],2019-07-05 22:33:19,175655.67995101,0.00001218,0.000000001357510938,7800476,2019-07-05 22:33:19,btc,12.916721464272948,0.0,0.00001218,btc,289761.09085685,0.09341709,0.377253017986052,100
1,[],22,[],2019-06-05 06:30:35,150000.0,0.00000002,0.000000000001558192,7740007,2019-06-05 06:30:35,BTC,28.56386409,0.0,0.00000002,BTC,12787.719,0.0,0.0017,101
1,[],4,[],2019-07-05 22:59:54,506111.78016509,0.00000155,0.000000000170467295,7800582,2019-07-05 22:59:54,btc,884.8142287466501,0.0,0.00000155,btc,878600.92564279,0.01501003,0.0826383075918096,103
1,[],12,[],2019-06-17 14:32:14,179201505.10870332,0.000000005,0.00000000000046457,7740154,2019-06-17 14:32:14,btc,113577.79366343976,0.0,0.000000005,btc,79148141.67831126,0.019059029059,0.27280986350611003,105
1,[],27,[],2019-06-17 14:32:19,18306828.03496503,0.00000002,0.00000000000185828,7740155,2019-06-17 14:32:19,btc,180.7198218385489,1083.96503497,0.00000002,btc,276513.60142659,7.588e-05,0.3661365606993006,105
1,[],22,[],2019-04-21 00:17:26,21333.0,0.00000001,0.000000000000532493,7385819,2019-04-21 00:17:26,BTC,51.38182867,0.0,0.00000001,BTC,470435.0,0.0,0.00021333,107
1,[],26,[],2019-04-21 00:17:26,0.0,0.00000000,0,7385820,2019-04-21 00:17:26,btc,0.0,0.0,0.00000000,btc,0.0,0.0,0.0,107
1,[],5,[],2019-07-05 22:59:57,0.0,0,0,7800583,2019-07-05 22:59:57,btc,0.0,0.0,0,btc,0.0,0.0,0.0,112
0,[],22,[],2019-07-05 22:59:59,0.0,0,0,7800584,2019-07-05 22:59:59,,6.79500102,0.0,0,,3375892.0833333335,0.0,0.0,112
1,[],27,[],2019-07-05 23:00:08,1.0,0.00000001,0.000000000001099789,7800585,2019-07-05 23:00:08,btc,0.0,0.0,0.00000001,"btc,eth",0.0,0.0,1e-08,112
1,[],4,[],2019-07-05 22:33:37,1275216.01732612,0.00000038,0.000000000042352558,7800481,2019-07-05 22:33:37,btc,6.386935016384571,0.0,0.00000038,btc,974935.73746007,0.01697601,0.1554077072767007,113
1,[],5,[],2019-07-05 22:33:39,0.0,0,0,7800482,2019-07-05 22:33:39,btc,0.0,0.0,0,btc,0.0,0.0,0.0,113
1,[],27,[],2019-07-05 23:02:14,95525.16595526,0.00000001,0.000000000001099789,7800586,2019-07-05 23:02:14,btc,3918.966122084,0.0,0.00000001,btc,85259.687,0.0,0.0009552516595526,116
1,[],17,[],2019-04-26 02:17:47,162738.278,0.00000004,0.0000000000021069000000000002,7461287,2019-04-26 02:17:47,btc,1.3331140273775473,0.0,0.00000004,btc,51796.221,0.0,0.00230953112,116
1,[],4,[],2019-05-21 22:31:11,138169.03963019,0.00000701,0.000000000558364025,7664793,2019-05-21 22:31:11,btc,150.95388250938234,0.0,0.00000701,btc,344631.17141974,0.07552974,0.4288357684941946,120
1,[],7,[],2019-05-21 22:31:12,3901.07750076,0.000010679999999999999389654892212320191902108490467071533203125,0.0000000008506887,7664794,2019-05-21 22:31:12,btc,231188.94669936574,0.0,0.000010679999999999999389654892212320191902108490467071533203125,btc,4133.83151364,0.0,0.0113888422364489,120
1,[],20,[],2019-04-07 18:42:29,1914137.0852,0.000000035,0.0000000000017871910000000002,7211992,2019-04-07 18:42:29,btc,32.2497668025648,25528.85,0.000000035,btc,1001975.4986,0.00089350975,0.0152723574729,125
1,[],22,[],2019-06-17 14:32:38,10000.0,0.00000001,0.00000000000092914,7740161,2019-06-17 14:32:38,BTC,0.032061,0.0,0.00000001,BTC,299316.7611111111,0.0,0.0001,126
1,[],4,[],2019-07-05 22:35:46,404062.42627393,0.00000305,0.000000000339935005,7800484,2019-07-05 22:35:46,btc,2.5069252576168606,0.0,0.00000305,btc,209907.77575493,0.07605921,0.3748422690802627,131
0,[],2,[],2019-01-20 23:25:46,0.0,0,0,6476969,2019-01-20 23:25:46,,0.0,0.0,0,,0.0,0.0,0.0,131
1,[],17,[],2019-05-03 01:13:10,10000.0,0.00000001,0.000000000000548003,7559115,2019-05-03 01:13:10,btc,0.0953976503951408,0.0,0.00000001,btc,5037.62507334,0.0,0.0001,131
1,[],4,[],2019-06-17 14:32:42,4848.49465417,0.00007919,0.00000000735785966,7740163,2019-06-17 14:32:42,btc,0.9905723729472744,0.0,0.00007919,btc,202.13055914,0.0,0.0061509344290166,135
1,[],3,[],2019-07-05 22:37:47,2684.76592867,0.00000001,0.000000000001114541,7800485,2019-07-05 22:37:47,btc,405.4262306675965,1959014.12324,0.00000001,btc,2924076.2618192,0.0,2.68476592867e-05,136
1,[],4,[],2019-07-05 22:37:48,178179.03526075,0.00000133,0.000000000148233953,7800486,2019-07-05 22:37:48,btc,112.5720217743947,0.0,0.00000133,btc,533195.58020077,0.01987435,0.0980368841662515,137
1,[],12,[],2019-07-05 22:37:50,68136.3756916,0.000001349999999999999991849510168340220417348973569460213184356689453125,0.000000000150463035,7800487,2019-07-05 22:37:50,btc,57.9007600617767,0.0,0.000001349999999999999991849510168340220417348973569460213184356689453125,btc,82164.41598676,0.00132724,0.0135484799999395,137
1,[],4,[],2019-07-05 22:37:51,284706.59759558,0.00001084,0.000000001208162444,7800488,2019-07-05 22:37:51,btc,10.918718536280817,0.0,0.00001084,btc,170573.68501182,0.34122317,0.1757073258562408,142
1,[],5,[],2019-07-05 22:37:52,0.0,0,0,7800489,2019-07-05 22:37:52,btc,0.0,0.00140707,0,btc,0.0,0.0,0.0,142
1,[],20,[],2019-07-05 22:39:54,113128.9798,0.000005961,0.0000000006643778901,7800490,2019-07-05 22:39:54,btc,1.5675418874573,0.0,0.000005961,btc,9882.1432,0.0,0.0061581485562,142
1,[],22,[],2019-07-05 22:39:57,10819.88,0.00000600,0.0000000006687246,7800491,2019-07-05 22:39:57,BTC,2.99759384,0.0,0.00000600,BTC,835.7198755539798,7.2e-07,0.00536648,142
0.0,[],25,[],2019-07-05 22:39:59,0.0,0,0,7800492,2019-07-05 22:39:59,,0.0,0.0,0.0,btc,0.0,0.0,0.0,142
1,[],28,[],2019-07-05 22:40:13,76710.0,0.00001110,0.00000000123714051,7800493,2019-07-05 22:40:13,btc,0.438587390411,4817.0,0.00001110,btc,1381.1951,0.0,0.0043322,142
1,[],17,[],2019-05-03 01:13:16,32967.38636364,0.00000088,0.000000000048224264,7559122,2019-05-03 01:13:16,btc,20.06976206696776,0.0,0.00000088,btc,2746.079105,0.0,0.0105613000000032,142
0,[],22,[],2019-07-05 22:40:15,0.0,0,0,7800494,2019-07-05 22:40:15,,67.81665877,0.0,0,,754491934.7744589,0.0,0.0,143
0,[],22,[],2019-02-25 15:42:22,0.0,0,0,6783783,2019-02-25 15:42:22,,4.2131946,0.0,0,,2322156.0,0.0,0.0,146
,[],22,[],2018-11-20 23:01:11,0.0,0,0,4862114,2018-11-20 23:01:11,,2.56807021,0.0,,,61828.4988236,0.0,0.0,147
1,[],12,[],2019-04-21 06:38:04,193091.5971266,0.00000071,0.000000000037635183,7388679,2019-04-21 06:38:04,btc,2.301232411611175,0.0,0.00000071,btc,9957.48302385,0.00023528,0.0313308199999888,148
1,[],4,[],2019-03-19 21:31:25,255810.0415942,0.00000029,0.000000000011615747,6982695,2019-03-19 21:31:25,btc,218.94922712414143,0.0,0.00000029,btc,793529.37642722,0.00117,0.0608347789473395,152
0,[],22,[],2019-03-19 21:31:27,0.0,0,0,6982696,2019-03-19 21:31:27,,0.0,0.0,0,,0.0,0.0,0.0,152
1,[],5,[],2019-04-26 09:36:59,0.0,0,0,7465040,2019-04-26 09:36:59,btc,0.0,0.0,0,btc,0.0,0.0,0.0,153
,[],16,[],2019-01-11 15:38:59,0.0,0,0,6366141,2019-01-11 15:38:59,btc,0.0,0.0,,btc,0.0,0.0,0.0,155
0,[],23,[],2019-01-20 23:24:29,0.0,0,0,6476932,2019-01-20 23:24:29,,0.0,0.0,0,,0.0,0.0,0.0,156
0,[],22,[],2019-06-04 06:02:09,0.0,0,0,7734688,2019-06-04 06:02:09,,7.43375324,0.0,0,,5955762.942592593,0.0,0.0,156
1,[],22,[],2019-07-05 22:40:19,6996.0,0.00000001,0.000000000001114541,7800495,2019-07-05 22:40:19,BTC,1.7543039,0.0,0.00000001,BTC,57.0,0.0,6.996e-05,157
0,[],22,[],2019-05-21 23:40:32,0.0,0,0,7665049,2019-05-21 23:40:32,,50234.60468402,0.0,0,,54786159.03179465,0.0,0.0,158
,[],17,[],2018-11-20 22:56:10,0.0,0,0,4861976,2018-11-20 22:56:10,btc,1.1265625,0.0,,btc,1000.0,0.0,0.0,159
,[],20,[],2018-11-20 22:56:12,0.0,0,0,4861977,2018-11-20 22:56:12,btc,11912.7940471,0.0,,btc,34413894.3617,0.0,0.0,159
1,[],12,[],2019-05-24 02:51:20,9178.522006449999,0.00000191999999999999982841307998027158276954651228152215480804443359375,0.000000000151222656,7676256,2019-05-24 02:51:20,btc,149.80414728631675,0.0,0.00000191999999999999982841307998027158276954651228152215480804443359375,btc,1115.7451448499999,0.01783167678326,0.0120075778999181,168
1,[],17,[],2019-05-03 01:13:36,42852.0,0.00000002,0.000000000001096006,7559132,2019-05-03 01:13:36,btc,0.04279856251542,0.0,0.00000002,btc,274.46171372,0.0,0.00052852,168
1,[],22,[],2019-05-17 03:01:52,10.0,0.00000001,0.000000000000778341,7642059,2019-05-17 03:01:52,BTC,41.95893009,0.0,0.00000001,BTC,1753972.7737547632,0.0,1e-07,169
1,[],22,[],2019-07-05 22:40:24,100102.0,0.00000001,0.000000000001114541,7800496,2019-07-05 22:40:24,BTC,27.84093381,0.0,0.00000001,"BTC,LTC",276616.94947371836,0.0,0.00119102,171
1,[],22,[],2019-05-29 08:05:18,349870.0,0.00000002,0.000000000001705894,7705265,2019-05-29 08:05:18,BTC,24.05907723,0.0,0.00000002,"BTC,LTC",1224285.4355616204,0.0,0.0039847,173
1,[],5,[],2019-07-05 22:40:25,0.0,0,0,7800497,2019-07-05 22:40:25,btc,0.0,0.00700197,0,btc,0.0,0.0,0.0,175
1,[],22,[],2019-06-17 14:33:12,90671.0,0.00000001,0.00000000000092914,7740175,2019-06-17 14:33:12,BTC,394.35459412,0.0,0.00000001,BTC,136275.61833431243,0.0,0.00090671,176
1,[],7,[],2019-07-01 10:15:32,0.0,0,0,7783526,2019-07-01 10:15:32,btc,521516.2326888725,0.0,0,btc,26809253.73522063,0.0,0.0,178
1,[],22,[],2019-07-05 22:40:29,30.0,0.00000001,0.000000000001114541,7800498,2019-07-05 22:40:29,BTC,1.00242428,0.0,0.00000001,BTC,57512.0,0.0,3e-07,178
0,[],2,[],2019-01-20 23:28:34,0.0,0,0,6477001,2019-01-20 23:28:34,,0.0,0.0,0,,0.0,0.0,0.0,178
0,[],23,[],2019-01-20 23:25:08,0.0,0,0,6476952,2019-01-20 23:25:08,,0.0,0.0,0,,0.0,0.0,0.0,179
1,[],5,[],2019-07-05 22:40:30,0.0,0,0,7800499,2019-07-05 22:40:30,btc,0.0,6.904e-05,0,btc,0.0,0.0,0.0,179
0,[],22,[],2019-07-05 22:40:33,0.0,0,0,7800500,2019-07-05 22:40:33,,9.36109844,0.0,0,,14660796.311946675,0.0,0.0,179
1,[],22,[],2019-07-05 22:42:37,752583.0544245545,0.00000063,0.000000000070216083,7800501,2019-07-05 22:42:37,BTC,40.64291115,0.0,0.00000063,"BTC,LTC",194037.78490434133,0.0116126,0.58931187,180
1,[],26,[],2019-07-05 22:42:37,0.0,0.00000010,0.00000000001114541,7800502,2019-07-05 22:42:37,btc,0.0,50.0,0.00000010,btc,0.0,0.0,0.0,180
1,[],17,[],2019-05-03 01:13:56,20504.725000000002,0.0000001,0.00000000000548003,7559141,2019-05-03 01:13:56,btc,5.2010695838400265,0.0,0.0000001,btc,5033.45945,0.0,0.0011504725,180
,[],7,[],2018-11-20 22:58:01,562227.975654,0.00000085,0.000000000036176765,4862015,2018-11-20 22:58:01,btc,21836.6059674,2491.87645172,,btc,749999.041456,0.00211021,0.127565380455,183
,[],5,[],2019-01-10 08:11:41,0.0,0,0,6347036,2019-01-10 08:11:41,btc,82.15055501,0.00261,,btc,1.19002445,0.0,0.0,187
,[],17,[],2018-11-16 20:58:10,4062536.27273,0.00000001,0.000000000000550501,4708775,2018-11-16 20:58:10,btc,3.36492563466,0.195460381006,,"btc,eth",110697919.549,0.0,0.0157628953496,187
1,[],24,[],2019-05-22 21:04:52,0.0,0.000000000014,0.0000000000000010960978,7670219,2019-05-22 21:04:52,btc,0.0,0.0,0.000000000014,btc,0.0,0.0,0.0,187
0,[],22,[],2019-04-25 02:54:07,0.0,0,0,7447896,2019-04-25 02:54:07,,7.54794454,0.0,0,,76361.7243344055,0.0,0.0,191
0,[],22,[],2019-06-17 14:33:34,0.0,0,0,7740182,2019-06-17 14:33:34,,0.0,0.0,0,,0.0,0.0,0.0,197
0,[],23,[],2019-01-20 23:31:41,0.0,0,0,6477079,2019-01-20 23:31:41,,0.0,0.0,0,,0.0,0.0,0.0,199
0,[],22,[],2019-07-05 22:42:40,0.0,0,0,7800503,2019-07-05 22:42:40,,10.58263174,0.0,0,,84280969.0,0.0,0.0,199
1,[],26,[],2019-07-05 22:42:40,0.0,0.00000000,0,7800504,2019-07-05 22:42:40,btc,0.0,0.0,0.00000000,btc,0.0,0.0,0.0,199
0,[],2,[],2019-01-20 23:30:49,0.0,0,0,6477059,2019-01-20 23:30:49,,0.0,0.0,0,,0.0,0.0,0.0,201
1,[],4,[],2019-01-25 15:51:35,2084389.58565343,0.00000936,0.000000000333526752,6499557,2019-01-25 15:51:35,btc,2.0092503037378524,0.0,0.00000936,btc,160195.80207885,0.19272417,1.242687955921835,211
1,[],7,[],2019-07-01 02:21:28,1170054124.6898527,0.00000018,0.000000000019815389999999997,7782694,2019-07-01 02:21:28,btc,1346735.6331920293,0.0,0.00000018,btc,5516233.71348162,0.0,11.954344045954047,212
1,[],12,[],2019-01-25 02:44:32,207462.42853209,0.000001080000000000000035831255497387193287295303889550268650054931640625,0.000000000038610756000000006,6493050,2019-01-25 02:44:32,btc,85023.03793723314,0.0,0.000001080000000000000035831255497387193287295303889550268650054931640625,btc,43675.73520027,0.000146250909087,0.0348620860622024,213
1,[],5,[],2019-05-30 00:07:46,0.0,0,0,7709357,2019-05-30 00:07:46,btc,0.0,0.06425239,0,btc,0.0,0.0,0.0,213
1,[],24,[],2019-05-30 00:07:46,0.0,0.000000399202,0.0000000000344859829346,7709358,2019-05-30 00:07:46,btc,0.0,0.0,0.000000399202,btc,0.0,0.0,0.0,213
1,[],26,[],2019-05-30 00:07:47,0.0,0.00000040,0.000000000034554919999999996,7709359,2019-05-30 00:07:47,btc,0.0,0.0,0.00000040,btc,0.0,0.0,0.0,213
0,[],22,[],2019-07-05 13:15:52,0.0,0,0,7799198,2019-07-05 13:15:52,,9.54552254,0.0,0,,3658585.214064925,0.0,0.0,216
0,[],27,[],2019-07-05 13:16:00,0.0,0,0,7799199,2019-07-05 13:16:00,,1998.9179475321787,0.0,0,"btc,ltc",555282.57344694,0.0,0.0,216
1,[],22,[],2019-07-05 22:42:46,489941.0,0.00000018,0.000000000020061738,7800505,2019-07-05 22:42:46,BTC,12055.862782,0.0,0.00000018,BTC,592540.9161858524,0.00072,0.02537501,217
0,[],27,[],2019-07-05 21:41:02,0.0,0,0,7800397,2019-07-05 21:41:02,,250.20642758069673,0.0,0,btc,46772.535837,0.0,0.0,219
0,[],28,[],2019-07-05 21:41:04,0.0,0,0,7800398,2019-07-05 21:41:04,,0.0,0.0,0,,0.0,0.0,0.0,219
1,[],7,[],2019-06-27 19:02:35,0.0,0,0,7772298,2019-06-27 19:02:35,btc,2123800.2774640615,0.0,0,btc,82333746.4752352,0.0,0.0,219
0,[],22,[],2019-06-26 23:36:41,0.0,0,0,7769178,2019-06-26 23:36:41,,56.75439223,0.0,0,,184664.6482738741,0.0,0.0,221
1,[],24,[],2019-06-26 23:36:41,0.0,0.000000030000,0.000000000003835668,7769179,2019-06-26 23:36:41,btc,0.0,0.0,0.000000030000,btc,0.0,0.0,0.0,221
1,[],20,[],2019-06-17 14:34:11,26882155.8301,0.000000003,0.000000000000278742,7740192,2019-06-17 14:34:11,btc,100050.81956632523,233521.3529,0.000000003,btc,38769742.8604,0.0007925640587,0.0306863532672,224
0,[],22,[],2019-06-17 14:34:13,0.0,0,0,7740193,2019-06-17 14:34:13,,0.0,0.0,0,,0.0,0.0,0.0,224
1,[],26,[],2019-07-05 22:42:46,0.0,0.00000022,0.000000000024519902,7800506,2019-07-05 22:42:46,btc,0.0,0.0,0.00000022,btc,0.0,0.0,0.0,231
1,[],26,[],2019-07-05 22:42:46,0.0,0.00000005,0.000000000005572705,7800507,2019-07-05 22:42:46,btc,0.0,0.0,0.00000005,btc,0.0,0.0,0.0,234
0.000000000261226,[],27,[],2019-07-05 22:42:53,100.0,2.61226e-18,2.91147087266e-22,7800508,2019-07-05 22:42:53,eth,0.0,0.0,0.00000001,"btc,eth",0.0,0.0,2.61226e-16,234
1,[],4,[],2019-05-22 17:06:12,91780.56053785,0.00000078,0.000000000061977552,7669277,2019-05-22 17:06:12,btc,5.573372450018177,0.0,0.00000078,btc,729173.93529783,0.0,0.0307060663355679,236
1,[],24,[],2019-05-22 17:06:12,0.0,0.000000010000,0.000000000000794584,7669278,2019-05-22 17:06:12,btc,0.0,0.0,0.000000010000,btc,0.0,0.0,0.0,236
1,[],5,[],2019-07-05 22:42:55,0.0,0,0,7800509,2019-07-05 22:42:55,btc,0.0,0.12311844,0,btc,0.0,0.0,0.0,237
1,[],20,[],2019-07-05 22:42:57,124689791.7157,0.000000054,0.0000000000060185214,7800510,2019-07-05 22:42:57,btc,548.346004761755,2732597.2674,0.000000054,btc,46265796.0057,0.154186987566,0.6795180123955,237
1,[],22,[],2019-07-05 22:43:01,2087097.0,0.00000003,0.000000000003343623,7800511,2019-07-05 22:43:01,BTC,1.20109922,0.0,0.00000003,"BTC,LTC",14430.948717948719,0.0,0.02685955,237
1,[],4,[],2019-07-05 22:43:02,26359171.5060114,0.00000005,0.000000000005572705,7800512,2019-07-05 22:43:02,btc,3.2076665929276253,0.0,0.00000005,btc,18795376.17487693,0.04951781,0.450734705653866,238
1,[],5,[],2019-07-05 22:43:03,0.0,0,0,7800513,2019-07-05 22:43:03,btc,0.0,0.05482042,0,btc,0.0,0.0,0.0,238
0,[],22,[],2019-03-12 16:49:32,0.0,0,0,6914458,2019-03-12 16:49:32,,0.40415746,0.0,0,,526736.5639027493,0.0,0.0,249
0,[],22,[],2019-07-05 22:45:04,0.0,0,0,7800514,2019-07-05 22:45:04,,0.2285295,0.0,0,,13782416.0,0.0,0.0,252
1,[],28,[],2019-07-05 22:45:11,784976.6,0.00000004,0.000000000004458164,7800515,2019-07-05 22:45:11,btc,205.61634154685,234622.6,0.00000004,btc,5210463.7932,0.0,0.021138064,256
0.0000000001065474,[],22,[],2019-07-05 20:42:29,11517.0,2.663685e-17,2.939821232895e-21,7800298,2019-07-05 20:42:29,LTC,31471.86831386,0.0,0.00000025,LTC,732242.028948892,0.0,0.00251517,258
1,[],22,[],2019-05-19 18:12:02,400.0,0.00000001,0.0000000000007957800000000001,7653905,2019-05-19 18:12:02,BTC,2.415167,0.0,0.00000001,BTC,157.0,0.0,4e-06,259
1,[],5,[],2019-07-02 14:44:15,0.0,0,0,7788374,2019-07-02 14:44:15,btc,0.0,0.02775788,0,btc,0.0,0.0,0.0,264
1,[],20,[],2019-07-02 14:44:17,953070.9962,0.000000178,0.000000000017956461999999998,7788375,2019-07-02 14:44:17,btc,1.1507330656826,14313.4023,0.000000178,btc,65222.866,0.0046947959544,0.0049363258649,264
0,[],22,[],2019-04-12 17:57:27,0.0,0,0,7278186,2019-04-12 17:57:27,,66.37522201,0.0,0,,677842.4169881374,0.0,0.0,271
0,[],22,[],2019-07-05 22:45:14,0.0,0,0,7800516,2019-07-05 22:45:14,,33050469.74148113,0.0,0,,14261527780.7,0.0,0.0,272
0.000000000000003517,[],28,[],2019-07-05 22:45:21,323967331122.82,4.2204000000000003e-22,4.7038088364e-26,7800517,2019-07-05 22:45:21,doge,66317597.569717966,4761486404.3449,0.00000012,doge,159537491282.97763,0.0,7.30293546827285e-11,272
1,[],22,[],2019-05-23 07:12:29,219930.0,0.00000004,0.000000000003048688,7671985,2019-05-23 07:12:29,BTC,426.77835217,0.0,0.00000004,BTC,248664.3325962929,0.0,0.00739728,281
1,[],22,[],2019-07-02 18:15:29,1409605.9,0.00000002,0.000000000002147082,7789011,2019-07-02 18:15:29,BTC,7.87630805,0.0,0.00000002,"BTC,LTC",1137979.797623037,0.00674692,0.02432534,286
0,[],22,[],2019-06-17 14:34:53,0.0,0,0,7740207,2019-06-17 14:34:53,,7337915.80475575,0.0,0,,2078527309.6797826,0.0,0.0,294
