pairValue,buyBook,exchangeId,sellBook,updated,buyTotal,satoshiPrice,usdPrice,exchangeLogId,created,bestPair,sellTotalBtc,volume,pairPrice,activePairs,sellTotal,volumeBtc,buyTotalBtc,coinId
0,[],2,[],2019-01-20 23:28:45,0.0,0,0,6477011,2019-01-20 23:28:45,,0.0,0.0,0,,0.0,0.0,0.0,1
1,[],3,[],2019-03-20 09:19:24,31036.83790543682,0.013359400000000000441335856748992227949202060699462890625,0.00000053527241574,6987246,2019-03-20 09:19:24,btc,60.17795041092085,0.354085526872,0.013359400000000000441335856748992227949202060699462890625,btc,26.576323899584,0.0,0.28995128633106393,1
1,[],4,[],2019-03-20 09:19:25,207756.3108217,0.01334392,0.0000005346521770320001,6987247,2019-03-20 09:19:25,btc,13.536840668440838,0.0,0.01334392,btc,254.21311148,1.39134852,1.1977999489926008,1
1,[],5,[],2019-03-20 09:19:29,0.0,0,0,6987248,2019-03-20 09:19:29,btc,0.0,0.00495191,0,btc,0.0,0.0,0.0,1
1,[],10,[],2019-03-20 09:19:31,413675.74912334,0.0105552,0.00000042291625392000006,6987249,2019-03-20 09:19:31,btc,6522.37468919598,1756.68471238,0.0105552,btc,944.59724023,0.0,4.434187049164951,1
1,[],12,[],2019-03-20 09:19:34,47.58914262,0.01333999999999999942768003080573180341161787509918212890625,0.000000534495114,6987250,2019-03-20 09:19:34,btc,0.1715081523838,0.0,0.01333999999999999942768003080573180341161787509918212890625,btc,12.34216117,0.0290180880082,0.3347922282647,1
1,[],20,[],2019-03-20 09:19:36,1152.6081,0.01070001,0.000000428718370671,6987251,2019-03-20 09:19:36,btc,0.0423738248054,0.0,0.01070001,btc,1.8879,0.0,0.0974182203341,1
1,[],21,[],2019-03-20 09:19:37,2079.078876,0.01340005000000000015547563237,0.000000536901143355,6987252,2019-03-20 09:19:37,btc,81.42705911094882,18858.85105126,0.0134000500000000001554756323685069219209253787994384765625,"btc,eth",6841.56636753,217.61029769241037,20.22525075702343,1
1,[],22,[],2019-03-20 09:19:40,0.07686088253968254,0.01260000,0.00000050484546,6987253,2019-03-20 09:19:40,BTC,0.31439419,0.0,0.01260000,BTC,0.12751438772928525,0.0,0.00096785,1
1,[],24,[],2019-03-20 09:19:41,0.0,0.000000000000,0,6987254,2019-03-20 09:19:41,btc,0.0,0.0,0.000000000000,btc,0.0,0.0,0.0,1
0.0,[],25,[],2019-03-20 09:19:42,0.0,0,0,6987255,2019-03-20 09:19:42,btc,37.49119999792342,97.78893967,0.0,btc,2729.20225733,1.304,0.0,1
1,[],26,[],2019-03-20 09:19:42,0.0,0,0,6987256,2019-03-20 09:19:42,,0.0,0.0,0,,0.0,0.0,0.0,1
1,[],28,[],2019-03-20 09:19:44,992.9,0.01231000,0.000000493226001,6987257,2019-03-20 09:19:44,btc,0.151703079,16833.76,0.01231000,btc,8.184,0.0,0.086101096,1
1,[],5,[],2019-03-20 09:19:46,0.0,0,0,6987258,2019-03-20 09:19:46,btc,0.0,0.00374089,0,btc,0.0,0.0,0.0,2
0.000000000133118,[],22,[],2019-03-20 09:19:49,1148.0,1.464298e-16,5.867017439580001e-21,6987259,2019-03-20 09:19:49,XMR,21.02425527,0.0,0.00000110,XMR,24942.398537272726,0.0,0.00087635,2
1,[],5,[],2019-03-20 09:19:51,0.0,0,0,6987260,2019-03-20 09:19:51,btc,0.0,0.141128,0,btc,0.0,0.0,0.0,3
1,[],12,[],2019-03-20 09:19:52,2665002.0459711,0.00000019,0.000000000007612749,6987261,2019-03-20 09:19:52,btc,23468.984918008173,0.0,0.00000019,btc,1712565.3054354,0.04908084766241643,0.366318277578538,3
0,[],28,[],2019-03-20 09:19:54,0.0,0,0,6987262,2019-03-20 09:19:54,,0.0,0.0,0,,0.0,0.0,0.0,3
0,[],2,[],2019-01-20 23:31:32,0.0,0,0,6477077,2019-01-20 23:31:32,,0.0,0.0,0,,0.0,0.0,0.0,4
1,[],4,[],2019-03-20 09:19:55,350749.61202031,0.00000030,0.00000000001202013,6987263,2019-03-20 09:19:55,btc,32.066716819740336,0.0,0.00000030,btc,696508.86156696,0.00628703,0.0339855554037994,4
1,[],12,[],2019-03-20 09:19:56,354222.0,0.00000001,0.000000000000400671,6987264,2019-03-20 09:19:56,btc,1111853.41264215,0.0,0.00000001,btc,1017598.0,0.0008211998001998,0.00354222,5
1,[],11,[],2019-03-20 09:19:58,3387507.66422,0.00000001,0.000000000000400671,6987265,2019-03-20 09:19:58,btc,9574.418270298487,10000.0,0.00000001,btc,43665534.90528502,0.0,0.0338750766422,6
0,[],2,[],2019-01-20 23:31:51,0.0,0,0,6477087,2019-01-20 23:31:51,,0.0,0.0,0,,0.0,0.0,0.0,6
1,[],3,[],2019-03-20 09:19:59,1124.411030973246,0.00016002999999999999755466439932405364743317477405071258544921875,0.000000006411938013,6987266,2019-03-20 09:19:59,btc,29.634654231634162,0.0,0.00016002999999999999755466439932405364743317477405071258544921875,btc,241.020514578101,0.0,0.04031204318425566,7
1,[],4,[],2019-03-20 09:20:00,102947.07477219,0.00023560,0.00000000943980876,6987267,2019-03-20 09:20:00,btc,12.816084093909353,0.0,0.00023560,btc,45742.32147324,3.03368724,10.655904324193829,7
1,[],5,[],2019-03-20 09:20:01,0.0,0,0,6987268,2019-03-20 09:20:01,btc,0.0,0.3117499,0,btc,0.0,0.0,0.0,7
1,[],20,[],2019-02-20 02:16:17,39399275.8418,0.000000001,0.0000000000000390183,6728586,2019-02-20 02:16:17,btc,116.9737569154545,525.0,0.000000001,btc,56932965.8895,5.25e-07,0.0393992758418,8
1,[],4,[],2019-03-20 09:20:03,2083728.34662198,0.00000157,0.000000000062905347,6987269,2019-03-20 09:20:03,btc,6.948741526062341,0.0,0.00000157,btc,3181337.66645492,0.82759962,2.1556546846714695,9
1,[],28,[],2019-03-20 09:20:04,26837.0,0.00000160,0.00000000006410736,6987270,2019-03-20 09:20:04,btc,2708.775595772023,3297171.13,0.00000160,btc,20316.2673,0.0,0.0155039,9
0,[],2,[],2019-01-20 23:22:42,0.0,0,0,6476876,2019-01-20 23:22:42,,0.0,0.0,0,,0.0,0.0,0.0,9
0,[],23,[],2019-01-20 23:22:48,0.0,0,0,6476878,2019-01-20 23:22:48,,0.0,0.0,0,,0.0,0.0,0.0,9
1,[],1,[],2019-02-17 23:31:42,1822507.21,0.00000181000000000000003456111265232042484285557293333113193511962890625,0.000000000066086901,6701244,2019-02-17 23:31:42,btc,3.6990969245,17153386.5,0.00000181000000000000003456111265232042484285557293333113193511962890625,btc,1997391.71,31.11772986,3.2610482446,9
1,[],4,[],2019-02-17 11:22:43,4341674.27126056,0.00000002,0.0000000000007272960000000001,6696112,2019-02-17 11:22:43,btc,0.1997230937751353,0.0,0.00000002,btc,4109766.79808031,0.00215132,0.0479381022052112,10
1,[],4,[],2019-03-20 09:20:05,5402191.08712327,0.00000166,0.000000000066511386,6987271,2019-03-20 09:20:05,btc,13.188295410947307,0.0,0.00000166,btc,5291182.54548156,3.65311509,6.129406365073067,12
1,[],5,[],2019-03-20 09:20:07,0.0,0,0,6987272,2019-03-20 09:20:07,btc,0.0,0.19466621,0,btc,0.0,0.0,0.0,12
0.0,[],25,[],2019-03-20 09:20:09,0.0,0,0,6987273,2019-03-20 09:20:09,,0.0,0.0,0.0,btc,0.0,0.0,0.0,12
0,[],2,[],2019-01-20 23:23:08,0.0,0,0,6476890,2019-01-20 23:23:08,,0.0,0.0,0,,0.0,0.0,0.0,12
1,[],4,[],2019-03-20 09:20:10,32931523.71396517,0.00001070,0.00000000042871797,6987274,2019-03-20 09:20:10,btc,3.4317857502018265,0.0,0.00001070,btc,257815.19274656,1.63912423,1.4793237563075043,13
1,[],10,[],2019-03-20 09:20:12,482908.960442,0.00001087,0.000000000435529377,6987275,2019-03-20 09:20:12,btc,666776.2548228796,20944.6433883,0.00001087,btc,633241.56011929,0.0,0.6688876643766186,13
1,[],21,[],2019-03-20 09:20:14,1167476.10060294,0.00001086999999999999926459000321,0.000000000435529377,6987276,2019-03-20 09:20:14,btc,13.469573188066644,2040117.38149756,0.00001086999999999999926459000321177228443048079498112201690673828125,btc,1073931.16152813,22.94720354,11.776462893190441,13
1,[],4,[],2019-03-20 09:20:14,1171695.56617844,0.00000091,0.000000000036461061,6987277,2019-03-20 09:20:14,btc,5.689052160022979,0.0,0.00000091,btc,978131.98174626,0.06143258,0.225412339721373,14
1,[],12,[],2019-03-20 09:20:15,313947.21126761,0.00000071,0.000000000028447641,6987278,2019-03-20 09:20:15,btc,0.0554779848094488,0.0,0.00000071,btc,13240.47419072,0.0005642088081371,0.0367802500000031,14
1,[],26,[],2019-03-20 09:20:26,0.0,0.00000050,0.00000000002003355,6987279,2019-03-20 09:20:26,btc,0.0,0.0,0.00000050,btc,0.0,0.0,0.0,14
0,[],17,[],2019-03-20 07:09:53,0.0,0,0,6986364,2019-03-20 07:09:53,btc,0.0,0.0,0,btc,0.0,0.0,0.0,14
0,[],4,[],2019-03-20 09:20:28,0.0,0,0,6987280,2019-03-20 09:20:28,,0.0,0.0,0,,0.0,0.0,0.0,15
,[],12,[],2018-12-01 15:15:48,204241.84496,0.00000489,0.000000000202473384,5260204,2018-12-01 15:15:48,btc,49.5475654835,0.0,,btc,35763.2193806,0.0163153972027625,0.0203389899998,15
1,[],4,[],2019-03-20 09:20:29,74151.33215598,0.00001502,0.000000000601807842,6987281,2019-03-20 09:20:29,btc,1.1079725572215662,0.0,0.00001502,btc,18459.16205088,0.04641052,0.0462779862098812,18
1,[],10,[],2019-03-20 09:20:31,786142.08453114,0.00001591,0.000000000637467561,6987282,2019-03-20 09:20:31,btc,15.404101965858692,28360.5408179,0.00001591,btc,13290.8809709,0.0,0.1689362280820844,18
1,[],12,[],2019-03-20 09:20:33,338508.10698423,0.00001544000000000000124948662527657461396302096545696258544921875,0.0000000006186360240000001,6987283,2019-03-20 09:20:33,btc,33214.73026959817,0.0,0.00001544000000000000124948662527657461396302096545696258544921875,btc,955.24854212,0.0105150745943171,0.0616191302274459,18
0,[],17,[],2019-03-20 09:20:41,0.0,0,0,6987284,2019-03-20 09:20:41,btc,0.0,0.0,0,btc,0.0,0.0,0.0,18
0,[],2,[],2019-01-20 23:23:38,0.0,0,0,6476906,2019-01-20 23:23:38,,0.0,0.0,0,,0.0,0.0,0.0,18
1,[],3,[],2019-03-20 09:20:42,119981.59688726277,0.0000222899999999999983454727903176006975627387873828411102294921875,0.000000000893095659,6987285,2019-03-20 09:20:42,btc,0.6663200906237937,236.56026303,0.0000222899999999999983454727903176006975627387873828411102294921875,btc,13147.466810408645,0.0,0.05045739258471696,19
1,[],4,[],2019-03-20 09:20:42,218216.79652192,0.00002184,0.000000000875065464,6987286,2019-03-20 09:20:42,btc,4.329137474177969,0.0,0.00002184,btc,105301.45334735,1.31388435,2.3301576098405903,19
1,[],5,[],2019-03-20 09:20:44,0.0,0,0,6987287,2019-03-20 09:20:44,btc,0.0,0.00312685,0,btc,0.0,0.0,0.0,19
1,[],12,[],2019-03-20 09:20:45,389316.12428376,0.00002390000000000000156545783280837014217468095012009143829345703125,0.0000000009576036900000002,6987288,2019-03-20 09:20:45,btc,0.209794852504483,0.0,0.00002390000000000000156545783280837014217468095012009143829345703125,btc,2043.07442516,0.006895392360018,0.1204010605330478,19
0,[],27,[],2019-03-20 09:20:50,0.0,0,0,6987289,2019-03-20 09:20:50,,0.0,0.0,0,btc,0.0,0.0,0.0,19
0,[],2,[],2019-01-20 23:24:19,0.0,0,0,6476924,2019-01-20 23:24:19,,0.0,0.0,0,,0.0,0.0,0.0,19
1,[],4,[],2019-03-20 09:20:51,2799091.6589256,0.00000013,0.000000000005208723,6987290,2019-03-20 09:20:51,btc,7.379342187426975,0.0,0.00000013,btc,2861180.63183601,0.0,0.0808309432487589,20
1,[],4,[],2019-03-20 09:11:12,88503730.47293596,0.00000001,0.000000000000400869,6987098,2019-03-20 09:11:12,btc,39561.39703878342,0.0,0.00000001,btc,59143196.47791303,0.00146478,0.8850373047293596,21
1,[],12,[],2019-03-20 09:11:13,2149385.0,0.00000001,0.000000000000400869,6987099,2019-03-20 09:11:13,btc,2870.5387463704897,0.0,0.00000001,btc,2983683.52447552,0.0001598800999,0.021493850000000002,21
0,[],17,[],2019-03-20 08:22:06,0.0,0,0,6986926,2019-03-20 08:22:06,btc,0.0,0.0,0,btc,0.0,0.0,0.0,21
1,[],12,[],2019-03-20 09:20:52,2415514484.0,0.0000000002,0.00000000000000801342,6987291,2019-03-20 09:20:52,btc,3161701.7191787143,0.0,0.0000000002,btc,1445893625.973027,0.08395305564475525,0.2571645676,23
0,[],27,[],2019-03-20 09:20:57,0.0,0,0,6987292,2019-03-20 09:20:57,,13.9750273112066,0.0,0,eth,6313324.08723636,0.0,0.0,23
1,[],4,[],2019-03-20 09:20:58,651497.62756577,0.00000046,0.000000000018430866,6987293,2019-03-20 09:20:58,btc,10.583202794412268,0.0,0.00000046,btc,1640518.23475888,0.00580961,0.1627796782564425,24
1,[],22,[],2019-03-20 09:21:01,11.76,0.00000100,0.0000000000400671,6987294,2019-03-20 09:21:01,BTC,7.415e-05,0.0,0.00000100,BTC,23.919354838709676,0.0,1.176e-05,24
0.0,[],25,[],2019-03-20 09:21:02,0.0,0,0,6987295,2019-03-20 09:21:02,,0.0,0.0,0.0,btc,0.0,0.0,0.0,24
1,[],4,[],2019-03-20 09:11:42,26782705.63424155,0.00000614,0.000000000246133566,6987105,2019-03-20 09:11:42,btc,15.42559073353317,0.0,0.00000614,btc,218698.2796281,0.23782608,0.5795363961727721,26
1,[],10,[],2019-03-20 09:11:44,602754.03789547,0.00000577,0.000000000231301413,6987106,2019-03-20 09:11:44,btc,25.236339000051956,3725.56009035,0.00000577,btc,14702.66420715,0.0,0.1446055141276608,26
0,[],2,[],2019-01-20 23:25:56,0.0,0,0,6476976,2019-01-20 23:25:56,,0.0,0.0,0,,0.0,0.0,0.0,26
1,[],3,[],2019-03-20 09:21:03,10182793.48184747,0.00000001,0.000000000000400671,6987296,2019-03-20 09:21:03,btc,2.068475478539065,555.0,0.00000001,btc,16314851.26485314,0.0,0.10182793481847471,27
1,[],5,[],2019-03-20 09:21:04,0.0,0,0,6987297,2019-03-20 09:21:04,btc,0.0,5.56e-06,0,btc,0.0,0.0,0.0,27
1,[],11,[],2019-03-20 09:21:05,8317265.91256781,0.00000006,0.000000000002404026,6987298,2019-03-20 09:21:05,btc,67506.08434655161,166333.333333,0.00000006,btc,7789783.7503637,0.0,0.45855516491802245,27
1,[],4,[],2019-03-20 09:21:06,2203951902.058414,0.00000001,0.000000000000400671,6987299,2019-03-20 09:21:06,btc,3.6078568105549293,0.0,0.00000001,"btc,ltc",303285053.21961457,0.12179824,10.040821708611029,29
1,[],7,[],2019-03-20 09:21:07,35604333.17543587,0.00000001,0.000000000000400671,6987300,2019-03-20 09:21:07,btc,44461604.31816474,21489.4063037,0.00000001,btc,53448570.76232952,0.00037881,0.3560433317543587,29
1,[],4,[],2019-03-20 09:21:08,4107558.88757357,0.00000017,0.000000000006811407,6987301,2019-03-20 09:21:08,btc,2.777353894071416,0.0,0.00000017,btc,2207167.15152035,0.00513175,0.1118734737574386,30
0,[],17,[],2019-03-20 09:21:10,0.0,0,0,6987302,2019-03-20 09:21:10,btc,0.0,0.0,0,btc,0.0,0.0,0.0,30
1,[],4,[],2019-03-20 09:21:11,212441.95132625,0.00006254,0.000000002505796434,6987303,2019-03-20 09:21:11,btc,6.577816604949127,0.0,0.00006254,btc,62907.44163675,0.88410098,3.5415572716934802,31
1,[],21,[],2019-03-20 09:21:12,64532.24054657,0.00006299999999999999990198812361,0.0000000025242273,6987304,2019-03-20 09:21:12,btc,5.864451513006454,138390.6249031,0.000062999999999999999901988123607310399165726266801357269287109375,btc,85689.2876896,8.60951764,3.787970429753436,31
0,[],2,[],2019-01-20 23:28:43,0.0,0,0,6477009,2019-01-20 23:28:43,,0.0,0.0,0,,0.0,0.0,0.0,32
1,[],4,[],2019-03-20 09:21:12,397796628.0178897,0.00000004,0.000000000001602684,6987305,2019-03-20 09:21:12,btc,8.699467468042325,0.0,0.00000004,"btc,ltc",172411408.47406122,0.72021014,8.265535323426047,33
1,[],12,[],2019-03-20 09:21:13,31191384.99233333,0.00000004,0.000000000001602684,6987306,2019-03-20 09:21:13,btc,4233126.744633819,0.0,0.00000004,btc,21614046.66033964,0.012221195404596,0.7479912967199999,33
1,[],4,[],2019-03-20 09:21:14,89453065.08517008,0.00000001,0.000000000000400671,6987307,2019-03-20 09:21:14,btc,3.2430289787791207,0.0,0.00000001,btc,103510638.9361004,0.02494029,0.8945306508517007,34
1,[],5,[],2019-03-20 09:21:15,0.0,0,0,6987308,2019-03-20 09:21:15,btc,0.0,0.03047664,0,btc,0.0,0.0,0.0,34
0.0000000001469832,[],4,[],2019-03-20 09:21:16,5098517234.804217,1.469832e-18,5.88919057272e-23,6987309,2019-03-20 09:21:16,ltc,4.891565735992096e-08,0.0,0.00000001,ltc,6120075052.108471,0.0,7.493963784266753e-09,36
1,[],5,[],2019-03-20 09:21:18,0.0,0,0,6987310,2019-03-20 09:21:18,btc,0.0,0.0,0,btc,0.0,0.0,0.0,36
0.0000000003438844,[],27,[],2019-03-20 09:21:39,992184.46325,3.438844e-18,1.377845064324e-22,6987311,2019-03-20 09:21:39,eth,223.74951049924783,0.0,0.00000001,"ltc,eth",12177368.61058689,0.0,1.4583447954288832e-12,36
0,[],17,[],2019-03-20 09:12:11,0.0,0,0,6987121,2019-03-20 09:12:11,btc,0.14155809881193981,0.0,0,btc,10796613.27743647,0.0,0.0,36
1,[],4,[],2019-03-20 09:21:40,266649.03155216,0.00000061,0.000000000024440931,6987312,2019-03-20 09:21:40,btc,19772.462362820257,0.0,0.00000061,btc,575458.73353679,0.02229296,0.1196840296491169,37
1,[],12,[],2019-03-20 09:21:41,1026492.8126733,0.0000006,0.00000000002404026,6987313,2019-03-20 09:21:41,btc,21.675830602987933,0.0,0.0000006,btc,430763.80124111,0.095532727127836,0.1898861238308202,37
1,[],27,[],2019-03-20 09:21:58,16356.567,0.00000045,0.000000000018030195,6987314,2019-03-20 09:21:58,btc,24.23826413611233,0.0,0.00000045,btc,6515.38138508,0.0,0.00555227515,37
1,[],17,[],2019-03-20 09:12:26,1752.74075282,0.00000025,0.000000000010021725,6987125,2019-03-20 09:12:26,btc,0.05548492398568902,0.0,0.00000025,btc,1387.19918473,0.0,0.00043818518820499993,37
1,[],5,[],2019-03-20 09:22:00,0.0,0,0,6987315,2019-03-20 09:22:00,btc,0.0,0.00438996,0,btc,0.0,0.0,0.0,42
1,[],12,[],2019-03-20 09:22:00,258693.33871478,0.0000009,0.00000000003606039,6987316,2019-03-20 09:22:00,btc,5.582827028898562,0.0,0.0000009,btc,31780.76361049,0.0132701257021411,0.0189252302685291,42
0.0000000003438844,[],27,[],2019-03-20 09:22:08,2000.0,3.438844e-18,1.377845064324e-22,6987317,2019-03-20 09:22:08,eth,0.00315028,0.0,0.00000001,"btc,eth",11.007,0.0,6.877688e-15,42
1,[],5,[],2019-03-20 09:22:09,0.0,0,0,6987318,2019-03-20 09:22:09,btc,0.0,2.57e-05,0,btc,0.0,0.0,0.0,43
0,[],17,[],2019-03-20 09:22:11,0.0,0,0,6987319,2019-03-20 09:22:11,btc,0.0,0.0,0,btc,0.0,0.0,0.0,43
1,[],12,[],2019-03-13 09:13:29,1112112.0,0.00000001,0.000000000000386531,6919902,2019-03-13 09:13:29,btc,29058.00478931866,0.0,0.00000001,btc,5967681.93306694,9.99000999e-07,0.01112112,43
1,[],12,[],2019-03-05 01:54:08,639326.02,0.00000004,0.000000000001486676,6845775,2019-03-05 01:54:08,btc,11116042.728239931,0.0,0.00000004,btc,1103841.4595604,0.0003330765234764,0.014975410599999999,44
1,[],4,[],2019-03-20 09:22:12,298070477.6957215,0.00000002,0.000000000000801342,6987320,2019-03-20 09:22:12,btc,473.7892313536431,0.0,0.00000002,"btc,ltc",12243262.5310386,0.00198014,0.28361366367156576,49
0,[],4,[],2019-03-20 09:22:13,0.0,0,0,6987321,2019-03-20 09:22:13,,25.901654667102566,0.0,0,,8015600800.762058,0.0,0.0,52
0,[],22,[],2019-03-20 09:22:15,0.0,0,0,6987322,2019-03-20 09:22:15,,4428.59026215,0.0,0,,305937213.5359664,0.0,0.0,57
0.0000000003438844,[],27,[],2019-03-20 09:22:23,2000.0,3.438844e-18,1.377845064324e-22,6987323,2019-03-20 09:22:23,eth,0.0,0.0,0.00000001,"btc,eth",0.0,0.0,6.877688e-15,57
0.0000000001469832,[],4,[],2019-03-20 09:22:23,720106637.4688182,2.939664e-18,1.177838114544e-22,6987324,2019-03-20 09:22:23,ltc,18.653702244049423,0.0,0.00000002,ltc,4648646598.137522,0.0,1.6186602283180652e-09,58
1,[],12,[],2019-03-20 09:22:24,1414610059.0,0.0000000003,0.00000000000001202013,6987325,2019-03-20 09:22:24,btc,5376425.008263254,0.0,0.0000000003,btc,1791068066.2897103,0.002959463567932072,0.3631317178,58
0,[],17,[],2019-03-20 09:22:26,0.0,0,0,6987326,2019-03-20 09:22:26,btc,1e+24,0.0,0,btc,49306342.21952568,0.0,0.0,58
0.000000000133118,[],22,[],2019-03-20 09:22:28,137438.0,1.33118e-18,5.3336522178e-23,6987327,2019-03-20 09:22:28,XMR,69.1795942,0.0,0.00000001,XMR,9887963.0,0.0,0.00137438,58
1,[],5,[],2019-03-20 09:22:31,0.0,0,0,6987328,2019-03-20 09:22:31,btc,0.0,0.01235482,0,btc,0.0,0.0,0.0,61
1,[],22,[],2019-03-20 09:22:41,13656.0,0.00000012,0.000000000004808052,6987329,2019-03-20 09:22:41,BTC,1002.2960049,0.0,0.00000012,BTC,14976.68361146909,0.0,0.00153775,61
1,[],26,[],2019-03-20 09:22:41,0.0,0.00000800,0.0000000003205368,6987330,2019-03-20 09:22:41,btc,0.0,0.0,0.00000800,btc,0.0,0.0,0.0,61
1,[],27,[],2019-03-20 09:22:52,2058.72798,0.00000047,0.000000000018831537,6987331,2019-03-20 09:22:52,btc,2.884958570314132,0.0,0.00000047,"btc,eth",19782.59257617,0.0,0.0001608151934924747,61
1,[],28,[],2019-03-20 09:22:54,13880.304,0.0000005,0.00000000002003355,6987332,2019-03-20 09:22:54,btc,2.056812978300105,768.0,0.0000005,btc,10230.59500005,0.0,0.00566391304,61
1,[],4,[],2019-03-20 09:22:55,1402722.51382388,0.00000234,0.000000000093757014,6987333,2019-03-20 09:22:55,btc,8.899513247712962,0.0,0.00000234,btc,768060.82017874,0.31749625,1.2690395763704796,67
0.0,[],25,[],2019-03-20 09:22:56,0.0,0,0,6987334,2019-03-20 09:22:56,,0.0,0.0,0.0,btc,0.0,0.0,0.0,67
1,[],12,[],2019-03-20 09:22:57,758200.54712515,0.00000018,0.000000000007212078,6987335,2019-03-20 09:22:57,btc,1111615.2252419828,0.0,0.00000018,btc,979099.90269944,0.0122578215719808,0.056500306578329704,71
,[],5,[],2018-11-20 23:02:39,1.5e-07,0.00000005,0.000000000002128045,4862160,2018-11-20 23:02:39,btc,2.84511358,0.0,,btc,0.00036572,0.0,0.07381892,74
1,[],5,[],2019-03-20 09:22:58,0.0,0,0,6987336,2019-03-20 09:22:58,btc,0.0,0.0,0,btc,0.0,0.0,0.0,75
1,[],4,[],2019-03-20 09:22:59,13382103.94481309,0.00000001,0.000000000000400671,6987337,2019-03-20 09:22:59,btc,11370.017332820591,0.0,0.00000001,btc,39841845.35132191,0.00148983,0.1338210394481309,81
0,[],20,[],2019-01-25 09:30:31,0.0,0,0,6495923,2019-01-25 09:30:31,btc,0.0,0.0,0,btc,0.0,0.0,0.0,81
1,[],4,[],2019-03-20 09:23:01,23610.53895932,0.00007431,0.000000002977386201,6987338,2019-03-20 09:23:01,btc,17.824260383789746,0.0,0.00007431,btc,11341.36427645,0.1741033,0.0771230683550527,82
1,[],21,[],2019-03-20 09:23:02,942593.82070547,0.00007475000000000000090552565446,0.000000002995015725,6987339,2019-03-20 09:23:02,btc,2.4636233888610626,3702.41785377,0.0000747500000000000009055256544598933032830245792865753173828125,btc,28013.03227291,0.27917606,3.19642919525065,82
0,[],17,[],2019-03-20 09:13:59,0.0,0,0,6987150,2019-03-20 09:13:59,btc,0.0447233088476774,0.0,0,btc,999127.19588126,0.0,0.0,84
0.0000000001469832,[],4,[],2019-03-20 09:23:04,147889140.09334978,4.409496000000001e-18,1.7667571718160001e-22,6987340,2019-03-20 09:23:04,ltc,1.675056930191538,0.0,0.00000003,ltc,373608195.04711604,0.0,3.13319596268938e-10,85
,[],22,[],2018-11-20 23:09:34,3408.1,0.0000001,0.0000000000041895,4862324,2018-11-20 23:09:34,BTC,0.04624735,0.0,,BTC,4990.0,0.0,0.00033081,86
1,[],22,[],2019-03-20 09:23:07,110870.0,0.00000005,0.000000000002003355,6987341,2019-03-20 09:23:07,BTC,2.83246841,0.0,0.00000005,BTC,194278.94736842104,6e-05,0.0017035,87
1,[],27,[],2019-03-20 09:23:14,50.0,0.00000001,0.000000000000400671,6987342,2019-03-20 09:23:14,btc,5.061790002021791,0.0,0.00000001,btc,27725.90385964,0.0,5e-07,87
,[],2,[],2018-11-20 23:10:47,0.0,0,0,4862359,2018-11-20 23:10:47,,0.0,0.0,,,0.0,0.0,0.0,88
1,[],11,[],2019-03-20 09:23:16,106247.79997102999,0.0001502200000000000084700302327433973914594389498233795166015625,0.000000006018879762000001,6987343,2019-03-20 09:23:16,btc,613.5448943251562,103.61468015,0.0001502200000000000084700302327433973914594389498233795166015625,btc,106730.08481386,0.0,8.254197983320752,89
0,[],2,[],2019-01-20 23:31:45,0.0,0,0,6477083,2019-01-20 23:31:45,,0.0,0.0,0,,0.0,0.0,0.0,91
1,[],12,[],2019-03-20 09:23:16,316501.89601679,0.00000062,0.000000000024841602,6987344,2019-03-20 09:23:16,btc,58.43962612670147,0.0,0.00000062,btc,86191.18029419,0.0012247840641053,0.0311637226999768,91
1,[],22,[],2019-03-20 09:23:27,65900.0,0.00000001,0.000000000000400671,6987345,2019-03-20 09:23:27,BTC,3e-06,0.0,0.00000001,BTC,1.0,0.0,0.000659,91
0,[],17,[],2019-03-20 09:14:13,0.0,0,0,6987156,2019-03-20 09:14:13,btc,0.0,0.0,0,btc,0.0,0.0,0.0,91
0,[],22,[],2019-03-20 08:24:57,0.0,0,0,6986979,2019-03-20 08:24:57,,3.44097116,0.0,0,,46768900.1,0.0,0.0,95
0.0000000001469832,[],4,[],2019-03-20 09:23:28,539751210.7391496,7.055193600000001e-17,2.8268114749056002e-21,6987346,2019-03-20 09:23:28,ltc,11.887660044927653,0.0,0.00000048,ltc,134164917.0770399,0.0,1.0729446915193377e-09,96
0,[],12,[],2019-03-20 09:23:29,0.0,0,0,6987347,2019-03-20 09:23:29,btc,20.929224016543458,0.0,0,btc,3213544.65434562,7.8921078921e-06,0.0,96
0,[],17,[],2019-03-20 09:23:31,0.0,0,0,6987348,2019-03-20 09:23:31,btc,0.0,0.0,0,btc,0.0,0.0,0.0,96
1,[],4,[],2019-03-20 04:44:53,2495421.30014804,0.00000047,0.000000000018756760000000002,6985339,2019-03-20 04:44:53,btc,5.77571861196082,0.0,0.00000047,btc,3086916.07214179,0.11040638,0.5515486017087559,99
1,[],4,[],2019-03-20 09:23:32,288576.29847191,0.00003513,0.0000000014075572230000001,6987349,2019-03-20 09:23:32,btc,11.229102176728274,0.0,0.00003513,btc,173799.57479983,0.43379588,1.2832813065563013,100
0,[],2,[],2019-01-20 23:23:55,0.0,0,0,6476914,2019-01-20 23:23:55,,0.0,0.0,0,,0.0,0.0,0.0,100
1,[],22,[],2019-03-20 09:23:35,120000.0,0.00000002,0.000000000000801342,6987350,2019-03-20 09:23:35,BTC,24.82891609,0.0,0.00000002,BTC,11877.22,0.0,0.0014,101
1,[],4,[],2019-03-20 09:23:35,1268541.10199145,0.00000090,0.00000000003606039,6987351,2019-03-20 09:23:35,btc,292.56112889157225,0.0,0.00000090,btc,563440.81757844,0.00467829,0.2211022352521716,103
1,[],12,[],2019-03-20 09:23:38,33575584.0,0.000000007,0.0000000000002804697,6987352,2019-03-20 09:23:38,btc,3219028.831135982,0.0,0.000000007,btc,68926135.08106612,0.0122452831968032,0.051618897000000004,105
0,[],27,[],2019-03-20 09:23:43,0.0,0,0,6987353,2019-03-20 09:23:43,,36.610186235370406,197312.2253,0,btc,1432769.78561724,0.00197312,0.0,105
1,[],22,[],2019-03-20 09:23:46,9328.0,0.00000001,0.000000000000400671,6987354,2019-03-20 09:23:46,BTC,51.10837004,0.0,0.00000001,BTC,470435.0,0.0,9.328e-05,107
1,[],26,[],2019-03-20 09:23:46,0.0,0.00000000,0,6987355,2019-03-20 09:23:46,btc,0.0,0.0,0.00000000,btc,0.0,0.0,0.0,107
1,[],5,[],2019-03-20 09:23:47,0.0,0,0,6987356,2019-03-20 09:23:47,btc,0.0,0.00729764,0,btc,0.0,0.0,0.0,112
0,[],22,[],2019-03-20 09:23:49,0.0,0,0,6987357,2019-03-20 09:23:49,,2.7812366,0.0,0,,926409.0833333334,0.0,0.0,112
0.0000000003438844,[],27,[],2019-03-20 09:23:58,2000.0,3.438844e-18,1.377845064324e-22,6987358,2019-03-20 09:23:58,eth,1.24996908,0.0,0.00000001,"btc,eth",1289.0,0.0,6.877688e-15,112
1,[],4,[],2019-03-20 09:23:59,848664.61360209,0.00000200,0.0000000000801342,6987359,2019-03-20 09:23:59,btc,4.055351653340728,0.0,0.00000200,btc,418992.89951466,0.03564297,0.9077228349540023,113
1,[],5,[],2019-03-20 09:24:01,0.0,0,0,6987360,2019-03-20 09:24:01,btc,0.0,0.0,0,btc,0.0,0.0,0.0,113
1,[],17,[],2019-03-20 09:24:03,152738.278,0.00000004,0.000000000001602684,6987361,2019-03-20 09:24:03,btc,1.3368030274759946,0.0,0.00000004,btc,51896.221,0.0,0.0022095311199999998,116
0,[],27,[],2019-03-20 09:24:10,0.0,0,0,6987362,2019-03-20 09:24:10,,0.0,0.0,0,btc,0.0,0.0,0.0,116
1,[],4,[],2019-03-20 09:24:11,60671.92349794,0.00004316,0.000000001729296036,6987363,2019-03-20 09:24:11,btc,183.4292707231127,0.0,0.00004316,btc,62958.72936408,1.2850396,1.1589166622091365,120
1,[],7,[],2019-03-20 09:24:35,23144.30211589,0.0000280700000000000006038398947527667814938467927277088165283203125,0.0000000011246834970000001,6987364,2019-03-20 09:24:35,btc,115651.27472201471,0.0,0.0000280700000000000006038398947527667814938467927277088165283203125,btc,27816.70457454,0.0,0.057824679257869195,120
1,[],20,[],2019-03-20 09:24:39,1562127.0982,0.000000034,0.0000000000013622814000000001,6987365,2019-03-20 09:24:39,btc,32.3019190406648,9355.159,0.000000034,btc,1028084.0986,0.000318075406,0.0117960626506,125
1,[],22,[],2019-03-20 09:24:42,3053.0,0.00000001,0.000000000000400671,6987366,2019-03-20 09:24:42,BTC,0.01444887,0.0,0.00000001,BTC,296263.5111111111,0.0,3.053e-05,126
1,[],4,[],2019-03-20 09:24:43,1372981.46828041,0.00001081,0.000000000433125351,6987367,2019-03-20 09:24:43,btc,2.9806885222110764,0.0,0.00001081,btc,124130.23506497,0.24009124,0.2626616139627635,131
0,[],2,[],2019-01-20 23:25:46,0.0,0,0,6476969,2019-01-20 23:25:46,,0.0,0.0,0,,0.0,0.0,0.0,131
0,[],17,[],2019-03-20 08:26:28,0.0,0,0,6987001,2019-03-20 08:26:28,btc,0.0953976503951408,0.0,0,btc,5037.62507334,0.0,0.0,131
1,[],4,[],2019-03-20 09:24:54,4883.25259686,0.00010505,0.0000000042090488550000004,6987368,2019-03-20 09:24:54,btc,7.849998343276635,0.0,0.00010505,btc,230.36418663,0.00828769,0.0208858145042637,135
1,[],3,[],2019-03-07 00:20:44,877702.73244099,0.00000004,0.00000000000154846,6863392,2019-03-07 00:20:44,btc,0.119366241821405,0.0,0.00000004,btc,760637.99421222,0.0,0.023771231960604298,136
1,[],4,[],2019-03-20 09:24:55,106078.35357437,0.00000128,0.000000000051285888,6987369,2019-03-20 09:24:55,btc,38.94003326000463,0.0,0.00000128,btc,616953.96993613,0.71368035,0.0659313723834683,137
1,[],12,[],2019-03-20 09:24:55,150934.35291773,0.000001269999999999999910766366496839285815667608403600752353668212890625,0.000000000050885216999999997,6987370,2019-03-20 09:24:55,btc,37.497971206126884,0.0,0.000001269999999999999910766366496839285815667608403600752353668212890625,btc,4281.63960354,0.0047189093691442,0.0115640114311324,137
1,[],4,[],2019-03-20 09:24:56,45777.72514965,0.00003290,0.00000000131820759,6987371,2019-03-20 09:24:56,btc,29.54951883108968,0.0,0.00003290,btc,65383.77177223,1.3629559,0.5523639289325689,142
1,[],5,[],2019-03-20 09:24:58,0.0,0,0,6987372,2019-03-20 09:24:58,btc,0.0,0.08678668,0,btc,0.0,0.0,0.0,142
1,[],20,[],2019-03-20 09:25:11,141975.1493,0.000036001,0.0000000014424556671,6987373,2019-03-20 09:25:11,btc,0.3357914473812,3.1126,0.000036001,btc,2239.1774,0.0001149636929,0.312251794191,142
1,[],22,[],2019-03-20 09:25:13,1470.2803921568627,0.00001020,0.00000000040868442,6987374,2019-03-20 09:25:13,BTC,3.27950056,0.0,0.00001020,BTC,1169.6478181818181,0.0,0.00121106,142
0.0,[],25,[],2019-03-20 09:25:15,0.0,0,0,6987375,2019-03-20 09:25:15,,0.0,0.0,0.0,btc,0.0,0.0,0.0,142
1,[],28,[],2019-03-20 09:25:16,80320.0,0.00001700,0.0000000006811407,6987376,2019-03-20 09:25:16,btc,0.0725844444,47.0,0.00001700,btc,479.55993,0.0,0.0527754,142
1,[],17,[],2019-03-20 09:15:35,22967.386363640002,0.00000088,0.000000000035276472000000005,6987185,2019-03-20 09:15:35,btc,20.0699133484,0.0,0.00000088,btc,405.079105,0.0,0.0104613000000032,142
0,[],22,[],2019-03-20 09:25:18,0.0,0,0,6987377,2019-03-20 09:25:18,,65.73454167,0.0,0,,1043215670.8,0.0,0.0,143
0,[],22,[],2019-02-25 15:42:22,0.0,0,0,6783783,2019-02-25 15:42:22,,4.2131946,0.0,0,,2322156.0,0.0,0.0,146
,[],22,[],2018-11-20 23:01:11,0.0,0,0,4862114,2018-11-20 23:01:11,,2.56807021,0.0,,,61828.4988236,0.0,0.0,147
1,[],12,[],2019-03-20 09:25:19,356783.29905255,0.00000207999999999999999057936732327345197290924261324107646942138671875,0.000000000083339568,6987378,2019-03-20 09:25:19,btc,9.689305977338812,0.0,0.00000207999999999999999057936732327345197290924261324107646942138671875,btc,107766.52426484,0.0,0.17326431957729768,148
1,[],4,[],2019-03-19 21:31:25,255810.0415942,0.00000029,0.000000000011615747,6982695,2019-03-19 21:31:25,btc,218.94922712414143,0.0,0.00000029,btc,793529.37642722,0.00117,0.0608347789473395,152
0,[],22,[],2019-03-19 21:31:27,0.0,0,0,6982696,2019-03-19 21:31:27,,0.0,0.0,0,,0.0,0.0,0.0,152
1,[],5,[],2019-03-20 09:25:21,0.0,0,0,6987379,2019-03-20 09:25:21,btc,0.0,0.0,0,btc,0.0,0.0,0.0,153
,[],16,[],2019-01-11 15:38:59,0.0,0,0,6366141,2019-01-11 15:38:59,btc,0.0,0.0,,btc,0.0,0.0,0.0,155
0,[],22,[],2019-03-20 09:25:23,0.0,0,0,6987380,2019-03-20 09:25:23,,6.74640151,0.0,0,,4675792.242592593,0.0,0.0,156
0,[],23,[],2019-01-20 23:24:29,0.0,0,0,6476932,2019-01-20 23:24:29,,0.0,0.0,0,,0.0,0.0,0.0,156
1,[],22,[],2019-03-20 09:25:27,7073.8,0.00005300,0.0000000021235563,6987381,2019-03-20 09:25:27,BTC,1.79802465,0.0,0.00005300,BTC,802.6461988741639,0.0,0.00104336,157
0,[],22,[],2019-03-20 09:25:30,0.0,0,0,6987382,2019-03-20 09:25:30,,50175.67608608,0.0,0,,54079135.04179466,0.0,0.0,158
,[],17,[],2018-11-20 22:56:10,0.0,0,0,4861976,2018-11-20 22:56:10,btc,1.1265625,0.0,,btc,1000.0,0.0,0.0,159
,[],20,[],2018-11-20 22:56:12,0.0,0,0,4861977,2018-11-20 22:56:12,btc,11912.7940471,0.0,,btc,34413894.3617,0.0,0.0,159
1,[],12,[],2019-03-20 09:25:31,247249.21108973,0.000007459999999999999725948385265184015224804170429706573486328125,0.000000000298900566,6987383,2019-03-20 09:25:31,btc,12.665845359856895,0.0,0.000007459999999999999725948385265184015224804170429706573486328125,btc,7714.31515004,0.0008812597,0.12127930493210899,168
1,[],17,[],2019-03-20 09:25:33,29784.95,0.000001,0.000000000040067099999999997,6987384,2019-03-20 09:25:33,btc,0.03026736251542,0.0,0.000001,btc,144.46171372,0.0,0.00716147,168
0,[],22,[],2019-03-20 09:25:35,0.0,0,0,6987385,2019-03-20 09:25:35,,45.65709131,0.0,0,,516897.19471078104,0.0,0.0,169
1,[],22,[],2019-03-20 09:25:39,216521.0,0.00000003,0.000000000001202013,6987386,2019-03-20 09:25:39,BTC,14.35315165,0.0,0.00000003,BTC,171077.10365968585,0.0,0.00260443,171
1,[],22,[],2019-03-20 09:25:42,594007.0,0.00000014,0.0000000000056093940000000005,6987387,2019-03-20 09:25:42,BTC,1.94549465,0.0,0.00000014,"BTC,LTC",308232.79286585643,0.00058459,0.02064007,173
1,[],5,[],2019-03-20 09:25:44,0.0,0,0,6987388,2019-03-20 09:25:44,btc,0.0,0.0003028,0,btc,0.0,0.0,0.0,175
1,[],22,[],2019-03-20 09:25:46,147936.7,0.00000012,0.000000000004808052,6987389,2019-03-20 09:25:46,BTC,0.5287795,0.0,0.00000012,BTC,126421.20308941447,0.00048136,0.01513268,176
1,[],7,[],2019-03-20 09:25:48,0.0,0,0,6987390,2019-03-20 09:25:48,btc,410194.12910289154,3429671.66182,0,btc,44698042.86521775,0.03451473,0.0,178
0,[],22,[],2019-03-20 09:25:50,0.0,0,0,6987391,2019-03-20 09:25:50,,1.00242438,0.0,0,,57522.0,0.0,0.0,178
0,[],2,[],2019-01-20 23:28:34,0.0,0,0,6477001,2019-01-20 23:28:34,,0.0,0.0,0,,0.0,0.0,0.0,178
1,[],5,[],2019-03-20 09:25:52,0.0,0,0,6987392,2019-03-20 09:25:52,btc,0.0,0.0424983,0,btc,0.0,0.0,0.0,179
1,[],22,[],2019-03-20 09:25:54,2505928.0,0.00000001,0.000000000000400671,6987393,2019-03-20 09:25:54,BTC,5.64119724,0.0,0.00000001,BTC,17665669.489868753,0.00183783,0.02505928,179
0,[],23,[],2019-01-20 23:25:08,0.0,0,0,6476952,2019-01-20 23:25:08,,0.0,0.0,0,,0.0,0.0,0.0,179
1,[],17,[],2019-03-20 08:17:59,10504.725,0.0000001,0.00000000000401122,6986839,2019-03-20 08:17:59,btc,5.201069583843987,0.0,0.0000001,btc,5033.45945,0.0,0.0010504725,180
1,[],22,[],2019-03-20 09:26:06,665405.7090909091,0.00000160,0.00000000006410736,6987394,2019-03-20 09:26:06,BTC,38.01030714,0.0,0.00000160,"BTC,LTC",109445.09613087121,0.0027144,0.57055398,180
1,[],26,[],2019-03-20 09:26:06,0.0,0.00000125,0.000000000050083875000000004,6987395,2019-03-20 09:26:06,btc,0.0,0.0,0.00000125,btc,0.0,0.0,0.0,180
,[],7,[],2018-11-20 22:58:01,562227.975654,0.00000085,0.000000000036176765,4862015,2018-11-20 22:58:01,btc,21836.6059674,2491.87645172,,btc,749999.041456,0.00211021,0.127565380455,183
,[],5,[],2019-01-10 08:11:41,0.0,0,0,6347036,2019-01-10 08:11:41,btc,82.15055501,0.00261,,btc,1.19002445,0.0,0.0,187
1,[],24,[],2019-03-20 09:26:07,0.0,0.000000000001,4.00671e-17,6987396,2019-03-20 09:26:07,btc,0.0,0.0,0.000000000001,btc,0.0,0.0,0.0,187
,[],17,[],2018-11-16 20:58:10,4062536.27273,0.00000001,0.000000000000550501,4708775,2018-11-16 20:58:10,btc,3.36492563466,0.195460381006,,"btc,eth",110697919.549,0.0,0.0157628953496,187
1,[],22,[],2019-03-18 18:17:00,13812.0,0.00000001,0.00000000000039819,6968124,2019-03-18 18:17:00,BTC,7.56699454,0.0,0.00000001,BTC,79361.7243344055,0.0,0.00013812,191
0,[],22,[],2019-03-20 09:26:11,0.0,0,0,6987397,2019-03-20 09:26:11,,0.0,0.0,0,,0.0,0.0,0.0,197
0,[],23,[],2019-01-20 23:31:41,0.0,0,0,6477079,2019-01-20 23:31:41,,0.0,0.0,0,,0.0,0.0,0.0,199
0,[],22,[],2019-03-20 09:17:13,0.0,0,0,6987210,2019-03-20 09:17:13,,5.29620025,0.0,0,,24238764.0,0.0,0.0,199
1,[],26,[],2019-03-20 09:17:13,0.0,0.00000000,0,6987211,2019-03-20 09:17:13,btc,0.0,131766.0,0.00000000,btc,0.0,0.0,0.0,199
0,[],2,[],2019-01-20 23:30:49,0.0,0,0,6477059,2019-01-20 23:30:49,,0.0,0.0,0,,0.0,0.0,0.0,201
1,[],4,[],2019-01-25 15:51:35,2084389.58565343,0.00000936,0.000000000333526752,6499557,2019-01-25 15:51:35,btc,2.0092503037378524,0.0,0.00000936,btc,160195.80207885,0.19272417,1.242687955921835,211
1,[],7,[],2019-03-20 09:26:14,4330176.35939008,0.000001080000000000000035831255497387193287295303889550268650054931640625,0.000000000043272468000000006,6987398,2019-03-20 09:26:14,btc,15476707.210410034,312490.151789,0.000001080000000000000035831255497387193287295303889550268650054931640625,btc,13320864.70348163,0.0,3.491169721760716,212
1,[],12,[],2019-01-25 02:44:32,207462.42853209,0.000001080000000000000035831255497387193287295303889550268650054931640625,0.000000000038610756000000006,6493050,2019-01-25 02:44:32,btc,85023.03793723314,0.0,0.000001080000000000000035831255497387193287295303889550268650054931640625,btc,43675.73520027,0.000146250909087,0.0348620860622024,213
1,[],5,[],2019-03-20 09:26:15,0.0,0,0,6987399,2019-03-20 09:26:15,btc,0.0,0.06981537,0,btc,0.0,0.0,0.0,213
1,[],24,[],2019-03-20 09:26:15,0.0,0.000000220000,0.000000000008814762,6987400,2019-03-20 09:26:15,btc,0.0,0.0,0.000000220000,btc,0.0,0.0,0.0,213
1,[],26,[],2019-03-20 09:26:16,0.0,0.00000040,0.00000000001602684,6987401,2019-03-20 09:26:16,btc,0.0,0.0,0.00000040,btc,0.0,0.0,0.0,213
1,[],22,[],2019-03-20 09:26:19,74456.0,0.00000001,0.000000000000400671,6987402,2019-03-20 09:26:19,BTC,2.32470803,0.0,0.00000001,BTC,750573.3373982582,0.00025049,0.00074456,216
1,[],27,[],2019-03-20 09:26:23,1233122.0,0.00000003,0.000000000001202013,6987403,2019-03-20 09:26:23,btc,316.9730370247724,0.0,0.00000003,"btc,ltc",239308.924324,0.0,0.03375764000007349,216
1,[],22,[],2019-03-20 09:26:26,222820.0,0.00000172,0.00000000006891541200000001,6987404,2019-03-20 09:26:26,BTC,12543.54071516,0.0,0.00000172,BTC,395856.1877816711,0.14975912,0.25477535,217
1,[],7,[],2019-03-20 09:26:27,0.0,0,0,6987405,2019-03-20 09:26:27,btc,77969.38155952141,1450.0,0,btc,136810478.93791,1.45e-05,0.0,219
0,[],27,[],2019-03-20 09:26:29,0.0,0,0,6987406,2019-03-20 09:26:29,,0.03518746,0.0,0,btc,1767962.0,0.0,0.0,219
0.0000000000000051,[],28,[],2019-03-20 09:26:31,170813849.72,2.55102e-18,1.0221197344200001e-22,6987407,2019-03-20 09:26:31,doge,138448.82116912503,12730.0,0.00050020,"btc,doge",8953520.83261,0.0,1.725253976517327e-11,219
1,[],22,[],2019-03-20 09:26:34,400460.0,0.00000007,0.0000000000028046970000000002,6987408,2019-03-20 09:26:34,BTC,18.12634446,0.0,0.00000007,BTC,101836.76959740352,3.235e-05,0.0187923,221
1,[],24,[],2019-03-20 09:26:34,0.0,0.000000200000,0.00000000000801342,6987409,2019-03-20 09:26:34,btc,0.0,0.0,0.000000200000,btc,0.0,0.0,0.0,221
1,[],20,[],2019-03-20 09:26:37,47535440.5369,0.000000006,0.0000000000002404026,6987410,2019-03-20 09:26:37,btc,506.0563387744136,67324.4357,0.000000006,btc,18490322.3949,0.0004408608999,0.0669974884551,224
0,[],22,[],2019-03-20 09:26:39,0.0,0,0,6987411,2019-03-20 09:26:39,,0.0,0.0,0,,0.0,0.0,0.0,224
1,[],26,[],2019-03-20 09:26:39,0.0,0.00000022,0.000000000008814762,6987412,2019-03-20 09:26:39,btc,0.0,0.0,0.00000022,btc,0.0,0.0,0.0,231
1,[],26,[],2019-03-20 09:26:39,0.0,0.00000005,0.000000000002003355,6987413,2019-03-20 09:26:39,btc,0.0,100.0,0.00000005,btc,0.0,0.0,0.0,234
0.0000000003438844,[],27,[],2019-03-20 09:26:43,2000.0,3.438844e-18,1.377845064324e-22,6987414,2019-03-20 09:26:43,eth,0.01134836604,0.0,0.00000001,"btc,eth",11462.996,0.0,6.877688e-15,234
1,[],4,[],2019-03-20 09:26:44,871309.55353308,0.00000117,0.000000000046878507,6987415,2019-03-20 09:26:44,btc,4.704832456288312,0.0,0.00000117,btc,1059209.25853713,0.13849121,0.3234741639495507,236
1,[],24,[],2019-03-20 09:26:44,0.0,0.000000500000,0.00000000002003355,6987416,2019-03-20 09:26:44,btc,0.0,0.0,0.000000500000,btc,0.0,0.0,0.0,236
1,[],20,[],2019-03-20 09:26:46,229720015.698,0.000000034,0.0000000000013622814000000001,6987417,2019-03-20 09:26:46,btc,94.3498658078053,43512311.1648,0.000000034,btc,32673149.426,1.6876561903406,0.6842866617381,237
0.0000000001469832,[],22,[],2019-03-20 09:26:49,751594.9,2.4987144000000002e-17,1.0011623973624002e-21,6987418,2019-03-20 09:26:49,LTC,1.20377519,0.0,0.00000017,LTC,18869.0,0.0,0.12541949,237
1,[],4,[],2019-03-20 09:26:49,10357231.90712969,0.00000038,0.000000000015225498,6987419,2019-03-20 09:26:49,btc,5.23411146149303,0.0,0.00000038,btc,7741696.8407365,0.27827756,2.9746304694888206,238
1,[],5,[],2019-03-20 09:26:51,0.0,0,0,6987420,2019-03-20 09:26:51,btc,0.0,0.04171403,0,btc,0.0,0.0,0.0,238
0,[],22,[],2019-03-12 16:49:32,0.0,0,0,6914458,2019-03-12 16:49:32,,0.40415746,0.0,0,,526736.5639027493,0.0,0.0,249
0.0000000001469832,[],22,[],2019-03-20 09:26:54,48086691.666666664,4.409496000000001e-18,1.7667571718160001e-22,6987421,2019-03-20 09:26:54,LTC,1.01521324,0.0,0.00000003,LTC,19395111.353636365,0.0,1.04160377,252
1,[],28,[],2019-03-20 09:26:55,1733557.438,0.00000069,0.000000000027646299000000002,6987422,2019-03-20 09:26:55,btc,164730.21711464177,105785.864,0.00000069,btc,487009.9574,0.0,0.477170685,256
1,[],22,[],2019-03-20 09:26:58,1275354.0,0.00000002,0.000000000000801342,6987423,2019-03-20 09:26:58,BTC,33.99507208,0.0,0.00000002,BTC,742071.2688697886,0.00140648,0.01497354,258
1,[],22,[],2019-03-13 00:07:30,47146.0,0.00000001,0.000000000000387233,6917028,2019-03-13 00:07:30,BTC,2.415167,0.0,0.00000001,BTC,157.0,0.0,0.00047146,259
1,[],5,[],2019-03-20 09:27:00,0.0,0,0,6987424,2019-03-20 09:27:00,btc,0.0,0.42592868,0,btc,0.0,0.0,0.0,264
1,[],20,[],2019-03-20 09:27:02,1274515.7563,0.00000164,0.000000000065710044,6987425,2019-03-20 09:27:02,btc,4.7935087605545,71396.5896,0.00000164,btc,96313.403,0.147809400934,0.028459848808,264
0,[],22,[],2019-03-20 09:27:05,0.0,0,0,6987426,2019-03-20 09:27:05,,8.75641439,0.0,0,,455745.2241309945,0.0,0.0,271
0,[],22,[],2019-03-20 09:27:15,0.0,0,0,6987427,2019-03-20 09:27:15,,111841.37121834,0.0,0,,14248217297.692,0.0,0.0,272
0.0000000000000051,[],28,[],2019-03-20 09:27:17,197006973790.671,3.672e-21,1.471263912e-25,6987428,2019-03-20 09:27:17,doge,146101320.22593078,929094713.4498,0.00000072,doge,247926254244.0246,0.0,4.869565237380784e-10,272
1,[],22,[],2019-03-20 09:27:20,194692.74,0.0000005,0.00000000002003355,6987429,2019-03-20 09:27:20,BTC,276.1961879,0.0,0.0000005,"BTC,LTC",193137.27372169192,0.0,0.04991677,281
1,[],22,[],2019-03-20 09:27:23,307724.0,0.00000005,0.000000000002003355,6987430,2019-03-20 09:27:23,BTC,1.32261859,0.0,0.00000005,BTC,424900.09972350305,0.0007643,0.00965918,286
0,[],22,[],2019-03-20 09:27:25,0.0,0,0,6987431,2019-03-20 09:27:25,,1044639.47241442,0.0,0,,766976285.0,0.0,0.0,294
