pairValue,buyBook,exchangeId,sellBook,updated,buyTotal,satoshiPrice,usdPrice,exchangeLogId,created,bestPair,sellTotalBtc,volume,pairPrice,activePairs,sellTotal,volumeBtc,buyTotalBtc,coinId
1,[],3,[],2019-03-17 08:50:43,30539.16259426055,0.013023500000000000353939100250499905087053775787353515625,0.0000005168428069000001,6954009,2019-03-17 08:50:43,btc,61.09284306896657,8.80725793,0.013023500000000000353939100250499905087053775787353515625,btc,23.09601620191,0.0,0.2811933069521983,1
1,[],4,[],2019-03-17 08:50:45,207745.09171376,0.01305670,0.00000051816036218,6954010,2019-03-17 08:50:45,btc,12.87856484092306,0.0,0.01305670,btc,224.77397466,2.00046479,1.0499610024309165,1
1,[],5,[],2019-03-17 08:50:47,0.0,0,0,6954011,2019-03-17 08:50:47,btc,0.0,0.10110835,0,btc,0.0,0.0,0.0,1
1,[],10,[],2019-03-17 08:50:49,413843.67989151,0.01110793,0.000000440822645222,6954012,2019-03-17 08:50:49,btc,6522.406856285928,1720.69186731,0.01110793,btc,975.10874613,0.0,5.179439530372125,1
1,[],12,[],2019-03-17 08:50:53,105.50789029,0.01291999999999999919342297260982377338223159313201904296875,0.000000512735368,6954013,2019-03-17 08:50:53,btc,0.1341645744839,0.0,0.01291999999999999919342297260982377338223159313201904296875,btc,9.82608195,1.6350024527943,0.35894443162420003,1
1,[],20,[],2019-03-17 08:50:55,1152.6634,0.012499809,0.0000004960599200886001,6954014,2019-03-17 08:50:55,btc,0.0548972616556,0.0249,0.012499809,btc,2.4316,0.0003112452441,0.0982174070943,1
1,[],21,[],2019-03-17 08:50:57,2486.70969331,0.01308376999999999977519760108,0.000000519234645958,6954015,2019-03-17 08:50:57,btc,77.57061406674256,6790.63562172,0.01308376999999999977519760108179980306886136531829833984375,"btc,eth",6602.37393387,85.55828909024892,22.520304512151895,1
1,[],22,[],2019-03-17 08:51:00,0.07686088253968254,0.01260000,0.0000005000360400000001,6954016,2019-03-17 08:51:00,BTC,0.31439419,0.0,0.01260000,BTC,0.12751438772928525,0.0,0.00096785,1
1,[],24,[],2019-03-17 08:51:00,0.0,0.000000000000,0,6954017,2019-03-17 08:51:00,btc,0.0,0.0,0.000000000000,btc,0.0,0.0,0.0,1
0.0,[],25,[],2019-03-17 08:51:02,0.0,0,0,6954018,2019-03-17 08:51:02,btc,31.96679999846753,2056.32100648,0.0,btc,2376.7344011,27.6,0.0,1
1,[],26,[],2019-03-17 08:51:03,0.0,0,0,6954019,2019-03-17 08:51:03,,0.0,0.0,0,,0.0,0.0,0.0,1
1,[],28,[],2019-03-17 08:51:05,992.9,0.01231000,0.000000488527274,6954020,2019-03-17 08:51:05,btc,0.151703079,17719.452,0.01231000,btc,8.184,0.0,0.086101096,1
0,[],2,[],2019-01-20 23:28:45,0.0,0,0,6477011,2019-01-20 23:28:45,,0.0,0.0,0,,0.0,0.0,0.0,1
1,[],5,[],2019-03-17 08:51:07,0.0,0,0,6954021,2019-03-17 08:51:07,btc,0.0,0.0070256,0,btc,0.0,0.0,0.0,2
0.0000000001293933,[],22,[],2019-03-17 08:51:11,1148.0,1.4233263e-16,5.6485273546020006e-21,6954022,2019-03-17 08:51:11,XMR,21.02425527,0.0,0.00000110,XMR,24942.398537272726,0.0,0.00087635,2
1,[],5,[],2019-03-17 08:51:13,0.0,0,0,6954023,2019-03-17 08:51:13,btc,0.0,0.01643703,0,btc,0.0,0.0,0.0,3
1,[],12,[],2019-03-17 08:51:14,3009299.23154554,0.000000197,0.0000000000078180238,6954024,2019-03-17 08:51:14,btc,22824.966292761397,0.0,0.000000197,btc,1272725.46798453,0.04348406453970348,0.4297310080292372,3
0,[],28,[],2019-03-17 08:51:15,0.0,0,0,6954025,2019-03-17 08:51:15,,0.0,0.0,0,,0.0,0.0,0.0,3
0,[],2,[],2019-01-20 23:31:32,0.0,0,0,6477077,2019-01-20 23:31:32,,0.0,0.0,0,,0.0,0.0,0.0,4
1,[],4,[],2019-03-17 08:45:20,406254.76491224,0.00000032,0.000000000012706624,6953869,2019-03-17 08:45:20,btc,32.056418260480605,0.0,0.00000032,btc,725153.97080371,0.0,0.0478960437254748,4
1,[],12,[],2019-03-17 08:51:17,444625.0,0.00000002,0.000000000000793708,6954026,2019-03-17 08:51:17,btc,1111853.2880911,0.0,0.00000002,btc,776537.33266733,0.0,0.00485174,5
0,[],2,[],2019-01-20 23:31:51,0.0,0,0,6477087,2019-01-20 23:31:51,,0.0,0.0,0,,0.0,0.0,0.0,6
1,[],11,[],2019-03-17 08:51:19,3935711.8988200002,0.00000002,0.000000000000793708,6954027,2019-03-17 08:51:19,btc,9574.314448127847,10000.0,0.00000002,btc,43091567.92614274,0.0,0.0449565813342,6
1,[],3,[],2019-03-17 08:51:20,1104.870652130215,0.00015480999999999998993464866980929173223557882010936737060546875,0.000000006143696774,6954028,2019-03-17 08:51:20,btc,29.634654231634162,1.9,0.00015480999999999998993464866980929173223557882010936737060546875,btc,241.020514578101,0.0,0.03710721740273891,7
1,[],4,[],2019-03-17 08:51:21,95878.2410161,0.00021621,0.000000008580380334,6954029,2019-03-17 08:51:21,btc,9.76539034644568,0.0,0.00021621,btc,35730.36674559,4.88748038,8.732748476636615,7
1,[],5,[],2019-03-17 08:51:23,0.0,0,0,6954030,2019-03-17 08:51:23,btc,0.0,0.05122938,0,btc,0.0,0.0,0.0,7
1,[],20,[],2019-02-20 02:16:17,39399275.8418,0.000000001,0.0000000000000390183,6728586,2019-02-20 02:16:17,btc,116.9737569154545,525.0,0.000000001,btc,56932965.8895,5.25e-07,0.0393992758418,8
1,[],4,[],2019-03-17 08:51:24,1711629.72448563,0.00000160,0.00000000006349664,6954031,2019-03-17 08:51:24,btc,7.087324437651604,0.0,0.00000160,btc,3095177.30740626,1.39549298,1.1056443102095772,9
1,[],28,[],2019-03-17 08:51:26,26353.0,0.00000159,0.000000000063099786,6954032,2019-03-17 08:51:26,btc,2708.776551247723,3591141.0,0.00000159,btc,20316.3373,0.0,0.0147295,9
0,[],2,[],2019-01-20 23:22:42,0.0,0,0,6476876,2019-01-20 23:22:42,,0.0,0.0,0,,0.0,0.0,0.0,9
0,[],23,[],2019-01-20 23:22:48,0.0,0,0,6476878,2019-01-20 23:22:48,,0.0,0.0,0,,0.0,0.0,0.0,9
1,[],1,[],2019-02-17 23:31:42,1822507.21,0.00000181000000000000003456111265232042484285557293333113193511962890625,0.000000000066086901,6701244,2019-02-17 23:31:42,btc,3.6990969245,17153386.5,0.00000181000000000000003456111265232042484285557293333113193511962890625,btc,1997391.71,31.11772986,3.2610482446,9
1,[],4,[],2019-02-17 11:22:43,4341674.27126056,0.00000002,0.0000000000007272960000000001,6696112,2019-02-17 11:22:43,btc,0.1997230937751353,0.0,0.00000002,btc,4109766.79808031,0.00215132,0.0479381022052112,10
1,[],4,[],2019-03-17 08:51:28,5735283.91503082,0.00000184,0.00000000007302113600000001,6954033,2019-03-17 08:51:28,btc,13.15319398656379,0.0,0.00000184,btc,5045637.87955864,5.39362563,7.008045113772116,12
1,[],5,[],2019-03-17 08:51:29,0.0,0,0,6954034,2019-03-17 08:51:29,btc,0.0,0.0686872,0,btc,0.0,0.0,0.0,12
0.0,[],25,[],2019-03-17 08:51:30,0.0,0,0,6954035,2019-03-17 08:51:30,,0.0,0.0,0.0,btc,0.0,0.0,0.0,12
0,[],2,[],2019-01-20 23:23:08,0.0,0,0,6476890,2019-01-20 23:23:08,,0.0,0.0,0,,0.0,0.0,0.0,12
1,[],4,[],2019-03-17 08:51:31,32971858.44079845,0.00000966,0.000000000383360964,6954036,2019-03-17 08:51:31,btc,4.877063392582297,0.0,0.00000966,btc,345312.86113669,2.88165436,1.556050834914091,13
1,[],21,[],2019-03-17 08:51:35,1874594.59045486,0.00001006000000000000024356818645,0.000000000399235124,6954037,2019-03-17 08:51:35,btc,16.918524722065595,10901179.33276561,0.000010060000000000000243568186453213542108642286621034145355224609375,btc,1393529.54068074,115.08176685,16.21417164848405,13
1,[],10,[],2019-03-17 08:45:36,462860.15732786,0.00000945,0.00000000037524249,6953881,2019-03-17 08:45:36,btc,666776.6705774256,35455.4362466,0.00000945,btc,655742.53490038,0.0,0.48027400445098,13
1,[],4,[],2019-03-17 08:51:36,1702466.79355426,0.00000080,0.00000000003174832,6954038,2019-03-17 08:51:36,btc,5.388487685033403,0.0,0.00000080,btc,1012383.75266423,0.01972942,0.2912284340751041,14
1,[],12,[],2019-03-17 08:51:38,292003.0,0.00000067,0.000000000026589218000000003,6954039,2019-03-17 08:51:38,btc,0.0559814882585684,0.0,0.00000067,btc,13756.8948088,0.0,0.02233632,14
1,[],26,[],2019-03-17 08:51:49,0.0,0.00000050,0.0000000000198427,6954040,2019-03-17 08:51:49,btc,0.0,0.0,0.00000050,btc,0.0,0.0,0.0,14
0,[],17,[],2019-03-17 08:38:49,0.0,0,0,6953702,2019-03-17 08:38:49,btc,0.0,0.0,0,btc,0.0,0.0,0.0,14
0,[],4,[],2019-03-17 08:51:51,0.0,0,0,6954041,2019-03-17 08:51:51,,0.0,0.0,0,,0.0,0.0,0.0,15
,[],12,[],2018-12-01 15:15:48,204241.84496,0.00000489,0.000000000202473384,5260204,2018-12-01 15:15:48,btc,49.5475654835,0.0,,btc,35763.2193806,0.0163153972027625,0.0203389899998,15
0,[],2,[],2019-01-20 23:23:38,0.0,0,0,6476906,2019-01-20 23:23:38,,0.0,0.0,0,,0.0,0.0,0.0,18
1,[],4,[],2019-03-17 08:38:51,25412.12199199,0.00001590,0.00000000063040956,6953705,2019-03-17 08:38:51,btc,3.778979459903898,0.0,0.00001590,btc,18523.90589346,0.03427894,0.0653273626669562,18
1,[],10,[],2019-03-17 08:38:53,783521.48652661,0.00001487,0.000000000589571708,6953706,2019-03-17 08:38:53,btc,15.401416746903665,17260.6197227,0.00001487,btc,13114.33537666,0.0,0.1276252839763262,18
1,[],12,[],2019-03-17 08:38:55,313800.88973455,0.0000154299999999999996511644562158238613847061060369014739990234375,0.0000000006117748120000001,6953707,2019-03-17 08:38:55,btc,33214.728982953566,0.0,0.0000154299999999999996511644562158238613847061060369014739990234375,btc,883.28851861,0.0041500903515355,0.026497794452606,18
0,[],17,[],2019-03-17 08:38:56,0.0,0,0,6953708,2019-03-17 08:38:56,btc,0.0,0.0,0,btc,0.0,0.0,0.0,18
1,[],3,[],2019-03-17 08:51:52,120818.28934213825,0.0000184100000000000016127203739113582514619338326156139373779296875,0.0000000007306082140000001,6954042,2019-03-17 08:51:52,btc,0.6830623870055098,34.26261635,0.0000184100000000000016127203739113582514619338326156139373779296875,btc,15004.205445313173,0.0,0.05807134239851977,19
1,[],4,[],2019-03-17 08:51:53,230249.57709527,0.00001960,0.00000000077783384,6954043,2019-03-17 08:51:53,btc,2.2343864100054835,0.0,0.00001960,btc,76254.40172525,0.31135863,2.481022730322762,19
1,[],5,[],2019-03-17 08:51:54,0.0,0,0,6954044,2019-03-17 08:51:54,btc,0.0,6.593e-05,0,btc,0.0,0.0,0.0,19
1,[],12,[],2019-03-17 08:51:55,193157.31264915,0.00001686000000000000120640476775069060977330082096159458160400390625,0.0000000006690958440000001,6954045,2019-03-17 08:51:55,btc,0.1628835751967094,0.0,0.00001686000000000000120640476775069060977330082096159458160400390625,btc,568.35699076,0.0065579787979526,0.043280169999754,19
0,[],27,[],2019-03-17 08:51:57,0.0,0,0,6954046,2019-03-17 08:51:57,,0.0,0.0,0,btc,0.0,0.0,0.0,19
0,[],2,[],2019-01-20 23:24:19,0.0,0,0,6476924,2019-01-20 23:24:19,,0.0,0.0,0,,0.0,0.0,0.0,19
1,[],4,[],2019-03-17 08:51:58,2832269.9335836,0.00000013,0.000000000005159102,6954047,2019-03-17 08:51:58,btc,7.3822217746397,0.0,0.00000013,btc,2872436.96906976,0.00010386,0.0850072404891473,20
1,[],4,[],2019-03-17 08:51:59,96736229.72946244,0.00000002,0.000000000000793708,6954048,2019-03-17 08:51:59,btc,39417.11091470057,0.0,0.00000002,btc,54257954.79537982,0.04576037,1.0631296474898895,21
1,[],12,[],2019-03-17 08:52:00,1795971.0,0.00000001,0.000000000000396854,6954049,2019-03-17 08:52:00,btc,1247.540409808981,0.0,0.00000001,btc,2937881.94905095,9.166e-05,0.01795971,21
0,[],17,[],2019-03-17 08:39:18,0.0,0,0,6953717,2019-03-17 08:39:18,btc,0.0,0.0,0,btc,0.0,0.0,0.0,21
1,[],12,[],2019-03-17 08:45:58,2612193654.0,0.0000000001,0.00000000000000397082,6953892,2019-03-17 08:45:58,btc,1944716.8263310376,0.0,0.0000000001,btc,1779316679.6637254,0.003329612648551446,0.2612193654,23
0,[],27,[],2019-03-17 08:46:01,0.0,0,0,6953893,2019-03-17 08:46:01,,13.83979783885341,0.0,0,eth,6296692.91714486,0.0,0.0,23
1,[],4,[],2019-03-17 08:52:12,671659.5866327,0.00000045,0.00000000001785843,6954050,2019-03-17 08:52:12,btc,9.902447102522546,0.0,0.00000045,btc,1613977.47113174,0.00171506,0.1695367705267971,24
1,[],22,[],2019-03-17 08:52:15,11.76,0.00000100,0.0000000000396854,6954051,2019-03-17 08:52:15,BTC,7.415e-05,0.0,0.00000100,BTC,23.919354838709676,0.0,1.176e-05,24
0.0,[],25,[],2019-03-17 08:52:16,0.0,0,0,6954052,2019-03-17 08:52:16,,0.0,0.0,0.0,btc,0.0,0.0,0.0,24
1,[],4,[],2019-03-17 08:46:06,28231159.93472234,0.00000663,0.00000000026326536600000004,6953897,2019-03-17 08:46:06,btc,152.1568435484667,0.0,0.00000663,btc,257651.27208983,0.20820072,0.7628374888610272,26
1,[],10,[],2019-03-17 08:46:08,602624.84463415,0.00000543,0.000000000215615526,6953898,2019-03-17 08:46:08,btc,25.23355530390347,4602.76255131,0.00000543,btc,14324.4645187,0.0,0.1443916358988472,26
0,[],2,[],2019-01-20 23:25:56,0.0,0,0,6476976,2019-01-20 23:25:56,,0.0,0.0,0,,0.0,0.0,0.0,26
1,[],3,[],2019-03-17 08:46:08,10888354.54084747,0.00000001,0.00000000000039708200000000005,6953899,2019-03-17 08:46:08,btc,2.050679702586434,205.0,0.00000001,btc,15425062.4672216,0.0,0.1088835454084747,27
1,[],5,[],2019-03-17 08:46:10,0.0,0,0,6953900,2019-03-17 08:46:10,btc,0.0,1.001e-05,0,btc,0.0,0.0,0.0,27
1,[],11,[],2019-03-17 08:46:11,8489638.24590115,0.00000006,0.000000000002382492,6953901,2019-03-17 08:46:11,btc,67506.1992155516,5956.66666667,0.00000006,btc,7966196.08369704,0.0,0.4689379049180229,27
1,[],4,[],2019-03-17 08:46:11,2217428577.602212,0.00000001,0.000000000000397082,6953902,2019-03-17 08:46:11,btc,2.9791501163330745,0.0,0.00000001,"btc,ltc",255075991.80288267,0.84842824,10.079595659872936,29
1,[],7,[],2019-03-17 08:46:13,35613182.13418711,0.00000001,0.00000000000039708200000000005,6953903,2019-03-17 08:46:13,btc,44461604.290654965,65736.2637362,0.00000001,btc,52323360.16429539,0.00131473,0.3561318213418711,29
0,[],17,[],2019-03-17 08:39:47,0.0,0,0,6953731,2019-03-17 08:39:47,btc,0.0,0.0,0,btc,0.0,0.0,0.0,30
1,[],4,[],2019-03-17 08:46:14,4038610.94243898,0.00000017,0.0000000000067503940000000006,6953904,2019-03-17 08:46:14,btc,2.6914309904713782,0.0,0.00000017,btc,2218864.51998161,0.02612476,0.1032958830924282,30
1,[],4,[],2019-03-17 08:52:18,193299.20032226,0.00006250,0.0000000024803375,6954053,2019-03-17 08:52:18,btc,8.871987675953667,0.0,0.00006250,btc,94935.93435584,3.12257758,2.672382988650499,31
1,[],21,[],2019-03-17 08:52:19,91840.5023941,0.00006263999999999999657249866170,0.000000002485893456,6954054,2019-03-17 08:52:19,btc,7.048599700838148,853925.18097069,0.000062639999999999996572498661695505006719031371176242828369140625,btc,99292.31076225,54.6461908,5.370432894934001,31
0,[],2,[],2019-01-20 23:28:43,0.0,0,0,6477009,2019-01-20 23:28:43,,0.0,0.0,0,,0.0,0.0,0.0,32
1,[],4,[],2019-03-17 08:31:37,392287368.8972024,0.00000004,0.00000000000159004,6953535,2019-03-17 08:31:37,btc,8.932545626739168,0.0,0.00000004,"btc,ltc",182047256.44696015,1.09391147,8.216498718838947,33
1,[],12,[],2019-03-17 08:31:38,32661007.533999998,0.00000005,0.00000000000198755,6953536,2019-03-17 08:31:38,btc,4127585.6705046296,0.0,0.00000005,btc,16891868.32367632,0.1771976025873583,0.8681945004699999,33
1,[],4,[],2019-03-17 08:39:51,91139114.13017008,0.00000001,0.00000000000039648400000000003,6953734,2019-03-17 08:39:51,btc,3.3741359452180215,0.0,0.00000001,btc,103991756.98994572,0.00467927,0.9113911413017007,34
1,[],5,[],2019-03-17 08:39:52,0.0,0,0,6953735,2019-03-17 08:39:52,btc,0.0,0.01108037,0,btc,0.0,0.0,0.0,34
0,[],17,[],2019-03-17 08:39:56,0.0,0,0,6953738,2019-03-17 08:39:56,btc,0.07464582813187093,0.0,0,btc,4105386.20243647,0.0,0.0,36
0.0000000001518146,[],4,[],2019-03-17 08:52:20,4836435498.378448,1.5181460000000001e-18,6.02482312684e-23,6954055,2019-03-17 08:52:20,ltc,4.887955564682051e-08,0.0,0.00000001,ltc,6419075394.710046,0.0,7.342415206121248e-09,36
1,[],5,[],2019-03-17 08:52:22,0.0,0,0,6954056,2019-03-17 08:52:22,btc,0.0,0.0,0,btc,0.0,0.0,0.0,36
0.0000000003489101,[],27,[],2019-03-17 08:52:25,998000.16325,3.4891010000000005e-18,1.384663688254e-22,6954057,2019-03-17 08:52:25,eth,223.80396210580784,0.0,0.00000001,"ltc,eth",12165396.31058689,0.0,1.5151102775957384e-12,36
1,[],17,[],2019-03-17 06:28:01,1752.74075282,0.00000025,0.000000000009916,6952774,2019-03-17 06:28:01,btc,0.055484923988677985,0.0,0.00000025,btc,1387.19918473,0.0,0.00043818518820499993,37
1,[],4,[],2019-03-17 08:31:48,391377.15014286,0.00000057,0.00000000002265807,6953543,2019-03-17 08:31:48,btc,19772.483279210814,0.0,0.00000057,btc,588053.12210329,0.01552674,0.0952711114819469,37
1,[],12,[],2019-03-17 08:31:49,558170.42922724,0.00000056,0.000000000022260560000000003,6953544,2019-03-17 08:31:49,btc,20.514951885730657,0.0,0.00000056,btc,356300.43078077,0.0292016098064895,0.17439447780989129,37
1,[],27,[],2019-03-17 08:31:54,14685.567,0.00000045,0.00000000001788795,6953545,2019-03-17 08:31:54,btc,24.25536383611233,0.0,0.00000045,btc,6518.38138508,0.0,0.00480032515,37
1,[],5,[],2019-03-17 08:46:34,0.0,0,0,6953910,2019-03-17 08:46:34,btc,0.0,0.08951486,0,btc,0.0,0.0,0.0,42
1,[],12,[],2019-03-17 08:46:35,254917.68963729,0.00000091,0.000000000036134462,6953911,2019-03-17 08:46:35,btc,5.619059739170538,0.0,0.00000091,btc,45050.28928644,0.0,0.0205528499999887,42
0.0000000003488722,[],27,[],2019-03-17 08:46:37,2000.0,3.488722e-18,1.385308709204e-22,6953912,2019-03-17 08:46:37,eth,0.00315028,0.0,0.00000001,"btc,eth",11.007,0.0,6.977443999999999e-15,42
0,[],17,[],2019-03-17 08:40:05,0.0,0,0,6953744,2019-03-17 08:40:05,btc,0.0,0.0,0,btc,0.0,0.0,0.0,43
1,[],5,[],2019-03-17 08:52:26,0.0,0,0,6954058,2019-03-17 08:52:26,btc,0.0,0.00863543,0,btc,0.0,0.0,0.0,43
1,[],12,[],2019-03-13 09:13:29,1112112.0,0.00000001,0.000000000000386531,6919902,2019-03-13 09:13:29,btc,29058.00478931866,0.0,0.00000001,btc,5967681.93306694,9.99000999e-07,0.01112112,43
1,[],12,[],2019-03-05 01:54:08,639326.02,0.00000004,0.000000000001486676,6845775,2019-03-05 01:54:08,btc,11116042.728239931,0.0,0.00000004,btc,1103841.4595604,0.0003330765234764,0.014975410599999999,44
1,[],4,[],2019-03-17 08:52:29,298147766.9221639,0.00000003,0.000000000001190562,6954059,2019-03-17 08:52:29,btc,494.49619475971156,0.0,0.00000003,"btc,ltc",16719031.56583875,0.00772413,0.28655478299097015,49
0.0000000001518146,[],4,[],2019-03-17 08:52:30,542031308.6246692,1.5181460000000001e-18,6.02482312684e-23,6954060,2019-03-17 08:52:30,ltc,25.90165467523913,0.0,0.00000001,ltc,8614125116.009727,0.0,8.22882663063307e-10,52
0,[],22,[],2019-03-17 08:52:32,0.0,0,0,6954061,2019-03-17 08:52:32,,4428.59026215,0.0,0,,305937213.5359664,0.0,0.0,57
0.0000000003489101,[],27,[],2019-03-17 08:52:34,2000.0,3.4891010000000005e-18,1.384663688254e-22,6954062,2019-03-17 08:52:34,eth,0.0,0.0,0.00000001,"btc,eth",0.0,0.0,6.978202e-15,57
0.0000000001518146,[],4,[],2019-03-17 08:52:35,790489951.316,3.0362920000000002e-18,1.204964625368e-22,6954063,2019-03-17 08:52:35,ltc,18.657618050466024,0.0,0.00000002,ltc,4685550305.638703,0.0,1.8256201494610265e-09,58
1,[],12,[],2019-03-17 08:52:36,1429766125.2500002,0.0000000004,0.00000000000001587416,6954064,2019-03-17 08:52:36,btc,4023051.361436024,0.0,0.0000000004,btc,1604485250.3516483,0.02478529724175818,0.36729002470000005,58
0,[],17,[],2019-03-17 08:52:38,0.0,0,0,6954065,2019-03-17 08:52:38,btc,1e+24,0.0,0,btc,49306342.21952568,0.0,0.0,58
0.0000000001293933,[],22,[],2019-03-17 08:52:40,137438.0,1.2939330000000002e-18,5.1350248678200007e-23,6954066,2019-03-17 08:52:40,XMR,69.1795942,0.0,0.00000001,XMR,9887963.0,0.0,0.00137438,58
1,[],5,[],2019-03-17 08:52:42,0.0,0,0,6954067,2019-03-17 08:52:42,btc,0.0,0.04709947,0,btc,0.0,0.0,0.0,61
1,[],22,[],2019-03-17 08:52:44,13757.0,0.00000012,0.000000000004762248,6954068,2019-03-17 08:52:44,BTC,1002.2960049,0.0,0.00000012,BTC,14976.68361146909,0.0,0.00154987,61
1,[],26,[],2019-03-17 08:52:44,0.0,0.00000800,0.0000000003174832,6954069,2019-03-17 08:52:44,btc,0.0,0.0,0.00000800,btc,0.0,0.0,0.0,61
1,[],27,[],2019-03-17 08:52:47,2138.56798,0.00000047,0.000000000018652138,6954070,2019-03-17 08:52:47,btc,2.8850305703141323,0.0,0.00000047,"btc,eth",19862.59257617,0.0,0.00019833999353474678,61
1,[],28,[],2019-03-17 08:52:49,13880.304,0.0000005,0.0000000000198427,6954071,2019-03-17 08:52:49,btc,2.056312978300105,788.0,0.0000005,btc,9730.59500005,0.0,0.00566391304,61
1,[],4,[],2019-03-17 08:40:37,1428901.8311311,0.00000217,0.00000000008603702800000001,6953758,2019-03-17 08:40:37,btc,9.552952850942923,0.0,0.00000217,btc,813437.185064,0.25077871,1.2897966264467031,67
0.0,[],25,[],2019-03-17 08:40:38,0.0,0,0,6953759,2019-03-17 08:40:38,,0.0,0.0,0.0,btc,0.0,0.0,0.0,67
1,[],12,[],2019-03-17 08:52:50,1680260.72287056,0.00000017,0.000000000006746518,6954072,2019-03-17 08:52:50,btc,1111615.20953048,0.0,0.00000017,btc,915194.91577134,0.0178093315792657,0.0982509041918178,71
,[],5,[],2018-11-20 23:02:39,1.5e-07,0.00000005,0.000000000002128045,4862160,2018-11-20 23:02:39,btc,2.84511358,0.0,,btc,0.00036572,0.0,0.07381892,74
1,[],5,[],2019-03-17 08:47:14,0.0,0,0,6953927,2019-03-17 08:47:14,btc,0.0,0.0,0,btc,0.0,0.0,0.0,75
0,[],20,[],2019-01-25 09:30:31,0.0,0,0,6495923,2019-01-25 09:30:31,btc,0.0,0.0,0,btc,0.0,0.0,0.0,81
1,[],4,[],2019-03-17 08:47:15,13382103.94481309,0.00000001,0.000000000000397082,6953928,2019-03-17 08:47:15,btc,11370.01956508711,0.0,0.00000001,btc,39949505.59932191,0.0,0.1338210394481309,81
1,[],4,[],2019-03-17 08:47:17,23496.45535903,0.00008049,0.0000000031961130180000004,6953929,2019-03-17 08:47:17,btc,18.13550187418079,0.0,0.00008049,btc,12414.33037607,0.00312354,0.0712188660385331,82
1,[],21,[],2019-03-17 08:47:18,919823.06568129,0.00007843000000000000632941615786,0.0000000031143141260000004,6953930,2019-03-17 08:47:18,btc,2.8397463400095093,3691.92445714,0.000078430000000000006329416157857536973097012378275394439697265625,btc,31465.55851153,0.29077796,3.761209231117889,82
0,[],17,[],2019-03-17 08:47:20,0.0,0,0,6953931,2019-03-17 08:47:20,btc,0.0447233088476774,0.0,0,btc,999127.19588126,0.0,0.0,84
0.000000000151812,[],4,[],2019-03-17 08:47:21,168582461.72249368,4.5543600000000005e-18,1.8084543775200002e-22,6953932,2019-03-17 08:47:21,ltc,1.676291616459981,0.0,0.00000003,ltc,391175957.2759548,0.0,3.7303165777281316e-10,85
,[],22,[],2018-11-20 23:09:34,3408.1,0.0000001,0.0000000000041895,4862324,2018-11-20 23:09:34,BTC,0.04624735,0.0,,BTC,4990.0,0.0,0.00033081,86
1,[],22,[],2019-03-17 08:47:32,111869.83333333333,0.00000006,0.0000000000023824920000000002,6953933,2019-03-17 08:47:32,BTC,2.07824106,0.0,0.00000006,BTC,165278.94736842104,0.0,0.00185219,87
1,[],27,[],2019-03-17 08:47:34,50.0,0.00000001,0.000000000000397082,6953934,2019-03-17 08:47:34,btc,5.0622307389352,0.0,0.00000001,btc,27725.9038596,0.0,5e-07,87
,[],2,[],2018-11-20 23:10:47,0.0,0,0,4862359,2018-11-20 23:10:47,,0.0,0.0,,,0.0,0.0,0.0,88
1,[],11,[],2019-03-17 08:52:52,111020.59468254,0.000150120000000000006039335698204695290769450366497039794921875,0.000000005957572248,6954073,2019-03-17 08:52:52,btc,611.704949875827,3025.92272992,0.000150120000000000006039335698204695290769450366497039794921875,btc,98835.22339359,0.0,8.965445362728113,89
0,[],2,[],2019-01-20 23:31:45,0.0,0,0,6477083,2019-01-20 23:31:45,,0.0,0.0,0,,0.0,0.0,0.0,91
1,[],12,[],2019-03-17 08:52:54,316668.53000752,0.000001030000000000000091033409109486651544784763245843350887298583984375,0.00000000004087596200000001,6954074,2019-03-17 08:52:54,btc,58.43153708919553,0.0,0.000001030000000000000091033409109486651544784763245843350887298583984375,btc,87835.73126046,0.0071944429148424,0.0369003418999552,91
1,[],22,[],2019-03-17 08:53:07,65900.0,0.00000001,0.000000000000396854,6954075,2019-03-17 08:53:07,BTC,3e-06,0.0,0.00000001,BTC,1.0,0.0,0.000659,91
0,[],17,[],2019-03-17 08:33:18,0.0,0,0,6953577,2019-03-17 08:33:18,btc,0.0,0.0,0,btc,0.0,0.0,0.0,91
0,[],22,[],2019-03-17 08:47:37,0.0,0,0,6953936,2019-03-17 08:47:37,,3.31498785,0.0,0,,37200566.889473684,0.0,0.0,95
0.0000000001518146,[],4,[],2019-03-17 08:53:08,541914957.4092244,7.8943592e-17,3.1329080259568004e-21,6954076,2019-03-17 08:53:08,ltc,11.890561357304763,0.0,0.00000052,ltc,135212909.23915154,0.0,1.2762214443647903e-09,96
0,[],12,[],2019-03-17 08:53:10,0.0,0,0,6954077,2019-03-17 08:53:10,btc,10.674700986273725,0.0,0,btc,3147659.62737261,0.0004195804195804,0.0,96
0,[],17,[],2019-03-17 08:53:21,0.0,0,0,6954078,2019-03-17 08:53:21,btc,0.0,0.0,0,btc,0.0,0.0,0.0,96
1,[],4,[],2019-03-16 18:49:21,3998474.84970752,0.00000061,0.000000000024391582,6947934,2019-03-16 18:49:21,btc,7.196008449129943,0.0,0.00000061,btc,2595646.16802026,0.53409374,0.807137943529949,99
0,[],2,[],2019-01-20 23:23:55,0.0,0,0,6476914,2019-01-20 23:23:55,,0.0,0.0,0,,0.0,0.0,0.0,100
1,[],4,[],2019-03-17 08:47:41,284496.21089714,0.00003468,0.000000001377080376,6953940,2019-03-17 08:47:41,btc,10.88713912957259,0.0,0.00003468,btc,171346.21915208,1.31449182,1.479989482229492,100
1,[],22,[],2019-03-17 08:53:24,120000.0,0.00000002,0.000000000000793708,6954079,2019-03-17 08:53:24,BTC,24.82891609,0.0,0.00000002,BTC,11877.22,0.0,0.0014,101
1,[],4,[],2019-03-17 08:47:42,450246.84943161,0.00000078,0.000000000030972396000000004,6953941,2019-03-17 08:47:42,btc,291.4403048876525,0.0,0.00000078,btc,525377.32327065,0.01358137,0.2253310551142837,103
1,[],12,[],2019-03-17 08:47:44,32268143.0,0.000000008,0.00000000000031766560000000003,6953942,2019-03-17 08:47:44,btc,3219030.6417244533,0.0,0.000000008,btc,66165542.39701298,0.05876380034691156,0.057074125,105
0,[],27,[],2019-03-17 08:47:46,0.0,0,0,6953943,2019-03-17 08:47:46,,36.61168845936601,0.0,0,btc,1500858.60039724,0.0,0.0,105
1,[],22,[],2019-03-17 08:53:26,9328.0,0.00000001,0.000000000000396854,6954080,2019-03-17 08:53:26,BTC,51.10837004,0.0,0.00000001,BTC,470435.0,0.0,9.328e-05,107
1,[],26,[],2019-03-17 08:53:27,0.0,0.00000000,0,6954081,2019-03-17 08:53:27,btc,0.0,0.0,0.00000000,btc,0.0,0.0,0.0,107
1,[],5,[],2019-03-17 08:53:28,0.0,0,0,6954082,2019-03-17 08:53:28,btc,0.0,0.01372924,0,btc,0.0,0.0,0.0,112
1,[],22,[],2019-03-17 08:53:30,1966.0,0.00000001,0.000000000000396854,6954083,2019-03-17 08:53:30,BTC,2.7794366,0.0,0.00000001,BTC,826409.0833333334,0.0,1.966e-05,112
0.0000000003489101,[],27,[],2019-03-17 08:53:33,2000.0,3.4891010000000005e-18,1.384663688254e-22,6954084,2019-03-17 08:53:33,eth,1.24996908,0.0,0.00000001,"btc,eth",1289.0,0.0,6.978202e-15,112
1,[],4,[],2019-03-17 08:48:06,1086961.33228766,0.00000202,0.000000000080210564,6953949,2019-03-17 08:48:06,btc,5.7623994386360495,0.0,0.00000202,btc,394637.39314645,0.04760509,1.0265166786925533,113
1,[],5,[],2019-03-17 08:48:07,0.0,0,0,6953950,2019-03-17 08:48:07,btc,0.0,0.0,0,btc,0.0,0.0,0.0,113
1,[],17,[],2019-03-17 08:48:19,152738.278,0.00000004,0.0000000000015883280000000002,6953951,2019-03-17 08:48:19,btc,1.33680302678,0.0,0.00000004,btc,50696.221,0.0,0.0022095311199999998,116
0,[],27,[],2019-03-17 08:48:21,0.0,0,0,6953952,2019-03-17 08:48:21,,0.0,0.0,0,btc,0.0,0.0,0.0,116
1,[],4,[],2019-03-17 08:53:36,72030.3143083,0.00004600,0.0000000018255284000000001,6954085,2019-03-17 08:53:36,btc,99.63716715849553,0.0,0.00004600,btc,46290.80339754,0.18472453,1.3601145599367317,120
1,[],7,[],2019-03-17 08:53:37,23311.41825295,0.0000266300000000000008384092031743506368002272211015224456787109375,0.000000001056822202,6954086,2019-03-17 08:53:37,btc,115651.62611644482,0.0,0.0000266300000000000008384092031743506368002272211015224456787109375,btc,31985.617165710002,0.0,0.0617308984871673,120
1,[],20,[],2019-03-17 08:53:40,1571483.2572,0.000000034,0.0000000000013493036,6954087,2019-03-17 08:53:40,btc,32.3019190406648,10771.9,0.000000034,btc,1028084.0986,0.0003662446,0.0121141720566,125
1,[],22,[],2019-03-17 08:53:43,3053.0,0.00000001,0.000000000000396854,6954088,2019-03-17 08:53:43,BTC,0.01444887,0.0,0.00000001,BTC,296263.5111111111,0.0,3.053e-05,126
1,[],4,[],2019-03-17 08:53:44,1269938.86840874,0.00001144,0.00000000045400097600000003,6954089,2019-03-17 08:53:44,btc,2.937933448500494,0.0,0.00001144,btc,118812.64475368,0.22299921,0.5246034533609625,131
0,[],2,[],2019-01-20 23:25:46,0.0,0,0,6476969,2019-01-20 23:25:46,,0.0,0.0,0,,0.0,0.0,0.0,131
0,[],17,[],2019-03-17 07:47:17,0.0,0,0,6953406,2019-03-17 07:47:17,btc,0.0953976503951408,0.0,0,btc,5037.62507334,0.0,0.0,131
1,[],4,[],2019-03-17 08:48:30,4603.81063571,0.00016770,0.0000000066590651400000005,6953956,2019-03-17 08:48:30,btc,1.6160329569863918,0.0,0.00016770,btc,233.71326598,0.00352222,0.0161642216167267,135
1,[],3,[],2019-03-07 00:20:44,877702.73244099,0.00000004,0.00000000000154846,6863392,2019-03-07 00:20:44,btc,0.119366241821405,0.0,0.00000004,btc,760637.99421222,0.0,0.023771231960604298,136
1,[],4,[],2019-03-17 08:53:56,658246.25828907,0.00000129,0.000000000051194166,6954090,2019-03-17 08:53:56,btc,38.76924687878661,0.0,0.00000129,btc,582006.93182191,0.00251475,0.1365272883627834,137
1,[],12,[],2019-03-17 08:53:58,148724.99351163,0.00000101000000000000007076262319161141789436442195437848567962646484375,0.000000000040082254,6954091,2019-03-17 08:53:58,btc,37.500855614826826,0.0,0.00000101000000000000007076262319161141789436442195437848567962646484375,btc,6335.51194677,0.0057753000940527,0.0092435699999977,137
1,[],4,[],2019-03-17 08:53:59,12758.14730018,0.00003423,0.000000001358431242,6954092,2019-03-17 08:53:59,btc,28.461966191462253,0.0,0.00003423,btc,48006.59236511,0.31426031,0.3333003686309163,142
1,[],5,[],2019-03-17 08:54:01,0.0,0,0,6954093,2019-03-17 08:54:01,btc,0.0,0.08030667,0,btc,0.0,0.0,0.0,142
1,[],20,[],2019-03-17 08:54:04,148991.9961,0.00003005,0.0000000011925462700000001,6954094,2019-03-17 08:54:04,btc,0.3359267524272,0.0999,0.00003005,btc,2242.1871,3.100395e-06,0.3099330001357,142
1,[],22,[],2019-03-17 08:54:06,1470.2803921568627,0.00001020,0.00000000040479108,6954095,2019-03-17 08:54:06,BTC,3.0054103,0.0,0.00001020,BTC,910.5995,0.0,0.00121106,142
0.0,[],25,[],2019-03-17 08:54:07,0.0,0,0,6954096,2019-03-17 08:54:07,,0.0,0.0,0.0,btc,0.0,0.0,0.0,142
1,[],28,[],2019-03-17 08:55:00,78472.283,0.00001100,0.0000000004365394,6954097,2019-03-17 08:55:00,btc,0.0598892044,749.5114,0.00001100,btc,406.39693,0.0,0.01850643,142
1,[],17,[],2019-03-17 07:47:25,22967.386363640002,0.00000088,0.000000000034948232,6953412,2019-03-17 07:47:25,btc,20.0699133484,0.0,0.00000088,btc,405.079105,0.0,0.0104613000000032,142
0,[],22,[],2019-03-17 08:48:54,0.0,0,0,6953965,2019-03-17 08:48:54,,65.83990167,0.0,0,,1043231670.8,0.0,0.0,143
0,[],22,[],2019-02-25 15:42:22,0.0,0,0,6783783,2019-02-25 15:42:22,,4.2131946,0.0,0,,2322156.0,0.0,0.0,146
,[],22,[],2018-11-20 23:01:11,0.0,0,0,4862114,2018-11-20 23:01:11,,2.56807021,0.0,,,61828.4988236,0.0,0.0,147
1,[],12,[],2019-03-17 08:48:56,389084.09938208,0.00000270999999999999988795529488883051527636780519969761371612548828125,0.00000000010760922200000001,6953966,2019-03-17 08:48:56,btc,9.693702152310259,0.0,0.00000270999999999999988795529488883051527636780519969761371612548828125,btc,108330.39740171,0.000769348313937,0.1693540299998746,148
1,[],4,[],2019-03-17 08:48:58,216996.75516163,0.00000027,0.000000000010721214000000001,6953967,2019-03-17 08:48:58,btc,218.95240137696462,0.0,0.00000027,btc,806434.2620324,0.0,0.0494795099147639,152
0,[],22,[],2019-03-17 08:48:59,0.0,0,0,6953968,2019-03-17 08:48:59,,0.0,0.0,0,,0.0,0.0,0.0,152
1,[],5,[],2019-03-17 08:49:01,0.0,0,0,6953969,2019-03-17 08:49:01,btc,0.0,0.0,0,btc,0.0,0.0,0.0,153
,[],16,[],2019-01-11 15:38:59,0.0,0,0,6366141,2019-01-11 15:38:59,btc,0.0,0.0,,btc,0.0,0.0,0.0,155
0,[],23,[],2019-01-20 23:24:29,0.0,0,0,6476932,2019-01-20 23:24:29,,0.0,0.0,0,,0.0,0.0,0.0,156
0,[],22,[],2019-03-17 08:49:03,0.0,0,0,6953970,2019-03-17 08:49:03,,6.74640151,0.0,0,,4675792.242592593,0.0,0.0,156
1,[],22,[],2019-03-17 08:49:06,7073.8,0.00005300,0.0000000021045346,6953971,2019-03-17 08:49:06,BTC,1.79802465,0.0,0.00005300,BTC,802.6461988741639,0.0,0.00104336,157
0,[],22,[],2019-03-17 08:49:08,0.0,0,0,6953972,2019-03-17 08:49:08,,50175.67608608,0.0,0,,54079135.04179466,0.0,0.0,158
,[],17,[],2018-11-20 22:56:10,0.0,0,0,4861976,2018-11-20 22:56:10,btc,1.1265625,0.0,,btc,1000.0,0.0,0.0,159
,[],20,[],2018-11-20 22:56:12,0.0,0,0,4861977,2018-11-20 22:56:12,btc,11912.7940471,0.0,,btc,34413894.3617,0.0,0.0,159
1,[],12,[],2019-03-17 08:49:09,421393.73372624,0.0000072899999999999996595258233700320715797715820372104644775390625,0.000000000289472778,6953973,2019-03-17 08:49:09,btc,12.665410736324748,0.0,0.0000072899999999999996595258233700320715797715820372104644775390625,btc,7660.69570418,0.0017318567994528,0.1379709871999484,168
1,[],17,[],2019-03-17 08:49:11,29784.95,0.000001,0.0000000000397082,6953974,2019-03-17 08:49:11,btc,0.03026736251542,0.0,0.000001,btc,144.46171372,0.0,0.00716147,168
0,[],22,[],2019-03-17 08:42:29,0.0,0,0,6953806,2019-03-17 08:42:29,,45.65713776,0.0,0,,516897.19471078104,0.0,0.0,169
1,[],22,[],2019-03-17 08:49:14,199371.0,0.00000007,0.0000000000027795740000000003,6953975,2019-03-17 08:49:14,BTC,14.35285613,0.0,0.00000007,BTC,169944.9991142313,4.29e-05,0.00218432,171
1,[],22,[],2019-03-17 08:49:17,563990.0,0.00000003,0.0000000000011912460000000001,6953976,2019-03-17 08:49:17,BTC,1.98719299,0.0,0.00000003,"BTC,LTC",380516.4510218057,0.0007329,0.0150397,173
1,[],5,[],2019-03-17 08:49:19,0.0,0,0,6953977,2019-03-17 08:49:19,btc,0.0,0.02023631,0,btc,0.0,0.0,0.0,175
1,[],22,[],2019-03-17 08:49:22,25223.727272727272,0.00000011,0.000000000004367902,6953978,2019-03-17 08:49:22,BTC,0.54443778,0.0,0.00000011,BTC,138326.41665725366,0.00137505,0.00081961,176
0,[],2,[],2019-01-20 23:28:34,0.0,0,0,6477001,2019-01-20 23:28:34,,0.0,0.0,0,,0.0,0.0,0.0,178
1,[],7,[],2019-03-17 08:49:23,0.0,0,0,6953979,2019-03-17 08:49:23,btc,410194.48593770876,12900.0,0,btc,114606734.38248615,0.000129,0.0,178
0,[],22,[],2019-03-17 08:49:33,0.0,0,0,6953980,2019-03-17 08:49:33,,1.00242438,0.0,0,,57522.0,0.0,0.0,178
0,[],23,[],2019-01-20 23:25:08,0.0,0,0,6476952,2019-01-20 23:25:08,,0.0,0.0,0,,0.0,0.0,0.0,179
1,[],5,[],2019-03-17 08:49:35,0.0,0,0,6953981,2019-03-17 08:49:35,btc,0.0,0.02107606,0,btc,0.0,0.0,0.0,179
1,[],22,[],2019-03-17 08:49:38,6853651.5,0.00000002,0.000000000000794164,6953982,2019-03-17 08:49:38,BTC,5.63218152,0.0,0.00000002,"BTC,LTC",17390276.489868753,0.00026909,0.37201375,179
1,[],22,[],2019-03-17 08:43:03,665594.7153409091,0.00000160,0.00000000006343744,6953815,2019-03-17 08:43:03,BTC,37.96228599,0.0,0.00000160,"BTC,LTC",84816.25509040878,0.00562876,0.57082369,180
1,[],26,[],2019-03-17 08:43:03,0.0,0.00000125,0.000000000049560500000000006,6953816,2019-03-17 08:43:03,btc,0.0,5104.8,0.00000125,btc,0.0,0.0,0.0,180
1,[],17,[],2019-03-17 08:35:51,10504.725,0.0000001,0.0000000000039751,6953628,2019-03-17 08:35:51,btc,5.201069583844425,0.0,0.0000001,btc,5033.45945,0.0,0.0010504725,180
,[],7,[],2018-11-20 22:58:01,562227.975654,0.00000085,0.000000000036176765,4862015,2018-11-20 22:58:01,btc,21836.6059674,2491.87645172,,btc,749999.041456,0.00211021,0.127565380455,183
,[],5,[],2019-01-10 08:11:41,0.0,0,0,6347036,2019-01-10 08:11:41,btc,82.15055501,0.00261,,btc,1.19002445,0.0,0.0,187
,[],17,[],2018-11-16 20:58:10,4062536.27273,0.00000001,0.000000000000550501,4708775,2018-11-16 20:58:10,btc,3.36492563466,0.195460381006,,"btc,eth",110697919.549,0.0,0.0157628953496,187
1,[],24,[],2019-03-17 08:49:39,0.0,0.000000000001,3.97082e-17,6953983,2019-03-17 08:49:39,btc,0.0,0.0,0.000000000001,btc,0.0,0.0,0.0,187
1,[],22,[],2019-03-17 08:43:06,13812.0,0.00000001,0.00000000000039648400000000003,6953818,2019-03-17 08:43:06,BTC,7.56699454,0.0,0.00000001,BTC,79361.7243344055,3e-05,0.00013812,191
0,[],22,[],2019-03-17 08:49:43,0.0,0,0,6953984,2019-03-17 08:49:43,,0.0,0.0,0,,0.0,0.0,0.0,197
0,[],22,[],2019-03-17 08:49:45,0.0,0,0,6953985,2019-03-17 08:49:45,,5.28893248,0.0,0,,23511987.0,0.0,0.0,199
1,[],26,[],2019-03-17 08:49:45,0.0,0.00000000,0,6953986,2019-03-17 08:49:45,btc,0.0,131512.0,0.00000000,btc,0.0,0.0,0.0,199
0,[],23,[],2019-01-20 23:31:41,0.0,0,0,6477079,2019-01-20 23:31:41,,0.0,0.0,0,,0.0,0.0,0.0,199
0,[],2,[],2019-01-20 23:30:49,0.0,0,0,6477059,2019-01-20 23:30:49,,0.0,0.0,0,,0.0,0.0,0.0,201
1,[],4,[],2019-01-25 15:51:35,2084389.58565343,0.00000936,0.000000000333526752,6499557,2019-01-25 15:51:35,btc,2.0092503037378524,0.0,0.00000936,btc,160195.80207885,0.19272417,1.242687955921835,211
1,[],7,[],2019-03-17 08:49:48,3532842.6694267797,0.00000110000000000000005610204141526242693771564518101513385772705078125,0.00000000004367902000000001,6953987,2019-03-17 08:49:48,btc,15476656.424938107,1250325.70285,0.00000110000000000000005610204141526242693771564518101513385772705078125,btc,14354836.19430354,0.0,2.820557199599551,212
1,[],5,[],2019-03-17 08:49:50,0.0,0,0,6953988,2019-03-17 08:49:50,btc,0.0,0.34833939,0,btc,0.0,0.0,0.0,213
1,[],24,[],2019-03-17 08:49:50,0.0,0.000000220000,0.000000000008735804,6953989,2019-03-17 08:49:50,btc,0.0,0.0,0.000000220000,btc,0.0,0.0,0.0,213
1,[],26,[],2019-03-17 08:49:50,0.0,0.00000040,0.00000000001588328,6953990,2019-03-17 08:49:50,btc,0.0,0.0,0.00000040,btc,0.0,0.0,0.0,213
1,[],12,[],2019-01-25 02:44:32,207462.42853209,0.000001080000000000000035831255497387193287295303889550268650054931640625,0.000000000038610756000000006,6493050,2019-01-25 02:44:32,btc,85023.03793723314,0.0,0.000001080000000000000035831255497387193287295303889550268650054931640625,btc,43675.73520027,0.000146250909087,0.0348620860622024,213
1,[],22,[],2019-03-17 08:43:21,25000.0,0.00000001,0.00000000000039648400000000003,6953826,2019-03-17 08:43:21,BTC,2.28387774,0.0,0.00000001,BTC,590573.3963726171,0.00715056,0.00025,216
1,[],27,[],2019-03-17 08:43:24,1233122.0,0.00000003,0.000000000001189452,6953827,2019-03-17 08:43:24,btc,316.9780375147724,0.0,0.00000003,"btc,ltc",245929.924324,0.0,0.03375764000007594,216
1,[],22,[],2019-03-17 08:49:53,185541.0,0.00000113,0.000000000044870266,6953991,2019-03-17 08:49:53,BTC,12543.65690207,0.0,0.00000113,BTC,456078.29668248695,0.01816738,0.15836391,217
1,[],7,[],2019-03-17 08:43:32,0.0,0,0,6953829,2019-03-17 08:43:32,btc,77969.33758672446,0.0,0,btc,135812411.7426053,0.0,0.0,219
0,[],27,[],2019-03-17 08:43:34,0.0,0,0,6953830,2019-03-17 08:43:34,,0.0404796,0.0,0,btc,2057905.0,0.0,0.0,219
0.0000000000000051,[],28,[],2019-03-17 08:43:36,170722989.525,2.55e-18,1.0110342000000001e-22,6953831,2019-03-17 08:43:36,doge,115321.1607606176,15669.0,0.00050000,"btc,doge",8231923.91281,0.0,1.702075359052437e-11,219
1,[],22,[],2019-03-17 08:49:55,415411.0,0.0000001,0.00000000000397082,6953992,2019-03-17 08:49:55,BTC,18.10485893,0.0,0.0000001,BTC,93194.54541875875,0.0012734,0.02018633,221
1,[],24,[],2019-03-17 08:49:55,0.0,0.000000200000,0.00000000000794164,6953993,2019-03-17 08:49:55,btc,0.0,0.0,0.000000200000,btc,0.0,0.0,0.0,221
1,[],20,[],2019-03-17 08:49:58,45327792.7453,0.000000003,0.0000000000001191246,6953994,2019-03-17 08:49:58,btc,49.3985579324206,705263.8875,0.000000003,btc,14926012.8477,0.005565757,0.0532665366853,224
0,[],22,[],2019-03-17 08:49:59,0.0,0,0,6953995,2019-03-17 08:49:59,,0.0,0.0,0,,0.0,0.0,0.0,224
1,[],26,[],2019-03-17 08:50:00,0.0,0.00000022,0.000000000008735804,6953996,2019-03-17 08:50:00,btc,0.0,0.0,0.00000022,btc,0.0,0.0,0.0,231
1,[],26,[],2019-03-17 08:50:00,0.0,0.00000005,0.00000000000198541,6953997,2019-03-17 08:50:00,btc,0.0,0.0,0.00000005,btc,0.0,0.0,0.0,234
0.0000000003488722,[],27,[],2019-03-17 08:50:02,2000.0,3.488722e-18,1.385308709204e-22,6953998,2019-03-17 08:50:02,eth,0.01134836604,0.0,0.00000001,"btc,eth",11462.996,0.0,6.977443999999999e-15,234
1,[],4,[],2019-03-17 08:50:04,892245.49815134,0.00000086,0.000000000034149052,6953999,2019-03-17 08:50:04,btc,4.193167536949951,0.0,0.00000086,btc,1195449.20948845,0.03971637,0.2938457922463835,236
1,[],24,[],2019-03-17 08:50:04,0.0,0.000000500000,0.000000000019854100000000003,6954000,2019-03-17 08:50:04,btc,0.0,0.0,0.000000500000,btc,0.0,0.0,0.0,236
1,[],20,[],2019-03-17 08:43:48,219156078.6678,0.00000005,0.00000000000198242,6953841,2019-03-17 08:43:48,btc,92.6978468706551,3323537.6109,0.00000005,btc,31633008.9688,0.1595278119859,0.44128685124,237
0.000000000151874,[],22,[],2019-03-17 08:43:59,751594.9,2.581858e-17,1.0236653872720002e-21,6953842,2019-03-17 08:43:59,LTC,1.20370855,0.0,0.00000017,LTC,18673.0,0.0,0.12541949,237
1,[],4,[],2019-03-17 08:36:53,9949324.20582666,0.00000037,0.00000000001470787,6953657,2019-03-17 08:36:53,btc,6.206925755022287,0.0,0.00000037,btc,8651448.80617784,1.84654072,2.761212664784348,238
1,[],5,[],2019-03-17 08:36:55,0.0,0,0,6953658,2019-03-17 08:36:55,btc,0.0,0.04122814,0,btc,0.0,0.0,0.0,238
0,[],22,[],2019-03-12 16:49:32,0.0,0,0,6914458,2019-03-12 16:49:32,,0.40415746,0.0,0,,526736.5639027493,0.0,0.0,249
0.000000000151812,[],22,[],2019-03-17 08:50:07,48086691.666666664,4.5543600000000005e-18,1.8084543775200002e-22,6954001,2019-03-17 08:50:07,LTC,0.95711324,0.0,0.00000003,LTC,18565111.353636365,0.0,1.04160377,252
1,[],28,[],2019-03-17 08:44:01,1861272.998,0.0000007,0.000000000027753880000000002,6953843,2019-03-17 08:44:01,btc,164780.49303897773,35980.2,0.0000007,btc,557871.4652,0.0,0.5573766214,256
1,[],22,[],2019-03-17 08:50:09,1333337.6666666667,0.00000003,0.0000000000011912460000000001,6954002,2019-03-17 08:50:09,BTC,31.89447454,0.0,0.00000003,BTC,807234.6123923111,5.961e-05,0.01893305,258
1,[],22,[],2019-03-13 00:07:30,47146.0,0.00000001,0.000000000000387233,6917028,2019-03-13 00:07:30,BTC,2.415167,0.0,0.00000001,BTC,157.0,0.0,0.00047146,259
1,[],5,[],2019-03-17 08:50:11,0.0,0,0,6954003,2019-03-17 08:50:11,btc,0.0,0.20607155,0,btc,0.0,0.0,0.0,264
1,[],20,[],2019-03-17 08:50:13,1295249.3607,0.00000201,0.000000000079813482,6954004,2019-03-17 08:50:13,btc,7.1795819936694,9545.234,0.00000201,btc,93883.4744,0.0265049011986,0.031686667851,264
0,[],22,[],2019-03-17 08:50:15,0.0,0,0,6954005,2019-03-17 08:50:15,,9.03874591,0.0,0,,486565.73933099455,0.0,0.0,271
0,[],22,[],2019-03-17 08:50:18,0.0,0,0,6954006,2019-03-17 08:50:18,,111821.87121834,0.0,0,,14098217297.692,0.0,0.0,272
0.0000000000000051,[],28,[],2019-03-17 08:50:19,206317293566.671,3.7739999999999996e-21,1.4985874680000001e-25,6954007,2019-03-17 08:50:19,doge,147653686.64383712,96712411.959,0.00000074,doge,246822028812.2514,0.0,5.217743171974143e-10,272
1,[],22,[],2019-03-17 08:44:14,131021.78,0.0000006,0.00000000002378904,6953849,2019-03-17 08:44:14,BTC,380.64503452,0.0,0.0000006,"BTC,LTC",80711.72599283328,0.0006,0.04231528,281
1,[],22,[],2019-03-17 08:50:22,389986.0,0.0000001,0.00000000000397082,6954008,2019-03-17 08:50:22,BTC,1.27711838,0.0,0.0000001,BTC,239806.98226750782,0.00106331,0.02082474,286
0,[],22,[],2019-03-17 08:44:28,0.0,0,0,6953851,2019-03-17 08:44:28,,1044639.32963875,0.0,0,,752698718.0,0.0,0.0,294
