pairValue,buyBook,exchangeId,sellBook,updated,buyTotal,satoshiPrice,usdPrice,exchangeLogId,created,bestPair,sellTotalBtc,volume,pairPrice,activePairs,sellTotal,volumeBtc,buyTotalBtc,coinId
1,[],3,[],2019-02-15 09:07:25,137.849415234781,0.0129618900000000002170619239905136055313050746917724609375,0.00000046812384210600003,6675021,2019-02-15 09:07:25,btc,107.10071635699734,0.48779917,0.0129618900000000002170619239905136055313050746917724609375,btc,24.076773676751,0.0,0.3759913231421798,1
1,[],4,[],2019-02-15 09:07:26,84.64205347,0.01320003,0.000000476724363462,6675022,2019-02-15 09:07:26,btc,0.895961013986679,0.0,0.01320003,btc,63.8616303,1.39630788,1.0181537726709782,1
1,[],5,[],2019-02-15 09:07:28,0.27013975,0.01291978,0.000000466603022612,6675023,2019-02-15 09:07:28,btc,14578.7530063,0.57871889,0.01291978,btc,35555556.24628817,0.0,2.28444887,1
1,[],10,[],2019-02-15 09:07:29,414149.82035701,0.01147457,0.000000414408685378,6675024,2019-02-15 09:07:29,btc,6525.72145393852,1158.17428095,0.01147457,btc,1089.81022044,0.0,5.0905418326227565,1
1,[],12,[],2019-02-15 09:07:32,10454.37882846,0.01307000000000000002053912595556539599783718585968017578125,0.000000472028278,6675025,2019-02-15 09:07:32,btc,0.3411166428761,0.0,0.01307000000000000002053912595556539599783718585968017578125,btc,18.89259394,0.9953884263978,0.4492980191994,1
1,[],20,[],2019-02-15 09:07:35,1152.1903,0.010500212,0.0000003792193564648,6675026,2019-02-15 09:07:35,btc,0.0573537536243,0.0,0.010500212,btc,2.5253,0.0,0.1009221821981,1
1,[],21,[],2019-02-15 09:07:36,2489.64961236,0.01310003000000000035474290172,0.00000047311282346200004,6675027,2019-02-15 09:07:36,btc,28.97167134553763,4911.96818017,0.01310003000000000035474290172032851842232048511505126953125,"btc,eth",2706.45603616,55.95652103750432,23.39396797185667,1
1,[],22,[],2019-02-15 09:07:50,0.0280576,0.01350000,0.0000004875579,6675028,2019-02-15 09:07:50,BTC,0.3139634,0.0,0.01350000,BTC,0.10070366666666666,0.0,0.00036518,1
1,[],24,[],2019-02-15 09:07:50,0.0,0.000000000000,0,6675029,2019-02-15 09:07:50,btc,0.0,0.0,0.000000000000,btc,0.0,0.0,0.0,1
0.0,[],25,[],2019-02-15 09:07:51,0.0,0,0,6675030,2019-02-15 09:07:51,btc,23.87969999733319,628.16071136,0.0,btc,1792.22785841,8.2493,0.0,1
1,[],26,[],2019-02-15 09:08:09,0.0,0,0,6675031,2019-02-15 09:08:09,,0.0,0.0,0,,0.0,0.0,0.0,1
1,[],28,[],2019-02-15 09:08:11,992.968,0.01231000,0.000000444580574,6675032,2019-02-15 09:08:11,btc,0.162839806,17328.9,0.01231000,btc,8.9,0.0,0.086870176,1
0,[],2,[],2019-01-20 23:28:45,0.0,0,0,6477011,2019-01-20 23:28:45,,0.0,0.0,0,,0.0,0.0,0.0,1
1,[],5,[],2019-02-15 09:08:12,1.838e-05,0.00000071,0.000000000025641934,6675033,2019-02-15 09:08:12,btc,0.1228178,0.00548254,0.00000071,btc,6.166e-05,0.0,0.27547064,2
0,[],22,[],2019-02-15 09:08:18,0.0,0,0,6675034,2019-02-15 09:08:18,,0.0,0.0,0,,0.0,0.0,0.0,2
1,[],5,[],2019-02-15 09:08:20,1.29e-06,0.00000017,0.000000000006139618,6675035,2019-02-15 09:08:20,btc,4.35233186,0.03251441,0.00000017,btc,2.278e-05,0.0,3.56707572,3
1,[],12,[],2019-02-15 09:08:21,12456624.832883,0.000000169,0.0000000000061035025999999995,6675036,2019-02-15 09:08:21,btc,923741.0079756093,0.0,0.000000169,btc,7970811.90828638,0.07451277175277417,0.5363430801112828,3
0,[],28,[],2019-02-15 09:08:22,0.0,0,0,6675037,2019-02-15 09:08:22,,0.0,0.0,0,,0.0,0.0,0.0,3
0,[],2,[],2019-01-20 23:31:32,0.0,0,0,6477077,2019-01-20 23:31:32,,0.0,0.0,0,,0.0,0.0,0.0,4
1,[],4,[],2019-02-15 09:08:23,370698.91903058,0.00000034,0.000000000012279236,6675038,2019-02-15 09:08:23,btc,0.3812511429893935,0.0,0.00000034,btc,338651.23757444,0.0,0.0452380200652495,4
1,[],12,[],2019-02-14 17:26:54,1405077.5219999999,0.00000004,0.000000000001441592,6666503,2019-02-14 17:26:54,btc,11113878.38315974,0.0,0.00000004,btc,1084186.13790569,0.0004039437362635,0.02355927044,5
0,[],2,[],2019-01-20 23:31:51,0.0,0,0,6477087,2019-01-20 23:31:51,,0.0,0.0,0,,0.0,0.0,0.0,6
1,[],11,[],2019-02-15 09:08:25,2564085.5,0.00000002,0.000000000000722308,6675039,2019-02-15 09:08:25,btc,9433.274881330583,11000.0,0.00000002,btc,39453987.81962851,0.0,0.042791405,6
1,[],3,[],2019-02-15 09:08:26,1077.713733273154,0.00014526999999999999657086802162808680805028416216373443603515625,0.000000005246484158,6675040,2019-02-15 09:08:26,btc,27.605824309446497,0.0,0.00014526999999999999657086802162808680805028416216373443603515625,btc,249.145665820227,0.0,0.03203197781662376,7
1,[],4,[],2019-02-15 09:08:28,17870.70527319,0.00022351,0.000000008072153054,6675041,2019-02-15 09:08:28,btc,2.8534597433948217,0.0,0.00022351,btc,11302.27996432,16.03351256,3.544417464990058,7
1,[],5,[],2019-02-15 09:08:30,0.00686387,0.00021200,0.0000000076564648,6675042,2019-02-15 09:08:30,btc,2.47455165,0.55198072,0.00021200,btc,0.01370275,0.0,2.04150526,7
1,[],20,[],2019-02-15 09:08:33,43516494.8418,0.000000001,0.0000000000000361154,6675043,2019-02-15 09:08:33,btc,116.5827776391263,0.0,0.000000001,btc,29035064.8892,0.0,0.0435164948418,8
0,[],2,[],2019-01-20 23:22:42,0.0,0,0,6476876,2019-01-20 23:22:42,,0.0,0.0,0,,0.0,0.0,0.0,9
0,[],23,[],2019-01-20 23:22:48,0.0,0,0,6476878,2019-01-20 23:22:48,,0.0,0.0,0,,0.0,0.0,0.0,9
1,[],1,[],2019-02-15 09:08:34,3959849.1500000004,0.000001830000000000000054831898570195658493275914224795997142791748046875,0.000000000066091182,6675044,2019-02-15 09:08:34,btc,4.0221775798,25622574.58,0.000001830000000000000054831898570195658493275914224795997142791748046875,btc,2150806.67,46.46962753,7.198657401,9
1,[],4,[],2019-02-15 09:08:35,219193.35292042,0.00000181,0.000000000065368874,6675045,2019-02-15 09:08:35,btc,0.5897998926783208,0.0,0.00000181,btc,306695.41864642,1.40117121,0.3696502337282406,9
1,[],28,[],2019-02-15 09:08:38,43335.0,0.00000167,0.000000000060312718,6675046,2019-02-15 09:08:38,btc,2708.76119522,3674634.0,0.00000167,btc,11732.68,0.0,0.04320645,9
1,[],4,[],2019-02-10 09:54:02,5828483.02026053,0.00000002,0.000000000000726692,6623074,2019-02-10 09:54:02,btc,0.2014004865591215,0.0,0.00000002,btc,4198675.28035349,0.00021932,0.0653957035452106,10
0,[],2,[],2019-01-20 23:23:08,0.0,0,0,6476890,2019-01-20 23:23:08,,0.0,0.0,0,,0.0,0.0,0.0,12
1,[],4,[],2019-02-15 09:08:40,1374200.09748882,0.00000181,0.000000000065368874,6675047,2019-02-15 09:08:40,btc,4.161465224533315,0.0,0.00000181,btc,1787332.81627394,12.661746,1.9708388873947988,12
1,[],5,[],2019-02-15 09:08:42,3.761e-05,0.00000158,0.000000000057062332000000003,6675048,2019-02-15 09:08:42,btc,0.52923136,1.0759298,0.00000158,btc,0.00012797,0.0,0.53444163,12
0.0,[],25,[],2019-02-15 09:08:44,0.0,0,0,6675049,2019-02-15 09:08:44,,0.0,0.0,0.0,btc,0.0,0.0,0.0,12
1,[],4,[],2019-02-15 09:08:45,1325791.67143902,0.00000656,0.000000000236917024,6675050,2019-02-15 09:08:45,btc,1.1820267523916619,0.0,0.00000656,btc,164338.0492699,1.35891214,1.4571302546749516,13
1,[],21,[],2019-02-15 09:08:49,1245768.8064556299,0.000006639999999999999953637346700,0.000000000239806256,6675051,2019-02-15 09:08:49,btc,8.353668233659235,2687707.8160509,0.0000066399999999999999536373467001748593929733033291995525360107421875,btc,1062484.3409301,18.58426077,7.595065992804175,13
1,[],10,[],2019-02-15 07:49:31,452305.39014081,0.00000641,0.000000000231706757,6674392,2019-02-15 07:49:31,btc,666805.4502794305,8623.97285791,0.00000641,btc,724698.45570882,0.0,0.4125268048895303,13
0,[],17,[],2019-02-15 08:30:24,0.0,0,0,6674791,2019-02-15 08:30:24,btc,0.0,0.0,0,btc,0.0,0.0,0.0,14
1,[],4,[],2019-02-15 09:08:53,995855.65828383,0.00000143,0.000000000051645022,6675052,2019-02-15 09:08:53,btc,0.122760324721313,0.0,0.00000143,btc,64702.69364736,0.02901428,0.4254734672154052,14
1,[],12,[],2019-02-15 09:08:54,85552.2231405,0.000001260000000000000006510091944689211373997750342823565006256103515625,0.000000000045505404,6675053,2019-02-15 09:08:54,btc,2.7764304606213863,0.0,0.000001260000000000000006510091944689211373997750342823565006256103515625,btc,30207.37033352,1.764e-05,0.009355660000005,14
1,[],26,[],2019-02-15 09:09:05,0.0,0.00000050,0.0000000000180577,6675054,2019-02-15 09:09:05,btc,0.0,0.0,0.00000050,btc,0.0,0.0,0.0,14
0,[],4,[],2019-02-15 09:09:06,0.0,0,0,6675055,2019-02-15 09:09:06,,0.0,0.0,0,,0.0,0.0,0.0,15
,[],12,[],2018-12-01 15:15:48,204241.84496,0.00000489,0.000000000202473384,5260204,2018-12-01 15:15:48,btc,49.5475654835,0.0,,btc,35763.2193806,0.0163153972027625,0.0203389899998,15
0,[],2,[],2019-01-20 23:23:38,0.0,0,0,6476906,2019-01-20 23:23:38,,0.0,0.0,0,,0.0,0.0,0.0,18
1,[],4,[],2019-02-15 09:09:08,27519.98363074,0.00001820,0.00000000065730028,6675056,2019-02-15 09:09:08,btc,2.22152568362455,0.0,0.00001820,btc,7827.4749996,0.00966514,0.1110534105455763,18
1,[],10,[],2019-02-15 09:09:11,796029.57986767,0.00001801,0.0000000006504383539999999,6675057,2019-02-15 09:09:11,btc,15.534651342856288,2269.27751209,0.00001801,btc,10380.70076343,0.0,0.4174840970797838,18
1,[],12,[],2019-02-15 09:09:12,204669.59023919,0.0000180099999999999986662058137909525612485595047473907470703125,0.0000000006504383539999999,6675058,2019-02-15 09:09:12,btc,22.612016077744556,0.0,0.0000180099999999999986662058137909525612485595047473907470703125,btc,1865.94447713,0.0024060834820322,0.040541705558301895,18
0,[],17,[],2019-02-15 09:09:23,0.0,0,0,6675059,2019-02-15 09:09:23,btc,0.0,0.0,0,btc,0.0,0.0,0.0,18
1,[],3,[],2019-02-15 09:09:24,132625.4159990868,0.00002599999999999999839993443384589255629180115647614002227783203125,0.0000000009390003999999999,6675060,2019-02-15 09:09:24,btc,0.5006362300275478,63.5493074734,0.00002599999999999999839993443384589255629180115647614002227783203125,btc,5692.694388264549,0.0,0.17716768622238885,19
1,[],4,[],2019-02-15 09:09:25,234102.20930421,0.00002792,0.000000001008341968,6675061,2019-02-15 09:09:25,btc,0.2332927626114061,0.0,0.00002792,btc,7699.36468425,1.37095768,2.3021427700433903,19
1,[],5,[],2019-02-15 09:09:28,0.0002027,0.00002404,0.000000000868214216,6675062,2019-02-15 09:09:28,btc,0.25322988,0.0,0.00002404,btc,0.00302507,0.0,0.07509064,19
1,[],12,[],2019-02-15 09:09:29,134804.97748344,0.0000226500000000000016749622522294060900094336830079555511474609375,0.0000000008180138100000001,6675063,2019-02-15 09:09:29,btc,0.0289627667813548,0.0,0.0000226500000000000016749622522294060900094336830079555511474609375,btc,292.66393647,0.0,0.032527559999916,19
0,[],27,[],2019-02-15 09:09:33,0.0,0,0,6675064,2019-02-15 09:09:33,,0.0,0.0,0,btc,0.0,0.0,0.0,19
0,[],2,[],2019-01-20 23:24:19,0.0,0,0,6476924,2019-01-20 23:24:19,,0.0,0.0,0,,0.0,0.0,0.0,19
1,[],4,[],2019-02-15 09:09:34,8105964.88270166,0.00000014,0.000000000005056156,6675065,2019-02-15 09:09:34,btc,0.7661869636079469,0.0,0.00000014,btc,1592129.81470972,0.00115096,0.2633208437753649,20
1,[],4,[],2019-02-15 09:09:35,112304141.0629021,0.00000002,0.000000000000722308,6675066,2019-02-15 09:09:35,btc,0.5149750665873656,0.0,0.00000002,btc,14753870.21937737,0.01825778,1.2839232651386825,21
1,[],12,[],2019-02-15 09:09:36,17376826.0,0.00000002,0.000000000000722308,6675067,2019-02-15 09:09:36,btc,669.7041376091021,0.0,0.00000002,btc,8561386.84915352,0.0061676,0.2197768,21
0,[],17,[],2019-02-15 09:09:48,0.0,0,0,6675068,2019-02-15 09:09:48,btc,0.0,0.0,0,btc,0.0,0.0,0.0,21
1,[],12,[],2019-02-15 09:09:49,2933263055.043896,0.0000000002,0.00000000000000722308,6675069,2019-02-15 09:09:49,btc,830864729362.1434,0.0,0.0000000002,btc,4238058106.3268743,0.007312658732268085,0.3368491412555898,23
0,[],27,[],2019-02-15 09:09:51,0.0,0,0,6675070,2019-02-15 09:09:51,,0.7240921565934114,0.0,0,eth,727098.85514486,0.0,0.0,23
1,[],4,[],2019-02-15 09:09:51,385828.89756022,0.00000071,0.000000000025641934,6675071,2019-02-15 09:09:51,btc,0.1948330416585131,0.0,0.00000071,btc,184806.37065981,0.02240675,0.1952845063140664,24
1,[],22,[],2019-02-15 09:10:15,11.76,0.00000100,0.0000000000361154,6675072,2019-02-15 09:10:15,BTC,7.415e-05,0.0,0.00000100,BTC,23.919354838709676,0.0,1.176e-05,24
0.0,[],25,[],2019-02-15 09:10:16,0.0,0,0,6675073,2019-02-15 09:10:16,,0.0,0.0,0.0,btc,0.0,0.0,0.0,24
1,[],4,[],2019-02-15 09:10:17,27095244.85360053,0.00000499,0.000000000180215846,6675074,2019-02-15 09:10:17,btc,0.5532675498608184,0.0,0.00000499,btc,48340.72482953,0.20000191,0.4358765663194993,26
1,[],10,[],2019-02-15 09:10:19,736961.09396857,0.0000054,0.00000000019502316,6675075,2019-02-15 09:10:19,btc,25.935864261876166,0.0,0.0000054,btc,15824.17466294,0.0,0.2264879136744379,26
0,[],2,[],2019-01-20 23:25:56,0.0,0,0,6476976,2019-01-20 23:25:56,,0.0,0.0,0,,0.0,0.0,0.0,26
1,[],3,[],2019-02-15 09:10:20,5689817.95913569,0.00000001,0.000000000000361154,6675076,2019-02-15 09:10:20,btc,2.6998142562093017,926920.026732,0.00000001,btc,17268102.61059958,0.0,0.0568981795913569,27
1,[],5,[],2019-02-15 09:10:21,1e-08,0.00000001,0.000000000000361154,6675077,2019-02-15 09:10:21,btc,1.5983649,0.0,0.00000001,btc,4.345e-05,0.0,0.09881521,27
1,[],11,[],2019-02-15 09:10:22,10063976.7912115,0.00000005,0.0000000000018057699999999999,6675078,2019-02-15 09:10:22,btc,370.6338154222541,8080.0,0.00000005,btc,8170841.5693934,0.0,0.4660996184459823,27
1,[],4,[],2019-02-15 09:10:23,610171107.0589685,0.00000002,0.000000000000722308,6675079,2019-02-15 09:10:23,btc,0.29797421350213704,0.0,0.00000002,"btc,ltc",21345581.13397679,0.16688704,8.628810237425014,29
1,[],7,[],2019-02-15 09:10:24,28387343.473719507,0.00000002,0.000000000000722308,6675080,2019-02-15 09:10:24,btc,44465226.076031335,582803.997372,0.00000002,btc,55051613.821716584,0.0,0.4129219330381525,29
1,[],4,[],2019-02-15 09:10:25,1500461.04150575,0.00000026,0.000000000009390004,6675081,2019-02-15 09:10:25,btc,0.1469622944077346,0.0,0.00000026,btc,338341.9078376,0.01605307,0.1118223861102651,30
0,[],17,[],2019-02-15 08:51:20,0.0,0,0,6674877,2019-02-15 08:51:20,btc,0.0,0.0,0,btc,0.0,0.0,0.0,30
1,[],4,[],2019-02-15 09:10:36,32952.87110765,0.00007480,0.00000000270143192,6675082,2019-02-15 09:10:36,btc,1.7493276408426441,0.0,0.00007480,btc,21832.01024109,1.62641271,2.0785206997335686,31
1,[],21,[],2019-02-15 09:10:37,49686.76747209,0.00007415999999999999469594419432,0.0000000026783180639999997,6675083,2019-02-15 09:10:37,btc,3.1183343484735495,175039.4551876,0.000074159999999999994695944194322834164267987944185733795166015625,btc,38415.08880079,13.01516525,3.4299067057216845,31
0,[],2,[],2019-01-20 23:28:43,0.0,0,0,6477009,2019-01-20 23:28:43,,0.0,0.0,0,,0.0,0.0,0.0,32
1,[],4,[],2019-02-15 09:10:38,154289436.29255563,0.00000005,0.00000000000180577,6675084,2019-02-15 09:10:38,btc,2.267425602597754,0.0,0.00000005,"btc,ltc",47388860.63194876,0.54157257,3.0015333055843745,33
1,[],12,[],2019-02-15 09:10:39,12023201.0,0.00000004,0.000000000001444616,6675085,2019-02-15 09:10:39,btc,34509933.11651629,0.0,0.00000004,btc,89061599.67032947,0.0067075265734272,0.36622579,33
1,[],4,[],2019-02-15 09:10:41,135330594.13913935,0.00000001,0.000000000000361154,6675086,2019-02-15 09:10:41,btc,1.0385903606403033,0.0,0.00000001,btc,41555869.13332942,0.00345,1.3533059413913937,34
1,[],5,[],2019-02-15 09:10:43,1e-08,0.00000001,0.000000000000361154,6675087,2019-02-15 09:10:43,btc,5.07967764,0.00232057,0.00000001,btc,1.343e-05,0.0,0.85475719,34
0.0000000001171231,[],4,[],2019-02-15 09:10:43,1018292613.4867,2.342462e-18,8.45989521148e-23,6675088,2019-02-15 09:10:43,ltc,1.1817718637411711e-08,0.0,0.00000002,ltc,2375212708.1545897,0.0,1.7502970697021612e-09,36
1,[],5,[],2019-02-15 09:10:45,0.0,0,0,6675089,2019-02-15 09:10:45,btc,197.5385629,0.0,0,btc,1.325e-05,0.0,0.0,36
0.0000000003386952,[],27,[],2019-02-15 09:10:58,7.0,3.386952e-18,1.2232112626080001e-22,6675090,2019-02-15 09:10:58,eth,229.99795353271,48.0,0.00000001,"ltc,eth",3708919.3029,8.1455505264e-14,2.3708664e-17,36
0,[],17,[],2019-02-15 08:51:30,0.0,0,0,6674886,2019-02-15 08:51:30,btc,0.14155809874633032,0.0,0,btc,10796613.27743647,0.0,0.0,36
1,[],4,[],2019-02-15 08:51:35,280771.56788862,0.00000130,0.00000000004700176,6674888,2019-02-15 08:51:35,btc,0.3971542411468369,0.0,0.00000130,btc,234323.13240916,0.05047535,0.1521797954970941,37
1,[],12,[],2019-02-15 08:51:36,429746.06043888,0.000001120000000000000076372827333137660588135986472479999065399169921875,0.000000000040493824000000004,6674889,2019-02-15 08:51:36,btc,1364.026589838581,0.0,0.000001120000000000000076372827333137660588135986472479999065399169921875,btc,689022.45888964,0.1735188256238956,0.1996943610248789,37
1,[],17,[],2019-02-15 08:51:38,1752.74075282,0.00000025,0.000000000009038799999999999,6674890,2019-02-15 08:51:38,btc,0.055484923982817146,0.0,0.00000025,btc,1387.19918473,0.0,0.00043818518820499993,37
1,[],27,[],2019-02-15 08:51:40,15952.0,0.00000052,0.000000000018800704,6674891,2019-02-15 08:51:40,btc,26.73595537911233,0.0,0.00000052,btc,6579.81438508,0.0,0.00545422,37
1,[],5,[],2019-02-15 09:10:59,1.474e-05,0.00000096,0.000000000034670784,6675091,2019-02-15 09:10:59,btc,0.09552393,0.07686612,0.00000096,btc,9.569e-05,0.0,0.04380884,42
1,[],12,[],2019-02-15 09:11:00,125714.3178472,0.00000089,0.000000000032142705999999997,6675092,2019-02-15 09:11:00,btc,92.91288308752708,0.0,0.00000089,btc,93309.75753696,0.00831070691375,0.043648136436777396,42
0,[],27,[],2019-02-15 09:11:03,0.0,0,0,6675093,2019-02-15 09:11:03,,0.00315028,0.0,0,"btc,eth",11.007,0.0,0.0,42
0,[],17,[],2019-02-15 07:52:09,0.0,0,0,6674441,2019-02-15 07:52:09,btc,0.0,0.0,0,btc,0.0,0.0,0.0,43
1,[],5,[],2019-02-15 09:11:05,3e-08,0.00000002,0.000000000000722308,6675094,2019-02-15 09:11:05,btc,6.16328141,0.03601801,0.00000002,btc,1.375e-05,0.0,0.5744076,43
1,[],12,[],2019-02-15 09:11:06,4101745.0,0.00000001,0.000000000000361154,6675095,2019-02-15 09:11:06,btc,20007457.492715012,0.0,0.00000001,btc,38975751.47292703,3.196803198e-07,0.041017450000000004,43
1,[],12,[],2019-02-15 09:11:18,705327.98,0.00000006,0.0000000000021669239999999997,6675096,2019-02-15 09:11:18,btc,11115166.70109953,0.0,0.00000006,btc,1000923.14385612,0.0039418369930068,0.0185376588,44
1,[],4,[],2019-02-15 09:11:18,225236705.47806406,0.00000002,0.000000000000722308,6675097,2019-02-15 09:11:18,btc,0.18824317508175747,0.0,0.00000002,"btc,ltc",4541103.79245401,0.00023499,0.43061015101173555,49
0.0000000001171231,[],4,[],2019-02-15 09:11:19,1293926633.3332078,1.171231e-18,4.22994760574e-23,6675098,2019-02-15 09:11:19,ltc,4.645173509302705,0.0,0.00000001,ltc,4113660476.11067,0.0,1.5154869846854865e-09,52
0,[],22,[],2019-02-15 09:11:24,0.0,0,0,6675099,2019-02-15 09:11:24,,8108.82536305,0.0,0,,262751443.67882353,0.0,0.0,57
0,[],27,[],2019-02-15 09:11:26,0.0,0,0,6675100,2019-02-15 09:11:26,,0.0,0.0,0,"btc,eth",0.0,0.0,0.0,57
0.0000000001171231,[],4,[],2019-02-15 09:11:27,1033728054.4453303,4.684924e-18,1.691979042296e-22,6675101,2019-02-15 09:11:27,ltc,3.2722090018670853,0.0,0.00000004,ltc,799515124.2858559,0.005,2.8266033148841237e-09,58
1,[],12,[],2019-02-15 09:11:28,1879826863.843957,0.0000000005,0.0000000000000180577,6675102,2019-02-15 09:11:28,btc,724045490584.4846,0.0,0.0000000005,btc,3702092028.283022,0.004704831853646354,0.6549713182011392,58
0.00000000013042450000000001,[],22,[],2019-02-15 09:11:46,137438.0,1.3042450000000001e-18,4.7103329873e-23,6675103,2019-02-15 09:11:46,XMR,69.8835922,0.0,0.00000001,XMR,9887963.0,0.0,0.00137438,58
0,[],17,[],2019-02-15 08:52:01,0.0,0,0,6674904,2019-02-15 08:52:01,btc,1e+24,0.0,0,btc,41401875.8285055,0.0,0.0,58
1,[],5,[],2019-02-15 09:11:48,1.259e-05,0.00000068,0.000000000024558472,6675104,2019-02-15 09:11:48,btc,0.20762631,0.13984986,0.00000068,btc,8.737e-05,0.0,0.10892281,61
1,[],22,[],2019-02-15 09:11:53,5149.5,0.00000011,0.000000000003972694,6675105,2019-02-15 09:11:53,BTC,1002.29598212,0.0,0.00000011,BTC,14957.700278135757,0.0,0.00051596,61
1,[],26,[],2019-02-15 09:11:53,0.0,0.00000800,0.0000000002889232,6675106,2019-02-15 09:11:53,btc,0.0,0.0,0.00000800,btc,0.0,0.0,0.0,61
1,[],27,[],2019-02-15 09:11:56,9403.8823,0.00000034,0.000000000012279236,6675107,2019-02-15 09:11:56,btc,9.940787956931693,600.57125583,0.00000034,"btc,eth",15657.09679279,2.4205861779696e-11,0.0006378899837019434,61
1,[],28,[],2019-02-15 09:12:02,19894.304,0.00000091,0.000000000032865014,6675108,2019-02-15 09:12:02,btc,2.056365493700105,791.89,0.00000091,btc,9767.52450005,0.0,0.00993521304,61
1,[],4,[],2019-02-15 08:52:31,554269.97898651,0.00000271,0.000000000097980592,6674911,2019-02-15 08:52:31,btc,1.2274796447057659,0.0,0.00000271,btc,301286.12411412,0.13021684,0.9243190116531397,67
0.0,[],25,[],2019-02-15 08:52:33,0.0,0,0,6674912,2019-02-15 08:52:33,,0.0,0.0,0.0,btc,0.0,0.0,0.0,67
1,[],12,[],2019-02-15 09:12:03,3822197.52618954,0.00000018,0.000000000006500772,6675109,2019-02-15 09:12:03,btc,11115996.408258934,0.0,0.00000018,btc,1932082.16569494,0.0066444772928106,0.1793292064411113,71
,[],5,[],2018-11-20 23:02:39,1.5e-07,0.00000005,0.000000000002128045,4862160,2018-11-20 23:02:39,btc,2.84511358,0.0,,btc,0.00036572,0.0,0.07381892,74
1,[],5,[],2019-02-15 09:12:04,3.049e-05,0.00000156,0.000000000056340024000000004,6675110,2019-02-15 09:12:04,btc,1.5424315,0.0,0.00000156,btc,0.00016981,0.0,0.30484564,75
1,[],4,[],2019-02-15 09:12:05,29738604.75692337,0.00000001,0.000000000000361154,6675111,2019-02-15 09:12:05,btc,0.7668881456247842,0.0,0.00000001,btc,14615939.68425178,0.0,0.2973860475692337,81
0,[],20,[],2019-01-25 09:30:31,0.0,0,0,6495923,2019-01-25 09:30:31,btc,0.0,0.0,0,btc,0.0,0.0,0.0,81
1,[],4,[],2019-02-15 09:12:06,24032.31599631,0.00007740,0.00000000279533196,6675112,2019-02-15 09:12:06,btc,1.3185084997128453,0.0,0.00007740,btc,11095.63479946,0.04502359,0.107963324620795,82
1,[],21,[],2019-02-15 09:12:07,136058.42872232,0.00007514999999999999707577663655,0.00000000271407231,6675113,2019-02-15 09:12:07,btc,2.8172828319935617,14689.12319564,0.000075149999999999997075776636545896280949818901717662811279296875,btc,31499.44961977,1.11471807,2.3120907311152608,82
0,[],17,[],2019-02-15 08:52:42,0.0,0,0,6674918,2019-02-15 08:52:42,btc,0.0447233088476774,0.0,0,btc,999127.19588126,0.0,0.0,84
0.0000000001171231,[],4,[],2019-02-15 09:12:09,154918856.1511435,8.198617e-18,2.960963324018e-22,6675114,2019-02-15 09:12:09,ltc,0.19569063267412012,0.0,0.00000007,ltc,103009848.7852635,0.0,7.228064640199914e-10,85
,[],22,[],2018-11-20 23:09:34,3408.1,0.0000001,0.0000000000041895,4862324,2018-11-20 23:09:34,BTC,0.04624735,0.0,,BTC,4990.0,0.0,0.00033081,86
0,[],22,[],2019-02-15 09:12:15,0.0,0,0,6675115,2019-02-15 09:12:15,,2.0760781,0.0,0,,140622.94736842104,0.0,0.0,87
0,[],27,[],2019-02-15 09:12:17,0.0,0,0,6675116,2019-02-15 09:12:17,,0.0,0.0,0,btc,0.0,0.0,0.0,87
,[],2,[],2018-11-20 23:10:47,0.0,0,0,4862359,2018-11-20 23:10:47,,0.0,0.0,,,0.0,0.0,0.0,88
1,[],11,[],2019-02-15 09:12:21,96840.20316869,0.00014714999999999999889983837153550894072395749390125274658203125,0.00000000531438111,6675117,2019-02-15 09:12:21,btc,609.4861726361202,214.06560587,0.00014714999999999999889983837153550894072395749390125274658203125,btc,91425.02831053,0.0,6.556750456961137,89
0,[],2,[],2019-01-20 23:31:45,0.0,0,0,6477083,2019-01-20 23:31:45,,0.0,0.0,0,,0.0,0.0,0.0,91
1,[],12,[],2019-02-15 09:12:21,437390.67108980997,0.00000206000000000000018206681821897330308956952649168670177459716796875,0.00000000007439772400000001,6675118,2019-02-15 09:12:21,btc,4.1934298942904515,0.0,0.00000206000000000000018206681821897330308956952649168670177459716796875,btc,46375.93013647,0.003856741237,0.0611556132000124,91
0,[],17,[],2019-02-15 06:49:31,0.0,0,0,6673890,2019-02-15 06:49:31,btc,0.0,0.0,0,btc,0.0,0.0,0.0,91
0.0000000001171231,[],22,[],2019-02-15 09:12:28,4525000.0,4.684924e-18,1.691979042296e-22,6675119,2019-02-15 09:12:28,LTC,8.12129807,0.0,0.00000004,LTC,66745238.1,6.6760167e-16,0.14575,95
0.0000000001171231,[],4,[],2019-02-15 09:12:30,135724666.92021453,9.135601800000001e-17,3.2993591324772e-21,6675120,2019-02-15 09:12:30,ltc,0.5970549136938714,0.0,0.00000078,ltc,35637220.73877412,0.0001,1.1202234377387412e-09,96
1,[],12,[],2019-02-15 09:12:31,518152.0,0.00000001,0.000000000000361154,6675121,2019-02-15 09:12:31,btc,255061.99737593989,0.0,0.00000001,btc,8743218.54676297,0.00054192,0.00518152,96
0,[],17,[],2019-02-15 09:12:34,0.0,0,0,6675122,2019-02-15 09:12:34,btc,0.0,0.0,0,btc,0.0,0.0,0.0,96
1,[],4,[],2019-02-15 09:12:34,1745313.48211154,0.00000033,0.000000000011918082,6675123,2019-02-15 09:12:34,btc,0.2640317564401086,0.0,0.00000033,btc,531596.29429372,0.04026066,0.2036211432611825,99
0,[],2,[],2019-01-20 23:23:55,0.0,0,0,6476914,2019-01-20 23:23:55,,0.0,0.0,0,,0.0,0.0,0.0,100
1,[],4,[],2019-02-15 09:12:35,206841.99868571,0.00003994,0.000000001442449076,6675124,2019-02-15 09:12:35,btc,1.1491211513068773,0.0,0.00003994,btc,24763.72441778,0.73797572,1.6403592873084958,100
1,[],22,[],2019-02-15 09:12:45,50000.0,0.00000001,0.000000000000361154,6675125,2019-02-15 09:12:45,BTC,23.49896609,0.0,0.00000001,BTC,10277.22,0.0,0.0005,101
1,[],4,[],2019-02-15 09:12:45,311331.89899046,0.00000098,0.000000000035393092,6675126,2019-02-15 09:12:45,btc,0.4254878320968478,0.0,0.00000098,btc,163652.35472643,0.02696199,0.1536100943903673,103
1,[],12,[],2019-02-15 09:12:48,49601640.4663887,0.000000016,0.0000000000005778464,6675127,2019-02-15 09:12:48,btc,137278882.10684255,0.0,0.000000016,btc,121241896.64731386,0.12144314954547009,0.2613124294622192,105
1,[],27,[],2019-02-15 09:12:50,4009342.89,0.00000001,0.000000000000361154,6675128,2019-02-15 09:12:50,btc,0.3614577513692299,0.0,0.00000001,btc,323444.42860553,0.0,0.0400934289,105
0,[],22,[],2019-02-15 09:13:02,0.0,0,0,6675129,2019-02-15 09:13:02,,51.10825004,0.0,0,,468935.0,0.0,0.0,107
1,[],26,[],2019-02-15 09:13:03,0.0,0.00000000,0,6675130,2019-02-15 09:13:03,btc,0.0,0.0,0.00000000,btc,0.0,0.0,0.0,107
1,[],5,[],2019-02-15 09:13:04,1e-08,0.00000001,0.000000000000361154,6675131,2019-02-15 09:13:04,btc,2.89721066,0.00011497,0.00000001,btc,1.571e-05,0.0,0.08589973,112
1,[],22,[],2019-02-15 09:13:31,167093.0,0.00000001,0.000000000000361154,6675132,2019-02-15 09:13:31,BTC,2.81183288,0.0,0.00000001,BTC,808524.0833333334,0.0,0.00167093,112
0,[],27,[],2019-02-15 09:13:34,0.0,0,0,6675133,2019-02-15 09:13:34,,1.35132491849924,0.0,0,"btc,eth",1328.641654,0.0,0.0,112
1,[],4,[],2019-02-15 09:13:36,442260.64342871,0.00000320,0.00000000011556928,6675134,2019-02-15 09:13:36,btc,0.244975512864731,0.0,0.00000320,btc,57822.11713832,0.11255731,0.183318935590493,113
1,[],5,[],2019-02-15 09:13:37,1.551e-05,0.00000320,0.00000000011556928,6675135,2019-02-15 09:13:37,btc,0.81322352,0.00055056,0.00000320,btc,0.00141484,0.0,0.21473762,113
1,[],17,[],2019-02-15 09:13:40,152738.278,0.00000004,0.000000000001444616,6675136,2019-02-15 09:13:40,btc,1.336803027465492,0.0,0.00000004,btc,51896.221,0.0,0.0022095311199999998,116
0,[],27,[],2019-02-15 09:13:42,0.0,0,0,6675137,2019-02-15 09:13:42,,0.0,0.0,0,btc,0.0,0.0,0.0,116
1,[],4,[],2019-02-15 09:13:44,29346.61377337,0.00002951,0.0000000010657654540000001,6675138,2019-02-15 09:13:44,btc,0.6777227806120933,0.0,0.00002951,btc,19682.32460066,3.16196827,0.721181840999549,120
1,[],7,[],2019-02-15 09:14:19,18637.64474326,0.00003019999999999999884515121395534009707262157462537288665771484375,0.0000000010906850799999999,6675139,2019-02-15 09:14:19,btc,115647.18210664594,8.96587285,0.00003019999999999999884515121395534009707262157462537288665771484375,btc,29257.38626924,0.00028067,0.0803661449445026,120
1,[],20,[],2019-02-15 09:14:23,1092927.6666,0.000000014,0.0000000000005056156,6675140,2019-02-15 09:14:23,btc,33.8691165036599,518.15,0.000000014,btc,1150552.4764,7.2541e-06,0.0052581502171,125
1,[],22,[],2019-02-15 09:14:36,3053.0,0.00000001,0.000000000000361154,6675141,2019-02-15 09:14:36,BTC,0.01444889,0.0,0.00000001,BTC,296264.5111111111,0.0,3.053e-05,126
0,[],17,[],2019-02-15 07:18:53,0.0,0,0,6674291,2019-02-15 07:18:53,btc,0.0009561751951600001,0.0,0,btc,35.42829368,0.0,0.0,131
0,[],2,[],2019-01-20 23:25:46,0.0,0,0,6476969,2019-01-20 23:25:46,,0.0,0.0,0,,0.0,0.0,0.0,131
1,[],4,[],2019-02-15 09:14:39,127262.13905255,0.00001753,0.000000000633102962,6675142,2019-02-15 09:14:39,btc,1.154654906096374,0.0,0.00001753,btc,50657.73249099,0.87783046,1.056828419645644,131
1,[],4,[],2019-02-15 09:14:50,4623.13891697,0.00016222,0.000000005858640188,6675143,2019-02-15 09:14:50,btc,1.6421815711089056,0.0,0.00016222,btc,308.40189166,0.0,0.0089870514245734,135
1,[],3,[],2019-02-15 09:14:51,1822710.20571841,0.00000005,0.0000000000018057699999999999,6675144,2019-02-15 09:14:51,btc,0.113441140854597,56701.4532222,0.00000005,btc,373779.66366187,0.0,0.067481665113701,136
1,[],4,[],2019-02-15 09:14:54,44296.09174076,0.00000173,0.000000000062479642,6675145,2019-02-15 09:14:54,btc,0.0473952479196816,0.0,0.00000173,btc,23773.98973338,0.09374723,0.0437880678627506,137
1,[],12,[],2019-02-15 09:14:55,295409.5894245,0.00000172000000000000004922169442866941579950434970669448375701904296875,0.00000000006211848800000001,6675146,2019-02-15 09:14:55,btc,11982.948428977494,0.0,0.00000172000000000000004922169442866941579950434970669448375701904296875,btc,159273.07304899,0.0385204296070773,0.025053134335087098,137
1,[],4,[],2019-02-15 09:14:56,1225469.14999518,0.00004777,0.000000001725232658,6675147,2019-02-15 09:14:56,btc,0.4867180062324334,0.0,0.00004777,btc,8865.24670381,0.77811352,0.5755001796767119,142
1,[],5,[],2019-02-15 09:14:57,0.00134226,0.00004618,0.000000001667809172,6675148,2019-02-15 09:14:57,btc,1.05800005,0.51672521,0.00004618,btc,0.00276557,0.0,0.92358144,142
1,[],17,[],2019-02-15 09:14:59,22967.386363640002,0.00000088,0.000000000031781552,6675149,2019-02-15 09:14:59,btc,20.06991335262922,0.0,0.00000088,btc,2746.079105,0.0,0.0104613000000032,142
1,[],20,[],2019-02-15 09:15:01,134055.6994,0.000033821,0.0000000012214589434,6675150,2019-02-15 09:15:01,btc,0.4390062062514,44.1152,0.000033821,btc,4297.9626,0.0014529278336,0.2575077533085,142
1,[],22,[],2019-02-15 09:15:24,1610.354305200341,0.00003220,0.00000000116291588,6675151,2019-02-15 09:15:24,BTC,3.00917232,0.0,0.00003220,BTC,917.9383601288407,1.322e-05,0.0019657,142
0.0,[],25,[],2019-02-15 09:15:25,0.0,0,0,6675152,2019-02-15 09:15:25,,0.0,0.0,0.0,btc,0.0,0.0,0.0,142
1,[],28,[],2019-02-15 09:15:27,77743.0,0.00004500,0.000000001625193,6675153,2019-02-15 09:15:27,btc,0.057261322,650.0,0.00004500,btc,356.4989,0.0,0.0519372,142
0,[],22,[],2019-02-15 09:15:49,0.0,0,0,6675154,2019-02-15 09:15:49,,67.4285069,0.0,0,,834770972.3,0.0,0.0,143
1,[],21,[],2019-02-15 09:15:50,38354141.92906598,0.00000028,0.000000000010112312000000001,6675155,2019-02-15 09:15:50,btc,39.147973557818375,1459598.81991288,0.00000028,btc,76543839.08215363,0.40874994,6.3059251125046645,145
0,[],22,[],2019-02-15 09:15:56,0.0,0,0,6675156,2019-02-15 09:15:56,,4.24982284,0.0,0,,1814156.0,0.0,0.0,146
,[],22,[],2018-11-20 23:01:11,0.0,0,0,4862114,2018-11-20 23:01:11,,2.56807021,0.0,,,61828.4988236,0.0,0.0,147
1,[],12,[],2019-02-15 09:15:57,8678973.59415455,0.00000302999999999999978877139594768408414893201552331447601318359375,0.00000000010942966199999999,6675157,2019-02-15 09:15:57,btc,16.584160768666994,0.0,0.00000302999999999999978877139594768408414893201552331447601318359375,btc,122519.66449333,0.0006356031,0.10843352690000971,148
1,[],4,[],2019-02-15 09:15:58,273270.13492481,0.00000032,0.000000000011556928,6675158,2019-02-15 09:15:58,btc,0.7786570616407883,0.0,0.00000032,btc,591310.33703653,0.00161398,0.064715779156513,152
0,[],22,[],2019-02-15 09:16:06,0.0,0,0,6675159,2019-02-15 09:16:06,,0.0,0.0,0,,0.0,0.0,0.0,152
1,[],5,[],2019-02-15 09:16:07,0.0,0,0,6675160,2019-02-15 09:16:07,btc,10.61570492,0.0,0,btc,0.00092785,0.0,0.0,153
,[],16,[],2019-01-11 15:38:59,0.0,0,0,6366141,2019-01-11 15:38:59,btc,0.0,0.0,,btc,0.0,0.0,0.0,155
0,[],23,[],2019-01-20 23:24:29,0.0,0,0,6476932,2019-01-20 23:24:29,,0.0,0.0,0,,0.0,0.0,0.0,156
0,[],22,[],2019-02-15 09:16:15,0.0,0,0,6675161,2019-02-15 09:16:15,,6.74608761,0.0,0,,4644402.242592593,0.0,0.0,156
1,[],22,[],2019-02-15 09:16:33,7063.8,0.00005300,0.0000000019141162,6675162,2019-02-15 09:16:33,BTC,43.78801181,0.0,0.00005300,BTC,1067.5805334758436,0.0,0.00104326,157
0,[],22,[],2019-02-15 09:16:42,0.0,0,0,6675163,2019-02-15 09:16:42,,50175.68008609,0.0,0,,54479136.04179466,0.0,0.0,158
,[],17,[],2018-11-20 22:56:10,0.0,0,0,4861976,2018-11-20 22:56:10,btc,1.1265625,0.0,,btc,1000.0,0.0,0.0,159
,[],20,[],2018-11-20 22:56:12,0.0,0,0,4861977,2018-11-20 22:56:12,btc,11912.7940471,0.0,,btc,34413894.3617,0.0,0.0,159
1,[],17,[],2019-02-15 08:56:07,29784.95,0.000001,0.000000000036155199999999996,6674968,2019-02-15 08:56:07,btc,0.03026736251542,0.0,0.000001,btc,144.46171372,0.0,0.00716147,168
1,[],12,[],2019-02-15 09:16:44,178680.33272841,0.0000073100000000000003150713197286325595314337988384068012237548828125,0.00000000026400357400000003,6675164,2019-02-15 09:16:44,btc,6.661725261280524,0.0,0.0000073100000000000003150713197286325595314337988384068012237548828125,btc,14833.16408463,0.0019723141999884,0.0834393228999631,168
0,[],22,[],2019-02-15 09:17:01,0.0,0,0,6675165,2019-02-15 09:17:01,,1.14776715,0.0,0,,721548.0900917595,0.0,0.0,169
1,[],22,[],2019-02-15 09:17:12,236276.0,0.00000011,0.000000000003972694,6675166,2019-02-15 09:17:12,BTC,11.32785449,0.0,0.00000011,BTC,130417.33368472014,0.00095976,0.02144036,171
1,[],22,[],2019-02-15 09:18:27,218924.0,0.00000017,0.000000000006139618,6675167,2019-02-15 09:18:27,BTC,2.65318656,0.0,0.00000017,BTC,252195.72333422536,0.0,0.01635024,173
1,[],5,[],2019-02-15 09:18:30,2.206e-05,0.00000181,0.000000000065368874,6675168,2019-02-15 09:18:30,btc,0.25155428,0.00309216,0.00000181,btc,0.00025409,0.0,0.23851495,175
1,[],22,[],2019-02-15 09:18:43,45130.0,0.0000005,0.0000000000180577,6675169,2019-02-15 09:18:43,BTC,0.57415657,0.0,0.0000005,BTC,174473.47031396697,0.02654293,0.013396,176
0,[],2,[],2019-01-20 23:28:34,0.0,0,0,6477001,2019-01-20 23:28:34,,0.0,0.0,0,,0.0,0.0,0.0,178
1,[],7,[],2019-02-15 09:18:44,0.0,0,0,6675170,2019-02-15 09:18:44,btc,410973.9177089935,0.0,0,btc,115545110.28145695,0.0,0.0,178
0,[],22,[],2019-02-15 09:18:49,0.0,0,0,6675171,2019-02-15 09:18:49,,1.00242428,0.0,0,,57512.0,0.0,0.0,178
0,[],23,[],2019-01-20 23:25:08,0.0,0,0,6476952,2019-01-20 23:25:08,,0.0,0.0,0,,0.0,0.0,0.0,179
1,[],5,[],2019-02-15 09:18:51,3e-08,0.00000002,0.000000000000722308,6675172,2019-02-15 09:18:51,btc,30.23705565,0.40831892,0.00000002,btc,2.088e-05,0.0,0.73010772,179
1,[],22,[],2019-02-15 09:18:59,8148785.0,0.00000002,0.000000000000722308,6675173,2019-02-15 09:18:59,BTC,5.48629708,0.0,0.00000002,"BTC,LTC",17843614.676989965,0.00073976,0.39023554,179
1,[],17,[],2019-02-15 09:19:10,10504.725,0.0000001,0.0000000000036115399999999998,6675174,2019-02-15 09:19:10,btc,5.201913593507951,0.0,0.0000001,btc,5427.1328087,0.0,0.0010504725,180
1,[],22,[],2019-02-15 09:19:18,129205.4,0.0000005,0.0000000000180577,6675175,2019-02-15 09:19:18,BTC,0.1148946,0.0,0.0000005,"BTC,LTC",18039.086946767708,1.13e-06,0.00160544,180
1,[],26,[],2019-02-15 09:19:18,0.0,0.00000300,0.0000000001083462,6675176,2019-02-15 09:19:18,btc,0.0,824.63109996,0.00000300,btc,0.0,0.0,0.0,180
,[],7,[],2018-11-20 22:58:01,562227.975654,0.00000085,0.000000000036176765,4862015,2018-11-20 22:58:01,btc,21836.6059674,2491.87645172,,btc,749999.041456,0.00211021,0.127565380455,183
,[],5,[],2019-01-10 08:11:41,0.0,0,0,6347036,2019-01-10 08:11:41,btc,82.15055501,0.00261,,btc,1.19002445,0.0,0.0,187
,[],17,[],2018-11-16 20:58:10,4062536.27273,0.00000001,0.000000000000550501,4708775,2018-11-16 20:58:10,btc,3.36492563466,0.195460381006,,"btc,eth",110697919.549,0.0,0.0157628953496,187
1,[],24,[],2019-02-15 09:19:18,0.0,0.000000000001,3.61154e-17,6675177,2019-02-15 09:19:18,btc,0.0,0.0,0.000000000001,btc,0.0,0.0,0.0,187
0,[],22,[],2019-02-15 09:19:27,0.0,0,0,6675178,2019-02-15 09:19:27,,1.19377283,0.0,0,,16434.10286773884,0.0,0.0,191
0,[],22,[],2019-02-15 09:19:46,0.0,0,0,6675179,2019-02-15 09:19:46,,0.0,0.0,0,,0.0,0.0,0.0,197
0,[],23,[],2019-01-20 23:31:41,0.0,0,0,6477079,2019-01-20 23:31:41,,0.0,0.0,0,,0.0,0.0,0.0,199
0,[],22,[],2019-02-15 09:19:55,0.0,0,0,6675180,2019-02-15 09:19:55,,5.15195517,0.0,0,,19804684.0,0.0,0.0,199
1,[],26,[],2019-02-15 09:19:55,0.0,0.00000000,0,6675181,2019-02-15 09:19:55,btc,0.0,763953.0,0.00000000,btc,0.0,0.0,0.0,199
0,[],17,[],2019-01-30 16:32:01,0.0,0,0,6540827,2019-01-30 16:32:01,btc,6.802544163788159,0.0,0,btc,105897.55575295,0.0,0.0,200
0,[],2,[],2019-01-20 23:30:49,0.0,0,0,6477059,2019-01-20 23:30:49,,0.0,0.0,0,,0.0,0.0,0.0,201
1,[],4,[],2019-01-25 15:51:35,2084389.58565343,0.00000936,0.000000000333526752,6499557,2019-01-25 15:51:35,btc,2.0092503037378524,0.0,0.00000936,btc,160195.80207885,0.19272417,1.242687955921835,211
1,[],7,[],2019-02-15 09:20:00,5344958.57805003,0.000001349999999999999991849510168340220417348973569460213184356689453125,0.00000000004875579,6675182,2019-02-15 09:20:00,btc,15450813.789921537,334840.933583,0.000001349999999999999991849510168340220417348973569460213184356689453125,btc,10983762.93231297,0.43522853,3.669647120775719,212
1,[],12,[],2019-01-25 02:44:32,207462.42853209,0.000001080000000000000035831255497387193287295303889550268650054931640625,0.000000000038610756000000006,6493050,2019-01-25 02:44:32,btc,85023.03793723314,0.0,0.000001080000000000000035831255497387193287295303889550268650054931640625,btc,43675.73520027,0.000146250909087,0.0348620860622024,213
1,[],5,[],2019-02-15 09:20:01,3.31e-06,0.00000029,0.000000000010473466,6675183,2019-02-15 09:20:01,btc,0.99289973,0.14709139,0.00000029,btc,2.892e-05,0.0,0.16399754,213
1,[],24,[],2019-02-15 09:20:02,0.0,0.000000050000,0.00000000000180577,6675184,2019-02-15 09:20:02,btc,0.0,0.0,0.000000050000,btc,0.0,0.0,0.0,213
1,[],26,[],2019-02-15 09:20:02,0.0,0.00000009,0.000000000003250386,6675185,2019-02-15 09:20:02,btc,0.0,0.0,0.00000009,btc,0.0,0.0,0.0,213
1,[],22,[],2019-02-15 09:20:27,84099.0,0.00000002,0.000000000000722308,6675186,2019-02-15 09:20:27,BTC,2.19180044,0.0,0.00000002,BTC,147809.63137942314,0.00073976,0.00086798,216
1,[],27,[],2019-02-15 09:20:33,5203657.5615,0.00000004,0.000000000001444616,6675187,2019-02-15 09:20:33,btc,257.4737088006,3940.334,0.00000004,"btc,ltc",272841.575,0.00015761,0.05469726246,216
1,[],22,[],2019-02-15 09:20:49,262782.03208756767,0.00000191,0.000000000068980414,6675188,2019-02-15 09:20:49,BTC,12677.07922573,0.0,0.00000191,BTC,433205.8293877779,0.02777217,0.28709312,217
1,[],7,[],2019-02-15 09:20:51,0.0,0,0,6675189,2019-02-15 09:20:51,btc,77970.05589791511,0.0,0,btc,137100858.32140028,0.0,0.0,219
0,[],27,[],2019-02-15 09:20:53,0.0,0,0,6675190,2019-02-15 09:20:53,,5.341893788316972,0.0,0,btc,1605140.99226595,0.0,0.0,219
0.0000000000000052,[],28,[],2019-02-15 09:20:56,169952566.853,6.78522e-18,2.45050934388e-22,6675191,2019-02-15 09:20:56,doge,88712.3748390675,14625.0,0.00130485,"btc,doge",4987338.69631,0.0,1.584091780248952e-11,219
1,[],22,[],2019-02-15 09:21:05,233869.6,0.00000013,0.000000000004695002,6675192,2019-02-15 09:21:05,BTC,3.05884806,0.0,0.00000013,BTC,107888.97041875875,0.02266587,0.02600512,221
1,[],24,[],2019-02-15 09:21:05,0.0,0.000000210000,0.000000000007584234,6675193,2019-02-15 09:21:05,btc,0.0,41.92572,0.000000210000,btc,0.0,3.524e-05,0.0,221
1,[],20,[],2019-02-15 09:02:15,52014780.388,0.000000004,0.0000000000001446208,6674998,2019-02-15 09:02:15,btc,49.8561890273503,150057.9,0.000000004,btc,10131219.2359,0.0006002316,0.0543415264806,224
0,[],22,[],2019-02-15 09:21:15,0.0,0,0,6675194,2019-02-15 09:21:15,,0.0,0.0,0,,0.0,0.0,0.0,224
1,[],26,[],2019-02-15 09:21:15,0.0,0.00000033,0.000000000011918082,6675195,2019-02-15 09:21:15,btc,0.0,16646.5099998,0.00000033,btc,0.0,0.0,0.0,231
1,[],26,[],2019-02-15 09:21:15,0.0,0.00000005,0.00000000000180577,6675196,2019-02-15 09:21:15,btc,0.0,1440.0,0.00000005,btc,0.0,0.0,0.0,234
0,[],27,[],2019-02-15 09:21:18,0.0,0,0,6675197,2019-02-15 09:21:18,,0.0113483662182,0.0,0,"btc,eth",11462.99618,0.0,0.0,234
0,[],22,[],2019-02-15 09:22:28,0.0,0,0,6675198,2019-02-15 09:22:28,,2.80242205,0.0,0,,93486896.06349206,0.0,0.0,235
1,[],24,[],2019-02-15 09:22:30,0.0,0.000000020010,0.000000000000722669154,6675200,2019-02-15 09:22:30,btc,0.0,0.0,0.000000020010,btc,0.0,0.0,0.0,236
1,[],4,[],2019-02-15 09:22:30,1144338.59352315,0.00000126,0.000000000045505404,6675199,2019-02-15 09:22:30,btc,0.4588382676605246,0.0,0.00000126,btc,252289.7707707,0.27494437,0.4592426881402381,236
1,[],20,[],2019-02-15 09:22:31,71138965.6492,0.000000073,0.0000000000026364242,6675201,2019-02-15 09:22:31,btc,14.1630314573528,33330700.3893,0.000000073,btc,25633069.1495,2.5099011277171,0.6819578686105,237
1,[],22,[],2019-02-15 09:23:40,136267.0,0.00000004,0.000000000001444616,6675202,2019-02-15 09:23:40,BTC,0.0405823,0.0,0.00000004,"BTC,LTC",3164.0,0.00151375,0.00541601,237
1,[],4,[],2019-02-15 09:23:41,4204201.70714626,0.00000032,0.000000000011556928,6675203,2019-02-15 09:23:41,btc,0.5275163392762517,0.0,0.00000032,btc,1448263.07304278,0.35531706,1.2221806869931258,238
1,[],5,[],2019-02-15 09:23:43,3.92e-06,0.00000032,0.000000000011556928,6675204,2019-02-15 09:23:43,btc,0.75601869,0.0068592,0.00000032,btc,2.957e-05,0.0,0.25916274,238
0,[],22,[],2019-02-15 09:23:54,0.0,0,0,6675205,2019-02-15 09:23:54,,6404.65978688,0.0,0,,370860.0639027493,0.0,0.0,249
0.0000000001172969,[],22,[],2019-02-15 09:04:48,7025765.666666667,3.5189069999999995e-18,1.272267863664e-22,6675011,2019-02-15 09:04:48,LTC,0.53185688,0.0,0.00000003,LTC,14450581.09,0.0,0.20977599,252
1,[],28,[],2019-02-15 09:23:57,3309218.286,0.00000011,0.000000000003972694,6675206,2019-02-15 09:23:57,btc,164693.68465852007,17806.7,0.00000011,btc,982884.2751,0.0,0.1899703563,256
1,[],22,[],2019-02-15 09:24:06,1176008.6666666667,0.00000003,0.000000000001083462,6675207,2019-02-15 09:24:06,BTC,30.16051006,0.0,0.00000003,BTC,434844.92423192423,0.00206032,0.03298822,258
1,[],22,[],2019-01-26 20:58:41,368451.0,0.00000001,0.000000000000356135,6510120,2019-01-26 20:58:41,BTC,2.642917,0.0,0.00000001,"BTC,LTC",1862.0,0.0,0.02488451,259
1,[],22,[],2019-02-15 09:24:14,9682.80211780278,0.00001511,0.000000000545703694,6675208,2019-02-15 09:24:14,BTC,1293.00199594,0.0,0.00001511,"BTC,LTC",5066.4475399786215,0.03794489,0.00498033,262
1,[],5,[],2019-02-15 09:24:16,1.17e-05,0.00000128,0.000000000046227712,6675209,2019-02-15 09:24:16,btc,0.74094261,0.01026014,0.00000128,btc,0.00033647,0.0,0.19932435,264
1,[],20,[],2019-02-15 09:24:20,1165498.7474,0.000001801,0.0000000000650438354,6675210,2019-02-15 09:24:20,btc,4.961984780873,0.0,0.000001801,btc,98775.8022,0.0,0.0176428412769,264
1,[],22,[],2019-02-15 09:24:47,95356.5,0.00000002,0.000000000000722308,6675211,2019-02-15 09:24:47,BTC,8.3934754,0.0,0.00000002,BTC,377286.0417119935,0.0,0.0014095,271
0,[],22,[],2019-02-15 09:25:32,0.0,0,0,6675212,2019-02-15 09:25:32,,385.44178703,0.0,0,,15173097515.9,0.0,0.0,272
0.0000000000000052,[],28,[],2019-02-15 09:25:34,183442197117.206,3.64e-21,1.31460056e-25,6675213,2019-02-15 09:25:34,doge,440755743.138999,9438707948.819,0.0000007,doge,229095541714.86368,0.0,4.4311547847473607e-10,272
1,[],22,[],2019-02-15 09:26:06,12702.0,0.00001800,0.0000000006500772,6675214,2019-02-15 09:26:06,BTC,74.2060837,0.0,0.00001800,"BTC,LTC",3410.9875854920265,0.06494789,0.03738053,281
