pairValue,buyBook,exchangeId,sellBook,updated,buyTotal,satoshiPrice,usdPrice,exchangeLogId,created,bestPair,sellTotalBtc,volume,pairPrice,activePairs,sellTotal,volumeBtc,buyTotalBtc,coinId
0,[],2,[],2019-01-20 23:28:45,0.0,0,0,6477011,2019-01-20 23:28:45,,0.0,0.0,0,,0.0,0.0,0.0,1
1,[],3,[],2019-02-15 19:18:15,136.774047319621,0.0130870899999999991403232257880517863668501377105712890625,0.000000471408760181,6680028,2019-02-15 19:18:15,btc,107.06738036830211,0.66533581,0.0130870899999999991403232257880517863668501377105712890625,btc,21.446894254251,0.0,0.3657655566294765,1
1,[],4,[],2019-02-15 19:18:16,87.73863733,0.01310003,0.00000047187487062700003,6680029,2019-02-15 19:18:16,btc,0.7677004725552223,0.0,0.01310003,btc,54.72276306,2.25641955,1.0595919167221124,1
1,[],5,[],2019-02-15 19:18:18,0.27225245,0.01291979,0.000000465382463611,6680030,2019-02-15 19:18:18,btc,14578.74233067,0.0555667,0.01291979,btc,35555556.22051153,0.0,2.28939938,1
1,[],10,[],2019-02-15 19:18:22,415308.8702338,0.01081329,0.000000389504437761,6680031,2019-02-15 19:18:22,btc,6525.996033357592,1051.6828191,0.01081329,btc,1122.30922359,0.0,5.5041007869358305,1
1,[],12,[],2019-02-15 19:18:26,10458.00221017,0.0131299999999999993105515017077777883969247341156005859375,0.000000472954417,6680032,2019-02-15 19:18:26,btc,0.3318991963417,0.0,0.0131299999999999993105515017077777883969247341156005859375,btc,18.21883259,1.7662090878615,0.4965855809041,1
1,[],20,[],2019-02-15 19:18:28,1151.2564,0.010500212,0.00000037822708643080004,6680033,2019-02-15 19:18:28,btc,0.0573537536243,0.0,0.010500212,btc,2.5253,0.0,0.0911161306007,1
1,[],21,[],2019-02-15 19:18:29,2475.68958608,0.01316074000000000063237415304,0.00000047406169946600007,6680034,2019-02-15 19:18:29,btc,28.628612228571125,3270.9461530299996,0.0131607400000000006323741530422921641729772090911865234375,"btc,eth",2662.68977145,36.55975731016934,22.160274810043603,1
1,[],22,[],2019-02-15 19:18:34,0.0280576,0.01350000,0.0000004862821500000001,6680035,2019-02-15 19:18:34,BTC,0.3139634,0.0,0.01350000,BTC,0.10070366666666666,0.0,0.00036518,1
1,[],24,[],2019-02-15 19:18:35,0.0,0.000000000000,0,6680036,2019-02-15 19:18:35,btc,0.0,0.0,0.000000000000,btc,0.0,0.0,0.0,1
0.0,[],25,[],2019-02-15 19:18:36,0.0,0,0,6680037,2019-02-15 19:18:36,btc,28.671199996705067,1076.06840069,0.0,btc,2125.01079361,14.17,0.0,1
1,[],26,[],2019-02-15 19:18:54,0.0,0,0,6680038,2019-02-15 19:18:54,,0.0,0.0,0,,0.0,0.0,0.0,1
1,[],28,[],2019-02-15 19:18:56,992.968,0.01231000,0.000000443417279,6680039,2019-02-15 19:18:56,btc,0.162839806,17622.45,0.01231000,btc,8.9,0.0,0.086870176,1
1,[],5,[],2019-02-15 19:18:57,1.472e-05,0.00000066,0.000000000023773794000000002,6680040,2019-02-15 19:18:57,btc,0.12687184,0.0254308,0.00000066,btc,6.166e-05,0.0,0.252574,2
1,[],22,[],2019-02-15 19:19:21,1198.0,0.00000017,0.000000000006123553000000001,6680041,2019-02-15 19:19:21,BTC,2.12229306,0.0,0.00000017,"BTC,XMR",14654.709143333333,0.0,0.00088485,2
1,[],5,[],2019-02-15 19:19:23,1.29e-06,0.00000017,0.000000000006123553000000001,6680042,2019-02-15 19:19:23,btc,4.35233186,0.0292525,0.00000017,btc,2.278e-05,0.0,3.56286282,3
1,[],12,[],2019-02-15 19:19:24,12631517.89855075,0.000000168,0.0000000000060515112,6680043,2019-02-15 19:19:24,btc,923741.1517880227,0.0,0.000000168,btc,8688828.65237207,0.16329890855062187,0.529339717366621,3
0,[],28,[],2019-02-15 19:19:25,0.0,0,0,6680044,2019-02-15 19:19:25,,0.0,0.0,0,,0.0,0.0,0.0,3
0,[],2,[],2019-01-20 23:31:32,0.0,0,0,6477077,2019-01-20 23:31:32,,0.0,0.0,0,,0.0,0.0,0.0,4
1,[],4,[],2019-02-15 19:19:26,370198.91903058,0.00000034,0.000000000012247106000000001,6680045,2019-02-15 19:19:26,btc,0.3811946466977695,0.0,0.00000034,btc,338651.23757444,0.00017,0.0450680200652495,4
1,[],12,[],2019-02-14 17:26:54,1405077.5219999999,0.00000004,0.000000000001441592,6666503,2019-02-14 17:26:54,btc,11113878.38315974,0.0,0.00000004,btc,1084186.13790569,0.0004039437362635,0.02355927044,5
0,[],2,[],2019-01-20 23:31:51,0.0,0,0,6477087,2019-01-20 23:31:51,,0.0,0.0,0,,0.0,0.0,0.0,6
1,[],11,[],2019-02-15 19:19:28,1742309.499998,0.00000002,0.000000000000720418,6680046,2019-02-15 19:19:28,btc,9433.282080624413,1233776.0,0.00000002,btc,39784964.28062851,0.0,0.02635588499996,6
1,[],3,[],2019-02-15 19:19:30,1083.698302988154,0.00014547000000000000143225709070549100943026132881641387939453125,0.000000005239960323,6680047,2019-02-15 19:19:30,btc,27.605796873748474,0.905170040532,0.00014547000000000000143225709070549100943026132881641387939453125,btc,249.144760639695,0.0,0.03290351677471985,7
1,[],4,[],2019-02-15 19:19:31,16935.83828448,0.00022562,0.000000008127035458,6680048,2019-02-15 19:19:31,btc,2.5529513655598293,0.0,0.00022562,btc,9966.19926417,12.03561253,3.3470717892585378,7
1,[],5,[],2019-02-15 19:19:32,0.00726949,0.00021415,0.000000007713875735,6680049,2019-02-15 19:19:32,btc,2.4744346,0.67494786,0.00021415,btc,0.01371377,0.0,1.70864136,7
1,[],20,[],2019-02-15 16:36:52,43513291.8418,0.000000001,0.0000000000000359315,6678688,2019-02-15 16:36:52,btc,116.5827776391263,3203.0,0.000000001,btc,29035064.8892,3.203e-06,0.0435132918418,8
0,[],2,[],2019-01-20 23:22:42,0.0,0,0,6476876,2019-01-20 23:22:42,,0.0,0.0,0,,0.0,0.0,0.0,9
0,[],23,[],2019-01-20 23:22:48,0.0,0,0,6476878,2019-01-20 23:22:48,,0.0,0.0,0,,0.0,0.0,0.0,9
1,[],1,[],2019-02-15 19:19:33,2194550.5,0.00000181999999999999993881738720447049928452543099410831928253173828125,0.000000000065558038,6680050,2019-02-15 19:19:33,btc,2.0075626284,22554811.33,0.00000181999999999999993881738720447049928452543099410831928253173828125,btc,1076742.01,41.1649791,3.9296397707999997,9
1,[],4,[],2019-02-15 19:19:34,388746.21484422,0.00000182,0.00000000006555803800000001,6680051,2019-02-15 19:19:34,btc,1.08483577249387,0.0,0.00000182,btc,572910.78173298,1.62450617,0.6714356098943881,9
1,[],28,[],2019-02-15 19:19:36,43336.934,0.00000167,0.000000000060154903,6680052,2019-02-15 19:19:36,btc,2708.76119522,3587059.0,0.00000167,btc,11732.68,0.0,0.04320967978,9
1,[],4,[],2019-02-10 09:54:02,5828483.02026053,0.00000002,0.000000000000726692,6623074,2019-02-10 09:54:02,btc,0.2014004865591215,0.0,0.00000002,btc,4198675.28035349,0.00021932,0.0653957035452106,10
0,[],2,[],2019-01-20 23:23:08,0.0,0,0,6476890,2019-01-20 23:23:08,,0.0,0.0,0,,0.0,0.0,0.0,12
1,[],4,[],2019-02-15 19:19:38,1850635.66676776,0.00000167,0.000000000060154903,6680053,2019-02-15 19:19:38,btc,2.789522561161942,0.0,0.00000167,btc,1449980.38320649,18.53699943,2.749408798933009,12
1,[],5,[],2019-02-15 19:19:39,4.918e-05,0.00000166,0.000000000059794694,6680054,2019-02-15 19:19:39,btc,0.49010411,1.76472061,0.00000166,btc,0.00013402,0.0,0.69225638,12
0.0,[],25,[],2019-02-15 19:19:41,0.0,0,0,6680055,2019-02-15 19:19:41,,0.0,0.0,0.0,btc,0.0,0.0,0.0,12
1,[],10,[],2019-02-15 18:38:23,452917.93563377,0.00000661,0.000000000238028083,6679892,2019-02-15 18:38:23,btc,666805.4476881106,7196.31805263,0.00000661,btc,724339.21961106,0.0,0.4164839886370632,13
1,[],4,[],2019-02-15 19:19:43,1293841.59420999,0.00000666,0.000000000239899194,6680056,2019-02-15 19:19:43,btc,1.5913522243998337,0.0,0.00000666,btc,221735.39829949,1.03963086,1.2596269384988494,13
1,[],21,[],2019-02-15 19:19:47,781426.8242664001,0.000006710000000000000130464215820,0.00000000024170023900000004,6680057,2019-02-15 19:19:47,btc,7.259198220785542,1089175.46765145,0.000006710000000000000130464215819525719552984810434281826019287109375,btc,929321.7419283,7.33136634,4.800649886247835,13
1,[],4,[],2019-02-15 19:19:48,994647.18466506,0.00000139,0.000000000050069051,6680058,2019-02-15 19:19:48,btc,0.1079095845219374,0.0,0.00000139,btc,58419.03243512,0.0071196,0.4232282320083154,14
1,[],12,[],2019-02-15 19:19:49,85369.2231405,0.000001260000000000000006510091944689211373997750342823565006256103515625,0.000000000045386334,6680059,2019-02-15 19:19:49,btc,2.776372288797991,0.0,0.000001260000000000000006510091944689211373997750342823565006256103515625,btc,30213.37033352,0.00023058,0.009125080000005,14
0,[],17,[],2019-02-15 19:20:00,0.0,0,0,6680060,2019-02-15 19:20:00,btc,0.0,0.0,0,btc,0.0,0.0,0.0,14
1,[],26,[],2019-02-15 19:20:00,0.0,0.00000050,0.000000000018010450000000002,6680061,2019-02-15 19:20:00,btc,0.0,0.0,0.00000050,btc,0.0,0.0,0.0,14
,[],12,[],2018-12-01 15:15:48,204241.84496,0.00000489,0.000000000202473384,5260204,2018-12-01 15:15:48,btc,49.5475654835,0.0,,btc,35763.2193806,0.0163153972027625,0.0203389899998,15
0,[],4,[],2019-02-15 19:20:01,0.0,0,0,6680062,2019-02-15 19:20:01,,0.0,0.0,0,,0.0,0.0,0.0,15
1,[],10,[],2019-02-15 19:20:04,795872.1029728,0.000019,0.0000000006843971,6680064,2019-02-15 19:20:04,btc,15.533445856208065,280.69574135,0.000019,btc,10315.93006568,0.0,0.4201952982088678,18
1,[],12,[],2019-02-15 19:20:05,204284.29920555,0.00001775000000000000115554267543505062576514319516718387603759765625,0.000000000639370975,6680065,2019-02-15 19:20:05,btc,22.612032796883554,0.0,0.00001775000000000000115554267543505062576514319516718387603759765625,btc,1866.9041771299999,0.0024292300583913,0.0335687027739428,18
0,[],2,[],2019-01-20 23:23:38,0.0,0,0,6476906,2019-01-20 23:23:38,,0.0,0.0,0,,0.0,0.0,0.0,18
0,[],17,[],2019-02-15 18:25:47,0.0,0,0,6679704,2019-02-15 18:25:47,btc,0.0,0.0,0,btc,0.0,0.0,0.0,18
1,[],4,[],2019-02-15 19:20:03,27548.52076679,0.00001830,0.00000000065918247,6680063,2019-02-15 19:20:03,btc,2.2216765429728063,0.0,0.00001830,btc,7839.56565077,0.00305059,0.1116522090404198,18
1,[],3,[],2019-02-15 19:20:17,132727.5294309382,0.00002619000000000000166300133386254600509346346370875835418701171875,0.0000000009433873710000002,6680066,2019-02-15 19:20:17,btc,0.5253501350511575,595.771151307,0.00002619000000000000166300133386254600509346346370875835418701171875,btc,5360.472544430873,0.0,0.17986712409678624,19
1,[],4,[],2019-02-15 19:20:17,338623.55703015,0.00002690,0.00000000096896221,6680067,2019-02-15 19:20:17,btc,0.2246198423362896,0.0,0.00002690,btc,7662.67315077,0.16963401,2.083414735180237,19
1,[],5,[],2019-02-15 19:20:19,0.00017404,0.00002404,0.000000000865942436,6680068,2019-02-15 19:20:19,btc,0.25322988,0.0,0.00002404,btc,0.00302507,0.0,0.06435636,19
1,[],12,[],2019-02-15 19:20:20,134758.0,0.00002449999999999999920896609495457596494816243648529052734375,0.00000000088251205,6680069,2019-02-15 19:20:20,btc,0.0290010467813548,0.0,0.00002449999999999999920896609495457596494816243648529052734375,btc,294.66393647,0.0,0.03146823,19
0,[],27,[],2019-02-15 19:20:22,0.0,0,0,6680070,2019-02-15 19:20:22,,0.0,0.0,0,btc,0.0,0.0,0.0,19
0,[],2,[],2019-01-20 23:24:19,0.0,0,0,6476924,2019-01-20 23:24:19,,0.0,0.0,0,,0.0,0.0,0.0,19
1,[],4,[],2019-02-15 19:20:23,8105964.88270166,0.00000014,0.000000000005042926,6680071,2019-02-15 19:20:23,btc,0.755727028439737,0.0,0.00000014,btc,1584963.29804812,0.00160309,0.2633208437753649,20
1,[],4,[],2019-02-15 19:20:24,112204141.0629021,0.00000002,0.000000000000720418,6680072,2019-02-15 19:20:24,btc,0.4197290963908996,0.0,0.00000002,btc,12405492.93946572,0.00713778,1.2819232651386825,21
1,[],12,[],2019-02-15 19:20:25,17377041.0,0.00000002,0.000000000000720418,6680073,2019-02-15 19:20:25,btc,669.7041249917195,0.0,0.00000002,btc,8560966.269732941,0.0001802173826174,0.2197811,21
0,[],17,[],2019-02-15 18:26:07,0.0,0,0,6679713,2019-02-15 18:26:07,btc,0.0,0.0,0,btc,0.0,0.0,0.0,21
1,[],12,[],2019-02-15 19:20:37,2804188088.043896,0.0000000002,0.00000000000000720418,6680074,2019-02-15 19:20:37,btc,830864729412.8635,0.0,0.0000000002,btc,4226816337.08237,0.03039035405696806,0.31056861595558977,23
0,[],27,[],2019-02-15 19:20:40,0.0,0,0,6680075,2019-02-15 19:20:40,,0.7240921565934114,0.0,0,eth,727098.85514486,0.0,0.0,23
1,[],4,[],2019-02-15 19:20:41,374930.43585325,0.00000073,0.000000000026295257,6680076,2019-02-15 19:20:41,btc,0.1560914144552947,0.0,0.00000073,btc,157718.48877764,0.02332635,0.18808073368236,24
1,[],22,[],2019-02-15 19:20:45,11.76,0.00000100,0.000000000036020900000000005,6680077,2019-02-15 19:20:45,BTC,7.415e-05,0.0,0.00000100,BTC,23.919354838709676,0.0,1.176e-05,24
0.0,[],25,[],2019-02-15 19:20:46,0.0,0,0,6680078,2019-02-15 19:20:46,,0.0,0.0,0.0,btc,0.0,0.0,0.0,24
1,[],4,[],2019-02-15 19:20:47,26883580.75011664,0.00000586,0.000000000211082474,6680079,2019-02-15 19:20:47,btc,0.4020364019978234,0.0,0.00000586,btc,42788.56707705,0.18338993,0.4440104552736092,26
1,[],10,[],2019-02-15 19:20:49,733314.39724698,0.0000054,0.00000000019451286,6680080,2019-02-15 19:20:49,btc,25.927306697299464,1472.76013581,0.0000054,btc,14351.41452713,0.0,0.2154503992385128,26
0,[],2,[],2019-01-20 23:25:56,0.0,0,0,6476976,2019-01-20 23:25:56,,0.0,0.0,0,,0.0,0.0,0.0,26
1,[],3,[],2019-02-15 19:20:50,5689817.95913569,0.00000001,0.000000000000360209,6680081,2019-02-15 19:20:50,btc,2.6998142562093017,0.0,0.00000001,btc,17268102.61059958,0.0,0.0568981795913569,27
1,[],5,[],2019-02-15 19:20:53,1e-08,0.00000001,0.000000000000360209,6680082,2019-02-15 19:20:53,btc,1.5981049,0.00026007,0.00000001,btc,4.345e-05,0.0,0.09881515,27
1,[],11,[],2019-02-15 19:20:55,10063976.7912115,0.00000005,0.000000000001801045,6680083,2019-02-15 19:20:55,btc,370.6338278222541,8080.0,0.00000005,btc,8170874.5693934,0.0,0.4660996184459823,27
1,[],4,[],2019-02-15 19:20:56,590735621.0230721,0.00000002,0.000000000000720418,6680084,2019-02-15 19:20:56,btc,0.29758246112271963,0.0,0.00000002,"btc,ltc",22222909.22564022,0.21646752,8.476125302398362,29
1,[],7,[],2019-02-15 19:20:58,28335686.833719518,0.00000002,0.000000000000720418,6680085,2019-02-15 19:20:58,btc,44465228.21241281,563382.910474,0.00000002,btc,55538651.690747544,0.01129912,0.4118788002381527,29
1,[],4,[],2019-02-15 19:20:58,1508828.11295398,0.00000027,0.000000000009725643,6680086,2019-02-15 19:20:58,btc,0.1583576308021953,0.0,0.00000027,btc,377441.07926927,0.06487877,0.1003059820173278,30
0,[],17,[],2019-02-15 18:12:22,0.0,0,0,6679525,2019-02-15 18:12:22,btc,0.0,0.0,0,btc,0.0,0.0,0.0,30
1,[],4,[],2019-02-15 19:21:10,67232.66471352,0.00006803,0.0000000024505018270000002,6680087,2019-02-15 19:21:10,btc,0.681596973099331,0.0,0.00006803,btc,8293.82175138,3.32721531,3.494443130833789,31
1,[],21,[],2019-02-15 19:21:10,72507.08318467,0.00006760000000000000329371946384,0.00000000243501284,6680088,2019-02-15 19:21:10,btc,1.6216706300964316,243265.93814784,0.000067600000000000003293719463837163630159921012818813323974609375,btc,21636.85172673,17.40523189,4.537368607882674,31
0,[],2,[],2019-01-20 23:28:43,0.0,0,0,6477009,2019-01-20 23:28:43,,0.0,0.0,0,,0.0,0.0,0.0,32
1,[],4,[],2019-02-15 19:21:11,154210043.26175663,0.00000005,0.000000000001801045,6680089,2019-02-15 19:21:11,btc,2.239899786208931,0.0,0.00000005,"btc,ltc",46896381.18349679,0.56470917,3.028757891633131,33
1,[],12,[],2019-02-15 19:21:13,15062605.952,0.00000005,0.000000000001801045,6680090,2019-02-15 19:21:13,btc,34509932.1127003,0.0,0.00000005,btc,88947302.17682298,0.010976284005994,0.4931470776,33
1,[],4,[],2019-02-15 19:21:13,134750406.21813935,0.00000001,0.000000000000360209,6680091,2019-02-15 19:21:13,btc,1.0380372291403033,0.0,0.00000001,btc,41552684.45832942,0.00939227,1.3475040621813936,34
1,[],5,[],2019-02-15 19:21:15,1e-08,0.00000001,0.000000000000360209,6680092,2019-02-15 19:21:15,btc,5.07954927,0.00104076,0.00000001,btc,1.343e-05,0.0,0.85475668,34
0.00000000011634240000000001,[],4,[],2019-02-15 19:21:16,1005791515.4867,2.3268480000000003e-18,8.381515912320001e-23,6680093,2019-02-15 19:21:16,ltc,1.131800359839101e-08,0.0,0.00000002,ltc,2332306300.656398,0.0,1.709542070944126e-09,36
1,[],5,[],2019-02-15 19:21:17,0.0,0,0,6680094,2019-02-15 19:21:17,btc,197.5385643,0.0,0,btc,1.325e-05,0.0,0.0,36
0,[],17,[],2019-02-15 19:21:18,0.0,0,0,6680095,2019-02-15 19:21:18,btc,0.14155809871946062,0.0,0,btc,10796613.27743647,0.0,0.0,36
0.0000000003371452,[],27,[],2019-02-15 19:21:21,7.0,3.3714519999999997e-18,1.214427353468e-22,6680096,2019-02-15 19:21:21,eth,230.00791353271,8.0,0.00000001,"ltc,eth",3710919.3029,1.6753305600000002e-16,2.3600163999999998e-17,36
1,[],4,[],2019-02-15 19:21:22,287972.84967762,0.00000107,0.000000000038542363000000004,6680097,2019-02-15 19:21:22,btc,0.4455941201554994,0.0,0.00000107,btc,297607.00558849,0.04734935,0.1597159752516034,37
1,[],12,[],2019-02-15 19:21:23,358590.57319131,0.0000010600000000000000155604695795119596368749625980854034423828125,0.000000000038182154,6680098,2019-02-15 19:21:23,btc,1364.037236776608,0.0,0.0000010600000000000000155604695795119596368749625980854034423828125,btc,697861.54896899,0.1943279269699511,0.1196504592660669,37
1,[],17,[],2019-02-15 19:21:24,1752.74075282,0.00000025,0.000000000009005225,6680099,2019-02-15 19:21:24,btc,0.055484923981640996,0.0,0.00000025,btc,1387.19918473,0.0,0.00043818518820499993,37
1,[],27,[],2019-02-15 19:21:26,15952.0,0.00000052,0.000000000018730868,6680100,2019-02-15 19:21:26,btc,26.70753703686233,0.0,0.00000052,btc,6829.81438508,0.0,0.00545422,37
1,[],5,[],2019-02-15 19:21:29,1.474e-05,0.00000096,0.000000000034580064,6680101,2019-02-15 19:21:29,btc,0.09554793,0.02710254,0.00000096,btc,9.569e-05,0.0,0.04354973,42
1,[],12,[],2019-02-15 19:21:30,126643.67944066,0.00000089,0.000000000032058601,6680102,2019-02-15 19:21:30,btc,92.91541070593601,0.0,0.00000089,btc,93530.48104345,0.000216000799211,0.044307836436775,42
0,[],27,[],2019-02-15 19:21:34,0.0,0,0,6680103,2019-02-15 19:21:34,,0.00315028,0.0,0,"btc,eth",11.007,0.0,0.0,42
1,[],5,[],2019-02-15 19:21:36,3e-08,0.00000002,0.000000000000720418,6680104,2019-02-15 19:21:36,btc,5.9170171,0.0,0.00000002,btc,1.375e-05,0.0,0.5744076,43
1,[],12,[],2019-02-15 19:21:38,4101745.0,0.00000001,0.000000000000360209,6680105,2019-02-15 19:21:38,btc,20007457.492715012,0.0,0.00000001,btc,38975751.47292703,2.597402598e-07,0.041017450000000004,43
0,[],17,[],2019-02-15 19:21:39,0.0,0,0,6680106,2019-02-15 19:21:39,btc,0.0,0.0,0,btc,0.0,0.0,0.0,43
1,[],12,[],2019-02-15 19:21:41,697593.0,0.00000005,0.000000000001801045,6680107,2019-02-15 19:21:41,btc,11115166.707511282,0.0,0.00000005,btc,1052587.31470526,0.0040505952935071,0.0181342,44
1,[],4,[],2019-02-15 19:21:43,225236705.47806406,0.00000002,0.000000000000720418,6680108,2019-02-15 19:21:43,btc,0.1883095290715071,0.0,0.00000002,"btc,ltc",4552379.59245401,0.00023499,0.4306101510090435,49
0.00000000011634240000000001,[],4,[],2019-02-15 19:21:44,1221539698.890338,1.1634240000000001e-18,4.1907579561600004e-23,6680109,2019-02-15 19:21:44,ltc,4.645173509523414,0.0,0.00000001,ltc,4238182561.054733,0.0,1.4211686026417925e-09,52
0,[],22,[],2019-02-15 19:21:47,0.0,0,0,6680110,2019-02-15 19:21:47,,8108.82536305,0.0,0,,262751443.67882353,0.0,0.0,57
0,[],27,[],2019-02-15 19:21:49,0.0,0,0,6680111,2019-02-15 19:21:49,,0.0,0.0,0,"btc,eth",0.0,0.0,0.0,57
0.00000000011634240000000001,[],4,[],2019-02-15 19:21:50,1029901760.5953304,4.6536960000000005e-18,1.6763031824640002e-22,6680112,2019-02-15 19:21:50,ltc,3.272209002404818,0.0,0.00000004,ltc,898010620.2067671,0.0,2.7899557965227003e-09,58
1,[],12,[],2019-02-15 19:21:52,1752872366.843957,0.0000000005,0.00000000000001801045,6680113,2019-02-15 19:21:52,btc,724045492048.1405,0.0,0.0000000005,btc,3711794263.8371787,0.06122278278898462,0.5914955697011391,58
0,[],17,[],2019-02-15 19:21:53,0.0,0,0,6680114,2019-02-15 19:21:53,btc,1e+24,0.0,0,btc,41401875.8285055,0.0,0.0,58
0.0000000001314209,[],22,[],2019-02-15 19:21:56,137438.0,1.3142090000000001e-18,4.7338990968100005e-23,6680115,2019-02-15 19:21:56,XMR,69.8835922,0.0,0.00000001,XMR,9887963.0,0.0,0.00137438,58
1,[],5,[],2019-02-15 19:21:58,1.165e-05,0.00000068,0.000000000024494212000000002,6680116,2019-02-15 19:21:58,btc,0.23425062,0.10773871,0.00000068,btc,0.00011266,0.0,0.10239907,61
1,[],22,[],2019-02-15 19:22:03,5149.5,0.00000011,0.000000000003962299,6680117,2019-02-15 19:22:03,BTC,1002.29598212,0.0,0.00000011,BTC,14957.700278135757,0.0,0.00051596,61
1,[],26,[],2019-02-15 19:22:04,0.0,0.00000800,0.00000000028816720000000004,6680118,2019-02-15 19:22:04,btc,0.0,0.0,0.00000800,btc,0.0,0.0,0.0,61
1,[],27,[],2019-02-15 19:22:07,18353.8823,0.00000034,0.000000000012247106000000001,6680119,2019-02-15 19:22:07,btc,9.941007956931694,0.0,0.00000034,"btc,eth",15777.09679279,0.0,0.000456389983685726,61
1,[],28,[],2019-02-15 19:22:13,19894.304,0.00000091,0.000000000032779019000000004,6680120,2019-02-15 19:22:13,btc,2.056360193700105,802.89,0.00000091,btc,9767.52450005,0.0,0.00993521304,61
1,[],4,[],2019-02-15 18:27:43,466513.54338016,0.00000286,0.000000000102887642,6679756,2019-02-15 18:27:43,btc,1.0883234797283552,0.0,0.00000286,btc,258709.18727832,0.39882762,0.946788790287835,67
0.0,[],25,[],2019-02-15 18:27:44,0.0,0,0,6679757,2019-02-15 18:27:44,,0.0,0.0,0.0,btc,0.0,0.0,0.0,67
1,[],12,[],2019-02-15 19:22:14,3422768.70800772,0.00000018,0.000000000006483762,6680121,2019-02-15 19:22:14,btc,11115996.404284049,0.0,0.00000018,btc,1932151.60325737,0.0063598628172882,0.1293297464411111,71
,[],5,[],2018-11-20 23:02:39,1.5e-07,0.00000005,0.000000000002128045,4862160,2018-11-20 23:02:39,btc,2.84511358,0.0,,btc,0.00036572,0.0,0.07381892,74
1,[],5,[],2019-02-15 19:22:16,3.049e-05,0.00000156,0.000000000056192604000000006,6680122,2019-02-15 19:22:16,btc,1.5424315,0.0,0.00000156,btc,0.00016981,0.0,0.30484564,75
1,[],4,[],2019-02-15 19:22:17,29738604.75692337,0.00000001,0.000000000000360209,6680123,2019-02-15 19:22:17,btc,0.7668881456247842,0.0,0.00000001,btc,14615939.68425178,0.0,0.2973860475692337,81
0,[],20,[],2019-01-25 09:30:31,0.0,0,0,6495923,2019-01-25 09:30:31,btc,0.0,0.0,0,btc,0.0,0.0,0.0,81
1,[],4,[],2019-02-15 19:22:18,24113.75921047,0.00007800,0.0000000028096302,6680124,2019-02-15 19:22:18,btc,1.3332508163800822,0.0,0.00007800,btc,11283.78233952,0.04393944,0.1141864258675989,82
1,[],21,[],2019-02-15 19:22:19,136383.84749799,0.00007773999999999999768914016318,0.000000002800264766,6680125,2019-02-15 19:22:19,btc,2.948303863643597,4240.27787685,0.00007773999999999999768914016318177573339198715984821319580078125,btc,32688.31245382,0.33205783,2.26579516294072,82
0,[],17,[],2019-02-15 19:22:31,0.0,0,0,6680126,2019-02-15 19:22:31,btc,0.0447233088476774,0.0,0,btc,999127.19588126,0.0,0.0,84
0.00000000011634240000000001,[],4,[],2019-02-15 19:22:32,154682437.9405471,8.143968000000001e-18,2.9335305693120006e-22,6680127,2019-02-15 19:22:32,ltc,0.19569063267362838,0.0,0.00000007,ltc,103905350.73865768,0.0,7.160631165931623e-10,85
,[],22,[],2018-11-20 23:09:34,3408.1,0.0000001,0.0000000000041895,4862324,2018-11-20 23:09:34,BTC,0.04624735,0.0,,BTC,4990.0,0.0,0.00033081,86
0,[],22,[],2019-02-15 19:22:35,0.0,0,0,6680128,2019-02-15 19:22:35,,2.0760781,0.0,0,,140622.94736842104,0.0,0.0,87
0,[],27,[],2019-02-15 19:22:39,0.0,0,0,6680129,2019-02-15 19:22:39,,0.0,0.0,0,btc,0.0,0.0,0.0,87
,[],2,[],2018-11-20 23:10:47,0.0,0,0,4862359,2018-11-20 23:10:47,,0.0,0.0,,,0.0,0.0,0.0,88
1,[],11,[],2019-02-15 19:22:42,96245.11742869,0.00014304000000000001283952111297281817314797081053256988525390625,0.0000000051524295360000004,6680130,2019-02-15 19:22:42,btc,609.4306481789938,855.73749128,0.00014304000000000001283952111297281817314797081053256988525390625,btc,91153.02904807,0.0,6.469072699564799,89
0,[],2,[],2019-01-20 23:31:45,0.0,0,0,6477083,2019-01-20 23:31:45,,0.0,0.0,0,,0.0,0.0,0.0,91
1,[],12,[],2019-02-15 19:22:43,437366.35396101,0.00000206000000000000018206681821897330308956952649168670177459716796875,0.000000000074203054,6680131,2019-02-15 19:22:43,btc,4.193272439556126,0.0,0.00000206000000000000018206681821897330308956952649168670177459716796875,btc,46375.93221439,0.0008091025432656,0.061123889200018204,91
0,[],17,[],2019-02-15 19:22:45,0.0,0,0,6680132,2019-02-15 19:22:45,btc,0.0,0.0,0,btc,0.0,0.0,0.0,91
0.00000000011634240000000001,[],22,[],2019-02-15 19:22:50,4525000.0,4.6536960000000005e-18,1.6763031824640002e-22,6680133,2019-02-15 19:22:50,LTC,8.12129807,0.0,0.00000004,LTC,66745238.1,0.0,0.14575,95
0.00000000011634240000000001,[],4,[],2019-02-15 19:22:51,135538522.12021452,9.307392000000001e-17,3.3526063649280006e-21,6680134,2019-02-15 19:22:51,ltc,0.5972552474506791,0.0,0.0000008,ltc,35530188.38477089,0.0,1.0959230929469914e-09,96
1,[],12,[],2019-02-15 19:22:52,465317.0,0.00000001,0.000000000000360209,6680135,2019-02-15 19:22:52,btc,255052.49737630005,0.0,0.00000001,btc,8743229.55375598,0.0005292298601398,0.00465317,96
0,[],17,[],2019-02-15 19:23:04,0.0,0,0,6680136,2019-02-15 19:23:04,btc,0.0,0.0,0,btc,0.0,0.0,0.0,96
1,[],4,[],2019-02-15 19:23:05,1717470.67988435,0.00000032,0.000000000011526688,6680137,2019-02-15 19:23:05,btc,0.2130846184850459,0.0,0.00000032,btc,441896.47462942,0.04797703,0.1950104624803605,99
1,[],4,[],2019-02-15 19:23:06,207485.32258393,0.00003990,0.00000000143723391,6680138,2019-02-15 19:23:06,btc,1.2375170760012086,0.0,0.00003990,btc,27327.19033928,0.73934486,1.6669590908414644,100
0,[],2,[],2019-01-20 23:23:55,0.0,0,0,6476914,2019-01-20 23:23:55,,0.0,0.0,0,,0.0,0.0,0.0,100
1,[],22,[],2019-02-15 19:23:11,50000.0,0.00000001,0.000000000000360209,6680139,2019-02-15 19:23:11,BTC,23.49896609,0.0,0.00000001,BTC,10277.22,0.0,0.0005,101
1,[],4,[],2019-02-15 19:23:12,313675.39904073,0.00000093,0.000000000033499437000000005,6680140,2019-02-15 19:23:12,btc,0.4250828924048638,0.0,0.00000093,btc,170401.96683807,0.0101247,0.1553577985515028,103
1,[],12,[],2019-02-15 19:23:15,48806042.9183887,0.000000017,0.0000000000006123553,6680141,2019-02-15 19:23:15,btc,137278887.38844955,0.0,0.000000017,btc,120132301.9979632,0.11624375177278144,0.2487520011462192,105
1,[],27,[],2019-02-15 19:23:17,4011356.89,0.00000001,0.000000000000360209,6680142,2019-02-15 19:23:17,btc,0.3614577513692299,0.0,0.00000001,btc,323444.42860553,0.0,0.0401135689,105
0,[],22,[],2019-02-15 19:23:20,0.0,0,0,6680143,2019-02-15 19:23:20,,51.10825004,0.0,0,,468935.0,0.0,0.0,107
1,[],26,[],2019-02-15 19:23:20,0.0,0.00000000,0,6680144,2019-02-15 19:23:20,btc,0.0,0.0,0.00000000,btc,0.0,0.0,0.0,107
1,[],5,[],2019-02-15 19:23:21,1e-08,0.00000001,0.000000000000360209,6680145,2019-02-15 19:23:21,btc,2.89931996,1.168e-05,0.00000001,btc,1.571e-05,0.0,0.08579288,112
1,[],22,[],2019-02-15 19:23:25,167093.0,0.00000001,0.000000000000360209,6680146,2019-02-15 19:23:25,BTC,2.81183288,0.0,0.00000001,BTC,808524.0833333334,0.0,0.00167093,112
0,[],27,[],2019-02-15 19:23:28,0.0,0,0,6680147,2019-02-15 19:23:28,,1.35132491849924,0.0,0,"btc,eth",1328.641654,0.0,0.0,112
1,[],4,[],2019-02-15 19:23:30,448863.19005628,0.00000330,0.00000000011886897,6680148,2019-02-15 19:23:30,btc,0.3022840980166934,0.0,0.00000330,btc,67787.48871796,0.44196035,0.1593785242628938,113
1,[],5,[],2019-02-15 19:23:31,5.42e-06,0.00000300,0.00000000010806270000000001,6680149,2019-02-15 19:23:31,btc,0.89281562,0.01586341,0.00000300,btc,0.0017078,0.0,0.19755377,113
0,[],27,[],2019-02-15 19:25:42,0.0,0,0,6680150,2019-02-15 19:25:42,,0.0,0.0,0,btc,0.0,0.0,0.0,116
1,[],17,[],2019-02-15 18:42:54,152738.278,0.00000004,0.000000000001440412,6679970,2019-02-15 18:42:54,btc,1.3368030274626197,0.0,0.00000004,btc,51896.221,0.0,0.0022095311199999998,116
1,[],4,[],2019-02-15 19:25:43,27662.23868193,0.00003032,0.000000001092153688,6680151,2019-02-15 19:25:43,btc,0.6231721591995621,0.0,0.00003032,btc,18527.06749079,3.98609749,0.7005058779984944,120
1,[],7,[],2019-02-15 19:25:47,18665.68201989,0.00002911000000000000081088781522797859224738203920423984527587890625,0.000000001048568399,6680152,2019-02-15 19:25:47,btc,115647.18593632786,254.17329107,0.00002911000000000000081088781522797859224738203920423984527587890625,btc,29362.59191667,0.00769174,0.0795862782400216,120
1,[],20,[],2019-02-15 19:25:51,1092927.6666,0.000000014,0.0000000000005042926000000001,6680153,2019-02-15 19:25:51,btc,33.8691165036599,518.15,0.000000014,btc,1150552.4764,7.2541e-06,0.0052581502171,125
1,[],22,[],2019-02-15 19:27:19,3053.0,0.00000001,0.000000000000360209,6680154,2019-02-15 19:27:19,BTC,0.01444889,0.0,0.00000001,BTC,296264.5111111111,0.0,3.053e-05,126
0,[],17,[],2019-02-15 18:15:13,0.0,0,0,6679591,2019-02-15 18:15:13,btc,0.0009561751951600001,0.0,0,btc,35.42829368,0.0,0.0,131
1,[],4,[],2019-02-15 19:27:20,71891.68847823,0.00001910,0.00000000068799919,6680155,2019-02-15 19:27:20,btc,0.8433497257529151,0.0,0.00001910,btc,34424.78650933,1.2061022,1.0617334188740115,131
0,[],2,[],2019-01-20 23:25:46,0.0,0,0,6476969,2019-01-20 23:25:46,,0.0,0.0,0,,0.0,0.0,0.0,131
1,[],4,[],2019-02-15 18:44:49,4554.66076945,0.00016317,0.000000005875800651,6679976,2019-02-15 18:44:49,btc,1.6421815711089056,0.0,0.00016317,btc,308.40189166,0.0,0.0085799423544204,135
1,[],3,[],2019-02-15 18:44:50,1767573.20571841,0.00000005,0.000000000001800515,6679977,2019-02-15 18:44:50,btc,0.124836446126892,17500.0,0.00000005,btc,500394.16668737,0.0,0.064724815113701,136
1,[],4,[],2019-02-15 18:44:50,39366.4029741,0.00000156,0.000000000056176068000000005,6679978,2019-02-15 18:44:50,btc,0.0503433359294348,0.0,0.00000156,btc,25546.21218833,0.08053012,0.0358347305017184,137
1,[],12,[],2019-02-15 18:44:52,295280.40576981,0.000001570000000000000003069918451392705804892102605663239955902099609375,0.000000000056536171000000006,6679979,2019-02-15 18:44:52,btc,11982.948587415309,0.0,0.000001570000000000000003069918451392705804892102605663239955902099609375,btc,159402.079043,0.0267861214047079,0.0248343700000099,137
1,[],4,[],2019-02-15 18:44:53,1225892.33908984,0.00004974,0.000000001791152322,6679980,2019-02-15 18:44:53,btc,0.8164539366422838,0.0,0.00004974,btc,12353.67731956,1.37082544,0.7069731293624609,142
1,[],5,[],2019-02-15 18:44:54,0.00148705,0.00004700,0.0000000016924841000000002,6679981,2019-02-15 18:44:54,btc,0.84729275,1.6226172,0.00004700,btc,0.0030055,0.0,0.94407114,142
1,[],17,[],2019-02-15 18:45:06,22967.386363640002,0.00000088,0.000000000031689064000000005,6679982,2019-02-15 18:45:06,btc,20.0699133484,0.0,0.00000088,btc,405.079105,0.0,0.0104613000000032,142
1,[],20,[],2019-02-15 18:45:08,133938.974,0.00003683,0.0000000013262593490000002,6679983,2019-02-15 18:45:08,btc,0.3109366225952,4103.6455,0.00003683,btc,2649.2776,0.3147300715486,0.253963938579,142
1,[],22,[],2019-02-15 18:45:22,1610.354305200341,0.00003220,0.0000000011595316600000002,6679984,2019-02-15 18:45:22,BTC,3.00917232,0.0,0.00003220,BTC,917.9383601288407,0.0,0.0019657,142
0.0,[],25,[],2019-02-15 18:45:23,0.0,0,0,6679985,2019-02-15 18:45:23,,0.0,0.0,0.0,btc,0.0,0.0,0.0,142
1,[],28,[],2019-02-15 18:45:25,77743.0,0.00004500,0.0000000016204635,6679986,2019-02-15 18:45:25,btc,0.057261322,650.0,0.00004500,btc,356.4989,0.0,0.0519372,142
0,[],22,[],2019-02-15 18:45:30,0.0,0,0,6679987,2019-02-15 18:45:30,,67.4285069,0.0,0,,834770972.3,0.0,0.0,143
1,[],21,[],2019-02-15 18:45:31,36684051.88371654,0.00000028,0.000000000010082884000000001,6679988,2019-02-15 18:45:31,btc,39.22111694834003,1593692.9255075,0.00000028,btc,76964441.66232887,0.44756836,5.861532410866491,145
0,[],22,[],2019-02-15 18:45:37,0.0,0,0,6679989,2019-02-15 18:45:37,,4.24982284,0.0,0,,1814156.0,0.0,0.0,146
,[],22,[],2018-11-20 23:01:11,0.0,0,0,4862114,2018-11-20 23:01:11,,2.56807021,0.0,,,61828.4988236,0.0,0.0,147
1,[],12,[],2019-02-15 18:45:38,8678972.02567472,0.00000302999999999999978877139594768408414893201552331447601318359375,0.000000000109111209,6679990,2019-02-15 18:45:38,btc,16.584413390216532,0.0,0.00000302999999999999978877139594768408414893201552331447601318359375,btc,122584.66449333,0.0005447334,0.1084335269000081,148
1,[],4,[],2019-02-15 18:45:39,269051.94491491,0.00000036,0.000000000012963708000000001,6679991,2019-02-15 18:45:39,btc,0.7786713404602327,0.0,0.00000036,btc,591310.33703653,0.0,0.0635157791439024,152
0,[],22,[],2019-02-15 18:45:43,0.0,0,0,6679992,2019-02-15 18:45:43,,0.0,0.0,0,,0.0,0.0,0.0,152
1,[],5,[],2019-02-15 18:45:44,0.0,0,0,6679993,2019-02-15 18:45:44,btc,10.61570492,0.0,0,btc,0.00092785,0.0,0.0,153
,[],16,[],2019-01-11 15:38:59,0.0,0,0,6366141,2019-01-11 15:38:59,btc,0.0,0.0,,btc,0.0,0.0,0.0,155
0,[],23,[],2019-01-20 23:24:29,0.0,0,0,6476932,2019-01-20 23:24:29,,0.0,0.0,0,,0.0,0.0,0.0,156
0,[],22,[],2019-02-15 18:45:50,0.0,0,0,6679994,2019-02-15 18:45:50,,6.74608761,0.0,0,,4644402.242592593,0.0,0.0,156
1,[],22,[],2019-02-15 18:45:57,7063.8,0.00005300,0.0000000019085459000000003,6679995,2019-02-15 18:45:57,BTC,43.78801181,0.0,0.00005300,BTC,1067.5805334758436,0.0,0.00104326,157
0,[],22,[],2019-02-15 18:47:12,0.0,0,0,6679996,2019-02-15 18:47:12,,50175.68008609,0.0,0,,54479136.04179466,0.0,0.0,158
,[],17,[],2018-11-20 22:56:10,0.0,0,0,4861976,2018-11-20 22:56:10,btc,1.1265625,0.0,,btc,1000.0,0.0,0.0,159
,[],20,[],2018-11-20 22:56:12,0.0,0,0,4861977,2018-11-20 22:56:12,btc,11912.7940471,0.0,,btc,34413894.3617,0.0,0.0,159
1,[],12,[],2019-02-15 18:47:14,179766.35035869,0.0000069999999999999998949950195947788955663781962357461452484130859375,0.00000000025207210000000004,6679997,2019-02-15 18:47:14,btc,6.662349624570984,0.0,0.0000069999999999999998949950195947788955663781962357461452484130859375,btc,14905.88889337,0.0054864327999884,0.0804303438999338,168
1,[],17,[],2019-02-15 18:47:15,29784.95,0.000001,0.0000000000360103,6679998,2019-02-15 18:47:15,btc,0.03026736251542,0.0,0.000001,btc,144.46171372,0.0,0.00716147,168
0,[],22,[],2019-02-15 18:30:46,0.0,0,0,6679812,2019-02-15 18:30:46,,1.14776715,0.0,0,,721548.0900917595,0.0,0.0,169
1,[],22,[],2019-02-15 18:47:21,236276.0,0.00000011,0.000000000003961133000000001,6679999,2019-02-15 18:47:21,BTC,11.32785449,0.0,0.00000011,BTC,130417.33368472014,0.0,0.02144036,171
1,[],22,[],2019-02-15 18:17:20,218922.9411764706,0.00000017,0.0000000000061167870000000005,6679616,2019-02-15 18:17:20,BTC,2.6553339,0.0,0.00000017,BTC,255307.8102907471,1.8e-07,0.01635006,173
1,[],5,[],2019-02-15 18:30:51,2.431e-05,0.00000187,0.000000000067272689,6679814,2019-02-15 18:30:51,btc,0.24368037,0.00763617,0.00000187,btc,0.00023408,0.0,0.31656761,175
1,[],22,[],2019-02-15 18:47:27,38430.0,0.0000005,0.000000000018005150000000003,6680000,2019-02-15 18:47:27,BTC,0.57299407,0.0,0.0000005,BTC,173193.47031396697,0.0,0.011502,176
1,[],7,[],2019-02-15 18:47:28,0.0,0,0,6680001,2019-02-15 18:47:28,btc,410973.9177089935,0.0,0,btc,115545110.28145695,0.0,0.0,178
0,[],22,[],2019-02-15 18:47:32,0.0,0,0,6680002,2019-02-15 18:47:32,,1.00242428,0.0,0,,57512.0,0.0,0.0,178
0,[],2,[],2019-01-20 23:28:34,0.0,0,0,6477001,2019-01-20 23:28:34,,0.0,0.0,0,,0.0,0.0,0.0,178
0,[],23,[],2019-01-20 23:25:08,0.0,0,0,6476952,2019-01-20 23:25:08,,0.0,0.0,0,,0.0,0.0,0.0,179
1,[],5,[],2019-02-15 18:47:38,3e-08,0.00000002,0.000000000000720206,6680003,2019-02-15 18:47:38,btc,30.24225341,0.0392912,0.00000002,btc,2.088e-05,0.0,0.78758009,179
1,[],22,[],2019-02-15 18:49:05,8079285.0,0.00000002,0.000000000000720206,6680004,2019-02-15 18:49:05,BTC,5.48629708,0.0,0.00000002,"BTC,LTC",17843614.676989965,0.0,0.38884554,179
1,[],17,[],2019-02-15 18:31:12,10504.725,0.0000001,0.0000000000035974699999999996,6679820,2019-02-15 18:31:12,btc,5.201913593534411,0.0,0.0000001,btc,5466.1328087,0.0,0.0010504725,180
1,[],22,[],2019-02-15 18:49:23,129205.4,0.0000005,0.000000000018005150000000003,6680005,2019-02-15 18:49:23,BTC,0.1272821,0.0,0.0000005,"BTC,LTC",22994.086946767708,1.13e-06,0.00160544,180
1,[],26,[],2019-02-15 18:49:24,0.0,0.00000300,0.0000000001080309,6680006,2019-02-15 18:49:24,btc,0.0,354.6918,0.00000300,btc,0.0,0.0,0.0,180
,[],7,[],2018-11-20 22:58:01,562227.975654,0.00000085,0.000000000036176765,4862015,2018-11-20 22:58:01,btc,21836.6059674,2491.87645172,,btc,749999.041456,0.00211021,0.127565380455,183
,[],5,[],2019-01-10 08:11:41,0.0,0,0,6347036,2019-01-10 08:11:41,btc,82.15055501,0.00261,,btc,1.19002445,0.0,0.0,187
,[],17,[],2018-11-16 20:58:10,4062536.27273,0.00000001,0.000000000000550501,4708775,2018-11-16 20:58:10,btc,3.36492563466,0.195460381006,,"btc,eth",110697919.549,0.0,0.0157628953496,187
1,[],24,[],2019-02-15 18:49:24,0.0,0.000000000001,3.60103e-17,6680007,2019-02-15 18:49:24,btc,0.0,0.0,0.000000000001,btc,0.0,0.0,0.0,187
0,[],22,[],2019-02-15 18:49:29,0.0,0,0,6680008,2019-02-15 18:49:29,,1.19377283,0.0,0,,16434.10286773884,0.0,0.0,191
0,[],22,[],2019-02-15 18:31:44,0.0,0,0,6679825,2019-02-15 18:31:44,,0.0,0.0,0,,0.0,0.0,0.0,197
0,[],23,[],2019-01-20 23:31:41,0.0,0,0,6477079,2019-01-20 23:31:41,,0.0,0.0,0,,0.0,0.0,0.0,199
0,[],22,[],2019-02-15 18:51:28,0.0,0,0,6680009,2019-02-15 18:51:28,,5.15195517,0.0,0,,19804684.0,0.0,0.0,199
1,[],26,[],2019-02-15 18:51:28,0.0,0.00000000,0,6680010,2019-02-15 18:51:28,btc,0.0,761503.0,0.00000000,btc,0.0,0.0,0.0,199
0,[],17,[],2019-01-30 16:32:01,0.0,0,0,6540827,2019-01-30 16:32:01,btc,6.802544163788159,0.0,0,btc,105897.55575295,0.0,0.0,200
0,[],2,[],2019-01-20 23:30:49,0.0,0,0,6477059,2019-01-20 23:30:49,,0.0,0.0,0,,0.0,0.0,0.0,201
1,[],4,[],2019-01-25 15:51:35,2084389.58565343,0.00000936,0.000000000333526752,6499557,2019-01-25 15:51:35,btc,2.0092503037378524,0.0,0.00000936,btc,160195.80207885,0.19272417,1.242687955921835,211
1,[],7,[],2019-02-15 18:31:52,5371445.93483061,0.000001340000000000000087593235616190145975679115508683025836944580078125,0.000000000048206098000000004,6679828,2019-02-15 18:31:52,btc,15450816.25607951,165689.5146,0.000001340000000000000087593235616190145975679115508683025836944580078125,btc,11047725.39777638,0.0,3.7203112109724032,212
1,[],12,[],2019-01-25 02:44:32,207462.42853209,0.000001080000000000000035831255497387193287295303889550268650054931640625,0.000000000038610756000000006,6493050,2019-01-25 02:44:32,btc,85023.03793723314,0.0,0.000001080000000000000035831255497387193287295303889550268650054931640625,btc,43675.73520027,0.000146250909087,0.0348620860622024,213
1,[],5,[],2019-02-15 18:51:32,3.02e-06,0.00000028,0.000000000010082884000000001,6680011,2019-02-15 18:51:32,btc,0.95112097,0.13817561,0.00000028,btc,2.844e-05,0.0,0.16760221,213
1,[],24,[],2019-02-15 18:51:32,0.0,0.000000050000,0.0000000000018005150000000002,6680012,2019-02-15 18:51:32,btc,0.0,0.0,0.000000050000,btc,0.0,0.0,0.0,213
1,[],26,[],2019-02-15 18:51:32,0.0,0.00000009,0.0000000000032409270000000003,6680013,2019-02-15 18:51:32,btc,0.0,0.0,0.00000009,btc,0.0,0.0,0.0,213
0,[],22,[],2019-02-15 18:31:58,0.0,0,0,6679832,2019-02-15 18:31:58,,2.19048246,0.0,0,,153710.63137942314,0.0,0.0,216
1,[],27,[],2019-02-15 18:32:00,5201657.5615,0.00000004,0.000000000001438988,6679833,2019-02-15 18:32:00,btc,257.4737088006,0.0,0.00000004,"btc,ltc",272841.575,0.0,0.05463726246,216
1,[],22,[],2019-02-15 18:52:11,259633.91166871952,0.00000191,0.000000000068779673,6680014,2019-02-15 18:52:11,BTC,12677.07980424,0.0,0.00000191,BTC,434921.1283442996,0.03909288,0.26938713,217
1,[],7,[],2019-02-15 18:32:07,0.0,0,0,6679835,2019-02-15 18:32:07,btc,77970.05108413911,0.0,0,btc,137041561.1214003,0.0,0.0,219
0,[],27,[],2019-02-15 18:32:09,0.0,0,0,6679836,2019-02-15 18:32:09,,5.341833788316972,6000.0,0,btc,1599140.99226595,6e-05,0.0,219
0.0000000000000053,[],28,[],2019-02-15 18:32:11,170644344.6,6.6251060000000004e-18,2.383362008182e-22,6679837,2019-02-15 18:32:11,doge,88712.3748390675,14852.0,0.00125002,"btc,doge",4987338.69631,0.0,1.6122299354602012e-11,219
1,[],22,[],2019-02-15 18:52:23,194617.6,0.00000011,0.000000000003961133000000001,6680015,2019-02-15 18:52:23,BTC,2.99485768,0.0,0.00000011,BTC,93144.97041875875,0.03263697,0.01994196,221
1,[],24,[],2019-02-15 18:52:23,0.0,0.000000210000,0.000000000007562163,6680016,2019-02-15 18:52:23,btc,0.0,0.0,0.000000210000,btc,0.0,0.0,0.0,221
1,[],20,[],2019-02-15 18:52:27,52014780.388,0.000000004,0.00000000000014404120000000002,6680017,2019-02-15 18:52:27,btc,49.8561890273503,150057.9,0.000000004,btc,10131219.2359,0.0006002316,0.0543415264806,224
0,[],22,[],2019-02-15 18:52:32,0.0,0,0,6680018,2019-02-15 18:52:32,,0.0,0.0,0,,0.0,0.0,0.0,224
1,[],26,[],2019-02-15 18:52:32,0.0,0.00000033,0.000000000011883399000000001,6680019,2019-02-15 18:52:32,btc,0.0,0.0,0.00000033,btc,0.0,0.0,0.0,231
1,[],26,[],2019-02-15 18:32:25,0.0,0.00000006,0.000000000002158482,6679843,2019-02-15 18:32:25,btc,0.0,5310.0,0.00000006,btc,0.0,0.0,0.0,234
0,[],27,[],2019-02-15 18:32:27,0.0,0,0,6679844,2019-02-15 18:32:27,,0.0113483662182,0.0,0,"btc,eth",11462.99618,0.0,0.0,234
0,[],22,[],2019-02-15 18:32:31,0.0,0,0,6679845,2019-02-15 18:32:31,,2.86211091,0.0,0,,99455782.06349206,0.0,0.0,235
1,[],4,[],2019-02-15 18:52:34,1221698.2443113,0.00000107,0.000000000038531021,6680020,2019-02-15 18:52:34,btc,0.494408216110735,0.0,0.00000107,btc,280473.22892098,0.16968105,0.5077351455189107,236
1,[],24,[],2019-02-15 18:52:34,0.0,0.000000020010,0.0000000000007205661030000001,6680021,2019-02-15 18:52:34,btc,0.0,0.0,0.000000020010,btc,0.0,0.0,0.0,236
1,[],20,[],2019-02-15 18:52:36,70363732.0714,0.000000071,0.0000000000025567313,6680022,2019-02-15 18:52:36,btc,14.2080403669312,36256077.3098,0.000000071,btc,26182232.0116,2.7418774194866,0.6219621534324,237
1,[],22,[],2019-02-15 18:52:47,136267.0,0.00000004,0.000000000001440412,6680023,2019-02-15 18:52:47,BTC,0.0405823,0.0,0.00000004,"BTC,LTC",3164.0,0.00151375,0.00541601,237
1,[],4,[],2019-02-15 18:52:48,4033150.85110781,0.00000033,0.000000000011883399000000001,6680024,2019-02-15 18:52:48,btc,0.6091687905512708,0.0,0.00000033,btc,1640494.87593205,0.37133646,1.2150822032457553,238
1,[],5,[],2019-02-15 18:52:49,4.25e-06,0.00000033,0.000000000011883399000000001,6680025,2019-02-15 18:52:49,btc,0.75390931,0.00359348,0.00000033,btc,2.957e-05,0.0,0.26182523,238
0,[],22,[],2019-02-15 18:52:55,0.0,0,0,6680026,2019-02-15 18:52:55,,6404.65978688,0.0,0,,370860.0639027493,0.0,0.0,249
0.0000000001164566,[],22,[],2019-02-15 18:53:21,7025765.666666667,3.493698e-18,1.258091130894e-22,6680027,2019-02-15 18:53:21,LTC,0.56670218,0.0,0.00000003,LTC,15147487.09,0.0,0.20977599,252
1,[],28,[],2019-02-15 18:35:23,3649212.286,0.00000009,0.0000000000032377229999999998,6679854,2019-02-15 18:35:23,btc,164693.69098935215,71964.8,0.00000009,btc,1032884.2751,0.0,0.1990666963,256
1,[],22,[],2019-02-15 18:35:29,1171833.6666666667,0.00000003,0.000000000001079241,6679855,2019-02-15 18:35:29,BTC,30.16049781,0.0,0.00000003,BTC,434669.92423192423,0.00198357,0.03286297,258
1,[],22,[],2019-02-15 18:08:24,49651.0,0.00000002,0.0000000000007199720000000001,6679456,2019-02-15 18:08:24,BTC,2.629917,0.0,0.00000002,BTC,1762.0,0.0,0.00050551,259
1,[],22,[],2019-02-15 18:35:38,10059.563870967742,0.00001550,0.0000000005576078499999999,6679856,2019-02-15 18:35:38,BTC,1293.00184664,0.0,0.00001550,"BTC,LTC",5057.684948550989,0.00768672,0.01085789,262
1,[],5,[],2019-02-15 18:35:41,1.325e-05,0.00000131,0.000000000047126857,6679857,2019-02-15 18:35:41,btc,0.72055718,0.09668772,0.00000131,btc,0.00036772,0.0,0.23359724,264
1,[],20,[],2019-02-15 18:35:43,1181709.0998,0.000001111,0.0000000000399678917,6679858,2019-02-15 18:35:43,btc,4.9425270595337,107477.7528,0.000001111,btc,92883.6181,0.317044682019,0.029110761195,264
1,[],22,[],2019-02-15 18:35:53,73606.5,0.00000002,0.000000000000719494,6679859,2019-02-15 18:35:53,BTC,8.41108046,0.0,0.00000002,BTC,382316.05885485065,0.000435,0.0009745,271
0,[],22,[],2019-02-15 18:36:01,0.0,0,0,6679860,2019-02-15 18:36:01,,388.44178703,0.0,0,,15473097515.9,0.0,0.0,272
0.0000000000000053,[],28,[],2019-02-15 18:36:06,187370221707.024,3.975e-21,1.4299943250000001e-25,6679861,2019-02-15 18:36:06,doge,441350154.94072866,56792588199.229,0.00000075,doge,213934899525.9015,0.0,4.666533792959065e-10,272
1,[],22,[],2019-02-15 18:36:19,11556.0,0.00001750,0.00000000062955725,6679862,2019-02-15 18:36:19,BTC,74.21540689,0.0,0.00001750,"BTC,LTC",3595.7875453233178,0.03644781,0.01677932,281
