pairValue,buyBook,exchangeId,sellBook,updated,buyTotal,satoshiPrice,usdPrice,exchangeLogId,created,bestPair,sellTotalBtc,volume,pairPrice,activePairs,sellTotal,volumeBtc,buyTotalBtc,coinId
1,[],3,[],2019-01-27 16:09:38,116.985447140828,0.0126968099999999993465760184108148678205907344818115234375,0.00000045142238273999997,6515060,2019-01-27 16:09:38,btc,106.96893795917345,0.0,0.0126968099999999993465760184108148678205907344818115234375,btc,14.045765145431,0.0,0.22917222139208707,1
1,[],4,[],2019-01-27 16:09:46,25056.41263206,0.01266786,0.00000045039309444,6515061,2019-01-27 16:09:46,btc,0.9099328835166918,0.0,0.01266786,btc,67.90888204,0.27464257,0.9796906264999937,1
1,[],5,[],2019-01-27 16:09:56,0.21084399,0.01252177,0.00000044519901058000004,6515062,2019-01-27 16:09:56,btc,14578.47414485,0.00274319,0.01252177,btc,35555556.2909514,0.0,1.62110335,1
1,[],10,[],2019-01-27 16:10:01,271409.61343921,0.01236003,0.00000043944850662,6515063,2019-01-27 16:10:01,btc,6535.974575719115,903.56065075,0.01236003,btc,865.6141453,0.0,3.5680421193868077,1
1,[],12,[],2019-01-27 16:10:23,10413.9073568,0.01156000000000000083044682241961709223687648773193359375,0.00000041100424000000004,6515064,2019-01-27 16:10:23,btc,0.4938886319489,0.0,0.01156000000000000083044682241961709223687648773193359375,btc,32.82867716,0.0246087561576,0.0751634957808,1
1,[],21,[],2019-01-27 16:12:27,2531.59681259,0.01283525999999999937795092109,0.00000045634483404,6515065,2019-01-27 16:12:27,btc,27.81573416466068,1627.6810779099999,0.01283525999999999937795092108672179165296256542205810546875,"btc,eth",2567.56779427,18.164402715663744,26.200337278682596,1
1,[],22,[],2019-01-27 16:12:54,0.0363776,0.01400000,0.000000497756,6515066,2019-01-27 16:12:54,BTC,0.31387019,0.0,0.01400000,BTC,0.09333966666666667,0.0,0.00048472,1
1,[],24,[],2019-01-27 16:12:55,0.0,0.000000000000,0,6515067,2019-01-27 16:12:55,btc,0.0,0.0,0.000000000000,btc,0.0,0.0,0.0,1
0.0,[],25,[],2019-01-27 16:12:57,0.0,0,0,6515068,2019-01-27 16:12:57,btc,16.185099998038215,540.42173527,0.0,btc,1209.31363735,6.9351,0.0,1
1,[],26,[],2019-01-27 16:13:07,0.0,0,0,6515069,2019-01-27 16:13:07,,0.0,0.0,0,,0.0,0.0,0.0,1
1,[],28,[],2019-01-27 16:13:13,987.9,0.01131000,0.00000040211574,6515070,2019-01-27 16:13:13,btc,0.162839806,17617.0,0.01131000,btc,8.9,0.0,0.024551096,1
1,[],20,[],2019-01-27 15:09:59,1443.941,0.010500001,0.0000003748773357026,6514867,2019-01-27 15:09:59,btc,0.0564711704203,0.0,0.010500001,btc,2.4781,0.0,0.0923469629126,1
0,[],2,[],2019-01-20 23:28:45,0.0,0,0,6477011,2019-01-20 23:28:45,,0.0,0.0,0,,0.0,0.0,0.0,1
1,[],5,[],2019-01-27 16:13:14,2.288e-05,0.00000090,0.0000000000319986,6515071,2019-01-27 16:13:14,btc,0.13783854,0.07524598,0.00000090,btc,8.327e-05,0.0,0.46829486,2
0,[],22,[],2019-01-27 16:13:18,0.0,0,0,6515072,2019-01-27 16:13:18,,0.0,0.0,0,,0.0,0.0,0.0,2
1,[],5,[],2019-01-27 16:13:19,1.25e-06,0.00000016,0.00000000000568864,6515073,2019-01-27 16:13:19,btc,3.91629161,6.922e-05,0.00000016,btc,2.204e-05,0.0,1.98070831,3
1,[],12,[],2019-01-27 16:13:20,12661309.55748345,0.00000017,0.00000000000604418,6515074,2019-01-27 16:13:20,btc,921359.5861743237,0.0,0.00000017,btc,8113149.48598107,0.04050899011205086,0.5753197941341318,3
0,[],28,[],2019-01-27 16:13:25,0.0,0,0,6515075,2019-01-27 16:13:25,,0.0,0.0,0,,0.0,0.0,0.0,3
0,[],2,[],2019-01-20 23:31:32,0.0,0,0,6477077,2019-01-20 23:31:32,,0.0,0.0,0,,0.0,0.0,0.0,4
1,[],4,[],2019-01-27 16:13:26,334280.90130422,0.00000034,0.00000000001208836,6515076,2019-01-27 16:13:26,btc,0.4492043276197825,0.0,0.00000034,btc,319959.39467573,0.00184477,0.0468807145308304,4
1,[],12,[],2019-01-25 15:53:49,1222127.5219999999,0.00000003,0.000000000001069017,6499609,2019-01-25 15:53:49,btc,11013867.817925906,0.0,0.00000003,btc,969763.77092902,0.0,0.01617509044,5
0,[],2,[],2019-01-20 23:31:51,0.0,0,0,6477087,2019-01-20 23:31:51,,0.0,0.0,0,,0.0,0.0,0.0,6
1,[],11,[],2019-01-27 16:13:28,3384831.0,0.00000001,0.00000000000035554,6515077,2019-01-27 16:13:28,btc,9432.512683314566,890188.0,0.00000001,btc,41304617.72229939,0.0,0.03384831,6
1,[],3,[],2019-01-27 16:13:28,1053.285082148516,0.00015054000000000000540623101841219977359287440776824951171875,0.000000005352299160000001,6515078,2019-01-27 16:13:28,btc,30.108593419388622,0.0,0.00015054000000000000540623101841219977359287440776824951171875,btc,231.077492617847,0.0,0.028528323718921555,7
1,[],4,[],2019-01-27 16:13:29,22499.59454422,0.00016004,0.000000005690062160000001,6515079,2019-01-27 16:13:29,btc,1.4773746237917587,0.0,0.00016004,btc,8462.76964337,1.0965112,3.3386552686092026,7
1,[],5,[],2019-01-27 16:13:30,0.0058719,0.00015720,0.000000005589088800000001,6515080,2019-01-27 16:13:30,btc,1.33172863,0.13699738,0.00015720,btc,0.01106718,0.0,1.61992608,7
1,[],20,[],2019-01-27 16:13:32,62771509.8802,0.000000001,0.000000000000035554,6515081,2019-01-27 16:13:32,btc,121.193338259396,0.0,0.000000001,btc,26031125.3262,0.0,0.0627715098802,8
0,[],2,[],2019-01-20 23:22:42,0.0,0,0,6476876,2019-01-20 23:22:42,,0.0,0.0,0,,0.0,0.0,0.0,9
0,[],23,[],2019-01-20 23:22:48,0.0,0,0,6476878,2019-01-20 23:22:48,,0.0,0.0,0,,0.0,0.0,0.0,9
1,[],1,[],2019-01-27 16:13:33,2647488.57,0.00000193000000000000015618582815957182674537762068212032318115234375,0.00000000006861922000000001,6515082,2019-01-27 16:13:33,btc,9.1870355763,12616065.37,0.00000193000000000000015618582815957182674537762068212032318115234375,btc,4672464.06,24.52774273,5.0373618138,9
1,[],4,[],2019-01-27 16:13:37,430296.19797672,0.00000192,0.00000000006826368,6515083,2019-01-27 16:13:37,btc,1.3420443498901613,0.0,0.00000192,btc,680854.04312756,1.29233814,0.7479489519357299,9
1,[],28,[],2019-01-27 16:13:38,34500.0,0.00000165,0.00000000005866410000000001,6515084,2019-01-27 16:13:38,btc,2708.75020572,3516185.0,0.00000165,btc,7862.68,0.0,0.02854,9
1,[],4,[],2019-01-27 16:13:42,7115728.09026053,0.00000002,0.00000000000071108,6515085,2019-01-27 16:13:42,btc,0.2193899041740741,0.0,0.00000002,btc,4272851.24129435,0.00069488,0.0741439661052106,10
0,[],2,[],2019-01-20 23:23:08,0.0,0,0,6476890,2019-01-20 23:23:08,,0.0,0.0,0,,0.0,0.0,0.0,12
1,[],4,[],2019-01-27 16:13:46,2495778.53725537,0.00000145,0.000000000051553300000000004,6515086,2019-01-27 16:13:46,btc,1.1895324972177705,0.0,0.00000145,btc,785281.50450741,1.24952757,3.2665576503385143,12
1,[],5,[],2019-01-27 16:13:47,1.248e-05,0.00000138,0.00000000004906452,6515087,2019-01-27 16:13:47,btc,0.21549854,0.56179906,0.00000138,btc,0.00011162,0.0,0.08006461,12
0.0,[],25,[],2019-01-27 16:13:49,0.0,0,0,6515088,2019-01-27 16:13:49,,0.0,0.0,0.0,btc,0.0,0.0,0.0,12
1,[],4,[],2019-01-27 16:13:52,295131.25509019,0.00000706,0.00000000025101124,6515089,2019-01-27 16:13:52,btc,0.4052105403494988,0.0,0.00000706,btc,54180.10131053,1.10293417,1.3171894762822307,13
1,[],10,[],2019-01-27 16:13:54,584434.82281371,0.00000705,0.0000000002506557,6515090,2019-01-27 16:13:54,btc,666807.9258585325,8788.69502526,0.00000705,btc,837501.64773497,0.0,0.8866057291901693,13
1,[],21,[],2019-01-27 16:14:02,1504048.45652477,0.000007150000000000000152905032386,0.00000000025421110000000003,6515091,2019-01-27 16:14:02,btc,7.785141653118363,1360324.95594644,0.0000071500000000000001529050323856306903280710685066878795623779296875,btc,1007280.7868580701,9.88839208,9.692581997601222,13
1,[],4,[],2019-01-27 16:14:03,701211.58980039,0.00000172,0.00000000006115288,6515092,2019-01-27 16:14:03,btc,0.1396636424361538,0.0,0.00000172,btc,59391.79865902,0.0188381,0.1255765271285338,14
1,[],12,[],2019-01-27 16:14:04,89767.4415026,0.000001769999999999999994019540816569957542014890350401401519775390625,0.00000000006293058000000001,6515093,2019-01-27 16:14:04,btc,1.7865291804337604,0.0,0.000001769999999999999994019540816569957542014890350401401519775390625,btc,37974.62520423,0.0004173109449712,0.020519239514892,14
0,[],17,[],2019-01-27 16:14:13,0.0,0,0,6515094,2019-01-27 16:14:13,btc,0.0,0.0,0,btc,0.0,0.0,0.0,14
1,[],26,[],2019-01-27 16:14:13,0.0,0.00000020,0.0000000000071108,6515095,2019-01-27 16:14:13,btc,0.0,0.0,0.00000020,btc,0.0,0.0,0.0,14
0,[],4,[],2019-01-27 16:14:17,0.0,0,0,6515096,2019-01-27 16:14:17,,0.0,0.0,0,,0.0,0.0,0.0,15
,[],12,[],2018-12-01 15:15:48,204241.84496,0.00000489,0.000000000202473384,5260204,2018-12-01 15:15:48,btc,49.5475654835,0.0,,btc,35763.2193806,0.0163153972027625,0.0203389899998,15
0,[],2,[],2019-01-20 23:23:38,0.0,0,0,6476906,2019-01-20 23:23:38,,0.0,0.0,0,,0.0,0.0,0.0,18
1,[],4,[],2019-01-27 16:14:29,24081.38398145,0.00001818,0.00000000064637172,6515097,2019-01-27 16:14:29,btc,1.2091018546292416,0.0,0.00001818,btc,6476.62172764,0.02363166,0.0651507083901004,18
1,[],10,[],2019-01-27 16:14:31,391017.5912732,0.00001801,0.00000000064032754,6515098,2019-01-27 16:14:31,btc,15.52304872182727,8740.26971257,0.00001801,btc,9886.33907891,0.0,0.1986422936045087,18
1,[],12,[],2019-01-27 16:14:32,200209.62227485998,0.0000173399999999999999988377352710955392467440105974674224853515625,0.00000000061650636,6515099,2019-01-27 16:14:32,btc,0.1942511785929252,0.0,0.0000173399999999999999988377352710955392467440105974674224853515625,btc,1945.80643477,0.002677503077204,0.0176695365562234,18
0,[],17,[],2019-01-27 16:14:34,0.0,0,0,6515100,2019-01-27 16:14:34,btc,0.0,0.0,0,btc,0.0,0.0,0.0,18
0,[],2,[],2019-01-20 23:24:19,0.0,0,0,6476924,2019-01-20 23:24:19,,0.0,0.0,0,,0.0,0.0,0.0,19
1,[],3,[],2019-01-27 16:15:39,108852.37236620068,0.0000381099999999999993448296375930794965825043618679046630859375,0.0000000013549629400000001,6515101,2019-01-27 16:15:39,btc,1.2539103422561992,0.08216080402,0.0000381099999999999993448296375930794965825043618679046630859375,btc,8295.084546752028,0.0,0.11579627793169818,19
1,[],4,[],2019-01-27 16:15:40,73190.10622739,0.00003857,0.00000000137131778,6515102,2019-01-27 16:15:40,btc,1.4800217927011925,0.0,0.00003857,btc,30961.7497383,1.05536651,1.6812137982645412,19
1,[],5,[],2019-01-27 16:15:42,0.00036439,0.00003502,0.00000000124510108,6515103,2019-01-27 16:15:42,btc,0.31563196,0.0,0.00003502,btc,0.00351348,0.0,0.19296313,19
1,[],12,[],2019-01-27 16:15:43,129519.0,0.0000425099999999999978751719087455285261967219412326812744140625,0.0000000015114005399999999,6515104,2019-01-27 16:15:43,btc,1.9915923318163504,0.0,0.0000425099999999999978751719087455285261967219412326812744140625,btc,411.49251023,4.252e-05,0.03803367,19
0,[],27,[],2019-01-27 16:15:45,0.0,0,0,6515105,2019-01-27 16:15:45,,0.0,0.0,0,btc,0.0,0.0,0.0,19
1,[],4,[],2019-01-27 16:15:46,9448048.34664562,0.00000015,0.0000000000053331,6515106,2019-01-27 16:15:46,btc,0.8092880812208231,0.0,0.00000015,btc,1583112.29307681,0.0006316,0.3958519084068923,20
1,[],4,[],2019-01-27 16:15:47,127663662.93823025,0.00000002,0.00000000000071108,6515107,2019-01-27 16:15:47,btc,0.7742331802300173,0.0,0.00000002,btc,17814421.54481207,0.00594743,1.5630528429744455,21
1,[],12,[],2019-01-27 16:15:48,19517252.0,0.00000002,0.00000000000071108,6515108,2019-01-27 16:15:48,btc,668.0286468056955,0.0,0.00000002,btc,8017925.068933791,0.0,0.26328156,21
0,[],17,[],2019-01-27 16:15:49,0.0,0,0,6515109,2019-01-27 16:15:49,btc,0.0,0.0,0,btc,0.0,0.0,0.0,21
1,[],12,[],2019-01-27 16:15:50,4532635642.531896,0.0000000001,0.0000000000000035554,6515110,2019-01-27 16:15:50,btc,1721703601719.611,0.0,0.0000000001,btc,6641842038.121111,0.003293115209790208,0.4532635642531896,23
0,[],27,[],2019-01-27 16:15:52,0.0,0,0,6515111,2019-01-27 16:15:52,,0.424699,0.0,0,eth,424699.0,0.0,0.0,23
1,[],4,[],2019-01-27 16:15:53,983321.60370783,0.00000080,0.0000000000284432,6515112,2019-01-27 16:15:53,btc,0.1071607781585571,0.0,0.00000080,btc,87469.73517986,0.00815916,0.4217362719808003,24
1,[],22,[],2019-01-27 16:15:56,11.76,0.00000100,0.000000000035554000000000005,6515113,2019-01-27 16:15:56,BTC,7.415e-05,0.0,0.00000100,BTC,23.919354838709676,0.0,1.176e-05,24
0.0,[],25,[],2019-01-27 16:16:29,0.0,0,0,6515114,2019-01-27 16:16:29,,0.0,0.0,0.0,btc,0.0,0.0,0.0,24
1,[],4,[],2019-01-27 16:16:30,28844514.87287982,0.00000693,0.00000000024638922,6515115,2019-01-27 16:16:30,btc,0.4520625715308849,0.0,0.00000693,btc,37587.84629887,0.18105093,0.4067909719464472,26
1,[],10,[],2019-01-27 16:16:33,732190.52901482,0.00000724,0.00000000025741096000000003,6515116,2019-01-27 16:16:33,btc,27.975526729697926,1379.411,0.00000724,btc,12551.86744572,0.0,0.227335241521723,26
0,[],2,[],2019-01-20 23:25:56,0.0,0,0,6476976,2019-01-20 23:25:56,,0.0,0.0,0,,0.0,0.0,0.0,26
1,[],3,[],2019-01-27 16:16:44,7997698.03885143,0.00000001,0.00000000000035554,6515117,2019-01-27 16:16:44,btc,3.1249287616932,29172.4753,0.00000001,btc,18186992.43483052,0.0,0.0799769803885143,27
1,[],5,[],2019-01-27 16:16:45,1e-08,0.00000001,0.00000000000035554,6515118,2019-01-27 16:16:45,btc,2.62224568,9.215e-05,0.00000001,btc,4.436e-05,0.0,0.02470144,27
1,[],11,[],2019-01-27 16:16:50,10597882.41182718,0.00000005,0.0000000000017777,6515119,2019-01-27 16:16:50,btc,370.53275036350783,1000.0,0.00000005,btc,8220964.80991447,0.0,0.4932896594767663,27
1,[],4,[],2019-01-27 16:16:59,315594496.64430356,0.00000003,0.00000000000106662,6515120,2019-01-27 16:16:59,btc,1.762165316599351,0.0,0.00000003,"btc,ltc",96640795.57946093,0.41909553,3.1799551150801304,29
1,[],7,[],2019-01-27 16:17:00,39620026.51421685,0.00000003,0.00000000000106662,6515121,2019-01-27 16:17:00,btc,44465202.61696221,39184.0263389,0.00000003,btc,39446034.21000957,0.00156209,0.7214737384970875,29
1,[],4,[],2019-01-27 16:17:01,1626597.59227464,0.00000032,0.00000000001137728,6515122,2019-01-27 16:17:01,btc,0.2559056681161055,0.0,0.00000032,btc,445937.49665064,0.02906641,0.1001801196510657,30
0,[],17,[],2019-01-27 16:17:02,0.0,0,0,6515123,2019-01-27 16:17:02,btc,0.0,0.0,0,btc,0.0,0.0,0.0,30
1,[],4,[],2019-01-27 16:17:06,43398.01551197,0.00009142,0.00000000325034668,6515124,2019-01-27 16:17:06,btc,0.9596666660381229,0.0,0.00009142,btc,9535.63606585,2.25300373,2.852651962177282,31
1,[],21,[],2019-01-27 16:17:08,74459.34235394,0.00009129999999999999660965643855,0.0000000032460802,6515125,2019-01-27 16:17:08,btc,8.402874036760261,412227.79018817,0.000091299999999999996609656438550928214681334793567657470703125,btc,84995.52350409,38.44008314,6.549757260392686,31
0,[],2,[],2019-01-20 23:28:43,0.0,0,0,6477009,2019-01-20 23:28:43,,0.0,0.0,0,,0.0,0.0,0.0,32
1,[],4,[],2019-01-27 16:17:10,144129895.22597793,0.00000006,0.00000000000213324,6515126,2019-01-27 16:17:10,btc,0.9520389195325648,0.0,0.00000006,"btc,ltc",18519469.83611567,1.21310453,2.9818155834734,33
1,[],12,[],2019-01-27 16:17:14,23776891.0,0.00000006,0.00000000000213324,6515127,2019-01-27 16:17:14,btc,17261783.081646513,0.0,0.00000006,btc,87906955.09990002,0.0329459162237771,0.95430156,33
1,[],4,[],2019-01-25 15:51:47,121436519.49535657,0.00000002,0.000000000000712664,6499565,2019-01-25 15:51:47,btc,0.7770388655030004,0.0,0.00000002,btc,25623680.84561682,0.04566956,1.2289232726234858,34
1,[],5,[],2019-01-25 15:51:48,3e-08,0.00000002,0.000000000000712664,6499566,2019-01-25 15:51:48,btc,3.15691075,0.01219489,0.00000002,btc,1.394e-05,0.0,0.77186813,34
0.0000000000910666,[],4,[],2019-01-27 16:17:22,1650842341.4008257,3.6426640000000005e-18,1.2951127585600003e-22,6515128,2019-01-27 16:17:22,ltc,3.805462152122827e-09,0.0,0.00000004,ltc,679381422.3992203,0.0,2.526463441907981e-09,36
1,[],5,[],2019-01-27 16:17:26,0.0,0,0,6515129,2019-01-27 16:17:26,btc,202.42915527,0.0,0,btc,1.295e-05,0.0,0.0,36
0,[],17,[],2019-01-27 16:17:27,0.0,0,0,6515130,2019-01-27 16:17:27,btc,0.14892131563224356,0.0,0,btc,12533924.99083647,0.0,0.0,36
0.0000000000910666,[],27,[],2019-01-27 16:17:30,1000000.0,9.106660000000001e-19,3.2377818964000007e-23,6515131,2019-01-27 16:17:30,ltc,448.59281329,0.0,0.00000001,"ltc,eth",3710972.58,0.0,9.106660000000001e-13,36
1,[],4,[],2019-01-27 16:17:31,413063.49649447,0.00000144,0.00000000005119776,6515132,2019-01-27 16:17:31,btc,0.5246801539994927,0.0,0.00000144,btc,288431.54398414,0.03217373,0.3629311470483674,37
1,[],12,[],2019-01-27 16:17:33,421390.54857648,0.00000145000000000000009320343975771638866945068002678453922271728515625,0.000000000051553300000000004,6515133,2019-01-27 16:17:33,btc,1330.9452363299645,0.0,0.00000145000000000000009320343975771638866945068002678453922271728515625,btc,787477.42617742,0.1048811823127052,0.3013301427500036,37
1,[],17,[],2019-01-27 16:17:35,1752.74075282,0.00000025,0.0000000000088885,6515134,2019-01-27 16:17:35,btc,0.05548731397083346,0.0,0.00000025,btc,1388.79251806,0.0,0.00043818518820499993,37
1,[],27,[],2019-01-27 16:17:38,3640.0609574,0.00569910,0.0000002026258014,6515135,2019-01-27 16:17:38,btc,22.37095737308125,0.0,0.00569910,btc,2948.884381,0.0,0.000368193331273,37
1,[],5,[],2019-01-27 16:17:43,1.254e-05,0.00000099,0.00000000003519846,6515136,2019-01-27 16:17:43,btc,0.10877819,0.18395824,0.00000099,btc,0.00012096,0.0,0.0425981,42
1,[],12,[],2019-01-27 16:17:47,175634.63556321,0.0000011599999999999999051561623553130431218960438854992389678955078125,0.00000000004124264,6515137,2019-01-27 16:17:47,btc,239.88341116343335,0.0,0.0000011599999999999999051561623553130431218960438854992389678955078125,btc,116313.09144658,0.0269186902282214,0.1064512791089929,42
0,[],27,[],2019-01-27 16:17:49,0.0,0,0,6515138,2019-01-27 16:17:49,,0.00315028,0.0,0,"btc,eth",11.007,0.0,0.0,42
1,[],5,[],2019-01-27 16:17:51,3e-08,0.00000002,0.00000000000071108,6515139,2019-01-27 16:17:51,btc,6.14468671,0.00490357,0.00000002,btc,1.425e-05,0.0,0.51025915,43
1,[],12,[],2019-01-27 16:17:53,6237043.0,0.00000002,0.00000000000071108,6515140,2019-01-27 16:17:53,btc,20007433.391391665,0.0,0.00000002,btc,40256824.74865134,0.0006101898101901,0.06484242,43
0,[],17,[],2019-01-27 16:17:54,0.0,0,0,6515141,2019-01-27 16:17:54,btc,0.0,0.0,0,btc,0.0,0.0,0.0,43
1,[],12,[],2019-01-27 16:17:55,756632.0,0.00000006,0.00000000000213324,6515142,2019-01-27 16:17:55,btc,11114761.22075101,0.0,0.00000006,btc,960384.43514,0.0011137070829192,0.01992039,44
1,[],4,[],2019-01-27 16:17:56,262000316.90946293,0.00000003,0.00000000000106662,6515143,2019-01-27 16:17:56,btc,0.21884025292425352,0.0,0.00000003,"btc,ltc",6612297.84959688,0.003867,0.5949468103600941,49
0.0000000000910666,[],4,[],2019-01-27 16:17:57,3937617097.969145,1.8213320000000003e-18,6.475563792800001e-23,6515144,2019-01-27 16:17:57,ltc,4.9943946343493595,0.0,0.00000002,ltc,2118319976.62433,0.0,4.348818669352032e-09,52
0,[],22,[],2019-01-27 16:18:00,0.0,0,0,6515145,2019-01-27 16:18:00,,3693.92043704,0.0,0,,270535069.90882355,0.0,0.0,57
0,[],27,[],2019-01-27 16:18:02,0.0,0,0,6515146,2019-01-27 16:18:02,,0.0,0.0,0,"btc,eth",0.0,0.0,0.0,57
0.0000000000910666,[],4,[],2019-01-27 16:18:03,1570412040.914235,5.463996000000001e-18,1.9426691378400003e-22,6515147,2019-01-27 16:18:03,ltc,3.336677014110603,0.0,0.00000006,ltc,1157036785.8058891,0.0,7.048360134884413e-09,58
1,[],12,[],2019-01-27 16:18:04,2761427736.282997,0.0000000006,0.0000000000000213324,6515148,2019-01-27 16:18:04,btc,624074821167.2366,0.0,0.0000000006,btc,3215332923.512587,0.062242706643056936,1.1019176348645632,58
0,[],17,[],2019-01-27 16:18:06,0.0,0,0,6515149,2019-01-27 16:18:06,btc,1e+24,0.0,0,btc,41616695.95832568,0.0,0.0,58
0.0000000001274958,[],22,[],2019-01-27 16:18:10,137438.0,1.274958e-18,4.5329856732000004e-23,6515150,2019-01-27 16:18:10,XMR,69.8835922,0.0,0.00000001,XMR,9887963.0,0.0,0.00137438,58
1,[],5,[],2019-01-27 16:18:11,4.01e-06,0.00000049,0.000000000017421460000000002,6515151,2019-01-27 16:18:11,btc,0.419935,0.00276904,0.00000049,btc,0.00010186,0.0,0.02824918,61
1,[],22,[],2019-01-27 16:18:15,5111.5,0.00000011,0.00000000000391094,6515152,2019-01-27 16:18:15,BTC,1002.29606732,0.0,0.00000011,BTC,15028.700278135757,0.0,0.00051178,61
1,[],26,[],2019-01-27 16:18:15,0.0,0.00000800,0.00000000028443200000000004,6515153,2019-01-27 16:18:15,btc,0.0,0.0,0.00000800,btc,0.0,0.0,0.0,61
0,[],27,[],2019-01-27 16:18:17,0.0,0,0,6515154,2019-01-27 16:18:17,,0.0,0.0,0,"btc,eth",0.0,0.0,0.0,61
1,[],28,[],2019-01-27 16:18:19,1880.304,0.00000022,0.00000000000782188,6515155,2019-01-27 16:18:19,btc,2.065678837430106,870.0,0.00000022,btc,11618.08240005,0.0,0.00016391304,61
1,[],4,[],2019-01-27 16:18:20,1347421.89465265,0.00000187,0.00000000006648598,6515156,2019-01-27 16:18:20,btc,0.7292501766630789,0.0,0.00000187,btc,223666.93377302,0.21140598,1.0358758709004876,67
0.0,[],25,[],2019-01-27 16:18:21,0.0,0,0,6515157,2019-01-27 16:18:21,,0.0,0.0,0.0,btc,0.0,0.0,0.0,67
1,[],12,[],2019-01-27 16:18:22,2861627.4126984198,0.00000007,0.0000000000024887800000000002,6515158,2019-01-27 16:18:22,btc,16893709.126296066,0.0,0.00000007,btc,2064332.72498609,0.0110013866255977,0.0719343388888894,71
,[],5,[],2018-11-20 23:02:39,1.5e-07,0.00000005,0.000000000002128045,4862160,2018-11-20 23:02:39,btc,2.84511358,0.0,,btc,0.00036572,0.0,0.07381892,74
1,[],5,[],2019-01-25 15:53:51,3.303e-05,0.00000156,0.000000000055588884,6499610,2019-01-25 15:53:51,btc,1.42844212,0.0,0.00000156,btc,0.00015937,0.0,0.49487621,75
0,[],20,[],2019-01-25 09:30:31,0.0,0,0,6495923,2019-01-25 09:30:31,btc,0.0,0.0,0,btc,0.0,0.0,0.0,81
1,[],4,[],2019-01-27 16:18:24,63482976.34002812,0.00000001,0.00000000000035554,6515159,2019-01-27 16:18:24,btc,0.822704141069356,0.0,0.00000001,btc,16012866.74301408,0.0,0.6348297634002812,81
1,[],4,[],2019-01-27 16:18:28,23763.70462283,0.00007751,0.00000000275579054,6515160,2019-01-27 16:18:28,btc,1.2331370907426527,0.0,0.00007751,btc,10974.20031366,0.01273378,0.0869592269399854,82
1,[],21,[],2019-01-27 16:18:29,88411.51570197,0.00008006000000000000258165017142,0.00000000284645324,6515161,2019-01-27 16:18:29,btc,4.018073900975349,5008.14328279,0.000080060000000000002581650171418203854045714251697063446044921875,btc,45574.21222799,0.40708428,4.718018805936065,82
0,[],17,[],2019-01-27 13:19:43,0.0,0,0,6514458,2019-01-27 13:19:43,btc,0.0447233088476774,0.0,0,btc,999127.19588126,0.0,0.0,84
0.0000000000910666,[],4,[],2019-01-27 16:18:30,139992258.25223902,1.3659990000000002e-17,4.856672844600001e-22,6515162,2019-01-27 16:18:30,ltc,0.19754182518304536,0.0,0.00000015,ltc,77949242.85509875,0.0,1.4000366154995044e-09,85
,[],22,[],2018-11-20 23:09:34,3408.1,0.0000001,0.0000000000041895,4862324,2018-11-20 23:09:34,BTC,0.04624735,0.0,,BTC,4990.0,0.0,0.00033081,86
0,[],22,[],2019-01-27 12:16:57,0.0,0,0,6514258,2019-01-27 12:16:57,,2.07810912,0.0,0,,154826.94736842104,0.0,0.0,87
0,[],27,[],2019-01-27 12:16:59,0.0,0,0,6514259,2019-01-27 12:16:59,,0.0,0.0,0,btc,0.0,0.0,0.0,87
,[],2,[],2018-11-20 23:10:47,0.0,0,0,4862359,2018-11-20 23:10:47,,0.0,0.0,,,0.0,0.0,0.0,88
1,[],11,[],2019-01-27 16:18:34,106897.5549495,0.00019321000000000000174950331999212949085631407797336578369140625,0.00000000686938834,6515163,2019-01-27 16:18:34,btc,235.46655432305954,398.85204,0.00019321000000000000174950331999212949085631407797336578369140625,btc,183936.52261429,0.0,8.70595077036121,89
0,[],2,[],2019-01-20 23:31:45,0.0,0,0,6477083,2019-01-20 23:31:45,,0.0,0.0,0,,0.0,0.0,0.0,91
1,[],12,[],2019-01-27 16:18:35,282866.22755787,0.00000349000000000000004324123524523937334151924005709588527679443359375,0.00000000012408346,6515164,2019-01-27 16:18:35,btc,1.752714487238711,0.0,0.00000349000000000000004324123524523937334151924005709588527679443359375,btc,3392.07880842,0.3234475164113228,0.1629286173999096,91
0,[],17,[],2019-01-27 16:18:37,0.0,0,0,6515165,2019-01-27 16:18:37,btc,0.0,0.0,0,btc,0.0,0.0,0.0,91
0.0000000000910666,[],22,[],2019-01-27 16:18:40,33781858.0,5.463996000000001e-18,1.9426691378400003e-22,6515166,2019-01-27 16:18:40,LTC,8.95901495,0.0,0.00000006,LTC,75270634.1,2.95002965372e-13,1.31889787,95
0.0000000000910666,[],4,[],2019-01-27 16:18:41,132681832.97119097,9.926259400000002e-17,3.5291822670760006e-21,6515167,2019-01-27 16:18:41,ltc,1.302123291652639,0.0,0.00000109,ltc,66221795.87175589,0.0001573,6.692588273245506e-10,96
1,[],12,[],2019-01-27 16:18:42,1204110.0,0.00000001,0.00000000000035554,6515168,2019-01-27 16:18:42,btc,255060.86358912085,0.0,0.00000001,btc,7848186.59471504,2.5394405594e-06,0.0120411,96
0,[],17,[],2019-01-27 16:18:43,0.0,0,0,6515169,2019-01-27 16:18:43,btc,0.0,0.0,0,btc,0.0,0.0,0.0,96
1,[],4,[],2019-01-27 16:18:47,1581329.27341897,0.00000041,0.00000000001457714,6515170,2019-01-27 16:18:47,btc,0.2875238016025423,0.0,0.00000041,btc,444817.32412433,0.0006027,0.1762282938136682,99
0,[],2,[],2019-01-20 23:23:55,0.0,0,0,6476914,2019-01-20 23:23:55,,0.0,0.0,0,,0.0,0.0,0.0,100
1,[],4,[],2019-01-27 16:18:47,145078.824871,0.00004230,0.0000000015039342,6515171,2019-01-27 16:18:47,btc,1.5149718078054657,0.0,0.00004230,btc,28103.69596357,2.53893824,3.598057868307524,100
1,[],22,[],2019-01-27 16:19:01,50000.0,0.00000001,0.00000000000035554,6515172,2019-01-27 16:19:01,BTC,23.49896609,0.0,0.00000001,BTC,10277.22,0.0,0.0005,101
1,[],4,[],2019-01-27 16:19:02,441443.85716391,0.00000086,0.00000000003057644,6515173,2019-01-27 16:19:02,btc,0.3988133347668376,0.0,0.00000086,btc,149736.6302678,0.04159075,0.1620394446746665,103
0,[],22,[],2019-01-27 16:19:05,0.0,0,0,6515174,2019-01-27 16:19:05,,1.07253299,0.0,0,,94300.0,0.0,0.0,107
1,[],26,[],2019-01-27 16:19:05,0.0,0.00000000,0,6515175,2019-01-27 16:19:05,btc,0.0,0.0,0.00000000,btc,0.0,0.0,0.0,107
1,[],5,[],2019-01-27 16:19:07,3e-08,0.00000002,0.00000000000071108,6515176,2019-01-27 16:19:07,btc,3.23488043,0.02283492,0.00000002,btc,1.589e-05,0.0,0.06881787,112
1,[],22,[],2019-01-27 16:19:26,77952.0,0.00000001,0.00000000000035554,6515177,2019-01-27 16:19:26,BTC,2.84243449,0.0,0.00000001,BTC,977103.5833333334,0.0,0.00077952,112
0,[],27,[],2019-01-27 16:19:29,0.0,0,0,6515178,2019-01-27 16:19:29,,1.25356065,0.0,0,"btc,eth",1328.0,0.0,0.0,112
1,[],4,[],2019-01-27 16:19:30,447573.2744861,0.00000460,0.0000000001635484,6515179,2019-01-27 16:19:30,btc,0.6050642585281931,0.0,0.00000460,btc,91780.10600332,0.75233116,0.4343037477912592,113
1,[],5,[],2019-01-27 16:19:31,2.273e-05,0.00000370,0.00000000013154980000000001,6515180,2019-01-27 16:19:31,btc,2.16294854,0.04154577,0.00000370,btc,0.00310068,0.0,0.20177389,113
1,[],17,[],2019-01-27 16:19:33,233369.0,0.00000004,0.00000000000142216,6515181,2019-01-27 16:19:33,btc,1.3376290575863181,0.0,0.00000004,btc,72546.975,0.0,0.00543476,116
0,[],27,[],2019-01-27 16:19:35,0.0,0,0,6515182,2019-01-27 16:19:35,,0.0,0.0,0,btc,0.0,0.0,0.0,116
1,[],4,[],2019-01-27 16:19:36,24397.85426053,0.00002656,0.00000000094431424,6515183,2019-01-27 16:19:36,btc,0.5285859241535942,0.0,0.00002656,btc,15161.91184457,1.8321892,0.4914898627850924,120
1,[],7,[],2019-01-27 16:19:37,2233.74642051,0.000021019999999999998646464660634336496514151804149150848388671875,0.00000000074734508,6515184,2019-01-27 16:19:37,btc,94.99873134017565,56.95922997,0.000021019999999999998646464660634336496514151804149150848388671875,btc,25375.254457439998,0.00131048,0.022328140431276,120
1,[],20,[],2019-01-27 16:19:39,1202438.9088,0.000000013,0.000000000000462202,6515185,2019-01-27 16:19:39,btc,31.4012428467274,9548.95,0.000000013,btc,1096701.7964,0.00012413635,0.0066756954106,125
1,[],22,[],2019-01-27 16:19:42,68433.0,0.00000001,0.00000000000035554,6515186,2019-01-27 16:19:42,BTC,0.01415863,0.0,0.00000001,BTC,293039.4,0.0,0.00068433,126
0,[],2,[],2019-01-20 23:25:46,0.0,0,0,6476969,2019-01-20 23:25:46,,0.0,0.0,0,,0.0,0.0,0.0,131
1,[],4,[],2019-01-27 16:19:43,144067.53505417,0.00001327,0.00000000047180158,6515187,2019-01-27 16:19:43,btc,0.6299420027482256,0.0,0.00001327,btc,33503.97440933,0.27493197,1.2051877077050759,131
0,[],17,[],2019-01-27 16:19:44,0.0,0,0,6515188,2019-01-27 16:19:44,btc,0.0008451375975800001,0.0,0,btc,30.89614684,0.0,0.0,131
1,[],4,[],2019-01-27 16:19:45,6068.57604716,0.00020448,0.00000000727008192,6515189,2019-01-27 16:19:45,btc,0.4201887822832201,0.0,0.00020448,btc,207.22768463,0.0009336,0.0118816585844879,135
1,[],3,[],2019-01-27 16:19:46,632879.85106226,0.00000016,0.00000000000568864,6515190,2019-01-27 16:19:46,btc,0.2320175912080359,931750.736943,0.00000016,btc,293631.15149978,0.0,0.022011116843611,136
1,[],4,[],2019-01-27 16:19:47,173034.1531961,0.00000184,0.00000000006541936,6515191,2019-01-27 16:19:47,btc,0.4614414055284223,0.0,0.00000184,btc,182097.80609361,0.06105715,0.2576343186048678,137
1,[],12,[],2019-01-27 16:19:48,301110.43448539,0.000001839999999999999959088173122345732934945772285573184490203857421875,0.00000000006541936,6515192,2019-01-27 16:19:48,btc,11798.819652156752,0.0,0.000001839999999999999959088173122345732934945772285573184490203857421875,btc,131567.26663232,0.0735803471236981,0.0347374960000076,137
1,[],5,[],2019-01-27 16:19:49,0.00114493,0.00003690,0.0000000013119426000000001,6515193,2019-01-27 16:19:49,btc,6.53968655,1.55087303,0.00003690,btc,0.00227889,0.0,1.20952962,142
1,[],17,[],2019-01-27 16:19:51,12500.0,0.0000001,0.0000000000035554,6515194,2019-01-27 16:19:51,btc,0.6809500039875322,0.0,0.0000001,btc,5932.0,0.0,0.00125,142
1,[],20,[],2019-01-27 16:19:53,151546.9904,0.000025141,0.000000000893863114,6515195,2019-01-27 16:19:53,btc,2.505256605,5.5264,0.000025141,btc,5104.1321,0.000242803954,0.2619425484934,142
1,[],22,[],2019-01-27 16:19:56,990.0,0.00001880,0.0000000006684152000000001,6515196,2019-01-27 16:19:56,BTC,0.00069415,0.0,0.00001880,BTC,9.0,0.0,0.00022106,142
0.0,[],25,[],2019-01-27 16:19:58,0.0,0,0,6515197,2019-01-27 16:19:58,,0.0,0.0,0.0,btc,0.0,0.0,0.0,142
1,[],28,[],2019-01-27 16:20:00,78844.032,0.00003150,0.000000001119951,6515198,2019-01-27 16:20:00,btc,0.12755850002,49501.0,0.00003150,btc,2509.998,0.0,0.03726670576,142
0,[],22,[],2019-01-25 15:57:33,0.0,0,0,6499726,2019-01-25 15:57:33,,59.04258297,0.0,0,,718491265.8,0.0,0.0,143
1,[],21,[],2019-01-27 16:20:01,47964860.76681622,0.0000003,0.0000000000106662,6515199,2019-01-27 16:20:01,btc,34.34275127315286,863042.29905618,0.0000003,btc,63917141.0807375,0.2603292,8.986510803598135,145
0,[],22,[],2019-01-27 16:20:05,0.0,0,0,6515200,2019-01-27 16:20:05,,4.31668284,0.0,0,,1427838.5,0.0,0.0,146
,[],22,[],2018-11-20 23:01:11,0.0,0,0,4862114,2018-11-20 23:01:11,,2.56807021,0.0,,,61828.4988236,0.0,0.0,147
1,[],12,[],2019-01-27 16:20:07,8702738.13787994,0.000003360000000000000017360245185837896997327334247529506683349609375,0.00000000011946144,6515201,2019-01-27 16:20:07,btc,17.072964237072426,0.0,0.000003360000000000000017360245185837896997327334247529506683349609375,btc,111164.72407238,0.0,0.1238249099999931,148
1,[],4,[],2019-01-27 16:20:11,2370266.83413016,0.00000029,0.000000000010310660000000001,6515202,2019-01-27 16:20:11,btc,0.6759797399069564,0.0,0.00000029,btc,495207.24350891,0.02766225,0.0733318485649049,152
0,[],22,[],2019-01-27 16:20:21,0.0,0,0,6515203,2019-01-27 16:20:21,,0.0,0.0,0,,0.0,0.0,0.0,152
1,[],5,[],2019-01-27 16:20:23,0.0,0,0,6515204,2019-01-27 16:20:23,btc,4.34745839,0.0,0,btc,0.00161275,0.0,0.0,153
,[],16,[],2019-01-11 15:38:59,0.0,0,0,6366141,2019-01-11 15:38:59,btc,0.0,0.0,,btc,0.0,0.0,0.0,155
0,[],22,[],2019-01-27 15:27:52,0.0,0,0,6515007,2019-01-27 15:27:52,,6.73088821,0.0,0,,4341761.742592593,0.0,0.0,156
0,[],23,[],2019-01-20 23:24:29,0.0,0,0,6476932,2019-01-20 23:24:29,,0.0,0.0,0,,0.0,0.0,0.0,156
1,[],22,[],2019-01-27 15:27:55,7906.0,0.00000801,0.000000000285977826,6515008,2019-01-27 15:27:55,BTC,43.78612537,0.0,0.00000801,BTC,1033.584498154164,0.0,0.00743836,157
0,[],22,[],2019-01-27 15:27:58,0.0,0,0,6515009,2019-01-27 15:27:58,,50175.6753658,0.0,0,,54007107.04179466,0.0,0.0,158
,[],17,[],2018-11-20 22:56:10,0.0,0,0,4861976,2018-11-20 22:56:10,btc,1.1265625,0.0,,btc,1000.0,0.0,0.0,159
,[],20,[],2018-11-20 22:56:12,0.0,0,0,4861977,2018-11-20 22:56:12,btc,11912.7940471,0.0,,btc,34413894.3617,0.0,0.0,159
1,[],12,[],2019-01-27 15:28:00,196123.45719768,0.000010890000000000000767168446824673111450465512461960315704345703125,0.00000000038880131400000006,6515010,2019-01-27 15:28:00,btc,6.65215670212515,0.0,0.000010890000000000000767168446824673111450465512461960315704345703125,btc,14023.52908934,0.0015138189,0.1037115999999844,168
1,[],17,[],2019-01-27 15:28:01,29784.95,0.000001,0.0000000000357026,6515011,2019-01-27 15:28:01,btc,0.0353989844335,0.0,0.000001,btc,196.82520268,0.0,0.00716147,168
1,[],22,[],2019-01-27 15:28:05,1433447.0,0.00000001,0.000000000000357026,6515012,2019-01-27 15:28:05,BTC,1.13380276,0.0,0.00000001,BTC,689102.5537281231,1e-07,0.01433447,169
1,[],22,[],2019-01-27 15:28:09,79743.42857142857,0.00000035,0.000000000012495910000000001,6515013,2019-01-27 15:28:09,BTC,2.46358162,0.0,0.00000035,BTC,53989.56106516291,0.00041128,0.0163302,171
1,[],22,[],2019-01-27 15:28:13,183607.8245614035,0.00000019,0.0000000000067834940000000005,6515014,2019-01-27 15:28:13,BTC,2.84457647,0.0,0.00000019,BTC,237216.9567146172,0.00361383,0.01008028,173
1,[],5,[],2019-01-27 15:28:21,6.737e-05,0.00000434,0.00000000015494928400000002,6515015,2019-01-27 15:28:21,btc,0.41298243,0.00261268,0.00000434,btc,0.00036888,0.0,0.83492912,175
1,[],22,[],2019-01-27 15:28:32,53551.0,0.00000131,0.000000000046770406000000005,6515016,2019-01-27 15:28:32,BTC,0.55831833,0.0,0.00000131,BTC,110600.51379872746,0.0,0.04645228,176
1,[],7,[],2019-01-27 15:28:33,0.0,0,0,6515017,2019-01-27 15:28:33,btc,10967.435905417888,0.0,0,btc,122071837.87976141,0.0,0.0,178
0,[],22,[],2019-01-27 15:28:35,0.0,0,0,6515018,2019-01-27 15:28:35,,1.00242428,0.0,0,,57512.0,0.0,0.0,178
0,[],2,[],2019-01-20 23:28:34,0.0,0,0,6477001,2019-01-20 23:28:34,,0.0,0.0,0,,0.0,0.0,0.0,178
1,[],5,[],2019-01-27 15:28:37,6e-08,0.00000003,0.0000000000010710780000000002,6515019,2019-01-27 15:28:37,btc,15.86116017,0.27033681,0.00000003,btc,2.285e-05,0.0,1.50741213,179
1,[],22,[],2019-01-27 15:28:42,9530710.0,0.00000002,0.000000000000714052,6515020,2019-01-27 15:28:42,BTC,5.47350882,0.0,0.00000002,"BTC,LTC",16474169.651989967,0.00119341,1.39721404,179
0,[],23,[],2019-01-20 23:25:08,0.0,0,0,6476952,2019-01-20 23:25:08,,0.0,0.0,0,,0.0,0.0,0.0,179
1,[],17,[],2019-01-27 15:29:49,10504.725,0.0000001,0.00000000000357026,6515021,2019-01-27 15:29:49,btc,5.206877489878011,0.0,0.0000001,btc,7465.6174587,0.0,0.0010504725,180
1,[],22,[],2019-01-27 15:29:54,1008.2322580645161,0.00000031,0.000000000011067806,6515022,2019-01-27 15:29:54,BTC,0.09445503,0.0,0.00000031,"BTC,LTC",15554.485926850179,0.00034493000000001634,0.00026127,180
1,[],26,[],2019-01-27 15:29:54,0.0,0.00000020,0.00000000000714052,6515023,2019-01-27 15:29:54,btc,0.0,8124.0,0.00000020,btc,0.0,0.0,0.0,180
,[],7,[],2018-11-20 22:58:01,562227.975654,0.00000085,0.000000000036176765,4862015,2018-11-20 22:58:01,btc,21836.6059674,2491.87645172,,btc,749999.041456,0.00211021,0.127565380455,183
,[],5,[],2019-01-10 08:11:41,0.0,0,0,6347036,2019-01-10 08:11:41,btc,82.15055501,0.00261,,btc,1.19002445,0.0,0.0,187
1,[],24,[],2019-01-27 15:29:54,0.0,0.000000000001,3.5702600000000006e-17,6515024,2019-01-27 15:29:54,btc,0.0,0.0,0.000000000001,btc,0.0,0.0,0.0,187
,[],17,[],2018-11-16 20:58:10,4062536.27273,0.00000001,0.000000000000550501,4708775,2018-11-16 20:58:10,btc,3.36492563466,0.195460381006,,"btc,eth",110697919.549,0.0,0.0157628953496,187
0,[],22,[],2019-01-27 15:29:57,0.0,0,0,6515025,2019-01-27 15:29:57,,1.19411237,0.0,0,,13949.956201072173,0.0,0.0,191
0,[],22,[],2019-01-27 15:30:05,0.0,0,0,6515026,2019-01-27 15:30:05,,0.0,0.0,0,,0.0,0.0,0.0,197
0,[],23,[],2019-01-20 23:31:41,0.0,0,0,6477079,2019-01-20 23:31:41,,0.0,0.0,0,,0.0,0.0,0.0,199
1,[],26,[],2019-01-27 15:30:05,0.0,0.00000000,0,6515027,2019-01-27 15:30:05,btc,0.0,761129.0,0.00000000,btc,0.0,0.0,0.0,199
0,[],17,[],2019-01-27 15:30:07,0.0,0,0,6515028,2019-01-27 15:30:07,btc,6.802544163820861,0.0,0,btc,105897.55575295,0.0,0.0,200
0,[],2,[],2019-01-20 23:30:49,0.0,0,0,6477059,2019-01-20 23:30:49,,0.0,0.0,0,,0.0,0.0,0.0,201
1,[],4,[],2019-01-25 15:51:35,2084389.58565343,0.00000936,0.000000000333526752,6499557,2019-01-25 15:51:35,btc,2.0092503037378524,0.0,0.00000936,btc,160195.80207885,0.19272417,1.242687955921835,211
1,[],7,[],2019-01-27 15:30:14,18999881.20071035,0.00000119000000000000004144145963891343598106686840765178203582763671875,0.00000000004248609400000001,6515029,2019-01-27 15:30:14,btc,16317790.175361339,149697.106664,0.00000119000000000000004144145963891343598106686840765178203582763671875,btc,12712353.6060927,0.0,8.916421941093805,212
1,[],5,[],2019-01-27 15:30:16,5.83e-06,0.00000036,0.000000000012852936000000001,6515030,2019-01-27 15:30:16,btc,0.93966963,0.16820559,0.00000036,btc,3.278e-05,0.0,0.35457554,213
1,[],24,[],2019-01-27 15:30:16,0.0,0.000000050000,0.00000000000178513,6515031,2019-01-27 15:30:16,btc,0.0,0.0,0.000000050000,btc,0.0,0.0,0.0,213
1,[],26,[],2019-01-27 15:30:16,0.0,0.00000003,0.0000000000010710780000000002,6515032,2019-01-27 15:30:16,btc,0.0,0.0,0.00000003,btc,0.0,0.0,0.0,213
1,[],12,[],2019-01-25 02:44:32,207462.42853209,0.000001080000000000000035831255497387193287295303889550268650054931640625,0.000000000038610756000000006,6493050,2019-01-25 02:44:32,btc,85023.03793723314,0.0,0.000001080000000000000035831255497387193287295303889550268650054931640625,btc,43675.73520027,0.000146250909087,0.0348620860622024,213
1,[],22,[],2019-01-27 15:30:21,281400.0,0.00000002,0.000000000000714052,6515033,2019-01-27 15:30:21,BTC,70.21701544,0.0,0.00000002,BTC,206523.63907173084,0.00013008,0.004814,216
1,[],27,[],2019-01-27 15:30:29,5077945.0,0.00000015,0.00000000000535539,6515034,2019-01-27 15:30:29,btc,619.87938651916,0.0,0.00000015,"btc,ltc",268416.09411,0.0,0.0525075,216
1,[],22,[],2019-01-27 15:30:34,294611.8247499803,0.00000235,0.00000000008390111000000001,6515035,2019-01-27 15:30:34,BTC,12677.80168486,0.0,0.00000235,BTC,341212.45754841436,0.01123582,0.41832822,217
1,[],7,[],2019-01-27 15:30:35,0.0,0,0,6515036,2019-01-27 15:30:35,btc,302.5943166391106,0.0,0,btc,135640320.6214003,0.0,0.0,219
0,[],27,[],2019-01-27 15:30:37,0.0,0,0,6515037,2019-01-27 15:30:37,,0.0747309448198,0.0,0,btc,1605140.29226592,0.0,0.0,219
0.0000000000000057,[],28,[],2019-01-27 15:30:39,203946286.198,2.280057e-18,8.140396304820001e-23,6515038,2019-01-27 15:30:39,doge,79804.0288717675,13981.0,0.00040001,"btc,doge",4119437.84751,0.0,1.7457468128990508e-11,219
1,[],22,[],2019-01-27 15:30:42,214395.0,0.00000084,0.000000000029990184,6515039,2019-01-27 15:30:42,BTC,2.09178683,0.0,0.00000084,BTC,22445.55212317522,0.0,0.02933494,221
1,[],24,[],2019-01-27 15:30:43,0.0,0.000000550000,0.00000000001963643,6515040,2019-01-27 15:30:43,btc,0.0,0.0,0.000000550000,btc,0.0,0.0,0.0,221
1,[],26,[],2019-01-27 15:30:43,0.0,0.00000002,0.000000000000714052,6515041,2019-01-27 15:30:43,btc,0.0,10882.0,0.00000002,btc,0.0,0.0,0.0,231
1,[],26,[],2019-01-27 15:30:44,0.0,0.00000004,0.000000000001428104,6515042,2019-01-27 15:30:44,btc,0.0,0.0,0.00000004,btc,0.0,0.0,0.0,234
0,[],27,[],2019-01-27 15:30:46,0.0,0,0,6515043,2019-01-27 15:30:46,,0.001146299618,0.0,0,"btc,eth",11462.99618,0.0,0.0,234
0.00000000009105230000000001,[],22,[],2019-01-27 13:28:13,8895864.0,9.10523e-19,3.2246718358800005e-23,6514538,2019-01-27 13:28:13,LTC,3.01368808,0.0,0.00000001,LTC,91422715.51349206,1.8248119231280003e-12,0.08895864,235
1,[],4,[],2019-01-27 15:30:46,639141.47740708,0.00000091,0.000000000032489366000000005,6515044,2019-01-27 15:30:46,btc,0.1180676989845811,0.0,0.00000091,btc,98620.60006742,0.11575399,0.1381408006863466,236
1,[],24,[],2019-01-27 15:30:47,0.0,0.000000010000,0.000000000000357026,6515045,2019-01-27 15:30:47,btc,0.0,511.27656,0.000000010000,btc,0.0,0.00055729,0.0,236
1,[],20,[],2019-01-27 15:30:49,32437163.3841,0.000000068,0.0000000000024277768,6515046,2019-01-27 15:30:49,btc,14.4421395678002,25162496.2522,0.000000068,btc,26261943.7881,1.7060274543059,0.4806208231793,237
0,[],22,[],2019-01-27 15:30:51,0.0,0,0,6515047,2019-01-27 15:30:51,,0.04083605,0.0,0,,4179.0,0.0,0.0,237
1,[],4,[],2019-01-27 15:30:59,5722995.76624056,0.00000030,0.00000000001071078,6515048,2019-01-27 15:30:59,btc,0.5676028762910079,0.0,0.00000030,btc,1691666.14262716,0.23325284,1.444294508085697,238
1,[],5,[],2019-01-27 15:32:04,3.64e-06,0.00000031,0.000000000011067806,6515049,2019-01-27 15:32:04,btc,0.69811842,0.00757591,0.00000031,btc,2.855e-05,0.0,0.2510306,238
1,[],22,[],2019-01-27 08:28:12,280460.25,0.00000005,0.00000000000178011,6513441,2019-01-27 08:28:12,BTC,15.41149618,0.0,0.00000005,BTC,244813.3382079636,0.00099017,0.00947456,249
0.00000000009078549999999999,[],22,[],2019-01-27 15:32:09,2565300.8,4.539275e-18,1.6206391961500002e-22,6515050,2019-01-27 15:32:09,LTC,0.62013646,0.0,0.00000005,LTC,14774943.845555555,0.0,0.05186212,252
1,[],28,[],2019-01-27 15:32:11,2037349.213,0.00000008,0.000000000002856208,6515051,2019-01-27 15:32:11,btc,164692.83404779495,2150.0,0.00000008,btc,1237558.2807,0.0,0.07476567991,256
0,[],27,[],2019-01-27 15:32:45,0.0,0,0,6515052,2019-01-27 15:32:45,,4.96668,0.0,0,"btc,eth",90.59,0.0,0.0,257
1,[],22,[],2019-01-27 15:32:48,49104.0,0.00000001,0.000000000000357026,6515053,2019-01-27 15:32:48,BTC,35605.69058529,0.0,0.00000001,BTC,746201.1910213444,4.462e-05,0.00049104,258
1,[],22,[],2019-01-26 20:58:41,368451.0,0.00000001,0.000000000000356135,6510120,2019-01-26 20:58:41,BTC,2.642917,0.0,0.00000001,"BTC,LTC",1862.0,0.0,0.02488451,259
1,[],22,[],2019-01-27 15:33:02,5391.272,0.00000750,0.00000000026776950000000004,6515054,2019-01-27 15:33:02,BTC,4.68596158,0.0,0.00000750,BTC,6005.351428571428,0.00048887,0.0243694,262
1,[],5,[],2019-01-27 15:33:03,5.554e-05,0.00000300,0.00000000010710780000000002,6515055,2019-01-27 15:33:03,btc,67781.61706965,0.30554783,0.00000300,btc,11111.11518903,0.0,0.24554974,264
1,[],20,[],2019-01-27 15:33:05,1777627.2735,0.000001934,0.0000000000690488284,6515056,2019-01-27 15:33:05,btc,5.2481261945557,73230.4039,0.000001934,btc,102557.9949,0.283507317654,0.0347118280576,264
1,[],22,[],2019-01-27 15:33:09,163085.0,0.00000003,0.0000000000010710780000000002,6515057,2019-01-27 15:33:09,BTC,11.06004438,0.0,0.00000003,BTC,224443.3801039501,6.05e-05,0.00389729,271
0,[],22,[],2019-01-27 15:33:26,0.0,0,0,6515058,2019-01-27 15:33:26,,242.59396368,0.0,0,,12792025291.9,0.0,0.0,272
0.0000000000000057,[],28,[],2019-01-27 15:33:34,371887471613.0,5.0730000000000006e-21,1.8111928980000003e-25,6515059,2019-01-27 15:33:34,doge,21990346.035467267,14308812393.046,0.00000089,doge,131337643004.6664,0.0,1.009477886465109e-09,272
