pairValue,buyBook,exchangeId,sellBook,updated,buyTotal,satoshiPrice,usdPrice,exchangeLogId,created,bestPair,sellTotalBtc,volume,pairPrice,activePairs,sellTotal,volumeBtc,buyTotalBtc,coinId
0,[],2,[],2019-01-20 23:28:45,0.0,0,0,6477011,2019-01-20 23:28:45,,0.0,0.0,0,,0.0,0.0,0.0,1
,[],26,[],2018-11-28 08:36:25,0.0,0.02269021,0.000000905623006625,5137884,2018-11-28 08:36:25,btc,0.0,2559.40051283,,btc,0.0,0.0,0.0,1
1,[],3,[],2019-01-24 11:11:54,99.872688718738,0.01255152999999999997859934097732548252679407596588134765625,0.00000044491282875700003,6485471,2019-01-24 11:11:54,btc,106.96109035382823,0.000107928945,0.01255152999999999997859934097732548252679407596588134765625,btc,13.477585107751,0.0,0.12374419781538204,1
1,[],4,[],2019-01-24 11:11:54,25081.20693274,0.01270148,0.00000045022809141200004,6485472,2019-01-24 11:11:54,btc,1.6034133924973057,0.0,0.01270148,btc,122.24052688,0.66383115,1.2754949062634822,1
1,[],5,[],2019-01-24 11:11:56,0.20941163,0.01232208,0.00000043677953755200003,6485473,2019-01-24 11:11:56,btc,14578.46947231,0.08925079,0.01232208,btc,35555556.27546676,0.0,1.25991701,1
1,[],10,[],2019-01-24 11:11:58,269246.50310019,0.01254067,0.00000044452787542300004,6485474,2019-01-24 11:11:58,btc,6368.80119602537,726.03825879,0.01254067,btc,957.18676948,0.0,2.147543734984207,1
1,[],12,[],2019-01-24 11:12:00,10371.03679021,0.01264999999999999978628206775965736596845090389251708984375,0.000000448403285,6485475,2019-01-24 11:12:00,btc,0.574585644621,0.0,0.01264999999999999978628206775965736596845090389251708984375,btc,39.27693395,0.2724580029809,0.1014023867025,1
1,[],20,[],2019-01-24 11:12:02,1344.3693,0.010510001,0.00000037254695444690004,6485476,2019-01-24 11:12:02,btc,0.0746164438962,0.0,0.010510001,btc,3.5114,0.0,0.0888300480751,1
0.000000000325093,[],21,[],2019-01-24 11:12:03,2216.06945675,0.000000000102729388,0.0000000000000036414383434972,6485477,2019-01-24 11:12:03,eth,29.079638598019024,2240.78072063,0.316000000000000003108624468950438313186168670654296875,"btc,eth",2580.31695358,26.82041011,22.985465706797182,1
1,[],22,[],2019-01-24 11:12:57,0.0363776,0.01400000,0.0000004962566,6485478,2019-01-24 11:12:57,BTC,0.312,0.0,0.01400000,BTC,0.031,0.0,0.00048472,1
1,[],24,[],2019-01-24 11:12:57,0.0,0.000000000000,0,6485479,2019-01-24 11:12:57,btc,0.0,0.0,0.000000000000,btc,0.0,0.0,0.0,1
1,[],25,[],2019-01-24 11:12:58,342.21303027,0.01272187,0.000000450950853703,6485480,2019-01-24 11:12:58,btc,29.334099997515292,308.3091527,0.01272187,btc,2252.73832696,3.9155,4.184999999350091,1
1,[],28,[],2019-01-24 11:13:00,987.9,0.01131000,0.000000400904439,6485481,2019-01-24 11:13:00,btc,0.162839806,32031.0,0.01131000,btc,8.9,0.0,0.024551096,1
1,[],5,[],2019-01-24 11:59:26,1.608e-05,0.00000063,0.000000000022417227,6485505,2019-01-24 11:59:26,btc,0.17412487,0.02807972,0.00000063,btc,7.713e-05,0.0,0.44823233,2
0,[],22,[],2019-01-24 11:59:37,0.0,0,0,6485506,2019-01-24 11:59:37,,0.0,0.0,0,,0.0,0.0,0.0,2
1,[],5,[],2019-01-24 12:00:09,1.42e-06,0.00000017,0.000000000006049093,6485514,2019-01-24 12:00:09,btc,3.25658541,0.03520924,0.00000017,btc,2.267e-05,0.0,2.91169198,3
1,[],12,[],2019-01-24 12:00:10,11218164.18084884,0.000000169,0.0000000000060135101,6485515,2019-01-24 12:00:10,btc,921314.8717305833,0.0,0.000000169,btc,7939324.15066515,0.01815377653560349,0.4944824374479944,3
0,[],28,[],2019-01-24 12:00:12,0.0,0,0,6485516,2019-01-24 12:00:12,,0.0,0.0,0,,0.0,0.0,0.0,3
0,[],2,[],2019-01-20 23:31:32,0.0,0,0,6477077,2019-01-20 23:31:32,,0.0,0.0,0,,0.0,0.0,0.0,4
1,[],4,[],2019-01-24 11:02:11,1067703.37926464,0.00000047,0.000000000016660043,6485326,2019-01-24 11:02:11,btc,0.4756265389570158,0.0,0.00000047,btc,322032.73528788,0.0016172,0.0649593158906344,4
1,[],12,[],2019-01-24 11:02:13,1212877.5219999999,0.00000003,0.0000000000010634069999999999,6485328,2019-01-24 11:02:13,btc,11013867.817925906,0.0,0.00000003,btc,969763.77092902,0.0002715404395606,0.01589759044,5
0,[],2,[],2019-01-20 23:31:51,0.0,0,0,6477087,2019-01-20 23:31:51,,0.0,0.0,0,,0.0,0.0,0.0,6
1,[],11,[],2019-01-24 11:02:24,3485283.5,0.00000002,0.0000000000007089380000000001,6485333,2019-01-24 11:02:24,btc,9432.241645269964,238000.0,0.00000002,btc,41308357.70959839,0.0,0.03575736,6
1,[],3,[],2019-01-24 11:02:31,1049.631568128516,0.00015050999999999999383500093319554480331134982407093048095703125,0.000000005335112919,6485336,2019-01-24 11:02:31,btc,30.108593419388622,0.0,0.00015050999999999999383500093319554480331134982407093048095703125,btc,231.077492617847,0.0,0.027978323718350753,7
1,[],4,[],2019-01-24 11:02:33,27606.95077796,0.00017049,0.000000006043341981,6485337,2019-01-24 11:02:33,btc,2.4544657246198303,0.0,0.00017049,btc,12715.90986348,1.63045206,4.2281222761516615,7
1,[],5,[],2019-01-24 11:02:35,0.00500723,0.00017007,0.000000006028454283,6485338,2019-01-24 11:02:35,btc,1.28805932,0.17219416,0.00017007,btc,0.01149187,0.0,1.49899434,7
1,[],20,[],2019-01-24 11:02:49,61774165.6382,0.000000001,0.0000000000000354469,6485341,2019-01-24 11:02:49,btc,121.1922629947386,7238828.4357,0.000000001,btc,25493492.9975,0.0124738294316,0.0617741656382,8
0,[],2,[],2019-01-20 23:22:42,0.0,0,0,6476876,2019-01-20 23:22:42,,0.0,0.0,0,,0.0,0.0,0.0,9
0,[],23,[],2019-01-20 23:22:48,0.0,0,0,6476878,2019-01-20 23:22:48,,0.0,0.0,0,,0.0,0.0,0.0,9
1,[],1,[],2019-01-24 11:03:02,1434505.44,0.00000181999999999999993881738720447049928452543099410831928253173828125,0.000000000064513358,6485346,2019-01-24 11:03:02,btc,1.9937811842,22522793.97,0.00000181999999999999993881738720447049928452543099410831928253173828125,btc,1075432.46,42.04947466,2.5486771988,9
1,[],4,[],2019-01-24 11:03:03,345872.32783777,0.00000183,0.000000000064867827,6485347,2019-01-24 11:03:03,btc,0.9144186907967436,0.0,0.00000183,btc,457666.50232531,0.83688139,0.5206489562801734,9
1,[],28,[],2019-01-24 11:03:09,34500.0,0.00000165,0.000000000058487385,6485348,2019-01-24 11:03:09,btc,2708.7525973402,6701354.0,0.00000165,btc,8331.02,0.0,0.02854,9
1,[],4,[],2019-01-24 11:03:17,5056005.01009386,0.00000002,0.0000000000007089380000000001,6485352,2019-01-24 11:03:17,btc,0.221032555407005,0.0,0.00000002,btc,4048872.47459358,0.00862019,0.0529494447018772,10
0,[],2,[],2019-01-20 23:23:08,0.0,0,0,6476890,2019-01-20 23:23:08,,0.0,0.0,0,,0.0,0.0,0.0,12
1,[],4,[],2019-01-24 11:03:31,2000896.02851747,0.00000146,0.000000000051752474,6485359,2019-01-24 11:03:31,btc,0.9926400248573183,0.0,0.00000146,btc,642235.07894764,2.55955822,2.7266805136316985,12
1,[],5,[],2019-01-24 11:03:33,1.678e-05,0.00000143,0.000000000050689067,6485360,2019-01-24 11:03:33,btc,0.22845025,0.29109832,0.00000143,btc,0.00011053,0.0,0.14080384,12
,[],25,[],2019-01-11 15:39:35,0.0,0,0,6366164,2019-01-11 15:39:35,,0.0,0.0,,btc,0.0,0.0,0.0,12
1,[],10,[],2019-01-24 08:55:15,619045.29506782,0.00000693,0.000000000245450205,6484609,2019-01-24 08:55:15,btc,666784.4410800904,6826.71870337,0.00000693,btc,829253.3907042,0.0,0.863509128892234,13
1,[],4,[],2019-01-24 11:10:57,315052.48310889,0.00000662,0.000000000234658478,6485445,2019-01-24 11:10:57,btc,0.2183315810492365,0.0,0.00000662,btc,30778.54092373,0.90229153,1.428956407487083,13
1,[],21,[],2019-01-24 11:11:00,1595035.96961508,0.0000068100000000000000200599085953268030380058917216956615447998046875,0.000000000241393389,6485446,2019-01-24 11:11:00,btc,5.958041749809048,679218.85056665,0.0000068100000000000000200599085953268030380058917216956615447998046875,btc,774832.87810195,4.6784861,5.8260286744611225,13
1,[],4,[],2019-01-24 11:03:58,891471.79662841,0.00000161,0.000000000057069509000000004,6485368,2019-01-24 11:03:58,btc,0.2502117045494392,0.0,0.00000161,btc,112113.39772987,0.21623981,0.1149330459634577,14
1,[],12,[],2019-01-24 11:04:00,87949.47933816,0.000001769999999999999994019540816569957542014890350401401519775390625,0.000000000062741013,6485369,2019-01-24 11:04:00,btc,1.7810265582722733,0.0,0.000001769999999999999994019540816569957542014890350401401519775390625,btc,35708.52646617,0.0019006665633807,0.020319806483833202,14
0,[],17,[],2019-01-24 11:04:01,0.0,0,0,6485370,2019-01-24 11:04:01,btc,0.0,0.0,0,btc,0.0,0.0,0.0,14
1,[],26,[],2019-01-24 11:04:01,0.0,0.00000020,0.000000000007089380000000001,6485371,2019-01-24 11:04:01,btc,0.0,0.0,0.00000020,btc,0.0,0.0,0.0,14
,[],12,[],2018-12-01 15:15:48,204241.84496,0.00000489,0.000000000202473384,5260204,2018-12-01 15:15:48,btc,49.5475654835,0.0,,btc,35763.2193806,0.0163153972027625,0.0203389899998,15
0,[],4,[],2019-01-24 11:13:16,0.0,0,0,6485490,2019-01-24 11:13:16,,0.0,0.0,0,,0.0,0.0,0.0,15
0,[],2,[],2019-01-20 23:23:38,0.0,0,0,6476906,2019-01-20 23:23:38,,0.0,0.0,0,,0.0,0.0,0.0,18
1,[],4,[],2019-01-24 11:04:28,32328.35325385,0.00001810,0.0000000006415888900000001,6485374,2019-01-24 11:04:28,btc,1.391270853123942,0.0,0.00001810,btc,15879.72356793,0.04180618,0.1843729386749633,18
1,[],10,[],2019-01-24 11:04:29,390831.02210783,0.00001752,0.0000000006210296880000001,6485375,2019-01-24 11:04:29,btc,15.559424322213662,2633.14904083,0.00001752,btc,10751.41322166,0.0,0.1957216933226405,18
1,[],12,[],2019-01-24 11:04:31,199872.03428669999,0.0000179699999999999990491807155823522634818800725042819976806640625,0.0000000006369807929999999,6485376,2019-01-24 11:04:31,btc,0.19962949782212921,0.0,0.0000179699999999999990491807155823522634818800725042819976806640625,btc,2229.97523457,0.0018821029282029,0.0118558004928968,18
0,[],17,[],2019-01-24 11:04:32,0.0,0,0,6485377,2019-01-24 11:04:32,btc,0.0,0.0,0,btc,0.0,0.0,0.0,18
0,[],2,[],2019-01-20 23:24:19,0.0,0,0,6476924,2019-01-20 23:24:19,,0.0,0.0,0,,0.0,0.0,0.0,19
1,[],3,[],2019-01-24 11:05:46,108484.1168910757,0.0000397999999999999984107330874838481804545153863728046417236328125,0.00000000141078662,6485390,2019-01-24 11:05:46,btc,1.311142888821322,0.345454738314,0.0000397999999999999984107330874838481804545153863728046417236328125,btc,8541.441022191411,0.0,0.1059017506040041,19
1,[],4,[],2019-01-24 11:05:47,68870.05591008,0.00004041,0.000000001432409229,6485391,2019-01-24 11:05:47,btc,2.1735628280014656,0.0,0.00004041,btc,46107.17114037,0.71293013,1.5109419918199536,19
1,[],5,[],2019-01-24 11:05:49,0.00036584,0.00003500,0.0000000012406415,6485392,2019-01-24 11:05:49,btc,0.30991841,0.00016296,0.00003500,btc,0.00347896,0.0,0.19465299,19
1,[],12,[],2019-01-24 11:05:51,129226.42507645,0.0000425099999999999978751719087455285261967219412326812744140625,0.000000001506847719,6485393,2019-01-24 11:05:51,btc,1.9906667862704293,0.0,0.0000425099999999999978751719087455285261967219412326812744140625,btc,393.27457877,0.00012414,0.0380799199998895,19
0,[],27,[],2019-01-24 11:05:52,0.0,0,0,6485394,2019-01-24 11:05:52,,0.0,0.0,0,btc,0.0,0.0,0.0,19
1,[],4,[],2019-01-24 11:08:41,8412101.35457151,0.00000015,0.000000000005317035,6485410,2019-01-24 11:08:41,btc,0.7612740642436147,0.0,0.00000015,btc,1464548.93204249,0.0,0.3916316875169587,20
1,[],4,[],2019-01-24 11:09:29,124088011.08101596,0.00000002,0.0000000000007089380000000001,6485416,2019-01-24 11:09:29,btc,0.8238328501730172,0.0,0.00000002,btc,18994222.6222454,0.22449745,1.5248029156701597,21
1,[],12,[],2019-01-24 11:09:30,20228032.0,0.00000002,0.0000000000007089380000000001,6485417,2019-01-24 11:09:30,btc,668.0228377689523,0.0,0.00000002,btc,7860530.8441585805,0.0330748351648351,0.27749765,21
0,[],17,[],2019-01-24 11:09:31,0.0,0,0,6485418,2019-01-24 11:09:31,btc,0.0,0.0,0,btc,0.0,0.0,0.0,21
1,[],12,[],2019-01-24 11:10:09,4558655907.531896,0.0000000001,0.0000000000000035446900000000004,6485426,2019-01-24 11:10:09,btc,621663601965.8348,0.0,0.0000000001,btc,6365108870.8453865,0.010654917325874123,0.45586559075318955,23
0,[],27,[],2019-01-24 11:10:10,0.0,0,0,6485427,2019-01-24 11:10:10,,0.424699,0.0,0,eth,424699.0,0.0,0.0,23
,[],25,[],2019-01-11 15:42:09,0.0,0,0,6366241,2019-01-11 15:42:09,,0.0,0.0,,btc,0.0,0.0,0.0,24
1,[],4,[],2019-01-24 11:10:29,2213311.6234158,0.00000082,0.000000000029066458,6485430,2019-01-24 11:10:29,btc,0.1163002416711559,0.0,0.00000082,btc,89398.12843669,0.00611211,0.433542613781048,24
1,[],22,[],2019-01-24 11:10:36,11.76,0.00000100,0.0000000000354469,6485431,2019-01-24 11:10:36,BTC,7.415e-05,0.0,0.00000100,BTC,23.919354838709676,0.0,1.176e-05,24
0,[],2,[],2019-01-20 23:25:56,0.0,0,0,6476976,2019-01-20 23:25:56,,0.0,0.0,0,,0.0,0.0,0.0,26
1,[],4,[],2019-01-24 11:10:48,29610508.45112165,0.00000752,0.000000000266560688,6485438,2019-01-24 11:10:48,btc,0.4340257929948637,0.0,0.00000752,btc,34350.96195321,0.11556025,0.4145738722055385,26
1,[],10,[],2019-01-24 11:10:50,734094.75493527,0.00000769,0.000000000272586661,6485439,2019-01-24 11:10:50,btc,27.974249063971364,0.0,0.00000769,btc,12525.42087038,0.0,0.2220622173992068,26
1,[],3,[],2019-01-24 11:10:51,7640686.32908122,0.00000001,0.00000000000035446900000000003,6485440,2019-01-24 11:10:51,btc,3.077787323357228,32395.5,0.00000001,btc,17666372.41788195,0.0,0.0764068632908122,27
1,[],5,[],2019-01-24 11:10:53,1e-08,0.00000001,0.00000000000035446900000000003,6485441,2019-01-24 11:10:53,btc,2.62189326,3.848e-05,0.00000001,btc,4.332e-05,0.0,0.01079372,27
1,[],11,[],2019-01-24 11:10:55,10597882.41182718,0.00000005,0.000000000001772345,6485442,2019-01-24 11:10:55,btc,370.53275036350783,1000.0,0.00000005,btc,8220964.80991447,0.0,0.4932896594767663,27
1,[],4,[],2019-01-24 11:10:55,268014109.2803293,0.00000003,0.000000000001063407,6485443,2019-01-24 11:10:55,btc,3.272405073501879,0.0,0.00000003,"btc,ltc",104242883.67139919,2.12812354,3.227776134159891,29
1,[],7,[],2019-01-24 11:10:56,35999768.9786329,0.00000003,0.0000000000010634069999999999,6485444,2019-01-24 11:10:56,btc,44465218.1258036,180184.563057,0.00000003,btc,39203450.17082732,0.0,0.6564244169750236,29
1,[],4,[],2019-01-24 11:11:35,1273510.01577138,0.00000042,0.000000000014887698000000002,6485461,2019-01-24 11:11:35,btc,0.3547507427717823,0.0,0.00000042,btc,494855.55204418,0.02494309,0.0711559100371612,30
0,[],17,[],2019-01-24 11:11:36,0.0,0,0,6485462,2019-01-24 11:11:36,btc,0.0,0.0,0,btc,0.0,0.0,0.0,30
1,[],4,[],2019-01-24 11:11:51,37378.67394106,0.00009724,0.000000003446856556,6485468,2019-01-24 11:11:51,btc,0.8039463806062871,0.0,0.00009724,btc,7259.57433144,3.02946882,2.8436979100484616,31
1,[],21,[],2019-01-24 11:11:52,74977.9439849,0.000096700000000000005894416899021592826102278195321559906005859375,0.0000000034277152300000003,6485469,2019-01-24 11:11:52,btc,11.278344205846002,653986.70534165,0.000096700000000000005894416899021592826102278195321559906005859375,btc,106416.96499453,65.7646056,7.082294841847387,31
0,[],2,[],2019-01-20 23:28:43,0.0,0,0,6477009,2019-01-20 23:28:43,,0.0,0.0,0,,0.0,0.0,0.0,32
1,[],4,[],2019-01-24 11:13:17,139407360.49826577,0.00000006,0.000000000002126814,6485491,2019-01-24 11:13:17,btc,0.3177042449692778,0.0,0.00000006,"btc,ltc",9599561.8103108,0.95536681,2.5576552481288446,33
1,[],12,[],2019-01-24 11:13:18,22245721.0,0.00000006,0.0000000000021268139999999998,6485492,2019-01-24 11:13:18,btc,17261786.896618523,0.0,0.00000006,btc,87735620.51648341,0.0240282230769227,0.87909569,33
1,[],4,[],2019-01-24 11:13:19,118748458.9622374,0.00000002,0.0000000000007089380000000001,6485493,2019-01-24 11:13:19,btc,0.8017638101630004,0.0,0.00000002,btc,26429495.06761682,0.02376145,1.2057254432311022,34
1,[],5,[],2019-01-24 11:13:21,3e-08,0.00000002,0.0000000000007089380000000001,6485494,2019-01-24 11:13:21,btc,3.12919715,0.00571182,0.00000002,btc,1.394e-05,0.0,0.80536125,34
0.00000000008842950000000001,[],4,[],2019-01-24 11:08:34,2872944099.916115,3.5371800000000005e-18,1.2538206574200002e-22,6485406,2019-01-24 11:08:34,ltc,3.8417337499462234e-09,0.0,0.00000004,ltc,768524975.4882973,0.0,6.9116327641767165e-09,36
1,[],5,[],2019-01-24 11:08:35,0.0,0,0,6485407,2019-01-24 11:08:35,btc,202.42227387,0.0,0,btc,1.295e-05,0.0,0.0,36
0,[],17,[],2019-01-24 11:08:37,0.0,0,0,6485408,2019-01-24 11:08:37,btc,0.08210904496244578,0.0,0,btc,5843697.91583647,0.0,0.0,36
0.00000000008842950000000001,[],27,[],2019-01-24 11:08:39,1000000.0,8.842950000000001e-19,3.1345516435500005e-23,6485409,2019-01-24 11:08:39,ltc,448.55669329,0.0,0.00000001,"ltc,eth",3581972.58,0.0,8.84295e-13,36
1,[],4,[],2019-01-24 11:08:20,470677.60318716,0.00000146,0.000000000051752474,6485401,2019-01-24 11:08:20,btc,0.435038016504436,0.0,0.00000146,btc,228884.12336056,0.01426441,0.438059037507126,37
1,[],12,[],2019-01-24 11:08:21,469854.57042241,0.00000145999999999999999745971430986646311112053808756172657012939453125,0.000000000051752474,6485402,2019-01-24 11:08:21,btc,1330.9245876870384,0.0,0.00000145999999999999999745971430986646311112053808756172657012939453125,btc,769462.03676222,0.1109418278151357,0.3067825803936997,37
1,[],17,[],2019-01-24 11:08:22,1752.74075282,0.00000025,0.000000000008861725,6485403,2019-01-24 11:08:22,btc,0.055487313974323924,0.0,0.00000025,btc,1388.79251806,0.0,0.00043818518820499993,37
0,[],27,[],2019-01-24 11:08:24,0.0,0,0,6485404,2019-01-24 11:08:24,,0.0,0.0,0,btc,0.0,0.0,0.0,37
1,[],5,[],2019-01-24 12:00:22,1.38e-05,0.00000110,0.00000000003914119,6485521,2019-01-24 12:00:22,btc,0.10133616,0.02985504,0.00000110,btc,0.00011339,0.0,0.03805126,42
1,[],12,[],2019-01-24 12:00:23,87699.02512573,0.000001210000000000000061712245556788669631487209699116647243499755859375,0.000000000043055309000000004,6485522,2019-01-24 12:00:23,btc,108.82632944730584,0.0,0.000001210000000000000061712245556788669631487209699116647243499755859375,btc,35282.6936061,0.0510595268344895,0.0357487770688003,42
0,[],27,[],2019-01-24 12:00:25,0.0,0,0,6485523,2019-01-24 12:00:25,,0.00315028,0.0,0,"btc,eth",11.007,0.0,0.0,42
1,[],5,[],2019-01-24 11:02:58,3e-08,0.00000002,0.0000000000007089380000000001,6485343,2019-01-24 11:02:58,btc,5.73994143,0.09573028,0.00000002,btc,1.425e-05,0.0,0.47225369,43
1,[],12,[],2019-01-24 11:03:00,8221008.0,0.00000001,0.00000000000035446900000000003,6485344,2019-01-24 11:03:00,btc,20007433.13490087,0.0,0.00000001,btc,38551654.44695303,1.318681319e-06,0.08221008,43
0,[],17,[],2019-01-24 11:03:01,0.0,0,0,6485345,2019-01-24 11:03:01,btc,0.0,0.0,0,btc,0.0,0.0,0.0,43
1,[],12,[],2019-01-24 11:01:46,775238.0,0.00000007,0.0000000000024812830000000002,6485319,2019-01-24 11:01:46,btc,11114761.212539265,0.0,0.00000007,btc,956280.37320198,0.00055468,0.02131997,44
1,[],4,[],2019-01-24 12:00:15,239033639.73998684,0.00000003,0.000000000001067487,6485518,2019-01-24 12:00:15,btc,0.23683958249383152,0.0,0.00000003,"btc,ltc",6415730.2710521,0.00086928,0.6171091734962316,49
0.00000000008842950000000001,[],4,[],2019-01-24 11:11:33,4647691939.032929,1.7685900000000002e-18,6.269103287100001e-23,6485459,2019-01-24 11:11:33,ltc,5.044116687824659,0.0,0.00000002,ltc,1562680078.0622854,0.0,5.522040555119704e-09,52
0,[],22,[],2019-01-24 11:11:09,0.0,0,0,6485447,2019-01-24 11:11:09,,3707.87168998,0.0,0,,260541923.40932402,0.0,0.0,57
0,[],27,[],2019-01-24 11:11:11,0.0,0,0,6485448,2019-01-24 11:11:11,,0.0,0.0,0,"btc,eth",0.0,0.0,0.0,57
0.00000000008893790000000001,[],4,[],2019-01-24 11:59:43,1683214299.9023073,5.336274e-18,1.8988010411460002e-22,6485510,2019-01-24 11:59:43,ltc,3.4465671300388516,0.0,0.00000006,ltc,870522308.5203501,0.00089475,7.366641584320801e-09,58
1,[],12,[],2019-01-24 11:59:44,2767607353.327952,0.0000000006,0.00000000000002134974,6485511,2019-01-24 11:59:44,btc,123038816796.62451,0.0,0.0000000006,btc,3111209280.3947053,0.22800064299426945,1.0998883986915362,58
0,[],17,[],2019-01-24 11:59:46,0.0,0,0,6485512,2019-01-24 11:59:46,btc,1e+24,0.0,0,btc,41616695.958325684,0.0,0.0,58
0.0000000001257261,[],22,[],2019-01-24 12:00:06,137438.0,1.257261e-18,4.47369924369e-23,6485513,2019-01-24 12:00:06,XMR,69.8835922,0.0,0.00000001,XMR,9887963.0,0.0,0.00137438,58
1,[],5,[],2019-01-24 11:09:34,6.07e-06,0.00000060,0.00000000002126814,6485420,2019-01-24 11:09:34,btc,0.46238393,0.06173297,0.00000060,btc,0.00014969,0.0,0.14195034,61
1,[],22,[],2019-01-24 11:09:45,5111.5,0.00000011,0.000000000003899159,6485421,2019-01-24 11:09:45,BTC,1002.29606732,0.0,0.00000011,BTC,15028.700278135757,0.0,0.00051178,61
1,[],26,[],2019-01-24 11:09:45,0.0,0.00000800,0.0000000002835752,6485422,2019-01-24 11:09:45,btc,0.0,0.0,0.00000800,btc,0.0,0.0,0.0,61
0,[],27,[],2019-01-24 11:09:47,0.0,0,0,6485423,2019-01-24 11:09:47,,0.0,0.0,0,"btc,eth",0.0,0.0,0.0,61
1,[],28,[],2019-01-24 11:09:49,1880.304,0.00000022,0.000000000007798318,6485424,2019-01-24 11:09:49,btc,2.065678837430106,1304.0,0.00000022,btc,11618.08240005,0.0,0.00016391304,61
,[],25,[],2019-01-11 15:43:02,0.0,0,0,6366273,2019-01-11 15:43:02,,0.0,0.0,,btc,0.0,0.0,0.0,67
1,[],4,[],2019-01-24 11:11:26,1257401.89350182,0.00000183,0.000000000064867827,6485457,2019-01-24 11:11:26,btc,0.5241277078676646,0.0,0.00000183,btc,165655.90607743,0.09856311,0.8742780178910335,67
1,[],12,[],2019-01-24 11:05:44,2849045.85714286,0.00000008,0.0000000000028357520000000003,6485388,2019-01-24 11:05:44,btc,16893773.0766353,0.0,0.00000008,btc,2230951.1474525,0.0004729316783233,0.0759855700000002,71
,[],5,[],2018-11-20 23:02:39,1.5e-07,0.00000005,0.000000000002128045,4862160,2018-11-20 23:02:39,btc,2.84511358,0.0,,btc,0.00036572,0.0,0.07381892,74
1,[],5,[],2019-01-24 11:02:14,3.303e-05,0.00000156,0.000000000055297164000000003,6485329,2019-01-24 11:02:14,btc,1.43011192,0.0,0.00000156,btc,0.0001585,0.0,0.49487621,75
1,[],4,[],2019-01-24 11:03:52,64421539.78469478,0.00000001,0.00000000000035446900000000003,6485363,2019-01-24 11:03:52,btc,0.7486706825842339,0.0,0.00000001,btc,13906829.86456505,0.0,0.6442153978469478,81
0,[],20,[],2019-01-24 11:03:54,0.0,0,0,6485364,2019-01-24 11:03:54,btc,0.0,0.0,0,btc,0.0,0.0,0.0,81
1,[],4,[],2019-01-24 11:58:46,23779.46863423,0.00007624,0.0000000027128402960000002,6485498,2019-01-24 11:58:46,btc,1.2205200417351845,0.0,0.00007624,btc,10751.17710863,0.1570482,0.0878412306139376,82
1,[],21,[],2019-01-24 11:58:47,69413.91085734,0.00008297000000000000013121448372288568862131796777248382568359375,0.000000002952313213,6485499,2019-01-24 11:58:47,btc,2.745858101370528,13017.16132773,0.00008297000000000000013121448372288568862131796777248382568359375,btc,29317.6734902,1.0790329,4.794374764326569,82
0,[],17,[],2019-01-24 11:04:26,0.0,0,0,6485373,2019-01-24 11:04:26,btc,0.0447233088476774,0.0,0,btc,999127.19588126,0.0,0.0,84
0.00000000008842950000000001,[],4,[],2019-01-24 11:10:40,471790398.9539134,1.1495835000000002e-17,4.0749171366150002e-22,6485435,2019-01-24 11:10:40,ltc,0.19754182491140368,0.0,0.00000013,ltc,70856226.69800971,0.0,1.5806066429228988e-09,85
,[],22,[],2018-11-20 23:09:34,3408.1,0.0000001,0.0000000000041895,4862324,2018-11-20 23:09:34,BTC,0.04624735,0.0,,BTC,4990.0,0.0,0.00033081,86
0,[],22,[],2019-01-24 11:10:45,0.0,0,0,6485436,2019-01-24 11:10:45,,2.07810912,0.0,0,,154826.94736842104,0.0,0.0,87
0,[],27,[],2019-01-24 11:10:47,0.0,0,0,6485437,2019-01-24 11:10:47,,0.0,0.0,0,btc,0.0,0.0,0.0,87
,[],2,[],2018-11-20 23:10:47,0.0,0,0,4862359,2018-11-20 23:10:47,,0.0,0.0,,,0.0,0.0,0.0,88
1,[],11,[],2019-01-24 11:59:42,103196.05553644,0.00021399999999999999751587598240121224080212414264678955078125,0.0000000076147406,6485509,2019-01-24 11:59:42,btc,234.6224595459179,2275.16947,0.00021399999999999999751587598240121224080212414264678955078125,btc,180737.67346115,0.0,8.36016924626347,89
0,[],2,[],2019-01-20 23:31:45,0.0,0,0,6477083,2019-01-20 23:31:45,,0.0,0.0,0,,0.0,0.0,0.0,91
1,[],12,[],2019-01-24 11:02:16,265884.935173,0.000001390000000000000032391082004090687718189656152389943599700927734375,0.000000000049271191000000004,6485330,2019-01-24 11:02:16,btc,1.1235071945818624,0.0,0.000001390000000000000032391082004090687718189656152389943599700927734375,btc,8563.91097855,0.0062119074408306,0.09239885499998429,91
0,[],17,[],2019-01-24 11:02:17,0.0,0,0,6485331,2019-01-24 11:02:17,btc,0.0,0.0,0,btc,0.0,0.0,0.0,91
0.00000000008842950000000001,[],22,[],2019-01-24 11:08:58,48311955.0,5.305770000000001e-18,1.88073098613e-22,6485411,2019-01-24 11:08:58,LTC,6.35958711,0.0,0.00000006,LTC,60117635.1,2.2274683614000003e-12,1.45775865,95
0.00000000008842950000000001,[],4,[],2019-01-24 11:03:55,133175744.72025393,9.196668000000001e-17,3.2599337092920002e-21,6485365,2019-01-24 11:03:55,ltc,1.4019131523644772,0.0,0.00000104,ltc,68623995.82503618,0.00030517,6.972644900709244e-10,96
1,[],12,[],2019-01-24 11:03:56,1212366.0,0.00000001,0.00000000000035446900000000003,6485366,2019-01-24 11:03:56,btc,255059.2635896603,0.0,0.00000001,btc,7846613.56674301,1.151e-05,0.01212366,96
0,[],17,[],2019-01-24 11:03:58,0.0,0,0,6485367,2019-01-24 11:03:58,btc,0.0,0.0,0,btc,0.0,0.0,0.0,96
1,[],4,[],2019-01-24 11:09:32,1564257.44929107,0.00000040,0.000000000014178760000000001,6485419,2019-01-24 11:09:32,btc,0.2378082726741935,0.0,0.00000040,btc,391749.55486988,0.01649226,0.1681973710940721,99
0,[],2,[],2019-01-20 23:23:55,0.0,0,0,6476914,2019-01-20 23:23:55,,0.0,0.0,0,,0.0,0.0,0.0,100
1,[],4,[],2019-01-24 11:05:09,149137.09466196,0.00004088,0.000000001449069272,6485381,2019-01-24 11:05:09,btc,1.8175624413840061,0.0,0.00004088,btc,38901.08784971,1.07892797,3.642849914574681,100
1,[],22,[],2019-01-24 11:05:08,50000.0,0.00000001,0.00000000000035446900000000003,6485379,2019-01-24 11:05:08,BTC,23.49896609,0.0,0.00000001,BTC,10277.22,0.0,0.0005,101
1,[],4,[],2019-01-24 11:13:00,149428.04237987,0.00000106,0.000000000037573714000000004,6485482,2019-01-24 11:13:00,btc,0.4028190910398112,0.0,0.00000106,btc,142260.81894651,0.01517051,0.0573683782123464,103
1,[],12,[],2019-01-24 11:59:38,99071666.0,0.000000014,0.0000000000004981606,6485507,2019-01-24 11:59:38,btc,9137280539.62794,0.0,0.000000014,btc,146620585.68254116,0.08663896908506363,0.59443421,105
1,[],27,[],2019-01-24 11:59:40,261901.0,0.00000006,0.000000000002134974,6485508,2019-01-24 11:59:40,btc,0.0720402019,0.0,0.00000006,btc,580.038,0.0,0.01014994,105
0,[],22,[],2019-01-24 11:09:08,0.0,0,0,6485412,2019-01-24 11:09:08,,1.07253299,0.0,0,,94300.0,0.0,0.0,107
1,[],26,[],2019-01-24 11:09:08,0.0,0.00000000,0,6485413,2019-01-24 11:09:08,btc,0.0,0.0,0.00000000,btc,0.0,0.0,0.0,107
1,[],5,[],2019-01-24 11:07:03,3e-08,0.00000002,0.0000000000007089380000000001,6485397,2019-01-24 11:07:03,btc,5.96785936,0.00703977,0.00000002,btc,1.589e-05,0.0,0.09275435,112
1,[],22,[],2019-01-24 11:08:15,1966.0,0.00000001,0.00000000000035446900000000003,6485398,2019-01-24 11:08:15,BTC,2.84489685,0.0,0.00000001,BTC,1141651.5833333333,0.0,1.966e-05,112
0,[],27,[],2019-01-24 11:08:17,0.0,0,0,6485399,2019-01-24 11:08:17,,1.25125,0.0,0,"btc,eth",79.0,0.0,0.0,112
1,[],4,[],2019-01-24 12:00:16,454625.02406798,0.00000430,0.00000000015300647000000001,6485519,2019-01-24 12:00:16,btc,0.4457866045846083,0.0,0.00000430,btc,70516.71752423,0.39112891,0.4424205016026193,113
1,[],5,[],2019-01-24 12:00:18,2.898e-05,0.00000410,0.00000000014588989,6485520,2019-01-24 12:00:18,btc,2.37435124,0.003425,0.00000410,btc,0.00361515,0.0,0.31597484,113
1,[],17,[],2019-01-24 11:03:28,233369.0,0.00000004,0.0000000000014178760000000001,6485357,2019-01-24 11:03:28,btc,1.3376290575979621,0.0,0.00000004,btc,72546.975,0.0,0.00543476,116
0,[],27,[],2019-01-24 11:03:30,0.0,0,0,6485358,2019-01-24 11:03:30,,0.0,0.0,0,btc,0.0,0.0,0.0,116
1,[],4,[],2019-01-24 11:03:15,17243533.26075869,0.00002250,0.00000000079755525,6485350,2019-01-24 11:03:15,btc,1.007865960002993,0.0,0.00002250,btc,36714.78288317,6.53115638,3.0428936116123717,120
1,[],7,[],2019-01-24 11:03:16,4112.80862055,0.000016779999999999998584222782316288657966651953756809234619140625,0.0000000005947989819999999,6485351,2019-01-24 11:03:16,btc,95.02188238329853,3016.47325664,0.000016779999999999998584222782316288657966651953756809234619140625,btc,25325.96364593,0.08732626,0.0436452786046728,120
1,[],20,[],2019-01-24 11:03:26,1215767.5588,0.000000013,0.0000000000004608097000000001,6485356,2019-01-24 11:03:26,btc,31.4063095068966,389.85,0.000000013,btc,1102100.3058,5.06805e-06,0.0068489678606,125
1,[],22,[],2019-01-24 12:01:44,3053.0,0.00000001,0.000000000000355829,6485527,2019-01-24 12:01:44,BTC,0.01415863,0.0,0.00000001,BTC,293039.4,3.198e-05,3.053e-05,126
0,[],22,[],2019-01-24 11:10:21,0.0,0,0,6485428,2019-01-24 11:10:21,,3.30709612,0.0,0,,19391.67229247642,0.0,0.0,130
0,[],2,[],2019-01-20 23:25:46,0.0,0,0,6476969,2019-01-20 23:25:46,,0.0,0.0,0,,0.0,0.0,0.0,131
1,[],4,[],2019-01-24 11:10:38,82089.78879329,0.00001557,0.000000000551908233,6485432,2019-01-24 11:10:38,btc,0.5717821164197369,0.0,0.00001557,btc,29130.47839698,0.16554379,0.3945688283876667,131
0,[],17,[],2019-01-24 11:10:39,0.0,0,0,6485433,2019-01-24 11:10:39,btc,0.0008451375975800001,0.0,0,btc,30.89614684,0.0,0.0,131
1,[],4,[],2019-01-24 11:11:52,4563.51632298,0.00019614,0.000000006952554966000001,6485470,2019-01-24 11:11:52,btc,1.6269232683341472,0.0,0.00019614,btc,206.10257325,0.0,0.0099105184996561,135
1,[],3,[],2019-01-24 11:05:53,347534.4001851,0.00000005,0.000000000001772345,6485395,2019-01-24 11:05:53,btc,0.3484507771548471,631195.490617,0.00000005,btc,929670.67454555,0.0,0.0080850340037019,136
1,[],12,[],2019-01-24 11:59:22,303127.75324676,0.000001870000000000000095373470405946125794116596807725727558135986328125,0.000000000066540023,6485504,2019-01-24 11:59:22,btc,11983.823207493786,0.0,0.000001870000000000000095373470405946125794116596807725727558135986328125,btc,133511.08079908,0.0772188950765673,0.0321362400000104,137
1,[],4,[],2019-01-24 11:59:21,119177.8581306,0.00000190,0.00000000006760751,6485503,2019-01-24 11:59:21,btc,0.4762258944629063,0.0,0.00000190,btc,183470.41162025,0.08196231,0.1615781105143291,137
1,[],5,[],2019-01-24 12:02:00,0.0010173,0.00002956,0.000000001051830524,6485530,2019-01-24 12:02:00,btc,5.8242873,1.0979062,0.00002956,btc,0.00181919,0.0,1.41684311,142
1,[],17,[],2019-01-24 12:02:01,12500.0,0.0000001,0.0000000000035582899999999998,6485531,2019-01-24 12:02:01,btc,0.5782815519470493,0.0,0.0000001,btc,4834.207754,0.0,0.00125,142
1,[],20,[],2019-01-24 12:02:04,148268.8962,0.00002511,0.000000000893486619,6485532,2019-01-24 12:02:04,btc,2.5059046606,0.0,0.00002511,btc,5126.8931,0.0,0.0811377525098,142
1,[],22,[],2019-01-24 12:02:22,990.0,0.00001880,0.00000000066895852,6485533,2019-01-24 12:02:22,BTC,0.00152287,0.0,0.00001880,BTC,15.055608820709493,0.0,0.00022106,142
0,[],28,[],2019-01-24 11:02:11,0.0,0,0,6485325,2019-01-24 11:02:11,,0.0,0.0,0,,0.0,0.0,0.0,142
,[],25,[],2019-01-11 15:38:27,0.0,0,0,6366122,2019-01-11 15:38:27,,0.0,0.0,,btc,0.0,0.0,0.0,142
0,[],22,[],2019-01-24 11:11:32,0.0,0,0,6485458,2019-01-24 11:11:32,,54.93330297,0.0,0,,667563265.8,0.0,0.0,143
1,[],21,[],2019-01-24 11:11:50,53197260.36263557,0.00000031,0.000000000010988539,6485467,2019-01-24 11:11:50,btc,37.26959307707751,27376137.92945655,0.00000031,btc,69987799.57187922,8.47996155,10.413074896429226,145
0,[],22,[],2019-01-24 11:02:40,0.0,0,0,6485339,2019-01-24 11:02:40,,2.39270934,0.0,0,,786514.0,0.0,0.0,146
,[],22,[],2018-11-20 23:01:11,0.0,0,0,4862114,2018-11-20 23:01:11,,2.56807021,0.0,,,61828.4988236,0.0,0.0,147
1,[],12,[],2019-01-24 11:11:34,8695822.70434133,0.0000040099999999999997232487218556951091841256129555404186248779296875,0.00000000014214206899999999,6485460,2019-01-24 11:11:34,btc,17.07825948041704,0.0,0.0000040099999999999997232487218556951091841256129555404186248779296875,btc,111519.34227441,0.0017539528128358,0.1107301363612542,148
1,[],4,[],2019-01-24 11:13:09,111944.4061864,0.00000036,0.000000000012760884000000001,6485486,2019-01-24 11:13:09,btc,0.6911775452038454,0.0,0.00000036,btc,514859.11156085,0.0013,0.0312220905124395,152
0,[],22,[],2019-01-24 11:13:14,0.0,0,0,6485487,2019-01-24 11:13:14,,0.0,0.0,0,,0.0,0.0,0.0,152
1,[],5,[],2019-01-24 11:08:19,0.0,0,0,6485400,2019-01-24 11:08:19,btc,4.32752783,0.0,0,btc,0.00161275,0.0,0.0,153
,[],16,[],2019-01-11 15:38:59,0.0,0,0,6366141,2019-01-11 15:38:59,btc,0.0,0.0,,btc,0.0,0.0,0.0,155
0,[],23,[],2019-01-20 23:24:29,0.0,0,0,6476932,2019-01-20 23:24:29,,0.0,0.0,0,,0.0,0.0,0.0,156
0,[],22,[],2019-01-24 11:07:00,0.0,0,0,6485396,2019-01-24 11:07:00,,6.78848922,0.0,0,,4237721.742592593,0.0,0.0,156
1,[],22,[],2019-01-24 11:10:08,7906.0,0.00000801,0.000000000283929669,6485425,2019-01-24 11:10:08,BTC,43.81543407,0.0,0.00000801,BTC,1572.3690079421112,0.0,0.00743836,157
0,[],22,[],2019-01-24 11:03:14,0.0,0,0,6485349,2019-01-24 11:03:14,,50175.67300261,0.0,0,,53770788.04179466,0.0,0.0,158
,[],17,[],2018-11-20 22:56:10,0.0,0,0,4861976,2018-11-20 22:56:10,btc,1.1265625,0.0,,btc,1000.0,0.0,0.0,159
,[],20,[],2018-11-20 22:56:12,0.0,0,0,4861977,2018-11-20 22:56:12,btc,11912.7940471,0.0,,btc,34413894.3617,0.0,0.0,159
1,[],12,[],2019-01-24 11:05:13,185004.67529874,0.000009929999999999999794170722766661896230289130471646785736083984375,0.000000000351987717,6485384,2019-01-24 11:05:13,btc,6.6522596023912826,0.0,0.000009929999999999999794170722766661896230289130471646785736083984375,btc,13918.21908934,0.0117095087412915,0.1038668481999454,168
1,[],17,[],2019-01-24 11:05:14,29784.95,0.000001,0.0000000000354469,6485385,2019-01-24 11:05:14,btc,0.0353989844335,0.0,0.000001,btc,196.82520268,0.0,0.00716147,168
0,[],22,[],2019-01-24 11:04:45,0.0,0,0,6485378,2019-01-24 11:04:45,,1.13392792,0.0,0,,692360.5537281231,0.0,0.0,169
1,[],22,[],2019-01-24 11:02:46,59162.40740740741,0.00000027,0.000000000009570663,6485340,2019-01-24 11:02:46,BTC,2.46110457,0.0,0.00000027,BTC,65247.02426237162,0.00089122,0.00696177,171
1,[],22,[],2019-01-24 11:05:28,79323.93073593074,0.00000022,0.000000000007798318,6485386,2019-01-24 11:05:28,BTC,2.84646037,0.0,0.00000022,BTC,238606.00237883118,0.00312777,0.0072708,173
1,[],5,[],2019-01-24 11:05:45,7.147e-05,0.00000451,0.00000000015986551900000002,6485389,2019-01-24 11:05:45,btc,0.46051551,0.17886317,0.00000451,btc,0.0004428,0.0,0.84549575,175
1,[],22,[],2019-01-24 12:01:59,58038.0,0.00000092,0.000000000032736268,6485529,2019-01-24 12:01:59,BTC,0.56541542,0.0,0.00000092,BTC,113780.29444388876,0.00575999,0.04138848,176
0,[],2,[],2019-01-20 23:28:34,0.0,0,0,6477001,2019-01-20 23:28:34,,0.0,0.0,0,,0.0,0.0,0.0,178
1,[],7,[],2019-01-24 11:11:37,0.0,0,0,6485463,2019-01-24 11:11:37,btc,10931.193524921044,11769.0,0,btc,124615694.89995944,0.00011769,0.0,178
0,[],22,[],2019-01-24 11:11:48,0.0,0,0,6485464,2019-01-24 11:11:48,,1.00242428,0.0,0,,57512.0,0.0,0.0,178
0,[],23,[],2019-01-20 23:25:08,0.0,0,0,6476952,2019-01-20 23:25:08,,0.0,0.0,0,,0.0,0.0,0.0,179
1,[],5,[],2019-01-24 11:09:11,6e-08,0.00000003,0.000000000001063407,6485414,2019-01-24 11:09:11,btc,14.05650598,0.68930566,0.00000003,btc,2.424e-05,0.0,2.03862169,179
1,[],22,[],2019-01-24 11:09:29,9169423.0,0.00000002,0.0000000000007089380000000001,6485415,2019-01-24 11:09:29,BTC,5.5182925,0.0,0.00000002,"BTC,LTC",17387274.451989967,0.0170954,0.40085644,179
1,[],17,[],2019-01-24 11:58:48,10504.725,0.0000001,0.0000000000035582899999999998,6485500,2019-01-24 11:58:48,btc,5.206984534928556,0.0,0.0000001,btc,7893.797658699999,0.0,0.0010504725,180
1,[],22,[],2019-01-24 11:59:10,1468.0,0.00000031,0.000000000011030699000000001,6485501,2019-01-24 11:59:10,BTC,0.22769588,0.0,0.00000031,"BTC,LTC",26805.816254853482,0.0,0.00040342,180
1,[],26,[],2019-01-24 11:59:20,0.0,0.00000010,0.00000000000355829,6485502,2019-01-24 11:59:20,btc,0.0,3394.02,0.00000010,btc,0.0,0.0,0.0,180
,[],7,[],2018-11-20 22:58:01,562227.975654,0.00000085,0.000000000036176765,4862015,2018-11-20 22:58:01,btc,21836.6059674,2491.87645172,,btc,749999.041456,0.00211021,0.127565380455,183
,[],5,[],2019-01-10 08:11:41,0.0,0,0,6347036,2019-01-10 08:11:41,btc,82.15055501,0.00261,,btc,1.19002445,0.0,0.0,187
1,[],24,[],2019-01-24 11:05:08,0.0,0.000000000001,3.54469e-17,6485380,2019-01-24 11:05:08,btc,0.0,0.0,0.000000000001,btc,0.0,0.0,0.0,187
,[],17,[],2018-11-16 20:58:10,4062536.27273,0.00000001,0.000000000000550501,4708775,2018-11-16 20:58:10,btc,3.36492563466,0.195460381006,,"btc,eth",110697919.549,0.0,0.0157628953496,187
0,[],22,[],2019-01-24 11:13:25,0.0,0,0,6485495,2019-01-24 11:13:25,,1.19413437,0.0,0,,14499.956201072173,0.0,0.0,191
0,[],22,[],2019-01-24 11:10:29,0.0,0,0,6485429,2019-01-24 11:10:29,,0.0,0.0,0,,0.0,0.0,0.0,197
0,[],23,[],2019-01-20 23:31:41,0.0,0,0,6477079,2019-01-20 23:31:41,,0.0,0.0,0,,0.0,0.0,0.0,199
1,[],26,[],2019-01-24 12:02:29,0.0,0.00000000,0,6485536,2019-01-24 12:02:29,btc,0.0,755303.0,0.00000000,btc,0.0,0.0,0.0,199
0,[],17,[],2019-01-24 11:11:49,0.0,0,0,6485465,2019-01-24 11:11:49,btc,6.802544163853061,0.0,0,btc,105897.55575295,0.0,0.0,200
0,[],2,[],2019-01-20 23:30:49,0.0,0,0,6477059,2019-01-20 23:30:49,,0.0,0.0,0,,0.0,0.0,0.0,201
1,[],4,[],2019-01-24 11:13:08,326851.21140097,0.00000950,0.00000000033674555000000003,6485485,2019-01-24 11:13:08,btc,2.0902463916304934,0.0,0.00000950,btc,167967.3781181,0.36107218,1.4587457494622569,211
1,[],7,[],2019-01-24 11:10:40,17872253.53691405,0.000001170000000000000021170673721038202330646527116186916828155517578125,0.000000000041472873000000004,6485434,2019-01-24 11:10:40,btc,16317791.263446698,599900.092788,0.000001170000000000000021170673721038202330646527116186916828155517578125,btc,12690471.72252957,0.70091655,7.98067401758028,212
1,[],5,[],2019-01-24 11:11:24,4.64e-06,0.00000031,0.000000000010988539,6485453,2019-01-24 11:11:24,btc,0.9040501,0.03414936,0.00000031,btc,2.998e-05,0.0,0.14723122,213
1,[],12,[],2019-01-24 11:11:25,234338.00428967,0.000001069999999999999919816744131662034078544820658862590789794921875,0.000000000037928182999999997,6485454,2019-01-24 11:11:25,btc,85023.03782571404,0.0,0.000001069999999999999919816744131662034078544820658862590789794921875,btc,43667.72820726,0.0002344189378095,0.0095477760622029,213
1,[],24,[],2019-01-24 11:11:25,0.0,0.000000050000,0.0000000000017723450000000002,6485455,2019-01-24 11:11:25,btc,0.0,0.0,0.000000050000,btc,0.0,0.0,0.0,213
1,[],26,[],2019-01-24 11:11:26,0.0,0.00000003,0.000000000001063407,6485456,2019-01-24 11:11:26,btc,0.0,0.0,0.00000003,btc,0.0,0.0,0.0,213
1,[],22,[],2019-01-24 12:00:51,302399.2,0.00000005,0.000000000001779145,6485524,2019-01-24 12:00:51,BTC,70.22081867,0.0,0.00000005,BTC,155564.9946272864,0.00119599,0.00586396,216
1,[],27,[],2019-01-24 12:00:52,5087845.0,0.00000011,0.000000000003914119,6485525,2019-01-24 12:00:52,btc,619.88408055716,5755.0,0.00000011,"btc,ltc",268761.09411,0.0040285,0.0534925,216
1,[],22,[],2019-01-24 11:13:38,287723.98182760586,0.00000231,0.000000000081882339,6485497,2019-01-24 11:13:38,BTC,12547.87537727,0.0,0.00000231,BTC,357051.04314279975,0.05300548,0.40582027,217
1,[],7,[],2019-01-24 11:03:18,0.0,0,0,6485353,2019-01-24 11:03:18,btc,302.5779742541106,0.0,0,btc,133650235.62140028,0.0,0.0,219
0,[],27,[],2019-01-24 11:03:20,0.0,0,0,6485354,2019-01-24 11:03:20,,0.0747309448198,0.0,0,btc,1605140.29226592,0.0,0.0,219
0.0000000000000057,[],28,[],2019-01-24 11:03:24,238816286.198,2.280057e-18,8.082095247330001e-23,6485355,2019-01-24 11:03:24,doge,143035.5147817675,26362.0,0.00040001,"btc,doge",6859472.34751,0.0,1.738649571899051e-11,219
1,[],22,[],2019-01-24 11:03:51,209959.5,0.0000007,0.00000000002481283,6485361,2019-01-24 11:03:51,BTC,2.08332423,0.0,0.0000007,BTC,19472.55212317522,0.01222786,0.02459032,221
1,[],24,[],2019-01-24 11:03:51,0.0,0.000000800000,0.000000000028357520000000003,6485362,2019-01-24 11:03:51,btc,0.0,0.0,0.000000800000,btc,0.0,0.0,0.0,221
1,[],26,[],2019-01-24 11:11:50,0.0,0.00000002,0.0000000000007089380000000001,6485466,2019-01-24 11:11:50,btc,0.0,10852.0,0.00000002,btc,0.0,0.0,0.0,231
1,[],26,[],2019-01-24 11:11:20,0.0,0.00000004,0.0000000000014178760000000001,6485451,2019-01-24 11:11:20,btc,0.0,1600.0,0.00000004,btc,0.0,0.0,0.0,234
0,[],27,[],2019-01-24 11:11:22,0.0,0,0,6485452,2019-01-24 11:11:22,,0.001146299618,0.0,0,"btc,eth",11462.99618,0.0,0.0,234
0,[],22,[],2019-01-24 11:02:57,0.0,0,0,6485342,2019-01-24 11:02:57,,3.11852563,0.0,0,,90313875.02329598,0.0,0.0,235
1,[],4,[],2019-01-24 11:13:15,690617.47266422,0.00000105,0.000000000037219245,6485488,2019-01-24 11:13:15,btc,0.2906139349677076,0.0,0.00000105,btc,210481.08834224,0.06011509,0.2169905434725725,236
1,[],24,[],2019-01-24 11:13:15,0.0,0.000000010000,0.00000000000035446900000000003,6485489,2019-01-24 11:13:15,btc,0.0,0.0,0.000000010000,btc,0.0,0.0,0.0,236
1,[],20,[],2019-01-24 11:11:13,34669648.7571,0.000000062,0.0000000000021977078000000003,6485449,2019-01-24 11:11:13,btc,14.1029040295407,24093369.6807,0.000000062,btc,25579607.9564,1.5429141959784,0.398699508925,237
0,[],22,[],2019-01-24 11:11:19,0.0,0,0,6485450,2019-01-24 11:11:19,,0.04083605,0.0,0,,4179.0,0.0,0.0,237
1,[],4,[],2019-01-24 11:05:10,5303260.71040534,0.00000031,0.000000000010988539,6485382,2019-01-24 11:05:10,btc,0.5526879634366295,0.0,0.00000031,btc,1645165.26876442,0.34219472,1.465889040792586,238
1,[],5,[],2019-01-24 11:05:12,3.64e-06,0.00000031,0.000000000010988539,6485383,2019-01-24 11:05:12,btc,0.59011901,0.00048692,0.00000031,btc,2.855e-05,0.0,0.20649639,238
1,[],22,[],2019-01-24 11:05:42,281968.75,0.00000005,0.0000000000017723450000000002,6485387,2019-01-24 11:05:42,BTC,15.41132459,0.0,0.00000005,BTC,240508.69643307183,0.00012245,0.00945438,249
0.00000000008842950000000001,[],22,[],2019-01-24 11:04:24,2422166.0,4.4214750000000006e-18,1.5672758217750003e-22,6485372,2019-01-24 11:04:24,LTC,0.43490749,0.0,0.00000005,LTC,12631887.29,6.632212500000001e-13,0.04470538,252
1,[],28,[],2019-01-24 11:08:33,3215469.1,0.00000009,0.0000000000031902210000000003,6485405,2019-01-24 11:08:33,btc,164692.82142318288,16307.332,0.00000009,btc,1085873.4025,0.0,0.05558683991,256
0,[],27,[],2019-01-24 12:00:14,0.0,0,0,6485517,2019-01-24 12:00:14,,4.96668,0.0,0,"btc,eth",90.59,0.0,0.0,257
1,[],22,[],2019-01-24 12:03:53,57198.375,0.00000008,0.000000000002846632,6485541,2019-01-24 12:03:53,BTC,35605.68067355,0.0,0.00000008,BTC,708394.3310213444,0.00026515,0.00086896,258
1,[],22,[],2019-01-24 11:13:31,6620.804,0.00000750,0.00000000026585175,6485496,2019-01-24 11:13:31,BTC,4.68382194,0.0,0.00000750,BTC,5828.378238095238,0.0,0.03359089,262
1,[],5,[],2019-01-24 11:13:05,4.504e-05,0.00000300,0.00000000010634070000000001,6485483,2019-01-24 11:13:05,btc,7.73890801,0.55325642,0.00000300,btc,0.04474845,0.0,0.18226415,264
1,[],20,[],2019-01-24 11:13:07,1785705.2792,0.00000312,0.00000000011059432800000001,6485484,2019-01-24 11:13:07,btc,5.1219095531543,58576.7156,0.00000312,btc,84705.3917,0.37489097984,0.0444720118751,264
1,[],22,[],2019-01-24 12:01:13,138480.25,0.00000004,0.000000000001423316,6485526,2019-01-24 12:01:13,BTC,6.36366524,0.0,0.00000004,BTC,188536.05470818645,0.00087211,0.00404572,271
0,[],22,[],2019-01-24 12:04:00,0.0,0,0,6485543,2019-01-24 12:04:00,,326.76482434,0.0,0,,10642389200.0,0.0,0.0,272
0,[],28,[],2019-01-24 11:02:30,0.0,0,0,6485335,2019-01-24 11:02:30,,0.0,0.0,0,,0.0,0.0,0.0,272
