pairValue,buyBook,exchangeId,sellBook,updated,buyTotal,satoshiPrice,usdPrice,exchangeLogId,created,bestPair,sellTotalBtc,volume,pairPrice,activePairs,sellTotal,volumeBtc,buyTotalBtc,coinId
1,[],3,[],2019-07-05 12:51:59,31559.277338188396,0.007562260000000000335906857884538112557493150234222412109375,0.000000849870978032,7799100,2019-07-05 12:51:59,btc,11.50918824989118,79.4484124027,0.007562260000000000335906857884538112557493150234222412109375,btc,39.278540154854,0.0,0.24460290733668827,1
1,[],4,[],2019-07-05 12:52:00,673196.76198867,0.00797631,0.000000896403241992,7799101,2019-07-05 12:52:00,btc,11.010670559076976,0.0,0.00797631,btc,621.16963768,7.44241599,5.198917087343346,1
1,[],5,[],2019-07-05 12:52:03,0.0,0,0,7799102,2019-07-05 12:52:03,btc,0.0,0.00033369,0,btc,0.0,0.0,0.0,1
1,[],10,[],2019-07-05 12:52:06,246939.52731596,0.00255353,0.000000286973872696,7799103,2019-07-05 12:52:06,btc,6525.017796440737,1160.86980618,0.00255353,btc,1898.03594733,0.0,1.3507426165358771,1
1,[],12,[],2019-07-05 12:52:09,92.2663644,0.00779999999999999964195307455838701571337878704071044921875,0.00000087658896,7799104,2019-07-05 12:52:09,btc,0.6287410990283999,0.0,0.00779999999999999964195307455838701571337878704071044921875,btc,26.650277,1.176364964804,0.1956017501941,1
1,[],20,[],2019-07-05 12:52:11,928.6558,0.00763936,0.000000858535722752,7799105,2019-07-05 12:52:11,btc,0.1469357966692,0.6301,0.00763936,btc,10.9111,0.005229748087,0.1266270318201,1
1,[],21,[],2019-07-05 12:52:13,2768.35025106,0.007833079999999999210036349950,0.0000008803065962559999,7799106,2019-07-05 12:52:13,btc,7.842860111640346,4013.18352102,0.007833079999999999210036349950314615853130817413330078125,"btc,eth",1463.6079821399999,28.552836818923353,16.777049466043394,1
1,[],22,[],2019-07-05 12:52:17,1.1199,0.00200000,0.0000002247664,7799107,2019-07-05 12:52:17,BTC,0.01745874,0.0,0.00200000,BTC,0.3250713944909389,0.0,0.00197189,1
1,[],24,[],2019-07-05 12:52:18,0.0,0.000000000000,0,7799108,2019-07-05 12:52:18,btc,0.0,0.0,0.000000000000,btc,0.0,0.0,0.0,1
0.0,[],25,[],2019-07-05 12:52:19,0.0,0,0,7799109,2019-07-05 12:52:19,btc,17.377099999408195,5601.31301332,0.0,btc,2128.38742335,44.0,0.0,1
1,[],26,[],2019-07-05 12:52:22,0.0,0,0,7799110,2019-07-05 12:52:22,,0.0,0.0,0,,0.0,0.0,0.0,1
1,[],28,[],2019-07-05 12:52:34,1040.923,0.00730000,0.00000082039736,7799111,2019-07-05 12:52:34,btc,0.373339197,118666.8119,0.00730000,btc,23.6711,0.0,0.26805679046,1
0,[],2,[],2019-01-20 23:28:45,0.0,0,0,6477011,2019-01-20 23:28:45,,0.0,0.0,0,,0.0,0.0,0.0,1
1,[],5,[],2019-07-05 12:52:35,0.0,0,0,7799112,2019-07-05 12:52:35,btc,0.0,0.0087625,0,btc,0.0,0.0,0.0,2
0,[],22,[],2019-07-05 12:52:38,0.0,0,0,7799113,2019-07-05 12:52:38,,0.0,0.0,0,,0.0,0.0,0.0,2
1,[],5,[],2019-06-03 14:48:58,0.0,0,0,7731126,2019-06-03 14:48:58,btc,0.0,0.05905545,0,btc,0.0,0.0,0.0,3
1,[],12,[],2019-06-03 14:48:59,3468623.70302,0.000000116,0.000000000009823402000000002,7731127,2019-06-03 14:48:59,btc,169531.0336573751,0.0,0.000000116,btc,2361209.62379607,0.041350953071,0.33764769154428,3
0,[],28,[],2019-06-03 14:49:00,0.0,0,0,7731128,2019-06-03 14:49:00,,0.0,0.0,0,,0.0,0.0,0.0,3
0,[],2,[],2019-01-20 23:31:32,0.0,0,0,6477077,2019-01-20 23:31:32,,0.0,0.0,0,,0.0,0.0,0.0,4
1,[],4,[],2019-05-18 21:29:50,562734.9206932,0.00000010,0.000000000007298720000000001,7650946,2019-05-18 21:29:50,btc,41.9347137769675,0.0,0.00000010,btc,1123702.32192634,0.00052462,0.029254593370966,4
0,[],12,[],2019-06-02 05:03:43,0.0,0,0,7724919,2019-06-02 05:03:43,btc,625.901992874995,0.0,0,btc,1211362.4995005,0.0,0.0,5
0,[],2,[],2019-01-20 23:31:51,0.0,0,0,6477087,2019-01-20 23:31:51,,0.0,0.0,0,,0.0,0.0,0.0,6
1,[],11,[],2019-07-03 09:34:02,4305910.27673599,0.00000001,0.000000000001114197,7791170,2019-07-03 09:34:02,btc,9583.61440324221,317319.0,0.00000001,btc,78212351.53970686,0.0,0.0430591027673599,6
1,[],3,[],2019-07-05 12:52:39,14327.448585411414,0.000063109999999999997154741249172360539887449704110622406005859375,0.0000000070925037519999995,7799114,2019-07-05 12:52:39,btc,1028.1498231702842,553.35873875,0.000063109999999999997154741249172360539887449704110622406005859375,btc,442.502848704402,0.0,0.022254545190885572,7
1,[],4,[],2019-07-05 12:52:40,321555.05798517,0.00006741,0.000000007575751512,7799115,2019-07-05 12:52:40,btc,6.437804966265632,0.0,0.00006741,btc,52881.72671424,2.15768948,2.354510131461947,7
1,[],5,[],2019-07-05 12:52:42,0.0,0,0,7799116,2019-07-05 12:52:42,btc,0.0,0.23480173,0,btc,0.0,0.0,0.0,7
1,[],20,[],2019-04-07 22:06:50,3201475.0482,0.000000001,0.000000000000051590000000000004,7213932,2019-04-07 22:06:50,btc,30.8005781811902,0.0,0.000000001,btc,23077405.3926,0.0,0.0032014750482,8
0,[],2,[],2019-01-20 23:22:42,0.0,0,0,6476876,2019-01-20 23:22:42,,0.0,0.0,0,,0.0,0.0,0.0,9
1,[],4,[],2019-07-05 12:52:44,1709130.53207085,0.00000041,0.000000000046077112,7799117,2019-07-05 12:52:44,btc,3.0097204148010444,0.0,0.00000041,btc,3228520.62974618,0.25933006,0.2588014467451116,9
1,[],28,[],2019-07-05 12:52:46,20043.809,0.00000042,0.000000000047200944,7799118,2019-07-05 12:52:46,btc,2708.795936875,131532.0,0.00000042,btc,60856.555,0.0,0.00270157978,9
0,[],23,[],2019-01-20 23:22:48,0.0,0,0,6476878,2019-01-20 23:22:48,,0.0,0.0,0,,0.0,0.0,0.0,9
1,[],1,[],2019-02-17 23:31:42,1822507.21,0.00000181000000000000003456111265232042484285557293333113193511962890625,0.000000000066086901,6701244,2019-02-17 23:31:42,btc,3.6990969245,17153386.5,0.00000181000000000000003456111265232042484285557293333113193511962890625,btc,1997391.71,31.11772986,3.2610482446,9
1,[],4,[],2019-02-17 11:22:43,4341674.27126056,0.00000002,0.0000000000007272960000000001,6696112,2019-02-17 11:22:43,btc,0.1997230937751353,0.0,0.00000002,btc,4109766.79808031,0.00215132,0.0479381022052112,10
1,[],4,[],2019-07-05 12:52:47,27959199.96071234,0.00000020,0.00000000002247664,7799119,2019-07-05 12:52:47,btc,7.520842063170279,0.0,0.00000020,btc,10056790.35031692,0.5337448,1.6803488026956488,12
1,[],5,[],2019-07-05 12:52:48,0.0,0,0,7799120,2019-07-05 12:52:48,btc,0.0,0.13783625,0,btc,0.0,0.0,0.0,12
0.0,[],25,[],2019-07-05 12:52:50,0.0,0,0,7799121,2019-07-05 12:52:50,,0.0,0.0,0.0,btc,0.0,0.0,0.0,12
0,[],2,[],2019-01-20 23:23:08,0.0,0,0,6476890,2019-01-20 23:23:08,,0.0,0.0,0,,0.0,0.0,0.0,12
1,[],4,[],2019-07-03 05:13:15,584689.47355813,0.00000244,0.0000000002788066,7790600,2019-07-03 05:13:15,btc,2.1849123684917955,0.0,0.00000244,btc,410884.35721095,0.22629225,0.257981043015862,13
1,[],21,[],2019-07-03 05:13:19,5464503.61926811,0.000002560000000000000053561755725,0.0000000002925184,7790601,2019-07-03 05:13:19,btc,2.210907882880977,615243.9733135,0.0000025600000000000000535617557251288900488361832685768604278564453125,btc,645862.4277429,1.61860588,2.668924574171489,13
1,[],10,[],2019-07-03 04:50:28,599111.48051128,0.00000253,0.000000000286717816,7790504,2019-07-03 04:50:28,btc,666798.5185763352,11564.1307772,0.00000253,btc,1070197.84077692,0.0,0.2329213413435623,13
1,[],4,[],2019-07-05 12:52:51,1063486.78651984,0.00000030,0.00000000003371496,7799122,2019-07-05 12:52:51,btc,3.082057593756234,0.0,0.00000030,btc,1543132.59817079,0.01281577,0.089354581726704,14
1,[],12,[],2019-07-05 12:52:53,233521.26756786,0.00000036,0.000000000040457952,7799123,2019-07-05 12:52:53,btc,186.3646390435378,0.0,0.00000036,btc,47795.13063194,2.5e-06,0.01579920999999,14
1,[],26,[],2019-07-05 12:54:53,0.0,0.00000050,0.0000000000561916,7799124,2019-07-05 12:54:53,btc,0.0,0.0,0.00000050,btc,0.0,0.0,0.0,14
0,[],17,[],2019-05-03 00:53:32,0.0,0,0,7558876,2019-05-03 00:53:32,btc,0.0,0.0,0,btc,0.0,0.0,0.0,14
0,[],4,[],2019-07-05 12:54:54,0.0,0,0,7799125,2019-07-05 12:54:54,,0.0,0.0,0,,0.0,0.0,0.0,15
,[],12,[],2018-12-01 15:15:48,204241.84496,0.00000489,0.000000000202473384,5260204,2018-12-01 15:15:48,btc,49.5475654835,0.0,,btc,35763.2193806,0.0163153972027625,0.0203389899998,15
1,[],4,[],2019-07-05 12:54:55,32509.639711,0.00000816,0.000000000917046912,7799126,2019-07-05 12:54:55,btc,2.3636988772613456,0.0,0.00000816,btc,16708.6293792,0.04373176,0.0527307265009334,18
1,[],10,[],2019-07-05 12:54:58,398315.64605802,0.00000865,0.00000000097211468,7799127,2019-07-05 12:54:58,btc,15.05716541550121,4312.30428059,0.00000865,btc,18392.33129305,0.0,0.2782074682605022,18
1,[],12,[],2019-07-05 12:54:59,2151.78151141,0.000008240000000000000728267272875893212358278105966746807098388671875,0.0000000009260375680000001,7799128,2019-07-05 12:54:59,btc,0.5284116357423554,0.0,0.000008240000000000000728267272875893212358278105966746807098388671875,btc,1921.57519671,4.853508e-06,0.0043797039709532,18
0,[],2,[],2019-01-20 23:23:38,0.0,0,0,6476906,2019-01-20 23:23:38,,0.0,0.0,0,,0.0,0.0,0.0,18
0,[],17,[],2019-05-03 00:53:39,0.0,0,0,7558882,2019-05-03 00:53:39,btc,0.0,0.0,0,btc,0.0,0.0,0.0,18
1,[],3,[],2019-07-05 12:57:00,163277.36643132783,0.000007930000000000000308190972742039548393222503364086151123046875,0.0000000008911987760000001,7799129,2019-07-05 12:57:00,btc,190.36552561100603,15898.3453255,0.000007930000000000000308190972742039548393222503364086151123046875,btc,18377.475974820634,0.0,0.1151378762372623,19
1,[],4,[],2019-07-05 12:57:01,288613.55119653,0.00000627,0.000000000704642664,7799130,2019-07-05 12:57:01,btc,2.571567528009044,0.0,0.00000627,btc,171700.60583584,0.5166376,1.1908414932620304,19
1,[],5,[],2019-07-05 12:57:03,0.0,0,0,7799131,2019-07-05 12:57:03,btc,0.0,0.0,0,btc,0.0,0.0,0.0,19
1,[],12,[],2019-07-05 12:57:04,107408.0554006,0.00000581000000000000027707003358301562911947257816791534423828125,0.000000000652946392,7799132,2019-07-05 12:57:04,btc,0.3691220336690722,0.0,0.00000581000000000000027707003358301562911947257816791534423828125,btc,3006.56833916,0.0,0.0102080399998867,19
0,[],27,[],2019-07-05 12:57:12,0.0,0,0,7799133,2019-07-05 12:57:12,,0.0,0.0,0,btc,0.0,0.0,0.0,19
0,[],2,[],2019-01-20 23:24:19,0.0,0,0,6476924,2019-01-20 23:24:19,,0.0,0.0,0,,0.0,0.0,0.0,19
1,[],4,[],2019-07-05 12:57:13,9925191.09278478,0.00000005,0.00000000000561916,7799134,2019-07-05 12:57:13,btc,5.162858526649613,0.0,0.00000005,btc,2244806.83713707,0.0,0.1102994166205056,20
0,[],4,[],2019-07-03 05:17:38,0.0,0,0,7790614,2019-07-03 05:17:38,,13630.874493644571,0.0,0,,166276624.1737067,0.0,0.0,21
0,[],12,[],2019-07-03 05:17:41,0.0,0,0,7790615,2019-07-03 05:17:41,btc,2602.9596941675427,0.0,0,btc,9905024.55244751,3.996e-08,0.0,21
0,[],17,[],2019-05-03 00:53:51,0.0,0,0,7558891,2019-05-03 00:53:51,btc,0.0,0.0,0,btc,0.0,0.0,0.0,21
1,[],12,[],2019-07-05 12:57:14,7275372670.864567,0.0000000006,0.00000000000006742992,7799135,2019-07-05 12:57:14,btc,1426620318796.5923,0.0,0.0000000006,btc,3312444334.207788,0.102555293711,2.614688836345483,23
0.0000000002603006,[],27,[],2019-07-05 12:57:22,101145216.56843147,1.301503e-16,1.4626707194960002e-20,7799136,2019-07-05 12:57:22,eth,11368.281798525426,16485404.44455545,0.0000005,eth,13226360.9468152,2.1455803334873322e-09,9.270889229882388e-09,23
1,[],4,[],2019-06-22 05:45:29,6100414.07522138,0.00000017,0.00000000001823352,7751732,2019-06-22 05:45:29,btc,10.22685272773715,0.0,0.00000017,btc,1790815.48208265,0.0,0.1345450262400025,24
0,[],22,[],2019-06-22 05:45:31,0.0,0,0,7751733,2019-06-22 05:45:31,,6.22e-05,0.0,0,,517.4264705882352,0.0,0.0,24
0.0,[],25,[],2019-06-22 05:45:32,0.0,0,0,7751734,2019-06-22 05:45:32,,0.0,0.0,0.0,btc,0.0,0.0,0.0,24
1,[],4,[],2019-07-05 12:57:23,26988506.94017047,0.00000322,0.000000000361873904,7799137,2019-07-05 12:57:23,btc,7.293038668272982,0.0,0.00000322,btc,207759.33338106,0.10521445,0.5010632784220672,26
1,[],10,[],2019-07-05 12:57:25,227632.28595181,0.0000033,0.00000000037086456,7799138,2019-07-05 12:57:25,btc,26.168543924160268,8997.20999824,0.0000033,btc,21031.0219544,0.0,0.0477613863609564,26
0,[],2,[],2019-01-20 23:25:56,0.0,0,0,6476976,2019-01-20 23:25:56,,0.0,0.0,0,,0.0,0.0,0.0,26
1,[],5,[],2019-04-26 09:47:06,0.0,0,0,7465326,2019-04-26 09:47:06,btc,0.0,0.0,0,btc,0.0,0.0,0.0,27
1,[],3,[],2019-06-17 14:30:26,13571825.64059417,0.00000001,0.00000000000092914,7740112,2019-06-17 14:30:26,btc,3.485049956644059,4264730.43754,0.00000001,btc,23500048.28518193,0.0,0.1357182564059417,27
1,[],11,[],2019-06-17 14:30:28,2031833.58157834,0.00000001,0.00000000000092914,7740113,2019-06-17 14:30:28,btc,67502.92060589766,32677.9652116,0.00000001,btc,6487362.95640949,0.0,0.0203183358157834,27
0.0000000001063874,[],4,[],2019-07-05 12:57:25,546161710.527068,8.298217200000001e-17,9.325802032310401e-21,7799139,2019-07-05 12:57:25,ltc,10.877296659213998,0.0,0.00000078,ltc,695112044.8698986,0.00215738,1.2381622337422164e-08,29
1,[],7,[],2019-07-05 12:57:27,0.0,0,0,7799140,2019-07-05 12:57:27,btc,46548272.69402292,522107.892108,0,btc,56666342.91508113,0.00522108,0.0,29
1,[],4,[],2019-07-05 12:57:28,15158912.64086708,0.00000004,0.000000000004495328,7799141,2019-07-05 12:57:28,btc,2.573393984778842,0.0,0.00000004,btc,2249253.14278687,0.0,0.1662822053373416,30
0,[],17,[],2019-05-03 01:11:25,0.0,0,0,7559066,2019-05-03 01:11:25,btc,0.0,0.0,0,btc,0.0,0.0,0.0,30
1,[],4,[],2019-07-05 11:59:56,244850.77724155,0.00003063,0.000000003469043532,7799026,2019-07-05 11:59:56,btc,3.0553150000603737,0.0,0.00003063,btc,53267.88216116,0.27819029,0.9465464233279779,31
1,[],21,[],2019-07-05 11:59:57,670700.39916864,0.00003211999999999999740301487305,0.0000000036377955679999996,7799027,2019-07-05 11:59:57,btc,3.596781350575591,35887.03299419,0.000032119999999999997403014873054161171239684335887432098388671875,btc,89473.19151074,1.17335275,2.2952236634776404,31
0,[],2,[],2019-01-20 23:28:43,0.0,0,0,6477009,2019-01-20 23:28:43,,0.0,0.0,0,,0.0,0.0,0.0,32
1,[],12,[],2019-03-30 07:55:10,40641173.964,0.00000003,0.000000000001228359,7108785,2019-03-30 07:55:10,btc,4233210.82356125,0.0,0.00000003,btc,28378394.68333462,0.0126927883965248,0.90752895892,33
0,[],4,[],2019-07-05 11:59:58,0.0,0,0,7799028,2019-07-05 11:59:58,,0.0,0.0,0,,0.0,0.0,0.0,33
0.0000000001067671,[],4,[],2019-07-05 12:00:00,148220964.48009655,4.1639169000000004e-17,4.7159023799316e-21,7799029,2019-07-05 12:00:00,ltc,4.576089320951032,0.0,0.00000039,ltc,170271053.5480005,0.0,5.995462728120301e-10,34
1,[],5,[],2019-07-05 12:00:01,0.0,0,0,7799030,2019-07-05 12:00:01,btc,0.0,0.0,0,btc,0.0,0.0,0.0,34
0.0000000002926451,[],17,[],2019-05-02 18:17:47,200000.0,2.9264510000000002e-18,1.596703856561e-22,7556430,2019-05-02 18:17:47,eth,0.20942468735267253,0.0,0.00000001,"btc,eth",1018272.20243647,0.0,5.852902e-13,36
0.0000000001311821,[],4,[],2019-05-31 13:28:19,2417517744.0607657,1.311821e-18,1.105058333085e-22,7717483,2019-05-31 13:28:19,ltc,5.019900492391546e-08,0.0,0.00000001,ltc,7102398142.262129,0.0,3.171350544531538e-09,36
1,[],5,[],2019-05-31 13:28:21,0.0,0,0,7717484,2019-05-31 13:28:21,btc,0.0,0.0,0,btc,0.0,0.0,0.0,36
0.0000000003108179,[],27,[],2019-05-31 13:30:34,10388811.226876,6.216358000000001e-18,5.236566733830001e-22,7717485,2019-05-31 13:30:34,eth,1569.8708019850988,761866.634299,0.00000002,"ltc,eth",5084024.2511555,4.736034912207001e-12,3.3251980286483705e-11,36
1,[],4,[],2019-06-25 10:05:55,10747826.61931615,0.00000014,0.000000000015920562,7762320,2019-06-25 10:05:55,btc,19773.05513423956,0.0,0.00000014,btc,682946.14349671,0.0006293,0.1362851255028938,37
1,[],12,[],2019-06-25 10:05:57,4167862.54235103,0.00000013,0.000000000014783379,7762321,2019-06-25 10:05:57,btc,7.381091518261743,0.0,0.00000013,btc,1713444.53926904,0.016313049979,0.1478110147956336,37
1,[],27,[],2019-06-25 10:08:02,10970.0,0.00000019,0.000000000021606477,7762322,2019-06-25 10:08:02,btc,22.62970013895233,0.0,0.00000019,btc,4298.824295,0.0,0.00167419,37
1,[],17,[],2019-05-03 01:11:36,211752.74075282,0.00000025,0.000000000013700074999999998,7559074,2019-05-03 01:11:36,btc,0.055484923955058496,0.0,0.00000025,"btc,eth",1387.19918473,0.0,0.0005381851887916605,37
1,[],5,[],2019-07-05 12:00:03,0.0,0,0,7799031,2019-07-05 12:00:03,btc,0.0,0.15528,0,btc,0.0,0.0,0.0,42
1,[],12,[],2019-07-05 12:00:04,194366.34667567,0.00000077,0.000000000087207428,7799032,2019-07-05 12:00:04,btc,525.257097225955,0.0,0.00000077,btc,148564.06560932,0.055043757634,0.043698729999941,42
1,[],27,[],2019-07-05 12:00:13,14900.0,0.0000005,0.0000000000566282,7799033,2019-07-05 12:00:13,btc,0.16000285,0.0,0.0000005,"btc,eth",32.0,0.0,0.007402,42
1,[],12,[],2019-03-13 09:13:29,1112112.0,0.00000001,0.000000000000386531,6919902,2019-03-13 09:13:29,btc,29058.00478931866,0.0,0.00000001,btc,5967681.93306694,9.99000999e-07,0.01112112,43
1,[],5,[],2019-04-26 22:38:52,0.0,0,0,7474154,2019-04-26 22:38:52,btc,0.0,0.02638891,0,btc,0.0,0.0,0.0,43
0,[],17,[],2019-04-26 22:38:53,0.0,0,0,7474155,2019-04-26 22:38:53,btc,0.0,0.0,0,btc,0.0,0.0,0.0,43
1,[],12,[],2019-03-05 01:54:08,639326.02,0.00000004,0.000000000001486676,6845775,2019-03-05 01:54:08,btc,11116042.728239931,0.0,0.00000004,btc,1103841.4595604,0.0003330765234764,0.014975410599999999,44
0.0000000001067671,[],4,[],2019-07-05 12:00:15,105790664.59975255,4.8045195e-17,5.441425822998e-21,7799034,2019-07-05 12:00:15,ltc,1804.417311778249,0.0,0.00000045,ltc,28400390.67363348,0.0,4.5915657124979077e-10,49
0.0000000001067671,[],4,[],2019-07-05 12:00:16,317608205.98000884,2.5624104000000003e-17,2.9020937722656003e-21,7799035,2019-07-05 12:00:16,ltc,25191.98075518414,0.0,0.00000024,ltc,193337787.6981778,0.0,1.9682613811956304e-09,52
0,[],22,[],2019-07-05 12:00:19,0.0,0,0,7799036,2019-07-05 12:00:19,,10289.80784133,0.0,0,,287058287.4566013,0.0,0.0,57
0,[],27,[],2019-07-05 12:00:28,0.0,0,0,7799037,2019-07-05 12:00:28,,0.0,0.0,0,"btc,eth",0.0,0.0,0.0,57
0.00000000007846270000000001,[],22,[],2019-07-05 12:02:34,126877.0,7.846270000000001e-19,8.88640293628e-23,7799040,2019-07-05 12:02:34,XMR,68.17454206,0.0,0.00000001,XMR,9626402.6,0.0,0.00126877,58
1,[],17,[],2019-05-03 01:12:09,1200000.0,0.0000000001,0.00000000000000548003,7559085,2019-05-03 01:12:09,btc,1e+24,0.0,0.0000000001,"btc,eth",39516342.31952568,0.0,0.00010000000058666061,58
0,[],4,[],2019-07-05 12:00:28,0.0,0,0,7799038,2019-07-05 12:00:28,,19.71911834878202,0.0,0,,6108698378.36852,0.0,0.0,58
0,[],12,[],2019-07-05 12:00:30,0.0,0,0,7799039,2019-07-05 12:00:30,btc,658109592.6218107,0.0,0,btc,4028797226.251715,0.000301421279,0.0,58
1,[],5,[],2019-06-17 14:31:27,0.0,0,0,7740135,2019-06-17 14:31:27,btc,0.0,0.00079154,0,btc,0.0,0.0,0.0,61
1,[],22,[],2019-06-17 14:31:30,13612.833333333334,0.00000012,0.00000000001114968,7740136,2019-06-17 14:31:30,BTC,1002.29123003,0.0,0.00000012,BTC,15014.200177125656,0.0,0.00153257,61
1,[],26,[],2019-06-17 14:31:30,0.0,0.00000050,0.000000000046457,7740137,2019-06-17 14:31:30,btc,0.0,0.0,0.00000050,btc,0.0,0.0,0.0,61
1,[],27,[],2019-06-17 14:31:36,8400.0,0.00000018,0.00000000001672452,7740138,2019-06-17 14:31:36,btc,1.9742539297246655,0.0,0.00000018,"btc,eth",10953.51663696,0.0,0.001512,61
0,[],28,[],2019-06-17 14:31:38,0.0,0,0,7740139,2019-06-17 14:31:38,,0.0,0.0,0,,0.0,0.0,0.0,61
1,[],4,[],2019-07-05 12:02:35,1494450.83994817,0.00000042,0.000000000047567688,7799041,2019-07-05 12:02:35,btc,3.3255460596653226,0.0,0.00000042,btc,1326456.10358979,0.10236834,0.3027029035957098,67
0.0,[],25,[],2019-07-05 12:02:37,0.0,0,0,7799042,2019-07-05 12:02:37,,0.0,0.0,0.0,btc,0.0,0.0,0.0,67
1,[],12,[],2019-06-02 06:23:14,910048.355,0.00000006,0.000000000005154929999999999,7725270,2019-06-02 06:23:14,btc,5.167005424215783,0.0,0.00000006,btc,738530.60239759,0.003159757462,0.0187188113,71
,[],5,[],2018-11-20 23:02:39,1.5e-07,0.00000005,0.000000000002128045,4862160,2018-11-20 23:02:39,btc,2.84511358,0.0,,btc,0.00036572,0.0,0.07381892,74
1,[],5,[],2019-07-05 12:02:39,0.0,0,0,7799043,2019-07-05 12:02:39,btc,0.0,0.01438112,0,btc,0.0,0.0,0.0,75
1,[],4,[],2019-06-04 03:25:15,715281.46076168,0.00000001,0.000000000000803619,7734085,2019-06-04 03:25:15,btc,581089.6218469425,0.0,0.00000001,btc,37692563.61091116,0.0,0.0071528146076168,81
0,[],20,[],2019-01-25 09:30:31,0.0,0,0,6495923,2019-01-25 09:30:31,btc,0.0,0.0,0,btc,0.0,0.0,0.0,81
1,[],4,[],2019-07-05 12:02:40,184098.84847758,0.00006345,0.00000000718611858,7799044,2019-07-05 12:02:40,btc,59.22721096017082,0.0,0.00006345,btc,130676.6446935,0.47808152,0.2997975893867336,82
1,[],21,[],2019-07-05 12:02:42,283988.07013375,0.00006370999999999999818638130034,0.000000007215565243999999,7799045,2019-07-05 12:02:42,btc,4.209558671379928,12563.35773141,0.00006370999999999999818638130033576771893422119319438934326171875,btc,46978.8208872,0.79603265,2.7731144512241532,82
0,[],17,[],2019-03-25 22:42:34,0.0,0,0,7038780,2019-03-25 22:42:34,btc,0.0445064681804024,0.0,0,btc,995513.18476001,0.0,0.0,84
0.0000000001161485,[],4,[],2019-05-20 13:09:39,216715621.0206096,1.161485e-18,9.0533806701e-23,7657228,2019-05-20 13:09:39,ltc,1.6511566870244727,0.0,0.00000001,ltc,471032407.9048656,0.0,2.5171194308112273e-10,85
,[],22,[],2018-11-20 23:09:34,3408.1,0.0000001,0.0000000000041895,4862324,2018-11-20 23:09:34,BTC,0.04624735,0.0,,BTC,4990.0,0.0,0.00033081,86
1,[],22,[],2019-07-05 12:02:45,27288.0,0.00000001,0.000000000001132564,7799046,2019-07-05 12:02:45,BTC,1.86394917,0.0,0.00000001,BTC,388878.94736842107,0.00014,0.00027288,87
1,[],27,[],2019-07-05 12:02:52,82056.3,0.00000006,0.0000000000067953839999999996,7799047,2019-07-05 12:02:52,btc,15.9747898956,2750.0,0.00000006,btc,643251.188,0.000165,0.004461768,87
,[],2,[],2018-11-20 23:10:47,0.0,0,0,4862359,2018-11-20 23:10:47,,0.0,0.0,,,0.0,0.0,0.0,88
1,[],11,[],2019-06-17 14:31:59,193715.3529613,0.000073310000000000001140094962881477158589405007660388946533203125,0.00000000681152534,7740147,2019-06-17 14:31:59,btc,168.35454702024953,5791.70569014,0.000073310000000000001140094962881477158589405007660388946533203125,btc,196971.41170107,0.0,1.1996165759440112,89
1,[],12,[],2019-07-05 12:02:54,397385.96059309,0.00000027,0.000000000030579228,7799048,2019-07-05 12:02:54,btc,121.18680209462886,0.0,0.00000027,btc,293960.61982937,2.0627e-05,0.0258718033538409,91
1,[],22,[],2019-07-05 12:04:58,75900.0,0.00000001,0.000000000001132564,7799049,2019-07-05 12:04:58,BTC,0.495,0.0,0.00000001,"BTC,LTC",4.95,0.0,0.001659,91
0,[],2,[],2019-01-20 23:31:45,0.0,0,0,6477083,2019-01-20 23:31:45,,0.0,0.0,0,,0.0,0.0,0.0,91
0,[],17,[],2019-05-03 01:12:26,0.0,0,0,7559096,2019-05-03 01:12:26,btc,0.0,0.0,0,btc,0.0,0.0,0.0,91
1,[],22,[],2019-07-05 12:05:02,94060.0,0.00000002,0.000000000002265128,7799050,2019-07-05 12:05:02,BTC,11.52307074,0.0,0.00000002,"BTC,LTC",341043.4683191416,0.0,0.0662712,95
0.0000000001067671,[],4,[],2019-07-05 12:05:03,537953130.274114,2.9894788e-17,3.3857760676432e-21,7799051,2019-07-05 12:05:03,ltc,10.868243576096614,0.0,0.00000028,ltc,153089150.03844762,0.0,7.22286250013218e-10,96
0,[],12,[],2019-07-05 12:05:05,0.0,0,0,7799052,2019-07-05 12:05:05,btc,36.38379579651349,0.0,0,btc,10035220.65134864,0.0,0.0,96
0,[],17,[],2019-05-03 01:12:32,0.0,0,0,7559100,2019-05-03 01:12:32,btc,0.0,0.0,0,btc,0.0,0.0,0.0,96
1,[],4,[],2019-04-14 03:32:46,1039404.33283278,0.00000038,0.000000000019245518,7293458,2019-04-14 03:32:46,btc,4.170086055365747,0.0,0.00000038,btc,3097704.34561074,0.06260606,0.1859928211030784,99
1,[],4,[],2019-07-05 12:07:05,175053.15668711,0.00001218,0.000000001379462952,7799053,2019-07-05 12:07:05,btc,12.880428815140775,0.0,0.00001218,btc,286695.28911396,0.12034526,0.3679440267347847,100
0,[],2,[],2019-01-20 23:23:55,0.0,0,0,6476914,2019-01-20 23:23:55,,0.0,0.0,0,,0.0,0.0,0.0,100
1,[],22,[],2019-06-05 06:30:35,150000.0,0.00000002,0.000000000001558192,7740007,2019-06-05 06:30:35,BTC,28.56386409,0.0,0.00000002,BTC,12787.719,0.0,0.0017,101
1,[],4,[],2019-07-05 12:07:07,505148.48538373,0.00000134,0.000000000151763576,7799054,2019-07-05 12:07:07,btc,882.6015491396035,0.0,0.00000134,btc,756168.39382148,0.00029274,0.0815191622718235,103
1,[],12,[],2019-06-17 14:32:14,179201505.10870332,0.000000005,0.00000000000046457,7740154,2019-06-17 14:32:14,btc,113577.79366343976,0.0,0.000000005,btc,79148141.67831126,0.019059029059,0.27280986350611003,105
1,[],27,[],2019-06-17 14:32:19,18306828.03496503,0.00000002,0.00000000000185828,7740155,2019-06-17 14:32:19,btc,180.7198218385489,1083.96503497,0.00000002,btc,276513.60142659,7.588e-05,0.3661365606993006,105
1,[],22,[],2019-04-21 00:17:26,21333.0,0.00000001,0.000000000000532493,7385819,2019-04-21 00:17:26,BTC,51.38182867,0.0,0.00000001,BTC,470435.0,0.0,0.00021333,107
1,[],26,[],2019-04-21 00:17:26,0.0,0.00000000,0,7385820,2019-04-21 00:17:26,btc,0.0,0.0,0.00000000,btc,0.0,0.0,0.0,107
1,[],5,[],2019-07-05 12:07:10,0.0,0,0,7799055,2019-07-05 12:07:10,btc,0.0,0.0,0,btc,0.0,0.0,0.0,112
0,[],22,[],2019-07-05 12:07:13,0.0,0,0,7799056,2019-07-05 12:07:13,,6.79500102,0.0,0,,3375892.0833333335,0.0,0.0,112
1,[],27,[],2019-07-05 12:07:21,1.0,0.00000001,0.000000000001132564,7799057,2019-07-05 12:07:21,btc,0.0,0.0,0.00000001,"btc,eth",0.0,0.0,1e-08,112
1,[],4,[],2019-07-05 12:07:22,1277149.43106117,0.00000038,0.000000000043037432,7799058,2019-07-05 12:07:22,btc,6.403478048876208,0.0,0.00000038,btc,976063.19838774,0.01706906,0.155413835136099,113
1,[],5,[],2019-07-05 12:07:24,0.0,0,0,7799059,2019-07-05 12:07:24,btc,0.0,0.0001952,0,btc,0.0,0.0,0.0,113
1,[],27,[],2019-07-05 12:09:32,95525.16595526,0.00000001,0.000000000001132564,7799060,2019-07-05 12:09:32,btc,3918.966122084,0.0,0.00000001,btc,85259.687,0.0,0.0009552516595526,116
1,[],17,[],2019-04-26 02:17:47,162738.278,0.00000004,0.0000000000021069000000000002,7461287,2019-04-26 02:17:47,btc,1.3331140273775473,0.0,0.00000004,btc,51796.221,0.0,0.00230953112,116
1,[],4,[],2019-05-21 22:31:11,138169.03963019,0.00000701,0.000000000558364025,7664793,2019-05-21 22:31:11,btc,150.95388250938234,0.0,0.00000701,btc,344631.17141974,0.07552974,0.4288357684941946,120
1,[],7,[],2019-05-21 22:31:12,3901.07750076,0.000010679999999999999389654892212320191902108490467071533203125,0.0000000008506887,7664794,2019-05-21 22:31:12,btc,231188.94669936574,0.0,0.000010679999999999999389654892212320191902108490467071533203125,btc,4133.83151364,0.0,0.0113888422364489,120
1,[],20,[],2019-04-07 18:42:29,1914137.0852,0.000000035,0.0000000000017871910000000002,7211992,2019-04-07 18:42:29,btc,32.2497668025648,25528.85,0.000000035,btc,1001975.4986,0.00089350975,0.0152723574729,125
1,[],22,[],2019-06-17 14:32:38,10000.0,0.00000001,0.00000000000092914,7740161,2019-06-17 14:32:38,BTC,0.032061,0.0,0.00000001,BTC,299316.7611111111,0.0,0.0001,126
1,[],4,[],2019-07-05 12:09:33,419927.71888037,0.00000321,0.000000000363553044,7799061,2019-07-05 12:09:33,btc,2.4937646261827124,0.0,0.00000321,btc,200877.30796841,0.06602665,0.4207825006540627,131
0,[],2,[],2019-01-20 23:25:46,0.0,0,0,6476969,2019-01-20 23:25:46,,0.0,0.0,0,,0.0,0.0,0.0,131
1,[],17,[],2019-05-03 01:13:10,10000.0,0.00000001,0.000000000000548003,7559115,2019-05-03 01:13:10,btc,0.0953976503951408,0.0,0.00000001,btc,5037.62507334,0.0,0.0001,131
1,[],4,[],2019-06-17 14:32:42,4848.49465417,0.00007919,0.00000000735785966,7740163,2019-06-17 14:32:42,btc,0.9905723729472744,0.0,0.00007919,btc,202.13055914,0.0,0.0061509344290166,135
1,[],3,[],2019-07-05 12:11:33,2684.76592867,0.00000001,0.000000000001132564,7799062,2019-07-05 12:11:33,btc,405.49243570080245,2097534.1768,0.00000001,btc,3150773.67027232,0.0,2.68476592867e-05,136
1,[],4,[],2019-07-05 12:11:34,172688.67029085,0.00000133,0.000000000150631012,7799063,2019-07-05 12:11:34,btc,112.57173044877034,0.0,0.00000133,btc,533170.14964565,0.01572609,0.0912456879467176,137
1,[],12,[],2019-07-05 12:11:36,68909.45365308,0.000001439999999999999977188928391991229460700196796096861362457275390625,0.000000000163089216,7799064,2019-07-05 12:11:36,btc,57.90021205638824,0.0,0.000001439999999999999977188928391991229460700196796096861362457275390625,btc,81876.41598678,0.00019755,0.0146781699999524,137
1,[],4,[],2019-07-05 12:11:37,285579.57599344,0.00001012,0.0000000011461547679999999,7799065,2019-07-05 12:11:37,btc,8.484650822896409,0.0,0.00001012,btc,175900.06177272,0.38277899,0.1726099061626863,142
1,[],5,[],2019-07-05 12:11:39,0.0,0,0,7799066,2019-07-05 12:11:39,btc,0.0,0.01495117,0,btc,0.0,0.0,0.0,142
1,[],20,[],2019-07-05 12:13:42,113186.0787,0.000008,0.0000000009060512,7799067,2019-07-05 12:13:42,btc,1.5676573561173,0.0,0.000008,btc,9882.1432,0.0,0.0065481485707,142
1,[],22,[],2019-07-05 12:13:45,10820.0,0.00000600,0.0000000006795384,7799068,2019-07-05 12:13:45,BTC,2.99759384,0.0,0.00000600,BTC,835.7198755539798,0.0,0.0053672,142
0.0,[],25,[],2019-07-05 12:13:47,0.0,0,0,7799069,2019-07-05 12:13:47,,0.0,0.0,0.0,btc,0.0,0.0,0.0,142
1,[],28,[],2019-07-05 12:13:55,76710.0,0.00001110,0.0000000012571460399999999,7799070,2019-07-05 12:13:55,btc,0.438587390411,3382.0,0.00001110,btc,1381.1951,0.0,0.0043322,142
1,[],17,[],2019-05-03 01:13:16,32967.38636364,0.00000088,0.000000000048224264,7559122,2019-05-03 01:13:16,btc,20.06976206696776,0.0,0.00000088,btc,2746.079105,0.0,0.0105613000000032,142
0,[],22,[],2019-07-05 12:13:58,0.0,0,0,7799071,2019-07-05 12:13:58,,67.81665877,0.0,0,,754491934.7744589,0.0,0.0,143
0,[],22,[],2019-02-25 15:42:22,0.0,0,0,6783783,2019-02-25 15:42:22,,4.2131946,0.0,0,,2322156.0,0.0,0.0,146
,[],22,[],2018-11-20 23:01:11,0.0,0,0,4862114,2018-11-20 23:01:11,,2.56807021,0.0,,,61828.4988236,0.0,0.0,147
1,[],12,[],2019-04-21 06:38:04,193091.5971266,0.00000071,0.000000000037635183,7388679,2019-04-21 06:38:04,btc,2.301232411611175,0.0,0.00000071,btc,9957.48302385,0.00023528,0.0313308199999888,148
1,[],4,[],2019-03-19 21:31:25,255810.0415942,0.00000029,0.000000000011615747,6982695,2019-03-19 21:31:25,btc,218.94922712414143,0.0,0.00000029,btc,793529.37642722,0.00117,0.0608347789473395,152
0,[],22,[],2019-03-19 21:31:27,0.0,0,0,6982696,2019-03-19 21:31:27,,0.0,0.0,0,,0.0,0.0,0.0,152
1,[],5,[],2019-04-26 09:36:59,0.0,0,0,7465040,2019-04-26 09:36:59,btc,0.0,0.0,0,btc,0.0,0.0,0.0,153
,[],16,[],2019-01-11 15:38:59,0.0,0,0,6366141,2019-01-11 15:38:59,btc,0.0,0.0,,btc,0.0,0.0,0.0,155
0,[],23,[],2019-01-20 23:24:29,0.0,0,0,6476932,2019-01-20 23:24:29,,0.0,0.0,0,,0.0,0.0,0.0,156
0,[],22,[],2019-06-04 06:02:09,0.0,0,0,7734688,2019-06-04 06:02:09,,7.43375324,0.0,0,,5955762.942592593,0.0,0.0,156
1,[],22,[],2019-07-05 12:14:03,6996.0,0.00000001,0.000000000001132564,7799072,2019-07-05 12:14:03,BTC,1.7543039,0.0,0.00000001,BTC,57.0,0.0,6.996e-05,157
0,[],22,[],2019-05-21 23:40:32,0.0,0,0,7665049,2019-05-21 23:40:32,,50234.60468402,0.0,0,,54786159.03179465,0.0,0.0,158
,[],17,[],2018-11-20 22:56:10,0.0,0,0,4861976,2018-11-20 22:56:10,btc,1.1265625,0.0,,btc,1000.0,0.0,0.0,159
,[],20,[],2018-11-20 22:56:12,0.0,0,0,4861977,2018-11-20 22:56:12,btc,11912.7940471,0.0,,btc,34413894.3617,0.0,0.0,159
1,[],12,[],2019-05-24 02:51:20,9178.522006449999,0.00000191999999999999982841307998027158276954651228152215480804443359375,0.000000000151222656,7676256,2019-05-24 02:51:20,btc,149.80414728631675,0.0,0.00000191999999999999982841307998027158276954651228152215480804443359375,btc,1115.7451448499999,0.01783167678326,0.0120075778999181,168
1,[],17,[],2019-05-03 01:13:36,42852.0,0.00000002,0.000000000001096006,7559132,2019-05-03 01:13:36,btc,0.04279856251542,0.0,0.00000002,btc,274.46171372,0.0,0.00052852,168
1,[],22,[],2019-05-17 03:01:52,10.0,0.00000001,0.000000000000778341,7642059,2019-05-17 03:01:52,BTC,41.95893009,0.0,0.00000001,BTC,1753972.7737547632,0.0,1e-07,169
1,[],22,[],2019-07-05 12:14:07,100102.0,0.00000001,0.000000000001132564,7799073,2019-07-05 12:14:07,BTC,27.84093381,0.0,0.00000001,"BTC,LTC",276616.94947371836,2.4e-07,0.00119102,171
1,[],22,[],2019-05-29 08:05:18,349870.0,0.00000002,0.000000000001705894,7705265,2019-05-29 08:05:18,BTC,24.05907723,0.0,0.00000002,"BTC,LTC",1224285.4355616204,0.0,0.0039847,173
1,[],5,[],2019-07-05 12:14:09,0.0,0,0,7799074,2019-07-05 12:14:09,btc,0.0,0.0090818,0,btc,0.0,0.0,0.0,175
1,[],22,[],2019-06-17 14:33:12,90671.0,0.00000001,0.00000000000092914,7740175,2019-06-17 14:33:12,BTC,394.35459412,0.0,0.00000001,BTC,136275.61833431243,0.0,0.00090671,176
1,[],22,[],2019-07-05 12:14:13,30.0,0.00000001,0.000000000001132564,7799075,2019-07-05 12:14:13,BTC,1.00242428,0.0,0.00000001,BTC,57512.0,0.0,3e-07,178
1,[],7,[],2019-07-01 10:15:32,0.0,0,0,7783526,2019-07-01 10:15:32,btc,521516.2326888725,0.0,0,btc,26809253.73522063,0.0,0.0,178
0,[],2,[],2019-01-20 23:28:34,0.0,0,0,6477001,2019-01-20 23:28:34,,0.0,0.0,0,,0.0,0.0,0.0,178
1,[],5,[],2019-07-05 12:14:14,0.0,0,0,7799076,2019-07-05 12:14:14,btc,0.0,0.0,0,btc,0.0,0.0,0.0,179
0,[],22,[],2019-07-05 12:14:16,0.0,0,0,7799077,2019-07-05 12:14:16,,9.36109844,0.0,0,,14660796.311946675,0.0,0.0,179
0,[],23,[],2019-01-20 23:25:08,0.0,0,0,6476952,2019-01-20 23:25:08,,0.0,0.0,0,,0.0,0.0,0.0,179
1,[],22,[],2019-07-05 12:16:22,754083.283972784,0.00000065,0.00000000007361666,7799078,2019-07-05 12:16:22,BTC,40.64291115,0.0,0.00000065,"BTC,LTC",194037.78490434133,0.01226964,0.59027261,180
1,[],26,[],2019-07-05 12:16:22,0.0,0.00000010,0.00000000001132564,7799079,2019-07-05 12:16:22,btc,0.0,50.0,0.00000010,btc,0.0,0.0,0.0,180
1,[],17,[],2019-05-03 01:13:56,20504.725000000002,0.0000001,0.00000000000548003,7559141,2019-05-03 01:13:56,btc,5.2010695838400265,0.0,0.0000001,btc,5033.45945,0.0,0.0011504725,180
,[],7,[],2018-11-20 22:58:01,562227.975654,0.00000085,0.000000000036176765,4862015,2018-11-20 22:58:01,btc,21836.6059674,2491.87645172,,btc,749999.041456,0.00211021,0.127565380455,183
,[],5,[],2019-01-10 08:11:41,0.0,0,0,6347036,2019-01-10 08:11:41,btc,82.15055501,0.00261,,btc,1.19002445,0.0,0.0,187
,[],17,[],2018-11-16 20:58:10,4062536.27273,0.00000001,0.000000000000550501,4708775,2018-11-16 20:58:10,btc,3.36492563466,0.195460381006,,"btc,eth",110697919.549,0.0,0.0157628953496,187
1,[],24,[],2019-05-22 21:04:52,0.0,0.000000000014,0.0000000000000010960978,7670219,2019-05-22 21:04:52,btc,0.0,0.0,0.000000000014,btc,0.0,0.0,0.0,187
0,[],22,[],2019-04-25 02:54:07,0.0,0,0,7447896,2019-04-25 02:54:07,,7.54794454,0.0,0,,76361.7243344055,0.0,0.0,191
0,[],22,[],2019-06-17 14:33:34,0.0,0,0,7740182,2019-06-17 14:33:34,,0.0,0.0,0,,0.0,0.0,0.0,197
0,[],23,[],2019-01-20 23:31:41,0.0,0,0,6477079,2019-01-20 23:31:41,,0.0,0.0,0,,0.0,0.0,0.0,199
0,[],22,[],2019-07-05 12:16:25,0.0,0,0,7799080,2019-07-05 12:16:25,,10.58263174,0.0,0,,84280969.0,0.0,0.0,199
1,[],26,[],2019-07-05 12:16:26,0.0,0.00000000,0,7799081,2019-07-05 12:16:26,btc,0.0,0.0,0.00000000,btc,0.0,0.0,0.0,199
0,[],2,[],2019-01-20 23:30:49,0.0,0,0,6477059,2019-01-20 23:30:49,,0.0,0.0,0,,0.0,0.0,0.0,201
1,[],4,[],2019-01-25 15:51:35,2084389.58565343,0.00000936,0.000000000333526752,6499557,2019-01-25 15:51:35,btc,2.0092503037378524,0.0,0.00000936,btc,160195.80207885,0.19272417,1.242687955921835,211
1,[],7,[],2019-07-01 02:21:28,1170054124.6898527,0.00000018,0.000000000019815389999999997,7782694,2019-07-01 02:21:28,btc,1346735.6331920293,0.0,0.00000018,btc,5516233.71348162,0.0,11.954344045954047,212
1,[],12,[],2019-01-25 02:44:32,207462.42853209,0.000001080000000000000035831255497387193287295303889550268650054931640625,0.000000000038610756000000006,6493050,2019-01-25 02:44:32,btc,85023.03793723314,0.0,0.000001080000000000000035831255497387193287295303889550268650054931640625,btc,43675.73520027,0.000146250909087,0.0348620860622024,213
1,[],5,[],2019-05-30 00:07:46,0.0,0,0,7709357,2019-05-30 00:07:46,btc,0.0,0.06425239,0,btc,0.0,0.0,0.0,213
1,[],24,[],2019-05-30 00:07:46,0.0,0.000000399202,0.0000000000344859829346,7709358,2019-05-30 00:07:46,btc,0.0,0.0,0.000000399202,btc,0.0,0.0,0.0,213
1,[],26,[],2019-05-30 00:07:47,0.0,0.00000040,0.000000000034554919999999996,7709359,2019-05-30 00:07:47,btc,0.0,0.0,0.00000040,btc,0.0,0.0,0.0,213
0,[],22,[],2019-07-05 12:18:30,0.0,0,0,7799082,2019-07-05 12:18:30,,7.74511039,0.0,0,,3656571.1040649246,0.0,0.0,216
0,[],27,[],2019-07-05 12:18:38,0.0,0,0,7799083,2019-07-05 12:18:38,,1998.9179475321787,0.0,0,"btc,ltc",555282.57344694,0.0,0.0,216
1,[],22,[],2019-07-05 12:18:41,489941.0,0.00000018,0.000000000020386152,7799084,2019-07-05 12:18:41,BTC,12055.862782,0.0,0.00000018,BTC,592540.9161858524,0.00077504,0.02537501,217
0,[],27,[],2019-07-05 12:18:48,0.0,0,0,7799085,2019-07-05 12:18:48,,250.20642758069673,0.0,0,btc,46772.535837,0.0,0.0,219
0,[],28,[],2019-07-05 12:18:57,0.0,0,0,7799086,2019-07-05 12:18:57,,0.0,0.0,0,,0.0,0.0,0.0,219
1,[],7,[],2019-06-27 19:02:35,0.0,0,0,7772298,2019-06-27 19:02:35,btc,2123800.2774640615,0.0,0,btc,82333746.4752352,0.0,0.0,219
0,[],22,[],2019-06-26 23:36:41,0.0,0,0,7769178,2019-06-26 23:36:41,,56.75439223,0.0,0,,184664.6482738741,0.0,0.0,221
1,[],24,[],2019-06-26 23:36:41,0.0,0.000000030000,0.000000000003835668,7769179,2019-06-26 23:36:41,btc,0.0,0.0,0.000000030000,btc,0.0,0.0,0.0,221
1,[],20,[],2019-06-17 14:34:11,26882155.8301,0.000000003,0.000000000000278742,7740192,2019-06-17 14:34:11,btc,100050.81956632523,233521.3529,0.000000003,btc,38769742.8604,0.0007925640587,0.0306863532672,224
0,[],22,[],2019-06-17 14:34:13,0.0,0,0,7740193,2019-06-17 14:34:13,,0.0,0.0,0,,0.0,0.0,0.0,224
1,[],26,[],2019-07-05 12:18:57,0.0,0.00000022,0.000000000024916408,7799087,2019-07-05 12:18:57,btc,0.0,0.0,0.00000022,btc,0.0,0.0,0.0,231
1,[],26,[],2019-07-05 12:18:57,0.0,0.00000005,0.00000000000566282,7799088,2019-07-05 12:18:57,btc,0.0,0.0,0.00000005,btc,0.0,0.0,0.0,234
0.00000000026050440000000004,[],27,[],2019-07-05 12:19:06,100.0,2.605044e-18,2.950379052816e-22,7799089,2019-07-05 12:19:06,eth,0.0,0.0,0.00000001,"btc,eth",0.0,0.0,2.6050440000000004e-16,234
1,[],4,[],2019-05-22 17:06:12,91780.56053785,0.00000078,0.000000000061977552,7669277,2019-05-22 17:06:12,btc,5.573372450018177,0.0,0.00000078,btc,729173.93529783,0.0,0.0307060663355679,236
1,[],24,[],2019-05-22 17:06:12,0.0,0.000000010000,0.000000000000794584,7669278,2019-05-22 17:06:12,btc,0.0,0.0,0.000000010000,btc,0.0,0.0,0.0,236
1,[],5,[],2019-07-05 12:19:08,0.0,0,0,7799090,2019-07-05 12:19:08,btc,0.0,0.19956125,0,btc,0.0,0.0,0.0,237
1,[],20,[],2019-07-05 12:19:10,126854644.8611,0.000000056,0.0000000000063423583999999995,7799091,2019-07-05 12:19:10,btc,548.5554904808552,2905116.0236,0.000000056,btc,43569689.1086,0.1724233707641,0.7395173330485,237
1,[],22,[],2019-07-05 12:19:14,2096499.0,0.00000005,0.00000000000566282,7799092,2019-07-05 12:19:14,BTC,1.20109922,0.0,0.00000005,"BTC,LTC",14430.948717948719,0.0,0.02732965,237
1,[],4,[],2019-07-05 12:19:15,25347134.64471875,0.00000005,0.00000000000566282,7799093,2019-07-05 12:19:15,btc,3.018495260371979,0.0,0.00000005,btc,14925609.37231893,0.03816758,0.4232108607242335,238
1,[],5,[],2019-07-05 12:19:16,0.0,0,0,7799094,2019-07-05 12:19:16,btc,0.0,0.02148281,0,btc,0.0,0.0,0.0,238
0,[],22,[],2019-03-12 16:49:32,0.0,0,0,6914458,2019-03-12 16:49:32,,0.40415746,0.0,0,,526736.5639027493,0.0,0.0,249
0,[],22,[],2019-07-05 12:19:19,0.0,0,0,7799095,2019-07-05 12:19:19,,13.44711564,0.0,0,,43776457.3426455,0.0,0.0,252
1,[],28,[],2019-07-05 12:19:26,784976.6,0.00000004,0.000000000004530256,7799096,2019-07-05 12:19:26,btc,205.66874154685,258183.6,0.00000004,btc,5250463.7932,0.0,0.021138064,256
0.0000000001067671,[],22,[],2019-07-05 12:19:29,10000.0,2.6691775000000003e-17,3.02301434611e-21,7799097,2019-07-05 12:19:29,LTC,31471.46319386,0.0,0.00000025,LTC,726242.028948892,0.0,0.0025,258
1,[],22,[],2019-05-19 18:12:02,400.0,0.00000001,0.0000000000007957800000000001,7653905,2019-05-19 18:12:02,BTC,2.415167,0.0,0.00000001,BTC,157.0,0.0,4e-06,259
1,[],5,[],2019-07-02 14:44:15,0.0,0,0,7788374,2019-07-02 14:44:15,btc,0.0,0.02775788,0,btc,0.0,0.0,0.0,264
1,[],20,[],2019-07-02 14:44:17,953070.9962,0.000000178,0.000000000017956461999999998,7788375,2019-07-02 14:44:17,btc,1.1507330656826,14313.4023,0.000000178,btc,65222.866,0.0046947959544,0.0049363258649,264
0,[],22,[],2019-04-12 17:57:27,0.0,0,0,7278186,2019-04-12 17:57:27,,66.37522201,0.0,0,,677842.4169881374,0.0,0.0,271
0,[],22,[],2019-07-05 12:19:33,0.0,0,0,7799098,2019-07-05 12:19:33,,33050469.74148113,0.0,0,,14261527780.7,0.0,0.0,272
0.000000000000003924,[],28,[],2019-07-05 12:19:40,327147231524.487,4.7088000000000005e-22,5.3330173632e-26,7799099,2019-07-05 12:19:40,doge,66317597.569717966,16606036348.3184,0.00000012,doge,159537491282.97763,0.0,8.305797766497735e-11,272
1,[],22,[],2019-05-23 07:12:29,219930.0,0.00000004,0.000000000003048688,7671985,2019-05-23 07:12:29,BTC,426.77835217,0.0,0.00000004,BTC,248664.3325962929,0.0,0.00739728,281
1,[],22,[],2019-07-02 18:15:29,1409605.9,0.00000002,0.000000000002147082,7789011,2019-07-02 18:15:29,BTC,7.87630805,0.0,0.00000002,"BTC,LTC",1137979.797623037,0.00674692,0.02432534,286
0,[],22,[],2019-06-17 14:34:53,0.0,0,0,7740207,2019-06-17 14:34:53,,7337915.80475575,0.0,0,,2078527309.6797826,0.0,0.0,294
