pairValue,buyBook,exchangeId,sellBook,updated,buyTotal,satoshiPrice,usdPrice,exchangeLogId,created,bestPair,sellTotalBtc,volume,pairPrice,activePairs,sellTotal,volumeBtc,buyTotalBtc,coinId
1,[],3,[],2019-03-01 19:36:04,30539.277234281362,0.01249417000000000062265304023867429350502789020538330078125,0.0000004807531720940001,6821247,2019-03-01 19:36:04,btc,61.112355791459876,0.0400073,0.01249417000000000062265304023867429350502789020538330078125,btc,25.347631106169,0.0,0.2968629518413558,1
1,[],4,[],2019-03-01 19:36:06,208060.58763224,0.01257124,0.000000483718686968,6821248,2019-03-01 19:36:06,btc,9.140437235558691,0.0,0.01257124,btc,257.87057171,1.19658109,3.0442010613535984,1
1,[],5,[],2019-03-01 19:36:09,0.0,0,0,6821249,2019-03-01 19:36:09,btc,0.0,0.08423373,0,btc,0.0,0.0,0.0,1
1,[],10,[],2019-03-01 19:36:12,414734.78542218,0.01082973,0.000000416708516886,6821250,2019-03-01 19:36:12,btc,6522.327421587868,927.38774326,0.01082973,btc,1108.15035923,0.0,6.099996976430988,1
1,[],12,[],2019-03-01 19:36:16,10441.00519631,0.01252999999999999947153384027842548675835132598876953125,0.000000482131846,6821251,2019-03-01 19:36:16,btc,0.558016987692,0.0,0.01252999999999999947153384027842548675835132598876953125,btc,34.81967175,0.2428864381584,0.3993768624854,1
1,[],20,[],2019-03-01 19:36:18,1151.4783,0.01151,0.00000044288408200000004,6821252,2019-03-01 19:36:18,btc,0.0662082325693,0.0466,0.01151,btc,3.0133,0.000489766,0.0946511826215,1
1,[],21,[],2019-03-01 19:36:18,2036.940562,0.01255810000000000085929041660,0.00000048321308342,6821253,2019-03-01 19:36:18,btc,17.17847008025171,1493.18830317,0.01255810000000000085929041659937865915708243846893310546875,"btc,eth",1739.25704318,18.45538039276599,22.183528951321946,1
1,[],22,[],2019-03-01 19:36:23,0.006382215384615385,0.01300000,0.0000005002166000000001,6821254,2019-03-01 19:36:23,BTC,0.31439419,0.0,0.01300000,BTC,0.12751438772928525,0.0,7.978e-05,1
1,[],24,[],2019-03-01 19:36:23,0.0,0.000000000000,0,6821255,2019-03-01 19:36:23,btc,0.0,0.0,0.000000000000,btc,0.0,0.0,0.0,1
0.0,[],25,[],2019-03-01 19:36:24,0.0,0,0,6821256,2019-03-01 19:36:24,btc,11.255799998407042,702.02016906,0.0,btc,865.58560467,8.8813,0.0,1
1,[],26,[],2019-03-01 19:36:25,0.0,0,0,6821257,2019-03-01 19:36:25,,0.0,0.0,0,,0.0,0.0,0.0,1
1,[],28,[],2019-03-01 19:36:27,993.142,0.01323000,0.000000509066586,6821258,2019-03-01 19:36:27,btc,0.162839806,18799.65,0.01323000,btc,8.9,0.0,0.089302756,1
0,[],2,[],2019-01-20 23:28:45,0.0,0,0,6477011,2019-01-20 23:28:45,,0.0,0.0,0,,0.0,0.0,0.0,1
1,[],5,[],2019-03-01 19:36:29,0.0,0,0,6821259,2019-03-01 19:36:29,btc,0.0,0.01785532,0,btc,0.0,0.0,0.0,2
0.00000000012523849999999999,[],22,[],2019-03-01 19:36:33,1148.0,1.3776235e-16,5.3008472557700004e-21,6821260,2019-03-01 19:36:33,XMR,21.01373823,0.0,0.00000110,XMR,14319.12581,0.0,0.00087635,2
1,[],5,[],2019-03-01 19:36:35,0.0,0,0,6821261,2019-03-01 19:36:35,btc,0.0,0.98540632,0,btc,0.0,0.0,0.0,3
1,[],12,[],2019-03-01 19:36:36,13197715.1958245,0.000000174,0.000000000006695206800000001,6821262,2019-03-01 19:36:36,btc,924396.5527012154,0.0,0.000000174,btc,8214472.58125304,0.0662280634008428,0.697829237645873,3
0,[],28,[],2019-03-01 19:36:38,0.0,0,0,6821263,2019-03-01 19:36:38,,0.0,0.0,0,,0.0,0.0,0.0,3
0,[],2,[],2019-01-20 23:31:32,0.0,0,0,6477077,2019-01-20 23:31:32,,0.0,0.0,0,,0.0,0.0,0.0,4
1,[],4,[],2019-03-01 19:36:40,394621.33670529,0.00000033,0.000000000012697806,6821264,2019-03-01 19:36:40,btc,31.987340114656288,0.0,0.00000033,btc,711488.43491406,0.0,0.0533407894865769,4
1,[],12,[],2019-03-01 19:36:42,1365307.18866667,0.00000003,0.000000000001154346,6821265,2019-03-01 19:36:42,btc,11013925.630750798,0.0,0.00000003,btc,1264766.42361994,0.000118366003996,0.0204712504400001,5
0,[],2,[],2019-01-20 23:31:51,0.0,0,0,6477087,2019-01-20 23:31:51,,0.0,0.0,0,,0.0,0.0,0.0,6
1,[],11,[],2019-03-01 19:36:44,5961818.5,0.00000002,0.0000000000007695640000000001,6821266,2019-03-01 19:36:44,btc,9568.044664252815,482490.0,0.00000002,btc,41579250.07452957,0.0,0.076711205,6
1,[],3,[],2019-03-01 19:36:51,1078.300764522044,0.0001510600000000000072038208731584063571062870323657989501953125,0.000000005812516892000001,6821267,2019-03-01 19:36:51,btc,28.402034471989545,0.0,0.0001510600000000000072038208731584063571062870323657989501953125,btc,243.122414578101,0.0,0.03284743781632565,7
1,[],4,[],2019-03-01 19:36:53,91277.05805238,0.00022818,0.000000008779955676,6821268,2019-03-01 19:36:53,btc,12.65797767871375,0.0,0.00022818,btc,36918.4512696,7.37327584,4.740227513077413,7
1,[],5,[],2019-03-01 19:36:55,0.0,0,0,6821269,2019-03-01 19:36:55,btc,0.0,1.29079098,0,btc,0.0,0.0,0.0,7
1,[],20,[],2019-02-20 02:16:17,39399275.8418,0.000000001,0.0000000000000390183,6728586,2019-02-20 02:16:17,btc,116.9737569154545,525.0,0.000000001,btc,56932965.8895,5.25e-07,0.0393992758418,8
0,[],2,[],2019-01-20 23:22:42,0.0,0,0,6476876,2019-01-20 23:22:42,,0.0,0.0,0,,0.0,0.0,0.0,9
0,[],23,[],2019-01-20 23:22:48,0.0,0,0,6476878,2019-01-20 23:22:48,,0.0,0.0,0,,0.0,0.0,0.0,9
1,[],4,[],2019-03-01 19:36:57,1897575.62299968,0.00000169,0.000000000065028158,6821270,2019-03-01 19:36:57,btc,7.1978281601594185,0.0,0.00000169,btc,3017907.48966073,1.8803004,0.5662331028351565,9
1,[],28,[],2019-03-01 19:37:00,45852.853,0.00000181,0.000000000069645542,6821271,2019-03-01 19:37:00,btc,2708.763406715895,3694366.76,0.00000181,btc,12476.4655,0.0,0.04775258393,9
1,[],1,[],2019-02-17 23:31:42,1822507.21,0.00000181000000000000003456111265232042484285557293333113193511962890625,0.000000000066086901,6701244,2019-02-17 23:31:42,btc,3.6990969245,17153386.5,0.00000181000000000000003456111265232042484285557293333113193511962890625,btc,1997391.71,31.11772986,3.2610482446,9
1,[],4,[],2019-02-17 11:22:43,4341674.27126056,0.00000002,0.0000000000007272960000000001,6696112,2019-02-17 11:22:43,btc,0.1997230937751353,0.0,0.00000002,btc,4109766.79808031,0.00215132,0.0479381022052112,10
0,[],2,[],2019-01-20 23:23:08,0.0,0,0,6476890,2019-01-20 23:23:08,,0.0,0.0,0,,0.0,0.0,0.0,12
1,[],4,[],2019-03-01 19:37:04,3745145.13050687,0.00000119,0.000000000045789058000000003,6821272,2019-03-01 19:37:04,btc,10.263891410698687,0.0,0.00000119,btc,5536013.6669846,2.12343457,1.7464241697197795,12
1,[],5,[],2019-03-01 19:37:06,0.0,0,0,6821273,2019-03-01 19:37:06,btc,0.0,0.22792106,0,btc,0.0,0.0,0.0,12
0.0,[],25,[],2019-03-01 19:37:07,0.0,0,0,6821274,2019-03-01 19:37:07,,0.0,0.0,0.0,btc,0.0,0.0,0.0,12
1,[],4,[],2019-03-01 19:37:09,32013912.7881888,0.00000548,0.000000000210860536,6821275,2019-03-01 19:37:09,btc,2.9816219603108967,0.0,0.00000548,btc,416661.27277359,0.27400785,1.114545590995161,13
1,[],21,[],2019-03-01 19:37:12,796072.31194165,0.000005710000000000000387474340807,0.00000000021971052200000004,6821276,2019-03-01 19:37:12,btc,6.454290990506916,201396.7202284,0.0000057100000000000003874743408072145456344514968805015087127685546875,btc,1019905.01015619,1.14438251,4.220758105715324,13
1,[],10,[],2019-03-01 19:25:07,397938.83940042,0.0000053,0.00000000020393870000000002,6821076,2019-03-01 19:25:07,btc,666802.6084152128,8343.06355884,0.0000053,btc,743675.72558103,0.0,0.2419910467794485,13
1,[],4,[],2019-03-01 19:37:14,712266.13203832,0.00000149,0.000000000057332518000000003,6821277,2019-03-01 19:37:14,btc,127.23480811327285,0.0,0.00000149,btc,885669.03842249,0.06559454,0.1650370276831142,14
1,[],12,[],2019-03-01 19:37:15,219596.7306031,0.00000137999999999999991637657063836552850943917292170226573944091796875,0.000000000053099916,6821278,2019-03-01 19:37:15,btc,5.290508140399848,0.0,0.00000137999999999999991637657063836552850943917292170226573944091796875,btc,31128.09057434,0.0022344232798528,0.028144759999889,14
0,[],17,[],2019-03-01 19:37:17,0.0,0,0,6821279,2019-03-01 19:37:17,btc,0.0,0.0,0,btc,0.0,0.0,0.0,14
1,[],26,[],2019-03-01 19:37:17,0.0,0.00000050,0.0000000000192391,6821280,2019-03-01 19:37:17,btc,0.0,0.0,0.00000050,btc,0.0,0.0,0.0,14
0,[],4,[],2019-03-01 19:37:18,0.0,0,0,6821281,2019-03-01 19:37:18,,0.0,0.0,0,,0.0,0.0,0.0,15
,[],12,[],2018-12-01 15:15:48,204241.84496,0.00000489,0.000000000202473384,5260204,2018-12-01 15:15:48,btc,49.5475654835,0.0,,btc,35763.2193806,0.0163153972027625,0.0203389899998,15
0,[],2,[],2019-01-20 23:23:38,0.0,0,0,6476906,2019-01-20 23:23:38,,0.0,0.0,0,,0.0,0.0,0.0,18
1,[],4,[],2019-03-01 19:37:20,25599.02538775,0.00001779,0.0000000006845271780000001,6821282,2019-03-01 19:37:20,btc,1.3402889936833458,0.0,0.00001779,btc,14852.03410657,0.01768884,0.0768406812168978,18
1,[],10,[],2019-03-01 19:37:22,786124.95593578,0.00001751,0.000000000673753282,6821283,2019-03-01 19:37:22,btc,25.814362112076754,49222.0833776,0.00001751,btc,15177.71987959,0.0,0.1894287782942301,18
1,[],12,[],2019-03-01 19:37:24,193807.90372815,0.0000174999999999999984669381281054967303134617395699024200439453125,0.0000000006733685,6821284,2019-03-01 19:37:24,btc,23.630513421141792,0.0,0.0000174999999999999984669381281054967303134617395699024200439453125,btc,1864.03352308,2.45e-06,0.0365371275230379,18
0,[],17,[],2019-03-01 19:37:26,0.0,0,0,6821285,2019-03-01 19:37:26,btc,0.0,0.0,0,btc,0.0,0.0,0.0,18
0,[],2,[],2019-01-20 23:24:19,0.0,0,0,6476924,2019-01-20 23:24:19,,0.0,0.0,0,,0.0,0.0,0.0,19
1,[],3,[],2019-03-01 19:37:32,118572.23134956505,0.00002000000000000000163606107828062619091724627651274204254150390625,0.0000000007695640000000001,6821286,2019-03-01 19:37:32,btc,0.5053401800644072,3105.37983943,0.00002000000000000000163606107828062619091724627651274204254150390625,btc,7948.096912413742,0.0,0.03491739175254243,19
1,[],4,[],2019-03-01 19:37:33,518108.96859317,0.00001988,0.0000000007649466160000001,6821287,2019-03-01 19:37:33,btc,1.850387908949023,0.0,0.00001988,btc,60847.95192821,0.41255099,2.3564528837633314,19
1,[],5,[],2019-03-01 19:37:34,0.0,0,0,6821288,2019-03-01 19:37:34,btc,0.0,0.00046318,0,btc,0.0,0.0,0.0,19
1,[],12,[],2019-03-01 19:37:35,135272.9352518,0.00001821000000000000013946309385115540635524666868150234222412109375,0.000000000700688022,6821289,2019-03-01 19:37:35,btc,6.8988119469282525,0.0,0.00001821000000000000013946309385115540635524666868150234222412109375,btc,467.19317902,0.00097764,0.10829194000001599,19
0,[],27,[],2019-03-01 19:37:37,0.0,0,0,6821290,2019-03-01 19:37:37,,0.0,0.0,0,btc,0.0,0.0,0.0,19
1,[],4,[],2019-03-01 19:37:41,2800098.06930745,0.00000013,0.000000000005002166,6821291,2019-03-01 19:37:41,btc,7.378502889194436,0.0,0.00000013,btc,2855585.3982639,0.00194537,0.0790856264754801,20
1,[],4,[],2019-03-01 19:37:43,104036087.13737024,0.00000002,0.0000000000007695640000000001,6821292,2019-03-01 19:37:43,btc,1798.7485654879747,0.0,0.00000002,btc,55613109.76506001,0.0,1.1684621866280451,21
1,[],12,[],2019-03-01 19:37:44,18207001.0,0.00000002,0.0000000000007695640000000001,6821293,2019-03-01 19:37:44,btc,670.3733702334847,0.0,0.00000002,btc,8127598.32857329,0.0,0.23638026,21
0,[],17,[],2019-03-01 19:25:47,0.0,0,0,6821093,2019-03-01 19:25:47,btc,0.0,0.0,0,btc,0.0,0.0,0.0,21
1,[],12,[],2019-03-01 19:37:46,3051253914.531895,0.0000000002,0.00000000000000769564,6821294,2019-03-01 19:37:46,btc,875865855557.2793,0.0,0.0000000002,btc,4946576262.380058,0.01259729099120879,0.31652306215318954,23
0.00000000035584490000000005,[],27,[],2019-03-01 19:37:48,2000.0,3.558449e-18,1.3692271231180002e-22,6821295,2019-03-01 19:37:48,eth,1.3829826565934114,0.0,0.00000001,eth,2164879.85514486,0.0,7.116898e-15,23
1,[],4,[],2019-03-01 19:37:49,440725.15227909,0.00000051,0.000000000019623882,6821296,2019-03-01 19:37:49,btc,8.791586937866086,0.0,0.00000051,btc,1527178.88198003,0.00193376,0.1411695654798071,24
1,[],22,[],2019-03-01 19:37:53,11.76,0.00000100,0.0000000000384782,6821297,2019-03-01 19:37:53,BTC,7.415e-05,0.0,0.00000100,BTC,23.919354838709676,0.0,1.176e-05,24
0.0,[],25,[],2019-03-01 19:37:54,0.0,0,0,6821298,2019-03-01 19:37:54,,0.0,0.0,0.0,btc,0.0,0.0,0.0,24
0,[],2,[],2019-01-20 23:25:56,0.0,0,0,6476976,2019-01-20 23:25:56,,0.0,0.0,0,,0.0,0.0,0.0,26
1,[],4,[],2019-03-01 19:37:55,26578230.08129748,0.00000624,0.000000000240103968,6821299,2019-03-01 19:37:55,btc,155.8104722956165,0.0,0.00000624,btc,240370.38797533,0.08063438,0.4372974402601034,26
1,[],10,[],2019-03-01 19:37:58,691126.43052741,0.00000603,0.000000000232023546,6821300,2019-03-01 19:37:58,btc,26.125950593308115,4109.62726036,0.00000603,btc,14054.67408507,0.0,0.2398199360174543,26
1,[],3,[],2019-03-01 19:38:03,5543600.57033568,0.00000001,0.00000000000038478200000000005,6821301,2019-03-01 19:38:03,btc,2.1077693061052365,106438.352324,0.00000001,btc,17452845.00714366,0.0,0.0554360057033568,27
1,[],5,[],2019-03-01 19:38:04,0.0,0,0,6821302,2019-03-01 19:38:04,btc,0.0,0.0,0,btc,0.0,0.0,0.0,27
1,[],11,[],2019-03-01 19:38:07,9470054.891515061,0.00000005,0.00000000000192391,6821303,2019-03-01 19:38:07,btc,67506.38088715188,21889.311987,0.00000005,btc,7980367.26084264,0.0,0.4414030388653851,27
1,[],4,[],2019-03-01 19:38:09,1609874470.3303819,0.00000002,0.0000000000007695640000000001,6821304,2019-03-01 19:38:09,btc,2.8413853014600114,0.0,0.00000002,"btc,ltc",225888374.3120188,0.29963715,12.431826196128284,29
1,[],7,[],2019-03-01 19:38:10,35815709.30901225,0.00000002,0.0000000000007695640000000001,6821305,2019-03-01 19:38:10,btc,44462590.69859017,163256.195923,0.00000002,btc,47103750.89673502,0.0,0.3618325026805319,29
1,[],4,[],2019-03-01 19:38:11,2197765.56828434,0.00000026,0.000000000010004332,6821306,2019-03-01 19:38:11,btc,2.3402605787070248,0.0,0.00000026,btc,1565364.07374349,0.00023518,0.094601532588029,30
0,[],17,[],2019-03-01 19:26:37,0.0,0,0,6821107,2019-03-01 19:26:37,btc,0.0,0.0,0,btc,0.0,0.0,0.0,30
1,[],4,[],2019-03-01 19:38:23,109354.96417616,0.00004758,0.0000000018307927560000002,6821307,2019-03-01 19:38:23,btc,5.495139663567978,0.0,0.00004758,btc,67585.80544411,1.02521747,0.5284998781072648,31
1,[],21,[],2019-03-01 19:38:25,102548.380024,0.00004830000000000000173186118224,0.0000000018584970600000003,6821308,2019-03-01 19:38:25,btc,2.396150643367164,71426.21439466,0.0000483000000000000017318611822414453627061448059976100921630859375,btc,43276.74689529,3.44803561,3.7528294817548375,31
0,[],2,[],2019-01-20 23:28:43,0.0,0,0,6477009,2019-01-20 23:28:43,,0.0,0.0,0,,0.0,0.0,0.0,32
1,[],4,[],2019-03-01 19:38:27,386744701.58666414,0.00000004,0.0000000000015391280000000002,6821309,2019-03-01 19:38:27,btc,11.45186268248329,0.0,0.00000004,"btc,ltc",203321189.83645204,0.55775742,8.820336459066706,33
1,[],12,[],2019-03-01 19:38:29,17087928.0,0.00000004,0.0000000000015391280000000002,6821310,2019-03-01 19:38:29,btc,35630714.11604302,0.0,0.00000004,btc,90539037.47957908,0.002264582617383,0.54865418,33
1,[],4,[],2019-03-01 19:38:30,117868229.96062756,0.00000001,0.00000000000038478200000000005,6821311,2019-03-01 19:38:30,btc,3.6957440326772635,0.0,0.00000001,btc,101415693.70227136,0.03219759,1.1786822996062756,34
1,[],5,[],2019-03-01 19:38:33,0.0,0,0,6821312,2019-03-01 19:38:33,btc,0.0,0.10201357,0,btc,0.0,0.0,0.0,34
0.00000000012525609999999999,[],4,[],2019-03-01 19:38:34,2303369414.1649613,2.505122e-18,9.63925853404e-23,6821313,2019-03-01 19:38:34,ltc,5.150534350259559e-08,0.0,0.00000002,ltc,6262109122.511161,0.0,3.798326275784521e-09,36
1,[],5,[],2019-03-01 19:38:36,0.0,0,0,6821314,2019-03-01 19:38:36,btc,0.0,0.0,0,btc,0.0,0.0,0.0,36
0,[],17,[],2019-03-01 19:38:39,0.0,0,0,6821315,2019-03-01 19:38:39,btc,0.07464582822864546,0.0,0,btc,4105386.20243647,0.0,0.0,36
0.00000000035584490000000005,[],27,[],2019-03-01 19:38:41,1090000.0,3.558449e-18,1.3692271231180002e-22,6821316,2019-03-01 19:38:41,eth,222.5997971062634,0.0,0.00000001,"ltc,eth",11163566.48751039,0.0,1.482633756e-12,36
1,[],17,[],2019-03-01 19:26:55,1752.74075282,0.00000025,0.00000000000961975,6821120,2019-03-01 19:26:55,btc,0.05548492399312018,0.0,0.00000025,btc,1387.19918473,0.0,0.00043818518820499993,37
1,[],27,[],2019-03-01 19:26:57,14685.567,0.00000045,0.00000000001731555,6821121,2019-03-01 19:26:57,btc,25.82160105111233,0.0,0.00000045,btc,6804.86438508,0.0,0.00480032515,37
1,[],4,[],2019-03-01 19:26:52,255535.28173803,0.00000061,0.00000000002347219,6821118,2019-03-01 19:26:52,btc,19772.485305552695,0.0,0.00000061,btc,560717.84788899,0.01652709,0.1173584810551239,37
1,[],12,[],2019-03-01 19:26:53,637316.86104077,0.0000006,0.0000000000230874,6821119,2019-03-01 19:26:53,btc,1345.875504180308,0.0,0.0000006,btc,1018589.05249844,0.1088960361620085,0.2052148400000056,37
1,[],5,[],2019-03-01 19:38:42,0.0,0,0,6821317,2019-03-01 19:38:42,btc,0.0,0.09605736,0,btc,0.0,0.0,0.0,42
1,[],12,[],2019-03-01 19:38:44,254500.54307251,0.00000099,0.000000000038093418,6821318,2019-03-01 19:38:44,btc,94.68489938658983,0.0,0.00000099,btc,98457.42242883,0.0390865297067296,0.0603542255709626,42
0.00000000035584490000000005,[],27,[],2019-03-01 19:38:47,2000.0,3.558449e-18,1.3692271231180002e-22,6821319,2019-03-01 19:38:47,eth,0.00315028,0.0,0.00000001,"btc,eth",11.007,0.0,7.116898e-15,42
0,[],17,[],2019-03-01 19:21:21,0.0,0,0,6821045,2019-03-01 19:21:21,btc,0.0,0.0,0,btc,0.0,0.0,0.0,43
1,[],5,[],2019-03-01 19:38:49,0.0,0,0,6821320,2019-03-01 19:38:49,btc,0.0,0.0065045,0,btc,0.0,0.0,0.0,43
1,[],12,[],2019-03-01 19:38:50,1064496.0,0.00000001,0.00000000000038478200000000005,6821321,2019-03-01 19:38:50,btc,3568.8245623261237,0.0,0.00000001,btc,11768494.15224773,0.0064895704295706,0.01064496,43
1,[],12,[],2019-03-01 19:39:02,682431.0,0.00000005,0.00000000000192391,6821322,2019-03-01 19:39:02,btc,11116042.727856407,0.0,0.00000005,btc,1102952.40161834,2e-06,0.01625804,44
1,[],4,[],2019-03-01 19:39:04,290678417.11038655,0.00000002,0.0000000000007695640000000001,6821323,2019-03-01 19:39:04,btc,473.58425505988913,0.0,0.00000002,"btc,ltc",12086887.23698875,0.00014556,0.19736587072017545,49
0.00000000012525609999999999,[],4,[],2019-03-01 19:39:05,164168556.86154333,1.252561e-18,4.81962926702e-23,6821324,2019-03-01 19:39:05,ltc,25.568133925501495,0.0,0.00000001,ltc,10283359775.43118,0.0,2.056311317510516e-10,52
0.0000000001251972,[],22,[],2019-03-01 19:27:23,80845862.0,1.251972e-18,4.8174630588e-23,6821130,2019-03-01 19:27:23,XMR,4366.96996713,0.0,0.00000001,XMR,255350310.67882353,0.0,0.80845862,57
0.00000000035606590000000003,[],27,[],2019-03-01 19:27:26,2000.0,3.560659e-18,1.3701059766100001e-22,6821131,2019-03-01 19:27:26,eth,0.0,0.0,0.00000001,"btc,eth",0.0,0.0,7.121318e-15,57
0.00000000012525609999999999,[],4,[],2019-03-01 19:39:06,1206064406.6214862,5.010244e-18,1.927851706808e-22,6821325,2019-03-01 19:39:06,ltc,18.80718566143055,0.0,0.00000004,ltc,3900570703.1800942,0.0,3.4263020080916924e-09,58
1,[],12,[],2019-03-01 19:39:07,1612580366.843957,0.0000000004,0.00000000000001539128,6821326,2019-03-01 19:39:07,btc,224005480220.25754,0.0,0.0000000004,btc,3892995765.6168365,0.0044708583226884,0.5201779510011392,58
0,[],17,[],2019-03-01 19:39:19,0.0,0,0,6821327,2019-03-01 19:39:19,btc,1e+24,0.0,0,btc,49226522.0897055,0.0,0.0,58
0.00000000012523849999999999,[],22,[],2019-03-01 19:39:34,137438.0,1.252385e-18,4.8189520507000004e-23,6821328,2019-03-01 19:39:34,XMR,69.8835922,0.0,0.00000001,XMR,9887963.0,0.0,0.00137438,58
1,[],5,[],2019-03-01 19:39:36,0.0,0,0,6821329,2019-03-01 19:39:36,btc,0.0,0.1311585,0,btc,0.0,0.0,0.0,61
1,[],22,[],2019-03-01 19:39:40,13788.5,0.00000012,0.0000000000046173840000000006,6821330,2019-03-01 19:39:40,BTC,1002.29597012,0.0,0.00000012,BTC,14947.700278135757,0.0,0.00155365,61
1,[],26,[],2019-03-01 19:39:40,0.0,0.00000800,0.0000000003078256,6821331,2019-03-01 19:39:40,btc,0.0,0.0,0.00000800,btc,0.0,0.0,0.0,61
1,[],27,[],2019-03-01 19:39:42,2160.118,0.00000045,0.00000000001731519,6821332,2019-03-01 19:39:42,btc,7.76205105961638,0.0,0.00000045,"btc,eth",20757.11257617,0.0,0.00019959750299307664,61
1,[],28,[],2019-03-01 19:39:44,13880.304,0.0000005,0.0000000000192391,6821333,2019-03-01 19:39:44,btc,2.056312978300105,795.0,0.0000005,btc,9730.59500005,0.0,0.00566391304,61
1,[],4,[],2019-03-01 19:39:45,1462532.58186795,0.00000280,0.00000000010773896,6821334,2019-03-01 19:39:45,btc,11.243190999201572,0.0,0.00000280,btc,796646.91570761,0.07278337,1.4853152418857989,67
0.0,[],25,[],2019-03-01 19:39:46,0.0,0,0,6821335,2019-03-01 19:39:46,,0.0,0.0,0.0,btc,0.0,0.0,0.0,67
1,[],12,[],2019-03-01 19:39:48,1798789.14837471,0.00000022,0.000000000008465204000000001,6821336,2019-03-01 19:39:48,btc,11115899.060530715,0.0,0.00000022,btc,2196552.73496502,0.0680063531313742,0.0804763064411101,71
,[],5,[],2018-11-20 23:02:39,1.5e-07,0.00000005,0.000000000002128045,4862160,2018-11-20 23:02:39,btc,2.84511358,0.0,,btc,0.00036572,0.0,0.07381892,74
1,[],5,[],2019-03-01 19:39:49,0.0,0,0,6821337,2019-03-01 19:39:49,btc,0.0,0.00020977,0,btc,0.0,0.0,0.0,75
0,[],20,[],2019-01-25 09:30:31,0.0,0,0,6495923,2019-01-25 09:30:31,btc,0.0,0.0,0,btc,0.0,0.0,0.0,81
1,[],4,[],2019-03-01 19:39:51,16197735.251575,0.00000001,0.00000000000038478200000000005,6821338,2019-03-01 19:39:51,btc,11388.632703683814,0.0,0.00000001,btc,34464598.85416836,0.0,0.16197735251575,81
1,[],4,[],2019-03-01 19:39:54,28792.93149632,0.00007574,0.0000000029143388680000003,6821339,2019-03-01 19:39:54,btc,17.737330630968323,0.0,0.00007574,btc,12543.2604872,0.01601608,0.1469532750573984,82
1,[],21,[],2019-03-01 19:39:54,291357.06682502,0.00007300999999999999384801135927,0.000000002809293382,6821340,2019-03-01 19:39:54,btc,2.072727453236837,2003.22577028,0.000073009999999999993848011359265370856519439257681369781494140625,btc,22784.75180985,0.14778121,4.404353684011949,82
0,[],17,[],2019-03-01 19:28:11,0.0,0,0,6821148,2019-03-01 19:28:11,btc,0.0447233088476774,0.0,0,btc,999127.19588126,0.0,0.0,84
0.00000000012525609999999999,[],4,[],2019-03-01 19:39:57,121829570.012268,3.757683e-18,1.445888780106e-22,6821341,2019-03-01 19:39:57,ltc,1.7494931396373838,0.0,0.00000003,ltc,401624912.9328004,0.0,2.599652468640374e-10,85
,[],22,[],2018-11-20 23:09:34,3408.1,0.0000001,0.0000000000041895,4862324,2018-11-20 23:09:34,BTC,0.04624735,0.0,,BTC,4990.0,0.0,0.00033081,86
0,[],22,[],2019-02-22 12:52:35,0.0,0,0,6758847,2019-02-22 12:52:35,,2.0760781,0.0,0,,140622.94736842104,0.0,0.0,87
0,[],27,[],2019-02-22 12:52:37,0.0,0,0,6758848,2019-02-22 12:52:37,,0.0,0.0,0,btc,0.0,0.0,0.0,87
,[],2,[],2018-11-20 23:10:47,0.0,0,0,4862359,2018-11-20 23:10:47,,0.0,0.0,,,0.0,0.0,0.0,88
1,[],11,[],2019-03-01 19:40:00,91182.8262971,0.0001394500000000000014717393970187231388990767300128936767578125,0.00000000536578499,6821342,2019-03-01 19:40:00,btc,609.469410549044,1853.96024838,0.0001394500000000000014717393970187231388990767300128936767578125,btc,97458.48261919,0.0,5.984873475456501,89
0,[],2,[],2019-01-20 23:31:45,0.0,0,0,6477083,2019-01-20 23:31:45,,0.0,0.0,0,,0.0,0.0,0.0,91
0,[],17,[],2019-03-01 19:28:19,0.0,0,0,6821152,2019-03-01 19:28:19,btc,0.0,0.0,0,btc,0.0,0.0,0.0,91
1,[],12,[],2019-03-01 19:40:01,465629.721523,0.00000250000000000000020450763478507827386465578456409275531768798828125,0.00000000009619550000000001,6821343,2019-03-01 19:40:01,btc,4.343133552285083,0.0,0.00000250000000000000020450763478507827386465578456409275531768798828125,btc,58919.51285295,0.0039340283956268,0.08010873103026589,91
0,[],22,[],2019-03-01 19:40:07,0.0,0,0,6821344,2019-03-01 19:40:07,,3e-06,0.0,0,,1.0,0.0,0.0,91
0.00000000012525609999999999,[],22,[],2019-03-01 19:40:11,1520600.0,7.515366e-18,2.891777560212e-22,6821345,2019-03-01 19:40:11,LTC,8.53161599,0.0,0.00000006,LTC,71994962.1,0.0,0.091236,95
0.00000000012525609999999999,[],4,[],2019-03-01 19:40:12,646751153.8479909,7.7658782e-17,2.9881701455524e-21,6821346,2019-03-01 19:40:12,ltc,11.885709815893309,0.0,0.00000062,ltc,136664133.92591968,0.0,1.963946052504103e-09,96
0,[],12,[],2019-03-01 19:40:13,0.0,0,0,6821347,2019-03-01 19:40:13,btc,255079.46687756025,0.0,0,btc,8740461.1831266,2.3676323677e-06,0.0,96
0,[],17,[],2019-03-01 19:40:15,0.0,0,0,6821348,2019-03-01 19:40:15,btc,0.0,0.0,0,btc,0.0,0.0,0.0,96
1,[],4,[],2019-03-01 19:40:16,1359540.1384468,0.00000029,0.000000000011158678000000001,6821349,2019-03-01 19:40:16,btc,2.7302826622893406,0.0,0.00000029,btc,2342738.34350273,0.00553653,0.1004809425470066,99
0,[],2,[],2019-01-20 23:23:55,0.0,0,0,6476914,2019-01-20 23:23:55,,0.0,0.0,0,,0.0,0.0,0.0,100
1,[],4,[],2019-03-01 19:40:17,329417.41010961,0.00004181,0.0000000016087735420000002,6821350,2019-03-01 19:40:17,btc,12.153156438959599,0.0,0.00004181,btc,170333.52436908,3.79327081,2.0964651466830517,100
1,[],22,[],2019-03-01 19:40:22,50000.0,0.00000001,0.00000000000038478200000000005,6821351,2019-03-01 19:40:22,BTC,23.49896609,0.0,0.00000001,BTC,10277.22,0.0,0.0005,101
1,[],4,[],2019-03-01 19:40:23,488259.78176346,0.00000087,0.000000000033476034,6821352,2019-03-01 19:40:23,btc,256.30149639834775,0.0,0.00000087,btc,491171.17666567,0.00561417,0.2532849681912449,103
1,[],12,[],2019-03-01 19:40:26,67998283.0,0.000000009,0.0000000000003463038,6821353,2019-03-01 19:40:26,btc,137278954.74694598,0.0,0.000000009,btc,126856653.174223,0.01969612126773267,0.261843014,105
1,[],27,[],2019-03-01 19:40:28,462856.89,0.00000001,0.00000000000038478200000000005,6821354,2019-03-01 19:40:28,btc,36.58422120075966,0.0,0.00000001,btc,531915.56793212,0.0,0.0046285689,105
1,[],22,[],2019-03-01 19:40:31,9328.0,0.00000001,0.00000000000038478200000000005,6821355,2019-03-01 19:40:31,BTC,51.10837004,0.0,0.00000001,BTC,470435.0,0.0,9.328e-05,107
1,[],26,[],2019-03-01 19:40:32,0.0,0.00000000,0,6821356,2019-03-01 19:40:32,btc,0.0,0.0,0.00000000,btc,0.0,0.0,0.0,107
1,[],5,[],2019-03-01 19:40:34,0.0,0,0,6821357,2019-03-01 19:40:34,btc,0.0,0.10002916,0,btc,0.0,0.0,0.0,112
1,[],22,[],2019-03-01 19:40:37,1966.0,0.00000001,0.00000000000038478200000000005,6821358,2019-03-01 19:40:37,BTC,2.81183288,0.0,0.00000001,BTC,808524.0833333334,0.0,1.966e-05,112
0.00000000035584490000000005,[],27,[],2019-03-01 19:40:40,2000.0,3.558449e-18,1.3692271231180002e-22,6821359,2019-03-01 19:40:40,eth,1.35132491849924,0.0,0.00000001,"btc,eth",1328.641654,0.0,7.116898e-15,112
1,[],4,[],2019-03-01 19:40:41,1012319.63609147,0.00000218,0.000000000083882476,6821360,2019-03-01 19:40:41,btc,85.20625075960795,0.0,0.00000218,btc,329579.34597198,0.2386193,0.7464869194598563,113
1,[],5,[],2019-03-01 19:40:43,0.0,0,0,6821361,2019-03-01 19:40:43,btc,0.0,0.02661051,0,btc,0.0,0.0,0.0,113
1,[],17,[],2019-03-01 19:40:45,152738.278,0.00000004,0.0000000000015391280000000002,6821362,2019-03-01 19:40:45,btc,1.3368030275002016,0.0,0.00000004,btc,51896.221,0.0,0.0022095311199999998,116
0,[],27,[],2019-03-01 19:40:47,0.0,0,0,6821363,2019-03-01 19:40:47,,0.0,0.0,0,btc,0.0,0.0,0.0,116
1,[],4,[],2019-03-01 19:40:48,87818.23802391,0.00002501,0.0000000009623397820000002,6821364,2019-03-01 19:40:48,btc,28.55361223549652,0.0,0.00002501,btc,61615.66712605,5.8639409,1.2049419740774634,120
1,[],7,[],2019-03-01 19:40:50,21359.97109232,0.00001680999999999999999105750048133955942830652929842472076416015625,0.000000000646818542,6821365,2019-03-01 19:40:50,btc,115751.20738048326,162.79573236,0.00001680999999999999999105750048133955942830652929842472076416015625,btc,56300.26032296,0.00507022,0.0546908582434353,120
1,[],20,[],2019-03-01 19:40:53,1487678.4795,0.000000036,0.0000000000013852152,6821366,2019-03-01 19:40:53,btc,32.2920319749844,994.9514,0.000000036,btc,949484.6857,3.87986046e-05,0.009737557801,125
1,[],22,[],2019-03-01 19:40:57,3053.0,0.00000001,0.00000000000038478200000000005,6821367,2019-03-01 19:40:57,BTC,0.01444887,0.0,0.00000001,BTC,296263.5111111111,0.0,3.053e-05,126
0,[],17,[],2019-03-01 18:23:22,0.0,0,0,6820926,2019-03-01 18:23:22,btc,0.0009561751951600001,0.0,0,btc,35.42829368,0.0,0.0,131
0,[],2,[],2019-01-20 23:25:46,0.0,0,0,6476969,2019-01-20 23:25:46,,0.0,0.0,0,,0.0,0.0,0.0,131
1,[],4,[],2019-03-01 19:40:58,147267.42740392,0.00001307,0.0000000005029100740000001,6821368,2019-03-01 19:40:58,btc,6.462224456879832,0.0,0.00001307,btc,120449.93740879,0.21274655,0.3414004887699058,131
1,[],4,[],2019-03-01 19:29:48,4555.7918009,0.00016001,0.00000000615702479,6821176,2019-03-01 19:29:48,btc,1.620131641429263,0.0,0.00016001,btc,238.12730989,0.0,0.0082138372075603,135
1,[],3,[],2019-03-01 19:29:55,1012209.8877684299,0.00000004,0.00000000000153916,6821177,2019-03-01 19:29:55,btc,0.1138279376998478,30114.0,0.00000004,btc,605701.60876711,0.0,0.0325515181737019,136
1,[],4,[],2019-03-01 19:41:12,265580.75191577,0.00000174,0.000000000066952068,6821369,2019-03-01 19:41:12,btc,38.98836104109706,0.0,0.00000174,btc,588226.22597808,0.01301326,0.0795963109428681,137
1,[],12,[],2019-03-01 19:41:14,321574.78778766,0.00000176000000000000008976326626441988310034503228962421417236328125,0.00000000006772163200000001,6821370,2019-03-01 19:41:14,btc,11807.602405034648,0.0,0.00000176000000000000008976326626441988310034503228962421417236328125,btc,125652.13955294,0.0062185503465459,0.06705570232916509,137
1,[],28,[],2019-03-01 19:41:37,76100.0,0.00000817,0.000000000314366894,6821376,2019-03-01 19:41:37,btc,0.0669731472,399.8009,0.00000817,btc,560.5893,0.0,0.0041072,142
1,[],17,[],2019-03-01 19:30:01,22967.386363640002,0.00000088,0.000000000033861520000000005,6821182,2019-03-01 19:30:01,btc,20.069913352846125,0.0,0.00000088,btc,2746.079105,0.0,0.0104613000000032,142
1,[],4,[],2019-03-01 19:41:15,111111.67943236,0.00003519,0.000000001354047858,6821371,2019-03-01 19:41:15,btc,28.618259407128495,0.0,0.00003519,btc,38402.79633408,0.18300942,0.6898713364695714,142
1,[],5,[],2019-03-01 19:41:17,0.0,0,0,6821372,2019-03-01 19:41:17,btc,0.0,0.27895001,0,btc,0.0,0.0,0.0,142
1,[],20,[],2019-03-01 19:41:30,132424.3225,0.00002512,0.0000000009665723840000001,6821373,2019-03-01 19:41:30,btc,0.3035859810985,1623.58,0.00002512,btc,1343.5299,0.041185232293,0.2124260363359,142
1,[],22,[],2019-03-01 19:41:33,1685.8988921568628,0.00004000,0.000000001539128,6821374,2019-03-01 19:41:33,BTC,3.00385504,0.0,0.00004000,BTC,891.218,0.0,0.00174536,142
0.0,[],25,[],2019-03-01 19:41:35,0.0,0,0,6821375,2019-03-01 19:41:35,,0.0,0.0,0.0,btc,0.0,0.0,0.0,142
0,[],22,[],2019-03-01 19:42:01,0.0,0,0,6821377,2019-03-01 19:42:01,,60.72280694,0.0,0,,696341446.3,0.0,0.0,143
0,[],22,[],2019-02-25 15:42:22,0.0,0,0,6783783,2019-02-25 15:42:22,,4.2131946,0.0,0,,2322156.0,0.0,0.0,146
,[],22,[],2018-11-20 23:01:11,0.0,0,0,4862114,2018-11-20 23:01:11,,2.56807021,0.0,,,61828.4988236,0.0,0.0,147
1,[],12,[],2019-03-01 19:30:37,223245.9897301,0.00000250000000000000020450763478507827386465578456409275531768798828125,0.00000000009619750000000002,6821188,2019-03-01 19:30:37,btc,16.614090119539814,0.0,0.00000250000000000000020450763478507827386465578456409275531768798828125,btc,117097.25034917,0.000165,0.032351779999973,148
1,[],4,[],2019-03-01 19:42:03,246056.52673192,0.00000032,0.000000000012313024000000001,6821378,2019-03-01 19:42:03,btc,219.96748007626834,0.0,0.00000032,btc,800822.7951546,0.0008,0.0583338765945086,152
0,[],22,[],2019-03-01 19:42:27,0.0,0,0,6821379,2019-03-01 19:42:27,,0.0,0.0,0,,0.0,0.0,0.0,152
1,[],5,[],2019-03-01 19:42:28,0.0,0,0,6821380,2019-03-01 19:42:28,btc,0.0,0.0,0,btc,0.0,0.0,0.0,153
,[],16,[],2019-01-11 15:38:59,0.0,0,0,6366141,2019-01-11 15:38:59,btc,0.0,0.0,,btc,0.0,0.0,0.0,155
0,[],22,[],2019-03-01 19:42:32,0.0,0,0,6821381,2019-03-01 19:42:32,,6.74608751,0.0,0,,4644392.242592593,0.0,0.0,156
0,[],23,[],2019-01-20 23:24:29,0.0,0,0,6476932,2019-01-20 23:24:29,,0.0,0.0,0,,0.0,0.0,0.0,156
1,[],22,[],2019-03-01 19:42:36,7073.8,0.00005300,0.0000000020393446,6821382,2019-03-01 19:42:36,BTC,1.80343699,0.0,0.00005300,BTC,899.6422341958436,0.0,0.00104336,157
0,[],22,[],2019-03-01 19:30:52,0.0,0,0,6821194,2019-03-01 19:30:52,,50175.67608608,0.0,0,,54079135.04179466,0.0,0.0,158
,[],17,[],2018-11-20 22:56:10,0.0,0,0,4861976,2018-11-20 22:56:10,btc,1.1265625,0.0,,btc,1000.0,0.0,0.0,159
,[],20,[],2018-11-20 22:56:12,0.0,0,0,4861977,2018-11-20 22:56:12,btc,11912.7940471,0.0,,btc,34413894.3617,0.0,0.0,159
1,[],12,[],2019-03-01 19:42:37,181692.39958176,0.0000073699999999999997406089670415330061814529472030699253082275390625,0.000000000283584334,6821383,2019-03-01 19:42:37,btc,6.641402946835458,0.0,0.0000073699999999999997406089670415330061814529472030699253082275390625,btc,13535.93488147,0.0032407924325137,0.0931927578999146,168
1,[],17,[],2019-03-01 19:30:55,29784.95,0.000001,0.000000000038479,6821196,2019-03-01 19:30:55,btc,0.03026736251542,0.0,0.000001,btc,144.46171372,0.0,0.00716147,168
0,[],22,[],2019-03-01 19:42:41,0.0,0,0,6821384,2019-03-01 19:42:41,,1.1341504,0.0,0,,539283.174707144,0.0,0.0,169
1,[],22,[],2019-03-01 19:42:45,203600.0,0.00000002,0.0000000000007695640000000001,6821385,2019-03-01 19:42:45,BTC,13.2501524,0.0,0.00000002,BTC,144336.2939341018,0.0,0.002072,171
1,[],22,[],2019-03-01 19:42:49,1399119.0,0.00000004,0.0000000000015391280000000002,6821386,2019-03-01 19:42:49,BTC,2.1976194,0.0,0.00000004,BTC,242703.64055692567,0.00046785,0.02483679,173
1,[],5,[],2019-03-01 10:05:07,0.0,0,0,6818019,2019-03-01 10:05:07,btc,0.0,0.00019574,0,btc,0.0,0.0,0.0,175
1,[],22,[],2019-03-01 19:43:16,45904.0,0.0000003,0.00000000001154346,6821387,2019-03-01 19:43:16,BTC,0.52955903,0.0,0.0000003,BTC,143368.41384013777,0.0,0.0052148,176
1,[],7,[],2019-03-01 19:43:18,0.0,0,0,6821388,2019-03-01 19:43:18,btc,410932.5273358376,0.0,0,btc,117801559.31901672,0.0,0.0,178
0,[],22,[],2019-03-01 19:43:20,0.0,0,0,6821389,2019-03-01 19:43:20,,1.00242428,0.0,0,,57512.0,0.0,0.0,178
0,[],2,[],2019-01-20 23:28:34,0.0,0,0,6477001,2019-01-20 23:28:34,,0.0,0.0,0,,0.0,0.0,0.0,178
1,[],5,[],2019-03-01 19:43:21,0.0,0,0,6821390,2019-03-01 19:43:21,btc,0.0,0.16330956,0,btc,0.0,0.0,0.0,179
1,[],22,[],2019-03-01 19:43:26,6949180.5,0.00000002,0.0000000000007695640000000001,6821391,2019-03-01 19:43:26,BTC,5.63120977,0.0,0.00000002,"BTC,LTC",17087025.423202086,0.00025007,0.37392433,179
0,[],23,[],2019-01-20 23:25:08,0.0,0,0,6476952,2019-01-20 23:25:08,,0.0,0.0,0,,0.0,0.0,0.0,179
1,[],22,[],2019-03-01 19:43:41,139712.75,0.0000006,0.00000000002308692,6821392,2019-03-01 19:43:41,BTC,0.22812692,0.0,0.0000006,"BTC,LTC",77443.40600599538,0.00508,0.00466985,180
1,[],26,[],2019-03-01 19:43:41,0.0,0.00000160,0.00000000006156512,6821393,2019-03-01 19:43:41,btc,0.0,0.0,0.00000160,btc,0.0,0.0,0.0,180
1,[],17,[],2019-03-01 19:31:38,10504.725,0.0000001,0.0000000000038479,6821205,2019-03-01 19:31:38,btc,5.2010695838170005,0.0,0.0000001,btc,4994.45945,0.0,0.0010504725,180
,[],7,[],2018-11-20 22:58:01,562227.975654,0.00000085,0.000000000036176765,4862015,2018-11-20 22:58:01,btc,21836.6059674,2491.87645172,,btc,749999.041456,0.00211021,0.127565380455,183
1,[],24,[],2019-03-01 19:43:42,0.0,0.000000000001,3.84782e-17,6821394,2019-03-01 19:43:42,btc,0.0,0.0,0.000000000001,btc,0.0,0.0,0.0,187
,[],5,[],2019-01-10 08:11:41,0.0,0,0,6347036,2019-01-10 08:11:41,btc,82.15055501,0.00261,,btc,1.19002445,0.0,0.0,187
,[],17,[],2018-11-16 20:58:10,4062536.27273,0.00000001,0.000000000000550501,4708775,2018-11-16 20:58:10,btc,3.36492563466,0.195460381006,,"btc,eth",110697919.549,0.0,0.0157628953496,187
0,[],22,[],2019-02-27 04:05:17,0.0,0,0,6799309,2019-02-27 04:05:17,,1.19374396,0.0,0,,16308.869534405507,0.0,0.0,191
0,[],22,[],2019-03-01 00:51:27,0.0,0,0,6814858,2019-03-01 00:51:27,,0.0,0.0,0,,0.0,0.0,0.0,197
0,[],22,[],2019-03-01 19:43:44,0.0,0,0,6821395,2019-03-01 19:43:44,,5.19477622,0.0,0,,21058553.0,0.0,0.0,199
1,[],26,[],2019-03-01 19:43:45,0.0,0.00000000,0,6821396,2019-03-01 19:43:45,btc,0.0,0.0,0.00000000,btc,0.0,0.0,0.0,199
0,[],23,[],2019-01-20 23:31:41,0.0,0,0,6477079,2019-01-20 23:31:41,,0.0,0.0,0,,0.0,0.0,0.0,199
0,[],17,[],2019-01-30 16:32:01,0.0,0,0,6540827,2019-01-30 16:32:01,btc,6.802544163788159,0.0,0,btc,105897.55575295,0.0,0.0,200
0,[],2,[],2019-01-20 23:30:49,0.0,0,0,6477059,2019-01-20 23:30:49,,0.0,0.0,0,,0.0,0.0,0.0,201
1,[],4,[],2019-01-25 15:51:35,2084389.58565343,0.00000936,0.000000000333526752,6499557,2019-01-25 15:51:35,btc,2.0092503037378524,0.0,0.00000936,btc,160195.80207885,0.19272417,1.242687955921835,211
1,[],7,[],2019-03-01 19:43:48,2446757.5666335598,0.0000013200000000000000673224496983149123252587742172181606292724609375,0.00000000005079122400000001,6821397,2019-03-01 19:43:48,btc,15476835.92522161,1343388.77547,0.0000013200000000000000673224496983149123252587742172181606292724609375,btc,12869055.22003652,0.0,2.449075034728546,212
1,[],5,[],2019-03-01 19:43:50,0.0,0,0,6821398,2019-03-01 19:43:50,btc,0.0,0.14708618,0,btc,0.0,0.0,0.0,213
1,[],24,[],2019-03-01 19:43:50,0.0,0.000000110000,0.000000000004232602,6821399,2019-03-01 19:43:50,btc,0.0,0.0,0.000000110000,btc,0.0,0.0,0.0,213
1,[],26,[],2019-03-01 19:43:51,0.0,0.00000010,0.00000000000384782,6821400,2019-03-01 19:43:51,btc,0.0,0.0,0.00000010,btc,0.0,0.0,0.0,213
1,[],12,[],2019-01-25 02:44:32,207462.42853209,0.000001080000000000000035831255497387193287295303889550268650054931640625,0.000000000038610756000000006,6493050,2019-01-25 02:44:32,btc,85023.03793723314,0.0,0.000001080000000000000035831255497387193287295303889550268650054931640625,btc,43675.73520027,0.000146250909087,0.0348620860622024,213
1,[],22,[],2019-03-01 19:43:55,29644.0,0.00000002,0.0000000000007695640000000001,6821401,2019-03-01 19:43:55,BTC,2.2238693,0.0,0.00000002,BTC,431875.3963726171,0.0010292,0.00030203,216
1,[],27,[],2019-03-01 19:43:59,1298602.0,0.00000003,0.0000000000011543460000000001,6821402,2019-03-01 19:43:59,btc,316.25858560644,0.0,0.00000003,"btc,ltc",237761.907,0.0,0.03377204000022546,216
1,[],22,[],2019-03-01 19:44:04,217347.2070459645,0.00000214,0.000000000082343348,6821403,2019-03-01 19:44:04,BTC,12673.40070665,0.0,0.00000214,BTC,369457.15099116566,0.0243432,0.28954563,217
1,[],7,[],2019-03-01 19:44:06,0.0,0,0,6821404,2019-03-01 19:44:06,btc,77969.77488735563,0.0,0,btc,137043486.5550253,0.0,0.0,219
0,[],27,[],2019-03-01 19:44:08,0.0,0,0,6821405,2019-03-01 19:44:08,,0.0740438339680921,0.0,0,btc,1536429.20709513,0.0,0.0,219
0.0000000000000051,[],28,[],2019-03-01 19:46:09,167530653.514,2.295e-18,8.8307469e-23,6821406,2019-03-01 19:46:09,doge,83971.77680794567,181659.0,0.00045000,doge,1279076.69,0.0,8.91847026247437e-12,219
1,[],22,[],2019-03-01 19:46:13,316064.6666666667,0.00000004,0.0000000000015391280000000002,6821407,2019-03-01 19:46:13,BTC,2.94533216,0.0,0.00000004,BTC,114179.27041875875,2.25e-05,0.00879164,221
1,[],24,[],2019-03-01 19:46:13,0.0,0.000000200000,0.00000000000769564,6821408,2019-03-01 19:46:13,btc,0.0,0.0,0.000000200000,btc,0.0,0.0,0.0,221
1,[],20,[],2019-03-01 19:46:15,39852858.8476,0.000000001,0.0000000000000384782,6821409,2019-03-01 19:46:15,btc,48.2360558976375,948685.387,0.000000001,btc,12943439.5592,0.0010017733509,0.0398528588476,224
0,[],22,[],2019-03-01 19:46:18,0.0,0,0,6821410,2019-03-01 19:46:18,,0.0,0.0,0,,0.0,0.0,0.0,224
1,[],26,[],2019-03-01 19:46:19,0.0,0.00000035,0.00000000001346737,6821411,2019-03-01 19:46:19,btc,0.0,0.0,0.00000035,btc,0.0,0.0,0.0,231
1,[],26,[],2019-03-01 19:46:19,0.0,0.00000006,0.0000000000023086920000000003,6821412,2019-03-01 19:46:19,btc,0.0,0.0,0.00000006,btc,0.0,0.0,0.0,234
0.00000000035584490000000005,[],27,[],2019-03-01 19:46:22,2000.0,3.558449e-18,1.3692271231180002e-22,6821413,2019-03-01 19:46:22,eth,0.0,0.0,0.00000001,"btc,eth",0.0,0.0,7.116898e-15,234
1,[],4,[],2019-03-01 19:46:23,955554.48399562,0.00000079,0.000000000030397778,6821414,2019-03-01 19:46:23,btc,4.484317642489826,0.0,0.00000079,btc,1187154.10792321,0.04287441,0.3076000471926698,236
1,[],24,[],2019-03-01 19:46:24,0.0,0.000000300000,0.00000000001154346,6821415,2019-03-01 19:46:24,btc,0.0,0.0,0.000000300000,btc,0.0,0.0,0.0,236
1,[],20,[],2019-03-01 19:46:26,70666365.9412,0.000000063,0.0000000000024241266,6821416,2019-03-01 19:46:26,btc,10.0200708251452,19576644.2129,0.000000063,btc,39832327.2311,1.2590035809091,0.4409728431626,237
0.00000000012525609999999999,[],22,[],2019-03-01 19:46:46,14400.0,1.252561e-17,4.81962926702e-22,6821417,2019-03-01 19:46:46,LTC,0.0413973,0.0,0.0000001,LTC,7239.0,0.0,0.00144,237
1,[],4,[],2019-03-01 19:46:48,7475909.02525883,0.00000032,0.000000000012313024000000001,6821418,2019-03-01 19:46:48,btc,6.487269060633051,0.0,0.00000032,btc,10496447.41200153,0.18160975,1.7220184733193686,238
1,[],5,[],2019-03-01 19:46:50,0.0,0,0,6821419,2019-03-01 19:46:50,btc,0.0,0.00773218,0,btc,0.0,0.0,0.0,238
0,[],22,[],2019-03-01 19:46:53,0.0,0,0,6821420,2019-03-01 19:46:53,,0.41339518,0.0,0,,316626.5639027493,0.0,0.0,249
0.0000000001252803,[],22,[],2019-03-01 19:32:44,86304094.66666667,5.011212e-18,1.9282642654800003e-22,6821235,2019-03-01 19:32:44,LTC,0.36061926,0.0,0.00000004,LTC,11515189.09,3.1021706184717e-11,1.86704269,252
1,[],28,[],2019-03-01 19:46:55,2152929.123,0.00000027,0.000000000010389114000000001,6821421,2019-03-01 19:46:55,btc,164725.67084344174,92717.06547072,0.00000027,btc,2296906.6654,0.0,0.33314461647,256
1,[],22,[],2019-03-01 19:46:59,1053354.0,0.00000001,0.00000000000038478200000000005,6821422,2019-03-01 19:46:59,BTC,31.47160001,0.0,0.00000001,BTC,670687.0957866946,0.0,0.01053354,258
1,[],22,[],2019-03-01 19:32:58,48751.0,0.00000001,0.00000000000038479,6821238,2019-03-01 19:32:58,BTC,2.4175745,0.0,0.00000001,BTC,1762.0,0.0,0.00048751,259
1,[],5,[],2019-03-01 19:47:00,0.0,0,0,6821423,2019-03-01 19:47:00,btc,0.0,0.1368785,0,btc,0.0,0.0,0.0,264
1,[],20,[],2019-03-01 19:47:02,1216650.7547,0.00000208,0.000000000080034656,6821424,2019-03-01 19:47:02,btc,7.475200981053,91853.9675,0.00000208,btc,110616.2244,0.3008176937892,0.0180960571407,264
0,[],22,[],2019-03-01 19:47:06,0.0,0,0,6821425,2019-03-01 19:47:06,,8.33279043,0.0,0,,420048.34411321935,0.0,0.0,271
0,[],22,[],2019-03-01 19:47:08,0.0,0,0,6821426,2019-03-01 19:47:08,,271.27267057,0.0,0,,14421806420.692,0.0,0.0,272
0.0000000000000051,[],28,[],2019-03-01 19:47:10,234473087378.905,4.896e-21,1.8838926720000002e-25,6821427,2019-03-01 19:47:10,doge,35428157.06582898,11972773677.2279,0.00000096,doge,188733904425.4526,0.0,6.714255518848665e-10,272
1,[],22,[],2019-03-01 19:47:15,114025.74,0.00000110,0.00000000004232602,6821428,2019-03-01 19:47:15,BTC,74.20234185,0.0,0.00000110,"BTC,LTC",8368.517743939856,0.01172131,0.04276991,281
1,[],22,[],2019-03-01 19:35:33,838814.5,0.00000002,0.00000000000076958,6821245,2019-03-01 19:35:33,BTC,1.332275,0.0,0.00000002,BTC,135600.33221218394,0.0005,0.01664417,286
0,[],22,[],2019-03-01 19:35:36,0.0,0,0,6821246,2019-03-01 19:35:36,,43636.1539348,0.0,0,,398471066.0,0.0,0.0,294
