pairValue,buyBook,exchangeId,sellBook,updated,buyTotal,satoshiPrice,usdPrice,exchangeLogId,created,bestPair,sellTotalBtc,volume,pairPrice,activePairs,sellTotal,volumeBtc,buyTotalBtc,coinId
1,[],3,[],2019-03-15 09:57:45,30540.7184216094,0.01306754000000000075221162632033156114630401134490966796875,0.000000509074769288,6936471,2019-03-15 09:57:45,btc,61.1655026600776,0.0,0.01306754000000000075221162632033156114630401134490966796875,btc,28.55355622922,0.0,0.3009747767768233,1
1,[],4,[],2019-03-15 09:57:46,207770.5600645,0.01281538,0.000000499251321736,6936472,2019-03-15 09:57:46,btc,14.309204046693173,0.0,0.01281538,btc,309.32898591,1.51533381,1.344303945983622,1
1,[],5,[],2019-03-15 09:57:49,0.0,0,0,6936473,2019-03-15 09:57:49,btc,0.0,0.01781381,0,btc,0.0,0.0,0.0,1
1,[],10,[],2019-03-15 09:57:51,413746.66472391,0.0105,0.00000040905060000000003,6936474,2019-03-15 09:57:51,btc,6522.017412928084,1151.91219641,0.0105,btc,1088.54884714,0.0,4.441957322079194,1
1,[],12,[],2019-03-15 09:57:54,108.06685848,0.01310000000000000053290705182007513940334320068359375,0.00000051033932,6936475,2019-03-15 09:57:54,btc,0.2914784642508,0.0,0.01310000000000000053290705182007513940334320068359375,btc,21.602082590000002,0.1795667165003,0.3552979754458,1
1,[],20,[],2019-03-15 09:57:56,1152.4756,0.01050023,0.000000409059560156,6936476,2019-03-15 09:57:56,btc,0.0552085068997,0.0,0.01050023,btc,2.4565,0.0,0.0959959153641,1
1,[],21,[],2019-03-15 09:57:59,2600.02557876,0.01311516000000000070624395221,0.000000510929911152,6936477,2019-03-15 09:57:59,btc,20.924417357312215,12617.567218479999,0.01311516000000000070624395220875157974660396575927734375,"btc,eth",2477.5907972,156.48716811047194,27.178061987279786,1
1,[],22,[],2019-03-15 09:58:14,0.07686088253968254,0.01260000,0.00000049086072,6936478,2019-03-15 09:58:14,BTC,0.31439419,0.0,0.01260000,BTC,0.12751438772928525,0.0,0.00096785,1
1,[],24,[],2019-03-15 09:58:14,0.0,0.000000000000,0,6936479,2019-03-15 09:58:14,btc,0.0,0.0,0.000000000000,btc,0.0,0.0,0.0,1
0.0,[],25,[],2019-03-15 09:58:15,0.0,0,0,6936480,2019-03-15 09:58:15,btc,40.21679999776398,876.1116789,0.0,btc,2985.58920801,11.548,0.0,1
1,[],26,[],2019-03-15 09:58:16,0.0,0,0,6936481,2019-03-15 09:58:16,,0.0,0.0,0,,0.0,0.0,0.0,1
1,[],28,[],2019-03-15 09:58:25,992.916,0.01232000,0.000000479952704,6936482,2019-03-15 09:58:25,btc,0.147901439075,17870.1,0.01232000,btc,7.9421,0.0,0.086298216,1
0,[],2,[],2019-01-20 23:28:45,0.0,0,0,6477011,2019-01-20 23:28:45,,0.0,0.0,0,,0.0,0.0,0.0,1
1,[],5,[],2019-03-15 09:58:28,0.0,0,0,6936483,2019-03-15 09:58:28,btc,0.0,0.00695045,0,btc,0.0,0.0,0.0,2
0.0000000001302619,[],22,[],2019-03-15 09:58:34,1148.0,1.4328809e-16,5.582102779748e-21,6936484,2019-03-15 09:58:34,XMR,21.02425527,0.0,0.00000110,XMR,24942.398537272726,0.0,0.00087635,2
1,[],5,[],2019-03-15 09:58:36,0.0,0,0,6936485,2019-03-15 09:58:36,btc,0.0,0.01145902,0,btc,0.0,0.0,0.0,3
1,[],12,[],2019-03-15 09:58:37,2716479.85736294,0.000000201,0.0000000000078303972,6936486,2019-03-15 09:58:37,btc,22818.067241452918,0.0,0.000000201,btc,1124246.5692,0.06012264185396841,0.37140986031138096,3
0,[],28,[],2019-03-15 09:58:44,0.0,0,0,6936487,2019-03-15 09:58:44,,0.0,0.0,0,,0.0,0.0,0.0,3
0,[],2,[],2019-01-20 23:31:32,0.0,0,0,6477077,2019-01-20 23:31:32,,0.0,0.0,0,,0.0,0.0,0.0,4
1,[],4,[],2019-03-15 09:58:45,405997.42136179,0.00000031,0.000000000012076731999999999,6936488,2019-03-15 09:58:45,btc,32.05489163026723,0.0,0.00000031,btc,720784.71980171,0.00496694,0.0477860437254739,4
1,[],12,[],2019-03-15 09:58:46,444940.0,0.00000002,0.000000000000779144,6936489,2019-03-15 09:58:46,btc,1111742.17693324,0.0,0.00000002,btc,760677.33266733,0.0,0.00485804,5
0,[],2,[],2019-01-20 23:31:51,0.0,0,0,6477087,2019-01-20 23:31:51,,0.0,0.0,0,,0.0,0.0,0.0,6
1,[],11,[],2019-03-15 09:58:48,4173120.39882,0.00000002,0.000000000000779144,6936490,2019-03-15 09:58:48,btc,9568.113977691588,30000.0,0.00000002,btc,42519212.926142,0.0,0.0497047513342,6
1,[],3,[],2019-03-15 09:58:49,1087.833962084558,0.000154759999999999988719301402539940681890584528446197509765625,0.000000006029016271999999,6936491,2019-03-15 09:58:49,btc,29.634085403952064,0.0,0.000154759999999999988719301402539940681890584528446197509765625,btc,239.122414578101,0.0,0.03439493781756314,7
1,[],4,[],2019-03-15 09:58:50,87930.51644063,0.00022031,0.000000008582660731999999,6936492,2019-03-15 09:58:50,btc,10.032328666727558,0.0,0.00022031,btc,36703.07479844,4.18622187,7.167718001962911,7
1,[],5,[],2019-03-15 09:58:52,0.0,0,0,6936493,2019-03-15 09:58:52,btc,0.0,0.30078076,0,btc,0.0,0.0,0.0,7
1,[],20,[],2019-02-20 02:16:17,39399275.8418,0.000000001,0.0000000000000390183,6728586,2019-02-20 02:16:17,btc,116.9737569154545,525.0,0.000000001,btc,56932965.8895,5.25e-07,0.0393992758418,8
0,[],2,[],2019-01-20 23:22:42,0.0,0,0,6476876,2019-01-20 23:22:42,,0.0,0.0,0,,0.0,0.0,0.0,9
0,[],23,[],2019-01-20 23:22:48,0.0,0,0,6476878,2019-01-20 23:22:48,,0.0,0.0,0,,0.0,0.0,0.0,9
1,[],4,[],2019-03-15 09:58:55,1381950.32325082,0.00000173,0.000000000067395956,6936494,2019-03-15 09:58:55,btc,7.425865760993357,0.0,0.00000173,btc,3036575.35781857,1.84973441,1.3377592912931349,9
1,[],28,[],2019-03-15 09:59:05,26353.0,0.00000159,0.000000000061941948,6936495,2019-03-15 09:59:05,btc,2708.771108933583,3552130.0,0.00000159,btc,17073.9197,0.0,0.0147295,9
1,[],1,[],2019-02-17 23:31:42,1822507.21,0.00000181000000000000003456111265232042484285557293333113193511962890625,0.000000000066086901,6701244,2019-02-17 23:31:42,btc,3.6990969245,17153386.5,0.00000181000000000000003456111265232042484285557293333113193511962890625,btc,1997391.71,31.11772986,3.2610482446,9
1,[],4,[],2019-02-17 11:22:43,4341674.27126056,0.00000002,0.0000000000007272960000000001,6696112,2019-02-17 11:22:43,btc,0.1997230937751353,0.0,0.00000002,btc,4109766.79808031,0.00215132,0.0479381022052112,10
0,[],2,[],2019-01-20 23:23:08,0.0,0,0,6476890,2019-01-20 23:23:08,,0.0,0.0,0,,0.0,0.0,0.0,12
1,[],4,[],2019-03-15 09:59:07,6272943.51195288,0.00000199,0.000000000077524828,6936496,2019-03-15 09:59:07,btc,16.9547312884947,0.0,0.00000199,btc,6060722.01072094,11.43640863,4.764425891400859,12
1,[],5,[],2019-03-15 09:59:10,0.0,0,0,6936497,2019-03-15 09:59:10,btc,0.0,1.2204199,0,btc,0.0,0.0,0.0,12
0.0,[],25,[],2019-03-15 09:59:11,0.0,0,0,6936498,2019-03-15 09:59:11,,0.0,0.0,0.0,btc,0.0,0.0,0.0,12
1,[],10,[],2019-03-15 09:05:53,483797.37528252,0.00000841,0.00000000032595141600000004,6936065,2019-03-15 09:05:53,btc,666800.8868637349,38601.6823909,0.00000841,btc,674171.94743648,0.0,0.5097395122658726,13
1,[],4,[],2019-03-15 09:59:12,32026680.2115627,0.00000901,0.000000000351004372,6936499,2019-03-15 09:59:12,btc,3.1964096510509825,0.0,0.00000901,btc,263815.35482099,3.73422236,1.4565012769322836,13
1,[],21,[],2019-03-15 09:59:16,2548866.0673473002,0.000009010000000000000132263991426,0.000000000351004372,6936500,2019-03-15 09:59:16,btc,11.595723587074371,6031799.52891963,0.00000901000000000000013226399142585165691343718208372592926025390625,btc,1145347.61360466,49.86342946,20.02765674398093,13
1,[],4,[],2019-03-15 09:59:17,757655.79306269,0.00000092,0.000000000035840624,6936501,2019-03-15 09:59:17,btc,5.793219258232293,0.0,0.00000092,btc,1095942.72711353,0.01669677,0.1043631287947233,14
1,[],12,[],2019-03-15 09:59:19,280418.0,0.00000101999999999999997501889774376149233603428001515567302703857421875,0.000000000039736344,6936502,2019-03-15 09:59:19,btc,0.0474280800069802,0.0,0.00000101999999999999997501889774376149233603428001515567302703857421875,btc,9784.35808229,0.0,0.02233692,14
0,[],17,[],2019-03-15 09:59:31,0.0,0,0,6936503,2019-03-15 09:59:31,btc,0.0,0.0,0,btc,0.0,0.0,0.0,14
1,[],26,[],2019-03-15 09:59:31,0.0,0.00000050,0.0000000000194786,6936504,2019-03-15 09:59:31,btc,0.0,0.0,0.00000050,btc,0.0,0.0,0.0,14
,[],12,[],2018-12-01 15:15:48,204241.84496,0.00000489,0.000000000202473384,5260204,2018-12-01 15:15:48,btc,49.5475654835,0.0,,btc,35763.2193806,0.0163153972027625,0.0203389899998,15
0,[],4,[],2019-03-15 09:59:32,0.0,0,0,6936505,2019-03-15 09:59:32,,0.0,0.0,0,,0.0,0.0,0.0,15
0,[],2,[],2019-01-20 23:23:38,0.0,0,0,6476906,2019-01-20 23:23:38,,0.0,0.0,0,,0.0,0.0,0.0,18
1,[],4,[],2019-03-15 09:59:33,24736.700608,0.00001626,0.000000000633444072,6936506,2019-03-15 09:59:33,btc,3.7684165057133363,0.0,0.00001626,btc,17830.700005,0.05387564,0.0556784083971832,18
1,[],10,[],2019-03-15 09:59:36,782807.27537743,0.00001468,0.000000000571891696,6936507,2019-03-15 09:59:36,btc,15.407966778113046,11072.0700549,0.00001468,btc,13416.21488696,0.0,0.1243682859927515,18
1,[],12,[],2019-03-15 09:59:37,313679.7400039,0.0000160599999999999987015074365270805856198421679437160491943359375,0.0000000006256526319999999,6936508,2019-03-15 09:59:37,btc,33214.7253143299,0.0,0.0000160599999999999987015074365270805856198421679437160491943359375,btc,664.98696328,0.0027894135892602,0.0247796684587989,18
0,[],17,[],2019-03-15 09:19:16,0.0,0,0,6936265,2019-03-15 09:19:16,btc,0.0,0.0,0,btc,0.0,0.0,0.0,18
0,[],2,[],2019-01-20 23:24:19,0.0,0,0,6476924,2019-01-20 23:24:19,,0.0,0.0,0,,0.0,0.0,0.0,19
1,[],3,[],2019-03-15 09:19:17,120812.94885821428,0.0000175200000000000016635824662269982354700914584100246429443359375,0.0000000006799704720000001,6936266,2019-03-15 09:19:17,btc,0.643012732860486,305.658767955,0.0000175200000000000016635824662269982354700914584100246429443359375,btc,14750.908035282198,0.0,0.05440347105084286,19
1,[],4,[],2019-03-15 09:19:18,218683.20167728,0.00001961,0.000000000761085671,6936267,2019-03-15 09:19:18,btc,2.909491311407652,0.0,0.00001961,btc,88446.84630951,1.63418326,2.2266088309910783,19
1,[],5,[],2019-03-15 09:19:20,0.0,0,0,6936268,2019-03-15 09:19:20,btc,0.0,0.00103749,0,btc,0.0,0.0,0.0,19
1,[],12,[],2019-03-15 09:19:21,192198.75268817,0.000019369999999999999197586308952168110408820211887359619140625,0.000000000751771007,6936269,2019-03-15 09:19:21,btc,0.7015563714330338,0.0,0.000019369999999999999197586308952168110408820211887359619140625,btc,442.84086563,0.00042537,0.0395609699999658,19
0,[],27,[],2019-03-15 09:19:23,0.0,0,0,6936270,2019-03-15 09:19:23,,0.0,0.0,0,btc,0.0,0.0,0.0,19
1,[],4,[],2019-03-15 09:19:24,2774706.59355758,0.00000012,0.000000000004657332,6936271,2019-03-15 09:19:24,btc,7.3819639475772005,0.0,0.00000012,btc,2870595.34719476,0.00112971,0.0771774578980249,20
0,[],17,[],2019-03-15 09:06:20,0.0,0,0,6936084,2019-03-15 09:06:20,btc,0.0,0.0,0,btc,0.0,0.0,0.0,21
1,[],4,[],2019-03-15 09:59:57,102873169.1663036,0.00000002,0.0000000000007791439999999999,6936515,2019-03-15 09:59:57,btc,4103.55150913308,0.0,0.00000002,btc,53717576.61990362,0.00040394,1.1433046244467124,21
1,[],12,[],2019-03-15 09:19:27,1425336.0,0.00000001,0.000000000000388111,6936273,2019-03-15 09:19:27,btc,1247.5331530893407,0.0,0.00000001,btc,2594643.96703296,0.0,0.01425336,21
1,[],12,[],2019-03-15 09:19:29,2648429523.0,0.0000000001,0.0000000000000038811100000000005,6936274,2019-03-15 09:19:29,btc,1933695.40952371,0.0,0.0000000001,btc,1862414972.1742148,0.016069692286213785,0.2648429523,23
0,[],27,[],2019-03-15 09:19:31,0.0,0,0,6936275,2019-03-15 09:19:31,,13.836146978083411,0.0,0,eth,5931606.84014486,0.0,0.0,23
1,[],4,[],2019-03-15 09:19:32,655390.76456346,0.00000052,0.000000000020181772,6936276,2019-03-15 09:19:32,btc,10.030731128392157,0.0,0.00000052,btc,1612679.06757699,0.03186297,0.162780691776023,24
1,[],22,[],2019-03-15 09:19:36,11.76,0.00000100,0.0000000000388111,6936277,2019-03-15 09:19:36,BTC,7.415e-05,0.0,0.00000100,BTC,23.919354838709676,0.0,1.176e-05,24
0.0,[],25,[],2019-03-15 09:19:37,0.0,0,0,6936278,2019-03-15 09:19:37,,0.0,0.0,0.0,btc,0.0,0.0,0.0,24
0,[],2,[],2019-01-20 23:25:56,0.0,0,0,6476976,2019-01-20 23:25:56,,0.0,0.0,0,,0.0,0.0,0.0,26
1,[],4,[],2019-03-15 09:19:38,28189549.10134512,0.00000633,0.00000000024567426300000003,6936279,2019-03-15 09:19:38,btc,57.1278314734549,0.0,0.00000633,btc,240906.26954944,0.27474525,0.4993916650277213,26
1,[],10,[],2019-03-15 09:19:41,601816.48082652,0.00000543,0.000000000210744273,6936280,2019-03-15 09:19:41,btc,26.080534640594013,3863.43140264,0.00000543,btc,14365.9645187,0.0,0.1539326682406224,26
1,[],3,[],2019-03-15 09:19:41,8335769.54084747,0.00000001,0.000000000000388111,6936281,2019-03-15 09:19:41,btc,2.039594667093939,30747.0,0.00000001,btc,14870810.69259683,0.0,0.08335769540847471,27
1,[],5,[],2019-03-15 09:19:42,0.0,0,0,6936282,2019-03-15 09:19:42,btc,0.0,0.00059427,0,btc,0.0,0.0,0.0,27
1,[],11,[],2019-03-15 09:19:44,8483578.24590115,0.00000006,0.0000000000023286659999999997,6936283,2019-03-15 09:19:44,btc,67506.1992155516,5956.66666667,0.00000006,btc,7966196.08369704,0.0,0.4686349049180229,27
1,[],4,[],2019-03-15 09:19:45,2171988079.2417274,0.00000001,0.000000000000388111,6936284,2019-03-15 09:19:45,btc,4.9584161188364435,0.0,0.00000001,"btc,ltc",400483699.7876045,0.14328969,10.229493377575933,29
1,[],7,[],2019-03-15 09:19:46,35611182.13418711,0.00000001,0.000000000000388111,6936285,2019-03-15 09:19:46,btc,44461604.29215369,0.0,0.00000001,btc,52425561.76088459,0.0,0.3561118213418711,29
1,[],4,[],2019-03-15 09:19:47,1622689.00157273,0.00000018,0.000000000006985998,6936286,2019-03-15 09:19:47,btc,2.678320940054303,0.0,0.00000018,btc,2169363.87613045,0.00533027,0.0906050622850047,30
0,[],17,[],2019-03-15 09:19:59,0.0,0,0,6936287,2019-03-15 09:19:59,btc,0.0,0.0,0,btc,0.0,0.0,0.0,30
1,[],4,[],2019-03-15 09:20:00,185285.32507759,0.00005666,0.0000000021990369260000003,6936288,2019-03-15 09:20:00,btc,9.622679941482565,0.0,0.00005666,btc,119473.10968136,1.57529898,1.997940554207682,31
1,[],21,[],2019-03-15 09:20:01,35980.38619458,0.00005694000000000000032444533171,0.000000002209904034,6936289,2019-03-15 09:20:01,btc,5.183258857340081,95229.91122522,0.0000569400000000000003244453317119422308678622357547283172607421875,btc,82156.16439011,5.35918833,1.9008781356455775,31
0,[],2,[],2019-01-20 23:28:43,0.0,0,0,6477009,2019-01-20 23:28:43,,0.0,0.0,0,,0.0,0.0,0.0,32
1,[],4,[],2019-03-15 10:00:37,514485670.41713196,0.00000003,0.000000000001168716,6936534,2019-03-15 10:00:37,btc,8.772752295066088,0.0,0.00000003,"btc,ltc",176655785.79775444,0.6785503,9.688161814478947,33
1,[],12,[],2019-03-15 09:20:04,26593211.658999998,0.00000004,0.000000000001552444,6936291,2019-03-15 09:20:04,btc,2818210.366788646,0.0,0.00000004,btc,18424929.52347645,0.0043278006593415,0.6140850567199999,33
1,[],4,[],2019-03-15 10:00:39,95279792.26031107,0.00000001,0.00000000000038957199999999997,6936536,2019-03-15 10:00:39,btc,3.3842958091050543,0.0,0.00000001,btc,101900093.77846406,0.01258417,0.9527979226031107,34
1,[],5,[],2019-03-15 10:00:41,0.0,0,0,6936537,2019-03-15 10:00:41,btc,0.0,0.01750742,0,btc,0.0,0.0,0.0,34
0.00000000014571660000000002,[],4,[],2019-03-15 10:00:42,3901616982.0586705,1.457166e-18,5.67671072952e-23,6936538,2019-03-15 10:00:42,ltc,4.859430161150158e-08,0.0,0.00000001,ltc,6781936489.7203865,0.0,5.685303611278504e-09,36
1,[],5,[],2019-03-15 10:00:44,0.0,0,0,6936539,2019-03-15 10:00:44,btc,0.0,0.0,0,btc,0.0,0.0,0.0,36
0,[],17,[],2019-03-15 09:20:21,0.0,0,0,6936296,2019-03-15 09:20:21,btc,0.0746458232965017,0.0,0,btc,4103573.70243647,0.0,0.0,36
0.0000000003432286,[],27,[],2019-03-15 09:20:24,998000.16325,3.4322859999999997e-18,1.332107951746e-22,6936297,2019-03-15 09:20:24,eth,223.68719070580784,163.0,0.00000001,"ltc,eth",12165396.31058689,5.59462618e-16,1.4491474583206896e-12,36
1,[],4,[],2019-03-15 10:00:48,221030.78028333,0.00000059,0.000000000022984748,6936541,2019-03-15 10:00:48,btc,19772.503985868483,0.0,0.00000059,btc,584463.63524559,0.00281039,0.0922318547019273,37
1,[],12,[],2019-03-15 10:00:49,1019561.17371429,0.00000059,0.000000000022984748,6936542,2019-03-15 10:00:49,btc,22.49737869588861,0.0,0.00000059,btc,422123.41264788,0.0366481895085309,0.1456302860895163,37
1,[],17,[],2019-03-15 09:20:27,1752.74075282,0.00000025,0.000000000009702775,6936300,2019-03-15 09:20:27,btc,0.055484923985331794,0.0,0.00000025,btc,1387.19918473,0.0,0.00043818518820499993,37
1,[],27,[],2019-03-15 09:20:30,14685.567,0.00000045,0.000000000017464995,6936301,2019-03-15 09:20:30,btc,24.25536383611233,0.0,0.00000045,btc,6518.38138508,0.0,0.00480032515,37
1,[],5,[],2019-03-15 10:00:54,0.0,0,0,6936545,2019-03-15 10:00:54,btc,0.0,0.07550642,0,btc,0.0,0.0,0.0,42
1,[],12,[],2019-03-15 09:20:33,253896.7054319,0.0000009,0.00000000003492999,6936303,2019-03-15 09:20:33,btc,5.583566015796748,0.0,0.0000009,btc,32546.22843597,0.0136763206881303,0.0195126899999852,42
0.0000000003432286,[],27,[],2019-03-15 09:20:36,2000.0,3.4322859999999997e-18,1.332107951746e-22,6936304,2019-03-15 09:20:36,eth,0.00315028,0.0,0.00000001,"btc,eth",11.007,0.0,6.864572e-15,42
0,[],17,[],2019-03-15 08:53:51,0.0,0,0,6935917,2019-03-15 08:53:51,btc,0.0,0.0,0,btc,0.0,0.0,0.0,43
1,[],12,[],2019-03-13 09:13:29,1112112.0,0.00000001,0.000000000000386531,6919902,2019-03-13 09:13:29,btc,29058.00478931866,0.0,0.00000001,btc,5967681.93306694,9.99000999e-07,0.01112112,43
1,[],5,[],2019-03-15 09:20:37,0.0,0,0,6936305,2019-03-15 09:20:37,btc,0.0,0.00127779,0,btc,0.0,0.0,0.0,43
1,[],12,[],2019-03-05 01:54:08,639326.02,0.00000004,0.000000000001486676,6845775,2019-03-05 01:54:08,btc,11116042.728239931,0.0,0.00000004,btc,1103841.4595604,0.0003330765234764,0.014975410599999999,44
1,[],4,[],2019-03-15 09:20:39,298202538.7060116,0.00000003,0.000000000001164333,6936306,2019-03-15 09:20:39,btc,958.2964358026022,0.0,0.00000003,"btc,ltc",16776664.94635617,0.00329233,0.27933256306858373,49
0.0000000001452051,[],4,[],2019-03-15 09:20:41,242688824.8073521,1.452051e-18,5.63556965661e-23,6936307,2019-03-15 09:20:41,ltc,25.901654681005034,0.0,0.00000001,ltc,10157741836.692127,0.0,3.523965507503405e-10,52
0,[],22,[],2019-03-15 09:20:44,0.0,0,0,6936308,2019-03-15 09:20:44,,4428.58826215,0.0,0,,305737213.5359664,0.0,0.0,57
0.0000000003432286,[],27,[],2019-03-15 09:20:46,2000.0,3.4322859999999997e-18,1.332107951746e-22,6936309,2019-03-15 09:20:46,eth,0.0,0.0,0.00000001,"btc,eth",0.0,0.0,6.864572e-15,57
0.0000000001452051,[],4,[],2019-03-15 09:20:47,779007849.332,2.904102e-18,1.127113931322e-22,6936310,2019-03-15 09:20:47,ltc,18.657616838649787,0.0,0.00000002,ltc,4757179127.501402,0.0,1.1776403089959353e-09,58
1,[],12,[],2019-03-15 09:20:49,1145292152.0,0.0000000003,0.00000000000001164333,6936311,2019-03-15 09:20:49,btc,4023056.081878394,0.0,0.0000000003,btc,1666035883.085914,0.014932287250549457,0.2859117397,58
0,[],17,[],2019-03-15 09:20:50,0.0,0,0,6936312,2019-03-15 09:20:50,btc,1e+24,0.0,0,btc,49226522.0897055,0.0,0.0,58
0.0000000001311671,[],22,[],2019-03-15 09:20:54,137438.0,1.311671e-18,5.09073943481e-23,6936313,2019-03-15 09:20:54,XMR,69.1795942,0.0,0.00000001,XMR,9887963.0,0.0,0.00137438,58
1,[],5,[],2019-03-15 09:20:56,0.0,0,0,6936314,2019-03-15 09:20:56,btc,0.0,0.02040153,0,btc,0.0,0.0,0.0,61
1,[],22,[],2019-03-15 09:21:00,13757.0,0.00000012,0.000000000004657332,6936315,2019-03-15 09:21:00,BTC,1002.2960049,0.0,0.00000012,BTC,14976.68361146909,0.0,0.00154987,61
1,[],26,[],2019-03-15 09:21:00,0.0,0.00000800,0.0000000003104888,6936316,2019-03-15 09:21:00,btc,0.0,0.0,0.00000800,btc,0.0,0.0,0.0,61
1,[],27,[],2019-03-15 09:21:03,4411.22008,0.00000047,0.000000000018241217,6936317,2019-03-15 09:21:03,btc,2.8846615703141323,0.0,0.00000047,"btc,eth",19452.59257617,0.0,0.0012437599594869587,61
1,[],28,[],2019-03-15 09:21:05,13880.304,0.0000005,0.00000000001940555,6936318,2019-03-15 09:21:05,btc,2.056329762300105,819.0,0.0000005,btc,9751.57500005,0.0,0.00566391304,61
0.0,[],25,[],2019-03-15 09:21:08,0.0,0,0,6936320,2019-03-15 09:21:08,,0.0,0.0,0.0,btc,0.0,0.0,0.0,67
1,[],4,[],2019-03-15 09:21:07,1463807.78926793,0.00000210,0.00000000008150331,6936319,2019-03-15 09:21:07,btc,9.627621742632627,0.0,0.00000210,btc,819514.12104181,0.17405732,1.3456179025869328,67
1,[],12,[],2019-03-15 09:21:09,2433885.61664345,0.00000014,0.000000000005433554000000001,6936321,2019-03-15 09:21:09,btc,1111115.1697313203,0.0,0.00000014,btc,940879.37456093,0.0091810084153011,0.1082827141918173,71
,[],5,[],2018-11-20 23:02:39,1.5e-07,0.00000005,0.000000000002128045,4862160,2018-11-20 23:02:39,btc,2.84511358,0.0,,btc,0.00036572,0.0,0.07381892,74
1,[],5,[],2019-03-15 09:21:11,0.0,0,0,6936322,2019-03-15 09:21:11,btc,0.0,0.0,0,btc,0.0,0.0,0.0,75
1,[],4,[],2019-03-15 09:21:13,13407008.89224166,0.00000001,0.000000000000388111,6936323,2019-03-15 09:21:13,btc,11370.022068656366,0.0,0.00000001,btc,39949505.59932191,0.0,0.1340700889224166,81
0,[],20,[],2019-01-25 09:30:31,0.0,0,0,6495923,2019-01-25 09:30:31,btc,0.0,0.0,0,btc,0.0,0.0,0.0,81
1,[],4,[],2019-03-15 09:21:14,24825.19079648,0.00007871,0.000000003054821681,6936324,2019-03-15 09:21:14,btc,18.121796231376226,0.0,0.00007871,btc,12297.84984348,0.04867932,0.1636705707052189,82
1,[],21,[],2019-03-15 09:21:16,920944.31011047,0.00007843000000000000632941615786,0.0000000030439545730000004,6936325,2019-03-15 09:21:16,btc,2.821613010366175,8959.84068489,0.000078430000000000006329416157857536973097012378275394439697265625,btc,31401.03270101,0.69522681,3.837710630623927,82
0,[],17,[],2019-03-15 08:55:01,0.0,0,0,6935937,2019-03-15 08:55:01,btc,0.0447233088476774,0.0,0,btc,999127.19588126,0.0,0.0,84
0.0000000001452051,[],4,[],2019-03-15 09:21:18,169928190.0723211,4.3561530000000006e-18,1.6906708969830002e-22,6936326,2019-03-15 09:21:18,ltc,1.6762914441582488,0.0,0.00000003,ltc,388510605.0916793,0.0003984,3.660221265996544e-10,85
,[],22,[],2018-11-20 23:09:34,3408.1,0.0000001,0.0000000000041895,4862324,2018-11-20 23:09:34,BTC,0.04624735,0.0,,BTC,4990.0,0.0,0.00033081,86
1,[],22,[],2019-03-15 10:02:14,110870.0,0.00000005,0.0000000000019478599999999997,6936570,2019-03-15 10:02:14,BTC,2.07824106,0.0,0.00000005,BTC,165278.94736842104,0.00034069,0.0017035,87
1,[],27,[],2019-03-15 10:02:16,55.0,0.00000001,0.00000000000038957199999999997,6936571,2019-03-15 10:02:16,btc,5.0315674493358,4.49458,0.00000001,btc,13338.4182688,3.82e-05,5.5e-07,87
,[],2,[],2018-11-20 23:10:47,0.0,0,0,4862359,2018-11-20 23:10:47,,0.0,0.0,,,0.0,0.0,0.0,88
1,[],11,[],2019-03-15 10:02:19,94086.63951921,0.000145959999999999991658616860235042622662149369716644287109375,0.000000005686192911999999,6936572,2019-03-15 10:02:19,btc,611.82070530739,83.4,0.000145959999999999991658616860235042622662149369716644287109375,btc,99718.00181933,0.0,6.43135987235425,89
1,[],12,[],2019-03-15 09:21:28,280621.84630935,0.00000077,0.000000000029884547000000005,6936330,2019-03-15 09:21:28,btc,61.02150709400866,0.0,0.00000077,btc,116680.93246467,1.96167e-05,0.0423903855999795,91
0,[],17,[],2019-03-15 09:21:30,0.0,0,0,6936331,2019-03-15 09:21:30,btc,0.0,0.0,0,btc,0.0,0.0,0.0,91
1,[],22,[],2019-03-15 09:21:35,65900.0,0.00000001,0.000000000000388111,6936332,2019-03-15 09:21:35,BTC,3e-06,0.0,0.00000001,BTC,1.0,0.0,0.000659,91
0,[],2,[],2019-01-20 23:31:45,0.0,0,0,6477083,2019-01-20 23:31:45,,0.0,0.0,0,,0.0,0.0,0.0,91
0.00000000014571660000000002,[],22,[],2019-03-15 10:02:25,52834053.0,1.457166e-18,5.67671072952e-23,6936573,2019-03-15 10:02:25,LTC,3.31498785,0.0,0.00000001,LTC,37200566.889473684,0.0,0.52834053,95
0,[],17,[],2019-03-15 09:21:44,0.0,0,0,6936336,2019-03-15 09:21:44,btc,0.0,0.0,0,btc,0.0,0.0,0.0,96
0.00000000014571660000000002,[],4,[],2019-03-15 10:02:26,632784475.9291892,7.5772632e-17,2.9518895793504e-21,6936574,2019-03-15 10:02:26,ltc,11.89018533624062,0.0,0.00000052,ltc,135971408.77656662,0.0,1.5332392538993707e-09,96
0,[],12,[],2019-03-15 10:02:28,0.0,0,0,6936575,2019-03-15 10:02:28,btc,10.675070516643357,0.0,0,btc,3189616.66433565,0.0,0.0,96
1,[],4,[],2019-03-15 03:18:27,3741781.64750534,0.00000030,0.00000000001164369,6933939,2019-03-15 03:18:27,btc,3.1415705615866827,0.0,0.00000030,btc,2614934.46977896,0.10910643,0.560295321154128,99
1,[],4,[],2019-03-15 10:02:40,318392.51149108,0.00003565,0.00000000138882418,6936576,2019-03-15 10:02:40,btc,12.039962903871066,0.0,0.00003565,btc,181565.93067128,4.02295921,2.596694941639965,100
0,[],2,[],2019-01-20 23:23:55,0.0,0,0,6476914,2019-01-20 23:23:55,,0.0,0.0,0,,0.0,0.0,0.0,100
1,[],22,[],2019-03-15 10:02:45,120000.0,0.00000002,0.0000000000007791439999999999,6936577,2019-03-15 10:02:45,BTC,24.82891609,0.0,0.00000002,BTC,11877.22,0.0,0.0014,101
1,[],4,[],2019-03-15 10:02:46,455821.50160752,0.00000079,0.000000000030776188,6936578,2019-03-15 10:02:46,btc,276.2055970212998,0.0,0.00000079,btc,522871.63662894,0.0080097,0.2269701648558992,103
1,[],12,[],2019-03-15 10:02:48,30927310.0,0.000000007,0.00000000000027270039999999997,6936579,2019-03-15 10:02:48,btc,3218940.2703302344,0.0,0.000000007,btc,80635986.81622665,0.00533236275631028,0.04703827,105
1,[],27,[],2019-03-15 10:02:50,294987.0,0.00000001,0.00000000000038957199999999997,6936580,2019-03-15 10:02:50,btc,36.60958327597041,0.0,0.00000001,btc,1423539.93761724,0.0,0.00294987,105
1,[],22,[],2019-03-15 10:02:57,9328.0,0.00000001,0.00000000000038957199999999997,6936581,2019-03-15 10:02:57,BTC,51.10837004,0.0,0.00000001,BTC,470435.0,0.0,9.328e-05,107
1,[],26,[],2019-03-15 10:02:57,0.0,0.00000000,0,6936582,2019-03-15 10:02:57,btc,0.0,0.0,0.00000000,btc,0.0,0.0,0.0,107
1,[],5,[],2019-03-15 10:02:59,0.0,0,0,6936583,2019-03-15 10:02:59,btc,0.0,0.00031416,0,btc,0.0,0.0,0.0,112
1,[],22,[],2019-03-15 10:03:06,1966.0,0.00000001,0.00000000000038957199999999997,6936584,2019-03-15 10:03:06,BTC,2.7975128,0.0,0.00000001,BTC,826524.0833333334,0.0,1.966e-05,112
0.00000000034331220000000006,[],27,[],2019-03-15 10:03:09,2000.0,3.4331220000000003e-18,1.337448203784e-22,6936585,2019-03-15 10:03:09,eth,1.24996908,0.0,0.00000001,"btc,eth",1289.0,0.0,6.866244000000001e-15,112
1,[],4,[],2019-03-15 10:03:10,1293055.85487116,0.00000186,0.000000000072460392,6936586,2019-03-15 10:03:10,btc,4.56323053782648,0.0,0.00000186,btc,376713.54773146,0.02374491,0.983997878563248,113
1,[],5,[],2019-03-15 10:03:11,0.0,0,0,6936587,2019-03-15 10:03:11,btc,0.0,8.2e-06,0,btc,0.0,0.0,0.0,113
0,[],27,[],2019-03-15 10:03:14,0.0,0,0,6936588,2019-03-15 10:03:14,,0.0,0.0,0,btc,0.0,0.0,0.0,116
1,[],17,[],2019-03-15 09:22:12,152738.278,0.00000004,0.000000000001552444,6936349,2019-03-15 09:22:12,btc,1.3368030274746672,0.0,0.00000004,btc,51896.221,0.0,0.0022095311199999998,116
1,[],4,[],2019-03-15 10:03:15,72406.39535665,0.00003791,0.000000001476867452,6936589,2019-03-15 10:03:15,btc,84.37609076783542,0.0,0.00003791,btc,29572.68801191,0.23862368,1.4325700582930203,120
1,[],7,[],2019-03-15 10:03:17,21590.92996751,0.00002407000000000000163188039470352208581971353851258754730224609375,0.000000000937699804,6936590,2019-03-15 10:03:17,btc,126637.41439645475,3742.55754972,0.00002407000000000000163188039470352208581971353851258754730224609375,btc,33300.72570175,0.17881622,0.0694932719896727,120
1,[],20,[],2019-03-15 10:03:20,1618031.1031,0.000000034,0.0000000000013245447999999999,6936591,2019-03-15 10:03:20,btc,32.3019317846648,102.45,0.000000034,btc,1028084.0986,3.4833e-06,0.0136972490336,125
1,[],22,[],2019-03-15 10:03:26,3053.0,0.00000001,0.00000000000038957199999999997,6936592,2019-03-15 10:03:26,BTC,0.01444887,0.0,0.00000001,BTC,296263.5111111111,0.0,3.053e-05,126
1,[],4,[],2019-03-15 10:03:27,134783.05390621,0.00001185,0.00000000046164281999999997,6936593,2019-03-15 10:03:27,btc,3.4059255249700624,0.0,0.00001185,btc,124954.9498702,0.06210123,0.4974072694479056,131
0,[],17,[],2019-03-15 10:03:28,0.0,0,0,6936594,2019-03-15 10:03:28,btc,0.0009561751951600001,0.0,0,btc,35.42829368,0.0,0.0,131
0,[],2,[],2019-01-20 23:25:46,0.0,0,0,6476969,2019-01-20 23:25:46,,0.0,0.0,0,,0.0,0.0,0.0,131
1,[],4,[],2019-03-15 10:03:30,4617.74592561,0.00016654,0.000000006487932088,6936595,2019-03-15 10:03:30,btc,1.6168487985770097,0.0,0.00016654,btc,225.22958613,0.00203238,0.0185009861224353,135
1,[],3,[],2019-03-07 00:20:44,877702.73244099,0.00000004,0.00000000000154846,6863392,2019-03-07 00:20:44,btc,0.119366241821405,0.0,0.00000004,btc,760637.99421222,0.0,0.023771231960604298,136
1,[],4,[],2019-03-15 10:03:31,467606.99262032,0.00000122,0.000000000047527783999999997,6936596,2019-03-15 10:03:31,btc,38.64611753623759,0.0,0.00000122,btc,554976.25558204,0.02304295,0.0308284615902404,137
1,[],12,[],2019-03-15 10:03:33,155631.47730829,0.00000099,0.000000000038567628,6936597,2019-03-15 10:03:33,btc,7.5017835829216075,0.0,0.00000099,btc,6410.7078212,0.0007012552007964,0.0089486899999974,137
1,[],4,[],2019-03-15 10:03:35,12562.60678595,0.00003800,0.0000000014803736,6936598,2019-03-15 10:03:35,btc,28.540191459581624,0.0,0.00003800,btc,47816.50663277,0.18909773,0.3043161516591435,142
1,[],5,[],2019-03-15 10:03:36,0.0,0,0,6936599,2019-03-15 10:03:36,btc,0.0,0.12135451,0,btc,0.0,0.0,0.0,142
1,[],17,[],2019-03-15 10:03:48,22967.386363640002,0.00000088,0.000000000034282336,6936600,2019-03-15 10:03:48,btc,20.0699133484,0.0,0.00000088,btc,405.079105,0.0,0.0104613000000032,142
1,[],20,[],2019-03-15 10:03:50,153117.4379,0.00003002,0.000000001169495144,6936601,2019-03-15 10:03:50,btc,0.3370167587622,0.1446,0.00003002,btc,2264.3626,4.339992e-06,0.3112482486915,142
1,[],22,[],2019-03-15 10:03:56,1470.2803921568627,0.00001020,0.00000000039736344,6936602,2019-03-15 10:03:56,BTC,3.0054103,0.0,0.00001020,BTC,910.5995,0.0,0.00121106,142
0.0,[],25,[],2019-03-15 10:03:57,0.0,0,0,6936603,2019-03-15 10:03:57,,0.0,0.0,0.0,btc,0.0,0.0,0.0,142
1,[],28,[],2019-03-15 10:04:04,76600.0,0.00002270,0.00000000088432844,6936604,2019-03-15 10:04:04,btc,0.067100461059305,1837.0,0.00002270,btc,552.61077999,0.0,0.0154572,142
0,[],22,[],2019-03-15 10:04:10,0.0,0,0,6936605,2019-03-15 10:04:10,,65.83990167,0.0,0,,1043231670.8,0.0,0.0,143
0,[],22,[],2019-02-25 15:42:22,0.0,0,0,6783783,2019-02-25 15:42:22,,4.2131946,0.0,0,,2322156.0,0.0,0.0,146
,[],22,[],2018-11-20 23:01:11,0.0,0,0,4862114,2018-11-20 23:01:11,,2.56807021,0.0,,,61828.4988236,0.0,0.0,147
1,[],12,[],2019-03-15 10:04:11,371619.7623334,0.00000319999999999999985519395784283602779396460391581058502197265625,0.00000000012466303999999998,6936606,2019-03-15 10:04:11,btc,7.886608928121654,0.0,0.00000319999999999999985519395784283602779396460391581058502197265625,btc,89874.58088272,0.0924705295613321,0.1289127472126541,148
1,[],4,[],2019-03-15 10:04:12,224599.14046805,0.00000028,0.000000000010908016,6936607,2019-03-15 10:04:12,btc,218.9508708932452,0.0,0.00000028,btc,805282.68165608,0.00085999,0.0516621191139266,152
0,[],22,[],2019-03-15 10:04:17,0.0,0,0,6936608,2019-03-15 10:04:17,,0.0,0.0,0,,0.0,0.0,0.0,152
1,[],5,[],2019-03-15 10:04:18,0.0,0,0,6936609,2019-03-15 10:04:18,btc,0.0,0.0,0,btc,0.0,0.0,0.0,153
,[],16,[],2019-01-11 15:38:59,0.0,0,0,6366141,2019-01-11 15:38:59,btc,0.0,0.0,,btc,0.0,0.0,0.0,155
0,[],22,[],2019-03-15 10:04:23,0.0,0,0,6936610,2019-03-15 10:04:23,,6.7463775,0.0,0,,4673391.242592593,0.0,0.0,156
0,[],23,[],2019-01-20 23:24:29,0.0,0,0,6476932,2019-01-20 23:24:29,,0.0,0.0,0,,0.0,0.0,0.0,156
1,[],22,[],2019-03-15 10:04:29,7073.8,0.00005300,0.0000000020647316,6936611,2019-03-15 10:04:29,BTC,1.79802465,0.0,0.00005300,BTC,802.6461988741639,0.0,0.00104336,157
0,[],22,[],2019-03-15 10:04:33,0.0,0,0,6936612,2019-03-15 10:04:33,,50175.67608608,0.0,0,,54079135.04179466,0.0,0.0,158
,[],17,[],2018-11-20 22:56:10,0.0,0,0,4861976,2018-11-20 22:56:10,btc,1.1265625,0.0,,btc,1000.0,0.0,0.0,159
,[],20,[],2018-11-20 22:56:12,0.0,0,0,4861977,2018-11-20 22:56:12,btc,11912.7940471,0.0,,btc,34413894.3617,0.0,0.0,159
1,[],17,[],2019-03-15 07:23:12,29784.95,0.000001,0.0000000000387835,6935828,2019-03-15 07:23:12,btc,0.03026736251542,0.0,0.000001,btc,144.46171372,0.0,0.00716147,168
1,[],12,[],2019-03-15 10:04:35,234232.90447566,0.000007900000000000000595422149085589325068212929181754589080810546875,0.00000000030776188000000003,6936613,2019-03-15 10:04:35,btc,1.5537000532333054,0.0,0.000007900000000000000595422149085589325068212929181754589080810546875,btc,7524.22333333,0.0190544127409315,0.1104210149998839,168
0,[],22,[],2019-03-15 10:04:50,0.0,0,0,6936614,2019-03-15 10:04:50,,1.13364782,0.0,0,,524897.174707144,0.0,0.0,169
1,[],22,[],2019-03-15 10:04:55,195096.25,0.00000008,0.0000000000031165759999999997,6936615,2019-03-15 10:04:55,BTC,14.35186143,0.0,0.00000008,BTC,159427.3751826074,1.486e-05,0.0019885,171
1,[],22,[],2019-03-15 10:05:00,590036.4761904762,0.00000008,0.0000000000031165759999999997,6936616,2019-03-15 10:05:00,BTC,1.93015818,0.0,0.00000008,"BTC,LTC",348635.197337342,0.00143972,0.01399618,173
1,[],5,[],2019-03-05 01:59:40,0.0,0,0,6845846,2019-03-05 01:59:40,btc,0.0,0.00384852,0,btc,0.0,0.0,0.0,175
1,[],22,[],2019-03-15 10:05:08,35100.0,0.00000012,0.000000000004674864,6936617,2019-03-15 10:05:08,BTC,0.54529973,0.0,0.00000012,BTC,137376.41444619838,4.8e-05,0.002012,176
1,[],7,[],2019-03-15 10:05:09,0.0,0,0,6936618,2019-03-15 10:05:09,btc,410194.0457656959,2000.0,0,btc,111601533.09876795,0.0,0.0,178
0,[],22,[],2019-03-15 10:05:12,0.0,0,0,6936619,2019-03-15 10:05:12,,1.00242438,0.0,0,,57522.0,0.0,0.0,178
0,[],2,[],2019-01-20 23:28:34,0.0,0,0,6477001,2019-01-20 23:28:34,,0.0,0.0,0,,0.0,0.0,0.0,178
1,[],5,[],2019-03-15 10:05:15,0.0,0,0,6936620,2019-03-15 10:05:15,btc,0.0,0.07533008,0,btc,0.0,0.0,0.0,179
1,[],22,[],2019-03-15 09:13:33,6867106.0,0.00000002,0.000000000000775152,6936189,2019-03-15 09:13:33,BTC,5.63082152,0.0,0.00000002,"BTC,LTC",17356276.489868753,0.0,0.37228284,179
0,[],23,[],2019-01-20 23:25:08,0.0,0,0,6476952,2019-01-20 23:25:08,,0.0,0.0,0,,0.0,0.0,0.0,179
1,[],22,[],2019-03-15 09:24:21,665006.0130909091,0.00000125,0.000000000048513875000000003,6936380,2019-03-15 09:24:21,BTC,0.24197427,0.0,0.00000125,"BTC,LTC",77167.78460857045,0.00114567,0.57001711,180
1,[],26,[],2019-03-15 09:24:21,0.0,0.00000125,0.000000000048513875000000003,6936381,2019-03-15 09:24:21,btc,0.0,25.0,0.00000125,btc,0.0,0.0,0.0,180
1,[],17,[],2019-03-15 07:12:48,10504.725,0.0000001,0.00000000000388407,6935660,2019-03-15 07:12:48,btc,5.201069583843957,0.0,0.0000001,btc,5033.45945,0.0,0.0010504725,180
,[],7,[],2018-11-20 22:58:01,562227.975654,0.00000085,0.000000000036176765,4862015,2018-11-20 22:58:01,btc,21836.6059674,2491.87645172,,btc,749999.041456,0.00211021,0.127565380455,183
,[],5,[],2019-01-10 08:11:41,0.0,0,0,6347036,2019-01-10 08:11:41,btc,82.15055501,0.00261,,btc,1.19002445,0.0,0.0,187
1,[],24,[],2019-03-15 09:24:21,0.0,0.000000000001,3.88111e-17,6936382,2019-03-15 09:24:21,btc,0.0,0.0,0.000000000001,btc,0.0,0.0,0.0,187
,[],17,[],2018-11-16 20:58:10,4062536.27273,0.00000001,0.000000000000550501,4708775,2018-11-16 20:58:10,btc,3.36492563466,0.195460381006,,"btc,eth",110697919.549,0.0,0.0157628953496,187
0,[],22,[],2019-03-15 09:24:25,0.0,0,0,6936383,2019-03-15 09:24:25,,7.54797454,0.0,0,,79361.7243344055,0.0,0.0,191
0,[],22,[],2019-03-15 09:24:32,0.0,0,0,6936384,2019-03-15 09:24:32,,0.0,0.0,0,,0.0,0.0,0.0,197
0,[],23,[],2019-01-20 23:31:41,0.0,0,0,6477079,2019-01-20 23:31:41,,0.0,0.0,0,,0.0,0.0,0.0,199
0,[],22,[],2019-03-15 09:25:31,0.0,0,0,6936385,2019-03-15 09:25:31,,5.19581047,0.0,0,,21561978.0,0.0,0.0,199
1,[],26,[],2019-03-15 09:25:31,0.0,0.00000000,0,6936386,2019-03-15 09:25:31,btc,0.0,126804.0,0.00000000,btc,0.0,0.0,0.0,199
0,[],17,[],2019-01-30 16:32:01,0.0,0,0,6540827,2019-01-30 16:32:01,btc,6.802544163788159,0.0,0,btc,105897.55575295,0.0,0.0,200
0,[],2,[],2019-01-20 23:30:49,0.0,0,0,6477059,2019-01-20 23:30:49,,0.0,0.0,0,,0.0,0.0,0.0,201
1,[],4,[],2019-01-25 15:51:35,2084389.58565343,0.00000936,0.000000000333526752,6499557,2019-01-25 15:51:35,btc,2.0092503037378524,0.0,0.00000936,btc,160195.80207885,0.19272417,1.242687955921835,211
1,[],7,[],2019-03-15 09:54:33,6669799.69152565,0.000001089999999999999940087530049537267728965161950327455997467041015625,0.000000000042434027,6936437,2019-03-15 09:54:33,btc,15476653.824990282,1088022.88906,0.000001089999999999999940087530049537267728965161950327455997467041015625,btc,12697555.26077172,0.0,4.111532305663738,212
1,[],5,[],2019-03-15 09:54:37,0.0,0,0,6936438,2019-03-15 09:54:37,btc,0.0,0.06867873,0,btc,0.0,0.0,0.0,213
1,[],24,[],2019-03-15 09:54:37,0.0,0.000000250000,0.000000000009732575,6936439,2019-03-15 09:54:37,btc,0.0,0.0,0.000000250000,btc,0.0,0.0,0.0,213
1,[],26,[],2019-03-15 09:54:39,0.0,0.00000010,0.00000000000389303,6936440,2019-03-15 09:54:39,btc,0.0,0.0,0.00000010,btc,0.0,0.0,0.0,213
1,[],12,[],2019-01-25 02:44:32,207462.42853209,0.000001080000000000000035831255497387193287295303889550268650054931640625,0.000000000038610756000000006,6493050,2019-01-25 02:44:32,btc,85023.03793723314,0.0,0.000001080000000000000035831255497387193287295303889550268650054931640625,btc,43675.73520027,0.000146250909087,0.0348620860622024,213
1,[],22,[],2019-03-15 09:54:46,25000.0,0.00000001,0.00000000000038930300000000003,6936441,2019-03-15 09:54:46,BTC,2.2910283,0.0,0.00000001,BTC,748106.3963726171,0.0,0.00025,216
1,[],27,[],2019-03-15 09:54:49,1298122.0,0.00000003,0.000000000001167909,6936442,2019-03-15 09:54:49,btc,317.9808126547724,0.0,0.00000003,"btc,ltc",240753.990324,0.0,0.033757640000261956,216
1,[],22,[],2019-03-15 09:55:41,153645.11184210525,0.00000154,0.00000000005995266200000001,6936443,2019-03-15 09:55:41,BTC,12543.59372298,0.0,0.00000154,BTC,429384.8035921846,0.01415455,0.15529174,217
1,[],7,[],2019-03-15 09:55:43,0.0,0,0,6936444,2019-03-15 09:55:43,btc,77971.81410323446,0.0,0,btc,135962412.7426053,0.0,0.0,219
0,[],27,[],2019-03-15 09:55:45,0.0,0,0,6936445,2019-03-15 09:55:45,,0.0404796,0.0,0,btc,2057905.0,0.0,0.0,219
0.0000000000000051,[],28,[],2019-03-15 09:55:53,171578396.705,8.92755e-18,3.47552199765e-22,6936446,2019-03-15 09:55:53,doge,96468.2202421225,14327.0,0.00175050,"btc,doge",6154491.80521,0.0,2.4455919057138268e-11,219
1,[],22,[],2019-03-15 09:55:56,405511.0,0.00000008,0.0000000000031144240000000003,6936447,2019-03-15 09:55:56,BTC,18.10613233,0.0,0.00000008,BTC,101344.54541875875,9.984e-05,0.01929233,221
1,[],24,[],2019-03-15 09:55:56,0.0,0.000000200000,0.00000000000778606,6936448,2019-03-15 09:55:56,btc,0.0,0.0,0.000000200000,btc,0.0,0.0,0.0,221
1,[],20,[],2019-03-15 09:55:59,39832694.7053,0.000000003,0.00000000000011679090000000001,6936449,2019-03-15 09:55:59,btc,49.3942753096225,1998024.1624,0.000000003,btc,14342781.0194,0.0141013513514,0.0401521530653,224
0,[],22,[],2019-03-15 09:56:03,0.0,0,0,6936450,2019-03-15 09:56:03,,0.0,0.0,0,,0.0,0.0,0.0,224
1,[],26,[],2019-03-15 09:56:04,0.0,0.00000035,0.000000000013625605000000002,6936451,2019-03-15 09:56:04,btc,0.0,0.0,0.00000035,btc,0.0,0.0,0.0,231
1,[],26,[],2019-03-15 09:56:04,0.0,0.00000005,0.000000000001946515,6936452,2019-03-15 09:56:04,btc,0.0,0.0,0.00000005,btc,0.0,0.0,0.0,234
0.00000000034311759999999996,[],27,[],2019-03-15 09:56:07,2000.0,3.4311759999999997e-18,1.335767110328e-22,6936453,2019-03-15 09:56:07,eth,0.01134836604,0.0,0.00000001,"btc,eth",11462.996,0.0,6.862352e-15,234
1,[],4,[],2019-03-15 09:56:09,816396.12511883,0.00000074,0.000000000028808422000000002,6936454,2019-03-15 09:56:09,btc,4.241904401914353,0.0,0.00000074,btc,1219552.78013704,0.04981074,0.2209100571263432,236
1,[],24,[],2019-03-15 09:56:10,0.0,0.000000500000,0.00000000001946515,6936455,2019-03-15 09:56:10,btc,0.0,0.0,0.000000500000,btc,0.0,0.0,0.0,236
1,[],20,[],2019-03-15 09:56:12,230962672.7542,0.000000044,0.0000000000017129332,6936456,2019-03-15 09:56:12,btc,10.4337807738024,6010426.5132,0.000000044,btc,30246283.4396,0.281493293279,0.5806111536964,237
0.0000000001455294,[],22,[],2019-03-15 09:56:15,751594.9,2.4739998e-17,9.631355441394002e-22,6936457,2019-03-15 09:56:15,LTC,1.2021423,0.0,0.00000017,LTC,14198.0,0.0,0.12541949,237
1,[],4,[],2019-03-15 09:56:16,7554857.79403606,0.00000034,0.000000000013236302,6936458,2019-03-15 09:56:16,btc,7.043988346420289,0.0,0.00000034,btc,10754248.66406031,0.38537203,1.7569672289139042,238
1,[],5,[],2019-03-15 09:56:18,0.0,0,0,6936459,2019-03-15 09:56:18,btc,0.0,0.09115573,0,btc,0.0,0.0,0.0,238
0,[],22,[],2019-03-12 16:49:32,0.0,0,0,6914458,2019-03-12 16:49:32,,0.40415746,0.0,0,,526736.5639027493,0.0,0.0,249
0.0000000001455294,[],22,[],2019-03-15 09:56:22,45685493.916666664,5.8211760000000004e-18,2.2662012803280003e-22,6936460,2019-03-15 09:56:22,LTC,0.93019708,0.0,0.00000004,LTC,18228659.353636365,1.4061848129112001e-11,1.04555586,252
1,[],28,[],2019-03-15 10:07:31,1745643.674,0.00000083,0.000000000032334476,6936650,2019-03-15 10:07:31,btc,164780.2805794823,429089.298,0.00000083,btc,235949.038,0.0,0.4948789684,256
1,[],22,[],2019-03-15 10:07:36,1335324.6666666667,0.00000003,0.000000000001168716,6936651,2019-03-15 10:07:36,BTC,31.44738005,0.0,0.00000003,BTC,590138.8568978057,8.57e-06,0.01899266,258
1,[],22,[],2019-03-13 00:07:30,47146.0,0.00000001,0.000000000000387233,6917028,2019-03-13 00:07:30,BTC,2.415167,0.0,0.00000001,BTC,157.0,0.0,0.00047146,259
1,[],5,[],2019-03-15 10:07:39,0.0,0,0,6936652,2019-03-15 10:07:39,btc,0.0,0.1138792,0,btc,0.0,0.0,0.0,264
1,[],20,[],2019-03-15 10:07:41,1242825.8189,0.00000212,0.000000000082589264,6936653,2019-03-15 10:07:41,btc,7.1866307883599,44073.3877,0.00000212,btc,99419.7511,0.088207948287,0.0248824295926,264
0,[],22,[],2019-03-15 10:07:45,0.0,0,0,6936654,2019-03-15 10:07:45,,8.75669439,0.0,0,,483745.2241309945,0.0,0.0,271
0,[],22,[],2019-03-15 10:07:50,0.0,0,0,6936655,2019-03-15 10:07:50,,111821.04152134,0.0,0,,13992847597.692,0.0,0.0,272
0.0000000000000051,[],28,[],2019-03-15 10:07:52,186429176346.905,3.876e-21,1.509981072e-25,6936656,2019-03-15 10:07:52,doge,147672820.6567421,3087041596.0,0.00000076,doge,246631389521.1349,0.0,4.4868472850604153e-10,272
1,[],22,[],2019-03-15 09:57:05,146111.78,0.0000006,0.00000000002335818,6936468,2019-03-15 09:57:05,BTC,383.71009223,0.0,0.0000006,"BTC,LTC",81336.72280311219,0.07133564,0.04995193,281
1,[],22,[],2019-03-15 09:57:13,370569.5833333333,0.00000012,0.000000000004671636,6936469,2019-03-15 09:57:13,BTC,1.28313225,0.0,0.00000012,BTC,225647.78677878602,0.00704067,0.0262877,286
0,[],22,[],2019-03-15 09:57:21,0.0,0,0,6936470,2019-03-15 09:57:21,,1044639.27757649,0.0,0,,747492492.0,0.0,0.0,294
