pairValue,buyBook,exchangeId,sellBook,updated,buyTotal,satoshiPrice,usdPrice,exchangeLogId,created,bestPair,sellTotalBtc,volume,pairPrice,activePairs,sellTotal,volumeBtc,buyTotalBtc,coinId
1,[],3,[],2019-02-16 12:33:38,30565.40662509172,0.01311362999999999938427475143498668330721557140350341796875,0.00000047464128103499994,6687255,2019-02-16 12:33:38,btc,107.09343346562923,0.0,0.01311362999999999938427475143498668330721557140350341796875,btc,23.374972762121,0.0,0.37447217617232476,1
1,[],4,[],2019-02-16 12:33:39,98.2128224,0.01315490,0.00000047613502805,6687256,2019-02-16 12:33:39,btc,0.6961393352358619,0.0,0.01315490,btc,49.46007741,1.65264629,1.202720529253747,1
1,[],5,[],2019-02-16 12:33:44,0.2866188,0.01300027,0.000000470538272515,6687257,2019-02-16 12:33:44,btc,14578.75686331,0.04370746,0.01300027,btc,35555556.27573533,0.0,2.29338147,1
1,[],10,[],2019-02-16 12:33:48,415271.11952161,0.01001571,0.000000362513615595,6687258,2019-02-16 12:33:48,btc,6526.126060029414,1149.0731378,0.01001571,btc,1129.39196037,0.0,4.792409631716935,1
1,[],12,[],2019-02-16 12:33:52,10454.67836239,0.01307999999999999961308727591813294566236436367034912109375,0.00000047342405999999997,6687259,2019-02-16 12:33:52,btc,0.3455646926131,0.0,0.01307999999999999961308727591813294566236436367034912109375,btc,19.29426771,0.4512981882244,0.4541703936168,1
1,[],21,[],2019-02-16 12:33:54,2171.2986888699998,0.01310059000000000049845905181,0.000000474169304755,6687260,2019-02-16 12:33:54,btc,29.225137601134616,2190.52273032,0.01310059000000000049845905181200578226707875728607177734375,"btc,eth",2685.38370916,25.04535735709067,21.710683156510814,1
1,[],22,[],2019-02-16 12:33:59,0.0280576,0.01350000,0.00000048862575,6687261,2019-02-16 12:33:59,BTC,0.3139634,0.0,0.01350000,BTC,0.10070366666666666,0.0,0.00036518,1
1,[],24,[],2019-02-16 12:33:59,0.0,0.000000000000,0,6687262,2019-02-16 12:33:59,btc,0.0,0.0,0.000000000000,btc,0.0,0.0,0.0,1
0.0,[],25,[],2019-02-16 12:34:00,0.0,0,0,6687263,2019-02-16 12:34:00,btc,27.215699997178792,1610.06938326,0.0,btc,2014.36532605,21.3245,0.0,1
1,[],26,[],2019-02-16 12:34:10,0.0,0,0,6687264,2019-02-16 12:34:10,,0.0,0.0,0,,0.0,0.0,0.0,1
1,[],28,[],2019-02-16 12:34:12,992.968,0.01231000,0.000000445554295,6687265,2019-02-16 12:34:12,btc,0.162839806,18416.85,0.01231000,btc,8.9,0.0,0.086870176,1
1,[],20,[],2019-02-16 11:33:50,1151.2564,0.010500212,0.000000380097174188,6687058,2019-02-16 11:33:50,btc,0.0573537536243,0.0,0.010500212,btc,2.5253,0.0,0.0911161306007,1
0,[],2,[],2019-01-20 23:28:45,0.0,0,0,6477011,2019-01-20 23:28:45,,0.0,0.0,0,,0.0,0.0,0.0,1
1,[],5,[],2019-02-16 12:34:13,1.472e-05,0.00000066,0.00000000002388837,6687266,2019-02-16 12:34:13,btc,0.12689027,0.01429029,0.00000066,btc,6.166e-05,0.0,0.25255712,2
1,[],22,[],2019-02-16 12:34:25,1198.0,0.00000017,0.000000000006153065,6687267,2019-02-16 12:34:25,BTC,2.12185623,0.0,0.00000017,"BTC,XMR",14319.12581,0.00043683,0.00088485,2
1,[],5,[],2019-02-16 12:34:27,1.29e-06,0.00000017,0.000000000006153065,6687268,2019-02-16 12:34:27,btc,4.35233186,0.01461971,0.00000017,btc,2.278e-05,0.0,3.55165525,3
1,[],12,[],2019-02-16 12:34:28,12467730.62252087,0.00000017,0.000000000006153065,6687269,2019-02-16 12:34:28,btc,923761.869226252,0.0,0.00000017,btc,9058227.48883495,0.16253044306483624,0.5050022502517078,3
0,[],28,[],2019-02-16 12:34:34,0.0,0,0,6687270,2019-02-16 12:34:34,,0.0,0.0,0,,0.0,0.0,0.0,3
0,[],2,[],2019-01-20 23:31:32,0.0,0,0,6477077,2019-01-20 23:31:32,,0.0,0.0,0,,0.0,0.0,0.0,4
1,[],4,[],2019-02-16 12:34:35,401187.02866668,0.00000032,0.00000000001158224,6687271,2019-02-16 12:34:35,btc,0.378388177067967,0.0,0.00000032,btc,336945.57435168,0.00068811,0.0549147039799035,4
1,[],12,[],2019-02-14 17:26:54,1405077.5219999999,0.00000004,0.000000000001441592,6666503,2019-02-14 17:26:54,btc,11113878.38315974,0.0,0.00000004,btc,1084186.13790569,0.0004039437362635,0.02355927044,5
0,[],2,[],2019-01-20 23:31:51,0.0,0,0,6477087,2019-01-20 23:31:51,,0.0,0.0,0,,0.0,0.0,0.0,6
1,[],11,[],2019-02-16 12:34:36,1341309.5,0.00000002,0.00000000000072389,6687272,2019-02-16 12:34:36,btc,9433.292373620638,280000.0,0.00000002,btc,40128064.15478057,0.0,0.018335885,6
1,[],3,[],2019-02-16 12:34:37,1093.664845278592,0.00014767000000000000069742822628171552423737011849880218505859375,0.000000005344841815,6687273,2019-02-16 12:34:37,btc,27.605796873748474,0.905170040532,0.00014767000000000000069742822628171552423737011849880218505859375,btc,249.144760639695,0.0,0.03438204574814957,7
1,[],4,[],2019-02-16 12:34:38,17051.88039591,0.00024701,0.000000008940403444999999,6687274,2019-02-16 12:34:38,btc,2.8125276296418034,0.0,0.00024701,btc,10528.60298641,8.59969176,3.624353103026452,7
1,[],5,[],2019-02-16 12:34:39,0.00777971,0.00022465,0.000000008131094425,6687275,2019-02-16 12:34:39,btc,1.76504156,1.10275466,0.00022465,btc,0.01465792,0.0,1.73351491,7
1,[],20,[],2019-02-16 07:44:21,43513291.8418,0.000000001,0.0000000000000361648,6685210,2019-02-16 07:44:21,btc,116.5827776391263,3203.0,0.000000001,btc,29035064.8892,3.203e-06,0.0435132918418,8
1,[],1,[],2019-02-16 12:34:41,2747988.71,0.00000181999999999999993881738720447049928452543099410831928253173828125,0.00000000006587398999999999,6687276,2019-02-16 12:34:41,btc,3.8514598209,14426031.81,0.00000181999999999999993881738720447049928452543099410831928253173828125,btc,2072419.3900000001,26.51470857,4.9405657021,9
1,[],4,[],2019-02-16 12:34:41,261271.49536947,0.00000181,0.000000000065512045,6687277,2019-02-16 12:34:41,btc,1.0354555814723325,0.0,0.00000181,btc,548216.88032134,2.8672558,0.4453993839299945,9
1,[],28,[],2019-02-16 12:34:47,43336.934,0.00000167,0.000000000060444815,6687278,2019-02-16 12:34:47,btc,2708.76484962,3557869.0,0.00000167,btc,11778.36,0.0,0.04320967978,9
0,[],2,[],2019-01-20 23:22:42,0.0,0,0,6476876,2019-01-20 23:22:42,,0.0,0.0,0,,0.0,0.0,0.0,9
0,[],23,[],2019-01-20 23:22:48,0.0,0,0,6476878,2019-01-20 23:22:48,,0.0,0.0,0,,0.0,0.0,0.0,9
1,[],4,[],2019-02-10 09:54:02,5828483.02026053,0.00000002,0.000000000000726692,6623074,2019-02-10 09:54:02,btc,0.2014004865591215,0.0,0.00000002,btc,4198675.28035349,0.00021932,0.0653957035452106,10
1,[],4,[],2019-02-16 12:34:48,1363389.67343485,0.00000176,0.00000000006370231999999999,6687279,2019-02-16 12:34:48,btc,4.169154131206507,0.0,0.00000176,btc,2038440.85429931,18.91315657,2.124682208748225,12
1,[],5,[],2019-02-16 12:34:49,3.982e-05,0.00000166,0.00000000006008287,6687280,2019-02-16 12:34:49,btc,0.52131045,0.67834792,0.00000166,btc,0.00012722,0.0,0.69343886,12
0.0,[],25,[],2019-02-16 12:34:52,0.0,0,0,6687281,2019-02-16 12:34:52,,0.0,0.0,0.0,btc,0.0,0.0,0.0,12
0,[],2,[],2019-01-20 23:23:08,0.0,0,0,6476890,2019-01-20 23:23:08,,0.0,0.0,0,,0.0,0.0,0.0,12
1,[],4,[],2019-02-16 12:34:53,1349980.24126542,0.00000637,0.000000000230558965,6687282,2019-02-16 12:34:53,btc,1.3944837238495245,0.0,0.00000637,btc,197183.4570092,0.52243433,1.5663073120651174,13
1,[],10,[],2019-02-16 12:34:58,453074.50293972,0.00000642,0.00000000023236869,6687283,2019-02-16 12:34:58,btc,666805.4391698046,5303.44791187,0.00000642,btc,723394.37790593,0.0,0.4143469052765943,13
1,[],21,[],2019-02-16 12:35:00,1040572.48239079,0.000006530000000000000159785379372,0.000000000236350085,6687284,2019-02-16 12:35:00,btc,8.592990366371499,244530.27922959,0.0000065300000000000001597853793722237014662823639810085296630859375,btc,1131039.08065795,1.63467764,6.373412994087476,13
1,[],4,[],2019-02-16 12:35:03,987396.78052349,0.00000138,0.00000000004994841,6687285,2019-02-16 12:35:03,btc,0.1079346150404664,0.0,0.00000138,btc,58554.83093232,0.00702129,0.4134975910470935,14
1,[],12,[],2019-02-16 12:35:04,84843.2231405,0.000001239999999999999986239306026813977723577409051358699798583984375,0.00000000004488118,6687286,2019-02-16 12:35:04,btc,2.7760547867907843,0.0,0.000001239999999999999986239306026813977723577409051358699798583984375,btc,29994.22510305,0.0003021182997546,0.008462320000005,14
0,[],17,[],2019-02-16 12:35:06,0.0,0,0,6687287,2019-02-16 12:35:06,btc,0.0,0.0,0,btc,0.0,0.0,0.0,14
1,[],26,[],2019-02-16 12:35:06,0.0,0.00000050,0.00000000001809725,6687288,2019-02-16 12:35:06,btc,0.0,0.0,0.00000050,btc,0.0,0.0,0.0,14
0,[],4,[],2019-02-16 12:35:07,0.0,0,0,6687289,2019-02-16 12:35:07,,0.0,0.0,0,,0.0,0.0,0.0,15
,[],12,[],2018-12-01 15:15:48,204241.84496,0.00000489,0.000000000202473384,5260204,2018-12-01 15:15:48,btc,49.5475654835,0.0,,btc,35763.2193806,0.0163153972027625,0.0203389899998,15
0,[],17,[],2019-02-16 11:00:08,0.0,0,0,6687000,2019-02-16 11:00:08,btc,0.0,0.0,0,btc,0.0,0.0,0.0,18
1,[],4,[],2019-02-16 12:35:09,28230.78758923,0.00001820,0.0000000006587399,6687290,2019-02-16 12:35:09,btc,2.2117281010627785,0.0,0.00001820,btc,7346.29507675,0.00709904,0.1241728145361252,18
1,[],10,[],2019-02-16 12:35:11,796556.63143829,0.0000188,0.0000000006804566,6687291,2019-02-16 12:35:11,btc,15.530221356208065,389.83588577,0.0000188,btc,10265.93006568,0.0,0.4329600850049559,18
1,[],12,[],2019-02-16 12:35:12,204341.70588052,0.00001775000000000000115554267543505062576514319516718387603759765625,0.000000000642452375,6687292,2019-02-16 12:35:12,btc,22.612034905243554,0.0,0.00001775000000000000115554267543505062576514319516718387603759765625,btc,1866.95417713,0.00235739952,0.0345568772989038,18
0,[],2,[],2019-01-20 23:23:38,0.0,0,0,6476906,2019-01-20 23:23:38,,0.0,0.0,0,,0.0,0.0,0.0,18
1,[],3,[],2019-02-16 12:35:24,123856.58173816817,0.00002619000000000000166300133386254600509346346370875835418701171875,0.000000000947933955,6687293,2019-02-16 12:35:24,btc,0.5344813335243462,532.221843834,0.00002619000000000000166300133386254600509346346370875835418701171875,btc,5588.995123512506,0.0,0.15987763122252716,19
1,[],4,[],2019-02-16 12:35:24,263746.31699914,0.00002627,0.000000000950829515,6687294,2019-02-16 12:35:24,btc,0.2591151767964085,0.0,0.00002627,btc,8976.00551733,0.26091833,2.0264543625032787,19
1,[],5,[],2019-02-16 12:35:26,0.00017408,0.00002404,0.00000000087011578,6687295,2019-02-16 12:35:26,btc,0.25309341,0.0,0.00002404,btc,0.00302213,0.0,0.06440636,19
1,[],12,[],2019-02-16 12:35:28,134766.0,0.00002449999999999999920896609495457596494816243648529052734375,0.00000000088676525,6687296,2019-02-16 12:35:28,btc,0.028871196781354802,0.0,0.00002449999999999999920896609495457596494816243648529052734375,btc,289.66393647,7.252e-05,0.03166021,19
0,[],27,[],2019-02-16 12:35:31,0.0,0,0,6687297,2019-02-16 12:35:31,,0.0,0.0,0,btc,0.0,0.0,0.0,19
0,[],2,[],2019-01-20 23:24:19,0.0,0,0,6476924,2019-01-20 23:24:19,,0.0,0.0,0,,0.0,0.0,0.0,19
1,[],4,[],2019-02-16 12:35:32,8094964.88270166,0.00000014,0.00000000000506723,6687298,2019-02-16 12:35:32,btc,0.7558970284397353,0.0,0.00000014,btc,1585963.29804811,0.00254,0.2617808437753649,20
1,[],4,[],2019-02-16 12:35:33,112204141.0629021,0.00000002,0.00000000000072389,6687299,2019-02-16 12:35:33,btc,0.4197290963908996,0.0,0.00000002,btc,12405492.93946572,0.0,1.2819232651386825,21
1,[],12,[],2019-02-16 12:35:34,17377041.0,0.00000002,0.00000000000072389,6687300,2019-02-16 12:35:34,btc,669.7055249917195,0.0,0.00000002,btc,8580966.269732941,1.26173826174e-05,0.2197811,21
0,[],17,[],2019-02-16 11:36:04,0.0,0,0,6687100,2019-02-16 11:36:04,btc,0.0,0.0,0,btc,0.0,0.0,0.0,21
1,[],12,[],2019-02-16 12:35:47,2650526582.043896,0.0000000002,0.0000000000000072389,6687301,2019-02-16 12:35:47,btc,880864730664.0894,0.0,0.0000000002,btc,4239690498.887564,0.047950594007617316,0.27878429485558975,23
0,[],27,[],2019-02-16 12:35:57,0.0,0,0,6687302,2019-02-16 12:35:57,,0.7926241565934115,0.0,0,eth,864162.85514486,0.0,0.0,23
1,[],4,[],2019-02-16 12:35:59,385313.02004614,0.00000069,0.000000000024974205,6687303,2019-02-16 12:35:59,btc,0.1598986094592005,0.0,0.00000069,btc,163566.16921127,0.00451952,0.1974728735102045,24
1,[],22,[],2019-02-16 12:36:03,11.76,0.00000100,0.0000000000361945,6687304,2019-02-16 12:36:03,BTC,7.415e-05,0.0,0.00000100,BTC,23.919354838709676,0.0,1.176e-05,24
0.0,[],25,[],2019-02-16 12:36:04,0.0,0,0,6687305,2019-02-16 12:36:04,,0.0,0.0,0.0,btc,0.0,0.0,0.0,24
1,[],4,[],2019-02-16 12:36:05,26878645.16848981,0.00000569,0.000000000205946705,6687306,2019-02-16 12:36:05,btc,0.4187672557615466,0.0,0.00000569,btc,43625.66296931,0.07519509,0.4163955130599773,26
1,[],10,[],2019-02-16 12:36:11,733259.48386613,0.0000054,0.0000000001954503,6687307,2019-02-16 12:36:11,btc,25.927290202575247,0.0,0.0000054,btc,14351.41452713,0.0,0.2154503992385259,26
0,[],2,[],2019-01-20 23:25:56,0.0,0,0,6476976,2019-01-20 23:25:56,,0.0,0.0,0,,0.0,0.0,0.0,26
1,[],3,[],2019-02-16 12:36:11,5800007.95913569,0.00000001,0.000000000000361945,6687308,2019-02-16 12:36:11,btc,2.6998142562093017,0.0,0.00000001,btc,17268102.61059958,0.0,0.0580000795913569,27
1,[],5,[],2019-02-16 12:36:13,1e-08,0.00000001,0.000000000000361945,6687309,2019-02-16 12:36:13,btc,1.5981049,0.0,0.00000001,btc,4.345e-05,0.0,0.09876515,27
1,[],11,[],2019-02-16 12:36:15,10063976.7912115,0.00000005,0.000000000001809725,6687310,2019-02-16 12:36:15,btc,370.6338278222541,8080.0,0.00000005,btc,8170874.5693934,0.0,0.4660996184459823,27
1,[],4,[],2019-02-16 12:36:15,564792544.7938535,0.00000002,0.00000000000072389,6687311,2019-02-16 12:36:15,btc,0.2386917959219341,0.0,0.00000002,"btc,ltc",13689785.15994061,0.47820219,8.17254661156314,29
1,[],7,[],2019-02-16 12:36:17,28336885.63491832,0.00000002,0.00000000000072389,6687312,2019-02-16 12:36:17,btc,44465227.17053833,50349.6503497,0.00000002,btc,55809498.86342021,0.00101049,0.41189078825014075,29
1,[],4,[],2019-02-16 12:36:18,1441736.43285986,0.00000024,0.000000000008686679999999999,6687313,2019-02-16 12:36:18,btc,0.1583072861751017,0.0,0.00000024,btc,391582.9636767,0.05608506,0.0976460511893027,30
0,[],17,[],2019-02-16 12:36:19,0.0,0,0,6687314,2019-02-16 12:36:19,btc,0.0,0.0,0,btc,0.0,0.0,0.0,30
1,[],4,[],2019-02-16 12:36:20,1140735.78335685,0.00006250,0.00000000226215625,6687315,2019-02-16 12:36:20,btc,0.926428397200617,0.0,0.00006250,btc,12171.39813581,3.26109249,1.822445600414935,31
1,[],21,[],2019-02-16 12:36:21,57133.31138374,0.00006166000000000000256725196657,0.00000000223175287,6687316,2019-02-16 12:36:21,btc,2.100028341097358,288796.26636056,0.0000616600000000000025672519665675963551620952785015106201171875,btc,31392.48779517,18.65824003,3.2544994653808783,31
0,[],2,[],2019-01-20 23:28:43,0.0,0,0,6477009,2019-01-20 23:28:43,,0.0,0.0,0,,0.0,0.0,0.0,32
1,[],4,[],2019-02-16 12:36:22,146807224.48781365,0.00000005,0.000000000001809725,6687317,2019-02-16 12:36:22,btc,2.551469695233942,0.0,0.00000005,"btc,ltc",52404245.05957236,0.61606138,2.6256936376408615,33
1,[],12,[],2019-02-16 12:36:23,14830987.952,0.00000005,0.000000000001809725,6687318,2019-02-16 12:36:23,btc,34509942.62158407,0.0,0.00000005,btc,88947819.36563416,0.0149073406893108,0.4815415776,33
1,[],4,[],2019-02-16 12:36:24,134395050.16163936,0.00000001,0.000000000000361945,6687319,2019-02-16 12:36:24,btc,1.0971691593428032,0.0,0.00000001,btc,44784875.75832942,0.00613788,1.3439505016163935,34
1,[],5,[],2019-02-16 12:36:25,1e-08,0.00000001,0.000000000000361945,6687320,2019-02-16 12:36:25,btc,5.07971363,0.00111709,0.00000001,btc,1.343e-05,0.0,0.85460524,34
0.0000000001205366,[],4,[],2019-02-16 12:36:26,1120898810.1838984,2.4107320000000004e-18,8.725523937400001e-23,6687321,2019-02-16 12:36:26,ltc,1.1349265360906734e-08,0.0,0.00000002,ltc,2252137589.385278,0.0,2.0486647312820712e-09,36
1,[],5,[],2019-02-16 12:36:27,0.0,0,0,6687322,2019-02-16 12:36:27,btc,197.5385699,0.0,0,btc,1.325e-05,0.0,0.0,36
0.0000000003391225,[],27,[],2019-02-16 12:36:31,7.0,3.391225e-18,1.227436932625e-22,6687323,2019-02-16 12:36:31,eth,100.3294076544,0.0,0.00000001,"ltc,eth",1254603.88,0.0,2.3738575e-17,36
0,[],17,[],2019-02-16 11:38:36,0.0,0,0,6687123,2019-02-16 11:38:36,btc,0.1415580987340431,0.0,0,btc,10796613.27743647,0.0,0.0,36
1,[],4,[],2019-02-16 12:36:32,435248.44965032,0.00000089,0.000000000032213105,6687324,2019-02-16 12:36:32,btc,0.5406254175069445,0.0,0.00000089,btc,415958.37097063,0.0681703,0.2168725153281832,37
1,[],12,[],2019-02-16 12:36:33,333308.528369,0.00000092,0.00000000003329894,6687325,2019-02-16 12:36:33,btc,1364.1772561448674,0.0,0.00000092,btc,835293.3190545801,0.2694009414712173,0.065018674296266,37
1,[],17,[],2019-02-16 12:36:34,1752.74075282,0.00000025,0.000000000009048625,6687326,2019-02-16 12:36:34,btc,0.05548492398284062,0.0,0.00000025,btc,1387.19918473,0.0,0.00043818518820499993,37
1,[],27,[],2019-02-16 12:36:38,15952.0,0.00000052,0.000000000018821139999999998,6687327,2019-02-16 12:36:38,btc,25.70013877686233,0.0,0.00000052,btc,6321.02738508,0.0,0.00545422,37
1,[],5,[],2019-02-16 12:36:39,1.474e-05,0.00000096,0.000000000034746719999999996,6687328,2019-02-16 12:36:39,btc,0.09602999,0.00068275,0.00000096,btc,9.569e-05,0.0,0.03986521,42
1,[],12,[],2019-02-16 12:36:40,125963.82758621,0.0000009,0.00000000003257505,6687329,2019-02-16 12:36:40,btc,92.8838666624054,0.0,0.0000009,btc,91212.15932517,0.007471874645365,0.0438833464367846,42
0,[],27,[],2019-02-16 12:36:49,0.0,0,0,6687330,2019-02-16 12:36:49,,0.00315028,0.0,0,"btc,eth",11.007,0.0,0.0,42
1,[],5,[],2019-02-16 12:36:50,3e-08,0.00000002,0.00000000000072389,6687331,2019-02-16 12:36:50,btc,5.85705585,0.03726432,0.00000002,btc,1.375e-05,0.0,0.58453491,43
1,[],12,[],2019-02-16 12:36:52,4101545.0,0.00000001,0.000000000000361945,6687332,2019-02-16 12:36:52,btc,20007457.49271481,0.0,0.00000001,btc,38975741.48291704,1.998001998e-07,0.04101545,43
0,[],17,[],2019-02-16 12:37:04,0.0,0,0,6687333,2019-02-16 12:37:04,btc,0.0,0.0,0,btc,0.0,0.0,0.0,43
1,[],12,[],2019-02-16 12:37:05,696992.0,0.00000005,0.000000000001809725,6687334,2019-02-16 12:37:05,btc,11115166.704810422,0.0,0.00000005,btc,1033538.31470526,0.0003512096403594,0.01810415,44
1,[],4,[],2019-02-16 12:37:05,225326527.69803545,0.00000002,0.00000000000072389,6687335,2019-02-16 12:37:05,btc,0.1886218069272427,0.0,0.00000002,"btc,ltc",4553724.85245401,0.00103821,0.4295719326116189,49
0.0000000001205366,[],4,[],2019-02-16 12:37:06,3711445.95477334,1.2053660000000002e-18,4.3627619687000004e-23,6687336,2019-02-16 12:37:06,ltc,4.645173508304581,0.0,0.00000001,ltc,3620033764.560867,0.0,4.473650764721322e-12,52
0,[],22,[],2019-02-16 12:37:18,0.0,0,0,6687337,2019-02-16 12:37:18,,8108.82536305,0.0,0,,262751443.67882353,0.0,0.0,57
0,[],27,[],2019-02-16 12:37:21,0.0,0,0,6687338,2019-02-16 12:37:21,,0.0,0.0,0,"btc,eth",0.0,0.0,0.0,57
0.0000000001205366,[],4,[],2019-02-16 12:37:22,1029232642.6086639,4.821464000000001e-18,1.7451047874800002e-22,6687339,2019-02-16 12:37:22,ltc,3.2722090026218744,0.0,0.00000004,ltc,908173539.4937671,0.0,2.8852466901159725e-09,58
1,[],12,[],2019-02-16 12:37:23,1752127574.843957,0.0000000005,0.00000000000001809725,6687340,2019-02-16 12:37:23,btc,724045490853.9196,0.0,0.0000000005,btc,3721561856.290725,0.05367685715661697,0.5911532137011392,58
0.0000000001309904,[],22,[],2019-02-16 12:37:37,137438.0,1.309904e-18,4.7411320328e-23,6687341,2019-02-16 12:37:37,XMR,69.8835922,0.0,0.00000001,XMR,9887963.0,0.0,0.00137438,58
0,[],17,[],2019-02-16 11:47:17,0.0,0,0,6687141,2019-02-16 11:47:17,btc,1e+24,0.0,0,btc,41481695.95832568,0.0,0.0,58
1,[],5,[],2019-02-16 12:37:39,3.87e-06,0.00000048,0.000000000017373359999999998,6687342,2019-02-16 12:37:39,btc,0.09515437,0.06347204,0.00000048,btc,5.081e-05,0.0,0.06720542,61
1,[],22,[],2019-02-16 12:37:43,5149.5,0.00000011,0.0000000000039813949999999995,6687343,2019-02-16 12:37:43,BTC,1002.29598212,0.0,0.00000011,BTC,14957.700278135757,0.0,0.00051596,61
1,[],26,[],2019-02-16 12:37:44,0.0,0.00000800,0.000000000289556,6687344,2019-02-16 12:37:44,btc,0.0,0.0,0.00000800,btc,0.0,0.0,0.0,61
1,[],27,[],2019-02-16 12:37:46,27785.8823,0.00000034,0.00000000001230613,6687345,2019-02-16 12:37:46,btc,2.2844990843126194,284.0,0.00000034,"btc,eth",14542.89189279,4.8155394999999996e-14,0.0004563899853608125,61
1,[],28,[],2019-02-16 12:37:53,19894.304,0.00000091,0.000000000032936995,6687346,2019-02-16 12:37:53,btc,2.068524493700105,761.0,0.00000091,btc,21577.52450005,0.0,0.00993521304,61
1,[],4,[],2019-02-16 07:36:07,538661.36394975,0.00000336,0.00000000012152111999999998,6685075,2019-02-16 07:36:07,btc,1.4322525602154077,0.0,0.00000336,btc,340739.02534462,0.46136532,1.2168992988363376,67
0.0,[],25,[],2019-02-16 07:36:08,0.0,0,0,6685076,2019-02-16 07:36:08,,0.0,0.0,0.0,btc,0.0,0.0,0.0,67
1,[],12,[],2019-02-16 12:37:55,3420798.66904669,0.00000015,0.000000000005429175,6687347,2019-02-16 12:37:55,btc,11115996.383904994,0.0,0.00000015,btc,1887932.95954813,0.011296648953402,0.1281577458528769,71
,[],5,[],2018-11-20 23:02:39,1.5e-07,0.00000005,0.000000000002128045,4862160,2018-11-20 23:02:39,btc,2.84511358,0.0,,btc,0.00036572,0.0,0.07381892,74
1,[],5,[],2019-02-16 12:37:57,3.049e-05,0.00000156,0.00000000005646342,6687348,2019-02-16 12:37:57,btc,1.5424315,0.0,0.00000156,btc,0.00016981,0.0,0.30484564,75
1,[],4,[],2019-02-16 12:37:58,29738604.75692337,0.00000001,0.000000000000361945,6687349,2019-02-16 12:37:58,btc,0.8487978482018892,0.0,0.00000001,btc,15391342.79181637,0.0146539,0.2973860475692337,81
0,[],20,[],2019-01-25 09:30:31,0.0,0,0,6495923,2019-01-25 09:30:31,btc,0.0,0.0,0,btc,0.0,0.0,0.0,81
1,[],4,[],2019-02-16 12:37:59,23419.61632514,0.00007009,0.000000002536872505,6687350,2019-02-16 12:37:59,btc,1.2671928248807962,0.0,0.00007009,btc,10976.34992906,0.07368828,0.0620375864723328,82
1,[],21,[],2019-02-16 12:38:00,137254.56199897,0.00007771999999999999449249582506,0.0000000028130365399999995,6687351,2019-02-16 12:38:00,btc,2.9844350779486337,2559.42835278,0.000077719999999999994492495825060274228235357441008090972900390625,btc,33177.30299544,0.2045323,2.3365399283659958,82
0,[],17,[],2019-02-16 12:38:01,0.0,0,0,6687352,2019-02-16 12:38:01,btc,0.0447233088476774,0.0,0,btc,999127.19588126,0.0,0.0,84
0.0000000001205366,[],4,[],2019-02-16 12:38:03,153536170.71431544,8.437562e-18,3.0539333780900003e-22,6687353,2019-02-16 12:38:03,ltc,0.19569063271278103,0.0,0.00000007,ltc,103123284.2674798,0.0,7.31868858328173e-10,85
,[],22,[],2018-11-20 23:09:34,3408.1,0.0000001,0.0000000000041895,4862324,2018-11-20 23:09:34,BTC,0.04624735,0.0,,BTC,4990.0,0.0,0.00033081,86
0,[],22,[],2019-02-16 12:38:05,0.0,0,0,6687354,2019-02-16 12:38:05,,2.0760781,0.0,0,,140622.94736842104,0.0,0.0,87
0,[],27,[],2019-02-16 12:38:08,0.0,0,0,6687355,2019-02-16 12:38:08,,0.0,0.0,0,,0.0,0.0,0.0,87
,[],2,[],2018-11-20 23:10:47,0.0,0,0,4862359,2018-11-20 23:10:47,,0.0,0.0,,,0.0,0.0,0.0,88
1,[],11,[],2019-02-16 12:38:10,95957.26047942,0.00014400999999999999847018206100557335958001203835010528564453125,0.0000000052123699449999995,6687356,2019-02-16 12:38:10,btc,609.453805913913,791.82343,0.00014400999999999999847018206100557335958001203835010528564453125,btc,91262.85202541,0.0,6.4334093455660835,89
0,[],2,[],2019-01-20 23:31:45,0.0,0,0,6477083,2019-01-20 23:31:45,,0.0,0.0,0,,0.0,0.0,0.0,91
1,[],12,[],2019-02-16 12:38:12,437175.3798556,0.00000206000000000000018206681821897330308956952649168670177459716796875,0.00000000007456067,6687357,2019-02-16 12:38:12,btc,4.175854918495693,0.0,0.00000206000000000000018206681821897330308956952649168670177459716796875,btc,46802.07593069,0.001217997947419,0.0606562708729735,91
0,[],17,[],2019-02-16 12:38:23,0.0,0,0,6687358,2019-02-16 12:38:23,btc,0.0,0.0,0,btc,0.0,0.0,0.0,91
0.0000000001205366,[],22,[],2019-02-16 12:38:34,4525000.0,4.821464000000001e-18,1.7451047874800002e-22,6687359,2019-02-16 12:38:34,LTC,8.12129807,0.0,0.00000004,LTC,66745238.1,0.0,0.14575,95
0.0000000001205366,[],4,[],2019-02-16 12:38:35,135477733.32021454,9.281318200000001e-17,3.359326715899e-21,6687360,2019-02-16 12:38:35,ltc,0.5884930460395544,0.0,0.00000077,ltc,35300844.17052279,0.0,1.1296736945067287e-09,96
1,[],12,[],2019-02-16 12:38:37,309939.0,0.00000001,0.000000000000361945,6687361,2019-02-16 12:38:37,btc,255052.49768129003,0.0,0.00000001,btc,8744229.55375598,0.0020820198601398,0.00309939,96
0,[],17,[],2019-02-16 10:53:47,0.0,0,0,6686876,2019-02-16 10:53:47,btc,0.0,0.0,0,btc,0.0,0.0,0.0,96
1,[],4,[],2019-02-16 12:38:39,1769086.01006215,0.00000035,0.000000000012668075,6687362,2019-02-16 12:38:39,btc,0.2120485008905945,0.0,0.00000035,btc,463838.19990109,0.01847747,0.2126683925193762,99
0,[],2,[],2019-01-20 23:23:55,0.0,0,0,6476914,2019-01-20 23:23:55,,0.0,0.0,0,,0.0,0.0,0.0,100
1,[],4,[],2019-02-16 12:38:40,211236.02484465,0.00004000,0.00000000144778,6687363,2019-02-16 12:38:40,btc,1.3156283577133718,0.0,0.00004000,btc,29228.89193339,0.69684903,1.7823813005591076,100
1,[],22,[],2019-02-16 12:38:43,50000.0,0.00000001,0.000000000000361945,6687364,2019-02-16 12:38:43,BTC,23.49896609,0.0,0.00000001,BTC,10277.22,0.0,0.0005,101
1,[],4,[],2019-02-16 12:38:45,279314.08563129,0.00000075,0.000000000027145874999999998,6687365,2019-02-16 12:38:45,btc,0.426305273852987,0.0,0.00000075,btc,173753.8095673,0.04405664,0.1274528431791823,103
1,[],12,[],2019-02-16 12:38:48,43893919.92238871,0.000000017,0.0000000000006153065,6687366,2019-02-16 12:38:48,btc,137278887.4361476,0.0,0.000000017,btc,122808356.89906213,0.04299276181294217,0.17684514721421937,105
1,[],27,[],2019-02-16 12:38:50,3997411.89,0.00000001,0.000000000000361945,6687367,2019-02-16 12:38:50,btc,0.2584456013692299,16421.0,0.00000001,btc,307023.47860553,0.00016421,0.0399741189,105
0,[],22,[],2019-02-16 12:38:54,0.0,0,0,6687368,2019-02-16 12:38:54,,51.10825004,0.0,0,,468935.0,0.0,0.0,107
1,[],26,[],2019-02-16 12:38:54,0.0,0.00000000,0,6687369,2019-02-16 12:38:54,btc,0.0,0.0,0.00000000,btc,0.0,0.0,0.0,107
1,[],5,[],2019-02-16 12:38:55,1e-08,0.00000001,0.000000000000361945,6687370,2019-02-16 12:38:55,btc,2.89809852,1.527e-05,0.00000001,btc,1.571e-05,0.0,0.08578284,112
1,[],22,[],2019-02-16 12:39:00,167093.0,0.00000001,0.000000000000361945,6687371,2019-02-16 12:39:00,BTC,2.81183288,0.0,0.00000001,BTC,808524.0833333334,0.0,0.00167093,112
0,[],27,[],2019-02-16 12:39:02,0.0,0,0,6687372,2019-02-16 12:39:02,,1.35132491849924,0.0,0,"btc,eth",1328.641654,0.0,0.0,112
1,[],4,[],2019-02-16 12:39:03,456557.16469954,0.00000340,0.0000000001230613,6687373,2019-02-16 12:39:03,btc,0.2850390758430212,0.0,0.00000340,btc,63336.52563456,0.47686172,0.1861471296261367,113
1,[],5,[],2019-02-16 12:39:04,1.254e-05,0.00000304,0.00000000011003128,6687374,2019-02-16 12:39:04,btc,2.3116968,0.02006422,0.00000304,btc,0.00346846,0.0,0.20740932,113
0,[],27,[],2019-02-16 12:39:18,0.0,0,0,6687375,2019-02-16 12:39:18,,0.0,0.0,0,btc,0.0,0.0,0.0,116
1,[],17,[],2019-02-16 10:54:28,152738.278,0.00000004,0.000000000001444996,6686890,2019-02-16 10:54:28,btc,1.33680302678,0.0,0.00000004,btc,50696.221,0.0,0.0022095311199999998,116
1,[],4,[],2019-02-16 12:39:19,31533.00867315,0.00003438,0.00000000124436691,6687376,2019-02-16 12:39:19,btc,0.4161045728022489,0.0,0.00003438,btc,10953.35827345,3.91257842,0.9002441960242225,120
1,[],7,[],2019-02-16 12:39:20,18524.70673132,0.00002951999999999999857946096637473232249249122105538845062255859375,0.00000000106846164,6687377,2019-02-16 12:39:20,btc,115647.18161040051,399.93239363,0.00002951999999999999857946096637473232249249122105538845062255859375,btc,29243.027604670002,0.01282262,0.0777823869039105,120
1,[],20,[],2019-02-16 11:50:42,1091567.9666,0.000000015,0.000000000000542985,6687178,2019-02-16 11:50:42,btc,31.5529793801051,2860.7,0.000000015,btc,1168796.9594,4.29105e-05,0.0052152547171,125
1,[],22,[],2019-02-16 12:39:25,3053.0,0.00000001,0.000000000000361945,6687378,2019-02-16 12:39:25,BTC,0.01444889,0.0,0.00000001,BTC,296264.5111111111,0.0,3.053e-05,126
0,[],17,[],2019-02-16 09:50:33,0.0,0,0,6686502,2019-02-16 09:50:33,btc,0.0009561751951600001,0.0,0,btc,35.42829368,0.0,0.0,131
1,[],4,[],2019-02-16 12:39:28,129384.40527618,0.00001927,0.000000000697468015,6687379,2019-02-16 12:39:28,btc,0.917466335650796,0.0,0.00001927,btc,35158.07567071,1.10340566,1.0938104741998205,131
0,[],2,[],2019-01-20 23:25:46,0.0,0,0,6476969,2019-01-20 23:25:46,,0.0,0.0,0,,0.0,0.0,0.0,131
1,[],4,[],2019-02-16 12:39:39,4551.74269611,0.00016425,0.0000000059449466249999996,6687380,2019-02-16 12:39:39,btc,1.6421815711089056,0.0,0.00016425,btc,308.40189166,0.00047028,0.0081121078865356,135
1,[],3,[],2019-02-16 12:39:40,1762573.20571841,0.00000005,0.000000000001809725,6687381,2019-02-16 12:39:40,btc,0.12130838798459699,4019.0,0.00000005,btc,412754.65066186996,0.0,0.064474815113701,136
1,[],4,[],2019-02-16 12:39:41,79078.46231091,0.00000180,0.0000000000651501,6687382,2019-02-16 12:39:41,btc,0.3742038761918589,0.0,0.00000180,btc,157139.69415743,0.12349217,0.0992018905660202,137
1,[],12,[],2019-02-16 12:39:42,333234.5525727,0.0000016800000000000000086801225929189484986636671237647533416748046875,0.00000000006080676,6687383,2019-02-16 12:39:42,btc,11982.946709626096,0.0,0.0000016800000000000000086801225929189484986636671237647533416748046875,btc,158275.95783346,0.0333021949714878,0.0856257499999774,137
1,[],4,[],2019-02-16 12:39:44,112111.2989836,0.00005006,0.00000000181189667,6687384,2019-02-16 12:39:44,btc,0.8146680541556117,0.0,0.00005006,btc,11078.33109768,0.66619513,0.3640412515333628,142
1,[],5,[],2019-02-16 12:39:46,0.0017547,0.00005077,0.0000000018375947649999999,6687385,2019-02-16 12:39:46,btc,1.29212215,0.74097575,0.00005077,btc,0.00335038,0.0,1.22728546,142
1,[],22,[],2019-02-16 12:40:04,1610.354305200341,0.00003220,0.0000000011654629,6687386,2019-02-16 12:40:04,BTC,3.00687656,0.0,0.00003220,BTC,894.9784641392417,0.0,0.0019657,142
0.0,[],25,[],2019-02-16 12:40:05,0.0,0,0,6687387,2019-02-16 12:40:05,,0.0,0.0,0.0,btc,0.0,0.0,0.0,142
1,[],28,[],2019-02-16 12:40:07,77743.0,0.00004500,0.0000000016287525,6687388,2019-02-16 12:40:07,btc,0.057261322,1840.0,0.00004500,btc,356.4989,0.0,0.0519372,142
1,[],17,[],2019-02-16 11:51:16,22967.386363640002,0.00000088,0.00000000003185512,6687187,2019-02-16 11:51:16,btc,20.0699133484,0.0,0.00000088,btc,405.079105,0.0,0.0104613000000032,142
1,[],20,[],2019-02-16 11:51:18,133975.7493,0.000036852,0.000000001334005548,6687188,2019-02-16 11:51:18,btc,0.31092202148,4103.6455,0.000036852,btc,2649.2776,0.3147300715486,0.2537505955871,142
0,[],22,[],2019-02-16 12:40:10,0.0,0,0,6687389,2019-02-16 12:40:10,,67.4285069,0.0,0,,834770972.3,0.0,0.0,143
1,[],21,[],2019-02-16 12:40:11,34175206.68756197,0.00000027,0.000000000009772515,6687390,2019-02-16 12:40:11,btc,40.82257784779037,2643619.7556116,0.00000027,btc,81969186.06331013,0.74032303,5.1975792207997795,145
0,[],22,[],2019-02-16 12:40:13,0.0,0,0,6687391,2019-02-16 12:40:13,,4.24982284,0.0,0,,1814156.0,0.0,0.0,146
,[],22,[],2018-11-20 23:01:11,0.0,0,0,4862114,2018-11-20 23:01:11,,2.56807021,0.0,,,61828.4988236,0.0,0.0,147
1,[],12,[],2019-02-16 12:40:15,8678931.3251125,0.000003019999999999999884515121395534009707262157462537288665771484375,0.00000000010930738999999999,6687392,2019-02-16 12:40:15,btc,16.583829894606318,0.0,0.000003019999999999999884515121395534009707262157462537288665771484375,btc,122512.67148634,0.0004352465734165,0.1083146200000006,148
1,[],4,[],2019-02-16 12:40:17,219399.16718291,0.00000032,0.00000000001158224,6687393,2019-02-16 12:40:17,btc,0.77911654715442,0.0,0.00000032,btc,592738.21898097,0.00051403,0.053515779156524,152
0,[],22,[],2019-02-16 12:40:19,0.0,0,0,6687394,2019-02-16 12:40:19,,0.0,0.0,0,,0.0,0.0,0.0,152
1,[],5,[],2019-02-16 12:40:21,0.0,0,0,6687395,2019-02-16 12:40:21,btc,10.61570492,0.0,0,btc,0.00092785,0.0,0.0,153
,[],16,[],2019-01-11 15:38:59,0.0,0,0,6366141,2019-01-11 15:38:59,btc,0.0,0.0,,btc,0.0,0.0,0.0,155
0,[],23,[],2019-01-20 23:24:29,0.0,0,0,6476932,2019-01-20 23:24:29,,0.0,0.0,0,,0.0,0.0,0.0,156
0,[],22,[],2019-02-16 12:40:29,0.0,0,0,6687396,2019-02-16 12:40:29,,6.74608761,0.0,0,,4644402.242592593,0.0,0.0,156
1,[],22,[],2019-02-16 12:40:33,7063.8,0.00005300,0.0000000019183085,6687397,2019-02-16 12:40:33,BTC,43.78801181,0.0,0.00005300,BTC,1067.5805334758436,0.0,0.00104326,157
0,[],22,[],2019-02-16 12:40:42,0.0,0,0,6687398,2019-02-16 12:40:42,,50175.68008609,0.0,0,,54479136.04179466,0.0,0.0,158
,[],17,[],2018-11-20 22:56:10,0.0,0,0,4861976,2018-11-20 22:56:10,btc,1.1265625,0.0,,btc,1000.0,0.0,0.0,159
,[],20,[],2018-11-20 22:56:12,0.0,0,0,4861977,2018-11-20 22:56:12,btc,11912.7940471,0.0,,btc,34413894.3617,0.0,0.0,159
1,[],12,[],2019-02-16 12:40:43,185028.31206682,0.0000069899999999999999907387450426288211247083381749689579010009765625,0.000000000252999555,6687399,2019-02-16 12:40:43,btc,6.659975770589386,0.0,0.0000069899999999999999907387450426288211247083381749689579010009765625,btc,14833.139742520001,0.0023146354074425,0.0805531348000031,168
1,[],17,[],2019-02-16 12:40:45,29784.95,0.000001,0.0000000000361945,6687400,2019-02-16 12:40:45,btc,0.03026736251542,0.0,0.000001,btc,144.46171372,0.0,0.00716147,168
0,[],22,[],2019-02-16 12:40:49,0.0,0,0,6687401,2019-02-16 12:40:49,,1.14776715,0.0,0,,721548.0900917595,0.0,0.0,169
1,[],22,[],2019-02-16 12:40:53,226551.0,0.0000002,0.0000000000072389,6687402,2019-02-16 12:40:53,BTC,11.32508963,0.0,0.0000002,BTC,116844.82451896543,0.000681,0.02081536,171
1,[],22,[],2019-02-16 12:40:57,218688.41176470587,0.00000017,0.000000000006153065,6687403,2019-02-16 12:40:57,BTC,2.65962838,0.0,0.00000017,BTC,261537.3038968852,4.005e-05,0.01631019,173
1,[],5,[],2019-02-16 12:40:58,2.533e-05,0.00000204,0.00000000007383678,6687404,2019-02-16 12:40:58,btc,0.25973005,0.01042746,0.00000204,btc,0.00024668,0.0,0.335409,175
1,[],22,[],2019-02-16 12:41:02,30600.0,0.00000016,0.00000000000579112,6687405,2019-02-16 12:41:02,BTC,0.54842874,0.0,0.00000016,BTC,160460.47031396697,0.000126,0.001666,176
1,[],7,[],2019-02-16 12:41:04,0.0,0,0,6687406,2019-02-16 12:41:04,btc,410974.96017899347,0.0,0,btc,115545110.28145695,0.0,0.0,178
0,[],22,[],2019-02-16 12:41:06,0.0,0,0,6687407,2019-02-16 12:41:06,,1.00242428,0.0,0,,57512.0,0.0,0.0,178
0,[],2,[],2019-01-20 23:28:34,0.0,0,0,6477001,2019-01-20 23:28:34,,0.0,0.0,0,,0.0,0.0,0.0,178
0,[],23,[],2019-01-20 23:25:08,0.0,0,0,6476952,2019-01-20 23:25:08,,0.0,0.0,0,,0.0,0.0,0.0,179
1,[],5,[],2019-02-16 12:41:08,3e-08,0.00000002,0.00000000000072389,6687408,2019-02-16 12:41:08,btc,30.31160937,0.00137939,0.00000002,btc,2.088e-05,0.0,0.68630773,179
1,[],22,[],2019-02-16 11:54:27,7779285.0,0.00000002,0.00000000000072398,6687212,2019-02-16 11:54:27,BTC,5.48629708,0.0,0.00000002,"BTC,LTC",17843614.676989965,0.0,0.38284554,179
1,[],17,[],2019-02-16 10:56:24,10504.725,0.0000001,0.0000000000036124899999999997,6686927,2019-02-16 10:56:24,btc,5.201913593507951,0.0,0.0000001,btc,5427.1328087,0.0,0.0010504725,180
1,[],22,[],2019-02-16 11:54:43,129205.4,0.0000005,0.0000000000180995,6687213,2019-02-16 11:54:43,BTC,0.12863238,0.0,0.0000005,"BTC,LTC",23676.046542727305,0.0,0.00160544,180
1,[],26,[],2019-02-16 11:54:44,0.0,0.00000225,0.00000000008144775000000001,6687214,2019-02-16 11:54:44,btc,0.0,1285.7784,0.00000225,btc,0.0,0.0,0.0,180
,[],7,[],2018-11-20 22:58:01,562227.975654,0.00000085,0.000000000036176765,4862015,2018-11-20 22:58:01,btc,21836.6059674,2491.87645172,,btc,749999.041456,0.00211021,0.127565380455,183
,[],5,[],2019-01-10 08:11:41,0.0,0,0,6347036,2019-01-10 08:11:41,btc,82.15055501,0.00261,,btc,1.19002445,0.0,0.0,187
,[],17,[],2018-11-16 20:58:10,4062536.27273,0.00000001,0.000000000000550501,4708775,2018-11-16 20:58:10,btc,3.36492563466,0.195460381006,,"btc,eth",110697919.549,0.0,0.0157628953496,187
1,[],24,[],2019-02-16 11:54:44,0.0,0.000000000001,3.6199e-17,6687215,2019-02-16 11:54:44,btc,0.0,0.0,0.000000000001,btc,0.0,0.0,0.0,187
0,[],22,[],2019-02-16 11:54:47,0.0,0,0,6687216,2019-02-16 11:54:47,,1.19377283,0.0,0,,16434.10286773884,0.0,0.0,191
0,[],22,[],2019-02-16 11:54:51,0.0,0,0,6687217,2019-02-16 11:54:51,,0.0,0.0,0,,0.0,0.0,0.0,197
0,[],23,[],2019-01-20 23:31:41,0.0,0,0,6477079,2019-01-20 23:31:41,,0.0,0.0,0,,0.0,0.0,0.0,199
0,[],22,[],2019-02-16 11:54:54,0.0,0,0,6687218,2019-02-16 11:54:54,,5.15195517,0.0,0,,19804684.0,0.0,0.0,199
1,[],26,[],2019-02-16 11:54:54,0.0,0.00000000,0,6687219,2019-02-16 11:54:54,btc,0.0,766430.0,0.00000000,btc,0.0,0.0,0.0,199
0,[],17,[],2019-01-30 16:32:01,0.0,0,0,6540827,2019-01-30 16:32:01,btc,6.802544163788159,0.0,0,btc,105897.55575295,0.0,0.0,200
0,[],2,[],2019-01-20 23:30:49,0.0,0,0,6477059,2019-01-20 23:30:49,,0.0,0.0,0,,0.0,0.0,0.0,201
1,[],4,[],2019-01-25 15:51:35,2084389.58565343,0.00000936,0.000000000333526752,6499557,2019-01-25 15:51:35,btc,2.0092503037378524,0.0,0.00000936,btc,160195.80207885,0.19272417,1.242687955921835,211
1,[],7,[],2019-02-16 11:54:58,5165443.55084772,0.000001390000000000000032391082004090687718189656152389943599700927734375,0.00000000005031661,6687220,2019-02-16 11:54:58,btc,15450860.51963762,1178416.29119,0.000001390000000000000032391082004090687718189656152389943599700927734375,btc,11393325.31817759,0.0,3.5497534489366123,212
1,[],12,[],2019-01-25 02:44:32,207462.42853209,0.000001080000000000000035831255497387193287295303889550268650054931640625,0.000000000038610756000000006,6493050,2019-01-25 02:44:32,btc,85023.03793723314,0.0,0.000001080000000000000035831255497387193287295303889550268650054931640625,btc,43675.73520027,0.000146250909087,0.0348620860622024,213
1,[],5,[],2019-02-16 11:55:00,2.74e-06,0.00000027,0.00000000000977373,6687221,2019-02-16 11:55:00,btc,0.96737825,0.1368752,0.00000027,btc,2.789e-05,0.0,0.14718206,213
1,[],24,[],2019-02-16 11:55:00,0.0,0.000000050000,0.0000000000018099500000000002,6687222,2019-02-16 11:55:00,btc,0.0,0.0,0.000000050000,btc,0.0,0.0,0.0,213
1,[],26,[],2019-02-16 11:55:01,0.0,0.00000009,0.00000000000325791,6687223,2019-02-16 11:55:01,btc,0.0,0.0,0.00000009,btc,0.0,0.0,0.0,213
0,[],22,[],2019-02-16 11:55:06,0.0,0,0,6687224,2019-02-16 11:55:06,,2.19098235,0.0,0,,178699.63137942314,0.0,0.0,216
1,[],27,[],2019-02-16 11:55:09,5201657.5615,0.00000004,0.00000000000144796,6687225,2019-02-16 11:55:09,btc,61.3359367606,0.0,0.00000004,"btc,ltc",263265.775,0.0,0.05463726246,216
1,[],22,[],2019-02-16 11:55:13,209631.42197998342,0.00000190,0.00000000006877810000000001,6687226,2019-02-16 11:55:13,BTC,12677.09730261,0.0,0.00000190,BTC,443236.21126921667,0.02260431,0.24135302,217
1,[],7,[],2019-02-16 11:55:15,0.0,0,0,6687227,2019-02-16 11:55:15,btc,77970.05127413911,0.0,0,btc,137060561.1214003,0.0,0.0,219
0,[],27,[],2019-02-16 11:55:17,0.0,0,0,6687228,2019-02-16 11:55:17,,5.341833788316972,6000.0,0,btc,1599140.99226595,6e-05,0.0,219
0.0000000000000053,[],28,[],2019-02-16 11:55:24,168558258.235,2.385e-18,8.633461500000001e-23,6687229,2019-02-16 11:55:24,doge,84062.9976427895,100069.365,0.00045000,"btc,doge",4762557.44411,0.0,1.1576969397929324e-11,219
1,[],22,[],2019-02-16 11:55:29,196597.6,0.00000012,0.00000000000434388,6687230,2019-02-16 11:55:29,BTC,2.99580053,0.0,0.00000012,BTC,88042.47041875875,0.0105531,0.02065976,221
1,[],24,[],2019-02-16 11:55:29,0.0,0.000000210000,0.000000000007601790000000001,6687231,2019-02-16 11:55:29,btc,0.0,0.0,0.000000210000,btc,0.0,0.0,0.0,221
1,[],20,[],2019-02-16 11:55:32,51534578.4223,0.000000003,0.00000000000010859700000000001,6687232,2019-02-16 11:55:32,btc,49.8560293243901,392648.8657,0.000000003,btc,10135386.3146,0.0011779465971,0.0528133674835,224
0,[],22,[],2019-02-16 11:55:35,0.0,0,0,6687233,2019-02-16 11:55:35,,0.0,0.0,0,,0.0,0.0,0.0,224
1,[],26,[],2019-02-16 11:55:35,0.0,0.00000033,0.000000000011945670000000001,6687234,2019-02-16 11:55:35,btc,0.0,0.0,0.00000033,btc,0.0,0.0,0.0,231
1,[],26,[],2019-02-16 11:55:36,0.0,0.00000006,0.00000000000217194,6687235,2019-02-16 11:55:36,btc,0.0,470.0,0.00000006,btc,0.0,0.0,0.0,234
0,[],27,[],2019-02-16 11:55:39,0.0,0,0,6687236,2019-02-16 11:55:39,,0.0113483662182,0.0,0,"btc,eth",11462.99618,0.0,0.0,234
0,[],22,[],2019-02-16 11:55:42,0.0,0,0,6687237,2019-02-16 11:55:42,,2.86131091,0.0,0,,99375782.06349206,0.0,0.0,235
1,[],4,[],2019-02-16 11:55:43,1483417.32696103,0.00000099,0.00000000003583701,6687238,2019-02-16 11:55:43,btc,0.4154006455722536,0.0,0.00000099,btc,275872.62111623,0.18442934,0.5142380785083615,236
1,[],24,[],2019-02-16 11:55:43,0.0,0.000000020010,0.0000000000007243419900000001,6687239,2019-02-16 11:55:43,btc,0.0,0.0,0.000000020010,btc,0.0,0.0,0.0,236
1,[],20,[],2019-02-16 11:55:45,72568703.5207,0.000000072,0.000000000002606328,6687240,2019-02-16 11:55:45,btc,15.5604942420796,22206418.9134,0.000000072,btc,30938872.7817,1.6547458653224,0.7679445947495,237
1,[],22,[],2019-02-16 11:55:49,136267.0,0.00000004,0.00000000000144796,6687241,2019-02-16 11:55:49,BTC,0.0405823,0.0,0.00000004,"BTC,LTC",3164.0,0.0,0.00541601,237
1,[],4,[],2019-02-16 11:55:50,4583173.44326133,0.00000032,0.00000000001158368,6687242,2019-02-16 11:55:50,btc,0.4512556491002096,0.0,0.00000032,btc,1260896.61659599,0.34387097,1.2887008743778543,238
1,[],5,[],2019-02-16 11:55:52,4.25e-06,0.00000033,0.000000000011945670000000001,6687243,2019-02-16 11:55:52,btc,0.74560931,5.9e-07,0.00000033,btc,2.957e-05,0.0,0.29394527,238
0,[],22,[],2019-02-16 11:55:54,0.0,0,0,6687244,2019-02-16 11:55:54,,1951.15978688,0.0,0,,366433.0639027493,0.0,0.0,249
0.0000000001200729,[],22,[],2019-02-16 11:55:58,7025765.666666667,3.602187e-18,1.30395567213e-22,6687245,2019-02-16 11:55:58,LTC,0.56670218,0.0,0.00000003,LTC,15147487.09,0.0,0.20977599,252
1,[],28,[],2019-02-16 11:56:05,4349212.286,0.0000001,0.0000000000036199000000000004,6687246,2019-02-16 11:56:05,btc,164693.69160535216,73902.6,0.0000001,btc,1038484.2751,0.0,0.2620666963,256
1,[],22,[],2019-02-16 11:56:09,1507961.0,0.00000003,0.00000000000108597,6687247,2019-02-16 11:56:09,BTC,30.16165681,0.0,0.00000003,BTC,449369.92423192423,0.00039534,0.04409355,258
1,[],22,[],2019-02-16 11:56:12,49651.0,0.00000002,0.00000000000072398,6687248,2019-02-16 11:56:12,BTC,2.629917,0.0,0.00000002,BTC,1762.0,0.0,0.00050551,259
1,[],22,[],2019-02-16 11:56:18,10747.0,0.00001200,0.000000000434388,6687249,2019-02-16 11:56:18,BTC,1293.0153449,0.0,0.00001200,"BTC,LTC",5524.493229730955,0.00819578,0.01642465,262
1,[],5,[],2019-02-16 11:56:21,1.347e-05,0.00000136,0.00000000004923064,6687250,2019-02-16 11:56:21,btc,0.63481487,0.14259505,0.00000136,btc,0.00029303,0.0,0.18677473,264
1,[],20,[],2019-02-16 10:58:29,1240907.9609,0.00000117,0.000000000042266133,6686965,2019-02-16 10:58:29,btc,4.8842773577036,152954.3807,0.00000117,btc,95323.4549,0.4477757332604,0.0452613741978,264
1,[],22,[],2019-02-16 11:56:25,73606.5,0.00000002,0.00000000000072398,6687251,2019-02-16 11:56:25,BTC,8.41108046,0.0,0.00000002,BTC,382316.05885485065,0.00018,0.0009745,271
0,[],22,[],2019-02-16 11:56:29,0.0,0,0,6687252,2019-02-16 11:56:29,,388.44178703,0.0,0,,15473097515.9,0.0,0.0,272
0.0000000000000053,[],28,[],2019-02-16 11:56:33,199459472879.587,3.975e-21,1.43891025e-25,6687253,2019-02-16 11:56:33,doge,441780441.9049429,46587966338.4378,0.00000075,doge,207765546702.4577,0.0,5.137392921458691e-10,272
1,[],22,[],2019-02-16 11:56:38,25760.8,0.00001500,0.0000000005429850000000001,6687254,2019-02-16 11:56:38,BTC,74.22945612,0.0,0.00001500,"BTC,LTC",3953.1577164259793,0.03415281,0.09556854,281
