pairValue,buyBook,exchangeId,sellBook,updated,buyTotal,satoshiPrice,usdPrice,exchangeLogId,created,bestPair,sellTotalBtc,volume,pairPrice,activePairs,sellTotal,volumeBtc,buyTotalBtc,coinId
1,[],3,[],2019-02-24 13:56:46,30538.277167766522,0.013052819999999999700524000445511774159967899322509765625,0.0000005367332636820001,6774139,2019-02-24 13:56:46,btc,61.09391025027112,0.002,0.013052819999999999700524000445511774159967899322509765625,btc,23.470133912307002,0.0,0.29501264978884373,1
1,[],4,[],2019-02-24 13:56:47,302968.35677101,0.01312601,0.0000005397428438010001,6774140,2019-02-24 13:56:47,btc,8.992894774024537,0.0,0.01312601,btc,242.82304212,0.85233823,1.3347396206960083,1
1,[],5,[],2019-02-24 13:56:49,0.0,0,0,6774141,2019-02-24 13:56:49,btc,0.0,0.18571286,0,btc,0.0,0.0,0.0,1
1,[],10,[],2019-02-24 13:56:51,414629.63994487,0.01161385,0.0000004775626733850001,6774142,2019-02-24 13:56:51,btc,6523.29724175484,872.19966784,0.01161385,btc,1092.34715476,0.0,5.531981778581276,1
1,[],12,[],2019-02-24 13:56:53,10437.146547,0.01305000000000000083544282603043029666878283023834228515625,0.0000005366173050000001,6774143,2019-02-24 13:56:53,btc,0.269550465317,0.0,0.01305000000000000083544282603043029666878283023834228515625,btc,12.52560357,0.2927299646154,0.3751287319401,1
1,[],20,[],2019-02-24 13:56:55,1150.428,0.010500214,0.0000004317698497014,6774144,2019-02-24 13:56:55,btc,0.0616431583457,0.1432,0.010500214,btc,2.788,0.0015036306448,0.0915544251227,1
1,[],21,[],2019-02-24 13:56:56,2385.66375373,0.01308076000000000030376590132,0.000000537882159276,6774145,2019-02-24 13:56:56,btc,22.783622957502786,7882.58200681,0.0130807600000000003037659013216398307122290134429931640625,"btc,eth",2030.02742119,93.66402080824541,22.013105530445678,1
1,[],22,[],2019-02-24 13:57:01,0.0163776,0.01300000,0.0000005345613,6774146,2019-02-24 13:57:01,BTC,0.31423927,0.0,0.01300000,BTC,0.11751954901960784,0.0,0.00020972,1
1,[],24,[],2019-02-24 13:57:01,0.0,0.000000000000,0,6774147,2019-02-24 13:57:01,btc,0.0,0.0,0.000000000000,btc,0.0,0.0,0.0,1
0.0,[],25,[],2019-02-24 13:57:02,0.0,0,0,6774148,2019-02-24 13:57:02,btc,14.44369999826048,756.61273527,0.0,btc,1082.30835412,9.8589,0.0,1
1,[],26,[],2019-02-24 13:57:04,0.0,0,0,6774149,2019-02-24 13:57:04,,0.0,0.0,0,,0.0,0.0,0.0,1
1,[],28,[],2019-02-24 13:57:05,993.21,0.01323000,0.000000544018923,6774150,2019-02-24 13:57:05,btc,0.162839806,216.25,0.01323000,btc,8.9,0.0,0.090071836,1
0,[],2,[],2019-01-20 23:28:45,0.0,0,0,6477011,2019-01-20 23:28:45,,0.0,0.0,0,,0.0,0.0,0.0,1
1,[],5,[],2019-02-24 13:57:06,0.0,0,0,6774151,2019-02-24 13:57:06,btc,0.0,0.01455317,0,btc,0.0,0.0,0.0,2
0.0000000001310518,[],22,[],2019-02-24 13:57:10,1148.0,1.4415697999999999e-16,5.9277494332980005e-21,6774152,2019-02-24 13:57:10,XMR,21.01373823,0.0,0.00000110,XMR,14319.12581,0.0,0.00087635,2
1,[],5,[],2019-02-24 13:57:11,0.0,0,0,6774153,2019-02-24 13:57:11,btc,0.0,1.00187294,0,btc,0.0,0.0,0.0,3
1,[],12,[],2019-02-24 13:57:12,13291891.91757956,0.000000173,0.0000000000071137773000000005,6774154,2019-02-24 13:57:12,btc,924396.5697559502,0.0,0.000000173,btc,8398537.32211595,0.16159041348924394,0.6670957307867639,3
0,[],28,[],2019-02-24 13:57:30,0.0,0,0,6774155,2019-02-24 13:57:30,,0.0,0.0,0,,0.0,0.0,0.0,3
0,[],2,[],2019-01-20 23:31:32,0.0,0,0,6477077,2019-01-20 23:31:32,,0.0,0.0,0,,0.0,0.0,0.0,4
1,[],4,[],2019-02-22 15:52:28,400439.70738348,0.00000032,0.000000000012596480000000001,6759744,2019-02-22 15:52:28,btc,31.576426407239886,0.0,0.00000032,btc,685876.08766458,0.0,0.0547125982053145,4
1,[],12,[],2019-02-22 14:50:14,1367032.5219999999,0.00000003,0.000000000001190475,6759350,2019-02-22 14:50:14,btc,11013869.583570713,0.0,0.00000003,btc,1211697.32371984,0.00024567976024,0.02065290044,5
0,[],2,[],2019-01-20 23:31:51,0.0,0,0,6477087,2019-01-20 23:31:51,,0.0,0.0,0,,0.0,0.0,0.0,6
1,[],11,[],2019-02-24 13:57:32,3301329.5,0.00000002,0.0000000000008224020000000001,6774156,2019-02-24 13:57:32,btc,9432.836945181234,61187.0,0.00000002,btc,41471686.95347657,0.0,0.033501425,6
1,[],3,[],2019-02-24 13:57:33,1091.857220066689,0.00015102999999999999563259078794175138682476244866847991943359375,0.000000006210368703,6774157,2019-02-24 13:57:33,btc,27.605796873748474,0.0,0.00015102999999999999563259078794175138682476244866847991943359375,btc,249.144760639695,0.0,0.03419745781762677,7
1,[],4,[],2019-02-24 13:57:33,91637.0461841,0.00024065,0.000000009895552065,6774158,2019-02-24 13:57:33,btc,16.017537071240984,0.0,0.00024065,btc,47923.52414246,11.02303727,4.360638806999068,7
1,[],5,[],2019-02-24 13:57:34,0.0,0,0,6774159,2019-02-24 13:57:34,btc,0.0,2.29278278,0,btc,0.0,0.0,0.0,7
1,[],20,[],2019-02-20 02:16:17,39399275.8418,0.000000001,0.0000000000000390183,6728586,2019-02-20 02:16:17,btc,116.9737569154545,525.0,0.000000001,btc,56932965.8895,5.25e-07,0.0393992758418,8
0,[],2,[],2019-01-20 23:22:42,0.0,0,0,6476876,2019-01-20 23:22:42,,0.0,0.0,0,,0.0,0.0,0.0,9
0,[],23,[],2019-01-20 23:22:48,0.0,0,0,6476878,2019-01-20 23:22:48,,0.0,0.0,0,,0.0,0.0,0.0,9
1,[],4,[],2019-02-24 13:57:36,1980188.53375705,0.00000192,0.000000000078950592,6774160,2019-02-24 13:57:36,btc,4.6278984743934775,0.0,0.00000192,btc,1980384.22921968,3.53003603,0.8135232236846278,9
1,[],28,[],2019-02-24 13:57:37,43300.0,0.00000166,0.000000000068259366,6774161,2019-02-24 13:57:37,btc,2708.763440957195,40850.0,0.00000166,btc,12613.2201,0.0,0.043148,9
1,[],1,[],2019-02-17 23:31:42,1822507.21,0.00000181000000000000003456111265232042484285557293333113193511962890625,0.000000000066086901,6701244,2019-02-17 23:31:42,btc,3.6990969245,17153386.5,0.00000181000000000000003456111265232042484285557293333113193511962890625,btc,1997391.71,31.11772986,3.2610482446,9
1,[],4,[],2019-02-17 11:22:43,4341674.27126056,0.00000002,0.0000000000007272960000000001,6696112,2019-02-17 11:22:43,btc,0.1997230937751353,0.0,0.00000002,btc,4109766.79808031,0.00215132,0.0479381022052112,10
0,[],2,[],2019-01-20 23:23:08,0.0,0,0,6476890,2019-01-20 23:23:08,,0.0,0.0,0,,0.0,0.0,0.0,12
1,[],4,[],2019-02-24 13:57:38,2633161.31828562,0.00000137,0.000000000056334537,6774162,2019-02-24 13:57:38,btc,13.962504974206363,0.0,0.00000137,btc,6966632.45123458,4.02665366,1.8764521683931832,12
1,[],5,[],2019-02-24 13:57:39,0.0,0,0,6774163,2019-02-24 13:57:39,btc,0.0,0.5108037,0,btc,0.0,0.0,0.0,12
0.0,[],25,[],2019-02-24 13:57:40,0.0,0,0,6774164,2019-02-24 13:57:40,,0.0,0.0,0.0,btc,0.0,0.0,0.0,12
1,[],10,[],2019-02-24 11:55:40,485971.84908652,0.00000542,0.00000000022442919200000002,6773572,2019-02-24 11:55:40,btc,666802.60043755,29904.8177933,0.00000542,btc,744417.2605694,0.0,0.3566335199473468,13
1,[],4,[],2019-02-24 13:57:41,1397648.55448857,0.00000563,0.00000000023150616300000002,6774165,2019-02-24 13:57:41,btc,3.1051530312371494,0.0,0.00000563,btc,427141.03712633,0.68414597,0.7628458831455774,13
1,[],21,[],2019-02-24 13:57:44,504343.41695711,0.000005720000000000000291730615359,0.00000000023520697200000004,6774166,2019-02-24 13:57:44,btc,8.374808679732153,349269.33905972,0.0000057200000000000002917306153593646200761213549412786960601806640625,btc,1362397.87953566,1.98000725,2.6263186119734065,13
1,[],4,[],2019-02-24 13:57:45,674470.33409844,0.00000133,0.000000000054689733,6774167,2019-02-24 13:57:45,btc,13.188108768964256,0.0,0.00000133,btc,884570.8345069,0.01214804,0.1377470237435183,14
1,[],12,[],2019-02-24 13:57:46,119216.91304348,0.00000110999999999999996035831596741250137938550324179232120513916015625,0.000000000045643311,6774168,2019-02-24 13:57:46,btc,5.292060145055694,0.0,0.00000110999999999999996035831596741250137938550324179232120513916015625,btc,32406.19773647,0.0001117714608128,0.0242673700000004,14
1,[],26,[],2019-02-24 13:57:57,0.0,0.00000050,0.00000000002056005,6774169,2019-02-24 13:57:57,btc,0.0,0.0,0.00000050,btc,0.0,0.0,0.0,14
0,[],17,[],2019-02-24 12:58:06,0.0,0,0,6773973,2019-02-24 12:58:06,btc,0.0,0.0,0,btc,0.0,0.0,0.0,14
0,[],4,[],2019-02-24 13:57:58,0.0,0,0,6774170,2019-02-24 13:57:58,,0.0,0.0,0,,0.0,0.0,0.0,15
,[],12,[],2018-12-01 15:15:48,204241.84496,0.00000489,0.000000000202473384,5260204,2018-12-01 15:15:48,btc,49.5475654835,0.0,,btc,35763.2193806,0.0163153972027625,0.0203389899998,15
0,[],2,[],2019-01-20 23:23:38,0.0,0,0,6476906,2019-01-20 23:23:38,,0.0,0.0,0,,0.0,0.0,0.0,18
1,[],4,[],2019-02-24 13:57:59,26106.87477109,0.00001800,0.0000000007401618,6774171,2019-02-24 13:57:59,btc,1.2365192524795878,0.0,0.00001800,btc,8328.2216894,0.02002639,0.0856624145591322,18
1,[],10,[],2019-02-24 13:58:02,782774.59846196,0.00001711,0.0000000007035649110000001,6774172,2019-02-24 13:58:02,btc,15.495685669707882,7218.33875843,0.00001711,btc,16312.66484058,0.0,0.1312006628926194,18
1,[],12,[],2019-02-24 13:58:03,199468.23450602,0.000016410000000000000432674729378135225488222204148769378662109375,0.0000000006747808410000001,6774173,2019-02-24 13:58:03,btc,23.67328173764463,0.0,0.000016410000000000000432674729378135225488222204148769378662109375,btc,2148.16950297,0.0148319842563295,0.035320101275584,18
0,[],17,[],2019-02-24 12:58:13,0.0,0,0,6773979,2019-02-24 12:58:13,btc,0.0,0.0,0,btc,0.0,0.0,0.0,18
0,[],2,[],2019-01-20 23:24:19,0.0,0,0,6476924,2019-01-20 23:24:19,,0.0,0.0,0,,0.0,0.0,0.0,19
1,[],3,[],2019-02-24 13:58:14,120776.3141567528,0.00002203999999999999904500003200524815838434733450412750244140625,0.000000000906287004,6774174,2019-02-24 13:58:14,btc,0.5975024268914596,0.0,0.00002203999999999999904500003200524815838434733450412750244140625,btc,11484.78606069032,0.0,0.07966178993169826,19
1,[],4,[],2019-02-24 13:58:15,519066.4652124,0.00002135,0.000000000877914135,6774175,2019-02-24 13:58:15,btc,2.2914407837284303,0.0,0.00002135,btc,64441.7082555,0.65941263,2.264259521006566,19
1,[],5,[],2019-02-24 13:58:16,0.0,0,0,6774176,2019-02-24 13:58:16,btc,0.0,0.00034464,0,btc,0.0,0.0,0.0,19
1,[],12,[],2019-02-24 13:58:17,134080.8414857,0.0000194099999999999988146114071607684081754996441304683685302734375,0.0000000007981411410000001,6774177,2019-02-24 13:58:17,btc,1.357916264591196,0.0,0.0000194099999999999988146114071607684081754996441304683685302734375,btc,382.27457877,0.001686174115841,0.104690710000015,19
0,[],27,[],2019-02-24 13:58:19,0.0,0,0,6774178,2019-02-24 13:58:19,,0.0,0.0,0,btc,0.0,0.0,0.0,19
1,[],4,[],2019-02-24 13:58:20,8070160.95424551,0.00000013,0.000000000005345613,6774179,2019-02-24 13:58:20,btc,7.376054659582633,0.0,0.00000013,btc,2843149.4360639,0.0,0.2584025451781454,20
1,[],4,[],2019-02-24 13:58:21,104158276.05037025,0.00000002,0.0000000000008224020000000001,6774180,2019-02-24 13:58:21,btc,1734.258076649787,0.0,0.00000002,btc,55867279.03217261,0.00018,1.170905964888045,21
1,[],12,[],2019-02-24 13:58:23,18647376.0,0.00000002,0.0000000000008224020000000001,6774181,2019-02-24 13:58:23,btc,670.3899289734848,0.0,0.00000002,btc,8544410.32857329,0.0,0.24518776,21
0,[],17,[],2019-02-24 13:58:24,0.0,0,0,6774182,2019-02-24 13:58:24,btc,0.0,0.0,0,btc,0.0,0.0,0.0,21
1,[],12,[],2019-02-24 13:58:26,3473737784.6808996,0.0000000002,0.00000000000000822402,6774183,2019-02-24 13:58:26,btc,875865842411.6871,0.0,0.0000000002,btc,4727042678.867576,0.016343659396404493,0.4005291021829904,23
0.0000000003931771,[],27,[],2019-02-24 13:58:29,2000.0,3.931771e-18,1.6167481669710002e-22,6774184,2019-02-24 13:58:29,eth,1.3429826565934113,0.0,0.00000001,eth,1964879.85514486,0.0,7.863542e-15,23
1,[],4,[],2019-02-24 13:58:30,427558.49616362,0.00000062,0.000000000025494462,6774185,2019-02-24 13:58:30,btc,8.43592269481822,0.0,0.00000062,btc,1478778.62212555,0.00319712,0.1432782954270763,24
1,[],22,[],2019-02-24 13:58:36,11.76,0.00000100,0.0000000000411201,6774186,2019-02-24 13:58:36,BTC,7.415e-05,0.0,0.00000100,BTC,23.919354838709676,0.0,1.176e-05,24
0.0,[],25,[],2019-02-24 13:58:38,0.0,0,0,6774187,2019-02-24 13:58:38,,0.0,0.0,0.0,btc,0.0,0.0,0.0,24
1,[],4,[],2019-02-24 13:58:39,26909924.97362021,0.00000708,0.000000000291130308,6774188,2019-02-24 13:58:39,btc,142.4619250191714,0.0,0.00000708,btc,232031.36017667,0.2330473,0.4557028972162192,26
1,[],10,[],2019-02-24 13:58:41,693075.0845954,0.00000682,0.00000000028043908200000004,6774189,2019-02-24 13:58:41,btc,25.90892561804121,6684.71997145,0.00000682,btc,12101.09281381,0.0,0.2380468517668814,26
0,[],2,[],2019-01-20 23:25:56,0.0,0,0,6476976,2019-01-20 23:25:56,,0.0,0.0,0,,0.0,0.0,0.0,26
1,[],3,[],2019-02-23 18:17:02,10659120.92303129,0.00000002,0.0000000000008202040000000002,6768225,2019-02-23 18:17:02,btc,2.9010609406228287,225458.199062,0.00000002,btc,18682481.51451327,0.0,0.1428299014392689,27
1,[],5,[],2019-02-23 18:17:03,0.0,0,0,6768226,2019-02-23 18:17:03,btc,0.0,0.03869042,0,btc,0.0,0.0,0.0,27
1,[],11,[],2019-02-23 18:17:06,9657302.940399151,0.00000005,0.0000000000020505100000000003,6768227,2019-02-23 18:17:06,btc,67506.53137702076,146281.413934,0.00000005,btc,8171781.9763934,0.0,0.450973774642923,27
1,[],4,[],2019-02-24 13:58:42,1438270697.4303155,0.00000002,0.0000000000008224020000000001,6774190,2019-02-24 13:58:42,btc,5.816985725951535,0.0,0.00000002,"btc,ltc",479799513.9751173,0.21410061,10.387447234673788,29
1,[],7,[],2019-02-24 13:58:44,34137302.8306216,0.00000002,0.0000000000008224020000000001,6774191,2019-02-24 13:58:44,btc,44463896.8411907,0.0,0.00000002,btc,60091061.60632691,0.0,0.3524039591167148,29
1,[],4,[],2019-02-24 13:58:45,1399045.41010349,0.00000029,0.000000000011924829000000002,6774192,2019-02-24 13:58:45,btc,2.3325886957111055,0.0,0.00000029,btc,1565436.20762222,0.00962616,0.0899722263156395,30
0,[],17,[],2019-02-24 13:00:47,0.0,0,0,6773999,2019-02-24 13:00:47,btc,0.0,0.0,0,btc,0.0,0.0,0.0,30
1,[],4,[],2019-02-24 13:58:57,1118028.77483665,0.00005661,0.000000002327808861,6774193,2019-02-24 13:58:57,btc,5.2904066834447026,0.0,0.00005661,btc,66056.26756666,1.03393181,1.134997418961893,31
1,[],21,[],2019-02-24 13:58:57,57130.46021694,0.00005703000000000000115681769719,0.000000002345079303,6774194,2019-02-24 13:58:57,btc,1.9281283108685505,61716.06334094,0.000057030000000000001156817697189893578979535959661006927490234375,btc,29711.49075772,3.53141483,3.1504264688597883,31
0,[],2,[],2019-01-20 23:28:43,0.0,0,0,6477009,2019-01-20 23:28:43,,0.0,0.0,0,,0.0,0.0,0.0,32
1,[],4,[],2019-02-24 13:58:58,350035832.06076956,0.00000004,0.0000000000016448040000000001,6774195,2019-02-24 13:58:58,btc,9.148073111252579,0.0,0.00000004,"btc,ltc",160185522.48095775,0.51720158,7.99325229902637,33
1,[],12,[],2019-02-24 13:58:59,16697292.379,0.00000005,0.000000000002056005,6774196,2019-02-24 13:58:59,btc,35620517.65049898,0.0,0.00000005,btc,89077211.97702268,0.0067124373626376,0.55100237895,33
1,[],4,[],2019-02-24 13:59:00,127269638.9377251,0.00000001,0.00000000000041120100000000003,6774197,2019-02-24 13:59:00,btc,4.177910795544633,0.0,0.00000001,btc,99057682.42741291,0.005034,1.272696389377251,34
1,[],5,[],2019-02-24 13:59:01,0.0,0,0,6774198,2019-02-24 13:59:01,btc,0.0,0.14863554,0,btc,0.0,0.0,0.0,34
0,[],17,[],2019-02-24 12:08:25,0.0,0,0,6773791,2019-02-24 12:08:25,btc,0.07464582875246091,0.0,0,btc,4105386.20243647,0.0,0.0,36
0.0000000001261327,[],4,[],2019-02-24 13:59:02,2080589711.7998257,2.5226539999999998e-18,1.037317847454e-22,6774199,2019-02-24 13:59:02,ltc,2.6944077023099744e-08,0.0,0.00000002,ltc,3153179456.7328534,0.0,4.241062173813302e-09,36
1,[],5,[],2019-02-24 13:59:02,0.0,0,0,6774200,2019-02-24 13:59:02,btc,0.0,0.0,0,btc,0.0,0.0,0.0,36
0.0000000003931771,[],27,[],2019-02-24 14:01:14,2000.0,3.931771e-18,1.6167481669710002e-22,6774201,2019-02-24 14:01:14,eth,4.952032118764296,0.0,0.00000001,eth,1961447.4846104,0.0,7.863542e-15,36
1,[],17,[],2019-02-24 12:08:33,1752.74075282,0.00000025,0.00000000001035765,6773795,2019-02-24 12:08:33,btc,0.05548492401591469,0.0,0.00000025,btc,1387.19918473,0.0,0.00043818518820499993,37
1,[],4,[],2019-02-24 14:01:15,263685.03742197,0.00000064,0.000000000026316864000000002,6774202,2019-02-24 14:01:15,btc,19772.501131820343,0.0,0.00000064,btc,570482.57917752,0.0077122,0.1197851885553507,37
1,[],12,[],2019-02-24 14:01:16,344101.96964453,0.00000068,0.000000000027961668,6774203,2019-02-24 14:01:16,btc,1346.9627188292693,0.0,0.00000068,btc,864919.82068785,0.0631947977400538,0.0610955964592766,37
1,[],27,[],2019-02-24 14:01:29,14685.567,0.00000045,0.000000000018504045000000003,6774204,2019-02-24 14:01:29,btc,25.83024737411233,0.0,0.00000045,btc,6763.38138508,0.0,0.00480032515,37
1,[],5,[],2019-02-24 14:01:31,0.0,0,0,6774205,2019-02-24 14:01:31,btc,0.0,0.10694771,0,btc,0.0,0.0,0.0,42
1,[],12,[],2019-02-24 14:01:32,137165.63478712,0.00000095,0.000000000039064095000000004,6774206,2019-02-24 14:01:32,btc,94.6993700926762,0.0,0.00000095,btc,109836.26449548,0.0051804809225226,0.0426920579649568,42
0.0000000003931771,[],27,[],2019-02-24 14:01:34,2000.0,3.931771e-18,1.6167481669710002e-22,6774207,2019-02-24 14:01:34,eth,0.00315028,0.0,0.00000001,"btc,eth",11.007,0.0,7.863542e-15,42
0,[],17,[],2019-02-24 13:01:30,0.0,0,0,6774017,2019-02-24 13:01:30,btc,0.0,0.0,0,btc,0.0,0.0,0.0,43
1,[],5,[],2019-02-24 14:01:35,0.0,0,0,6774208,2019-02-24 14:01:35,btc,0.0,0.08787665,0,btc,0.0,0.0,0.0,43
1,[],12,[],2019-02-24 14:01:36,2662896.0,0.00000001,0.00000000000041120100000000003,6774209,2019-02-24 14:01:36,btc,20003573.0551117,0.0,0.00000001,btc,37294583.27012986,0.00971886,0.02662896,43
1,[],12,[],2019-02-24 14:01:49,674224.0,0.00000005,0.000000000002056005,6774210,2019-02-24 14:01:49,btc,11115177.729221787,0.0,0.00000005,btc,1104545.40161834,0.00026343976024,0.01703026,44
1,[],4,[],2019-02-24 14:01:50,304592523.15740174,0.00000002,0.0000000000008224020000000001,6774211,2019-02-24 14:01:50,btc,474.5705350012858,0.0,0.00000002,"btc,ltc",12283786.99500239,0.00010277,0.2175355558530341,49
0,[],4,[],2019-02-24 14:01:50,0.0,0,0,6774212,2019-02-24 14:01:50,,25.475336660091333,0.0,0,,10622225061.488565,0.0,0.0,52
0.0000000001310518,[],22,[],2019-02-24 14:01:54,80845862.0,1.310518e-18,5.38886312118e-23,6774213,2019-02-24 14:01:54,XMR,4366.90665423,0.0,0.00000001,XMR,254618181.67882353,1.3105179999999999e-13,0.80845862,57
0.0000000003931771,[],27,[],2019-02-24 14:01:56,2000.0,3.931771e-18,1.6167481669710002e-22,6774214,2019-02-24 14:01:56,eth,0.0,0.0,0.00000001,"btc,eth",0.0,0.0,7.863542e-15,57
0,[],17,[],2019-02-24 13:01:52,0.0,0,0,6774025,2019-02-24 13:01:52,btc,1e+24,0.0,0,btc,49226522.0897055,0.0,0.0,58
0.0000000001261327,[],4,[],2019-02-24 14:01:58,886922114.1345292,3.783981e-18,1.555976771181e-22,6774215,2019-02-24 14:01:58,ltc,18.81130055781774,0.0,0.00000003,ltc,4039348853.9192185,0.0,2.131841943959899e-09,58
1,[],12,[],2019-02-24 14:01:59,1632362791.843957,0.0000000004,0.00000000000001644804,6774216,2019-02-24 14:01:59,btc,224005479561.08115,0.0,0.0000000004,btc,3821708180.651468,0.05406864998089719,0.5283253766011392,58
0.0000000001310518,[],22,[],2019-02-24 14:02:10,137438.0,1.310518e-18,5.38886312118e-23,6774217,2019-02-24 14:02:10,XMR,69.8835922,0.0,0.00000001,XMR,9887963.0,0.0,0.00137438,58
1,[],5,[],2019-02-24 14:02:11,0.0,0,0,6774218,2019-02-24 14:02:11,btc,0.0,0.01546182,0,btc,0.0,0.0,0.0,61
1,[],22,[],2019-02-24 14:02:15,5149.5,0.00000011,0.000000000004523211000000001,6774219,2019-02-24 14:02:15,BTC,1002.29597012,0.0,0.00000011,BTC,14947.700278135757,0.0,0.00051596,61
1,[],26,[],2019-02-24 14:02:15,0.0,0.00000800,0.0000000003289608,6774220,2019-02-24 14:02:15,btc,0.0,0.0,0.00000800,btc,0.0,0.0,0.0,61
1,[],27,[],2019-02-24 14:02:17,2493.55,0.00000045,0.000000000018504045000000003,6774221,2019-02-24 14:02:17,btc,7.847951250687499,0.0,0.00000045,"btc,eth",20831.38399471,0.0,0.00021559750385313558,61
0,[],28,[],2019-02-24 14:02:18,0.0,0,0,6774222,2019-02-24 14:02:18,,0.0,0.0,0,,0.0,0.0,0.0,61
1,[],4,[],2019-02-24 14:02:19,1542194.26569026,0.00000282,0.00000000011595868200000001,6774223,2019-02-24 14:02:19,btc,11.362601922536866,0.0,0.00000282,btc,810576.69619434,0.18703,1.620378576942643,67
0.0,[],25,[],2019-02-24 14:02:21,0.0,0,0,6774224,2019-02-24 14:02:21,,0.0,0.0,0.0,btc,0.0,0.0,0.0,67
1,[],12,[],2019-02-24 14:02:22,2983478.47390196,0.0000002,0.00000000000822402,6774225,2019-02-24 14:02:22,btc,11115998.205835255,0.0,0.0000002,btc,2033873.76999594,0.0032990958541463,0.1017191864411115,71
,[],5,[],2018-11-20 23:02:39,1.5e-07,0.00000005,0.000000000002128045,4862160,2018-11-20 23:02:39,btc,2.84511358,0.0,,btc,0.00036572,0.0,0.07381892,74
1,[],5,[],2019-02-24 14:02:22,0.0,0,0,6774226,2019-02-24 14:02:22,btc,0.0,0.0,0,btc,0.0,0.0,0.0,75
0,[],20,[],2019-01-25 09:30:31,0.0,0,0,6495923,2019-01-25 09:30:31,btc,0.0,0.0,0,btc,0.0,0.0,0.0,81
1,[],4,[],2019-02-24 14:02:24,17233280.92031862,0.00000001,0.00000000000041120100000000003,6774227,2019-02-24 14:02:24,btc,11388.638595673243,0.0,0.00000001,btc,34444270.17624532,0.0,0.1723328092031862,81
1,[],4,[],2019-02-24 14:02:25,28502.98267314,0.00007557,0.0000000031074459570000002,6774228,2019-02-24 14:02:25,btc,17.758246465950723,0.0,0.00007557,btc,12572.80233638,0.01865001,0.1302804229399126,82
1,[],21,[],2019-02-24 14:02:26,69169.82027415,0.00007883000000000000249966713994,0.0000000032414974830000004,6774229,2019-02-24 14:02:26,btc,2.2854459373210023,2654.17508815,0.00007883000000000000249966713994353995076380670070648193359375,btc,23907.14785602,0.20654606,2.3975059858481407,82
0,[],17,[],2019-02-24 14:02:28,0.0,0,0,6774230,2019-02-24 14:02:28,btc,0.0447233088476774,0.0,0,btc,999127.19588126,0.0,0.0,84
0.0000000001261327,[],4,[],2019-02-24 14:02:29,156358129.50578254,5.0453079999999996e-18,2.074635694908e-22,6774231,2019-02-24 14:02:29,ltc,1.7828323277081033,0.0,0.00000004,ltc,404298980.0157029,0.00021,4.4469019899637515e-10,85
,[],22,[],2018-11-20 23:09:34,3408.1,0.0000001,0.0000000000041895,4862324,2018-11-20 23:09:34,BTC,0.04624735,0.0,,BTC,4990.0,0.0,0.00033081,86
0,[],22,[],2019-02-22 12:52:35,0.0,0,0,6758847,2019-02-22 12:52:35,,2.0760781,0.0,0,,140622.94736842104,0.0,0.0,87
0,[],27,[],2019-02-22 12:52:37,0.0,0,0,6758848,2019-02-22 12:52:37,,0.0,0.0,0,btc,0.0,0.0,0.0,87
,[],2,[],2018-11-20 23:10:47,0.0,0,0,4862359,2018-11-20 23:10:47,,0.0,0.0,,,0.0,0.0,0.0,88
1,[],11,[],2019-02-24 14:02:30,94238.20628624,0.000148879999999999997582766919634877922362647950649261474609375,0.000000006121960488000001,6774232,2019-02-24 14:02:30,btc,608.4754497310934,2198.1,0.000148879999999999997582766919634877922362647950649261474609375,btc,92894.68485331,0.0,6.477820181279087,89
0,[],2,[],2019-01-20 23:31:45,0.0,0,0,6477083,2019-01-20 23:31:45,,0.0,0.0,0,,0.0,0.0,0.0,91
1,[],12,[],2019-02-24 14:02:32,428790.02785768,0.000001399999999999999936647356556240762159859514213167130947113037109375,0.00000000005756814,6774233,2019-02-24 14:02:32,btc,4.318293062345256,0.0,0.000001399999999999999936647356556240762159859514213167130947113037109375,btc,57497.5834294,0.0003504718816821,0.0404545118938215,91
0,[],17,[],2019-02-24 14:02:34,0.0,0,0,6774234,2019-02-24 14:02:34,btc,0.0,0.0,0,btc,0.0,0.0,0.0,91
0,[],22,[],2019-02-24 14:02:37,0.0,0,0,6774235,2019-02-24 14:02:37,,3.1e-06,0.0,0,,2.0,0.0,0.0,91
0.0000000001261327,[],22,[],2019-02-24 14:02:41,2791021.0,5.0453079999999996e-18,2.074635694908e-22,6774236,2019-02-24 14:02:41,LTC,8.53161599,0.0,0.00000004,LTC,71994962.1,4.31368788692e-13,0.09164084,95
0.0000000001261327,[],4,[],2019-02-24 14:02:41,644746617.6988804,7.6940947e-17,3.1638194347347002e-21,6774237,2019-02-24 14:02:41,ltc,11.906230226787942,0.0,0.00000061,ltc,136465415.00909793,0.0,2.358004960888639e-09,96
1,[],12,[],2019-02-24 14:02:42,149.0,0.00000001,0.00000000000041120100000000003,6774238,2019-02-24 14:02:42,btc,255075.8947895179,0.0,0.00000001,btc,8638922.94636337,2.547982018e-06,1.4900000000000001e-06,96
0,[],17,[],2019-02-24 14:02:44,0.0,0,0,6774239,2019-02-24 14:02:44,btc,0.0,0.0,0,btc,0.0,0.0,0.0,96
1,[],4,[],2019-02-24 14:02:45,1485223.99714134,0.00000029,0.000000000011924829000000002,6774240,2019-02-24 14:02:45,btc,3.211631403190434,0.0,0.00000029,btc,2565359.70753516,0.02393395,0.1253683039070028,99
0,[],2,[],2019-01-20 23:23:55,0.0,0,0,6476914,2019-01-20 23:23:55,,0.0,0.0,0,,0.0,0.0,0.0,100
1,[],4,[],2019-02-24 14:02:46,1210978.61132374,0.00004454,0.0000000018314892540000002,6774241,2019-02-24 14:02:46,btc,14.547968641517675,0.0,0.00004454,btc,204264.88071402,3.40129404,2.59678508556331,100
1,[],22,[],2019-02-24 14:02:49,50000.0,0.00000001,0.00000000000041120100000000003,6774242,2019-02-24 14:02:49,BTC,23.49896609,0.0,0.00000001,BTC,10277.22,0.0,0.0005,101
1,[],4,[],2019-02-24 14:02:50,478906.28473484,0.00000086,0.000000000035363286000000005,6774243,2019-02-24 14:02:50,btc,256.29985314029335,0.0,0.00000086,btc,485644.51907224,0.0142729,0.2490147075689692,103
1,[],12,[],2019-02-24 14:02:53,59409572.76471429,0.000000011,0.0000000000004523211,6774244,2019-02-24 14:02:53,btc,137279346.90201622,0.0,0.000000011,btc,126338215.54443613,0.04752161189351074,0.1910121354118572,105
1,[],27,[],2019-02-24 14:02:55,125810.89,0.00000001,0.00000000000041120100000000003,6774245,2019-02-24 14:02:55,btc,26.557578245556094,0.0,0.00000001,btc,574707.68391977,0.0,0.0012581089,105
1,[],22,[],2019-02-24 14:02:58,9328.0,0.00000001,0.00000000000041120100000000003,6774246,2019-02-24 14:02:58,BTC,51.10837004,0.0,0.00000001,BTC,470435.0,0.0,9.328e-05,107
1,[],26,[],2019-02-24 14:02:58,0.0,0.00000000,0,6774247,2019-02-24 14:02:58,btc,0.0,0.0,0.00000000,btc,0.0,0.0,0.0,107
1,[],5,[],2019-02-24 14:03:00,0.0,0,0,6774248,2019-02-24 14:03:00,btc,0.0,1.532e-05,0,btc,0.0,0.0,0.0,112
1,[],22,[],2019-02-24 14:03:03,1966.0,0.00000001,0.00000000000041120100000000003,6774249,2019-02-24 14:03:03,BTC,2.81183288,0.0,0.00000001,BTC,808524.0833333334,0.0,1.966e-05,112
0.0000000003931771,[],27,[],2019-02-24 14:03:07,2000.0,3.931771e-18,1.6167481669710002e-22,6774250,2019-02-24 14:03:07,eth,1.35132491849924,0.0,0.00000001,"btc,eth",1328.641654,0.0,7.863542e-15,112
1,[],4,[],2019-02-24 14:03:07,376072.56938594,0.00000301,0.000000000123771501,6774251,2019-02-24 14:03:07,btc,5.916954401859952,0.0,0.00000301,btc,347626.88635402,0.09671735,0.1748771938863357,113
1,[],5,[],2019-02-24 14:03:08,0.0,0,0,6774252,2019-02-24 14:03:08,btc,0.0,0.00468312,0,btc,0.0,0.0,0.0,113
1,[],17,[],2019-02-24 14:03:20,152738.278,0.00000004,0.0000000000016448040000000001,6774253,2019-02-24 14:03:20,btc,1.33680302678,0.0,0.00000004,btc,50696.221,0.0,0.0022095311199999998,116
0,[],27,[],2019-02-24 14:03:22,0.0,0,0,6774254,2019-02-24 14:03:22,,0.0,0.0,0,btc,0.0,0.0,0.0,116
1,[],4,[],2019-02-24 14:03:23,78226.84869994,0.00002357,0.0000000009692007570000002,6774255,2019-02-24 14:03:23,btc,31.2114226516803,0.0,0.00002357,btc,92421.6021066,0.25414632,0.929983398744641,120
1,[],7,[],2019-02-24 14:03:24,211698.17727973,0.00001690999999999999903362024600284030384500510990619659423828125,0.000000000695340891,6774256,2019-02-24 14:03:24,btc,115647.03579314871,7509.15081844,0.00001690999999999999903362024600284030384500510990619659423828125,btc,31040.10856098,0.22319677,0.0691399687534992,120
1,[],20,[],2019-02-24 14:03:27,1178834.0618,0.000000013,0.0000000000005345613,6774257,2019-02-24 14:03:27,btc,31.9232981096527,243.5,0.000000013,btc,1119871.1271,3.164e-06,0.0034002679724,125
1,[],22,[],2019-02-24 14:03:31,3053.0,0.00000001,0.00000000000041120100000000003,6774258,2019-02-24 14:03:31,BTC,0.01444887,0.0,0.00000001,BTC,296263.5111111111,0.0,3.053e-05,126
0,[],2,[],2019-01-20 23:25:46,0.0,0,0,6476969,2019-01-20 23:25:46,,0.0,0.0,0,,0.0,0.0,0.0,131
1,[],4,[],2019-02-24 14:03:32,138279.32822452,0.00001387,0.000000000570335787,6774259,2019-02-24 14:03:32,btc,21.248547183344662,0.0,0.00001387,btc,132519.73494578,0.22855736,0.6044764242150806,131
0,[],17,[],2019-02-24 14:03:43,0.0,0,0,6774260,2019-02-24 14:03:43,btc,0.0009561751951600001,0.0,0,btc,35.42829368,0.0,0.0,131
1,[],4,[],2019-02-24 14:03:44,4551.45516442,0.00016001,0.0000000065796272010000005,6774261,2019-02-24 14:03:44,btc,1.6432005624699768,0.0,0.00016001,btc,320.0767349,0.00336996,0.007945932923357,135
1,[],3,[],2019-02-24 14:03:45,1498224.24571841,0.00000005,0.000000000002056005,6774262,2019-02-24 14:03:45,btc,0.1455662086247726,32547.6666667,0.00000005,btc,628525.53813868,0.0,0.0550354279470342,136
1,[],4,[],2019-02-24 14:03:46,271935.92491739,0.00000172,0.00000000007072657200000001,6774263,2019-02-24 14:03:46,btc,38.8828318759769,0.0,0.00000172,btc,636711.17129648,0.10959969,0.0813928180366614,137
1,[],12,[],2019-02-24 14:03:47,334814.62373097,0.000001740000000000000069492480346544649449924690998159348964691162109375,0.000000000071548974,6774264,2019-02-24 14:03:47,btc,11807.597620836777,0.0,0.000001740000000000000069492480346544649449924690998159348964691162109375,btc,123259.38516089,0.0022812542647147,0.0926574400000068,137
1,[],4,[],2019-02-24 14:03:48,226268.72777133,0.00004102,0.0000000016867465020000002,6774265,2019-02-24 14:03:48,btc,29.540645434729523,0.0,0.00004102,btc,51506.62342073,0.29706569,1.1107481603548306,142
1,[],5,[],2019-02-24 14:03:48,0.0,0,0,6774266,2019-02-24 14:03:48,btc,0.0,0.47237103,0,btc,0.0,0.0,0.0,142
1,[],17,[],2019-02-24 14:03:50,22967.386363640002,0.00000088,0.000000000036185688000000005,6774267,2019-02-24 14:03:50,btc,20.069913353309524,0.0,0.00000088,btc,2746.079105,0.0,0.0104613000000032,142
1,[],20,[],2019-02-24 14:03:52,133310.9826,0.000045043,0.0000000018521726643,6774268,2019-02-24 14:03:52,btc,0.5019588885584,0.0,0.000045043,btc,3876.6846,0.0,0.2356579130972,142
1,[],22,[],2019-02-24 14:03:55,1685.8988921568628,0.00004000,0.0000000016448040000000002,6774269,2019-02-24 14:03:55,BTC,3.00385504,0.0,0.00004000,BTC,891.218,0.00023522,0.00174536,142
0.0,[],25,[],2019-02-24 14:03:57,0.0,0,0,6774270,2019-02-24 14:03:57,,0.0,0.0,0.0,btc,0.0,0.0,0.0,142
0,[],28,[],2019-02-24 14:03:58,0.0,0,0,6774271,2019-02-24 14:03:58,,0.0,0.0,0,,0.0,0.0,0.0,142
0,[],22,[],2019-02-23 08:10:09,0.0,0,0,6765290,2019-02-23 08:10:09,,61.28465123,0.0,0,,749385405.3,0.0,0.0,143
1,[],21,[],2019-02-24 14:03:59,60738948.26659777,0.00000025,0.000000000010280025,6774272,2019-02-24 14:03:59,btc,42.76489220677466,7850706.35466335,0.00000025,btc,88597282.7800565,2.00875701,5.563070992816863,145
0,[],22,[],2019-02-24 14:04:01,0.0,0,0,6774273,2019-02-24 14:04:01,,4.24912384,0.0,0,,1812056.0,0.0,0.0,146
,[],22,[],2018-11-20 23:01:11,0.0,0,0,4862114,2018-11-20 23:01:11,,2.56807021,0.0,,,61828.4988236,0.0,0.0,147
1,[],12,[],2019-02-24 14:04:03,113029.39804904,0.00000251000000000000010876390933722834830632564262486994266510009765625,0.00000000010321145100000002,6774274,2019-02-24 14:04:03,btc,16.28550273480436,0.0,0.00000251000000000000010876390933722834830632564262486994266510009765625,btc,116986.71583628,0.001977075275776,0.027378829999994102,148
1,[],4,[],2019-02-24 14:04:04,239785.57134223,0.00000034,0.000000000013980834000000001,6774275,2019-02-24 14:04:04,btc,219.93681160199571,0.0,0.00000034,btc,786278.69984402,0.00236975,0.0565669257964425,152
0,[],22,[],2019-02-24 14:04:06,0.0,0,0,6774276,2019-02-24 14:04:06,,0.0,0.0,0,,0.0,0.0,0.0,152
1,[],5,[],2019-02-24 14:04:07,0.0,0,0,6774277,2019-02-24 14:04:07,btc,0.0,0.0,0,btc,0.0,0.0,0.0,153
,[],16,[],2019-01-11 15:38:59,0.0,0,0,6366141,2019-01-11 15:38:59,btc,0.0,0.0,,btc,0.0,0.0,0.0,155
0,[],22,[],2019-02-24 14:04:17,0.0,0,0,6774278,2019-02-24 14:04:17,,6.74608761,0.0,0,,4644402.242592593,0.0,0.0,156
0,[],23,[],2019-01-20 23:24:29,0.0,0,0,6476932,2019-01-20 23:24:29,,0.0,0.0,0,,0.0,0.0,0.0,156
1,[],22,[],2019-02-24 14:04:20,7073.8,0.00005300,0.0000000021793653000000003,6774279,2019-02-24 14:04:20,BTC,1.80343699,0.0,0.00005300,BTC,899.6422341958436,0.0,0.00104336,157
0,[],22,[],2019-02-24 14:04:22,0.0,0,0,6774280,2019-02-24 14:04:22,,50175.68008609,0.0,0,,54479136.04179466,0.0,0.0,158
,[],17,[],2018-11-20 22:56:10,0.0,0,0,4861976,2018-11-20 22:56:10,btc,1.1265625,0.0,,btc,1000.0,0.0,0.0,159
,[],20,[],2018-11-20 22:56:12,0.0,0,0,4861977,2018-11-20 22:56:12,btc,11912.7940471,0.0,,btc,34413894.3617,0.0,0.0,159
1,[],12,[],2019-02-24 14:04:24,182870.138748,0.000007070000000000000071821888714129755726389703340828418731689453125,0.00000000029071910700000004,6774281,2019-02-24 14:04:24,btc,6.643045793927958,0.0,0.000007070000000000000071821888714129755726389703340828418731689453125,btc,13692.5780877,0.0063343623412309,0.0977052722650142,168
1,[],17,[],2019-02-24 14:04:25,29784.95,0.000001,0.0000000000411201,6774282,2019-02-24 14:04:25,btc,0.03026736251542,0.0,0.000001,btc,144.46171372,0.0,0.00716147,168
0,[],22,[],2019-02-24 14:04:28,0.0,0,0,6774283,2019-02-24 14:04:28,,1.14714792,0.0,0,,798972.8900917594,0.0,0.0,169
1,[],22,[],2019-02-24 14:04:31,164995.5,0.00000018,0.000000000007401618,6774284,2019-02-24 14:04:31,BTC,13.2555588,0.0,0.00000018,BTC,150057.9068373276,0.00027945,0.01979919,171
1,[],22,[],2019-02-24 14:04:35,74690.2,0.00000011,0.000000000004523211000000001,6774285,2019-02-24 14:04:35,BTC,2.19461286,0.0,0.00000011,BTC,238116.7614071281,0.00440928,0.00449919,173
1,[],5,[],2019-02-24 14:04:36,0.0,0,0,6774286,2019-02-24 14:04:36,btc,0.0,0.14592888,0,btc,0.0,0.0,0.0,175
1,[],22,[],2019-02-24 14:04:40,45761.166666666664,0.0000003,0.00000000001233603,6774287,2019-02-24 14:04:40,BTC,0.52955903,0.0,0.0000003,BTC,143368.41384013777,6.85e-06,0.00519475,176
1,[],7,[],2019-02-24 14:04:41,0.0,0,0,6774288,2019-02-24 14:04:41,btc,410932.5282358376,0.0,0,btc,117891559.31901672,0.0,0.0,178
0,[],22,[],2019-02-24 14:04:51,0.0,0,0,6774289,2019-02-24 14:04:51,,1.00242428,0.0,0,,57512.0,0.0,0.0,178
0,[],2,[],2019-01-20 23:28:34,0.0,0,0,6477001,2019-01-20 23:28:34,,0.0,0.0,0,,0.0,0.0,0.0,178
1,[],5,[],2019-02-24 14:04:52,0.0,0,0,6774290,2019-02-24 14:04:52,btc,0.0,0.06171092,0,btc,0.0,0.0,0.0,179
1,[],22,[],2019-02-24 14:04:57,6961684.0,0.00000002,0.0000000000008224020000000001,6774291,2019-02-24 14:04:57,BTC,5.73196334,0.0,0.00000002,"BTC,LTC",18407477.468656633,0.0,0.3741744,179
0,[],23,[],2019-01-20 23:25:08,0.0,0,0,6476952,2019-01-20 23:25:08,,0.0,0.0,0,,0.0,0.0,0.0,179
0.0000000001261327,[],22,[],2019-02-24 14:05:11,128605.4,1.261327e-17,5.18658923727e-22,6774292,2019-02-24 14:05:11,LTC,0.20149702,0.0,0.0000001,LTC,61046.395435424805,0.0,0.00130544,180
1,[],26,[],2019-02-24 14:05:11,0.0,0.00000100,0.0000000000411201,6774293,2019-02-24 14:05:11,btc,0.0,532.38040002,0.00000100,btc,0.0,0.0,0.0,180
1,[],17,[],2019-02-24 10:59:14,10504.725,0.0000001,0.00000000000415296,6773332,2019-02-24 10:59:14,btc,5.2010695838170005,0.0,0.0000001,btc,4994.45945,0.0,0.0010504725,180
,[],7,[],2018-11-20 22:58:01,562227.975654,0.00000085,0.000000000036176765,4862015,2018-11-20 22:58:01,btc,21836.6059674,2491.87645172,,btc,749999.041456,0.00211021,0.127565380455,183
1,[],24,[],2019-02-24 14:05:11,0.0,0.000000000001,4.1120100000000004e-17,6774294,2019-02-24 14:05:11,btc,0.0,0.0,0.000000000001,btc,0.0,0.0,0.0,187
,[],5,[],2019-01-10 08:11:41,0.0,0,0,6347036,2019-01-10 08:11:41,btc,82.15055501,0.00261,,btc,1.19002445,0.0,0.0,187
,[],17,[],2018-11-16 20:58:10,4062536.27273,0.00000001,0.000000000000550501,4708775,2018-11-16 20:58:10,btc,3.36492563466,0.195460381006,,"btc,eth",110697919.549,0.0,0.0157628953496,187
0,[],22,[],2019-02-24 00:25:17,0.0,0,0,6769902,2019-02-24 00:25:17,,1.19374396,0.0,0,,16308.869534405507,0.0,0.0,191
0,[],22,[],2019-02-24 14:05:16,0.0,0,0,6774295,2019-02-24 14:05:16,,0.0,0.0,0,,0.0,0.0,0.0,197
0,[],23,[],2019-01-20 23:31:41,0.0,0,0,6477079,2019-01-20 23:31:41,,0.0,0.0,0,,0.0,0.0,0.0,199
0,[],22,[],2019-02-24 14:05:19,0.0,0,0,6774296,2019-02-24 14:05:19,,5.19477622,0.0,0,,21058553.0,0.0,0.0,199
1,[],26,[],2019-02-24 14:05:19,0.0,0.00000000,0,6774297,2019-02-24 14:05:19,btc,0.0,0.0,0.00000000,btc,0.0,0.0,0.0,199
0,[],17,[],2019-01-30 16:32:01,0.0,0,0,6540827,2019-01-30 16:32:01,btc,6.802544163788159,0.0,0,btc,105897.55575295,0.0,0.0,200
0,[],2,[],2019-01-20 23:30:49,0.0,0,0,6477059,2019-01-20 23:30:49,,0.0,0.0,0,,0.0,0.0,0.0,201
1,[],4,[],2019-01-25 15:51:35,2084389.58565343,0.00000936,0.000000000333526752,6499557,2019-01-25 15:51:35,btc,2.0092503037378524,0.0,0.00000936,btc,160195.80207885,0.19272417,1.242687955921835,211
1,[],7,[],2019-02-24 14:05:22,4256822.34679299,0.0000013200000000000000673224496983149123252587742172181606292724609375,0.000000000054278532000000005,6774298,2019-02-24 14:05:22,btc,15476315.590918606,685642.337101,0.0000013200000000000000673224496983149123252587742172181606292724609375,btc,12374697.24288094,0.0,3.220772014624906,212
1,[],5,[],2019-02-24 14:05:23,0.0,0,0,6774299,2019-02-24 14:05:23,btc,0.0,0.33541498,0,btc,0.0,0.0,0.0,213
1,[],24,[],2019-02-24 14:05:23,0.0,0.000000100000,0.00000000000411201,6774300,2019-02-24 14:05:23,btc,0.0,0.0,0.000000100000,btc,0.0,0.0,0.0,213
1,[],26,[],2019-02-24 14:05:23,0.0,0.00000009,0.000000000003700809,6774301,2019-02-24 14:05:23,btc,0.0,0.0,0.00000009,btc,0.0,0.0,0.0,213
1,[],12,[],2019-01-25 02:44:32,207462.42853209,0.000001080000000000000035831255497387193287295303889550268650054931640625,0.000000000038610756000000006,6493050,2019-01-25 02:44:32,btc,85023.03793723314,0.0,0.000001080000000000000035831255497387193287295303889550268650054931640625,btc,43675.73520027,0.000146250909087,0.0348620860622024,213
1,[],22,[],2019-02-24 14:05:27,104971.0,0.00000001,0.00000000000041120100000000003,6774302,2019-02-24 14:05:27,BTC,2.20557071,0.0,0.00000001,BTC,249234.19637261707,0.00025,0.00104971,216
1,[],27,[],2019-02-24 14:05:29,18125901.005988,0.00000007,0.0000000000028784070000000003,6774303,2019-02-24 14:05:29,btc,355.93205624754,1494.994012,0.00000007,"btc,ltc",212460.845,0.0001495,0.03395747044052644,216
0,[],22,[],2019-02-24 14:07:31,250214.46836262452,0,0,6774304,2019-02-24 14:07:31,,12673.59227106,0.0,0,,372110.19063635875,0.0,0.35347713,217
1,[],7,[],2019-02-24 14:07:32,0.0,0,0,6774305,2019-02-24 14:07:32,btc,77969.61377456698,0.0,0,btc,137043486.5550253,0.0,0.0,219
0,[],27,[],2019-02-24 14:07:34,0.0,0,0,6774306,2019-02-24 14:07:34,,0.0740438339680921,0.0,0,btc,1536429.20709513,0.0,0.0,219
0,[],28,[],2019-02-24 14:07:50,0.0,0,0,6774307,2019-02-24 14:07:50,,0.0,0.0,0,,0.0,0.0,0.0,219
1,[],22,[],2019-02-24 14:07:53,262886.6,0.00000037,0.000000000015214437,6774308,2019-02-24 14:07:53,BTC,3.00166181,0.0,0.00000037,BTC,106589.27041875875,0.0,0.03435893,221
1,[],24,[],2019-02-24 14:07:53,0.0,0.000000200000,0.00000000000822402,6774309,2019-02-24 14:07:53,btc,0.0,0.0,0.000000200000,btc,0.0,0.0,0.0,221
1,[],20,[],2019-02-24 14:07:55,45872614.8416,0.000000002,0.0000000000000822402,6774310,2019-02-24 14:07:55,btc,47.9809784715711,2318411.5541,0.000000002,btc,10037953.3145,0.0056726537441,0.0488023429609,224
0,[],22,[],2019-02-24 14:07:58,0.0,0,0,6774311,2019-02-24 14:07:58,,0.0,0.0,0,,0.0,0.0,0.0,224
1,[],26,[],2019-02-24 14:07:58,0.0,0.00000035,0.000000000014392035000000002,6774312,2019-02-24 14:07:58,btc,0.0,0.0,0.00000035,btc,0.0,0.0,0.0,231
1,[],26,[],2019-02-24 14:07:59,0.0,0.00000006,0.000000000002467206,6774313,2019-02-24 14:07:59,btc,0.0,0.0,0.00000006,btc,0.0,0.0,0.0,234
0.0000000003931771,[],27,[],2019-02-24 14:08:01,2000.0,3.931771e-18,1.6167481669710002e-22,6774314,2019-02-24 14:08:01,eth,0.0113483662182,0.0,0.00000001,"btc,eth",11462.99618,0.0,7.863542e-15,234
1,[],4,[],2019-02-24 14:08:01,1093464.15905435,0.00000080,0.00000000003289608,6774315,2019-02-24 14:08:01,btc,4.45810467721147,0.0,0.00000080,btc,1063073.43540527,0.02627899,0.4299787593116136,236
1,[],24,[],2019-02-24 14:08:01,0.0,0.000000300000,0.00000000001233603,6774316,2019-02-24 14:08:01,btc,0.0,0.0,0.000000300000,btc,0.0,0.0,0.0,236
1,[],20,[],2019-02-24 14:08:03,67749383.5552,0.000000058,0.0000000000023849658,6774317,2019-02-24 14:08:03,btc,10.0817315736419,27535897.4817,0.000000058,btc,45170875.2626,1.6481163109221,0.252032283578,237
0.0000000001261327,[],22,[],2019-02-24 14:08:07,14400.0,1.261327e-17,5.18658923727e-22,6774318,2019-02-24 14:08:07,LTC,0.0405823,0.0,0.0000001,LTC,3164.0,0.0,0.00144,237
1,[],4,[],2019-02-24 14:08:08,6870721.7356142,0.00000033,0.000000000013569633000000001,6774319,2019-02-24 14:08:08,btc,6.024750332238796,0.0,0.00000033,btc,9390320.17880419,0.36637884,1.4573818974989325,238
1,[],5,[],2019-02-24 14:08:08,0.0,0,0,6774320,2019-02-24 14:08:08,btc,0.0,0.00793017,0,btc,0.0,0.0,0.0,238
0,[],22,[],2019-02-24 14:08:11,0.0,0,0,6774321,2019-02-24 14:08:11,,0.41356282,0.0,0,,316008.5639027493,0.0,0.0,249
0.0000000001261327,[],22,[],2019-02-24 14:08:14,7121097.666666667,3.783981e-18,1.555976771181e-22,6774322,2019-02-24 14:08:14,LTC,0.52696618,0.0,0.00000003,LTC,14400138.09,5.03738686644e-13,0.21263595,252
0,[],28,[],2019-02-24 14:08:34,0.0,0,0,6774323,2019-02-24 14:08:34,,0.0,0.0,0,,0.0,0.0,0.0,256
1,[],22,[],2019-02-24 14:08:38,2423447.6666666665,0.00000003,0.000000000001233603,6774324,2019-02-24 14:08:38,BTC,31.42327216,0.0,0.00000003,BTC,516927.80769145646,0.0003,0.05155815,258
1,[],22,[],2019-02-23 13:24:56,48751.0,0.00000001,0.000000000000395946,6766668,2019-02-23 13:24:56,BTC,2.4175745,0.0,0.00000001,BTC,1762.0,0.0,0.00048751,259
1,[],5,[],2019-02-24 14:08:39,0.0,0,0,6774325,2019-02-24 14:08:39,btc,0.0,0.15739944,0,btc,0.0,0.0,0.0,264
1,[],20,[],2019-02-24 14:08:41,1220986.2048,0.000001622,0.00000000006669680220000001,6774326,2019-02-24 14:08:41,btc,7.3526017235708,80803.1338,0.000001622,btc,96184.4096,0.2417884879314,0.0208435094178,264
1,[],22,[],2019-02-24 14:08:45,18164.0,0.00000001,0.00000000000041120100000000003,6774327,2019-02-24 14:08:45,BTC,8.44955368,0.0,0.00000001,BTC,428471.6907878143,7.5e-05,0.00018164,271
0,[],22,[],2019-02-24 14:08:49,0.0,0,0,6774328,2019-02-24 14:08:49,,259.46651233,0.0,0,,14409338437.9,0.0,0.0,272
0,[],28,[],2019-02-24 14:09:06,0.0,0,0,6774329,2019-02-24 14:09:06,,0.0,0.0,0,,0.0,0.0,0.0,272
1,[],22,[],2019-02-24 14:09:12,116062.74,0.00000258,0.00000000010608985800000001,6774330,2019-02-24 14:09:12,BTC,74.41094618,0.0,0.00000258,"BTC,LTC",11370.487639773188,0.0,0.04796404,281
1,[],22,[],2019-02-24 14:09:18,96393.0,0.00000001,0.00000000000041120100000000003,6774331,2019-02-24 14:09:18,BTC,1.33241639,0.0,0.00000001,BTC,166490.49887885063,0.0,0.00096393,286
0,[],22,[],2019-02-22 20:00:43,0.0,0,0,6761229,2019-02-22 20:00:43,,43634.52003953,0.0,0,,419068796.0,0.0,0.0,294
