pairValue,buyBook,exchangeId,sellBook,updated,buyTotal,satoshiPrice,usdPrice,exchangeLogId,created,bestPair,sellTotalBtc,volume,pairPrice,activePairs,sellTotal,volumeBtc,buyTotalBtc,coinId
1,[],5,[],2019-05-11 22:34:58,0.0,0,0,7617280,2019-05-11 22:34:58,btc,0.0,0.17367275,0,btc,0.0,0.0,0.0,1
1,[],10,[],2019-05-11 22:35:00,253851.64661827,0.00911252,0.0000006548648710360001,7617281,2019-05-11 22:35:00,btc,6525.353837754288,1817.86554974,0.00911252,btc,1478.08793134,0.0,3.541752599149186,1
1,[],12,[],2019-05-11 22:35:03,70.5384589,0.0108000000000000005717648576819556183181703090667724609375,0.0000007761344400000001,7617282,2019-05-11 22:35:03,btc,0.21309497691180002,0.0,0.0108000000000000005717648576819556183181703090667724609375,btc,15.85895925,0.8855519150927,0.2773487387784,1
1,[],20,[],2019-05-11 22:35:06,974.0354,0.010700243,0.0000007689654730249001,7617283,2019-05-11 22:35:06,btc,0.0758238437745,0.2851,0.010700243,btc,4.9638,0.0032367684444,0.1701045607964,1
1,[],21,[],2019-05-11 22:37:07,1293.90304504,0.01086774000000000073296035907,0.0000007810025276820001,7617284,2019-05-11 22:37:07,btc,16.642260935829558,6336.95329811,0.01086774000000000073296035907333134673535823822021484375,btc,1451.03444197,68.99117594,13.579927129806181,1
0,[],22,[],2019-05-11 22:37:10,0.0,0,0,7617285,2019-05-11 22:37:10,,0.3163308,0.0,0,,0.2527518593615956,0.0,0.0,1
1,[],24,[],2019-05-11 22:37:11,0.0,0.000000000000,0,7617286,2019-05-11 22:37:11,btc,0.0,0.0,0.000000000000,btc,0.0,0.0,0.0,1
0.0,[],25,[],2019-05-11 22:37:12,0.0,0,0,7617287,2019-05-11 22:37:12,btc,11.29999999954185,1438.21565602,0.0,btc,1013.96059753,15.5361,0.0,1
1,[],26,[],2019-05-11 22:37:13,0.0,0,0,7617288,2019-05-11 22:37:13,,0.0,0.0,0,,0.0,0.0,0.0,1
1,[],28,[],2019-05-11 22:37:49,987.9,0.01131000,0.0000008127852330000001,7617289,2019-05-11 22:37:49,btc,0.160832048,356107.8798,0.01131000,btc,8.7307,0.0,0.024551096,1
0,[],2,[],2019-01-20 23:28:45,0.0,0,0,6477011,2019-01-20 23:28:45,,0.0,0.0,0,,0.0,0.0,0.0,1
1,[],3,[],2019-05-11 22:34:54,32411.912445771934,0.0116335899999999992093790979197365231812000274658203125,0.000000836039801837,7617278,2019-05-11 22:34:54,btc,34.61952758024311,115.645921399,0.0116335899999999992093790979197365231812000274658203125,btc,14.52698766896,0.0,0.7403409498286075,1
1,[],4,[],2019-05-11 22:34:55,251102.02221292,0.01090000,0.0000007833208700000001,7617279,2019-05-11 22:34:55,btc,8.825265567609256,0.0,0.01090000,btc,393.1346323,4.05065073,0.3555188539633812,1
1,[],5,[],2019-05-11 22:37:50,0.0,0,0,7617290,2019-05-11 22:37:50,btc,0.0,0.00034758,0,btc,0.0,0.0,0.0,2
0,[],22,[],2019-05-11 22:37:53,0.0,0,0,7617291,2019-05-11 22:37:53,,0.0,0.0,0,,0.0,0.0,0.0,2
1,[],5,[],2019-05-11 22:37:55,0.0,0,0,7617292,2019-05-11 22:37:55,btc,0.0,0.08894802,0,btc,0.0,0.0,0.0,3
1,[],12,[],2019-05-11 22:37:56,3296003.44146643,0.000000144,0.000000000010348459200000001,7617293,2019-05-11 22:37:56,btc,2714597.2774995016,0.0,0.000000144,btc,3311708.22494635,0.3107644894088417,0.3572495294907459,3
0,[],28,[],2019-05-11 22:37:58,0.0,0,0,7617294,2019-05-11 22:37:58,,0.0,0.0,0,,0.0,0.0,0.0,3
0,[],2,[],2019-01-20 23:31:32,0.0,0,0,6477077,2019-01-20 23:31:32,,0.0,0.0,0,,0.0,0.0,0.0,4
1,[],4,[],2019-04-26 19:14:12,610911.70993152,0.00000026,0.000000000013566046,7471614,2019-04-26 19:14:12,btc,31.457742656463164,0.0,0.00000026,btc,718733.71307795,0.00142695,0.0638464483338706,4
0,[],12,[],2019-04-25 23:08:22,0.0,0,0,7459310,2019-04-25 23:08:22,btc,1111851.94727753,0.0,0,btc,953412.0,0.0,0.0,5
1,[],11,[],2019-05-11 22:38:00,5042415.307535999,0.00000001,0.0000000000007186430000000001,7617295,2019-05-11 22:38:00,btc,9576.518911699495,10000.0,0.00000001,btc,47478529.75253575,0.0,0.05042415307536,6
0,[],2,[],2019-01-20 23:31:51,0.0,0,0,6477087,2019-01-20 23:31:51,,0.0,0.0,0,,0.0,0.0,0.0,6
1,[],3,[],2019-05-11 22:38:01,11174.48356055774,0.0001397600000000000035858815916611774810007773339748382568359375,0.000000010043754568,7617296,2019-05-11 22:38:01,btc,14.361879316767087,72.2557011207,0.0001397600000000000035858815916611774810007773339748382568359375,btc,346.225549964109,0.0,0.03920660516535112,7
1,[],4,[],2019-05-11 22:38:02,55137.14837803,0.00013378,0.000000009614006054000001,7617297,2019-05-11 22:38:02,btc,8.123191975980957,0.0,0.00013378,btc,36332.4379307,4.34717858,3.6069469019569405,7
1,[],5,[],2019-05-11 22:38:05,0.0,0,0,7617298,2019-05-11 22:38:05,btc,0.0,0.42809746,0,btc,0.0,0.0,0.0,7
1,[],20,[],2019-04-07 22:06:50,3201475.0482,0.000000001,0.000000000000051590000000000004,7213932,2019-04-07 22:06:50,btc,30.8005781811902,0.0,0.000000001,btc,23077405.3926,0.0,0.0032014750482,8
1,[],4,[],2019-05-11 22:38:09,23552172.89027813,0.00000065,0.000000000046711795,7617299,2019-05-11 22:38:09,btc,4.36672052816245,0.0,0.00000065,btc,3375537.92069081,1.02844194,0.729032446548076,9
1,[],28,[],2019-05-11 22:38:11,18055.0,0.00000021,0.000000000015091503,7617300,2019-05-11 22:38:11,btc,2708.775233808764,3508066.0,0.00000021,btc,25766.3492,0.0,0.00186155,9
0,[],2,[],2019-01-20 23:22:42,0.0,0,0,6476876,2019-01-20 23:22:42,,0.0,0.0,0,,0.0,0.0,0.0,9
0,[],23,[],2019-01-20 23:22:48,0.0,0,0,6476878,2019-01-20 23:22:48,,0.0,0.0,0,,0.0,0.0,0.0,9
1,[],1,[],2019-02-17 23:31:42,1822507.21,0.00000181000000000000003456111265232042484285557293333113193511962890625,0.000000000066086901,6701244,2019-02-17 23:31:42,btc,3.6990969245,17153386.5,0.00000181000000000000003456111265232042484285557293333113193511962890625,btc,1997391.71,31.11772986,3.2610482446,9
1,[],4,[],2019-02-17 11:22:43,4341674.27126056,0.00000002,0.0000000000007272960000000001,6696112,2019-02-17 11:22:43,btc,0.1997230937751353,0.0,0.00000002,btc,4109766.79808031,0.00215132,0.0479381022052112,10
1,[],4,[],2019-05-11 22:38:12,9963586.29741934,0.00000079,0.000000000056772797,7617301,2019-05-11 22:38:12,btc,6.508215702081845,0.0,0.00000079,btc,4637243.86432872,0.99757,4.222091279269528,12
1,[],5,[],2019-05-11 22:38:14,0.0,0,0,7617302,2019-05-11 22:38:14,btc,0.0,0.09762704,0,btc,0.0,0.0,0.0,12
0.0,[],25,[],2019-05-11 22:38:15,0.0,0,0,7617303,2019-05-11 22:38:15,,0.0,0.0,0.0,btc,0.0,0.0,0.0,12
0,[],2,[],2019-01-20 23:23:08,0.0,0,0,6476890,2019-01-20 23:23:08,,0.0,0.0,0,,0.0,0.0,0.0,12
1,[],4,[],2019-05-11 22:38:16,32200138.62933948,0.00000610,0.00000000043837223,7617304,2019-05-11 22:38:16,btc,2.329189892735658,0.0,0.00000610,btc,283128.91332574,1.18873617,1.1983763417901987,13
1,[],21,[],2019-05-11 22:38:20,2984363.73998243,0.000006039999999999999769030242791,0.00000000043406037200000003,7617305,2019-05-11 22:38:20,btc,3.0226819263738385,1600707.68098434,0.00000603999999999999976903024279106801941452431492507457733154296875,btc,440696.68426849,9.76945674,16.02911297884991,13
1,[],10,[],2019-05-11 20:02:18,704121.14730092,0.00000596,0.00000000041184970799999994,7616905,2019-05-11 20:02:18,btc,666793.5884570029,23081.8067273,0.00000596,btc,730209.10701226,0.0,0.5071980303328028,13
1,[],4,[],2019-05-11 22:38:21,1011148.74292,0.00000084,0.000000000060366012,7617306,2019-05-11 22:38:21,btc,8.120779563794972,0.0,0.00000084,btc,1264767.89979107,0.01940279,0.1695506078391828,14
1,[],12,[],2019-05-11 22:38:22,249148.57688699,0.00000085,0.000000000061084655,7617307,2019-05-11 22:38:22,btc,0.1187516700632496,0.0,0.00000085,btc,14931.03903504,0.0,0.0244030199999809,14
1,[],26,[],2019-05-11 22:40:22,0.0,0.00000050,0.00000000003593215,7617308,2019-05-11 22:40:22,btc,0.0,0.0,0.00000050,btc,0.0,0.0,0.0,14
0,[],17,[],2019-05-03 00:53:32,0.0,0,0,7558876,2019-05-03 00:53:32,btc,0.0,0.0,0,btc,0.0,0.0,0.0,14
0,[],4,[],2019-05-11 22:40:23,0.0,0,0,7617309,2019-05-11 22:40:23,,0.0,0.0,0,,0.0,0.0,0.0,15
,[],12,[],2018-12-01 15:15:48,204241.84496,0.00000489,0.000000000202473384,5260204,2018-12-01 15:15:48,btc,49.5475654835,0.0,,btc,35763.2193806,0.0163153972027625,0.0203389899998,15
1,[],4,[],2019-05-11 22:40:25,32098.45559451,0.00001230,0.0000000008839308900000001,7617310,2019-05-11 22:40:25,btc,1.1007123732451802,0.0,0.00001230,btc,13646.91791608,0.11051195,0.0598348063339637,18
1,[],10,[],2019-05-11 22:40:27,334105.80514765,0.00001498,0.0000000010765272140000002,7617311,2019-05-11 22:40:27,btc,15.409051604542404,2712.81614808,0.00001498,btc,9963.70135075,0.0,0.5009176251749989,18
1,[],12,[],2019-05-11 22:40:28,221510.05805834,0.000013950000000000000268708666428807418924407102167606353759765625,0.000000001002506985,7617312,2019-05-11 22:40:28,btc,33215.32804619767,0.0,0.000013950000000000000268708666428807418924407102167606353759765625,btc,1789.33301017,0.0042314877368591,0.0171887015813227,18
0,[],2,[],2019-01-20 23:23:38,0.0,0,0,6476906,2019-01-20 23:23:38,,0.0,0.0,0,,0.0,0.0,0.0,18
0,[],17,[],2019-05-03 00:53:39,0.0,0,0,7558882,2019-05-03 00:53:39,btc,0.0,0.0,0,btc,0.0,0.0,0.0,18
1,[],3,[],2019-05-11 22:42:29,163793.22258609778,0.0000128900000000000002531481968492954592875321395695209503173828125,0.0000000009263308270000001,7617313,2019-05-11 22:42:29,btc,0.2563274297804483,877.526669329,0.0000128900000000000002531481968492954592875321395695209503173828125,btc,7252.566877867577,0.0,0.10252574397314503,19
1,[],4,[],2019-05-11 22:42:29,409052.84472861,0.00001311,0.000000000942140973,7617314,2019-05-11 22:42:29,btc,3.4464536020311685,0.0,0.00001311,btc,114012.59090216,0.26206903,0.6537750685526178,19
1,[],5,[],2019-05-11 22:42:31,0.0,0,0,7617315,2019-05-11 22:42:31,btc,0.0,0.00066658,0,btc,0.0,0.0,0.0,19
1,[],12,[],2019-05-11 22:42:32,207321.20955563,0.000012239999999999999700226772925137908032411360181868076324462890625,0.000000000879619032,7617316,2019-05-11 22:42:32,btc,0.29739592687857197,0.0,0.000012239999999999999700226772925137908032411360181868076324462890625,btc,2901.57901296,0.0001224,0.082029089999783,19
1,[],27,[],2019-05-11 22:42:39,100.0,0.0000001,0.0000000000071864300000000005,7617317,2019-05-11 22:42:39,btc,0.0,0.0,0.0000001,btc,0.0,0.0,1e-05,19
0,[],2,[],2019-01-20 23:24:19,0.0,0,0,6476924,2019-01-20 23:24:19,,0.0,0.0,0,,0.0,0.0,0.0,19
1,[],4,[],2019-05-11 22:42:40,1835078.57391266,0.00000009,0.000000000006467787,7617318,2019-05-11 22:42:40,btc,5.279309685630553,0.0,0.00000009,btc,2279170.28595418,0.0,0.0608465352282092,20
1,[],4,[],2019-05-11 22:42:41,73319152.80551691,0.00000001,0.0000000000007186430000000001,7617319,2019-05-11 22:42:41,btc,1831.8827586720074,0.0,0.00000001,btc,55179405.04778949,0.00022487,0.7331915280551692,21
1,[],12,[],2019-05-11 22:42:41,5195602.0,0.00000001,0.0000000000007186430000000001,7617320,2019-05-11 22:42:41,btc,2895.661719010819,0.0,0.00000001,btc,7235925.79820176,0.00017748,0.05195602,21
0,[],17,[],2019-05-03 00:53:51,0.0,0,0,7558891,2019-05-03 00:53:51,btc,0.0,0.0,0,btc,0.0,0.0,0.0,21
1,[],12,[],2019-05-11 22:44:42,7785275853.296512,0.0000000005,0.00000000000003593215,7617321,2019-05-11 22:44:42,btc,311121829959.70123,0.0,0.0000000005,btc,2618650509.4849195,0.13967117677472535,1.8252933505482558,23
0.0000000002775625,[],27,[],2019-05-11 22:44:51,15284978.0,5.5512500000000004e-18,3.9893669537500003e-22,7617322,2019-05-11 22:44:51,eth,184.013745279652,714187872.542,0.00000002,eth,5456507.2284,3.964635427215625e-09,5.20021892675e-11,23
1,[],4,[],2019-05-11 22:44:52,745306.98631601,0.00000030,0.00000000002155929,7617323,2019-05-11 22:44:52,btc,13.907227360149461,0.0,0.00000030,btc,2068110.63294104,0.02808232,0.043278330889601,24
1,[],22,[],2019-05-11 22:44:55,21.76,0.00000100,0.0000000000718643,7617324,2019-05-11 22:44:55,BTC,7.415e-05,0.0,0.00000100,BTC,23.919354838709676,0.0,1.186e-05,24
0.0,[],25,[],2019-05-11 22:44:56,0.0,0,0,7617325,2019-05-11 22:44:56,,0.0,0.0,0.0,btc,0.0,0.0,0.0,24
1,[],4,[],2019-05-11 22:44:58,26998630.65490157,0.00000429,0.000000000308297847,7617326,2019-05-11 22:44:58,btc,11.301151873923816,0.0,0.00000429,btc,330107.27430791,0.06930554,0.4973268434216856,26
1,[],10,[],2019-05-11 22:45:00,158531.32050973,0.00000802,0.000000000576351686,7617327,2019-05-11 22:45:00,btc,25.84477569190244,3581.69515472,0.00000802,btc,19849.69690304,0.0,0.0654956684863345,26
0,[],2,[],2019-01-20 23:25:56,0.0,0,0,6476976,2019-01-20 23:25:56,,0.0,0.0,0,,0.0,0.0,0.0,26
1,[],11,[],2019-04-30 04:16:17,7094566.83690364,0.00000006,0.000000000003115554,7518027,2019-04-30 04:16:17,btc,67504.138725751,6116.07566417,0.00000006,btc,6591680.7351637,0.0,0.38529422037817224,27
1,[],5,[],2019-04-26 09:47:06,0.0,0,0,7465326,2019-04-26 09:47:06,btc,0.0,0.0,0,btc,0.0,0.0,0.0,27
1,[],3,[],2019-04-28 02:38:55,141621.60361514,0.00000001,0.0000000000005253330000000001,7491060,2019-04-28 02:38:55,btc,2.501704004580372,921815.184511,0.00000001,btc,21091882.2176418,0.0,0.0014162160361513999,27
1,[],4,[],2019-05-11 22:45:01,1462500789.6181386,0.00000001,0.0000000000007186430000000001,7617328,2019-05-11 22:45:01,btc,5.109773944735167,0.0,0.00000001,"btc,ltc",309458332.51000804,0.07871958,9.614492160092567,29
1,[],7,[],2019-05-11 22:45:02,113385941.7229273,0.00000001,0.0000000000007186430000000001,7617329,2019-05-11 22:45:02,btc,46550610.5642752,0.0,0.00000001,btc,43199036.32242329,0.0,1.133859417229273,29
1,[],4,[],2019-05-11 22:45:03,1567401.16000815,0.00000011,0.000000000007905073000000001,7617330,2019-05-11 22:45:03,btc,2.5845436016638264,0.0,0.00000011,btc,2063128.84218893,0.00012954,0.0383575571522799,30
0,[],17,[],2019-05-03 01:11:25,0.0,0,0,7559066,2019-05-03 01:11:25,btc,0.0,0.0,0,btc,0.0,0.0,0.0,30
1,[],4,[],2019-05-11 22:47:04,174055.83125712,0.00005201,0.000000003737662243000001,7617331,2019-05-11 22:47:04,btc,6.188490528039287,0.0,0.00005201,btc,60019.0880356,1.21641185,0.8237056990218501,31
1,[],21,[],2019-05-11 22:47:05,72964.16335244,0.00005181000000000000031306554571,0.0000000037232893830000004,7617332,2019-05-11 22:47:05,btc,8.230345840815835,343794.33674461,0.0000518100000000000003130655457095343763285200111567974090576171875,btc,148416.57049453,18.83072774,3.4631102806689458,31
0,[],2,[],2019-01-20 23:28:43,0.0,0,0,6477009,2019-01-20 23:28:43,,0.0,0.0,0,,0.0,0.0,0.0,32
0,[],4,[],2019-05-11 22:47:06,0.0,0,0,7617333,2019-05-11 22:47:06,,0.0,0.0,0,,0.0,0.0,0.0,33
1,[],12,[],2019-03-30 07:55:10,40641173.964,0.00000003,0.000000000001228359,7108785,2019-03-30 07:55:10,btc,4233210.82356125,0.0,0.00000003,btc,28378394.68333462,0.0126927883965248,0.90752895892,33
0,[],4,[],2019-05-11 22:47:09,0.0,0,0,7617334,2019-05-11 22:47:09,,3.131946349957339,0.0,0,,138644960.83807293,0.01505719,0.0,34
1,[],5,[],2019-05-11 22:47:13,0.0,0,0,7617335,2019-05-11 22:47:13,btc,0.0,0.00430171,0,btc,0.0,0.0,0.0,34
0.000000000133684,[],4,[],2019-05-02 18:17:45,3384239970.6360936,1.3368400000000002e-18,7.293946092400001e-23,7556428,2019-05-02 18:17:45,ltc,5.381102735485169e-08,0.0,0.00000001,ltc,6862894551.7408495,0.0,4.524187362345155e-09,36
1,[],5,[],2019-05-02 18:17:46,0.0,0,0,7556429,2019-05-02 18:17:46,btc,0.0,0.0,0,btc,0.0,0.0,0.0,36
0.0000000002926451,[],17,[],2019-05-02 18:17:47,200000.0,2.9264510000000002e-18,1.596703856561e-22,7556430,2019-05-02 18:17:47,eth,0.20942468735267253,0.0,0.00000001,"btc,eth",1018272.20243647,0.0,5.852902e-13,36
0.000000000133684,[],27,[],2019-05-02 18:17:55,7883196.008,1.3368400000000002e-18,7.293946092400001e-23,7556431,2019-05-02 18:17:55,ltc,25567.4086131264,0.0,0.00000001,"ltc,eth",21753551.64,0.0,1.0538571751334722e-11,36
1,[],4,[],2019-05-11 22:47:14,262316.54881372,0.00000021,0.000000000015091503,7617336,2019-05-11 22:47:14,btc,19772.87150497384,0.0,0.00000021,btc,952676.36850569,0.01240897,0.019278077352695,37
1,[],12,[],2019-05-11 22:47:16,1311243.33333332,0.00000021,0.000000000015091503,7617337,2019-05-11 22:47:16,btc,19604.33825044225,0.0,0.00000021,btc,408180.20812284,0.0384235550780898,0.1328725699999972,37
1,[],27,[],2019-05-11 22:49:22,1600.0,0.00000015,0.000000000010779645,7617338,2019-05-11 22:49:22,btc,24.12824334291843,0.0,0.00000015,btc,5839.49448498,0.0,3e-05,37
1,[],17,[],2019-05-03 01:11:36,211752.74075282,0.00000025,0.000000000013700074999999998,7559074,2019-05-03 01:11:36,btc,0.055484923955058496,0.0,0.00000025,"btc,eth",1387.19918473,0.0,0.0005381851887916605,37
1,[],5,[],2019-05-11 22:49:24,0.0,0,0,7617339,2019-05-11 22:49:24,btc,0.0,0.06935578,0,btc,0.0,0.0,0.0,42
1,[],12,[],2019-05-11 22:49:25,358581.07302545,0.000003000000000000000076002572291233860823922441340982913970947265625,0.00000000021559290000000002,7617340,2019-05-11 22:49:25,btc,2227607.637943965,0.0,0.000003000000000000000076002572291233860823922441340982913970947265625,btc,71086.31382703,0.4297590872733611,0.0836221998029766,42
1,[],27,[],2019-05-11 22:49:31,506.0,0.00000002,0.0000000000014372860000000001,7617341,2019-05-11 22:49:31,btc,1.22636089793465,0.0,0.00000002,"btc,eth",1336.4475157,0.0,3.000000431776225e-06,42
1,[],12,[],2019-03-13 09:13:29,1112112.0,0.00000001,0.000000000000386531,6919902,2019-03-13 09:13:29,btc,29058.00478931866,0.0,0.00000001,btc,5967681.93306694,9.99000999e-07,0.01112112,43
1,[],5,[],2019-04-26 22:38:52,0.0,0,0,7474154,2019-04-26 22:38:52,btc,0.0,0.02638891,0,btc,0.0,0.0,0.0,43
0,[],17,[],2019-04-26 22:38:53,0.0,0,0,7474155,2019-04-26 22:38:53,btc,0.0,0.0,0,btc,0.0,0.0,0.0,43
1,[],12,[],2019-03-05 01:54:08,639326.02,0.00000004,0.000000000001486676,6845775,2019-03-05 01:54:08,btc,11116042.728239931,0.0,0.00000004,btc,1103841.4595604,0.0003330765234764,0.014975410599999999,44
1,[],4,[],2019-05-11 22:49:32,130105357.71668,0.00000001,0.0000000000007186430000000001,7617342,2019-05-11 22:49:32,btc,436.82523411319494,0.0,0.00000001,"btc,ltc",23049031.09584506,0.00119067,0.27256830682729005,49
1,[],4,[],2019-05-11 22:49:33,75549384.61543706,0.00000001,0.0000000000007186430000000001,7617343,2019-05-11 22:49:33,btc,21662.48268882406,0.0,0.00000001,"btc,ltc",107200506.49337259,0.07017332,0.03488379366516996,52
0,[],22,[],2019-05-11 22:49:35,0.0,0,0,7617344,2019-05-11 22:49:35,,10289.64343849,0.0,0,,311140042.4566013,0.0,0.0,57
0,[],27,[],2019-05-11 22:49:42,0.0,0,0,7617345,2019-05-11 22:49:42,,0.0,0.0,0,"btc,eth",0.0,0.0,0.0,57
0.0000000001288568,[],4,[],2019-05-11 22:49:43,1049369965.9406304,1.288568e-18,9.26020373224e-23,7617346,2019-05-11 22:49:43,ltc,19.11026332145753,0.0,0.00000001,ltc,6047914786.257433,0.0,1.3521845582721864e-09,58
1,[],12,[],2019-05-11 22:49:44,1507831467.0,0.0000000001,0.000000000000007186430000000001,7617347,2019-05-11 22:49:44,btc,120199320.24942856,0.0,0.0000000001,btc,4534498900.212796,0.00840066512087912,0.1507831467,58
0.0000000001108084,[],22,[],2019-05-11 22:51:48,137323.0,1.108084e-18,7.96316810012e-23,7617348,2019-05-11 22:51:48,XMR,69.17947824,0.0,0.00000001,XMR,9887848.044444444,0.0,0.00137323,58
1,[],17,[],2019-05-03 01:12:09,1200000.0,0.0000000001,0.00000000000000548003,7559085,2019-05-03 01:12:09,btc,1e+24,0.0,0.0000000001,"btc,eth",39516342.31952568,0.0,0.00010000000058666061,58
1,[],5,[],2019-05-11 22:51:49,0.0,0,0,7617349,2019-05-11 22:51:49,btc,0.0,0.06520687,0,btc,0.0,0.0,0.0,61
1,[],22,[],2019-05-11 22:51:52,13613.833333333334,0.00000012,0.000000000008623716000000001,7617350,2019-05-11 22:51:52,BTC,1002.29626883,0.0,0.00000012,BTC,15392.180177125656,0.0,0.00153269,61
1,[],26,[],2019-05-11 22:51:52,0.0,0.00000050,0.00000000003593215,7617351,2019-05-11 22:51:52,btc,0.0,0.0,0.00000050,btc,0.0,0.0,0.0,61
0.0000000002775625,[],27,[],2019-05-11 22:52:13,100000.0,2.7756250000000002e-18,1.9946834768750002e-22,7617352,2019-05-11 22:52:13,eth,1.9482732497246655,0.0,0.00000001,"btc,eth",13266.51663696,0.0,2.775625e-13,61
1,[],28,[],2019-05-11 22:52:15,1039.304,0.00000008,0.0000000000057491440000000006,7617353,2019-05-11 22:52:15,btc,2.056501795415105,777.0,0.00000008,btc,10022.46650005,0.0,2.439304e-05,61
1,[],4,[],2019-05-11 22:52:16,1206439.77936977,0.00000099,0.000000000071145657,7617354,2019-05-11 22:52:16,btc,2.1515819003938974,0.0,0.00000099,btc,710896.12809269,0.07595919,0.7852431361544995,67
0.0,[],25,[],2019-05-11 22:52:18,0.0,0,0,7617355,2019-05-11 22:52:18,,0.0,0.0,0.0,btc,0.0,0.0,0.0,67
1,[],12,[],2019-05-11 22:52:19,1438889.0,0.0000001,0.0000000000071864300000000005,7617356,2019-05-11 22:52:19,btc,55556353.36003426,0.0,0.0000001,btc,1529095.72929508,0.0005342987612395,0.02189546,71
,[],5,[],2018-11-20 23:02:39,1.5e-07,0.00000005,0.000000000002128045,4862160,2018-11-20 23:02:39,btc,2.84511358,0.0,,btc,0.00036572,0.0,0.07381892,74
1,[],5,[],2019-05-11 22:52:20,0.0,0,0,7617357,2019-05-11 22:52:20,btc,0.0,0.01005161,0,btc,0.0,0.0,0.0,75
0,[],4,[],2019-05-11 22:52:21,0.0,0,0,7617358,2019-05-11 22:52:21,,133647.3445887475,0.0,0,,34200062.02546142,0.00136741,0.0,81
0,[],20,[],2019-01-25 09:30:31,0.0,0,0,6495923,2019-01-25 09:30:31,btc,0.0,0.0,0,btc,0.0,0.0,0.0,81
1,[],4,[],2019-05-11 22:17:08,27248.97176889,0.00006808,0.000000004765538728,7617206,2019-05-11 22:17:08,btc,18.836147297451568,0.0,0.00006808,btc,29485.18270303,0.79421588,0.2878780045714227,82
1,[],21,[],2019-05-11 22:17:08,248960.690447,0.00006451000000000000407941042058,0.000000004515641941,7617207,2019-05-11 22:17:08,btc,2.874759601181298,7764.99748441,0.000064510000000000004079410420576579099360969848930835723876953125,btc,37493.99654056,0.50667584,1.4272132283377077,82
0,[],17,[],2019-03-25 22:42:34,0.0,0,0,7038780,2019-03-25 22:42:34,btc,0.0445064681804024,0.0,0,btc,995513.18476001,0.0,0.0,84
0.00000000013644,[],4,[],2019-05-01 19:17:39,299701867.376,1.3644e-18,7.259508504e-23,7542161,2019-05-01 19:17:39,ltc,1.6769037726995486,0.0,0.00000001,ltc,427823536.87452894,0.00010978,4.089132278478144e-10,85
,[],22,[],2018-11-20 23:09:34,3408.1,0.0000001,0.0000000000041895,4862324,2018-11-20 23:09:34,BTC,0.04624735,0.0,,BTC,4990.0,0.0,0.00033081,86
1,[],22,[],2019-05-11 22:52:25,85999.0,0.00000001,0.0000000000007186430000000001,7617359,2019-05-11 22:52:25,BTC,3.66445213,0.0,0.00000001,BTC,336978.29736842104,4e-05,0.00085999,87
1,[],27,[],2019-05-11 22:52:36,10674.0,0.00000001,0.0000000000007186430000000001,7617360,2019-05-11 22:52:36,btc,4.960708560736,0.0,0.00000001,btc,10217.62841,0.0,0.00010674,87
,[],2,[],2018-11-20 23:10:47,0.0,0,0,4862359,2018-11-20 23:10:47,,0.0,0.0,,,0.0,0.0,0.0,88
1,[],11,[],2019-05-11 22:52:38,78015.44131062,0.00013699999999999999612983192509574337236699648201465606689453125,0.0000000098454091,7617361,2019-05-11 22:52:38,btc,176.8637268646771,4892.29129458,0.00013699999999999999612983192509574337236699648201465606689453125,btc,191118.06897584,0.0,4.452232731159927,89
0,[],2,[],2019-01-20 23:31:45,0.0,0,0,6477083,2019-01-20 23:31:45,,0.0,0.0,0,,0.0,0.0,0.0,91
0,[],17,[],2019-05-03 01:12:26,0.0,0,0,7559096,2019-05-03 01:12:26,btc,0.0,0.0,0,btc,0.0,0.0,0.0,91
1,[],12,[],2019-05-11 22:17:22,483847.64540613,0.00000026,0.000000000018199766,7617211,2019-05-11 22:17:22,btc,89.8613633178353,0.0,0.00000026,btc,195799.85702958,0.0205030761558699,0.0465478872722613,91
1,[],22,[],2019-05-11 22:19:25,76014.0,0.0000008,0.00000000005599928,7617212,2019-05-11 22:19:25,BTC,0.1,0.0,0.0000008,"BTC,LTC",1.0,0.0,0.0017135,91
1,[],22,[],2019-04-09 20:17:52,374949.73333333334,0.00000015,0.000000000007771935,7235704,2019-04-09 20:17:52,BTC,6.87372503,0.0,0.00000015,"BTC,LTC",159980.01196797504,1.1e-05,0.80510266,95
0.0000000001288568,[],4,[],2019-05-11 22:52:39,548203643.076088,7.731408e-17,5.556122239344e-21,7617362,2019-05-11 22:52:39,ltc,11.303507833849132,0.0,0.0000006,ltc,136767760.6574925,0.0,1.4347562675889253e-09,96
0,[],12,[],2019-05-11 22:52:41,0.0,0,0,7617363,2019-05-11 22:52:41,btc,25054.270818746474,0.0,0,btc,7546805.46658341,2.3576423576e-06,0.0,96
0,[],17,[],2019-05-03 01:12:32,0.0,0,0,7559100,2019-05-03 01:12:32,btc,0.0,0.0,0,btc,0.0,0.0,0.0,96
1,[],4,[],2019-04-14 03:32:46,1039404.33283278,0.00000038,0.000000000019245518,7293458,2019-04-14 03:32:46,btc,4.170086055365747,0.0,0.00000038,btc,3097704.34561074,0.06260606,0.1859928211030784,99
1,[],4,[],2019-05-11 22:54:41,404280.99056222,0.00003372,0.000000002423264196,7617364,2019-05-11 22:54:41,btc,6.999105823687627,0.0,0.00003372,btc,119964.42978212,0.54444394,0.43248361839319,100
0,[],2,[],2019-01-20 23:23:55,0.0,0,0,6476914,2019-01-20 23:23:55,,0.0,0.0,0,,0.0,0.0,0.0,100
1,[],22,[],2019-05-11 22:54:45,130000.0,0.00000001,0.0000000000007186430000000001,7617365,2019-05-11 22:54:45,BTC,24.83526409,0.0,0.00000001,BTC,11187.719,0.0,0.0013,101
1,[],4,[],2019-05-11 22:54:46,636605.60104535,0.00000540,0.00000000038806722,7617366,2019-05-11 22:54:46,btc,254.38420605995762,0.0,0.00000540,btc,365996.79872814,1.72728578,0.8524435985092076,103
1,[],12,[],2019-05-11 22:54:50,101749984.76392001,0.000000005,0.00000000000035932150000000004,7617367,2019-05-11 22:54:50,btc,468525272.7540946,0.0,0.000000005,btc,109917254.12014441,0.05189683495795744,0.24757945396776007,105
0,[],27,[],2019-05-11 22:54:57,0.0,0,0,7617368,2019-05-11 22:54:57,,0.0584885651331397,0.0,0,btc,600596.63747933,0.0,0.0,105
1,[],22,[],2019-04-21 00:17:26,21333.0,0.00000001,0.000000000000532493,7385819,2019-04-21 00:17:26,BTC,51.38182867,0.0,0.00000001,BTC,470435.0,0.0,0.00021333,107
1,[],26,[],2019-04-21 00:17:26,0.0,0.00000000,0,7385820,2019-04-21 00:17:26,btc,0.0,0.0,0.00000000,btc,0.0,0.0,0.0,107
1,[],5,[],2019-05-11 22:54:58,0.0,0,0,7617369,2019-05-11 22:54:58,btc,0.0,0.00144267,0,btc,0.0,0.0,0.0,112
1,[],22,[],2019-05-11 22:55:01,79003.0,0.00000001,0.0000000000007186430000000001,7617370,2019-05-11 22:55:01,BTC,2.78774668,0.0,0.00000001,BTC,1151913.0833333333,0.00229029,0.00079003,112
1,[],27,[],2019-05-11 22:55:13,1.0,0.00000001,0.0000000000007186430000000001,7617371,2019-05-11 22:55:13,btc,1.25032588,0.0,0.00000001,"btc,eth",1819.0,0.0,1e-08,112
1,[],4,[],2019-05-11 22:55:15,363672.0525907,0.00000153,0.000000000109952379,7617372,2019-05-11 22:55:15,btc,4.853824864726738,0.0,0.00000153,btc,522908.32217487,0.01220428,0.2019211940034416,113
1,[],5,[],2019-05-11 22:55:16,0.0,0,0,7617373,2019-05-11 22:55:16,btc,0.0,0.00068935,0,btc,0.0,0.0,0.0,113
1,[],17,[],2019-04-26 02:17:47,162738.278,0.00000004,0.0000000000021069000000000002,7461287,2019-04-26 02:17:47,btc,1.3331140273775473,0.0,0.00000004,btc,51796.221,0.0,0.00230953112,116
0,[],27,[],2019-04-26 02:19:51,0.0,0,0,7461288,2019-04-26 02:19:51,,0.0,0.0,0,,0.0,0.0,0.0,116
1,[],4,[],2019-05-07 20:09:28,131822.85721655,0.00001022,0.00000000060230548,7572994,2019-05-07 20:09:28,btc,132.18460413545117,0.0,0.00001022,btc,268070.13193351,0.06918336,1.0489745103085106,120
1,[],7,[],2019-05-07 20:09:30,9501.79941055,0.000011699999999999999788190263583231853772304020822048187255859375,0.0000000006895277999999999,7572995,2019-05-07 20:09:30,btc,231185.88817567716,62.23644451,0.000011699999999999999788190263583231853772304020822048187255859375,btc,4076.97424313,0.00072692,0.018013380795019,120
1,[],20,[],2019-04-07 18:42:29,1914137.0852,0.000000035,0.0000000000017871910000000002,7211992,2019-04-07 18:42:29,btc,32.2497668025648,25528.85,0.000000035,btc,1001975.4986,0.00089350975,0.0152723574729,125
1,[],22,[],2019-05-11 22:55:20,10000.0,0.00000001,0.0000000000007186430000000001,7617374,2019-05-11 22:55:20,BTC,0.032061,0.0,0.00000001,BTC,299316.7611111111,0.0,0.0001,126
1,[],4,[],2019-05-11 22:55:21,1852792.55129627,0.00000685,0.0000000004922704550000001,7617375,2019-05-11 22:55:21,btc,3.3659013661175083,0.0,0.00000685,btc,168832.30817099,0.10900016,0.3276336828628686,131
0,[],2,[],2019-01-20 23:25:46,0.0,0,0,6476969,2019-01-20 23:25:46,,0.0,0.0,0,,0.0,0.0,0.0,131
1,[],17,[],2019-05-03 01:13:10,10000.0,0.00000001,0.000000000000548003,7559115,2019-05-03 01:13:10,btc,0.0953976503951408,0.0,0.00000001,btc,5037.62507334,0.0,0.0001,131
1,[],4,[],2019-05-11 22:57:21,4711.82704835,0.00010321,0.000000007417114403000001,7617376,2019-05-11 22:57:21,btc,6.011839234540249,0.0,0.00010321,btc,195.61424306,0.0005214,0.0073217379532689,135
1,[],3,[],2019-05-11 22:24:07,32605.0,0.00000001,0.000000000000699991,7617228,2019-05-11 22:24:07,btc,0.2039354059486088,747016.391393,0.00000001,btc,1718704.31412391,0.0,0.00032605,136
1,[],4,[],2019-05-11 22:24:08,2395817.04240039,0.00000186,0.000000000130198326,7617229,2019-05-11 22:24:08,btc,318.4552310958859,0.0,0.00000186,btc,529700.33694771,0.23767438,0.5834739226230387,137
1,[],12,[],2019-05-11 22:24:10,325025.18112694,0.0000018500000000000000751026844880708921436962555162608623504638671875,0.000000000129498335,7617230,2019-05-11 22:24:10,btc,48531.24234320197,0.0,0.0000018500000000000000751026844880708921436962555162608623504638671875,btc,41733.39122142,1.95e-06,0.0244126357271125,137
1,[],4,[],2019-05-11 22:57:22,58900.06937703,0.00002859,0.000000002054600337,7617377,2019-05-11 22:57:22,btc,5.21400026759295,0.0,0.00002859,btc,74010.88110335,0.27860634,0.2912333901615474,142
1,[],5,[],2019-05-11 22:57:23,0.0,0,0,7617378,2019-05-11 22:57:23,btc,0.0,0.06680241,0,btc,0.0,0.0,0.0,142
1,[],20,[],2019-05-11 22:59:25,162653.4114,0.00002857,0.0000000020531630510000003,7617379,2019-05-11 22:59:25,btc,1.7236229171784,362.3535,0.00002857,btc,8546.1706,0.011777018421,0.045931161606,142
1,[],22,[],2019-05-11 22:59:28,1370.0,0.00000200,0.0000000001437286,7617380,2019-05-11 22:59:28,BTC,3.2756588,0.0,0.00000200,BTC,1135.5948275773155,0.0,0.0003632,142
0.0,[],25,[],2019-05-11 22:59:30,0.0,0,0,7617381,2019-05-11 22:59:30,,0.0,0.0,0.0,btc,0.0,0.0,0.0,142
1,[],28,[],2019-05-11 22:59:31,79102.0,0.00003311,0.0000000023794269730000003,7617382,2019-05-11 22:59:31,btc,0.0555251924,242340.6893,0.00003311,btc,438.37303,0.0,0.07347342,142
1,[],17,[],2019-05-03 01:13:16,32967.38636364,0.00000088,0.000000000048224264,7559122,2019-05-03 01:13:16,btc,20.06976206696776,0.0,0.00000088,btc,2746.079105,0.0,0.0105613000000032,142
0,[],22,[],2019-05-11 22:27:02,0.0,0,0,7617237,2019-05-11 22:27:02,,64.16505383,0.0,0,,688775795.8,0.0,0.0,143
0,[],22,[],2019-02-25 15:42:22,0.0,0,0,6783783,2019-02-25 15:42:22,,4.2131946,0.0,0,,2322156.0,0.0,0.0,146
,[],22,[],2018-11-20 23:01:11,0.0,0,0,4862114,2018-11-20 23:01:11,,2.56807021,0.0,,,61828.4988236,0.0,0.0,147
1,[],12,[],2019-04-21 06:38:04,193091.5971266,0.00000071,0.000000000037635183,7388679,2019-04-21 06:38:04,btc,2.301232411611175,0.0,0.00000071,btc,9957.48302385,0.00023528,0.0313308199999888,148
1,[],4,[],2019-03-19 21:31:25,255810.0415942,0.00000029,0.000000000011615747,6982695,2019-03-19 21:31:25,btc,218.94922712414143,0.0,0.00000029,btc,793529.37642722,0.00117,0.0608347789473395,152
0,[],22,[],2019-03-19 21:31:27,0.0,0,0,6982696,2019-03-19 21:31:27,,0.0,0.0,0,,0.0,0.0,0.0,152
1,[],5,[],2019-04-26 09:36:59,0.0,0,0,7465040,2019-04-26 09:36:59,btc,0.0,0.0,0,btc,0.0,0.0,0.0,153
,[],16,[],2019-01-11 15:38:59,0.0,0,0,6366141,2019-01-11 15:38:59,btc,0.0,0.0,,btc,0.0,0.0,0.0,155
0,[],22,[],2019-05-11 16:24:45,0.0,0,0,7616280,2019-05-11 16:24:45,,6.80191271,0.0,0,,4673448.342592592,0.0,0.0,156
0,[],23,[],2019-01-20 23:24:29,0.0,0,0,6476932,2019-01-20 23:24:29,,0.0,0.0,0,,0.0,0.0,0.0,156
1,[],22,[],2019-05-11 22:27:05,7066.0,0.00000800,0.0000000005599928,7617238,2019-05-11 22:27:05,BTC,1.79802465,0.0,0.00000800,BTC,802.6461988741639,0.0,0.00062996,157
0,[],22,[],2019-05-07 22:25:46,0.0,0,0,7574238,2019-05-07 22:25:46,,50234.60468402,0.0,0,,54786159.03179465,0.0,0.0,158
,[],17,[],2018-11-20 22:56:10,0.0,0,0,4861976,2018-11-20 22:56:10,btc,1.1265625,0.0,,btc,1000.0,0.0,0.0,159
,[],20,[],2018-11-20 22:56:12,0.0,0,0,4861977,2018-11-20 22:56:12,btc,11912.7940471,0.0,,btc,34413894.3617,0.0,0.0,159
1,[],12,[],2019-05-11 22:27:06,266305.11708129,0.0000039899999999999999147361727513949603007858968339860439300537109375,0.000000000279296409,7617239,2019-05-11 22:27:06,btc,23.175134617539396,0.0,0.0000039899999999999999147361727513949603007858968339860439300537109375,btc,12626.91716398,3.591e-07,0.051043954299850196,168
1,[],17,[],2019-05-03 01:13:36,42852.0,0.00000002,0.000000000001096006,7559132,2019-05-03 01:13:36,btc,0.04279856251542,0.0,0.00000002,btc,274.46171372,0.0,0.00052852,168
1,[],22,[],2019-05-07 03:57:18,743122.0,0.00000001,0.000000000000593596,7562020,2019-05-07 03:57:18,BTC,41.40912107,0.0,0.00000001,BTC,1593401.2737547632,0.00342649,0.00743122,169
1,[],22,[],2019-05-11 22:29:09,255790.0,0.00000003,0.000000000002099973,7617240,2019-05-11 22:29:09,BTC,27.85797373,0.0,0.00000003,BTC,428427.75197766203,0.0017052,0.0037957,171
1,[],22,[],2019-05-11 22:29:13,215028.2,0.00000014,0.000000000009799874,7617241,2019-05-11 22:29:13,BTC,823.68427796,0.0,0.00000014,"BTC,LTC",693433.1983490599,0.00499557,0.01305882,173
1,[],5,[],2019-05-06 19:49:32,0.0,0,0,7559281,2019-05-06 19:49:32,btc,0.0,0.00023336,0,btc,0.0,0.0,0.0,175
1,[],22,[],2019-05-11 22:29:17,90671.0,0.00000001,0.000000000000699991,7617242,2019-05-11 22:29:17,BTC,394.35459412,0.0,0.00000001,BTC,136275.61833431243,0.0,0.00090671,176
0,[],2,[],2019-01-20 23:28:34,0.0,0,0,6477001,2019-01-20 23:28:34,,0.0,0.0,0,,0.0,0.0,0.0,178
1,[],7,[],2019-05-11 22:29:18,0.0,0,0,7617243,2019-05-11 22:29:18,btc,520274.2870788149,0.0,0,btc,27457332.23673972,0.0,0.0,178
0,[],22,[],2019-05-11 22:29:21,0.0,0,0,7617244,2019-05-11 22:29:21,,1.00242428,0.0,0,,57512.0,0.0,0.0,178
0,[],23,[],2019-01-20 23:25:08,0.0,0,0,6476952,2019-01-20 23:25:08,,0.0,0.0,0,,0.0,0.0,0.0,179
1,[],5,[],2019-05-11 22:29:23,0.0,0,0,7617245,2019-05-11 22:29:23,btc,0.0,0.05392237,0,btc,0.0,0.0,0.0,179
1,[],22,[],2019-05-11 22:29:25,3007516.0,0.00000001,0.000000000000699991,7617246,2019-05-11 22:29:25,BTC,5.33672257,0.0,0.00000001,BTC,14228815.411946677,0.0,0.03007516,179
1,[],22,[],2019-05-11 22:31:29,640915.221048321,0.00000180,0.00000000012599838,7617247,2019-05-11 22:31:29,BTC,39.23946038,0.0,0.00000180,"BTC,LTC",32508.48865463807,0.03755662,0.55530889,180
1,[],26,[],2019-05-11 22:31:29,0.0,0.00000010,0.00000000000699991,7617248,2019-05-11 22:31:29,btc,0.0,50.0,0.00000010,btc,0.0,0.0,0.0,180
1,[],17,[],2019-05-03 01:13:56,20504.725000000002,0.0000001,0.00000000000548003,7559141,2019-05-03 01:13:56,btc,5.2010695838400265,0.0,0.0000001,btc,5033.45945,0.0,0.0011504725,180
,[],7,[],2018-11-20 22:58:01,562227.975654,0.00000085,0.000000000036176765,4862015,2018-11-20 22:58:01,btc,21836.6059674,2491.87645172,,btc,749999.041456,0.00211021,0.127565380455,183
,[],5,[],2019-01-10 08:11:41,0.0,0,0,6347036,2019-01-10 08:11:41,btc,82.15055501,0.00261,,btc,1.19002445,0.0,0.0,187
1,[],24,[],2019-04-30 17:34:05,0.0,0.000000000014,7.396256000000001e-16,7526291,2019-04-30 17:34:05,btc,0.0,0.0,0.000000000014,btc,0.0,0.0,0.0,187
,[],17,[],2018-11-16 20:58:10,4062536.27273,0.00000001,0.000000000000550501,4708775,2018-11-16 20:58:10,btc,3.36492563466,0.195460381006,,"btc,eth",110697919.549,0.0,0.0157628953496,187
0,[],22,[],2019-04-25 02:54:07,0.0,0,0,7447896,2019-04-25 02:54:07,,7.54794454,0.0,0,,76361.7243344055,0.0,0.0,191
0,[],22,[],2019-05-11 22:31:35,0.0,0,0,7617249,2019-05-11 22:31:35,,0.0,0.0,0,,0.0,0.0,0.0,197
0,[],23,[],2019-01-20 23:31:41,0.0,0,0,6477079,2019-01-20 23:31:41,,0.0,0.0,0,,0.0,0.0,0.0,199
0.0000000001300512,[],22,[],2019-05-11 22:31:38,53810350.5,2.601024e-18,1.820693390784e-22,7617250,2019-05-11 22:31:38,LTC,7.64521369,0.0,0.00000002,LTC,35260436.0,2.400694432032e-12,0.6222032,199
1,[],26,[],2019-05-11 22:31:38,0.0,0.00000000,0,7617251,2019-05-11 22:31:38,btc,0.0,0.0,0.00000000,btc,0.0,0.0,0.0,199
0,[],2,[],2019-01-20 23:30:49,0.0,0,0,6477059,2019-01-20 23:30:49,,0.0,0.0,0,,0.0,0.0,0.0,201
1,[],4,[],2019-01-25 15:51:35,2084389.58565343,0.00000936,0.000000000333526752,6499557,2019-01-25 15:51:35,btc,2.0092503037378524,0.0,0.00000936,btc,160195.80207885,0.19272417,1.242687955921835,211
1,[],7,[],2019-05-11 22:31:41,13830687.41912182,0.00000084,0.000000000058799244,7617252,2019-05-11 22:31:41,btc,15200781.047716592,297317.991069,0.00000084,btc,13059074.69465761,0.0,1.1830200450808221,212
1,[],5,[],2019-05-07 13:02:51,0.0,0,0,7566706,2019-05-07 13:02:51,btc,0.0,0.43032184,0,btc,0.0,0.0,0.0,213
1,[],24,[],2019-05-07 13:02:52,0.0,0.000000050000,0.000000000002968865,7566707,2019-05-07 13:02:52,btc,0.0,0.0,0.000000050000,btc,0.0,0.0,0.0,213
1,[],26,[],2019-05-07 13:02:52,0.0,0.00000040,0.00000000002375092,7566708,2019-05-07 13:02:52,btc,0.0,0.0,0.00000040,btc,0.0,0.0,0.0,213
1,[],12,[],2019-01-25 02:44:32,207462.42853209,0.000001080000000000000035831255497387193287295303889550268650054931640625,0.000000000038610756000000006,6493050,2019-01-25 02:44:32,btc,85023.03793723314,0.0,0.000001080000000000000035831255497387193287295303889550268650054931640625,btc,43675.73520027,0.000146250909087,0.0348620860622024,213
0,[],22,[],2019-05-11 22:31:43,0.0,0,0,7617253,2019-05-11 22:31:43,,9.58164616,0.0,0,,2460817.094064925,0.0,0.0,216
0,[],27,[],2019-05-11 22:31:52,0.0,0,0,7617254,2019-05-11 22:31:52,,62.25505410367708,1515.0,0,"btc,ltc",227180.947308,1.515e-05,0.0,216
1,[],22,[],2019-05-11 22:31:55,289935.6216216216,0.00000074,0.000000000051799334,7617255,2019-05-11 22:31:55,BTC,12054.94436059,0.0,0.00000074,BTC,436390.0005265019,0.01712261,0.02675324,217
1,[],7,[],2019-05-11 22:31:57,0.0,0,0,7617256,2019-05-11 22:31:57,btc,111302.56865462937,0.0,0,btc,137781098.61523312,0.0,0.0,219
0,[],27,[],2019-05-11 22:32:06,0.0,0,0,7617257,2019-05-11 22:32:06,,0.06997067,0.0,0,btc,1753528.0,0.0,0.0,219
0.0000000000000039,[],28,[],2019-05-11 22:32:48,552985890.83,2.5350000000000004e-18,1.7744771850000002e-22,7617258,2019-05-11 22:32:48,doge,3651185.568400157,14904.0,0.00065000,"btc,doge",45529124.3823,0.0,2.13103582159955e-11,219
1,[],22,[],2019-05-11 22:32:51,381170.0,0.00000004,0.000000000002799964,7617259,2019-05-11 22:32:51,BTC,56.7649867,0.0,0.00000004,BTC,131552.84827387411,0.0,0.0123008,221
1,[],24,[],2019-05-11 22:32:51,0.0,0.000000010000,0.000000000000699991,7617260,2019-05-11 22:32:51,btc,0.0,0.0,0.000000010000,btc,0.0,0.0,0.0,221
1,[],20,[],2019-05-11 22:32:53,15469091.6192,0.000000012,0.0000000000008399892,7617261,2019-05-11 22:32:53,btc,100091.59745688326,1059638.3598,0.000000012,btc,24873299.4112,0.0149959549689,0.1100280360253,224
0,[],22,[],2019-05-11 22:32:56,0.0,0,0,7617262,2019-05-11 22:32:56,,0.0,0.0,0,,0.0,0.0,0.0,224
1,[],26,[],2019-05-11 22:32:56,0.0,0.00000026,0.000000000018199766,7617263,2019-05-11 22:32:56,btc,0.0,0.0,0.00000026,btc,0.0,0.0,0.0,231
1,[],26,[],2019-05-11 22:32:57,0.0,0.00000005,0.000000000003499955,7617264,2019-05-11 22:32:57,btc,0.0,100.0,0.00000005,btc,0.0,0.0,0.0,234
0,[],27,[],2019-05-11 22:33:09,0.0,0,0,7617265,2019-05-11 22:33:09,,0.01134836604,0.0,0,"btc,eth",11462.996,0.0,0.0,234
1,[],4,[],2019-04-29 21:02:20,217188.93193785,0.00000080,0.00000000004151584,7514327,2019-04-29 21:02:20,btc,5.239800103892936,0.0,0.00000080,btc,797346.30008933,0.0,0.0590549781555679,236
1,[],24,[],2019-04-29 21:02:20,0.0,0.000000100000,0.00000000000518948,7514328,2019-04-29 21:02:20,btc,0.0,0.0,0.000000100000,btc,0.0,0.0,0.0,236
1,[],5,[],2019-05-06 20:53:15,0.0,0,0,7559637,2019-05-06 20:53:15,btc,0.0,0.20253514,0,btc,0.0,0.0,0.0,237
1,[],20,[],2019-05-06 20:53:18,38173217.6136,0.000000083,0.0000000000047460728,7559638,2019-05-06 20:53:18,btc,21342.514614200165,8832375.7238,0.000000083,btc,27701499.3386,0.7554403456107,1.3621107610479,237
1,[],22,[],2019-05-06 20:53:20,343938.0,0.00000009,0.000000000005146344,7559639,2019-05-06 20:53:20,BTC,1.20267422,0.0,0.00000009,BTC,17930.94871794872,0.0,0.01017442,237
1,[],4,[],2019-05-11 22:33:11,9332720.22306166,0.00000015,0.000000000010499865,7617266,2019-05-11 22:33:11,btc,3.4531984640772513,0.0,0.00000015,btc,9451059.68740467,0.17683463,0.8399511702538816,238
1,[],5,[],2019-05-11 22:33:12,0.0,0,0,7617267,2019-05-11 22:33:12,btc,0.0,0.00252407,0,btc,0.0,0.0,0.0,238
0,[],22,[],2019-03-12 16:49:32,0.0,0,0,6914458,2019-03-12 16:49:32,,0.40415746,0.0,0,,526736.5639027493,0.0,0.0,249
0,[],22,[],2019-05-11 22:33:15,0.0,0,0,7617268,2019-05-11 22:33:15,,4.53616,0.0,0,,39012346.69978836,0.0,0.0,252
1,[],28,[],2019-05-11 22:33:42,44980154.152,0.00000025,0.000000000017499775,7617269,2019-05-11 22:33:42,btc,43891.98276294941,420013.4287,0.00000025,btc,2851052.5982,0.0,0.60329171804,256
1,[],22,[],2019-05-11 22:33:45,1088993.5,0.00000002,0.000000000001399982,7617270,2019-05-11 22:33:45,BTC,21.88116616,0.0,0.00000002,BTC,522884.63333384093,0.0,0.01124633,258
1,[],22,[],2019-03-13 00:07:30,47146.0,0.00000001,0.000000000000387233,6917028,2019-03-13 00:07:30,BTC,2.415167,0.0,0.00000001,BTC,157.0,0.0,0.00047146,259
1,[],5,[],2019-05-11 22:33:46,0.0,0,0,7617271,2019-05-11 22:33:46,btc,0.0,0.28079212,0,btc,0.0,0.0,0.0,264
1,[],20,[],2019-05-11 22:33:48,1277063.1474,0.000000512,0.0000000000358395392,7617272,2019-05-11 22:33:48,btc,4.9328496825569,70259.7779,0.000000512,btc,87941.8317,0.0820502481776,0.0213829506232,264
0,[],22,[],2019-04-12 17:57:27,0.0,0,0,7278186,2019-04-12 17:57:27,,66.37522201,0.0,0,,677842.4169881374,0.0,0.0,271
0,[],22,[],2019-05-11 22:33:50,0.0,0,0,7617273,2019-05-11 22:33:50,,33051802.3172899,0.0,0,,15696307799.7,0.0,0.0,272
0.0000000000000039,[],28,[],2019-05-11 22:34:18,268899238682.584,2.301e-21,1.6106792910000001e-25,7617274,2019-05-11 22:34:18,doge,26560079.436544094,8384528920.0699,0.00000059,doge,366066569760.476,0.0,2.0542533995641617e-10,272
1,[],22,[],2019-05-11 22:34:22,127494.9,0.0000001,0.00000000000699991,7617275,2019-05-11 22:34:22,BTC,427.36616185,0.0,0.0000001,BTC,251562.95264460208,0.00053887,0.0039353,281
1,[],22,[],2019-05-11 22:34:28,298579.1,0.00000002,0.000000000001399982,7617276,2019-05-11 22:34:28,BTC,1.50216037,0.0,0.00000002,"BTC,LTC",533128.8256135201,0.00739335,0.0111229,286
0,[],22,[],2019-05-11 22:34:30,0.0,0,0,7617277,2019-05-11 22:34:30,,7337892.75526966,0.0,0,,1388519262.7797825,0.0,0.0,294
