pairValue,buyBook,exchangeId,sellBook,updated,buyTotal,satoshiPrice,usdPrice,exchangeLogId,created,bestPair,sellTotalBtc,volume,pairPrice,activePairs,sellTotal,volumeBtc,buyTotalBtc,coinId
1,[],3,[],2019-03-07 16:23:05,30552.81407664114,0.01281997999999999991727062109703183523379266262054443359375,0.000000496852426878,6869087,2019-03-07 16:23:05,btc,61.1355672391819,3.47388436456,0.01281997999999999991727062109703183523379266262054443359375,btc,26.712716723765002,0.0,0.43253814567015547,1
1,[],4,[],2019-03-07 16:23:07,207904.07068559,0.01292020,0.0000005007365632200001,6869088,2019-03-07 16:23:07,btc,9.267246808421888,0.0,0.01292020,btc,259.1096353,2.48442715,3.0008969489437645,1
1,[],5,[],2019-03-07 16:23:09,0.0,0,0,6869089,2019-03-07 16:23:09,btc,0.0,0.11491731,0,btc,0.0,0.0,0.0,1
1,[],10,[],2019-03-07 16:23:12,414597.46187728,0.01050141,0.000000406993696101,6869090,2019-03-07 16:23:12,btc,6522.252976378203,2181.55374028,0.01050141,btc,1104.91029592,0.0,5.523249597767387,1
1,[],12,[],2019-03-07 16:23:15,109.0925273,0.0128500000000000003108624468950438313186168670654296875,0.0000004980158850000001,6869091,2019-03-07 16:23:15,btc,0.3343724849154,0.0,0.0128500000000000003108624468950438313186168670654296875,btc,23.20835233,0.0194925780857,0.3745623523252,1
1,[],20,[],2019-03-07 16:23:16,1152.5883,0.010500315,0.0000004069512581715,6869092,2019-03-07 16:23:16,btc,0.0554564867456,0.3915,0.010500315,btc,2.4799,0.0046697723592,0.1059909077991,1
1,[],21,[],2019-03-07 16:23:17,2091.49307105,0.01287312999999999998945732216,0.000000498912313593,6869093,2019-03-07 16:23:17,btc,16.617266217591652,2777.0886808799996,0.0128731299999999999894573221581595134921371936798095703125,"btc,eth",1705.91920343,35.09421216722471,19.022469389857363,1
1,[],22,[],2019-03-07 16:23:23,0.006382215384615385,0.01300000,0.0000005038293,6869094,2019-03-07 16:23:23,BTC,0.31439419,0.0,0.01300000,BTC,0.12751438772928525,0.0,7.978e-05,1
1,[],24,[],2019-03-07 16:23:23,0.0,0.000000000000,0,6869095,2019-03-07 16:23:23,btc,0.0,0.0,0.000000000000,btc,0.0,0.0,0.0,1
0.0,[],25,[],2019-03-07 16:23:24,0.0,0,0,6869096,2019-03-07 16:23:24,btc,29.55529999782197,110.00926413,0.0,btc,2234.16859389,1.438,0.0,1
1,[],26,[],2019-03-07 16:23:34,0.0,0,0,6869097,2019-03-07 16:23:34,,0.0,0.0,0,,0.0,0.0,0.0,1
1,[],28,[],2019-03-07 16:23:36,993.142,0.01323000,0.000000512743203,6869098,2019-03-07 16:23:36,btc,0.147239806,18695.92,0.01323000,btc,7.9,0.0,0.089302756,1
0,[],2,[],2019-01-20 23:28:45,0.0,0,0,6477011,2019-01-20 23:28:45,,0.0,0.0,0,,0.0,0.0,0.0,1
1,[],5,[],2019-03-07 16:23:38,0.0,0,0,6869099,2019-03-07 16:23:38,btc,0.0,0.01507734,0,btc,0.0,0.0,0.0,2
0,[],22,[],2019-03-07 16:23:41,0.0,0,0,6869100,2019-03-07 16:23:41,,0.0,0.0,0,,0.0,0.0,0.0,2
1,[],5,[],2019-03-07 16:23:43,0.0,0,0,6869101,2019-03-07 16:23:43,btc,0.0,0.00114729,0,btc,0.0,0.0,0.0,3
1,[],12,[],2019-03-07 16:23:44,1920026.8839,0.000000174,0.0000000000067435614,6869102,2019-03-07 16:23:44,btc,22810.243555131918,0.0,0.000000174,btc,1075087.22643778,0.08157584144371408,0.2780240038147,3
0,[],28,[],2019-03-07 16:23:46,0.0,0,0,6869103,2019-03-07 16:23:46,,0.0,0.0,0,,0.0,0.0,0.0,3
0,[],2,[],2019-01-20 23:31:32,0.0,0,0,6477077,2019-01-20 23:31:32,,0.0,0.0,0,,0.0,0.0,0.0,4
1,[],4,[],2019-03-06 07:42:51,399811.41130817,0.00000037,0.000000000014225612,6856592,2019-03-06 07:42:51,btc,32.25588008858344,0.0,0.00000037,btc,710412.77475616,0.01275082,0.0541874837964531,4
1,[],12,[],2019-03-07 16:23:47,370322.0,0.00000002,0.0000000000007751220000000001,6869104,2019-03-07 16:23:47,btc,631.52665443,0.0,0.00000002,btc,467362.0,0.00170352,0.00476618,5
0,[],2,[],2019-01-20 23:31:51,0.0,0,0,6477087,2019-01-20 23:31:51,,0.0,0.0,0,,0.0,0.0,0.0,6
1,[],11,[],2019-03-07 16:23:49,4853444.5,0.00000002,0.0000000000007751220000000001,6869105,2019-03-07 16:23:49,btc,9568.23120290766,279440.0,0.00000002,btc,42611702.90271394,0.0,0.064543725,6
1,[],3,[],2019-03-07 16:23:50,1083.946138823546,0.0001529400000000000095327912230658284897799603641033172607421875,0.000000005927357934000001,6869106,2019-03-07 16:23:50,btc,28.402034233092024,0.0,0.0001529400000000000095327912230658284897799603641033172607421875,btc,243.122414578101,0.0,0.03372948931217601,7
1,[],4,[],2019-03-07 16:23:51,104129.35130586,0.00024840,0.00000000962701524,6869107,2019-03-07 16:23:51,btc,10.591734814868904,0.0,0.00024840,btc,33718.20994529,3.30361501,7.904396595526961,7
1,[],5,[],2019-03-07 16:23:52,0.0,0,0,6869108,2019-03-07 16:23:52,btc,0.0,0.20802073,0,btc,0.0,0.0,0.0,7
1,[],20,[],2019-02-20 02:16:17,39399275.8418,0.000000001,0.0000000000000390183,6728586,2019-02-20 02:16:17,btc,116.9737569154545,525.0,0.000000001,btc,56932965.8895,5.25e-07,0.0393992758418,8
0,[],2,[],2019-01-20 23:22:42,0.0,0,0,6476876,2019-01-20 23:22:42,,0.0,0.0,0,,0.0,0.0,0.0,9
0,[],23,[],2019-01-20 23:22:48,0.0,0,0,6476878,2019-01-20 23:22:48,,0.0,0.0,0,,0.0,0.0,0.0,9
1,[],4,[],2019-03-07 16:23:54,1562066.76980292,0.00000156,0.00000000006045951600000001,6869109,2019-03-07 16:23:54,btc,5.302811148446314,0.0,0.00000156,btc,2649758.94530726,3.91418862,1.4276618095198652,9
1,[],28,[],2019-03-07 16:23:56,38863.15,0.00000166,0.000000000064335126,6869110,2019-03-07 16:23:56,btc,2708.761281370583,3538669.0,0.00000166,btc,11954.1497,0.0,0.035782829,9
1,[],1,[],2019-02-17 23:31:42,1822507.21,0.00000181000000000000003456111265232042484285557293333113193511962890625,0.000000000066086901,6701244,2019-02-17 23:31:42,btc,3.6990969245,17153386.5,0.00000181000000000000003456111265232042484285557293333113193511962890625,btc,1997391.71,31.11772986,3.2610482446,9
1,[],4,[],2019-02-17 11:22:43,4341674.27126056,0.00000002,0.0000000000007272960000000001,6696112,2019-02-17 11:22:43,btc,0.1997230937751353,0.0,0.00000002,btc,4109766.79808031,0.00215132,0.0479381022052112,10
0,[],2,[],2019-01-20 23:23:08,0.0,0,0,6476890,2019-01-20 23:23:08,,0.0,0.0,0,,0.0,0.0,0.0,12
1,[],4,[],2019-03-07 16:23:57,7146206.25310476,0.00000123,0.000000000047670003000000004,6869111,2019-03-07 16:23:57,btc,14.239755347526375,0.0,0.00000123,btc,7267576.85100135,2.3780007,4.773467270706923,12
1,[],5,[],2019-03-07 16:23:59,0.0,0,0,6869112,2019-03-07 16:23:59,btc,0.0,0.20253957,0,btc,0.0,0.0,0.0,12
0.0,[],25,[],2019-03-07 16:24:00,0.0,0,0,6869113,2019-03-07 16:24:00,,0.0,0.0,0.0,btc,0.0,0.0,0.0,12
1,[],4,[],2019-03-07 16:24:01,31987283.9978163,0.00000583,0.000000000225948063,6869114,2019-03-07 16:24:01,btc,3.6353389249803394,0.0,0.00000583,btc,484178.28841392,1.68108814,1.0892422545894405,13
1,[],10,[],2019-03-07 16:24:03,394350.25944695,0.00000578,0.000000000224010258,6869115,2019-03-07 16:24:03,btc,666801.2985910864,8163.16376475,0.00000578,btc,712917.91763291,0.0,0.2416664580538259,13
1,[],21,[],2019-03-07 16:24:05,758011.38664195,0.000005939999999999999879434550015,0.000000000230211234,6869116,2019-03-07 16:24:05,btc,5.54935111823763,1078922.55973136,0.0000059399999999999998794345500152669359295032336376607418060302734375,btc,845989.17362062,6.50125731,4.142533751016925,13
1,[],4,[],2019-03-07 16:24:06,706613.11791327,0.00000137,0.000000000053095857,6869117,2019-03-07 16:24:06,btc,10.552593853830757,0.0,0.00000137,btc,920888.80943167,0.00586137,0.1575292219679352,14
1,[],12,[],2019-03-07 16:24:07,264347.27692308,0.000001300000000000000047051663780439678674838432925753295421600341796875,0.00000000005038293,6869118,2019-03-07 16:24:07,btc,0.1002326260230544,0.0,0.000001300000000000000047051663780439678674838432925753295421600341796875,btc,7483.17314776,3.29283716204e-05,0.031277490000004,14
1,[],26,[],2019-03-07 16:24:08,0.0,0.00000050,0.00000000001937805,6869119,2019-03-07 16:24:08,btc,0.0,0.0,0.00000050,btc,0.0,0.0,0.0,14
0,[],17,[],2019-03-07 15:01:15,0.0,0,0,6868173,2019-03-07 15:01:15,btc,0.0,0.0,0,btc,0.0,0.0,0.0,14
0,[],4,[],2019-03-07 16:24:09,0.0,0,0,6869120,2019-03-07 16:24:09,,0.0,0.0,0,,0.0,0.0,0.0,15
,[],12,[],2018-12-01 15:15:48,204241.84496,0.00000489,0.000000000202473384,5260204,2018-12-01 15:15:48,btc,49.5475654835,0.0,,btc,35763.2193806,0.0163153972027625,0.0203389899998,15
0,[],2,[],2019-01-20 23:23:38,0.0,0,0,6476906,2019-01-20 23:23:38,,0.0,0.0,0,,0.0,0.0,0.0,18
1,[],4,[],2019-03-07 16:24:10,23253.84666055,0.00001708,0.000000000661954188,6869121,2019-03-07 16:24:10,btc,4.174601247637482,0.0,0.00001708,btc,17842.537689,0.03791067,0.0353314941925117,18
1,[],10,[],2019-03-07 16:24:13,785188.4147852,0.00001725,0.000000000668542725,6869122,2019-03-07 16:24:13,btc,15.364533961058331,1313.10952453,0.00001725,btc,12087.27308659,0.0,0.1613877412484423,18
1,[],12,[],2019-03-07 16:24:14,370656.76546478,0.00001703000000000000127282732964584255341833340935409069061279296875,0.0000000006600163830000001,6869123,2019-03-07 16:24:14,btc,0.0062180289810706,0.0,0.00001703000000000000127282732964584255341833340935409069061279296875,btc,226.64724817,0.0050166628322099,0.030419711821224,18
0,[],17,[],2019-03-07 16:13:35,0.0,0,0,6868933,2019-03-07 16:13:35,btc,0.0,0.0,0,btc,0.0,0.0,0.0,18
0,[],2,[],2019-01-20 23:24:19,0.0,0,0,6476924,2019-01-20 23:24:19,,0.0,0.0,0,,0.0,0.0,0.0,19
1,[],3,[],2019-03-07 16:24:25,117120.95915195467,0.0000174999999999999984669381281054967303134617395699024200439453125,0.00000000067823175,6869124,2019-03-07 16:24:25,btc,0.5028939525469429,0.03280961183,0.0000174999999999999984669381281054967303134617395699024200439453125,btc,8989.037392201615,0.0,0.01257723669873938,19
1,[],4,[],2019-03-07 16:24:26,294594.39741439,0.00001963,0.000000000760782243,6869125,2019-03-07 16:24:26,btc,3.4571453748286634,0.0,0.00001963,btc,126137.26814661,0.59873676,3.030522674622059,19
1,[],5,[],2019-03-07 16:24:27,0.0,0,0,6869126,2019-03-07 16:24:27,btc,0.0,0.00039,0,btc,0.0,0.0,0.0,19
1,[],12,[],2019-03-07 16:24:28,170061.23995343,0.00001202000000000000011252283826923559217902948148548603057861328125,0.000000000465848322,6869127,2019-03-07 16:24:28,btc,0.2275960071093075,0.0,0.00001202000000000000011252283826923559217902948148548603057861328125,btc,332.27457877,0.00024692,0.0346885699999426,19
0,[],27,[],2019-03-07 16:24:30,0.0,0,0,6869128,2019-03-07 16:24:30,,0.0,0.0,0,btc,0.0,0.0,0.0,19
1,[],4,[],2019-03-07 16:24:31,2779123.70923423,0.00000012,0.000000000004650732,6869129,2019-03-07 16:24:31,btc,7.379832289760813,0.0,0.00000012,btc,2857583.25385408,0.0,0.0777767845064956,20
1,[],4,[],2019-03-07 16:24:32,103810793.72147027,0.00000002,0.0000000000007751220000000001,6869130,2019-03-07 16:24:32,btc,1841.973296145251,0.0,0.00000002,btc,54908374.6818267,0.02134227,1.1629563175500457,21
1,[],12,[],2019-03-07 16:24:33,975236.0,0.00000001,0.00000000000038756100000000004,6869131,2019-03-07 16:24:33,btc,1245.30479034004,0.0,0.00000001,btc,2032554.001998,0.00243491996004,0.00975236,21
0,[],17,[],2019-03-07 16:24:35,0.0,0,0,6869132,2019-03-07 16:24:35,btc,0.0,0.0,0,btc,0.0,0.0,0.0,21
1,[],12,[],2019-03-07 16:24:36,2338271741.0,0.0000000001,0.000000000000003875610000000001,6869133,2019-03-07 16:24:36,btc,5402.975257395922,0.0,0.0000000001,btc,1281412393.6127763,0.005275178489710304,0.2338271741,23
0,[],27,[],2019-03-07 16:24:38,0.0,0,0,6869134,2019-03-07 16:24:38,,13.503256366593412,0.0,0,eth,1966931.35514486,0.0,0.0,23
1,[],4,[],2019-03-07 16:24:39,628336.7533736,0.00000043,0.000000000016665123,6869135,2019-03-07 16:24:39,btc,9.65677369111306,0.0,0.00000043,btc,1630771.21631057,0.01733815,0.1692562626038941,24
1,[],22,[],2019-03-07 16:25:05,11.76,0.00000100,0.0000000000387561,6869136,2019-03-07 16:25:05,BTC,7.415e-05,0.0,0.00000100,BTC,23.919354838709676,0.0,1.176e-05,24
0.0,[],25,[],2019-03-07 16:25:06,0.0,0,0,6869137,2019-03-07 16:25:06,,0.0,0.0,0.0,btc,0.0,0.0,0.0,24
1,[],4,[],2019-03-07 16:25:09,26578390.49314718,0.00000606,0.000000000234861966,6869138,2019-03-07 16:25:09,btc,57.222005001469206,0.0,0.00000606,btc,238769.32015048,0.08694785,0.439942652632004,26
1,[],10,[],2019-03-07 16:25:11,685341.76589746,0.00000603,0.000000000233699283,6869139,2019-03-07 16:25:11,btc,26.130786799503326,5258.75064276,0.00000603,btc,14754.6569521,0.0,0.2272417155496019,26
0,[],2,[],2019-01-20 23:25:56,0.0,0,0,6476976,2019-01-20 23:25:56,,0.0,0.0,0,,0.0,0.0,0.0,26
1,[],3,[],2019-03-07 16:25:12,10977341.88133568,0.00000001,0.00000000000038756100000000004,6869140,2019-03-07 16:25:12,btc,2.263603679415453,690310.446597,0.00000001,btc,17313694.20092981,0.0,0.1097734188133568,27
1,[],5,[],2019-03-07 16:25:14,0.0,0,0,6869141,2019-03-07 16:25:14,btc,0.0,0.00016948,0,btc,0.0,0.0,0.0,27
1,[],11,[],2019-03-07 16:25:15,9461840.38103613,0.00000005,0.000000000001937805,6869142,2019-03-07 16:25:15,btc,67506.32843704063,170.63047893,0.00000005,btc,7972152.75036371,0.0,0.44099231334143857,27
1,[],4,[],2019-03-07 16:25:18,1193603389.2284627,0.00000002,0.0000000000007751220000000001,6869143,2019-03-07 16:25:18,btc,2.8689100583997025,0.0,0.00000002,"btc,ltc",184775188.1316297,3.09690081,7.562476904513781,29
1,[],7,[],2019-03-07 16:25:18,36244191.24748193,0.00000002,0.0000000000007751220000000001,6869144,2019-03-07 16:25:18,btc,44462588.02230974,76466.7666667,0.00000002,btc,45745181.7744846,0.0,0.3814072867945805,29
1,[],4,[],2019-03-07 16:25:20,2347299.82770714,0.00000023,0.000000000008913903,6869145,2019-03-07 16:25:20,btc,2.4607963785624363,0.0,0.00000023,btc,1788810.0101514,0.02486072,0.104014141066468,30
0,[],17,[],2019-03-07 16:25:22,0.0,0,0,6869146,2019-03-07 16:25:22,btc,0.0,0.0,0,btc,0.0,0.0,0.0,30
1,[],4,[],2019-03-07 16:25:23,422095.87766811,0.00006203,0.000000002404040883,6869147,2019-03-07 16:25:23,btc,8.464792941305284,0.0,0.00006203,btc,89367.73948386,0.84721505,2.1736126069982844,31
1,[],21,[],2019-03-07 16:25:24,74005.91049562,0.00006274999999999999382525178726,0.000000002431945275,6869148,2019-03-07 16:25:24,btc,5.899829392406652,330029.86779909,0.000062749999999999993825251787260555147440754808485507965087890625,btc,85049.9385995,21.10816695,4.194680163946447,31
0,[],2,[],2019-01-20 23:28:43,0.0,0,0,6477009,2019-01-20 23:28:43,,0.0,0.0,0,,0.0,0.0,0.0,32
1,[],4,[],2019-03-07 16:25:25,420576026.386537,0.00000004,0.0000000000015502440000000002,6869149,2019-03-07 16:25:25,btc,10.289256829777573,0.0,0.00000004,"btc,ltc",190500843.8112203,0.48408282,9.997877681489015,33
1,[],12,[],2019-03-07 16:25:26,19824769.2066667,0.00000004,0.0000000000015502440000000002,6869150,2019-03-07 16:25:26,btc,399.4434869811888,0.0,0.00000004,btc,15198956.2237762,0.0505720445054936,0.4649773719600014,33
1,[],4,[],2019-03-07 16:25:27,119026595.44275858,0.00000001,0.00000000000038756100000000004,6869151,2019-03-07 16:25:27,btc,3.661014551801294,0.0,0.00000001,btc,104339680.5749167,0.03861572,1.1902659544275858,34
1,[],5,[],2019-03-07 16:25:29,0.0,0,0,6869152,2019-03-07 16:25:29,btc,0.0,0.05815316,0,btc,0.0,0.0,0.0,34
0.00000000014791230000000002,[],4,[],2019-03-07 16:25:30,286766251.0173333,1.479123e-18,5.73250389003e-23,6869153,2019-03-07 16:25:30,ltc,4.2817543984452406e-08,0.0,0.00000001,ltc,6118312023.438116,0.0,4.241625575035112e-10,36
1,[],5,[],2019-03-07 16:25:32,0.0,0,0,6869154,2019-03-07 16:25:32,btc,0.0,0.0,0,btc,0.0,0.0,0.0,36
0,[],17,[],2019-03-07 16:25:33,0.0,0,0,6869155,2019-03-07 16:25:33,btc,0.07464582818627845,0.0,0,btc,4105386.20243647,0.0,0.0,36
0.0000000003527882,[],27,[],2019-03-07 16:25:36,11290000.0,3.527882000000001e-18,1.3672694758020002e-22,6869156,2019-03-07 16:25:36,eth,222.5593883364624,0.0,0.00000001,"ltc,eth",11165403.32426039,0.0,2.4380044558000002e-11,36
1,[],17,[],2019-03-07 16:02:58,1752.74075282,0.00000025,0.0000000000097036,6868771,2019-03-07 16:02:58,btc,0.05548492399108294,0.0,0.00000025,btc,1387.19918473,0.0,0.00043818518820499993,37
1,[],4,[],2019-03-07 16:25:37,282226.29375106,0.00000054,0.000000000020928294,6869157,2019-03-07 16:25:37,btc,19772.502301638324,0.0,0.00000054,btc,593919.03602079,0.02183133,0.1222536410028417,37
1,[],12,[],2019-03-07 16:25:38,439530.14955299,0.0000006,0.00000000002325366,6869158,2019-03-07 16:25:38,btc,7.165046011157779,0.0,0.0000006,btc,312962.21309552,0.0697062227981229,0.1358706725448032,37
1,[],27,[],2019-03-07 16:25:51,14685.567,0.00000045,0.000000000017440245000000002,6869159,2019-03-07 16:25:51,btc,25.75216805411233,0.0,0.00000045,btc,6518.38138508,0.0,0.00480032515,37
1,[],5,[],2019-03-07 16:25:53,0.0,0,0,6869160,2019-03-07 16:25:53,btc,0.0,0.00960862,0,btc,0.0,0.0,0.0,42
1,[],12,[],2019-03-07 16:25:54,122840.83607281,0.000001129999999999999980629101885287735029805844533257186412811279296875,0.000000000043794393,6869161,2019-03-07 16:25:54,btc,0.2298806324634058,0.0,0.000001129999999999999980629101885287735029805844533257186412811279296875,btc,16219.30739984,0.0341836427830067,0.0110599901961503,42
0.0000000003527882,[],27,[],2019-03-07 16:25:56,22000.0,3.527882e-17,1.3672694758020002e-21,6869162,2019-03-07 16:25:56,eth,0.00315028,0.0,0.0000001,"btc,eth",11.007,0.0,7.126321640000001e-13,42
1,[],5,[],2019-03-07 16:25:58,0.0,0,0,6869163,2019-03-07 16:25:58,btc,0.0,0.00021117,0,btc,0.0,0.0,0.0,43
1,[],12,[],2019-03-07 16:25:59,104886.0,0.00000001,0.00000000000038756100000000004,6869164,2019-03-07 16:25:59,btc,2.32121442999001,0.0,0.00000001,btc,4360308.4995005,6.113000999e-05,0.00104886,43
0,[],17,[],2019-03-07 15:16:58,0.0,0,0,6868417,2019-03-07 15:16:58,btc,0.0,0.0,0,btc,0.0,0.0,0.0,43
1,[],12,[],2019-03-05 01:54:08,639326.02,0.00000004,0.000000000001486676,6845775,2019-03-05 01:54:08,btc,11116042.728239931,0.0,0.00000004,btc,1103841.4595604,0.0003330765234764,0.014975410599999999,44
1,[],4,[],2019-03-07 16:26:11,300788912.2359712,0.00000004,0.0000000000015502440000000002,6869165,2019-03-07 16:26:11,btc,25032.45482337429,0.0,0.00000004,"btc,ltc",14417982.47903986,0.06498764,0.34564898469542116,49
0,[],4,[],2019-03-07 16:26:12,0.0,0,0,6869166,2019-03-07 16:26:12,,25.808545411624912,0.0,0,,9812630413.229374,0.0,0.0,52
0.0000000001287817,[],22,[],2019-03-07 16:26:39,80845862.0,1.287817e-18,4.9910764433700003e-23,6869167,2019-03-07 16:26:39,XMR,4366.97466637,0.0,0.00000001,XMR,255820234.67882353,0.0,0.80845862,57
0.0000000003527882,[],27,[],2019-03-07 16:26:41,2000.0,3.527882000000001e-18,1.3672694758020002e-22,6869168,2019-03-07 16:26:41,eth,0.0,0.0,0.00000001,"btc,eth",0.0,0.0,7.055764000000001e-15,57
0,[],17,[],2019-03-07 15:03:08,0.0,0,0,6868227,2019-03-07 15:03:08,btc,1e+24,0.0,0,btc,49306342.21952568,0.0,0.0,58
0.00000000014791230000000002,[],4,[],2019-03-07 16:26:42,616175645.673,2.958246e-18,1.146500778006e-22,6869169,2019-03-07 16:26:42,ltc,18.807189832282678,0.0,0.00000002,ltc,4642052246.88858,0.0,1.3700671548728895e-09,58
1,[],12,[],2019-03-07 16:26:44,598338712.8425,0.0000000004,0.000000000000015502440000000003,6869170,2019-03-07 16:26:44,btc,1121120.3435691684,0.0,0.0000000004,btc,1134291398.2207792,0.001830461247552435,0.197199095537,58
0.0000000001287817,[],22,[],2019-03-07 16:26:49,137438.0,1.287817e-18,4.9910764433700003e-23,6869171,2019-03-07 16:26:49,XMR,69.8835922,0.0,0.00000001,XMR,9887963.0,0.0,0.00137438,58
1,[],5,[],2019-03-07 16:26:50,0.0,0,0,6869172,2019-03-07 16:26:50,btc,0.0,0.00066128,0,btc,0.0,0.0,0.0,61
1,[],22,[],2019-03-07 16:26:54,13757.0,0.00000012,0.000000000004650732,6869173,2019-03-07 16:26:54,BTC,1002.2960049,0.0,0.00000012,BTC,14976.68361146909,3e-07,0.00154987,61
1,[],26,[],2019-03-07 16:26:54,0.0,0.00000800,0.0000000003100488,6869174,2019-03-07 16:26:54,btc,0.0,0.0,0.00000800,btc,0.0,0.0,0.0,61
1,[],27,[],2019-03-07 16:26:56,4411.22008,0.00000047,0.000000000018215367,6869175,2019-03-07 16:26:56,btc,2.898491041314132,1.0,0.00000047,"btc,eth",19485.01257617,4.7e-07,0.0012437599595673662,61
1,[],28,[],2019-03-07 16:26:58,13880.304,0.0000005,0.00000000001937805,6869176,2019-03-07 16:26:58,btc,2.056312978300105,693.0,0.0000005,btc,9730.59500005,0.0,0.00566391304,61
1,[],4,[],2019-03-07 16:17:47,1291679.57929231,0.00000280,0.00000000010880576,6868985,2019-03-07 16:17:47,btc,9.13199070216682,0.0,0.00000280,btc,745687.73806477,0.18697592,1.0166881159048846,67
0.0,[],25,[],2019-03-07 16:17:48,0.0,0,0,6868986,2019-03-07 16:17:48,,0.0,0.0,0.0,btc,0.0,0.0,0.0,67
1,[],12,[],2019-03-07 16:26:59,202465.87769721,0.00000025,0.000000000009689025,6869177,2019-03-07 16:26:59,btc,3.0413153024390853,0.0,0.00000025,btc,832740.12795452,0.0140539621485659,0.0364094003804037,71
,[],5,[],2018-11-20 23:02:39,1.5e-07,0.00000005,0.000000000002128045,4862160,2018-11-20 23:02:39,btc,2.84511358,0.0,,btc,0.00036572,0.0,0.07381892,74
1,[],5,[],2019-03-07 16:27:01,0.0,0,0,6869178,2019-03-07 16:27:01,btc,0.0,0.0,0,btc,0.0,0.0,0.0,75
1,[],4,[],2019-03-07 15:03:27,13147768.81424166,0.00000001,0.000000000000388246,6868238,2019-03-07 15:03:27,btc,11388.985544584346,0.0,0.00000001,btc,40019471.49932191,0.0,0.1314776881424166,81
0,[],20,[],2019-01-25 09:30:31,0.0,0,0,6495923,2019-01-25 09:30:31,btc,0.0,0.0,0,btc,0.0,0.0,0.0,81
1,[],4,[],2019-03-07 16:04:04,27729.2974146,0.00007421,0.0000000028804166240000003,6868794,2019-03-07 16:04:04,btc,18.09386049315387,0.0,0.00007421,btc,11961.51139651,0.07295438,0.128910387374861,82
1,[],21,[],2019-03-07 16:04:05,757993.74248674,0.00007436999999999999437939185443,0.000000002886626928,6868795,2019-03-07 16:04:05,btc,2.6155934813266413,7370.13807046,0.000074369999999999994379391854426586405679699964821338653564453125,btc,30398.05350173,0.54230363,2.3582377294547716,82
0,[],17,[],2019-03-07 16:17:53,0.0,0,0,6868989,2019-03-07 16:17:53,btc,0.0447233088476774,0.0,0,btc,999127.19588126,0.0,0.0,84
0.00000000014791230000000002,[],4,[],2019-03-07 16:27:13,114288172.06877042,4.4373690000000005e-18,1.7197511670090002e-22,6869179,2019-03-07 16:27:13,ltc,1.7493647183406613,0.0,0.00000003,ltc,415097863.70414716,0.0,2.3744277336762804e-10,85
,[],22,[],2018-11-20 23:09:34,3408.1,0.0000001,0.0000000000041895,4862324,2018-11-20 23:09:34,BTC,0.04624735,0.0,,BTC,4990.0,0.0,0.00033081,86
1,[],22,[],2019-03-07 16:27:17,122000.0,0.00000003,0.000000000001162683,6869180,2019-03-07 16:27:17,BTC,2.078122,0.0,0.00000003,BTC,169918.94736842104,1.4e-05,0.00186,87
0,[],27,[],2019-03-07 16:27:19,0.0,0,0,6869181,2019-03-07 16:27:19,,0.0,0.0,0,btc,0.0,0.0,0.0,87
,[],2,[],2018-11-20 23:10:47,0.0,0,0,4862359,2018-11-20 23:10:47,,0.0,0.0,,,0.0,0.0,0.0,88
1,[],11,[],2019-03-07 16:27:21,94870.98555044,0.00014575999999999998679722779115763842128217220306396484375,0.000000005649089136,6869182,2019-03-07 16:27:21,btc,607.8854389893647,1701.16132072,0.00014575999999999998679722779115763842128217220306396484375,btc,92676.83458133,0.0,6.5354802790721465,89
0,[],2,[],2019-01-20 23:31:45,0.0,0,0,6477083,2019-01-20 23:31:45,,0.0,0.0,0,,0.0,0.0,0.0,91
0,[],17,[],2019-03-07 16:04:39,0.0,0,0,6868801,2019-03-07 16:04:39,btc,0.0,0.0,0,btc,0.0,0.0,0.0,91
1,[],12,[],2019-03-07 16:27:22,196225.97877703,0.000001129999999999999980629101885287735029805844533257186412811279296875,0.000000000043794393,6869183,2019-03-07 16:27:22,btc,71.03078820913889,0.0,0.000001129999999999999980629101885287735029805844533257186412811279296875,btc,100672.26195026,0.0097849776048698,0.040652822799950604,91
1,[],22,[],2019-03-07 16:27:37,65900.0,0.00000001,0.00000000000038756100000000004,6869184,2019-03-07 16:27:37,BTC,3e-06,0.0,0.00000001,BTC,1.0,0.0,0.000659,91
0.00000000014791230000000002,[],22,[],2019-03-07 16:27:41,1580418.0,7.395615e-18,2.866251945015e-22,6869185,2019-03-07 16:27:41,LTC,8.53121199,0.0,0.00000005,LTC,71989912.1,0.0,0.0790209,95
0,[],17,[],2019-03-07 16:18:15,0.0,0,0,6868999,2019-03-07 16:18:15,btc,0.0,0.0,0,btc,0.0,0.0,0.0,96
0.00000000014791230000000002,[],4,[],2019-03-07 16:27:42,640995784.9047667,9.614299500000001e-17,3.726127528519501e-21,6869186,2019-03-07 16:27:42,ltc,11.886285847022867,0.0,0.00000065,ltc,135439107.9791913,0.0,1.7671193052473798e-09,96
1,[],12,[],2019-03-07 16:27:43,9420.0,0.00000001,0.00000000000038756100000000004,6869187,2019-03-07 16:27:43,btc,10.074869080000001,0.0,0.00000001,btc,2008942.0,7.6e-07,9.42e-05,96
1,[],4,[],2019-03-07 16:27:45,1643076.07807743,0.00000022,0.000000000008526342,6869188,2019-03-07 16:27:45,btc,2.570487739027173,0.0,0.00000022,btc,2562657.26394078,0.00875254,0.1366403086896768,99
0,[],2,[],2019-01-20 23:23:55,0.0,0,0,6476914,2019-01-20 23:23:55,,0.0,0.0,0,,0.0,0.0,0.0,100
1,[],4,[],2019-03-07 16:27:46,291256.16452192,0.00003889,0.0000000015072247290000001,6869189,2019-03-07 16:27:46,btc,11.274971826344336,0.0,0.00003889,btc,157973.06297498,0.71856923,1.7830495539197444,100
1,[],22,[],2019-03-07 16:27:50,50000.0,0.00000001,0.00000000000038756100000000004,6869190,2019-03-07 16:27:50,BTC,23.49896609,0.0,0.00000001,BTC,10277.22,0.0,0.0005,101
1,[],4,[],2019-03-07 16:27:51,434830.96417973,0.00000088,0.000000000034105368,6869191,2019-03-07 16:27:51,btc,308.02964649995914,0.0,0.00000088,btc,485916.91356037,0.00521439,0.2130707248778508,103
1,[],12,[],2019-03-07 16:27:54,28660282.887000002,0.000000009,0.0000000000003488049,6869192,2019-03-07 16:27:54,btc,1113027.964559243,0.0,0.000000009,btc,46736065.53950347,0.0134853105749054,0.112749807983,105
1,[],27,[],2019-03-07 16:27:55,229397.89,0.00000001,0.00000000000038756100000000004,6869193,2019-03-07 16:27:55,btc,36.60591030491341,0.0,0.00000001,btc,1301440.23571724,0.0,0.0022939789,105
1,[],22,[],2019-03-07 16:27:59,9328.0,0.00000001,0.00000000000038756100000000004,6869194,2019-03-07 16:27:59,BTC,51.10837004,0.0,0.00000001,BTC,470435.0,0.0,9.328e-05,107
1,[],26,[],2019-03-07 16:28:00,0.0,0.00000000,0,6869195,2019-03-07 16:28:00,btc,0.0,0.0,0.00000000,btc,0.0,0.0,0.0,107
1,[],5,[],2019-03-07 16:28:01,0.0,0,0,6869196,2019-03-07 16:28:01,btc,0.0,0.01042757,0,btc,0.0,0.0,0.0,112
1,[],22,[],2019-03-07 16:28:05,1966.0,0.00000001,0.00000000000038756100000000004,6869197,2019-03-07 16:28:05,BTC,2.78273272,0.0,0.00000001,BTC,826524.0833333334,2e-05,1.966e-05,112
0.0000000003527882,[],27,[],2019-03-07 16:28:07,2000.0,3.527882000000001e-18,1.3672694758020002e-22,6869198,2019-03-07 16:28:07,eth,1.24892491849924,0.0,0.00000001,"btc,eth",1288.641654,0.0,7.055764000000001e-15,112
1,[],4,[],2019-03-07 16:28:09,1303786.47228341,0.00000201,0.00000000007789976100000001,6869199,2019-03-07 16:28:09,btc,4.745051907420635,0.0,0.00000201,btc,338931.61457398,0.02307962,1.0157743239704344,113
1,[],5,[],2019-03-07 16:28:12,0.0,0,0,6869200,2019-03-07 16:28:12,btc,0.0,0.00018191,0,btc,0.0,0.0,0.0,113
1,[],17,[],2019-03-07 16:28:14,152738.278,0.00000004,0.0000000000015502440000000002,6869201,2019-03-07 16:28:14,btc,1.336803027494015,0.0,0.00000004,btc,51896.221,0.0,0.0022095311199999998,116
0,[],27,[],2019-03-07 16:28:16,0.0,0,0,6869202,2019-03-07 16:28:16,,0.0,0.0,0,btc,0.0,0.0,0.0,116
1,[],4,[],2019-03-07 16:28:18,77228.43562649,0.00002451,0.000000000949912011,6869203,2019-03-07 16:28:18,btc,27.6850569034804,0.0,0.00002451,btc,84347.73782715,0.5249865,1.189663059186704,120
1,[],7,[],2019-03-07 16:28:19,21245.98924584,0.0000212500000000000015265566588595902430824935436248779296875,0.0000000008235671250000001,6869204,2019-03-07 16:28:19,btc,115646.94919545915,1.1652281,0.0000212500000000000015265566588595902430824935436248779296875,btc,36705.38404366,2.476e-05,0.0521694993138598,120
1,[],20,[],2019-03-07 16:28:22,3002345.3805,0.000000035,0.0000000000013564635,6869205,2019-03-07 16:28:22,btc,33.6156363984428,1589.5,0.000000035,btc,1008323.7699,5.56325e-05,0.0406402484044,125
1,[],22,[],2019-03-07 16:28:26,3053.0,0.00000001,0.00000000000038756100000000004,6869206,2019-03-07 16:28:26,BTC,0.01444887,0.0,0.00000001,BTC,296263.5111111111,0.0,3.053e-05,126
0,[],2,[],2019-01-20 23:25:46,0.0,0,0,6476969,2019-01-20 23:25:46,,0.0,0.0,0,,0.0,0.0,0.0,131
1,[],4,[],2019-03-07 16:28:28,150174.25921872,0.00001325,0.000000000513518325,6869207,2019-03-07 16:28:28,btc,3.6754181448872285,0.0,0.00001325,btc,118363.93899853,0.19815229,0.7081869540773303,131
0,[],17,[],2019-03-07 16:28:30,0.0,0,0,6869208,2019-03-07 16:28:30,btc,0.0009561751951600001,0.0,0,btc,35.42829368,0.0,0.0,131
1,[],4,[],2019-03-07 16:28:31,4547.78825336,0.00016000,0.000000006200976,6869209,2019-03-07 16:28:31,btc,1.6193646495100313,0.0,0.00016000,btc,239.25503526,0.00128,0.0068861669492583,135
1,[],3,[],2019-03-07 00:20:44,877702.73244099,0.00000004,0.00000000000154846,6863392,2019-03-07 00:20:44,btc,0.119366241821405,0.0,0.00000004,btc,760637.99421222,0.0,0.023771231960604298,136
1,[],4,[],2019-03-07 16:28:32,314565.31217231,0.00000176,0.000000000068210736,6869210,2019-03-07 16:28:32,btc,38.235423905859676,0.0,0.00000176,btc,526618.8585086,0.07518277,0.0876695502285542,137
1,[],12,[],2019-03-07 16:28:33,237708.94522292,0.000001700000000000000028950908510794182149084008415229618549346923828125,0.00000000006588537000000001,6869211,2019-03-07 16:28:33,btc,4.058721772622732,0.0,0.000001700000000000000028950908510794182149084008415229618549346923828125,btc,3748.76538981,0.0015909145516776,0.09218566454775001,137
1,[],4,[],2019-03-07 16:28:34,10538.60989248,0.00003981,0.0000000015428803410000002,6869212,2019-03-07 16:28:34,btc,28.648325397147183,0.0,0.00003981,btc,48158.5796312,0.10017022,0.2292208467756763,142
1,[],5,[],2019-03-07 16:28:37,0.0,0,0,6869213,2019-03-07 16:28:37,btc,0.0,0.3584618,0,btc,0.0,0.0,0.0,142
1,[],17,[],2019-03-07 16:28:39,22967.386363640002,0.00000088,0.000000000034105368,6869214,2019-03-07 16:28:39,btc,20.069913352805198,0.0,0.00000088,btc,2746.079105,0.0,0.0104613000000032,142
1,[],20,[],2019-03-07 16:28:40,132499.3543,0.00002862,0.0000000011091995820000001,6869215,2019-03-07 16:28:40,btc,0.4024638340322,410.022,0.00002862,btc,3705.9318,0.0204648952762,0.2146574034039,142
1,[],22,[],2019-03-07 16:28:44,1470.8988921568628,0.00004000,0.000000001550244,6869216,2019-03-07 16:28:44,BTC,3.00385504,0.0,0.00004000,BTC,891.218,0.0,0.0012358,142
0.0,[],25,[],2019-03-07 16:28:45,0.0,0,0,6869217,2019-03-07 16:28:45,,0.0,0.0,0.0,btc,0.0,0.0,0.0,142
1,[],28,[],2019-03-07 16:28:47,76124.0,0.00000820,0.00000000031780002,6869218,2019-03-07 16:28:47,btc,0.067100461059305,1293.0,0.00000820,btc,552.61077999,0.0,0.004304,142
0,[],22,[],2019-03-07 16:28:50,0.0,0,0,6869219,2019-03-07 16:28:50,,62.13631169,0.0,0,,837691921.3,0.0,0.0,143
0,[],22,[],2019-02-25 15:42:22,0.0,0,0,6783783,2019-02-25 15:42:22,,4.2131946,0.0,0,,2322156.0,0.0,0.0,146
,[],22,[],2018-11-20 23:01:11,0.0,0,0,4862114,2018-11-20 23:01:11,,2.56807021,0.0,,,61828.4988236,0.0,0.0,147
1,[],12,[],2019-03-07 16:28:51,290388.62147141,0.00000163000000000000006388227620501840675615312648005783557891845703125,0.00000000006317244300000001,6869220,2019-03-07 16:28:51,btc,1.5010412991466902,0.0,0.00000163000000000000006388227620501840675615312648005783557891845703125,btc,27948.65685214,0.0006789443041556,0.019780463999884198,148
1,[],4,[],2019-03-07 16:28:52,249816.24269682,0.00000029,0.000000000011239269000000001,6869221,2019-03-07 16:28:52,btc,219.99867057106937,0.0,0.00000029,btc,840456.57195852,0.0,0.0592902236365604,152
0,[],22,[],2019-03-07 16:28:55,0.0,0,0,6869222,2019-03-07 16:28:55,,0.0,0.0,0,,0.0,0.0,0.0,152
1,[],5,[],2019-03-07 16:28:57,0.0,0,0,6869223,2019-03-07 16:28:57,btc,0.0,0.0,0,btc,0.0,0.0,0.0,153
,[],16,[],2019-01-11 15:38:59,0.0,0,0,6366141,2019-01-11 15:38:59,btc,0.0,0.0,,btc,0.0,0.0,0.0,155
0,[],23,[],2019-01-20 23:24:29,0.0,0,0,6476932,2019-01-20 23:24:29,,0.0,0.0,0,,0.0,0.0,0.0,156
0,[],22,[],2019-03-07 16:29:04,0.0,0,0,6869224,2019-03-07 16:29:04,,6.7463875,0.0,0,,4674391.242592593,0.0,0.0,156
1,[],22,[],2019-03-07 16:29:08,7073.8,0.00005300,0.0000000020540733,6869225,2019-03-07 16:29:08,BTC,1.80343699,0.0,0.00005300,BTC,899.6422341958436,0.0,0.00104336,157
0,[],22,[],2019-03-07 16:29:12,0.0,0,0,6869226,2019-03-07 16:29:12,,50175.67608608,0.0,0,,54079135.04179466,0.0,0.0,158
,[],17,[],2018-11-20 22:56:10,0.0,0,0,4861976,2018-11-20 22:56:10,btc,1.1265625,0.0,,btc,1000.0,0.0,0.0,159
,[],20,[],2018-11-20 22:56:12,0.0,0,0,4861977,2018-11-20 22:56:12,btc,11912.7940471,0.0,,btc,34413894.3617,0.0,0.0,159
1,[],17,[],2019-03-07 16:19:59,29784.95,0.000001,0.0000000000388592,6869037,2019-03-07 16:19:59,btc,0.03026736251542,0.0,0.000001,btc,144.46171372,0.0,0.00716147,168
1,[],12,[],2019-03-07 16:29:13,135966.50078228,0.000006710000000000000130464215819525719552984810434281826019287109375,0.000000000260053431,6869227,2019-03-07 16:29:13,btc,0.3717002873974078,0.0,0.000006710000000000000130464215819525719552984810434281826019287109375,btc,7717.95128174,0.0096248856263898,0.0954188709216792,168
0,[],22,[],2019-03-07 13:06:36,0.0,0,0,6867364,2019-03-07 13:06:36,,1.1339604,0.0,0,,520283.17470714403,0.0,0.0,169
1,[],22,[],2019-03-07 16:29:20,203585.5,0.00000002,0.0000000000007751220000000001,6869228,2019-03-07 16:29:20,BTC,13.2504702,0.0,0.00000002,BTC,146216.2939341018,8.11e-06,0.00207171,171
1,[],22,[],2019-03-07 16:29:25,344087.42261904763,0.0000001,0.00000000000387561,6869229,2019-03-07 16:29:25,BTC,2.81411295,0.0,0.0000001,"BTC,LTC",285059.76939100603,0.00038448,0.01839784,173
1,[],5,[],2019-03-05 01:59:40,0.0,0,0,6845846,2019-03-05 01:59:40,btc,0.0,0.00384852,0,btc,0.0,0.0,0.0,175
1,[],22,[],2019-03-07 16:29:30,36500.0,0.00000021,0.000000000008138781000000001,6869230,2019-03-07 16:29:30,BTC,0.54826403,0.0,0.00000021,BTC,138776.41384013777,0.0,0.00227,176
0,[],2,[],2019-01-20 23:28:34,0.0,0,0,6477001,2019-01-20 23:28:34,,0.0,0.0,0,,0.0,0.0,0.0,178
1,[],7,[],2019-03-07 16:29:31,0.0,0,0,6869231,2019-03-07 16:29:31,btc,410909.37589672295,0.0,0,btc,116663049.56236698,0.0,0.0,178
0,[],22,[],2019-03-07 16:29:34,0.0,0,0,6869232,2019-03-07 16:29:34,,1.00242438,0.0,0,,57522.0,0.0,0.0,178
1,[],5,[],2019-03-07 16:20:22,0.0,0,0,6869043,2019-03-07 16:20:22,btc,0.0,0.08194815,0,btc,0.0,0.0,0.0,179
1,[],22,[],2019-03-07 16:20:27,6946826.0,0.00000002,0.000000000000777184,6869044,2019-03-07 16:20:27,BTC,5.67356573,0.0,0.00000002,"BTC,LTC",18498890.756535422,4.709e-05,0.37387724,179
0,[],23,[],2019-01-20 23:25:08,0.0,0,0,6476952,2019-01-20 23:25:08,,0.0,0.0,0,,0.0,0.0,0.0,179
1,[],17,[],2019-03-07 15:34:20,10504.725,0.0000001,0.0000000000038890199999999995,6868679,2019-03-07 15:34:20,btc,5.201069583844786,0.0,0.0000001,btc,5033.45945,0.0,0.0010504725,180
1,[],22,[],2019-03-07 16:29:51,1975008.6363636365,0.00000095,0.000000000036818295,6869233,2019-03-07 16:29:51,BTC,0.24912416,0.0,0.00000095,"BTC,LTC",85563.09190945134,0.0021850002513178436,0.56203305,180
1,[],26,[],2019-03-07 16:29:51,0.0,0.00000125,0.000000000048445125,6869234,2019-03-07 16:29:51,btc,0.0,390.0,0.00000125,btc,0.0,0.0,0.0,180
,[],7,[],2018-11-20 22:58:01,562227.975654,0.00000085,0.000000000036176765,4862015,2018-11-20 22:58:01,btc,21836.6059674,2491.87645172,,btc,749999.041456,0.00211021,0.127565380455,183
,[],5,[],2019-01-10 08:11:41,0.0,0,0,6347036,2019-01-10 08:11:41,btc,82.15055501,0.00261,,btc,1.19002445,0.0,0.0,187
,[],17,[],2018-11-16 20:58:10,4062536.27273,0.00000001,0.000000000000550501,4708775,2018-11-16 20:58:10,btc,3.36492563466,0.195460381006,,"btc,eth",110697919.549,0.0,0.0157628953496,187
1,[],24,[],2019-03-07 16:29:51,0.0,0.000000000001,3.87561e-17,6869235,2019-03-07 16:29:51,btc,0.0,0.0,0.000000000001,btc,0.0,0.0,0.0,187
0,[],22,[],2019-03-07 16:29:54,0.0,0,0,6869236,2019-03-07 16:29:54,,7.54802454,0.0,0,,79361.7243344055,0.0,0.0,191
0,[],22,[],2019-03-07 16:30:00,0.0,0,0,6869237,2019-03-07 16:30:00,,0.0,0.0,0,,0.0,0.0,0.0,197
0,[],23,[],2019-01-20 23:31:41,0.0,0,0,6477079,2019-01-20 23:31:41,,0.0,0.0,0,,0.0,0.0,0.0,199
0,[],22,[],2019-03-07 16:20:46,0.0,0,0,6869050,2019-03-07 16:20:46,,5.19077622,0.0,0,,21058553.0,0.0,0.0,199
1,[],26,[],2019-03-07 16:20:46,0.0,0.00000000,0,6869051,2019-03-07 16:20:46,btc,0.0,131860.0,0.00000000,btc,0.0,0.0,0.0,199
0,[],17,[],2019-01-30 16:32:01,0.0,0,0,6540827,2019-01-30 16:32:01,btc,6.802544163788159,0.0,0,btc,105897.55575295,0.0,0.0,200
0,[],2,[],2019-01-20 23:30:49,0.0,0,0,6477059,2019-01-20 23:30:49,,0.0,0.0,0,,0.0,0.0,0.0,201
1,[],4,[],2019-01-25 15:51:35,2084389.58565343,0.00000936,0.000000000333526752,6499557,2019-01-25 15:51:35,btc,2.0092503037378524,0.0,0.00000936,btc,160195.80207885,0.19272417,1.242687955921835,211
1,[],7,[],2019-03-07 16:30:04,1982956.80599413,0.000001129999999999999980629101885287735029805844533257186412811279296875,0.000000000043794393,6869238,2019-03-07 16:30:04,btc,15476653.358998206,1140784.03689,0.000001129999999999999980629101885287735029805844533257186412811279296875,btc,12868869.13719537,0.0,1.8184515545290811,212
1,[],12,[],2019-01-25 02:44:32,207462.42853209,0.000001080000000000000035831255497387193287295303889550268650054931640625,0.000000000038610756000000006,6493050,2019-01-25 02:44:32,btc,85023.03793723314,0.0,0.000001080000000000000035831255497387193287295303889550268650054931640625,btc,43675.73520027,0.000146250909087,0.0348620860622024,213
1,[],5,[],2019-03-07 16:30:05,0.0,0,0,6869239,2019-03-07 16:30:05,btc,0.0,0.40531701,0,btc,0.0,0.0,0.0,213
1,[],24,[],2019-03-07 16:30:05,0.0,0.000000120000,0.000000000004650732,6869240,2019-03-07 16:30:05,btc,0.0,0.0,0.000000120000,btc,0.0,0.0,0.0,213
1,[],26,[],2019-03-07 16:30:05,0.0,0.00000010,0.00000000000387561,6869241,2019-03-07 16:30:05,btc,0.0,0.0,0.00000010,btc,0.0,0.0,0.0,213
1,[],22,[],2019-03-07 16:30:09,56616.0,0.00000003,0.000000000001162683,6869242,2019-03-07 16:30:09,BTC,2.23599134,0.0,0.00000003,BTC,701743.3963726171,0.00025208,0.00111678,216
1,[],27,[],2019-03-07 16:30:12,1304297.0,0.00000004,0.0000000000015502440000000002,6869243,2019-03-07 16:30:12,btc,317.9846054547724,0.0,0.00000004,"btc,ltc",240763.990324,0.0,0.03399984000026624,216
1,[],22,[],2019-03-07 16:30:16,172350.52409638555,0.00000184,0.000000000071311224,6869244,2019-03-07 16:30:16,BTC,12673.4033605,0.0,0.00000184,BTC,385006.88434398995,0.0469424,0.19736284,217
1,[],7,[],2019-03-07 16:30:17,0.0,0,0,6869245,2019-03-07 16:30:17,btc,77969.39215740134,0.0,0,btc,136268679.67428493,0.0,0.0,219
0,[],27,[],2019-03-07 16:30:19,0.0,0,0,6869246,2019-03-07 16:30:19,,0.04027288,0.0,0,btc,2037233.0,0.0,0.0,219
0.0000000000000052,[],28,[],2019-03-07 16:30:27,168861539.41,5.7200520000000004e-18,2.216869073172e-22,6869247,2019-03-07 16:30:27,doge,84451.8501148375,21020.296,0.00110001,"btc,doge",3563815.34751,0.0,1.6147780126034232e-11,219
1,[],22,[],2019-03-07 16:30:31,370290.0,0.00000005,0.000000000001937805,6869248,2019-03-07 16:30:31,BTC,2.78327415,0.0,0.00000005,BTC,94649.27041875875,0.00050745,0.01488416,221
1,[],24,[],2019-03-07 16:30:31,0.0,0.000000200000,0.00000000000775122,6869249,2019-03-07 16:30:31,btc,0.0,0.0,0.000000200000,btc,0.0,0.0,0.0,221
1,[],20,[],2019-03-07 16:21:14,39105329.5253,0.000000001,0.000000000000038859200000000003,6869064,2019-03-07 16:21:14,btc,48.4427536687255,172770.0,0.000000001,btc,16154115.0042,0.00034554,0.0391053295253,224
0,[],22,[],2019-03-07 16:21:35,0.0,0,0,6869065,2019-03-07 16:21:35,,0.0,0.0,0,,0.0,0.0,0.0,224
1,[],26,[],2019-03-07 16:30:31,0.0,0.00000035,0.000000000013564635000000001,6869250,2019-03-07 16:30:31,btc,0.0,0.0,0.00000035,btc,0.0,0.0,0.0,231
1,[],26,[],2019-03-07 16:30:32,0.0,0.00000005,0.000000000001937805,6869251,2019-03-07 16:30:32,btc,0.0,100.0,0.00000005,btc,0.0,0.0,0.0,234
0.0000000003527882,[],27,[],2019-03-07 16:30:34,2000.0,3.527882000000001e-18,1.3672694758020002e-22,6869252,2019-03-07 16:30:34,eth,0.01134836604,0.0,0.00000001,"btc,eth",11462.996,0.0,7.055764000000001e-15,234
1,[],4,[],2019-03-07 16:30:35,871649.39685364,0.00000073,0.000000000028291953000000003,6869253,2019-03-07 16:30:35,btc,4.7642875661196875,0.0,0.00000073,btc,1259667.24239305,0.01909278,0.2632612317370734,236
1,[],24,[],2019-03-07 16:30:35,0.0,0.000000300000,0.00000000001162683,6869254,2019-03-07 16:30:35,btc,0.0,0.0,0.000000300000,btc,0.0,0.0,0.0,236
1,[],20,[],2019-03-07 16:30:37,167629170.8519,0.00000006,0.000000000002325366,6869255,2019-03-07 16:30:37,btc,14.1058370441118,6808098.4916,0.00000006,btc,41925023.2511,0.4183207440924,0.5783644753174,237
0.00000000014791230000000002,[],22,[],2019-03-07 16:30:41,751594.9,2.5145091000000003e-17,9.745256613051001e-22,6869256,2019-03-07 16:30:41,LTC,0.04119358,0.0,0.00000017,LTC,7239.2,0.0,0.12541949,237
1,[],4,[],2019-03-07 16:21:47,8798980.50902677,0.00000036,0.000000000013989312,6869073,2019-03-07 16:21:47,btc,8.742875104697571,0.0,0.00000036,btc,10586858.18372516,0.5175544,2.207777324533126,238
1,[],5,[],2019-03-07 16:21:48,0.0,0,0,6869074,2019-03-07 16:21:48,btc,0.0,0.00113445,0,btc,0.0,0.0,0.0,238
0,[],22,[],2019-03-06 06:43:11,0.0,0,0,6856376,2019-03-06 06:43:11,,0.41338918,0.0,0,,316326.5639027493,0.0,0.0,249
0.00000000014791230000000002,[],22,[],2019-03-07 16:30:45,62675683.777777776,1.3312107000000001e-17,5.159253501027e-22,6869257,2019-03-07 16:30:45,LTC,1.38092628,0.0,0.00000009,LTC,21127071.09,8.2666615120497e-11,1.75078861,252
1,[],28,[],2019-03-07 16:21:54,3006880.767,0.00000037,0.000000000014377904,6869076,2019-03-07 16:21:54,btc,164733.0424800684,235058.4209,0.00000037,btc,2765136.2178,0.0,0.4894712518,256
1,[],22,[],2019-03-07 16:30:49,1290561.0,0.00000003,0.000000000001162683,6869258,2019-03-07 16:30:49,BTC,31.48166323,0.0,0.00000003,BTC,719270.3457866946,5.5e-07,0.01764975,258
1,[],22,[],2019-03-07 16:22:03,48751.0,0.00000001,0.000000000000388592,6869078,2019-03-07 16:22:03,BTC,2.4175745,0.0,0.00000001,BTC,1762.0,0.0,0.00048751,259
1,[],5,[],2019-03-07 16:30:50,0.0,0,0,6869259,2019-03-07 16:30:50,btc,0.0,0.16799394,0,btc,0.0,0.0,0.0,264
1,[],20,[],2019-03-07 16:30:52,1254010.9363,0.00000191,0.000000000074024151,6869260,2019-03-07 16:30:52,btc,7.4732825240198,77878.4627,0.00000191,btc,108332.3467,0.1627337303445,0.0182740520395,264
0,[],22,[],2019-03-07 16:30:55,0.0,0,0,6869261,2019-03-07 16:30:55,,8.45820143,0.0,0,,451287.34411321935,0.0,0.0,271
0,[],22,[],2019-03-07 16:30:58,0.0,0,0,6869262,2019-03-07 16:30:58,,266.25196304,0.0,0,,13937792667.692,0.0,0.0,272
0.0000000000000052,[],28,[],2019-03-07 16:31:02,237165103537.905,4.888e-21,1.8943981680000002e-25,6869263,2019-03-07 16:31:02,doge,37032844.42232769,7830090000.0,0.00000094,doge,237876118116.0003,0.0,6.980080407031298e-10,272
1,[],22,[],2019-03-07 16:22:38,173116.74,0.0000009,0.00000000003497328,6869084,2019-03-07 16:22:38,BTC,74.45437649,0.0,0.0000009,"BTC,LTC",33883.48778575859,0.021383,0.05109162,281
1,[],22,[],2019-03-07 16:31:07,250193.11538461538,0.00000014,0.000000000005425854,6869264,2019-03-07 16:31:07,BTC,0.3919681,0.0,0.00000014,BTC,214416.43370332324,0.04617215,0.02882651,286
0,[],22,[],2019-03-07 16:31:11,0.0,0,0,6869265,2019-03-07 16:31:11,,43638.74003002,0.0,0,,691637845.0,0.0,0.0,294
