pairValue,buyBook,exchangeId,sellBook,updated,buyTotal,satoshiPrice,usdPrice,exchangeLogId,created,bestPair,sellTotalBtc,volume,pairPrice,activePairs,sellTotal,volumeBtc,buyTotalBtc,coinId
1,[],20,[],2019-06-04 19:55:29,936.3087,0.00920001,0.000000703173324318,7738176,2019-06-04 19:55:29,btc,0.2216632810336,0.2835,0.00920001,btc,17.1772,0.0026122578014,0.1215892301556,1
1,[],3,[],2019-06-04 20:23:02,31462.9701743023,0.01065238999999999942869255420418994617648422718048095703125,0.000000817479321946,7738316,2019-06-04 20:23:02,btc,33.756609087805884,41.3935185778,0.01065238999999999942869255420418994617648422718048095703125,btc,21.933487959188,0.0,0.21435341692593196,1
1,[],4,[],2019-06-04 20:23:03,207671.853275,0.01068256,0.0000008197946099840001,7738317,2019-06-04 20:23:03,btc,7.910899933934333,0.0,0.01068256,btc,330.01169695,0.84801576,0.545345919883956,1
1,[],5,[],2019-06-04 20:23:05,0.0,0,0,7738318,2019-06-04 20:23:05,btc,0.0,0.05252723,0,btc,0.0,0.0,0.0,1
1,[],10,[],2019-06-04 20:23:07,130468.95620062,0.00609213,0.00000046751858518200006,7738319,2019-06-04 20:23:07,btc,6518.7571560482,1613.94837112,0.00609213,btc,1262.20608217,0.0,2.155371279461016,1
1,[],12,[],2019-06-04 20:23:10,72.59010869,0.01077000000000000005939693181744587491266429424285888671875,0.0000008265048780000001,7738320,2019-06-04 20:23:10,btc,0.1540000464558,0.0,0.01077000000000000005939693181744587491266429424285888671875,btc,13.39554428,0.255118009057,0.2620045926953,1
1,[],21,[],2019-06-04 20:23:13,2098.90870531,0.01077402000000000047152948213,0.0000008268133784280001,7738321,2019-06-04 20:23:13,btc,10.887761758338153,5567.40585003,0.01077402000000000047152948212669798522256314754486083984375,"btc,eth",1419.75889468,57.512429553742244,18.514373019871076,1
1,[],22,[],2019-06-04 20:23:17,0.0025666666666666667,0.00900000,0.0000006906726,7738322,2019-06-04 20:23:17,BTC,0.31629903,0.0,0.00900000,BTC,0.2505752479991019,0.0,2.31e-05,1
1,[],24,[],2019-06-04 20:23:18,0.0,0.000000000000,0,7738323,2019-06-04 20:23:18,btc,0.0,0.0,0.000000000000,btc,0.0,0.0,0.0,1
0,[],2,[],2019-01-20 23:28:45,0.0,0,0,6477011,2019-01-20 23:28:45,,0.0,0.0,0,,0.0,0.0,0.0,1
0.0,[],25,[],2019-06-04 20:23:19,0.0,0,0,7738324,2019-06-04 20:23:19,btc,12.299999999515801,8702.67111598,0.0,btc,1118.00118151,95.977,0.0,1
1,[],26,[],2019-06-04 20:23:21,0.0,0,0,7738325,2019-06-04 20:23:21,,0.0,0.0,0,,0.0,0.0,0.0,1
0,[],28,[],2019-06-04 20:23:21,0.0,0,0,7738326,2019-06-04 20:23:21,,0.0,0.0,0,,0.0,0.0,0.0,1
1,[],5,[],2019-06-04 20:23:22,0.0,0,0,7738327,2019-06-04 20:23:22,btc,0.0,0.0239196,0,btc,0.0,0.0,0.0,2
1,[],22,[],2019-06-04 20:23:26,11638.0,0.0000002,0.00000000001534828,7738328,2019-06-04 20:23:26,BTC,21.00897301,0.0,0.0000002,"BTC,XMR",20678.87287795317,0.0,0.00145435,2
1,[],5,[],2019-06-03 14:48:58,0.0,0,0,7731126,2019-06-03 14:48:58,btc,0.0,0.05905545,0,btc,0.0,0.0,0.0,3
1,[],12,[],2019-06-03 14:48:59,3468623.70302,0.000000116,0.000000000009823402000000002,7731127,2019-06-03 14:48:59,btc,169531.0336573751,0.0,0.000000116,btc,2361209.62379607,0.041350953071,0.33764769154428,3
0,[],28,[],2019-06-03 14:49:00,0.0,0,0,7731128,2019-06-03 14:49:00,,0.0,0.0,0,,0.0,0.0,0.0,3
0,[],2,[],2019-01-20 23:31:32,0.0,0,0,6477077,2019-01-20 23:31:32,,0.0,0.0,0,,0.0,0.0,0.0,4
1,[],4,[],2019-05-18 21:29:50,562734.9206932,0.00000010,0.000000000007298720000000001,7650946,2019-05-18 21:29:50,btc,41.9347137769675,0.0,0.00000010,btc,1123702.32192634,0.00052462,0.029254593370966,4
0,[],12,[],2019-06-02 05:03:43,0.0,0,0,7724919,2019-06-02 05:03:43,btc,625.901992874995,0.0,0,btc,1211362.4995005,0.0,0.0,5
0,[],2,[],2019-01-20 23:31:51,0.0,0,0,6477087,2019-01-20 23:31:51,,0.0,0.0,0,,0.0,0.0,0.0,6
1,[],11,[],2019-06-04 20:23:28,9525359.276736,0.00000002,0.000000000001534828,7738329,2019-06-04 20:23:28,btc,9582.834946672145,1860540.0,0.00000002,btc,67491862.19260395,0.0,0.14099044276736,6
1,[],3,[],2019-06-04 20:23:29,11262.306941096169,0.000089110000000000005719071050069857164999120868742465972900390625,0.0000000068384261540000005,7738330,2019-06-04 20:23:29,btc,0.12521195456756762,379.641756169,0.000089110000000000005719071050069857164999120868742465972900390625,btc,282.933788788405,0.0,0.017268628807613203,7
1,[],4,[],2019-06-04 20:23:30,330752.93984885,0.00007816,0.000000005998107824,7738331,2019-06-04 20:23:30,btc,8.350243106081683,0.0,0.00007816,btc,59527.78901953,1.64293379,2.4746803185581063,7
1,[],5,[],2019-06-04 20:23:31,0.0,0,0,7738332,2019-06-04 20:23:31,btc,0.0,0.05393956,0,btc,0.0,0.0,0.0,7
1,[],20,[],2019-04-07 22:06:50,3201475.0482,0.000000001,0.000000000000051590000000000004,7213932,2019-04-07 22:06:50,btc,30.8005781811902,0.0,0.000000001,btc,23077405.3926,0.0,0.0032014750482,8
0,[],2,[],2019-01-20 23:22:42,0.0,0,0,6476876,2019-01-20 23:22:42,,0.0,0.0,0,,0.0,0.0,0.0,9
0,[],23,[],2019-01-20 23:22:48,0.0,0,0,6476878,2019-01-20 23:22:48,,0.0,0.0,0,,0.0,0.0,0.0,9
1,[],1,[],2019-02-17 23:31:42,1822507.21,0.00000181000000000000003456111265232042484285557293333113193511962890625,0.000000000066086901,6701244,2019-02-17 23:31:42,btc,3.6990969245,17153386.5,0.00000181000000000000003456111265232042484285557293333113193511962890625,btc,1997391.71,31.11772986,3.2610482446,9
1,[],4,[],2019-06-04 20:23:32,2431084.23294054,0.00000047,0.000000000036068458,7738333,2019-06-04 20:23:32,btc,3.2306544264971406,0.0,0.00000047,btc,3197517.6705536,0.31876121,0.458810268160018,9
0,[],28,[],2019-06-04 20:23:33,0.0,0,0,7738334,2019-06-04 20:23:33,,0.0,0.0,0,,0.0,0.0,0.0,9
1,[],4,[],2019-02-17 11:22:43,4341674.27126056,0.00000002,0.0000000000007272960000000001,6696112,2019-02-17 11:22:43,btc,0.1997230937751353,0.0,0.00000002,btc,4109766.79808031,0.00215132,0.0479381022052112,10
0,[],2,[],2019-01-20 23:23:08,0.0,0,0,6476890,2019-01-20 23:23:08,,0.0,0.0,0,,0.0,0.0,0.0,12
1,[],4,[],2019-06-04 20:23:33,10255135.44082308,0.00000043,0.000000000032998802,7738335,2019-06-04 20:23:33,btc,4.469401227029135,0.0,0.00000043,btc,4543700.2877892,2.16025793,1.9793891146989242,12
1,[],5,[],2019-06-04 20:23:34,0.0,0,0,7738336,2019-06-04 20:23:34,btc,0.0,0.32835802,0,btc,0.0,0.0,0.0,12
0.0,[],25,[],2019-06-04 20:23:36,0.0,0,0,7738337,2019-06-04 20:23:36,,0.0,0.0,0.0,btc,0.0,0.0,0.0,12
1,[],4,[],2019-06-04 20:23:37,480388.17135795,0.00000528,0.00000000040519459200000004,7738338,2019-06-04 20:23:37,btc,2.004748715079004,0.0,0.00000528,btc,274875.12681463,0.60386407,0.4820545315401587,13
1,[],10,[],2019-06-04 20:23:39,340920.38143628,0.00000524,0.000000000402124936,7738339,2019-06-04 20:23:39,btc,666803.240326751,6993.66026637,0.00000524,btc,872526.50221079,0.0,0.1972169976017061,13
1,[],21,[],2019-06-04 20:23:41,1329340.96015602,0.000005159999999999999724148609659,0.000000000395985624,7738340,2019-06-04 20:23:41,btc,5.030036325475323,1780159.58604099,0.000005159999999999999724148609658858077864351798780262470245361328125,btc,821470.82407328,9.51548156,4.372468542866988,13
0,[],17,[],2019-05-03 00:53:32,0.0,0,0,7558876,2019-05-03 00:53:32,btc,0.0,0.0,0,btc,0.0,0.0,0.0,14
1,[],4,[],2019-06-04 20:23:42,866544.11370974,0.00000077,0.000000000059090878,7738341,2019-06-04 20:23:42,btc,4.28164975304774,0.0,0.00000077,btc,808625.40991755,0.00400727,0.0583843560475045,14
1,[],12,[],2019-06-04 20:23:44,135671.50003605,0.00000073,0.000000000056021222000000005,7738342,2019-06-04 20:23:44,btc,14.143159278639288,0.0,0.00000073,btc,31965.57755951,0.0,0.0151433299999629,14
1,[],26,[],2019-06-04 20:25:44,0.0,0.00000050,0.0000000000383707,7738343,2019-06-04 20:25:44,btc,0.0,0.0,0.00000050,btc,0.0,0.0,0.0,14
,[],12,[],2018-12-01 15:15:48,204241.84496,0.00000489,0.000000000202473384,5260204,2018-12-01 15:15:48,btc,49.5475654835,0.0,,btc,35763.2193806,0.0163153972027625,0.0203389899998,15
0,[],4,[],2019-06-04 20:25:45,0.0,0,0,7738344,2019-06-04 20:25:45,,0.0,0.0,0,,0.0,0.0,0.0,15
0,[],2,[],2019-01-20 23:23:38,0.0,0,0,6476906,2019-01-20 23:23:38,,0.0,0.0,0,,0.0,0.0,0.0,18
0,[],17,[],2019-05-03 00:53:39,0.0,0,0,7558882,2019-05-03 00:53:39,btc,0.0,0.0,0,btc,0.0,0.0,0.0,18
1,[],4,[],2019-06-04 20:25:46,29866.6732136,0.00001110,0.0000000008518295400000001,7738345,2019-06-04 20:25:46,btc,0.9765780919864115,0.0,0.00001110,btc,11296.47056687,0.05350262,0.0359105853970461,18
1,[],10,[],2019-06-04 20:25:48,113265.57310757,0.00001127,0.0000000008648755780000001,7738346,2019-06-04 20:25:48,btc,15.240036904890715,12742.0124716,0.00001127,btc,12934.36450343,0.0,0.1478613239539364,18
1,[],12,[],2019-06-04 20:25:49,2813.13802365,0.000010879999999999999168846277763922358872150653041899204254150390625,0.000000000834946432,7738347,2019-06-04 20:25:49,btc,0.4100632402178254,0.0,0.000010879999999999999168846277763922358872150653041899204254150390625,btc,1721.35135713,1.7885416e-05,0.0135307094346103,18
0,[],2,[],2019-01-20 23:24:19,0.0,0,0,6476924,2019-01-20 23:24:19,,0.0,0.0,0,,0.0,0.0,0.0,19
1,[],3,[],2019-06-04 20:27:49,143661.91549409722,0.00000566000000000000001916002079216383435777970589697360992431640625,0.000000000434356324,7738348,2019-06-04 20:27:49,btc,0.1661984049736296,5457.91557844,0.00000566000000000000001916002079216383435777970589697360992431640625,btc,5152.50539935349,0.0,0.05058834063610539,19
1,[],4,[],2019-06-04 20:27:50,536493.35233248,0.00000794,0.000000000609326716,7738349,2019-06-04 20:27:50,btc,4.181436132057234,0.0,0.00000794,btc,193822.26579252,0.17292023,0.5449532816723341,19
1,[],5,[],2019-06-04 20:27:51,0.0,0,0,7738350,2019-06-04 20:27:51,btc,0.0,0.0,0,btc,0.0,0.0,0.0,19
1,[],12,[],2019-06-04 20:27:52,109355.86248232,0.000007089999999999999880334437818429904609729419462382793426513671875,0.000000000544096526,7738351,2019-06-04 20:27:52,btc,0.0508687557876786,0.0,0.000007089999999999999880334437818429904609729419462382793426513671875,btc,1949.0831785,0.0,0.021611809999774,19
0,[],27,[],2019-06-04 20:27:57,0.0,0,0,7738352,2019-06-04 20:27:57,,0.0,0.0,0,btc,0.0,0.0,0.0,19
1,[],4,[],2019-06-04 20:27:58,10062076.88478525,0.00000007,0.000000000005371898,7738353,2019-06-04 20:27:58,btc,6.4029639466023385,0.0,0.00000007,btc,2322306.93095912,0.0,0.1174938176872809,20
0,[],17,[],2019-05-03 00:53:51,0.0,0,0,7558891,2019-05-03 00:53:51,btc,0.0,0.0,0,btc,0.0,0.0,0.0,21
1,[],4,[],2019-06-04 20:28:00,5025021.084,0.00000001,0.000000000000767414,7738354,2019-06-04 20:28:00,btc,39235.22559054961,0.0,0.00000001,btc,76687008.01359268,0.00542392,0.05025021084,21
1,[],12,[],2019-06-04 20:28:01,1324568.0,0.00000001,0.000000000000767414,7738355,2019-06-04 20:28:01,btc,2566.6488669131268,0.0,0.00000001,btc,5432603.15584414,0.00082945,0.013245680000000001,21
1,[],12,[],2019-06-04 20:30:03,5099111952.0,0.0000000003,0.000000000000023022420000000002,7738356,2019-06-04 20:30:03,btc,726731457.058681,0.0,0.0000000003,btc,3145306648.7620006,0.025062526365,1.1349511198,23
0.0000000003104656,[],27,[],2019-06-04 20:30:13,67359277.586739,6.209312e-18,4.765112959168001e-22,7738357,2019-06-04 20:30:13,eth,1023.363917138657,532526455.31166,0.00000002,eth,18256117.1564255,3.306622910453616e-09,2.2004462441533719e-10,23
1,[],4,[],2019-06-04 20:30:14,1831072.9603996,0.00000021,0.000000000016115694,7738358,2019-06-04 20:30:14,btc,10.660424698879273,0.0,0.00000021,btc,1795751.79712858,0.00285731,0.0538008649400053,24
0,[],22,[],2019-06-04 20:30:16,0.0,0,0,7738359,2019-06-04 20:30:16,,0.0,0.0,0,,0.0,0.0,0.0,24
0.0,[],25,[],2019-06-04 20:30:18,0.0,0,0,7738360,2019-06-04 20:30:18,,0.0,0.0,0.0,btc,0.0,0.0,0.0,24
0,[],2,[],2019-01-20 23:25:56,0.0,0,0,6476976,2019-01-20 23:25:56,,0.0,0.0,0,,0.0,0.0,0.0,26
1,[],4,[],2019-06-04 20:30:18,26945213.53536184,0.00000486,0.00000000037296320400000004,7738361,2019-06-04 20:30:18,btc,9.244146622032082,0.0,0.00000486,btc,219237.62264163,0.05177236,0.4934033676173844,26
1,[],10,[],2019-06-04 20:30:22,71818.19268034,0.00000501,0.00000000038447441400000005,7738362,2019-06-04 20:30:22,btc,25.27710578444126,4712.57277754,0.00000501,btc,21145.2958199,0.0,0.0326722050482346,26
1,[],5,[],2019-04-26 09:47:06,0.0,0,0,7465326,2019-04-26 09:47:06,btc,0.0,0.0,0,btc,0.0,0.0,0.0,27
1,[],3,[],2019-06-04 20:30:22,20580188.185043,0.00000001,0.000000000000767414,7738363,2019-06-04 20:30:22,btc,3.762988787860393,3938012.98668,0.00000001,btc,26016219.26895266,0.0,0.20580188185043,27
1,[],11,[],2019-06-04 20:30:24,2071589.08157834,0.00000002,0.000000000001534828,7738364,2019-06-04 20:30:24,btc,67503.06357066176,19676.5543251,0.00000002,btc,6639861.32608848,0.0,0.0211134458157834,27
1,[],4,[],2019-06-04 20:30:25,1204518241.51316,0.00000001,0.000000000000767414,7738365,2019-06-04 20:30:25,btc,5.3496594379362294,0.0,0.00000001,"btc,ltc",329521904.2783154,0.05776128,8.769456001151736,29
1,[],7,[],2019-06-04 20:30:27,90452021.33155985,0.00000001,0.000000000000767414,7738366,2019-06-04 20:30:27,btc,46548272.19864924,0.0,0.00000001,btc,37056793.13874187,0.0,0.9045202133155985,29
0,[],17,[],2019-05-03 01:11:25,0.0,0,0,7559066,2019-05-03 01:11:25,btc,0.0,0.0,0,btc,0.0,0.0,0.0,30
1,[],4,[],2019-06-04 20:30:28,15294731.1675631,0.00000006,0.000000000004604484,7738367,2019-06-04 20:30:28,btc,2.514267206551824,0.0,0.00000006,btc,2040911.22285505,0.00283206,0.1729002432094358,30
1,[],4,[],2019-06-04 20:04:52,193375.53736923,0.00004519,0.0000000034539530420000002,7738224,2019-06-04 20:04:52,btc,2.8504046210083467,0.0,0.00004519,btc,39542.21385812,0.41090677,0.5131659223549885,31
1,[],21,[],2019-06-04 20:04:53,166313.38204389,0.00004526999999999999855495799728,0.000000003460067586,7738225,2019-06-04 20:04:53,btc,5.714771866939259,172277.58538669,0.0000452699999999999985549579972765599222839227877557277679443359375,btc,116839.83536235,7.68503538,6.16867976518408,31
0,[],2,[],2019-01-20 23:28:43,0.0,0,0,6477009,2019-01-20 23:28:43,,0.0,0.0,0,,0.0,0.0,0.0,32
0,[],4,[],2019-06-04 20:04:55,0.0,0,0,7738226,2019-06-04 20:04:55,,0.0,0.0,0,,0.0,0.0,0.0,33
1,[],12,[],2019-03-30 07:55:10,40641173.964,0.00000003,0.000000000001228359,7108785,2019-03-30 07:55:10,btc,4233210.82356125,0.0,0.00000003,btc,28378394.68333462,0.0126927883965248,0.90752895892,33
0.0000000001307086,[],4,[],2019-06-04 20:04:56,389060192.3385559,5.881887e-17,4.495632108066e-21,7738227,2019-06-04 20:04:56,ltc,3.7911344059666363,0.0,0.00000045,ltc,154871612.83846954,0.00174287,1.2820355725362137e-09,34
1,[],5,[],2019-06-04 20:04:58,0.0,0,0,7738228,2019-06-04 20:04:58,btc,0.0,3.989e-05,0,btc,0.0,0.0,0.0,34
0.0000000002926451,[],17,[],2019-05-02 18:17:47,200000.0,2.9264510000000002e-18,1.596703856561e-22,7556430,2019-05-02 18:17:47,eth,0.20942468735267253,0.0,0.00000001,"btc,eth",1018272.20243647,0.0,5.852902e-13,36
0.0000000001311821,[],4,[],2019-05-31 13:28:19,2417517744.0607657,1.311821e-18,1.105058333085e-22,7717483,2019-05-31 13:28:19,ltc,5.019900492391546e-08,0.0,0.00000001,ltc,7102398142.262129,0.0,3.171350544531538e-09,36
1,[],5,[],2019-05-31 13:28:21,0.0,0,0,7717484,2019-05-31 13:28:21,btc,0.0,0.0,0,btc,0.0,0.0,0.0,36
0.0000000003108179,[],27,[],2019-05-31 13:30:34,10388811.226876,6.216358000000001e-18,5.236566733830001e-22,7717485,2019-05-31 13:30:34,eth,1569.8708019850988,761866.634299,0.00000002,"ltc,eth",5084024.2511555,4.736034912207001e-12,3.3251980286483705e-11,36
1,[],4,[],2019-06-04 20:04:59,9974711.77341303,0.00000016,0.000000000012229088000000001,7738229,2019-06-04 20:04:59,btc,19772.47792097437,0.0,0.00000016,btc,713150.36279513,0.01117316,0.1276402261766068,37
1,[],12,[],2019-06-04 20:04:59,3843891.99,0.00000019,0.000000000014522042000000001,7738230,2019-06-04 20:04:59,btc,10.502653056803213,0.0,0.00000019,btc,1661869.20160677,0.027644589495,0.1705471481,37
1,[],27,[],2019-06-04 20:07:07,11126.0,0.00000018,0.000000000013757724,7738231,2019-06-04 20:07:07,btc,22.62970013895233,0.0,0.00000018,btc,4298.824295,0.0,0.00165394,37
1,[],17,[],2019-05-03 01:11:36,211752.74075282,0.00000025,0.000000000013700074999999998,7559074,2019-05-03 01:11:36,btc,0.055484923955058496,0.0,0.00000025,"btc,eth",1387.19918473,0.0,0.0005381851887916605,37
1,[],5,[],2019-06-04 20:07:08,0.0,0,0,7738232,2019-06-04 20:07:08,btc,0.0,0.01497013,0,btc,0.0,0.0,0.0,42
1,[],12,[],2019-06-04 20:07:09,130252.6062532,0.000001039999999999999995289683661636725986454621306620538234710693359375,0.00000000007948907200000001,7738233,2019-06-04 20:07:09,btc,24.813901229272755,0.0,0.000001039999999999999995289683661636725986454621306620538234710693359375,btc,77136.5390151,0.012403630484,0.0450450768898302,42
1,[],27,[],2019-06-04 20:07:17,506.0,0.00000002,0.0000000000015286360000000002,7738234,2019-06-04 20:07:17,btc,0.07600425,0.0,0.00000002,"btc,eth",18.0,0.0,6.000000326047932e-06,42
1,[],12,[],2019-03-13 09:13:29,1112112.0,0.00000001,0.000000000000386531,6919902,2019-03-13 09:13:29,btc,29058.00478931866,0.0,0.00000001,btc,5967681.93306694,9.99000999e-07,0.01112112,43
1,[],5,[],2019-04-26 22:38:52,0.0,0,0,7474154,2019-04-26 22:38:52,btc,0.0,0.02638891,0,btc,0.0,0.0,0.0,43
0,[],17,[],2019-04-26 22:38:53,0.0,0,0,7474155,2019-04-26 22:38:53,btc,0.0,0.0,0,btc,0.0,0.0,0.0,43
1,[],12,[],2019-03-05 01:54:08,639326.02,0.00000004,0.000000000001486676,6845775,2019-03-05 01:54:08,btc,11116042.728239931,0.0,0.00000004,btc,1103841.4595604,0.0003330765234764,0.014975410599999999,44
1,[],4,[],2019-06-04 20:07:19,104428998.49772288,0.00000001,0.0000000000007643180000000001,7738235,2019-06-04 20:07:19,btc,2660396.611782274,0.0,0.00000001,"btc,ltc",28488474.38240226,0.00124926,0.026949367487746057,49
0.0000000001307086,[],4,[],2019-06-04 20:07:20,131364326.91376562,3.3984236e-17,2.5974763291048e-21,7738236,2019-06-04 20:07:20,ltc,194919.97353755817,0.0,0.00000026,ltc,176818973.7633107,0.0,1.473076221290284e-09,52
0,[],22,[],2019-06-04 20:07:23,0.0,0,0,7738237,2019-06-04 20:07:23,,10289.52569349,0.0,0,,305146396.4566013,0.0,0.0,57
0,[],27,[],2019-06-04 20:07:30,0.0,0,0,7738238,2019-06-04 20:07:30,,0.0,0.0,0,"btc,eth",0.0,0.0,0.0,57
0.0000000001307086,[],4,[],2019-06-04 20:07:31,3527194818.5721416,1.307086e-18,9.990293573480001e-23,7738239,2019-06-04 20:07:31,ltc,19.341013320559735,0.0,0.00000001,ltc,5804767409.741686,0.0,4.610346966628187e-09,58
1,[],12,[],2019-06-04 20:07:33,984269409.0,0.0000000001,0.000000000000007643180000000001,7738240,2019-06-04 20:07:33,btc,1806189.7833838332,0.0,0.0000000001,btc,3553570304.8091474,0.000149704547,0.09842694090000001,58
0.0000000001079923,[],22,[],2019-06-04 20:09:36,126877.0,1.079923e-18,8.254045875140001e-23,7738241,2019-06-04 20:09:36,XMR,68.17454206,0.0,0.00000001,XMR,9626402.6,0.0,0.00126877,58
1,[],17,[],2019-05-03 01:12:09,1200000.0,0.0000000001,0.00000000000000548003,7559085,2019-05-03 01:12:09,btc,1e+24,0.0,0.0000000001,"btc,eth",39516342.31952568,0.0,0.00010000000058666061,58
1,[],5,[],2019-06-04 20:09:38,0.0,0,0,7738242,2019-06-04 20:09:38,btc,0.0,0.00231669,0,btc,0.0,0.0,0.0,61
1,[],22,[],2019-06-04 20:09:40,13613.833333333334,0.00000012,0.000000000009171816,7738243,2019-06-04 20:09:40,BTC,1002.29123003,0.0,0.00000012,BTC,15014.200177125656,0.0,0.00153269,61
1,[],26,[],2019-06-04 20:09:41,0.0,0.00000050,0.0000000000382159,7738244,2019-06-04 20:09:41,btc,0.0,0.0,0.00000050,btc,0.0,0.0,0.0,61
1,[],27,[],2019-06-04 20:09:48,8450.0,0.0000002,0.000000000015286360000000002,7738245,2019-06-04 20:09:48,btc,1.9582485601246655,0.0,0.0000002,"btc,eth",11379.41563696,0.0,0.001522,61
0,[],28,[],2019-06-04 20:09:48,0.0,0,0,7738246,2019-06-04 20:09:48,,0.0,0.0,0,,0.0,0.0,0.0,61
1,[],4,[],2019-06-04 20:09:49,873262.80405003,0.00000079,0.000000000060381122,7738247,2019-06-04 20:09:49,btc,2.922084596336799,0.0,0.00000079,btc,915724.93158023,0.04120737,0.4559207401694495,67
0.0,[],25,[],2019-06-04 20:09:50,0.0,0,0,7738248,2019-06-04 20:09:50,,0.0,0.0,0.0,btc,0.0,0.0,0.0,67
1,[],12,[],2019-06-02 06:23:14,910048.355,0.00000006,0.000000000005154929999999999,7725270,2019-06-02 06:23:14,btc,5.167005424215783,0.0,0.00000006,btc,738530.60239759,0.003159757462,0.0187188113,71
,[],5,[],2018-11-20 23:02:39,1.5e-07,0.00000005,0.000000000002128045,4862160,2018-11-20 23:02:39,btc,2.84511358,0.0,,btc,0.00036572,0.0,0.07381892,74
1,[],5,[],2019-06-04 20:09:51,0.0,0,0,7738249,2019-06-04 20:09:51,btc,0.0,0.51497909,0,btc,0.0,0.0,0.0,75
1,[],4,[],2019-06-04 03:25:15,715281.46076168,0.00000001,0.000000000000803619,7734085,2019-06-04 03:25:15,btc,581089.6218469425,0.0,0.00000001,btc,37692563.61091116,0.0,0.0071528146076168,81
0,[],20,[],2019-01-25 09:30:31,0.0,0,0,6495923,2019-01-25 09:30:31,btc,0.0,0.0,0,btc,0.0,0.0,0.0,81
1,[],4,[],2019-06-04 20:09:52,135110.10373041,0.00011600,0.0000000088660888,7738250,2019-06-04 20:09:52,btc,54.93084185692489,0.0,0.00011600,btc,116929.32413799,1.38040995,0.537248951958338,82
1,[],21,[],2019-06-04 20:09:53,91089.34895743,0.0001246499999999999940946543431,0.00000000952722387,7738251,2019-06-04 20:09:53,btc,16.446840085705947,28222.78288138,0.00012464999999999999409465434307975328920292668044567108154296875,btc,99923.699713,3.32108351,8.279940087622927,82
0,[],17,[],2019-03-25 22:42:34,0.0,0,0,7038780,2019-03-25 22:42:34,btc,0.0445064681804024,0.0,0,btc,995513.18476001,0.0,0.0,84
0.0000000001161485,[],4,[],2019-05-20 13:09:39,216715621.0206096,1.161485e-18,9.0533806701e-23,7657228,2019-05-20 13:09:39,ltc,1.6511566870244727,0.0,0.00000001,ltc,471032407.9048656,0.0,2.5171194308112273e-10,85
,[],22,[],2018-11-20 23:09:34,3408.1,0.0000001,0.0000000000041895,4862324,2018-11-20 23:09:34,BTC,0.04624735,0.0,,BTC,4990.0,0.0,0.00033081,86
1,[],22,[],2019-06-04 20:09:56,87656.0,0.00000004,0.0000000000030572720000000003,7738252,2019-06-04 20:09:56,BTC,1.51082059,0.0,0.00000004,BTC,256208.94736842104,0.00817507,0.00152656,87
1,[],27,[],2019-06-04 20:10:00,252983.0,0.00000008,0.000000000006114544000000001,7738253,2019-06-04 20:10:00,btc,5.021257187036,207576.0,0.00000008,btc,142547.21141,0.01868184,0.00613129,87
,[],2,[],2018-11-20 23:10:47,0.0,0,0,4862359,2018-11-20 23:10:47,,0.0,0.0,,,0.0,0.0,0.0,88
1,[],11,[],2019-06-04 20:10:02,212683.31276061,0.00008338999999999999949810980393039017144474200904369354248046875,0.000000006373647802,7738254,2019-06-04 20:10:02,btc,167.95268203369463,15185.5357565,0.00008338999999999999949810980393039017144474200904369354248046875,btc,193411.26971703,0.0,2.708239679179399,89
0,[],2,[],2019-01-20 23:31:45,0.0,0,0,6477083,2019-01-20 23:31:45,,0.0,0.0,0,,0.0,0.0,0.0,91
1,[],12,[],2019-06-04 20:10:04,334673.1007082,0.00000026,0.000000000019872268000000002,7738255,2019-06-04 20:10:04,btc,88.54512347107962,0.0,0.00000026,btc,197199.81924707,0.013415591848,0.0143669725177941,91
1,[],22,[],2019-06-04 20:12:07,75910.55,0.0000002,0.000000000015286360000000002,7738256,2019-06-04 20:12:07,BTC,0.497,0.0,0.0000002,"BTC,LTC",6.95,0.0,0.00165931,91
0,[],17,[],2019-05-03 01:12:26,0.0,0,0,7559096,2019-05-03 01:12:26,btc,0.0,0.0,0,btc,0.0,0.0,0.0,91
1,[],22,[],2019-04-09 20:17:52,374949.73333333334,0.00000015,0.000000000007771935,7235704,2019-04-09 20:17:52,BTC,6.87372503,0.0,0.00000015,"BTC,LTC",159980.01196797504,1.1e-05,0.80510266,95
0.0000000001307086,[],4,[],2019-06-04 20:12:08,542398395.4575994,2.7448806000000002e-17,2.0979616504308003e-21,7738257,2019-06-04 20:12:08,ltc,11.305060181977376,0.0,0.00000021,ltc,153304507.3316396,0.0,8.458596714193012e-10,96
0,[],12,[],2019-06-04 20:12:09,0.0,0,0,7738258,2019-06-04 20:12:09,btc,22.33352059046953,0.0,0,btc,9676473.04695305,0.0,0.0,96
0,[],17,[],2019-05-03 01:12:32,0.0,0,0,7559100,2019-05-03 01:12:32,btc,0.0,0.0,0,btc,0.0,0.0,0.0,96
1,[],4,[],2019-04-14 03:32:46,1039404.33283278,0.00000038,0.000000000019245518,7293458,2019-04-14 03:32:46,btc,4.170086055365747,0.0,0.00000038,btc,3097704.34561074,0.06260606,0.1859928211030784,99
0,[],2,[],2019-01-20 23:23:55,0.0,0,0,6476914,2019-01-20 23:23:55,,0.0,0.0,0,,0.0,0.0,0.0,100
1,[],4,[],2019-06-04 20:14:09,233540.56049841,0.00001812,0.000000001384944216,7738259,2019-06-04 20:14:09,btc,7.7280013043654625,0.0,0.00001812,btc,153391.4407508,0.81358942,0.4343792699638295,100
1,[],22,[],2019-06-04 20:14:13,150000.0,0.00000002,0.0000000000015286360000000002,7738260,2019-06-04 20:14:13,BTC,24.83526409,0.0,0.00000002,BTC,11187.719,0.0,0.0017,101
1,[],4,[],2019-06-04 20:14:13,517554.6707782,0.00000152,0.00000000011617633600000001,7738261,2019-06-04 20:14:13,btc,549.8153350686562,0.0,0.00000152,btc,666675.73013684,0.01575012,0.1559793607138668,103
1,[],12,[],2019-06-04 20:14:16,178902142.37600002,0.000000004,0.00000000000030572720000000005,7738262,2019-06-04 20:14:16,btc,2446.922034225177,0.0,0.000000004,btc,70918036.11658658,0.001234169729,0.24188467250400006,105
0,[],27,[],2019-06-04 20:14:24,0.0,0,0,7738263,2019-06-04 20:14:24,,0.374932318,61112.0,0,btc,1923466.8,0.00061112,0.0,105
1,[],22,[],2019-04-21 00:17:26,21333.0,0.00000001,0.000000000000532493,7385819,2019-04-21 00:17:26,BTC,51.38182867,0.0,0.00000001,BTC,470435.0,0.0,0.00021333,107
1,[],26,[],2019-04-21 00:17:26,0.0,0.00000000,0,7385820,2019-04-21 00:17:26,btc,0.0,0.0,0.00000000,btc,0.0,0.0,0.0,107
1,[],5,[],2019-06-04 20:14:25,0.0,0,0,7738264,2019-06-04 20:14:25,btc,0.0,0.0,0,btc,0.0,0.0,0.0,112
0,[],22,[],2019-06-04 20:14:28,0.0,0,0,7738265,2019-06-04 20:14:28,,6.79500102,0.0,0,,3375892.0833333335,0.0,0.0,112
1,[],27,[],2019-06-04 20:14:36,1.0,0.00000001,0.0000000000007643180000000001,7738266,2019-06-04 20:14:36,btc,1.14885,0.0,0.00000001,"btc,eth",39.0,0.0,1e-08,112
1,[],4,[],2019-06-04 20:14:36,257942.25977287,0.00000084,0.00000000006420271200000001,7738267,2019-06-04 20:14:36,btc,5.759563059462594,0.0,0.00000084,btc,624595.09722697,0.03273575,0.1553389172241629,113
1,[],5,[],2019-06-04 20:14:38,0.0,0,0,7738268,2019-06-04 20:14:38,btc,0.0,0.0,0,btc,0.0,0.0,0.0,113
1,[],17,[],2019-04-26 02:17:47,162738.278,0.00000004,0.0000000000021069000000000002,7461287,2019-04-26 02:17:47,btc,1.3331140273775473,0.0,0.00000004,btc,51796.221,0.0,0.00230953112,116
1,[],27,[],2019-05-22 05:13:01,210000.0,0.00000001,0.00000000000079145,7666372,2019-05-22 05:13:01,btc,3919.0005001478,0.0,0.00000001,btc,128660.871,0.0,0.0021,116
1,[],4,[],2019-05-21 22:31:11,138169.03963019,0.00000701,0.000000000558364025,7664793,2019-05-21 22:31:11,btc,150.95388250938234,0.0,0.00000701,btc,344631.17141974,0.07552974,0.4288357684941946,120
1,[],7,[],2019-05-21 22:31:12,3901.07750076,0.000010679999999999999389654892212320191902108490467071533203125,0.0000000008506887,7664794,2019-05-21 22:31:12,btc,231188.94669936574,0.0,0.000010679999999999999389654892212320191902108490467071533203125,btc,4133.83151364,0.0,0.0113888422364489,120
1,[],20,[],2019-04-07 18:42:29,1914137.0852,0.000000035,0.0000000000017871910000000002,7211992,2019-04-07 18:42:29,btc,32.2497668025648,25528.85,0.000000035,btc,1001975.4986,0.00089350975,0.0152723574729,125
1,[],22,[],2019-06-04 20:14:41,10000.0,0.00000001,0.0000000000007643180000000001,7738269,2019-06-04 20:14:41,BTC,0.032061,0.0,0.00000001,BTC,299316.7611111111,0.0,0.0001,126
1,[],4,[],2019-06-04 20:14:42,442531.24680568,0.00000776,0.0000000005931107680000001,7738270,2019-06-04 20:14:42,btc,4.789808221300668,0.0,0.00000776,btc,177109.10113658,0.44082594,0.5003487523137997,131
0,[],2,[],2019-01-20 23:25:46,0.0,0,0,6476969,2019-01-20 23:25:46,,0.0,0.0,0,,0.0,0.0,0.0,131
1,[],17,[],2019-05-03 01:13:10,10000.0,0.00000001,0.000000000000548003,7559115,2019-05-03 01:13:10,btc,0.0953976503951408,0.0,0.00000001,btc,5037.62507334,0.0,0.0001,131
1,[],4,[],2019-06-04 16:14:38,4864.9911105,0.00010000,0.000000007975649999999999,7737234,2019-06-04 16:14:38,btc,5.0403675416656535,0.0,0.00010000,btc,247.17378338,0.0,0.006891951750996,135
1,[],3,[],2019-06-04 20:16:43,472187.0,0.00000001,0.0000000000007643180000000001,7738271,2019-06-04 20:16:43,btc,0.2159970505739254,1709749.79937,0.00000001,btc,1851829.24715819,0.0,0.00472187,136
1,[],4,[],2019-06-04 20:16:44,2151743.95182589,0.00000181,0.00000000013834155800000002,7738272,2019-06-04 20:16:44,btc,109.90959897696233,0.0,0.00000181,btc,547716.2736115,0.03247311,0.4480592845993922,137
1,[],12,[],2019-06-04 20:16:45,68100.95130008,0.00000190000000000000001990053087597143388620679615996778011322021484375,0.00000000014522042,7738273,2019-06-04 20:16:45,btc,84.62897187585507,0.0,0.00000190000000000000001990053087597143388620679615996778011322021484375,btc,81282.49164191,7.737882e-06,0.0181026699999326,137
1,[],4,[],2019-06-04 20:16:46,130898.65421293,0.00001746,0.000000001334499228,7738274,2019-06-04 20:16:46,btc,5.596813154483028,0.0,0.00001746,btc,135186.45654517,0.70867849,1.2971196464411145,142
1,[],5,[],2019-06-04 20:16:47,0.0,0,0,7738275,2019-06-04 20:16:47,btc,0.0,0.00365305,0,btc,0.0,0.0,0.0,142
1,[],20,[],2019-06-04 20:18:49,216118.5639,0.000015001,0.0000000011465534318000001,7738276,2019-06-04 20:18:49,btc,1.605384704157,0.77,0.000015001,btc,9745.0633,1.155077e-05,0.0197855562704,142
1,[],22,[],2019-06-04 20:18:52,10928.645,0.00001000,0.0000000007643180000000001,7738277,2019-06-04 20:18:52,BTC,3.00455459,0.0,0.00001000,BTC,1114.1498755539799,0.0,0.00725365,142
0.0,[],25,[],2019-06-04 20:18:54,0.0,0,0,7738278,2019-06-04 20:18:54,,0.0,0.0,0.0,btc,0.0,0.0,0.0,142
0,[],28,[],2019-06-04 20:18:55,0.0,0,0,7738279,2019-06-04 20:18:55,,0.0,0.0,0,,0.0,0.0,0.0,142
1,[],17,[],2019-05-03 01:13:16,32967.38636364,0.00000088,0.000000000048224264,7559122,2019-05-03 01:13:16,btc,20.06976206696776,0.0,0.00000088,btc,2746.079105,0.0,0.0105613000000032,142
0,[],22,[],2019-06-04 20:18:58,0.0,0,0,7738280,2019-06-04 20:18:58,,64.98620993,0.0,0,,787027072.3,0.0,0.0,143
0,[],22,[],2019-02-25 15:42:22,0.0,0,0,6783783,2019-02-25 15:42:22,,4.2131946,0.0,0,,2322156.0,0.0,0.0,146
,[],22,[],2018-11-20 23:01:11,0.0,0,0,4862114,2018-11-20 23:01:11,,2.56807021,0.0,,,61828.4988236,0.0,0.0,147
1,[],12,[],2019-04-21 06:38:04,193091.5971266,0.00000071,0.000000000037635183,7388679,2019-04-21 06:38:04,btc,2.301232411611175,0.0,0.00000071,btc,9957.48302385,0.00023528,0.0313308199999888,148
1,[],4,[],2019-03-19 21:31:25,255810.0415942,0.00000029,0.000000000011615747,6982695,2019-03-19 21:31:25,btc,218.94922712414143,0.0,0.00000029,btc,793529.37642722,0.00117,0.0608347789473395,152
0,[],22,[],2019-03-19 21:31:27,0.0,0,0,6982696,2019-03-19 21:31:27,,0.0,0.0,0,,0.0,0.0,0.0,152
1,[],5,[],2019-04-26 09:36:59,0.0,0,0,7465040,2019-04-26 09:36:59,btc,0.0,0.0,0,btc,0.0,0.0,0.0,153
,[],16,[],2019-01-11 15:38:59,0.0,0,0,6366141,2019-01-11 15:38:59,btc,0.0,0.0,,btc,0.0,0.0,0.0,155
0,[],23,[],2019-01-20 23:24:29,0.0,0,0,6476932,2019-01-20 23:24:29,,0.0,0.0,0,,0.0,0.0,0.0,156
0,[],22,[],2019-06-04 06:02:09,0.0,0,0,7734688,2019-06-04 06:02:09,,7.43375324,0.0,0,,5955762.942592593,0.0,0.0,156
1,[],22,[],2019-06-04 20:19:03,6996.0,0.00000001,0.0000000000007643180000000001,7738281,2019-06-04 20:19:03,BTC,1.7543039,0.0,0.00000001,BTC,57.0,0.0,6.996e-05,157
0,[],22,[],2019-05-21 23:40:32,0.0,0,0,7665049,2019-05-21 23:40:32,,50234.60468402,0.0,0,,54786159.03179465,0.0,0.0,158
,[],17,[],2018-11-20 22:56:10,0.0,0,0,4861976,2018-11-20 22:56:10,btc,1.1265625,0.0,,btc,1000.0,0.0,0.0,159
,[],20,[],2018-11-20 22:56:12,0.0,0,0,4861977,2018-11-20 22:56:12,btc,11912.7940471,0.0,,btc,34413894.3617,0.0,0.0,159
1,[],12,[],2019-05-24 02:51:20,9178.522006449999,0.00000191999999999999982841307998027158276954651228152215480804443359375,0.000000000151222656,7676256,2019-05-24 02:51:20,btc,149.80414728631675,0.0,0.00000191999999999999982841307998027158276954651228152215480804443359375,btc,1115.7451448499999,0.01783167678326,0.0120075778999181,168
1,[],17,[],2019-05-03 01:13:36,42852.0,0.00000002,0.000000000001096006,7559132,2019-05-03 01:13:36,btc,0.04279856251542,0.0,0.00000002,btc,274.46171372,0.0,0.00052852,168
1,[],22,[],2019-05-17 03:01:52,10.0,0.00000001,0.000000000000778341,7642059,2019-05-17 03:01:52,BTC,41.95893009,0.0,0.00000001,BTC,1753972.7737547632,0.0,1e-07,169
1,[],22,[],2019-05-30 08:38:18,202834.0,0.00000002,0.0000000000017416160000000001,7711049,2019-05-30 08:38:18,BTC,27.87002826,0.0,0.00000002,BTC,462189.5410507793,0.0,0.00211768,171
1,[],22,[],2019-05-29 08:05:18,349870.0,0.00000002,0.000000000001705894,7705265,2019-05-29 08:05:18,BTC,24.05907723,0.0,0.00000002,"BTC,LTC",1224285.4355616204,0.0,0.0039847,173
1,[],5,[],2019-06-04 20:19:04,0.0,0,0,7738282,2019-06-04 20:19:04,btc,0.0,0.06065404,0,btc,0.0,0.0,0.0,175
1,[],22,[],2019-06-04 20:19:08,90671.0,0.00000001,0.0000000000007643180000000001,7738283,2019-06-04 20:19:08,BTC,394.35459412,0.0,0.00000001,BTC,136275.61833431243,0.0,0.00090671,176
1,[],7,[],2019-06-04 20:19:09,0.0,0,0,7738284,2019-06-04 20:19:09,btc,522272.520646231,10575.4245754,0,btc,21545405.84864055,0.00010575,0.0,178
0,[],22,[],2019-06-04 20:19:12,0.0,0,0,7738285,2019-06-04 20:19:12,,1.00242428,0.0,0,,57512.0,0.0,0.0,178
0,[],2,[],2019-01-20 23:28:34,0.0,0,0,6477001,2019-01-20 23:28:34,,0.0,0.0,0,,0.0,0.0,0.0,178
0,[],23,[],2019-01-20 23:25:08,0.0,0,0,6476952,2019-01-20 23:25:08,,0.0,0.0,0,,0.0,0.0,0.0,179
1,[],5,[],2019-06-04 20:19:13,0.0,0,0,7738286,2019-06-04 20:19:13,btc,0.0,0.01253631,0,btc,0.0,0.0,0.0,179
0,[],22,[],2019-06-04 20:19:15,0.0,0,0,7738287,2019-06-04 20:19:15,,5.3132485,0.0,0,,13258002.811946675,0.0,0.0,179
1,[],22,[],2019-06-04 20:21:19,679634.3579797487,0.00000106,0.000000000081017708,7738288,2019-06-04 20:21:19,BTC,39.19509227,0.0,0.00000106,"BTC,LTC",149316.51564143103,0.00200891,0.5789567,180
1,[],26,[],2019-06-04 20:21:20,0.0,0.00000010,0.000000000007643180000000001,7738289,2019-06-04 20:21:20,btc,0.0,0.0,0.00000010,btc,0.0,0.0,0.0,180
1,[],17,[],2019-05-03 01:13:56,20504.725000000002,0.0000001,0.00000000000548003,7559141,2019-05-03 01:13:56,btc,5.2010695838400265,0.0,0.0000001,btc,5033.45945,0.0,0.0011504725,180
,[],7,[],2018-11-20 22:58:01,562227.975654,0.00000085,0.000000000036176765,4862015,2018-11-20 22:58:01,btc,21836.6059674,2491.87645172,,btc,749999.041456,0.00211021,0.127565380455,183
,[],5,[],2019-01-10 08:11:41,0.0,0,0,6347036,2019-01-10 08:11:41,btc,82.15055501,0.00261,,btc,1.19002445,0.0,0.0,187
,[],17,[],2018-11-16 20:58:10,4062536.27273,0.00000001,0.000000000000550501,4708775,2018-11-16 20:58:10,btc,3.36492563466,0.195460381006,,"btc,eth",110697919.549,0.0,0.0157628953496,187
1,[],24,[],2019-05-22 21:04:52,0.0,0.000000000014,0.0000000000000010960978,7670219,2019-05-22 21:04:52,btc,0.0,0.0,0.000000000014,btc,0.0,0.0,0.0,187
0,[],22,[],2019-04-25 02:54:07,0.0,0,0,7447896,2019-04-25 02:54:07,,7.54794454,0.0,0,,76361.7243344055,0.0,0.0,191
0,[],22,[],2019-06-04 20:21:25,0.0,0,0,7738290,2019-06-04 20:21:25,,0.0,0.0,0,,0.0,0.0,0.0,197
0,[],23,[],2019-01-20 23:31:41,0.0,0,0,6477079,2019-01-20 23:31:41,,0.0,0.0,0,,0.0,0.0,0.0,199
0,[],22,[],2019-06-04 20:21:28,0.0,0,0,7738291,2019-06-04 20:21:28,,10.83066794,0.0,0,,98210482.0,0.0,0.0,199
1,[],26,[],2019-06-04 20:21:29,0.0,0.00000000,0,7738292,2019-06-04 20:21:29,btc,0.0,0.0,0.00000000,btc,0.0,0.0,0.0,199
0,[],2,[],2019-01-20 23:30:49,0.0,0,0,6477059,2019-01-20 23:30:49,,0.0,0.0,0,,0.0,0.0,0.0,201
1,[],4,[],2019-01-25 15:51:35,2084389.58565343,0.00000936,0.000000000333526752,6499557,2019-01-25 15:51:35,btc,2.0092503037378524,0.0,0.00000936,btc,160195.80207885,0.19272417,1.242687955921835,211
1,[],7,[],2019-06-04 20:21:32,1170169393.7242348,0.00000018,0.000000000013757724,7738293,2019-06-04 20:21:32,btc,15201830.694824895,0.0,0.00000018,btc,6663050.75760839,0.0,11.967950945464535,212
1,[],12,[],2019-01-25 02:44:32,207462.42853209,0.000001080000000000000035831255497387193287295303889550268650054931640625,0.000000000038610756000000006,6493050,2019-01-25 02:44:32,btc,85023.03793723314,0.0,0.000001080000000000000035831255497387193287295303889550268650054931640625,btc,43675.73520027,0.000146250909087,0.0348620860622024,213
1,[],5,[],2019-05-30 00:07:46,0.0,0,0,7709357,2019-05-30 00:07:46,btc,0.0,0.06425239,0,btc,0.0,0.0,0.0,213
1,[],24,[],2019-05-30 00:07:46,0.0,0.000000399202,0.0000000000344859829346,7709358,2019-05-30 00:07:46,btc,0.0,0.0,0.000000399202,btc,0.0,0.0,0.0,213
1,[],26,[],2019-05-30 00:07:47,0.0,0.00000040,0.000000000034554919999999996,7709359,2019-05-30 00:07:47,btc,0.0,0.0,0.00000040,btc,0.0,0.0,0.0,213
0,[],22,[],2019-06-04 20:21:34,0.0,0,0,7738294,2019-06-04 20:21:34,,9.61445386,0.0,0,,3661587.094064925,0.0,0.0,216
0.0000000001307086,[],27,[],2019-06-04 20:21:43,1000.0,1.307086e-18,9.990293573480001e-23,7738295,2019-06-04 20:21:43,ltc,88.87789652917752,0.0,0.00000001,"btc,ltc",391976.407688,0.0,1.307086e-15,216
1,[],22,[],2019-06-04 20:21:47,763123.0,0.00000028,0.000000000021400904,7738296,2019-06-04 20:21:47,BTC,12056.47206287,0.0,0.00000028,BTC,514958.0915525827,0.00353048,0.05728488,217
1,[],7,[],2019-06-04 20:21:48,0.0,0,0,7738297,2019-06-04 20:21:48,btc,1234864.1057470718,0.0,0,btc,164169253.13147992,0.0,0.0,219
0,[],27,[],2019-06-04 20:21:55,0.0,0,0,7738298,2019-06-04 20:21:55,,261.1953845967132,0.0,0,btc,9255255.74381025,0.0,0.0,219
0,[],28,[],2019-06-04 20:21:55,0.0,0,0,7738299,2019-06-04 20:21:55,,0.0,0.0,0,,0.0,0.0,0.0,219
1,[],22,[],2019-05-23 16:41:05,172069.0,0.00000004,0.0000000000031167080000000004,7674065,2019-05-23 16:41:05,BTC,56.76466137,0.0,0.00000004,BTC,127061.6482738741,0.0,0.00393676,221
1,[],24,[],2019-05-23 16:41:05,0.0,0.000000010000,0.0000000000007791770000000001,7674066,2019-05-23 16:41:05,btc,0.0,0.0,0.000000010000,btc,0.0,0.0,0.0,221
1,[],20,[],2019-06-04 20:21:58,12902128.025,0.000000001,0.0000000000000764318,7738300,2019-06-04 20:21:58,btc,100052.67493888747,473351.6679,0.000000001,btc,45227154.5849,0.0008817166183,0.012902128025,224
0,[],22,[],2019-06-04 20:22:01,0.0,0,0,7738301,2019-06-04 20:22:01,,0.0,0.0,0,,0.0,0.0,0.0,224
1,[],26,[],2019-06-04 20:22:01,0.0,0.00000025,0.00000000001910795,7738302,2019-06-04 20:22:01,btc,0.0,0.0,0.00000025,btc,0.0,0.0,0.0,231
1,[],26,[],2019-06-04 20:22:01,0.0,0.00000006,0.000000000004585908,7738303,2019-06-04 20:22:01,btc,0.0,0.0,0.00000006,btc,0.0,0.0,0.0,234
0.0000000003103445,[],27,[],2019-06-04 20:22:14,100.0,3.1034450000000004e-18,2.3720188755100002e-22,7738304,2019-06-04 20:22:14,eth,1.14618497004,0.0,0.00000001,"btc,eth",11462.996,0.0,3.103445e-16,234
1,[],4,[],2019-05-22 17:06:12,91780.56053785,0.00000078,0.000000000061977552,7669277,2019-05-22 17:06:12,btc,5.573372450018177,0.0,0.00000078,btc,729173.93529783,0.0,0.0307060663355679,236
1,[],24,[],2019-05-22 17:06:12,0.0,0.000000010000,0.000000000000794584,7669278,2019-05-22 17:06:12,btc,0.0,0.0,0.000000010000,btc,0.0,0.0,0.0,236
1,[],5,[],2019-06-04 20:22:15,0.0,0,0,7738305,2019-06-04 20:22:15,btc,0.0,0.71077941,0,btc,0.0,0.0,0.0,237
1,[],20,[],2019-06-04 20:22:17,125692043.84,0.000000042,0.0000000000032101356,7738306,2019-06-04 20:22:17,btc,8172523.014452229,8749531.0123,0.000000042,btc,45791343.7895,0.392087976668,0.5882613076107,237
1,[],22,[],2019-06-04 20:22:21,288100.0,0.00000003,0.000000000002292954,7738307,2019-06-04 20:22:21,BTC,1.20267422,0.0,0.00000003,"BTC,LTC",17930.94871794872,0.0,0.007541,237
1,[],4,[],2019-06-04 20:22:23,29454786.36957734,0.00000013,0.000000000009936134000000001,7738308,2019-06-04 20:22:23,btc,2.7424154354824712,0.0,0.00000013,btc,8675847.75279999,0.23319879,0.8170849057932589,238
1,[],5,[],2019-06-04 20:22:24,0.0,0,0,7738309,2019-06-04 20:22:24,btc,0.0,0.0006916,0,btc,0.0,0.0,0.0,238
0,[],22,[],2019-03-12 16:49:32,0.0,0,0,6914458,2019-03-12 16:49:32,,0.40415746,0.0,0,,526736.5639027493,0.0,0.0,249
0,[],22,[],2019-05-28 23:53:45,0.0,0,0,7703643,2019-05-28 23:53:45,,13.44714864,0.0,0,,43777534.3426455,0.0,0.0,252
0,[],28,[],2019-06-04 20:22:25,0.0,0,0,7738310,2019-06-04 20:22:25,,0.0,0.0,0,,0.0,0.0,0.0,256
1,[],22,[],2019-06-04 20:22:28,795004.0,0.00000001,0.0000000000007643180000000001,7738311,2019-06-04 20:22:28,BTC,31464.55046317,0.0,0.00000001,BTC,575959.6675322719,0.0006786,0.00795004,258
1,[],22,[],2019-05-19 18:12:02,400.0,0.00000001,0.0000000000007957800000000001,7653905,2019-05-19 18:12:02,BTC,2.415167,0.0,0.00000001,BTC,157.0,0.0,4e-06,259
1,[],5,[],2019-06-04 20:22:30,0.0,0,0,7738312,2019-06-04 20:22:30,btc,0.0,0.05460356,0,btc,0.0,0.0,0.0,264
1,[],20,[],2019-06-04 20:22:32,960855.5069,0.000000181,0.0000000000138341558,7738313,2019-06-04 20:22:32,btc,0.9762719724615,0.0,0.000000181,btc,51736.5911,0.0,0.0085653637456,264
0,[],22,[],2019-04-12 17:57:27,0.0,0,0,7278186,2019-04-12 17:57:27,,66.37522201,0.0,0,,677842.4169881374,0.0,0.0,271
0,[],22,[],2019-05-29 08:10:20,0.0,0,0,7705301,2019-05-29 08:10:20,,33050470.74998113,0.0,0,,14361377780.7,0.0,0.0,272
0,[],28,[],2019-05-29 08:10:54,0.0,0,0,7705302,2019-05-29 08:10:54,,0.0,22189957216.5758,0,,0.0,0.0,0.0,272
1,[],22,[],2019-05-23 07:12:29,219930.0,0.00000004,0.000000000003048688,7671985,2019-05-23 07:12:29,BTC,426.77835217,0.0,0.00000004,BTC,248664.3325962929,0.0,0.00739728,281
1,[],22,[],2019-06-04 20:22:37,984612.85,0.00000004,0.0000000000030572720000000003,7738314,2019-06-04 20:22:37,BTC,31.67277495,0.0,0.00000004,"BTC,LTC",1554589.4569583754,0.00020964,0.04014715,286
0,[],22,[],2019-06-04 20:22:40,0.0,0,0,7738315,2019-06-04 20:22:40,,7337904.96568486,0.0,0,,2004620112.6797826,0.0,0.0,294
