pairValue,buyBook,exchangeId,sellBook,updated,buyTotal,satoshiPrice,usdPrice,exchangeLogId,created,bestPair,sellTotalBtc,volume,pairPrice,activePairs,sellTotal,volumeBtc,buyTotalBtc,coinId
1,[],3,[],2019-05-10 16:53:23,32393.663673443447,0.0100540999999999998426591929501228150911629199981689453125,0.0000006465852034600001,7610707,2019-05-10 16:53:23,btc,1.8816530204336015,209.01300026,0.0100540999999999998426591929501228150911629199981689453125,btc,23.466546048646002,0.0,0.4454843936388549,1
1,[],4,[],2019-05-10 16:53:24,294645.61215861,0.01053101,0.0000006772555717060001,7610708,2019-05-10 16:53:24,btc,9.015176132954519,0.0,0.01053101,btc,412.17185058,1.3243126,0.6137994003623206,1
1,[],5,[],2019-05-10 16:53:26,0.0,0,0,7610709,2019-05-10 16:53:26,btc,0.0,0.08857627,0,btc,0.0,0.0,0.0,1
1,[],10,[],2019-05-10 16:53:29,184861.30935779,0.00912086,0.000000586567979116,7610710,2019-05-10 16:53:29,btc,6525.240531010484,1522.56427515,0.00912086,btc,1470.31256543,0.0,3.6650698894922984,1
1,[],12,[],2019-05-10 16:53:31,73.94226595,0.010380000000000000337507799486047588288784027099609375,0.0000006675440280000001,7610711,2019-05-10 16:53:31,btc,0.1278091524185,0.0,0.010380000000000000337507799486047588288784027099609375,btc,8.42469431,0.3759894949962,0.33109035336070003,1
1,[],21,[],2019-05-10 16:53:34,1865.21010347,0.01043834000000000081231910087,0.0000006712959084040001,7610712,2019-05-10 16:53:34,btc,16.600189489830537,6911.73491518,0.0104383400000000008123191008735375362448394298553466796875,"btc,eth",2049.03707819,71.00143733116046,13.889586335713995,1
0,[],22,[],2019-05-10 16:53:37,0.0,0,0,7610713,2019-05-10 16:53:37,,0.3163308,0.0,0,,0.2527518593615956,0.0,0.0,1
1,[],24,[],2019-05-10 16:53:37,0.0,0.000000000000,0,7610714,2019-05-10 16:53:37,btc,0.0,0.0,0.000000000000,btc,0.0,0.0,0.0,1
0.0,[],25,[],2019-05-10 16:53:38,0.0,0,0,7610715,2019-05-10 16:53:38,btc,37.09999999871965,1113.54198856,0.0,btc,3465.49852489,12.0312,0.0,1
1,[],26,[],2019-05-10 16:53:39,0.0,0,0,7610716,2019-05-10 16:53:39,,0.0,0.0,0,,0.0,0.0,0.0,1
0,[],28,[],2019-05-10 16:53:41,0.0,0,0,7610717,2019-05-10 16:53:41,,0.0,0.0,0,,0.0,0.0,0.0,1
1,[],20,[],2019-05-10 15:37:40,975.4238,0.010710031,0.0000006749043844991,7609736,2019-05-10 15:37:40,btc,0.078953598354,0.0188,0.010710031,btc,5.2209,0.0002209,0.1761172724896,1
0,[],2,[],2019-01-20 23:28:45,0.0,0,0,6477011,2019-01-20 23:28:45,,0.0,0.0,0,,0.0,0.0,0.0,1
1,[],5,[],2019-05-10 16:53:42,0.0,0,0,7610718,2019-05-10 16:53:42,btc,0.0,0.00864869,0,btc,0.0,0.0,0.0,2
0,[],22,[],2019-05-10 16:53:44,0.0,0,0,7610719,2019-05-10 16:53:44,,0.0,0.0,0,,0.0,0.0,0.0,2
1,[],5,[],2019-05-10 16:53:47,0.0,0,0,7610720,2019-05-10 16:53:47,btc,0.0,0.06683382,0,btc,0.0,0.0,0.0,3
1,[],12,[],2019-05-10 16:53:49,2289854.14591,0.000000146,0.000000000009389347600000001,7610721,2019-05-10 16:53:49,btc,2714596.698696124,0.0,0.000000146,btc,4282959.14078839,0.04875797740473601,0.23193179922777998,3
0,[],28,[],2019-05-10 16:53:50,0.0,0,0,7610722,2019-05-10 16:53:50,,0.0,0.0,0,,0.0,0.0,0.0,3
0,[],2,[],2019-01-20 23:31:32,0.0,0,0,6477077,2019-01-20 23:31:32,,0.0,0.0,0,,0.0,0.0,0.0,4
1,[],4,[],2019-04-26 19:14:12,610911.70993152,0.00000026,0.000000000013566046,7471614,2019-04-26 19:14:12,btc,31.457742656463164,0.0,0.00000026,btc,718733.71307795,0.00142695,0.0638464483338706,4
0,[],12,[],2019-04-25 23:08:22,0.0,0,0,7459310,2019-04-25 23:08:22,btc,1111851.94727753,0.0,0,btc,953412.0,0.0,0.0,5
0,[],2,[],2019-01-20 23:31:51,0.0,0,0,6477087,2019-01-20 23:31:51,,0.0,0.0,0,,0.0,0.0,0.0,6
1,[],11,[],2019-05-10 16:53:52,5042415.307535999,0.00000001,0.0000000000006431060000000001,7610723,2019-05-10 16:53:52,btc,9576.513012469495,953882.934,0.00000001,btc,47281888.75253575,0.0,0.05042415307536,6
1,[],3,[],2019-05-10 16:53:53,11089.3838526503,0.00017330000000000001111020997424105871687061153352260589599609375,0.000000011145026980000002,7610724,2019-05-10 16:53:53,btc,16.14426736003776,44.5918484131,0.00017330000000000001111020997424105871687061153352260589599609375,btc,312.994043683499,0.0,0.032897478711471424,7
1,[],4,[],2019-05-10 16:53:54,35246.37712685,0.00015140,0.00000000973662484,7610725,2019-05-10 16:53:54,btc,8.18851870983428,0.0,0.00015140,btc,36924.18634114,3.02156067,2.314338251063198,7
1,[],5,[],2019-05-10 16:53:56,0.0,0,0,7610726,2019-05-10 16:53:56,btc,0.0,1.71584736,0,btc,0.0,0.0,0.0,7
1,[],20,[],2019-04-07 22:06:50,3201475.0482,0.000000001,0.000000000000051590000000000004,7213932,2019-04-07 22:06:50,btc,30.8005781811902,0.0,0.000000001,btc,23077405.3926,0.0,0.0032014750482,8
0,[],2,[],2019-01-20 23:22:42,0.0,0,0,6476876,2019-01-20 23:22:42,,0.0,0.0,0,,0.0,0.0,0.0,9
0,[],23,[],2019-01-20 23:22:48,0.0,0,0,6476878,2019-01-20 23:22:48,,0.0,0.0,0,,0.0,0.0,0.0,9
1,[],4,[],2019-05-10 16:54:01,21423625.11002734,0.00000073,0.000000000046946738,7610727,2019-05-10 16:54:01,btc,3.883978801658535,0.0,0.00000073,btc,3070444.37498284,0.87654867,0.6458897703611313,9
0,[],28,[],2019-05-10 16:54:03,0.0,0,0,7610728,2019-05-10 16:54:03,,0.0,0.0,0,,0.0,0.0,0.0,9
1,[],1,[],2019-02-17 23:31:42,1822507.21,0.00000181000000000000003456111265232042484285557293333113193511962890625,0.000000000066086901,6701244,2019-02-17 23:31:42,btc,3.6990969245,17153386.5,0.00000181000000000000003456111265232042484285557293333113193511962890625,btc,1997391.71,31.11772986,3.2610482446,9
1,[],4,[],2019-02-17 11:22:43,4341674.27126056,0.00000002,0.0000000000007272960000000001,6696112,2019-02-17 11:22:43,btc,0.1997230937751353,0.0,0.00000002,btc,4109766.79808031,0.00215132,0.0479381022052112,10
0,[],2,[],2019-01-20 23:23:08,0.0,0,0,6476890,2019-01-20 23:23:08,,0.0,0.0,0,,0.0,0.0,0.0,12
1,[],4,[],2019-05-10 16:54:04,9855598.35633016,0.00000080,0.00000000005144848,7610729,2019-05-10 16:54:04,btc,7.365380227141661,0.0,0.00000080,btc,5448097.94294546,1.11302443,4.247667653968244,12
1,[],5,[],2019-05-10 16:54:05,0.0,0,0,7610730,2019-05-10 16:54:05,btc,0.0,0.15701481,0,btc,0.0,0.0,0.0,12
0.0,[],25,[],2019-05-10 16:54:06,0.0,0,0,7610731,2019-05-10 16:54:06,,0.0,0.0,0.0,btc,0.0,0.0,0.0,12
1,[],4,[],2019-05-10 16:54:07,32039137.64499896,0.00000584,0.000000000375573904,7610732,2019-05-10 16:54:07,btc,2.4880587377982977,0.0,0.00000584,btc,303339.66568454,0.39299102,0.9203986666726326,13
1,[],10,[],2019-05-10 16:54:11,537267.12540035,0.00000569,0.00000000036592731400000004,7610733,2019-05-10 16:54:11,btc,666793.5687935539,83851.5013561,0.00000569,btc,728514.60316079,0.0,0.4659426593164462,13
1,[],21,[],2019-05-10 16:54:11,3835114.14341265,0.000005849999999999999894095131792,0.00000000037621701000000004,7610734,2019-05-10 16:54:11,btc,4.076295779706369,810839.72276947,0.0000058499999999999998940951317916159268861520104110240936279296875,btc,586456.36120233,4.75248133,18.922508896527283,13
0,[],17,[],2019-05-03 00:53:32,0.0,0,0,7558876,2019-05-03 00:53:32,btc,0.0,0.0,0,btc,0.0,0.0,0.0,14
1,[],4,[],2019-05-10 16:48:09,1007036.06811494,0.00000081,0.000000000051841134,7610592,2019-05-10 16:48:09,btc,6.258120635807718,0.0,0.00000081,btc,1264236.15204931,0.0091515,0.1436706073328489,14
1,[],12,[],2019-05-10 16:48:10,254907.59794368,0.00000085,0.00000000005440119,7610593,2019-05-10 16:48:10,btc,0.1180966652484352,0.0,0.00000085,btc,14631.03903504,5.24475524475e-05,0.0284628399999695,14
1,[],26,[],2019-05-10 16:48:11,0.0,0.00000050,0.0000000000320007,7610594,2019-05-10 16:48:11,btc,0.0,0.0,0.00000050,btc,0.0,0.0,0.0,14
0,[],4,[],2019-05-10 16:54:12,0.0,0,0,7610735,2019-05-10 16:54:12,,0.0,0.0,0,,0.0,0.0,0.0,15
,[],12,[],2018-12-01 15:15:48,204241.84496,0.00000489,0.000000000202473384,5260204,2018-12-01 15:15:48,btc,49.5475654835,0.0,,btc,35763.2193806,0.0163153972027625,0.0203389899998,15
0,[],2,[],2019-01-20 23:23:38,0.0,0,0,6476906,2019-01-20 23:23:38,,0.0,0.0,0,,0.0,0.0,0.0,18
0,[],17,[],2019-05-03 00:53:39,0.0,0,0,7558882,2019-05-03 00:53:39,btc,0.0,0.0,0,btc,0.0,0.0,0.0,18
1,[],4,[],2019-05-10 16:48:13,28880.53752862,0.00001275,0.0000000008160178500000001,7610596,2019-05-10 16:48:13,btc,1.1521171611632615,0.0,0.00001275,btc,17389.30902449,0.01557006,0.0768016302402092,18
1,[],10,[],2019-05-10 16:48:16,168981.63293341,0.00001506,0.000000000963861084,7610597,2019-05-10 16:48:16,btc,15.407221344620023,12258.5558033,0.00001506,btc,9875.72184014,0.0,0.5519712202405131,18
1,[],12,[],2019-05-10 16:48:17,222022.41366073,0.00001321000000000000057748077153529919769425760023295879364013671875,0.0000000008454584940000001,7610598,2019-05-10 16:48:17,btc,33215.31998203925,0.0,0.00001321000000000000057748077153529919769425760023295879364013671875,btc,1213.75738086,0.00014770654,0.0124270919945134,18
1,[],3,[],2019-05-10 16:54:14,158820.69805337078,0.000012900000000000000157404471401445533729201997630298137664794921875,0.00000000082960674,7610736,2019-05-10 16:54:14,btc,0.2646312037009921,877.526669329,0.000012900000000000000157404471401445533729201997630298137664794921875,btc,7252.566877867577,0.0,0.052890262814600596,19
1,[],4,[],2019-05-10 16:54:15,443400.54117503,0.00001361,0.0000000008752672660000001,7610737,2019-05-10 16:54:15,btc,3.442972032154104,0.0,0.00001361,btc,114275.91656615,0.65632074,0.6338096873580585,19
1,[],5,[],2019-05-10 16:54:16,0.0,0,0,7610738,2019-05-10 16:54:16,btc,0.0,1.708e-05,0,btc,0.0,0.0,0.0,19
1,[],12,[],2019-05-10 16:54:17,211312.82580145,0.00001283000000000000082761054953639501263751299120485782623291015625,0.0000000008251049980000001,7610739,2019-05-10 16:54:17,btc,0.30167611761398,0.0,0.00001283000000000000082761054953639501263751299120485782623291015625,btc,2997.57901296,0.0020133841977322,0.0859043484043373,19
1,[],27,[],2019-05-10 16:54:22,100.0,0.0000001,0.00000000000643106,7610740,2019-05-10 16:54:22,btc,0.0,0.0,0.0000001,btc,0.0,0.0,1e-05,19
0,[],2,[],2019-01-20 23:24:19,0.0,0,0,6476924,2019-01-20 23:24:19,,0.0,0.0,0,,0.0,0.0,0.0,19
1,[],4,[],2019-05-10 16:54:23,1834878.57391266,0.00000010,0.00000000000643106,7610741,2019-05-10 16:54:23,btc,5.279309685630553,0.0,0.00000010,btc,2279170.28595418,0.0,0.0608385352282092,20
1,[],4,[],2019-05-10 16:54:24,74582902.90551692,0.00000001,0.0000000000006431060000000001,7610742,2019-05-10 16:54:24,btc,39092.922809972006,0.0,0.00000001,btc,56219108.68986641,0.00514238,0.7458290290551692,21
1,[],12,[],2019-05-10 16:54:25,5217850.0,0.00000001,0.0000000000006431060000000001,7610743,2019-05-10 16:54:25,btc,2895.661719010819,0.0,0.00000001,btc,7235925.79820176,0.00016704,0.0521785,21
0,[],17,[],2019-05-03 00:53:51,0.0,0,0,7558891,2019-05-03 00:53:51,btc,0.0,0.0,0,btc,0.0,0.0,0.0,21
1,[],12,[],2019-05-10 16:54:27,8156839737.808,0.0000000005,0.000000000000032155300000000006,7610744,2019-05-10 16:54:27,btc,311121793778.623,0.0,0.0000000005,btc,2790125706.7286763,0.18396007653446558,2.018948350204,23
0.0000000002711344,[],27,[],2019-05-10 16:54:33,3864258.0,2.711344e-18,1.7436815944640001e-22,7610745,2019-05-10 16:54:33,eth,10183.580205677312,872551516.1165539,0.00000001,eth,5780468.9664,4.731574635195008e-09,1.0477332742752e-11,23
1,[],4,[],2019-05-10 16:54:34,835626.55956863,0.00000030,0.000000000019293180000000002,7610746,2019-05-10 16:54:34,btc,14.035594250459392,0.0,0.00000030,btc,2096255.74698272,0.02502685,0.0703376855179999,24
1,[],22,[],2019-05-10 16:54:37,21.76,0.00000100,0.0000000000643106,7610747,2019-05-10 16:54:37,BTC,7.415e-05,0.0,0.00000100,BTC,23.919354838709676,0.0,1.186e-05,24
0.0,[],25,[],2019-05-10 16:54:38,0.0,0,0,7610748,2019-05-10 16:54:38,,0.0,0.0,0.0,btc,0.0,0.0,0.0,24
1,[],4,[],2019-05-10 16:39:26,26987870.60873461,0.00000419,0.000000000266602996,7610468,2019-05-10 16:39:26,btc,11.247462599031714,0.0,0.00000419,btc,334287.8860062,0.15321255,0.5009974240439239,26
1,[],10,[],2019-05-10 16:39:29,117435.88653299,0.00000852,0.000000000542113968,7610469,2019-05-10 16:39:29,btc,25.848744874380003,3010.83185186,0.00000852,btc,19982.63155564,0.0,0.0667422490146594,26
0,[],2,[],2019-01-20 23:25:56,0.0,0,0,6476976,2019-01-20 23:25:56,,0.0,0.0,0,,0.0,0.0,0.0,26
1,[],11,[],2019-04-30 04:16:17,7094566.83690364,0.00000006,0.000000000003115554,7518027,2019-04-30 04:16:17,btc,67504.138725751,6116.07566417,0.00000006,btc,6591680.7351637,0.0,0.38529422037817224,27
1,[],5,[],2019-04-26 09:47:06,0.0,0,0,7465326,2019-04-26 09:47:06,btc,0.0,0.0,0,btc,0.0,0.0,0.0,27
1,[],3,[],2019-04-28 02:38:55,141621.60361514,0.00000001,0.0000000000005253330000000001,7491060,2019-04-28 02:38:55,btc,2.501704004580372,921815.184511,0.00000001,btc,21091882.2176418,0.0,0.0014162160361513999,27
1,[],4,[],2019-05-10 16:54:39,1535070934.671853,0.00000001,0.0000000000006431060000000001,7610749,2019-05-10 16:54:39,btc,7.134570035591414,0.0,0.00000001,"btc,ltc",371206511.5402082,1.1665902,9.973187241405116,29
1,[],7,[],2019-05-10 16:54:41,112858448.2164338,0.00000001,0.0000000000006431060000000001,7610750,2019-05-10 16:54:41,btc,46550610.7089285,944251.965755,0.00000001,btc,41370731.39113769,0.01888504,1.128584482164338,29
1,[],4,[],2019-05-10 16:54:42,1520143.39444056,0.00000011,0.0000000000070741660000000005,7610751,2019-05-10 16:54:42,btc,2.8591955631219697,0.0,0.00000011,btc,2549158.44847338,0.00073186,0.0364778441579838,30
0,[],17,[],2019-05-03 01:11:25,0.0,0,0,7559066,2019-05-03 01:11:25,btc,0.0,0.0,0,btc,0.0,0.0,0.0,30
1,[],4,[],2019-05-10 16:48:58,281757.93063874,0.00005312,0.0000000033997543680000003,7610615,2019-05-10 16:48:58,btc,6.1660344332340085,0.0,0.00005312,btc,59143.07779067,0.53034273,0.8820812356910879,31
1,[],21,[],2019-05-10 16:49:00,44060.93224354,0.00005317000000000000084444604087,0.000000003402954438,7610616,2019-05-10 16:49:00,btc,4.08669447834494,194797.61354454,0.0000531700000000000008444460408707499254887807182967662811279296875,btc,70920.45810344,10.31114619,2.0495776494392746,31
0,[],2,[],2019-01-20 23:28:43,0.0,0,0,6477009,2019-01-20 23:28:43,,0.0,0.0,0,,0.0,0.0,0.0,32
0,[],4,[],2019-05-10 16:54:44,0.0,0,0,7610752,2019-05-10 16:54:44,,0.0,0.0,0,,0.0,0.0,0.0,33
1,[],12,[],2019-03-30 07:55:10,40641173.964,0.00000003,0.000000000001228359,7108785,2019-03-30 07:55:10,btc,4233210.82356125,0.0,0.00000003,btc,28378394.68333462,0.0126927883965248,0.90752895892,33
1,[],4,[],2019-05-10 16:54:46,1480337.8,0.00000001,0.0000000000006431060000000001,7610753,2019-05-10 16:54:46,btc,3.905911793049506,0.0,0.00000001,btc,153851913.0014279,0.00022999,0.014803378,34
1,[],5,[],2019-05-10 16:54:47,0.0,0,0,7610754,2019-05-10 16:54:47,btc,0.0,0.01141433,0,btc,0.0,0.0,0.0,34
0.000000000133684,[],4,[],2019-05-02 18:17:45,3384239970.6360936,1.3368400000000002e-18,7.293946092400001e-23,7556428,2019-05-02 18:17:45,ltc,5.381102735485169e-08,0.0,0.00000001,ltc,6862894551.7408495,0.0,4.524187362345155e-09,36
1,[],5,[],2019-05-02 18:17:46,0.0,0,0,7556429,2019-05-02 18:17:46,btc,0.0,0.0,0,btc,0.0,0.0,0.0,36
0.0000000002926451,[],17,[],2019-05-02 18:17:47,200000.0,2.9264510000000002e-18,1.596703856561e-22,7556430,2019-05-02 18:17:47,eth,0.20942468735267253,0.0,0.00000001,"btc,eth",1018272.20243647,0.0,5.852902e-13,36
0.000000000133684,[],27,[],2019-05-02 18:17:55,7883196.008,1.3368400000000002e-18,7.293946092400001e-23,7556431,2019-05-02 18:17:55,ltc,25567.4086131264,0.0,0.00000001,"ltc,eth",21753551.64,0.0,1.0538571751334722e-11,36
1,[],17,[],2019-05-03 01:11:36,211752.74075282,0.00000025,0.000000000013700074999999998,7559074,2019-05-03 01:11:36,btc,0.055484923955058496,0.0,0.00000025,"btc,eth",1387.19918473,0.0,0.0005381851887916605,37
1,[],4,[],2019-05-10 16:49:05,291784.16501792,0.00000024,0.000000000015360336000000002,7610620,2019-05-10 16:49:05,btc,19772.87293300288,0.0,0.00000024,btc,955474.06994371,0.01470874,0.0265804539021405,37
1,[],12,[],2019-05-10 16:49:06,1057560.09523808,0.00000021,0.000000000013440294000000001,7610621,2019-05-10 16:49:06,btc,19604.35417834868,0.0,0.00000021,btc,468255.92711265,0.0279414988732901,0.0945720999999968,37
1,[],27,[],2019-05-10 16:49:18,1600.0,0.00000015,0.000000000009600210000000001,7610622,2019-05-10 16:49:18,btc,24.12824334291843,0.0,0.00000015,btc,5839.49448498,0.0,3e-05,37
1,[],5,[],2019-05-10 16:54:49,0.0,0,0,7610755,2019-05-10 16:54:49,btc,0.0,0.04097929,0,btc,0.0,0.0,0.0,42
1,[],12,[],2019-05-10 16:54:49,381075.79925452,0.0000022100000000000000164603573826749283171011484228074550628662109375,0.00000000014212642600000002,7610756,2019-05-10 16:54:49,btc,2227595.116716159,0.0,0.0000022100000000000000164603573826749283171011484228074550628662109375,btc,76748.5314483,0.5270469566686992,0.0899691325480583,42
1,[],27,[],2019-05-10 16:54:55,506.0,0.00000002,0.0000000000012862120000000002,7610757,2019-05-10 16:54:55,btc,1.26188489793465,0.0,0.00000002,"btc,eth",1317.3275157,0.0,3.0000004217766727e-06,42
1,[],12,[],2019-03-13 09:13:29,1112112.0,0.00000001,0.000000000000386531,6919902,2019-03-13 09:13:29,btc,29058.00478931866,0.0,0.00000001,btc,5967681.93306694,9.99000999e-07,0.01112112,43
1,[],5,[],2019-04-26 22:38:52,0.0,0,0,7474154,2019-04-26 22:38:52,btc,0.0,0.02638891,0,btc,0.0,0.0,0.0,43
0,[],17,[],2019-04-26 22:38:53,0.0,0,0,7474155,2019-04-26 22:38:53,btc,0.0,0.0,0,btc,0.0,0.0,0.0,43
1,[],12,[],2019-03-05 01:54:08,639326.02,0.00000004,0.000000000001486676,6845775,2019-03-05 01:54:08,btc,11116042.728239931,0.0,0.00000004,btc,1103841.4595604,0.0003330765234764,0.014975410599999999,44
1,[],4,[],2019-05-10 16:54:56,130964427.34668,0.00000001,0.0000000000006431060000000001,7610758,2019-05-10 16:54:56,btc,436.8252340844714,0.0,0.00000001,"btc,ltc",23049031.09584506,0.00638289,0.28115900308174857,49
0.00000000011948220000000001,[],4,[],2019-05-10 16:49:29,74468138.01438285,7.885825200000001e-17,5.0470385295528006e-21,7610627,2019-05-10 16:49:29,ltc,21614.615574004452,0.0,0.00000066,ltc,105159021.93654892,0.00010578,1.6690793515748326e-09,52
0,[],22,[],2019-05-10 16:54:59,0.0,0,0,7610759,2019-05-10 16:54:59,,10289.62709543,0.0,0,,309505736.4566013,0.0,0.0,57
0,[],27,[],2019-05-10 16:55:05,0.0,0,0,7610760,2019-05-10 16:55:05,,0.0,0.0,0,"btc,eth",0.0,0.0,0.0,57
0.0000000001193805,[],4,[],2019-05-10 16:55:06,1060098169.1396304,1.193805e-18,7.677431583300001e-23,7610761,2019-05-10 16:55:06,ltc,19.110261509123273,0.0,0.00000001,ltc,6024064254.452434,0.0,1.2655504948097365e-09,58
1,[],12,[],2019-05-10 16:55:08,1555974333.0,0.0000000001,0.000000000000006431060000000001,7610762,2019-05-10 16:55:08,btc,11897162.882887997,0.0,0.0000000001,btc,4459188850.227773,0.000479880437262732,0.1555974333,58
0.0000000001036483,[],22,[],2019-05-10 16:55:12,137323.0,1.036483e-18,6.665684361980001e-23,7610763,2019-05-10 16:55:12,XMR,69.17947824,0.0,0.00000001,XMR,9887848.044444444,1.19195545e-16,0.00137323,58
1,[],17,[],2019-05-03 01:12:09,1200000.0,0.0000000001,0.00000000000000548003,7559085,2019-05-03 01:12:09,btc,1e+24,0.0,0.0000000001,"btc,eth",39516342.31952568,0.0,0.00010000000058666061,58
1,[],5,[],2019-05-10 16:55:14,0.0,0,0,7610764,2019-05-10 16:55:14,btc,0.0,0.00508849,0,btc,0.0,0.0,0.0,61
1,[],22,[],2019-05-10 16:55:17,13613.833333333334,0.00000012,0.000000000007717272,7610765,2019-05-10 16:55:17,BTC,1002.29626883,0.0,0.00000012,BTC,15392.180177125656,0.0,0.00153269,61
1,[],26,[],2019-05-10 16:55:17,0.0,0.00000050,0.0000000000321553,7610766,2019-05-10 16:55:17,btc,0.0,0.0,0.00000050,btc,0.0,0.0,0.0,61
0.0000000002711344,[],27,[],2019-05-10 16:55:27,100000.0,2.711344e-18,1.7436815944640001e-22,7610767,2019-05-10 16:55:27,eth,1.9482732497246655,0.0,0.00000001,"btc,eth",13266.51663696,0.0,2.711344e-13,61
0,[],28,[],2019-05-10 16:55:28,0.0,0,0,7610768,2019-05-10 16:55:28,,0.0,0.0,0,,0.0,0.0,0.0,61
1,[],4,[],2019-05-10 16:55:29,1229230.65376122,0.00000099,0.000000000063667494,7610769,2019-05-10 16:55:29,btc,2.3597801660696924,0.0,0.00000099,btc,740554.29809493,0.02700055,0.7954060215597569,67
0.0,[],25,[],2019-05-10 16:55:30,0.0,0,0,7610770,2019-05-10 16:55:30,,0.0,0.0,0.0,btc,0.0,0.0,0.0,67
1,[],12,[],2019-05-10 16:55:31,1436672.895,0.00000014,0.000000000009003484000000001,7610771,2019-05-10 16:55:31,btc,55556353.36208021,0.0,0.00000014,btc,1523526.45456981,7.64239760226e-05,0.0217267053,71
,[],5,[],2018-11-20 23:02:39,1.5e-07,0.00000005,0.000000000002128045,4862160,2018-11-20 23:02:39,btc,2.84511358,0.0,,btc,0.00036572,0.0,0.07381892,74
1,[],5,[],2019-05-10 16:55:34,0.0,0,0,7610772,2019-05-10 16:55:34,btc,0.0,0.01484161,0,btc,0.0,0.0,0.0,75
1,[],4,[],2019-05-10 16:55:34,78543.099,0.00000001,0.0000000000006431060000000001,7610773,2019-05-10 16:55:34,btc,133697.82998296857,0.0,0.00000001,btc,35130062.32523591,0.0,0.00078543099,81
0,[],20,[],2019-01-25 09:30:31,0.0,0,0,6495923,2019-01-25 09:30:31,btc,0.0,0.0,0,btc,0.0,0.0,0.0,81
1,[],4,[],2019-05-10 16:55:39,26238.22128282,0.00006922,0.000000004451579732000001,7610774,2019-05-10 16:55:39,btc,18.56674781114734,0.0,0.00006922,btc,25544.22362506,0.46842385,0.2280722135742158,82
1,[],21,[],2019-05-10 16:55:40,249198.55168788,0.00006805999999999999550137630422,0.000000004376979436,7610775,2019-05-10 16:55:40,btc,2.7969508626431008,9275.58127718,0.00006805999999999999550137630421886569820344448089599609375,btc,36027.14276796,0.64882832,1.4888532695853895,82
0,[],17,[],2019-03-25 22:42:34,0.0,0,0,7038780,2019-03-25 22:42:34,btc,0.0445064681804024,0.0,0,btc,995513.18476001,0.0,0.0,84
0.00000000013644,[],4,[],2019-05-01 19:17:39,299701867.376,1.3644e-18,7.259508504e-23,7542161,2019-05-01 19:17:39,ltc,1.6769037726995486,0.0,0.00000001,ltc,427823536.87452894,0.00010978,4.089132278478144e-10,85
,[],22,[],2018-11-20 23:09:34,3408.1,0.0000001,0.0000000000041895,4862324,2018-11-20 23:09:34,BTC,0.04624735,0.0,,BTC,4990.0,0.0,0.00033081,86
1,[],22,[],2019-05-10 16:55:44,89999.0,0.00000001,0.0000000000006431060000000001,7610776,2019-05-10 16:55:44,BTC,3.66432991,0.0,0.00000001,BTC,332904.29736842104,0.0,0.00089999,87
1,[],27,[],2019-05-10 16:55:50,10674.0,0.00000001,0.0000000000006431060000000001,7610777,2019-05-10 16:55:50,btc,4.960708560736,0.0,0.00000001,btc,10217.62841,0.0,0.00010674,87
,[],2,[],2018-11-20 23:10:47,0.0,0,0,4862359,2018-11-20 23:10:47,,0.0,0.0,,,0.0,0.0,0.0,88
1,[],11,[],2019-05-10 16:55:51,79513.69848537,0.00014599999999999999805190553647804563297540880739688873291015625,0.0000000093893476,7610778,2019-05-10 16:55:51,btc,176.6254073109043,3262.66705882,0.00014599999999999999805190553647804563297540880739688873291015625,btc,188360.82417678,0.0,4.649290589359013,89
0,[],2,[],2019-01-20 23:31:45,0.0,0,0,6477083,2019-01-20 23:31:45,,0.0,0.0,0,,0.0,0.0,0.0,91
1,[],12,[],2019-05-10 16:55:53,424865.53022236,0.00000066,0.000000000042444996000000006,7610779,2019-05-10 16:55:53,btc,89.71378152130751,0.0,0.00000066,btc,165761.49649123,0.0,0.0408125483999675,91
1,[],22,[],2019-05-10 16:55:57,76014.0,0.0000008,0.00000000005144848,7610780,2019-05-10 16:55:57,BTC,0.1,0.0,0.0000008,"BTC,LTC",1.0,0.0,0.0017135,91
0,[],17,[],2019-05-03 01:12:26,0.0,0,0,7559096,2019-05-03 01:12:26,btc,0.0,0.0,0,btc,0.0,0.0,0.0,91
1,[],22,[],2019-04-09 20:17:52,374949.73333333334,0.00000015,0.000000000007771935,7235704,2019-04-09 20:17:52,BTC,6.87372503,0.0,0.00000015,"BTC,LTC",159980.01196797504,1.1e-05,0.80510266,95
0.0000000001193805,[],4,[],2019-05-10 16:55:58,549278484.2779236,7.640352e-17,4.9135562133120005e-21,7610781,2019-05-10 16:55:58,ltc,11.349507026431475,0.0,0.00000064,ltc,133757464.27415916,0.06018841,1.4179188421288051e-09,96
0,[],12,[],2019-05-10 16:55:59,0.0,0,0,7610782,2019-05-10 16:55:59,btc,25054.270769064115,0.0,0,btc,7546787.23081917,0.00059953949001,0.0,96
0,[],17,[],2019-05-03 01:12:32,0.0,0,0,7559100,2019-05-03 01:12:32,btc,0.0,0.0,0,btc,0.0,0.0,0.0,96
1,[],4,[],2019-04-14 03:32:46,1039404.33283278,0.00000038,0.000000000019245518,7293458,2019-04-14 03:32:46,btc,4.170086055365747,0.0,0.00000038,btc,3097704.34561074,0.06260606,0.1859928211030784,99
0,[],2,[],2019-01-20 23:23:55,0.0,0,0,6476914,2019-01-20 23:23:55,,0.0,0.0,0,,0.0,0.0,0.0,100
1,[],4,[],2019-05-10 16:56:02,354380.59964296,0.00003410,0.00000000219299146,7610783,2019-05-10 16:56:02,btc,7.117162332937451,0.0,0.00003410,btc,123458.27465014,0.48925302,0.3630610786521791,100
1,[],22,[],2019-05-10 16:56:05,130000.0,0.00000001,0.0000000000006431060000000001,7610784,2019-05-10 16:56:05,BTC,24.83526409,0.0,0.00000001,BTC,11187.719,0.0,0.0013,101
1,[],4,[],2019-05-10 16:56:06,691984.7144236,0.00000670,0.00000000043088102000000006,7610785,2019-05-10 16:56:06,btc,254.73673410054653,0.0,0.00000670,btc,382947.81879538,2.47861142,1.1632649254408858,103
1,[],12,[],2019-05-10 16:56:10,109550883.51292,0.000000004,0.00000000000025724240000000004,7610786,2019-05-10 16:56:10,btc,468525182.6994671,0.0,0.000000004,btc,108010769.36707611,0.00538318599001004,0.20734346371276002,105
0,[],27,[],2019-05-10 16:56:19,0.0,0,0,7610787,2019-05-10 16:56:19,,0.0584885651331397,0.0,0,btc,600596.63747933,0.0,0.0,105
1,[],22,[],2019-04-21 00:17:26,21333.0,0.00000001,0.000000000000532493,7385819,2019-04-21 00:17:26,BTC,51.38182867,0.0,0.00000001,BTC,470435.0,0.0,0.00021333,107
1,[],26,[],2019-04-21 00:17:26,0.0,0.00000000,0,7385820,2019-04-21 00:17:26,btc,0.0,0.0,0.00000000,btc,0.0,0.0,0.0,107
1,[],5,[],2019-05-10 16:56:21,0.0,0,0,7610788,2019-05-10 16:56:21,btc,0.0,4e-07,0,btc,0.0,0.0,0.0,112
0,[],22,[],2019-05-10 16:56:24,0.0,0,0,7610789,2019-05-10 16:56:24,,2.79003697,0.0,0,,1380942.0833333333,0.0,0.0,112
1,[],27,[],2019-05-10 16:56:33,1.0,0.00000001,0.0000000000006431060000000001,7610790,2019-05-10 16:56:33,btc,1.25032588,0.0,0.00000001,"btc,eth",1819.0,0.0,1e-08,112
1,[],4,[],2019-05-10 16:56:34,339545.25035789,0.00000152,0.000000000097752112,7610791,2019-05-10 16:56:34,btc,4.796107885720767,0.0,0.00000152,btc,515027.22646948,0.028314,0.2088707932205987,113
1,[],5,[],2019-05-10 16:56:35,0.0,0,0,7610792,2019-05-10 16:56:35,btc,0.0,0.0,0,btc,0.0,0.0,0.0,113
1,[],17,[],2019-04-26 02:17:47,162738.278,0.00000004,0.0000000000021069000000000002,7461287,2019-04-26 02:17:47,btc,1.3331140273775473,0.0,0.00000004,btc,51796.221,0.0,0.00230953112,116
0,[],27,[],2019-04-26 02:19:51,0.0,0,0,7461288,2019-04-26 02:19:51,,0.0,0.0,0,,0.0,0.0,0.0,116
1,[],4,[],2019-05-07 20:09:28,131822.85721655,0.00001022,0.00000000060230548,7572994,2019-05-07 20:09:28,btc,132.18460413545117,0.0,0.00001022,btc,268070.13193351,0.06918336,1.0489745103085106,120
1,[],7,[],2019-05-07 20:09:30,9501.79941055,0.000011699999999999999788190263583231853772304020822048187255859375,0.0000000006895277999999999,7572995,2019-05-07 20:09:30,btc,231185.88817567716,62.23644451,0.000011699999999999999788190263583231853772304020822048187255859375,btc,4076.97424313,0.00072692,0.018013380795019,120
1,[],20,[],2019-04-07 18:42:29,1914137.0852,0.000000035,0.0000000000017871910000000002,7211992,2019-04-07 18:42:29,btc,32.2497668025648,25528.85,0.000000035,btc,1001975.4986,0.00089350975,0.0152723574729,125
1,[],22,[],2019-05-10 16:56:38,10000.0,0.00000001,0.0000000000006431060000000001,7610793,2019-05-10 16:56:38,BTC,0.032061,0.0,0.00000001,BTC,299316.7611111111,0.0,0.0001,126
0,[],2,[],2019-01-20 23:25:46,0.0,0,0,6476969,2019-01-20 23:25:46,,0.0,0.0,0,,0.0,0.0,0.0,131
1,[],4,[],2019-05-10 16:56:39,1870280.92717046,0.00000703,0.00000000045210351800000005,7610794,2019-05-10 16:56:39,btc,3.3580803623697046,0.0,0.00000703,btc,172629.43339455,0.14751598,0.3944371468444253,131
1,[],17,[],2019-05-03 01:13:10,10000.0,0.00000001,0.000000000000548003,7559115,2019-05-03 01:13:10,btc,0.0953976503951408,0.0,0.00000001,btc,5037.62507334,0.0,0.0001,131
1,[],4,[],2019-05-10 16:56:41,4704.72214225,0.00013013,0.000000008368738378000001,7610795,2019-05-10 16:56:41,btc,6.011166252038861,0.0,0.00013013,btc,191.61424306,0.0,0.0073717379547207,135
1,[],3,[],2019-05-09 05:30:45,530498.0,0.00000001,0.000000000000609729,7590472,2019-05-09 05:30:45,btc,0.1029057631805504,129896.5,0.00000001,btc,1124104.34967245,0.0,0.00530498,136
1,[],4,[],2019-05-10 16:56:43,2342116.56470438,0.00000211,0.000000000135695366,7610796,2019-05-10 16:56:43,btc,319.7550136827361,0.0,0.00000211,btc,535912.97983761,0.03687055,0.60372088749608,137
1,[],12,[],2019-05-10 16:56:44,327140.38763755,0.0000019499999999999999646983772638719756287173368036746978759765625,0.00000000012540567,7610797,2019-05-10 16:56:44,btc,48520.51045518331,0.0,0.0000019499999999999999646983772638719756287173368036746978759765625,btc,39957.73568478,0.003627081968034,0.029182445727146,137
1,[],20,[],2019-05-10 15:27:36,167415.156,0.00003251,0.000000002041478454,7609685,2019-05-10 15:27:36,btc,1.7150657837616,119.91,0.00003251,btc,8331.3433,0.003930442052,0.059471009099,142
1,[],4,[],2019-05-10 16:56:46,64619.68456871,0.00003006,0.0000000019331766360000003,7610798,2019-05-10 16:56:46,btc,5.1589637074053245,0.0,0.00003006,btc,71681.06423231,0.77537062,0.3390143210043005,142
1,[],5,[],2019-05-10 16:56:47,0.0,0,0,7610799,2019-05-10 16:56:47,btc,0.0,0.27418754,0,btc,0.0,0.0,0.0,142
1,[],22,[],2019-05-10 16:56:51,1370.0,0.00000200,0.0000000001286212,7610800,2019-05-10 16:56:51,BTC,3.2756588,0.0,0.00000200,BTC,1135.5948275773155,0.0,0.0003632,142
0.0,[],25,[],2019-05-10 16:56:54,0.0,0,0,7610801,2019-05-10 16:56:54,,0.0,0.0,0.0,btc,0.0,0.0,0.0,142
0,[],28,[],2019-05-10 16:56:56,0.0,0,0,7610802,2019-05-10 16:56:56,,0.0,0.0,0,,0.0,0.0,0.0,142
1,[],17,[],2019-05-03 01:13:16,32967.38636364,0.00000088,0.000000000048224264,7559122,2019-05-03 01:13:16,btc,20.06976206696776,0.0,0.00000088,btc,2746.079105,0.0,0.0105613000000032,142
0,[],22,[],2019-05-10 16:56:58,0.0,0,0,7610803,2019-05-10 16:56:58,,64.16505383,0.0,0,,688775795.8,0.0,0.0,143
0,[],22,[],2019-02-25 15:42:22,0.0,0,0,6783783,2019-02-25 15:42:22,,4.2131946,0.0,0,,2322156.0,0.0,0.0,146
,[],22,[],2018-11-20 23:01:11,0.0,0,0,4862114,2018-11-20 23:01:11,,2.56807021,0.0,,,61828.4988236,0.0,0.0,147
1,[],12,[],2019-04-21 06:38:04,193091.5971266,0.00000071,0.000000000037635183,7388679,2019-04-21 06:38:04,btc,2.301232411611175,0.0,0.00000071,btc,9957.48302385,0.00023528,0.0313308199999888,148
1,[],4,[],2019-03-19 21:31:25,255810.0415942,0.00000029,0.000000000011615747,6982695,2019-03-19 21:31:25,btc,218.94922712414143,0.0,0.00000029,btc,793529.37642722,0.00117,0.0608347789473395,152
0,[],22,[],2019-03-19 21:31:27,0.0,0,0,6982696,2019-03-19 21:31:27,,0.0,0.0,0,,0.0,0.0,0.0,152
1,[],5,[],2019-04-26 09:36:59,0.0,0,0,7465040,2019-04-26 09:36:59,btc,0.0,0.0,0,btc,0.0,0.0,0.0,153
,[],16,[],2019-01-11 15:38:59,0.0,0,0,6366141,2019-01-11 15:38:59,btc,0.0,0.0,,btc,0.0,0.0,0.0,155
0,[],23,[],2019-01-20 23:24:29,0.0,0,0,6476932,2019-01-20 23:24:29,,0.0,0.0,0,,0.0,0.0,0.0,156
0,[],22,[],2019-05-10 16:57:02,0.0,0,0,7610804,2019-05-10 16:57:02,,6.80191271,0.0,0,,4673448.342592592,0.0,0.0,156
1,[],22,[],2019-05-10 16:57:06,7066.0,0.00000800,0.0000000005144848,7610805,2019-05-10 16:57:06,BTC,1.79802465,0.0,0.00000800,BTC,802.6461988741639,0.0,0.00062996,157
0,[],22,[],2019-05-07 22:25:46,0.0,0,0,7574238,2019-05-07 22:25:46,,50234.60468402,0.0,0,,54786159.03179465,0.0,0.0,158
,[],17,[],2018-11-20 22:56:10,0.0,0,0,4861976,2018-11-20 22:56:10,btc,1.1265625,0.0,,btc,1000.0,0.0,0.0,159
,[],20,[],2018-11-20 22:56:12,0.0,0,0,4861977,2018-11-20 22:56:12,btc,11912.7940471,0.0,,btc,34413894.3617,0.0,0.0,159
1,[],12,[],2019-05-10 16:57:06,266750.77188348,0.000003700000000000000150205368976141784287392511032521724700927734375,0.00000000023794922000000003,7610806,2019-05-10 16:57:06,btc,23.1722304535556,0.0,0.000003700000000000000150205368976141784287392511032521724700927734375,btc,12104.98716398,0.0040598381791068,0.048925426463030795,168
1,[],17,[],2019-05-03 01:13:36,42852.0,0.00000002,0.000000000001096006,7559132,2019-05-03 01:13:36,btc,0.04279856251542,0.0,0.00000002,btc,274.46171372,0.0,0.00052852,168
1,[],22,[],2019-05-07 03:57:18,743122.0,0.00000001,0.000000000000593596,7562020,2019-05-07 03:57:18,BTC,41.40912107,0.0,0.00000001,BTC,1593401.2737547632,0.00342649,0.00743122,169
1,[],22,[],2019-05-10 16:57:10,221441.8,0.0000001,0.00000000000643106,7610807,2019-05-10 16:57:10,BTC,26.86354028,0.0,0.0000001,BTC,441421.4055490906,0.00083982,0.00388598,171
1,[],22,[],2019-05-10 16:57:13,645433.2,0.0000001,0.00000000000643106,7610808,2019-05-10 16:57:13,BTC,823.67581663,0.0,0.0000001,"BTC,LTC",699752.1255168159,4.9e-05,0.01358335,173
1,[],5,[],2019-05-06 19:49:32,0.0,0,0,7559281,2019-05-06 19:49:32,btc,0.0,0.00023336,0,btc,0.0,0.0,0.0,175
1,[],22,[],2019-05-10 16:57:16,90671.0,0.00000001,0.0000000000006431060000000001,7610809,2019-05-10 16:57:16,BTC,394.35459412,0.0,0.00000001,BTC,136275.61833431243,0.0,0.00090671,176
1,[],7,[],2019-05-10 16:51:24,0.0,0,0,7610675,2019-05-10 16:51:24,btc,520279.24058619724,16475.5244755,0,btc,27463637.45292212,0.00016476,0.0,178
0,[],22,[],2019-05-10 16:51:27,0.0,0,0,7610676,2019-05-10 16:51:27,,1.00242428,0.0,0,,57512.0,0.0,0.0,178
0,[],2,[],2019-01-20 23:28:34,0.0,0,0,6477001,2019-01-20 23:28:34,,0.0,0.0,0,,0.0,0.0,0.0,178
0,[],23,[],2019-01-20 23:25:08,0.0,0,0,6476952,2019-01-20 23:25:08,,0.0,0.0,0,,0.0,0.0,0.0,179
1,[],5,[],2019-05-10 16:57:18,0.0,0,0,7610810,2019-05-10 16:57:18,btc,0.0,0.11848392,0,btc,0.0,0.0,0.0,179
1,[],22,[],2019-05-10 16:57:21,3008389.0,0.00000001,0.0000000000006431060000000001,7610811,2019-05-10 16:57:21,BTC,5.3314659,0.0,0.00000001,BTC,13965981.911946677,9.229e-05,0.03008389,179
1,[],22,[],2019-05-10 16:57:25,657809.9424768925,0.00000155,0.00000000009968143000000001,7610812,2019-05-10 16:57:25,BTC,39.21663336,0.0,0.00000155,"BTC,LTC",23389.734044708992,0.06532941,0.5790209,180
1,[],26,[],2019-05-10 16:57:25,0.0,0.00000120,0.00000000007717272000000001,7610813,2019-05-10 16:57:25,btc,0.0,50.0,0.00000120,btc,0.0,0.0,0.0,180
1,[],17,[],2019-05-03 01:13:56,20504.725000000002,0.0000001,0.00000000000548003,7559141,2019-05-03 01:13:56,btc,5.2010695838400265,0.0,0.0000001,btc,5033.45945,0.0,0.0011504725,180
,[],7,[],2018-11-20 22:58:01,562227.975654,0.00000085,0.000000000036176765,4862015,2018-11-20 22:58:01,btc,21836.6059674,2491.87645172,,btc,749999.041456,0.00211021,0.127565380455,183
,[],5,[],2019-01-10 08:11:41,0.0,0,0,6347036,2019-01-10 08:11:41,btc,82.15055501,0.00261,,btc,1.19002445,0.0,0.0,187
1,[],24,[],2019-04-30 17:34:05,0.0,0.000000000014,7.396256000000001e-16,7526291,2019-04-30 17:34:05,btc,0.0,0.0,0.000000000014,btc,0.0,0.0,0.0,187
,[],17,[],2018-11-16 20:58:10,4062536.27273,0.00000001,0.000000000000550501,4708775,2018-11-16 20:58:10,btc,3.36492563466,0.195460381006,,"btc,eth",110697919.549,0.0,0.0157628953496,187
0,[],22,[],2019-04-25 02:54:07,0.0,0,0,7447896,2019-04-25 02:54:07,,7.54794454,0.0,0,,76361.7243344055,0.0,0.0,191
0,[],22,[],2019-05-10 16:57:29,0.0,0,0,7610814,2019-05-10 16:57:29,,0.0,0.0,0,,0.0,0.0,0.0,197
0,[],23,[],2019-01-20 23:31:41,0.0,0,0,6477079,2019-01-20 23:31:41,,0.0,0.0,0,,0.0,0.0,0.0,199
0.0000000001193805,[],22,[],2019-05-10 16:57:33,54733331.0,2.38761e-18,1.5354863166600002e-22,7610815,2019-05-10 16:57:33,LTC,7.64520347,0.0,0.00000002,LTC,35259414.0,0.0,0.64066281,199
1,[],26,[],2019-05-10 16:57:33,0.0,0.00000000,0,7610816,2019-05-10 16:57:33,btc,0.0,0.0,0.00000000,btc,0.0,0.0,0.0,199
0,[],2,[],2019-01-20 23:30:49,0.0,0,0,6477059,2019-01-20 23:30:49,,0.0,0.0,0,,0.0,0.0,0.0,201
1,[],4,[],2019-01-25 15:51:35,2084389.58565343,0.00000936,0.000000000333526752,6499557,2019-01-25 15:51:35,btc,2.0092503037378524,0.0,0.00000936,btc,160195.80207885,0.19272417,1.242687955921835,211
1,[],7,[],2019-05-10 16:57:36,14318198.079715509,0.0000009,0.000000000057879540000000004,7610817,2019-05-10 16:57:36,btc,15200782.98770921,74171.9109677,0.0000009,btc,12956861.89838682,0.0,1.5339416144931548,212
1,[],5,[],2019-05-07 13:02:51,0.0,0,0,7566706,2019-05-07 13:02:51,btc,0.0,0.43032184,0,btc,0.0,0.0,0.0,213
1,[],24,[],2019-05-07 13:02:52,0.0,0.000000050000,0.000000000002968865,7566707,2019-05-07 13:02:52,btc,0.0,0.0,0.000000050000,btc,0.0,0.0,0.0,213
1,[],26,[],2019-05-07 13:02:52,0.0,0.00000040,0.00000000002375092,7566708,2019-05-07 13:02:52,btc,0.0,0.0,0.00000040,btc,0.0,0.0,0.0,213
1,[],12,[],2019-01-25 02:44:32,207462.42853209,0.000001080000000000000035831255497387193287295303889550268650054931640625,0.000000000038610756000000006,6493050,2019-01-25 02:44:32,btc,85023.03793723314,0.0,0.000001080000000000000035831255497387193287295303889550268650054931640625,btc,43675.73520027,0.000146250909087,0.0348620860622024,213
0,[],22,[],2019-05-10 16:57:39,0.0,0,0,7610818,2019-05-10 16:57:39,,9.58044616,0.0,0,,2340817.094064925,0.0,0.0,216
1,[],27,[],2019-05-10 16:57:44,3515.0,0.00000001,0.0000000000006431060000000001,7610819,2019-05-10 16:57:44,btc,63.52179531123932,14366.0,0.00000001,"btc,ltc",224693.337308,0.00014366,3.515e-05,216
1,[],22,[],2019-05-10 16:57:47,304211.6153846154,0.00000078,0.000000000050162268,7610820,2019-05-10 16:57:47,BTC,12054.92750315,0.0,0.00000078,BTC,424050.51496446825,0.03265225,0.0377055,217
1,[],7,[],2019-05-10 16:58:39,0.0,0,0,7610821,2019-05-10 16:58:39,btc,111302.55957245249,0.0,0,btc,136863796.67828158,0.0,0.0,219
0,[],27,[],2019-05-10 16:58:45,0.0,0,0,7610822,2019-05-10 16:58:45,,0.05960067,0.0,0,btc,1692528.0,0.0,0.0,219
0,[],28,[],2019-05-10 16:58:46,0.0,0,0,7610823,2019-05-10 16:58:46,,0.0,0.0,0,,0.0,0.0,0.0,219
1,[],22,[],2019-05-10 16:52:06,381170.0,0.00000004,0.000000000002560056,7610691,2019-05-10 16:52:06,BTC,56.7649867,0.0,0.00000004,BTC,131552.84827387411,0.0,0.0123008,221
1,[],24,[],2019-05-10 16:52:06,0.0,0.000000010000,0.000000000000640014,7610692,2019-05-10 16:52:06,btc,0.0,0.0,0.000000010000,btc,0.0,0.0,0.0,221
0,[],22,[],2019-05-10 16:52:09,0.0,0,0,7610693,2019-05-10 16:52:09,,0.0,0.0,0,,0.0,0.0,0.0,224
1,[],20,[],2019-05-10 15:31:35,16946807.3381,0.000000013,0.0000000000008163402,7609714,2019-05-10 15:31:35,btc,100090.95270288902,2279683.5031,0.000000013,btc,18001915.9887,0.0456199947535,0.0900470499972,224
1,[],26,[],2019-05-10 16:52:09,0.0,0.00000026,0.000000000016640364,7610694,2019-05-10 16:52:09,btc,0.0,0.0,0.00000026,btc,0.0,0.0,0.0,231
1,[],26,[],2019-05-10 16:58:46,0.0,0.00000005,0.00000000000321553,7610824,2019-05-10 16:58:46,btc,0.0,0.0,0.00000005,btc,0.0,0.0,0.0,234
0,[],27,[],2019-05-10 16:58:52,0.0,0,0,7610825,2019-05-10 16:58:52,,0.01134836604,0.0,0,"btc,eth",11462.996,0.0,0.0,234
1,[],4,[],2019-04-29 21:02:20,217188.93193785,0.00000080,0.00000000004151584,7514327,2019-04-29 21:02:20,btc,5.239800103892936,0.0,0.00000080,btc,797346.30008933,0.0,0.0590549781555679,236
1,[],24,[],2019-04-29 21:02:20,0.0,0.000000100000,0.00000000000518948,7514328,2019-04-29 21:02:20,btc,0.0,0.0,0.000000100000,btc,0.0,0.0,0.0,236
1,[],5,[],2019-05-06 20:53:15,0.0,0,0,7559637,2019-05-06 20:53:15,btc,0.0,0.20253514,0,btc,0.0,0.0,0.0,237
1,[],20,[],2019-05-06 20:53:18,38173217.6136,0.000000083,0.0000000000047460728,7559638,2019-05-06 20:53:18,btc,21342.514614200165,8832375.7238,0.000000083,btc,27701499.3386,0.7554403456107,1.3621107610479,237
1,[],22,[],2019-05-06 20:53:20,343938.0,0.00000009,0.000000000005146344,7559639,2019-05-06 20:53:20,BTC,1.20267422,0.0,0.00000009,BTC,17930.94871794872,0.0,0.01017442,237
1,[],4,[],2019-05-10 16:52:32,22717253.29920738,0.00000014,0.000000000008960196,7610697,2019-05-10 16:52:32,btc,3.373223194549296,0.0,0.00000014,btc,9376589.19874948,0.25333806,1.003075451370037,238
1,[],5,[],2019-05-10 16:52:34,0.0,0,0,7610698,2019-05-10 16:52:34,btc,0.0,0.02794523,0,btc,0.0,0.0,0.0,238
0,[],22,[],2019-03-12 16:49:32,0.0,0,0,6914458,2019-03-12 16:49:32,,0.40415746,0.0,0,,526736.5639027493,0.0,0.0,249
0,[],22,[],2019-05-10 16:58:55,0.0,0,0,7610826,2019-05-10 16:58:55,,4.52678073,0.0,0,,38074419.69978836,0.0,0.0,252
0,[],28,[],2019-05-10 16:52:40,0.0,0,0,7610700,2019-05-10 16:52:40,,0.0,0.0,0,,0.0,0.0,0.0,256
1,[],22,[],2019-05-10 16:58:58,1088993.5,0.00000002,0.0000000000012862120000000002,7610827,2019-05-10 16:58:58,BTC,21.88116616,0.0,0.00000002,BTC,522884.63333384093,0.0,0.01124633,258
1,[],22,[],2019-03-13 00:07:30,47146.0,0.00000001,0.000000000000387233,6917028,2019-03-13 00:07:30,BTC,2.415167,0.0,0.00000001,BTC,157.0,0.0,0.00047146,259
1,[],20,[],2019-05-10 15:34:49,1259538.2611,0.00000082,0.000000000051492228,7609725,2019-05-10 15:34:49,btc,4.9322862797969,114161.1579,0.00000082,btc,87472.3294,0.1311474824791,0.0254072136436,264
1,[],5,[],2019-05-10 16:59:00,0.0,0,0,7610828,2019-05-10 16:59:00,btc,0.0,0.36271156,0,btc,0.0,0.0,0.0,264
0,[],22,[],2019-04-12 17:57:27,0.0,0,0,7278186,2019-04-12 17:57:27,,66.37522201,0.0,0,,677842.4169881374,0.0,0.0,271
0,[],22,[],2019-05-10 16:59:08,0.0,0,0,7610829,2019-05-10 16:59:08,,33051802.3172899,0.0,0,,15696307799.7,0.0,0.0,272
0,[],28,[],2019-05-10 16:59:09,0.0,0,0,7610830,2019-05-10 16:59:09,,0.0,0.0,0,,0.0,0.0,0.0,272
1,[],22,[],2019-05-10 16:59:14,131499.7,0.00000014,0.000000000009003484000000001,7610831,2019-05-10 16:59:14,BTC,427.42495672,0.0,0.00000014,BTC,249705.37764460206,0.0,0.00447418,281
1,[],22,[],2019-05-10 16:59:18,610198.1,0.00000002,0.0000000000012862120000000002,7610832,2019-05-10 16:59:18,BTC,1.50576176,0.0,0.00000002,"BTC,LTC",604056.1256135202,0.00011038,0.01735528,286
0,[],22,[],2019-05-10 16:59:21,0.0,0,0,7610833,2019-05-10 16:59:21,,7337892.75526966,0.0,0,,1388519262.7797825,0.0,0.0,294
