pairValue,buyBook,exchangeId,sellBook,updated,buyTotal,satoshiPrice,usdPrice,exchangeLogId,created,bestPair,sellTotalBtc,volume,pairPrice,activePairs,sellTotal,volumeBtc,buyTotalBtc,coinId
0,[],2,[],2019-01-20 23:28:45,0.0,0,0,6477011,2019-01-20 23:28:45,,0.0,0.0,0,,0.0,0.0,0.0,1
1,[],3,[],2019-02-06 00:19:33,114.616251379521,0.012403430000000000010818013151947525329887866973876953125,0.00000042907185399000005,6595054,2019-02-06 00:19:33,btc,107.10033182318978,0.01001001,0.012403430000000000010818013151947525329887866973876953125,btc,24.585131767042,0.0,0.3168736320287517,1
1,[],4,[],2019-02-06 00:19:34,120128.4860752,0.01263190,0.00000043697531670000003,6595055,2019-02-06 00:19:34,btc,0.94259029921326,0.0,0.01263190,btc,70.84868115,2.42086827,1.2867038023466535,1
1,[],5,[],2019-02-06 00:19:35,0.22997915,0.01230100,0.000000425528493,6595056,2019-02-06 00:19:35,btc,14578.03564741,0.00752606,0.01230100,btc,35555556.12703647,0.0,1.43870323,1
1,[],10,[],2019-02-06 00:19:38,414819.23617631,0.01150305,0.0000003979250086500001,6595057,2019-02-06 00:19:38,btc,6533.738022366079,2436.78075814,0.01150305,btc,1085.64673746,0.0,4.564067844497487,1
1,[],12,[],2019-02-06 00:19:40,10429.42910834,0.012510000000000000286437540353290387429296970367431640625,0.00000043275843000000004,6595058,2019-02-06 00:19:40,btc,0.3721744104481,0.0,0.012510000000000000286437540353290387429296970367431640625,btc,23.66212478,0.5461395836174,0.2662608828943,1
1,[],20,[],2019-02-06 00:19:42,1149.2576,0.01200001,0.00000041511634593000004,6595059,2019-02-06 00:19:42,btc,0.0580330504203,0.0,0.01200001,btc,2.5989,0.0,0.0851527389985,1
1,[],21,[],2019-02-06 00:19:43,2741.70133652,0.01245262999999999925515581367,0.00000043077382959,6595060,2019-02-06 00:19:43,btc,20.8063991715262,11069.93813695,0.012452629999999999255155813671080977655947208404541015625,"btc,eth",2275.35417114,135.58430387497742,26.17097544358837,1
1,[],22,[],2019-02-06 00:19:47,0.0263776,0.01350000,0.00000046700550000000003,6595061,2019-02-06 00:19:47,BTC,0.31397231,0.0,0.01350000,BTC,0.10124366666666666,0.0,0.00034472,1
1,[],24,[],2019-02-06 00:19:48,0.0,0.000000000000,0,6595062,2019-02-06 00:19:48,btc,0.0,0.0,0.000000000000,btc,0.0,0.0,0.0,1
0.0,[],25,[],2019-02-06 00:19:49,0.0,0,0,6595063,2019-02-06 00:19:49,btc,11.343399997981951,1036.20288639,0.0,btc,872.97550983,13.1741,0.0,1
1,[],26,[],2019-02-06 00:20:07,0.0,0,0,6595064,2019-02-06 00:20:07,,0.0,0.0,0,,0.0,0.0,0.0,1
1,[],28,[],2019-02-06 00:20:19,987.9,0.01131000,0.00000039124683000000005,6595065,2019-02-06 00:20:19,btc,0.162839806,17464.05,0.01131000,btc,8.9,0.0,0.024551096,1
1,[],5,[],2019-02-06 00:20:20,2.074e-05,0.00000073,0.00000000002525289,6595066,2019-02-06 00:20:20,btc,0.15988189,0.00704282,0.00000073,btc,7.143e-05,0.0,0.50008022,2
1,[],22,[],2019-02-06 00:20:24,1648.0,0.0000004,0.000000000013837200000000002,6595067,2019-02-06 00:20:24,BTC,4.22135011,0.0,0.0000004,"BTC,XMR",14604.712016896552,0.0,0.00107635,2
1,[],5,[],2019-02-06 00:20:25,1.25e-06,0.00000016,0.00000000000553488,6595068,2019-02-06 00:20:25,btc,3.47698015,0.63367257,0.00000016,btc,2.204e-05,0.0,3.0373888,3
1,[],12,[],2019-02-06 00:20:27,12324199.97845504,0.000000167,0.000000000005777031,6595069,2019-02-06 00:20:27,btc,921361.5008747746,0.0,0.000000167,btc,7996086.18328599,0.06537556161364017,0.5204806569915096,3
0,[],28,[],2019-02-06 00:20:28,0.0,0,0,6595070,2019-02-06 00:20:28,,0.0,0.0,0,,0.0,0.0,0.0,3
0,[],2,[],2019-01-20 23:31:32,0.0,0,0,6477077,2019-01-20 23:31:32,,0.0,0.0,0,,0.0,0.0,0.0,4
1,[],4,[],2019-02-06 00:20:29,520382.56010758,0.00000032,0.00000000001106976,6595071,2019-02-06 00:20:29,btc,0.3604680574069428,0.0,0.00000032,btc,344598.5256528,0.00108,0.0858262231999018,4
1,[],12,[],2019-02-05 13:21:12,1437531.5219999999,0.00000005,0.00000000000173026,6590135,2019-02-05 13:21:12,btc,11013878.263129916,0.0,0.00000005,btc,932226.39031991,0.0018816659240752,0.02941814044,5
1,[],11,[],2019-02-06 00:20:30,9390109.4999525,0.00000002,0.00000000000069186,6595072,2019-02-06 00:20:30,btc,9433.346120114096,395587.333333,0.00000002,btc,41273438.51836007,0.0,0.15147367499905,6
0,[],2,[],2019-01-20 23:31:51,0.0,0,0,6477087,2019-01-20 23:31:51,,0.0,0.0,0,,0.0,0.0,0.0,6
1,[],3,[],2019-02-06 00:20:30,1066.558051320279,0.000150559999999999995050348200464895853656344115734100341796875,0.00000000520832208,6595073,2019-02-06 00:20:30,btc,28.398852553279106,0.0,0.000150559999999999995050348200464895853656344115734100341796875,btc,230.845665820227,0.0,0.03053197781660925,7
1,[],4,[],2019-02-06 00:20:31,22448.18255586,0.00020451,0.00000000707461443,6595074,2019-02-06 00:20:31,btc,3.125426743997153,0.0,0.00020451,btc,13611.63588684,2.62070842,3.894392173203478,7
1,[],5,[],2019-02-06 00:20:32,0.00677604,0.00020055,0.000000006937626150000001,6595075,2019-02-06 00:20:32,btc,1.18654592,0.53945193,0.00020055,btc,0.0121726,0.0,1.7178341,7
1,[],20,[],2019-02-05 23:18:37,66461509.91,0.000000001,0.0000000000000346044,6594671,2019-02-05 23:18:37,btc,116.1315013062774,0.0,0.000000001,btc,28812144.5195,0.0,0.06646150991,8
1,[],1,[],2019-02-06 00:20:33,2131519.37,0.00000191999999999999982841307998027158276954651228152215480804443359375,0.00000000006641856,6595076,2019-02-06 00:20:33,btc,2.2332160704999997,14532649.28,0.00000191999999999999982841307998027158276954651228152215480804443359375,btc,1142144.23,27.89406046,4.0111213963,9
1,[],4,[],2019-02-06 00:20:34,297477.39962109,0.00000190,0.00000000006572670000000001,6595077,2019-02-06 00:20:34,btc,0.9824676848112777,0.0,0.00000190,btc,492159.22203194,1.69007657,0.529164883733575,9
1,[],28,[],2019-02-06 00:20:35,34500.0,0.00000165,0.00000000005707845,6595078,2019-02-06 00:20:35,btc,2708.7727397804,3568413.0,0.00000165,btc,15437.14,0.0,0.02854,9
0,[],2,[],2019-01-20 23:22:42,0.0,0,0,6476876,2019-01-20 23:22:42,,0.0,0.0,0,,0.0,0.0,0.0,9
0,[],23,[],2019-01-20 23:22:48,0.0,0,0,6476878,2019-01-20 23:22:48,,0.0,0.0,0,,0.0,0.0,0.0,9
1,[],4,[],2019-02-04 22:10:59,7341799.37826053,0.00000002,0.000000000000693444,6584299,2019-02-04 22:10:59,btc,0.1999615409270056,0.0,0.00000002,btc,4135980.29534268,0.00062922,0.0786653918652106,10
1,[],4,[],2019-02-06 00:20:36,2567257.04472826,0.00000150,0.000000000051889500000000003,6595079,2019-02-06 00:20:36,btc,1.2323269670364787,0.0,0.00000150,btc,773210.48288782,2.81206456,3.607577707568051,12
1,[],5,[],2019-02-06 00:20:38,2.632e-05,0.00000143,0.00000000004946799,6595080,2019-02-06 00:20:38,btc,0.56714088,0.97419393,0.00000143,btc,0.00012234,0.0,0.47747939,12
0.0,[],25,[],2019-02-06 00:20:39,0.0,0,0,6595081,2019-02-06 00:20:39,,0.0,0.0,0.0,btc,0.0,0.0,0.0,12
0,[],2,[],2019-01-20 23:23:08,0.0,0,0,6476890,2019-01-20 23:23:08,,0.0,0.0,0,,0.0,0.0,0.0,12
1,[],4,[],2019-02-06 00:20:40,1260054.139303,0.00000592,0.00000000020479056,6595082,2019-02-06 00:20:40,btc,0.3903847470197785,0.0,0.00000592,btc,60050.81872322,0.48410596,0.9764932764239038,13
1,[],10,[],2019-02-06 00:20:42,590196.48679862,0.00000578,0.00000000019994754,6595083,2019-02-06 00:20:42,btc,666809.6585086118,7516.01979594,0.00000578,btc,741740.27496255,0.0,0.8135498911646162,13
1,[],21,[],2019-02-06 00:20:44,1626004.08606237,0.000006039999999999999769030242791,0.00000000020894172000000001,6595084,2019-02-06 00:20:44,btc,2.671887077981254,1612524.21625733,0.00000603999999999999976903024279106801941452431492507457733154296875,btc,402078.23566163,9.70107044,8.398342570989518,13
1,[],4,[],2019-02-06 00:20:45,1205351.32555981,0.00000152,0.000000000052581360000000004,6595085,2019-02-06 00:20:45,btc,0.1291051724432028,0.0,0.00000152,btc,56111.94260307,0.13033991,0.516246873636868,14
1,[],12,[],2019-02-06 00:20:46,90388.5704698,0.0000015000000000000000380012861456169304119612206704914569854736328125,0.000000000051889500000000003,6595086,2019-02-06 00:20:46,btc,1.7638904531737392,0.0,0.0000015000000000000000380012861456169304119612206704914569854736328125,btc,28150.00592497,0.0027294392584408,0.012482320000002,14
0,[],17,[],2019-02-06 00:20:47,0.0,0,0,6595087,2019-02-06 00:20:47,btc,0.0,0.0,0,btc,0.0,0.0,0.0,14
1,[],26,[],2019-02-06 00:20:47,0.0,0.00000049,0.00000000001695057,6595088,2019-02-06 00:20:47,btc,0.0,0.0,0.00000049,btc,0.0,0.0,0.0,14
0,[],4,[],2019-02-06 00:20:48,0.0,0,0,6595089,2019-02-06 00:20:48,,0.0,0.0,0,,0.0,0.0,0.0,15
,[],12,[],2018-12-01 15:15:48,204241.84496,0.00000489,0.000000000202473384,5260204,2018-12-01 15:15:48,btc,49.5475654835,0.0,,btc,35763.2193806,0.0163153972027625,0.0203389899998,15
1,[],4,[],2019-02-06 00:20:49,25731.84214253,0.00001891,0.00000000065415363,6595090,2019-02-06 00:20:49,btc,2.238125507121868,0.0,0.00001891,btc,8536.18683999,0.01509882,0.0941754183506809,18
1,[],10,[],2019-02-06 00:20:51,789695.58725119,0.00001717,0.0000000005939618100000001,6595091,2019-02-06 00:20:51,btc,15.592481718336225,5092.91685788,0.00001717,btc,12759.05017741,0.0,0.2944652539357753,18
1,[],12,[],2019-02-06 00:20:52,201102.31776121,0.00001711000000000000050687752606304314895169227384030818939208984375,0.0000000005918862300000001,6595092,2019-02-06 00:20:52,btc,0.1856911012466319,0.0,0.00001711000000000000050687752606304314895169227384030818939208984375,btc,1708.32700711,1.701e-07,0.0219270343223801,18
0,[],17,[],2019-02-06 00:20:55,0.0,0,0,6595093,2019-02-06 00:20:55,btc,0.0,0.0,0,btc,0.0,0.0,0.0,18
0,[],2,[],2019-01-20 23:23:38,0.0,0,0,6476906,2019-01-20 23:23:38,,0.0,0.0,0,,0.0,0.0,0.0,18
1,[],3,[],2019-02-06 00:20:56,124755.56161304281,0.00003449999999999999833293073958628838227014057338237762451171875,0.0000000011934585,6595094,2019-02-06 00:20:56,btc,0.4765196709649714,2479.70387486,0.00003449999999999999833293073958628838227014057338237762451171875,btc,5412.789500112528,0.0,0.10141199169323478,19
1,[],4,[],2019-02-06 00:20:56,263862.93998412,0.00002501,0.00000000086517093,6595095,2019-02-06 00:20:56,btc,0.2853473249823657,0.0,0.00002501,btc,9458.32797184,0.82049264,2.605310066026959,19
1,[],5,[],2019-02-06 00:20:58,0.00019838,0.00002560,0.0000000008855808000000001,6595096,2019-02-06 00:20:58,btc,0.27478893,0.00109783,0.00002560,btc,0.00308247,0.0,0.17683341,19
1,[],12,[],2019-02-06 00:20:59,134791.35930736,0.0000230999999999999990605605015847601180212222971022129058837890625,0.0000000007990983,6595097,2019-02-06 00:20:59,btc,1.995648058033943,0.0,0.0000230999999999999990605605015847601180212222971022129058837890625,btc,512.41105484,0.0005103737062934,0.032050990000015996,19
0,[],27,[],2019-02-06 00:21:02,0.0,0,0,6595098,2019-02-06 00:21:02,,0.0,0.0,0,btc,0.0,0.0,0.0,19
0,[],2,[],2019-01-20 23:24:19,0.0,0,0,6476924,2019-01-20 23:24:19,,0.0,0.0,0,,0.0,0.0,0.0,19
1,[],4,[],2019-02-06 00:21:03,8057697.45959016,0.00000013,0.00000000000449709,6595099,2019-02-06 00:21:03,btc,0.8115519375916198,0.0,0.00000013,btc,1594753.31171721,0.00011984,0.256911126491571,20
1,[],4,[],2019-02-06 00:21:03,122333504.84242225,0.00000002,0.00000000000069186,6595100,2019-02-06 00:21:03,btc,0.6385774235028484,0.0,0.00000002,btc,16136201.17052451,0.00481913,1.4562476810582854,21
1,[],12,[],2019-02-06 00:21:04,19034398.0,0.00000002,0.00000000000069186,6595101,2019-02-06 00:21:04,btc,669.5288089732579,0.0,0.00000002,btc,8530601.65434831,0.0015007214985015,0.25362031,21
0,[],17,[],2019-02-06 00:21:06,0.0,0,0,6595102,2019-02-06 00:21:06,btc,0.0,0.0,0,btc,0.0,0.0,0.0,21
1,[],12,[],2019-02-06 00:21:07,2164252420.5458817,0.0000000002,0.000000000000006918600000000001,6595103,2019-02-06 00:21:07,btc,1729404717709.317,0.0,0.0000000002,btc,4200879936.227986,0.008568509341658564,0.21701101725598684,23
0,[],27,[],2019-02-06 00:21:09,0.0,0,0,6595104,2019-02-06 00:21:09,,0.424699,0.0,0,eth,424699.0,0.0,0.0,23
1,[],4,[],2019-02-06 00:21:11,404161.75995424,0.00000080,0.000000000027674400000000003,6595105,2019-02-06 00:21:11,btc,0.0716017511941695,0.0,0.00000080,btc,64758.11852336,0.01753207,0.2144808825052716,24
1,[],22,[],2019-02-06 00:21:15,11.76,0.00000100,0.000000000034593,6595106,2019-02-06 00:21:15,BTC,7.415e-05,0.0,0.00000100,BTC,23.919354838709676,0.0,1.176e-05,24
0.0,[],25,[],2019-02-06 00:21:16,0.0,0,0,6595107,2019-02-06 00:21:16,,0.0,0.0,0.0,btc,0.0,0.0,0.0,24
1,[],4,[],2019-02-06 00:21:17,27844776.69962872,0.00000650,0.00000000022485450000000002,6595108,2019-02-06 00:21:17,btc,0.4333748586024275,0.0,0.00000650,btc,36918.28225753,0.04283611,0.4893559693885176,26
1,[],10,[],2019-02-06 00:21:18,731063.84399312,0.00000589,0.00000000020375277000000003,6595109,2019-02-06 00:21:18,btc,25.97616175253046,13.78445605,0.00000589,btc,13175.68220723,0.0,0.2083750833237135,26
0,[],2,[],2019-01-20 23:25:56,0.0,0,0,6476976,2019-01-20 23:25:56,,0.0,0.0,0,,0.0,0.0,0.0,26
1,[],3,[],2019-02-06 00:21:19,5548510.03885143,0.00000002,0.00000000000069186,6595110,2019-02-06 00:21:19,btc,2.512977308157026,1275106.50713,0.00000002,btc,16145243.5829197,0.0,0.0555085703885143,27
1,[],5,[],2019-02-06 00:21:20,1e-08,0.00000001,0.00000000000034593,6595111,2019-02-06 00:21:20,btc,1.51475804,0.00025563,0.00000001,btc,4.69e-05,0.0,0.10908384,27
1,[],11,[],2019-02-06 00:21:22,10064996.7912115,0.00000005,0.00000000000172965,6595112,2019-02-06 00:21:22,btc,370.63310344475406,219.9,0.00000005,btc,8170877.7193934005,0.0,0.4661206184459823,27
1,[],4,[],2019-02-06 00:21:22,608515546.1236665,0.00000002,0.00000000000069186,6595113,2019-02-06 00:21:22,btc,3.565614727931549,0.0,0.00000002,"btc,ltc",105802065.80452952,1.73488028,7.402607065040026,29
1,[],7,[],2019-02-06 00:21:23,39579330.8706624,0.00000003,0.00000000000103779,6595114,2019-02-06 00:21:23,btc,44465206.306577474,967729.423364,0.00000003,btc,42869535.66370933,0.03729339,0.7197415199696748,29
1,[],4,[],2019-02-06 00:21:24,1561734.4533545,0.00000032,0.00000000001106976,6595115,2019-02-06 00:21:24,btc,0.2660938932874661,0.0,0.00000032,btc,543518.096194,0.01552021,0.1287600382983904,30
0,[],17,[],2019-02-06 00:21:26,0.0,0,0,6595116,2019-02-06 00:21:26,btc,0.0,0.0,0,btc,0.0,0.0,0.0,30
1,[],4,[],2019-02-06 00:21:26,1142682.06730713,0.00007014,0.0000000024263530200000002,6595117,2019-02-06 00:21:26,btc,1.4849323447187932,0.0,0.00007014,btc,17634.95457358,0.95620421,2.508063272730498,31
1,[],21,[],2019-02-06 00:21:27,55978.85911641,0.00007210000000000000425475626953,0.0000000024941553,6595118,2019-02-06 00:21:27,btc,3.4119018033262676,215750.35271128,0.000072100000000000004254756269528314760464127175509929656982421875,btc,43563.43269883,15.09103805,3.8193405256873216,31
0,[],2,[],2019-01-20 23:28:43,0.0,0,0,6477009,2019-01-20 23:28:43,,0.0,0.0,0,,0.0,0.0,0.0,32
1,[],4,[],2019-02-06 00:21:28,150938921.1289162,0.00000005,0.0000000000017296500000000002,6595119,2019-02-06 00:21:28,btc,2.026437202724656,0.0,0.00000005,"btc,ltc",40512551.8223922,1.60726784,2.7144481790146022,33
1,[],12,[],2019-02-06 00:21:29,17249420.0,0.00000005,0.00000000000172965,6595120,2019-02-06 00:21:29,btc,17261782.281973783,0.0,0.00000005,btc,89717993.82617365,0.0038024965234764,0.63170048,33
1,[],4,[],2019-02-06 00:21:30,115830059.68410583,0.00000002,0.00000000000069186,6595121,2019-02-06 00:21:30,btc,0.7720615075124847,0.0,0.00000002,btc,25735383.58374949,0.11333831,1.2085870405505372,34
1,[],5,[],2019-02-06 00:21:31,1e-08,0.00000001,0.00000000000034593,6595122,2019-02-06 00:21:31,btc,3.72615817,0.07741481,0.00000001,btc,1.343e-05,0.0,0.73189106,34
0.00000000009868349999999999,[],4,[],2019-02-06 00:21:32,1163638825.0149999,2.960505e-18,1.02412749465e-22,6595123,2019-02-06 00:21:32,ltc,7.692625792756925e-09,0.0,0.00000003,ltc,1588915547.2600186,0.0,2.351775487297206e-09,36
1,[],5,[],2019-02-06 00:21:34,0.0,0,0,6595124,2019-02-06 00:21:34,btc,194.29369847,0.0,0,btc,1.295e-05,0.0,0.0,36
0,[],17,[],2019-02-06 00:21:35,0.0,0,0,6595125,2019-02-06 00:21:35,btc,0.14185270832846497,0.0,0,btc,10826074.27743647,0.0,0.0,36
0.00000000009868349999999999,[],27,[],2019-02-06 00:21:37,1000000.0,1.97367e-18,6.827516631e-23,6595126,2019-02-06 00:21:37,ltc,447.7307980744,6.0,0.00000002,"ltc,eth",3711879.06,8.881515e-17,1.97367e-12,36
1,[],4,[],2019-02-06 00:21:38,345163.33871516,0.00000137,0.000000000047392410000000006,6595127,2019-02-06 00:21:38,btc,0.4168586345452354,0.0,0.00000137,btc,226719.34339601,0.17070605,0.2679093683245931,37
1,[],12,[],2019-02-06 00:21:39,413140.16851905,0.0000013200000000000000673224496983149123252587742172181606292724609375,0.000000000045662760000000004,6595128,2019-02-06 00:21:39,btc,1337.839256573261,0.0,0.0000013200000000000000673224496983149123252587742172181606292724609375,btc,810872.61100677,0.4399402948071905,0.26848984000000603,37
1,[],17,[],2019-02-06 00:21:40,1752.74075282,0.00000025,0.00000000000864825,6595129,2019-02-06 00:21:40,btc,0.05548492396452623,0.0,0.00000025,btc,1387.19918473,0.0,0.00043818518820499993,37
1,[],27,[],2019-02-06 00:21:42,16833.0,0.00000052,0.00000000001798836,6595130,2019-02-06 00:21:42,btc,43.29621317030353,0.0,0.00000052,btc,29579.81438508,0.0,0.00570484,37
1,[],5,[],2019-02-06 00:21:43,1.508e-05,0.00000106,0.00000000003666858,6595131,2019-02-06 00:21:43,btc,0.10079426,0.02484266,0.00000106,btc,0.00011847,0.0,0.04752977,42
1,[],12,[],2019-02-06 00:21:45,146288.2288807,0.000001120000000000000076372827333137660588135986472479999065399169921875,0.000000000038744160000000004,6595132,2019-02-06 00:21:45,btc,85.06921148431225,0.0,0.000001120000000000000076372827333137660588135986472479999065399169921875,btc,98931.72628684,0.0210890389627536,0.0513092399999929,42
0,[],27,[],2019-02-06 00:21:47,0.0,0,0,6595133,2019-02-06 00:21:47,,0.00315028,0.0,0,"btc,eth",11.007,0.0,0.0,42
1,[],5,[],2019-02-06 00:21:49,6e-08,0.00000003,0.0000000000010377900000000002,6595134,2019-02-06 00:21:49,btc,6.10740073,0.0,0.00000003,btc,1.425e-05,0.0,0.55728241,43
1,[],12,[],2019-02-06 00:21:51,6519946.0,0.00000002,0.00000000000069186,6595135,2019-02-06 00:21:51,btc,20007456.464672454,0.0,0.00000002,btc,38833161.74765234,0.0,0.06537777,43
0,[],17,[],2019-02-06 00:21:52,0.0,0,0,6595136,2019-02-06 00:21:52,btc,0.0,0.0,0,btc,0.0,0.0,0.0,43
1,[],12,[],2019-02-06 00:21:53,839588.0,0.00000006,0.00000000000207558,6595137,2019-02-06 00:21:53,btc,11115166.021777632,0.0,0.00000006,btc,989071.20179822,0.0007344698401591,0.02401114,44
1,[],4,[],2019-02-06 00:21:54,234614922.37239376,0.00000002,0.00000000000069186,6595138,2019-02-06 00:21:54,btc,0.18821184577081881,0.0,0.00000002,"btc,ltc",8492233.71947867,0.0002351,0.5347245788723018,49
0.00000000009868349999999999,[],4,[],2019-02-06 00:21:54,4915734121.2368965,1.97367e-18,6.827516631e-23,6595139,2019-02-06 00:21:54,ltc,4.6451735040180555,0.0,0.00000002,ltc,1735570457.7379172,0.0,5.270882016295208e-09,52
0,[],22,[],2019-02-06 00:21:57,0.0,0,0,6595140,2019-02-06 00:21:57,,3693.16111,0.0,0,,247825727.90882352,0.0,0.0,57
0,[],27,[],2019-02-06 00:21:59,0.0,0,0,6595141,2019-02-06 00:21:59,,0.0,0.0,0,"btc,eth",0.0,0.0,0.0,57
0.00000000009868349999999999,[],4,[],2019-02-06 00:22:00,1610876428.9059076,4.934175e-18,1.70687915775e-22,6595142,2019-02-06 00:22:00,ltc,3.2816298272296054,0.0,0.00000005,ltc,1148830316.8992732,0.00657951,5.19494904502721e-09,58
1,[],12,[],2019-02-06 00:22:01,2147760973.175957,0.0000000006,0.0000000000000207558,6595143,2019-02-06 00:22:01,btc,625181485533.3032,0.0,0.0000000006,btc,3374830456.7063932,0.007314488375524515,0.7945767197003392,58
0,[],17,[],2019-02-06 00:22:03,0.0,0,0,6595144,2019-02-06 00:22:03,btc,1e+24,0.0,0,btc,41616695.95832568,0.0,0.0,58
0.0000000001237719,[],22,[],2019-02-06 00:22:06,137438.0,1.237719e-18,4.2816413367000005e-23,6595145,2019-02-06 00:22:06,XMR,69.8835922,0.0,0.00000001,XMR,9887963.0,0.0,0.00137438,58
1,[],5,[],2019-02-06 00:22:09,5.81e-06,0.00000060,0.0000000000207558,6595146,2019-02-06 00:22:09,btc,0.28467001,0.00310594,0.00000060,btc,0.00012862,0.0,0.04465424,61
1,[],22,[],2019-02-06 00:22:13,5111.5,0.00000011,0.00000000000380523,6595147,2019-02-06 00:22:13,BTC,1002.29606732,0.0,0.00000011,BTC,15028.700278135757,0.0,0.00051178,61
1,[],26,[],2019-02-06 00:22:13,0.0,0.00000800,0.000000000276744,6595148,2019-02-06 00:22:13,btc,0.0,0.0,0.00000800,btc,0.0,0.0,0.0,61
1,[],27,[],2019-02-06 00:22:16,100.0,0.00000032,0.00000000001106976,6595149,2019-02-06 00:22:16,btc,0.077778,0.0,0.00000032,"btc,eth",154.84,0.0,3.1e-05,61
1,[],28,[],2019-02-06 00:22:20,6884.304,0.0000006,0.0000000000207558,6595150,2019-02-06 00:22:20,btc,2.064613633700105,762.0,0.0000006,btc,11345.10450005,0.0,0.00216611304,61
1,[],4,[],2019-02-06 00:22:21,663649.76755329,0.00000188,0.00000000006503484000000001,6595151,2019-02-06 00:22:21,btc,0.7497156422173479,0.0,0.00000188,btc,227105.69168696,0.26676394,0.7124330332672908,67
0.0,[],25,[],2019-02-06 00:22:22,0.0,0,0,6595152,2019-02-06 00:22:22,,0.0,0.0,0.0,btc,0.0,0.0,0.0,67
1,[],12,[],2019-02-06 00:22:23,2729797.44122222,0.0000002,0.0000000000069186,6595153,2019-02-06 00:22:23,btc,11115995.635255396,0.0,0.0000002,btc,2326656.23636363,0.0309444856799023,0.10163452644111119,71
,[],5,[],2018-11-20 23:02:39,1.5e-07,0.00000005,0.000000000002128045,4862160,2018-11-20 23:02:39,btc,2.84511358,0.0,,btc,0.00036572,0.0,0.07381892,74
1,[],5,[],2019-01-25 15:53:51,3.303e-05,0.00000156,0.000000000055588884,6499610,2019-01-25 15:53:51,btc,1.42844212,0.0,0.00000156,btc,0.00015937,0.0,0.49487621,75
1,[],4,[],2019-02-06 00:22:25,71007797.82492337,0.00000001,0.00000000000034593,6595154,2019-02-06 00:22:25,btc,0.8140611123105091,0.0,0.00000001,btc,15190754.69973608,0.00234377,0.7100779782492337,81
0,[],20,[],2019-01-25 09:30:31,0.0,0,0,6495923,2019-01-25 09:30:31,btc,0.0,0.0,0,btc,0.0,0.0,0.0,81
1,[],4,[],2019-02-06 00:22:27,23953.27776052,0.00007208,0.0000000024934634400000002,6595155,2019-02-06 00:22:27,btc,0.9154910607965762,0.0,0.00007208,btc,8354.07272199,0.03255697,0.0986234676933962,82
1,[],21,[],2019-02-06 00:22:29,82067.30244038999,0.00007514999999999999707577663655,0.00000000259966395,6595156,2019-02-06 00:22:29,btc,3.316563547381644,1440.70343324,0.000075149999999999997075776636545896280949818901717662811279296875,btc,38000.16264011,0.10939276,4.109571447748658,82
0,[],17,[],2019-02-06 00:22:30,0.0,0,0,6595157,2019-02-06 00:22:30,btc,0.0447233088476774,0.0,0,btc,999127.19588126,0.0,0.0,84
0.00000000009868349999999999,[],4,[],2019-02-06 00:22:32,333796372.84240305,1.184202e-17,4.0965099786e-22,6595158,2019-02-06 00:22:32,ltc,0.19569063224792593,0.0,0.00000012,ltc,68671924.48367496,0.0001,1.3170511991079236e-09,85
,[],22,[],2018-11-20 23:09:34,3408.1,0.0000001,0.0000000000041895,4862324,2018-11-20 23:09:34,BTC,0.04624735,0.0,,BTC,4990.0,0.0,0.00033081,86
1,[],22,[],2019-02-06 00:22:35,740.0,0.00000005,0.0000000000017296500000000002,6595159,2019-02-06 00:22:35,BTC,2.07746772,0.0,0.00000005,BTC,141362.94736842104,0.0006732,3.7e-05,87
0,[],27,[],2019-02-06 00:22:37,0.0,0,0,6595160,2019-02-06 00:22:37,,0.0,0.0,0,btc,0.0,0.0,0.0,87
,[],2,[],2018-11-20 23:10:47,0.0,0,0,4862359,2018-11-20 23:10:47,,0.0,0.0,,,0.0,0.0,0.0,88
1,[],11,[],2019-02-06 00:22:38,97934.56971005,0.00017721999999999998713119675475269332309835590422153472900390625,0.00000000613057146,6595161,2019-02-06 00:22:38,btc,245.8066411476811,1570.13670372,0.00017721999999999998713119675475269332309835590422153472900390625,btc,183972.81815036,0.0,6.891692759898634,89
0,[],2,[],2019-01-20 23:31:45,0.0,0,0,6477083,2019-01-20 23:31:45,,0.0,0.0,0,,0.0,0.0,0.0,91
1,[],12,[],2019-02-06 00:22:40,457136.0957205,0.00000375000000000000009500321536404232602990305167622864246368408203125,0.00000000012972375000000002,6595162,2019-02-06 00:22:40,btc,1115.5051434087638,0.0,0.00000375000000000000009500321536404232602990305167622864246368408203125,btc,36741.56418934,0.0036492182476344,0.1106078586998836,91
0,[],17,[],2019-02-06 00:22:42,0.0,0,0,6595163,2019-02-06 00:22:42,btc,0.0,0.0,0,btc,0.0,0.0,0.0,91
0.00000000009868349999999999,[],22,[],2019-02-06 00:22:45,28845304.0,5.92101e-18,2.0482549893e-22,6595164,2019-02-06 00:22:45,LTC,8.80758359,0.0,0.00000006,LTC,76429729.6,1.5936003681e-12,1.18962528,95
0.00000000009868349999999999,[],4,[],2019-02-06 00:22:47,132750264.75495847,9.473616e-17,3.27720798288e-21,6595165,2019-02-06 00:22:47,ltc,0.892259591985889,0.0,0.00000096,ltc,45424285.94796544,0.18670641,7.186879728382031e-10,96
0,[],12,[],2019-02-06 00:22:48,0.0,0,0,6595166,2019-02-06 00:22:48,btc,255063.41917316563,0.0,0,btc,8811159.33297676,0.00223403,0.0,96
0,[],17,[],2019-02-06 00:22:49,0.0,0,0,6595167,2019-02-06 00:22:49,btc,0.0,0.0,0,btc,0.0,0.0,0.0,96
1,[],4,[],2019-02-06 00:22:50,1483072.15744286,0.00000031,0.00000000001072383,6595168,2019-02-06 00:22:50,btc,0.1738999953824305,0.0,0.00000031,btc,341369.81275911,0.07798444,0.1271860226551538,99
1,[],4,[],2019-02-06 00:22:51,79674.87762879,0.00004269,0.0000000014767751700000001,6595169,2019-02-06 00:22:51,btc,1.27016207071349,0.0,0.00004269,btc,27076.89218424,0.83337929,2.7656012863216106,100
0,[],2,[],2019-01-20 23:23:55,0.0,0,0,6476914,2019-01-20 23:23:55,,0.0,0.0,0,,0.0,0.0,0.0,100
1,[],22,[],2019-02-06 00:22:55,50000.0,0.00000001,0.00000000000034593,6595170,2019-02-06 00:22:55,BTC,23.50383609,0.0,0.00000001,BTC,11277.22,0.0,0.0005,101
1,[],4,[],2019-02-06 00:22:56,161900.32449263,0.00000100,0.000000000034593,6595171,2019-02-06 00:22:56,btc,0.3897807908529193,0.0,0.00000100,btc,145146.95907816,0.00882186,0.1107960322909209,103
1,[],12,[],2019-02-06 00:22:58,83910742.5303887,0.000000016,0.0000000000005534880000000001,6595172,2019-02-06 00:22:58,btc,138278918.8228047,0.0,0.000000016,btc,131218556.59914799,0.08403592822714868,0.6006291724862192,105
1,[],27,[],2019-02-06 00:23:00,10161405.89,0.00000001,0.00000000000034593,6595173,2019-02-06 00:23:00,btc,0.620832568896094,0.0,0.00000001,btc,708411.74181977,0.0,0.1016140589,105
0,[],22,[],2019-02-06 00:23:03,0.0,0,0,6595174,2019-02-06 00:23:03,,1.07253299,0.0,0,,94300.0,0.0,0.0,107
1,[],26,[],2019-02-06 00:23:03,0.0,0.00000000,0,6595175,2019-02-06 00:23:03,btc,0.0,0.0,0.00000000,btc,0.0,0.0,0.0,107
1,[],5,[],2019-02-06 00:23:05,3e-08,0.00000002,0.00000000000069186,6595176,2019-02-06 00:23:05,btc,2.8274763,0.03004682,0.00000002,btc,1.649e-05,0.0,0.1216525,112
1,[],22,[],2019-02-06 00:23:08,16833.0,0.00000001,0.00000000000034593,6595177,2019-02-06 00:23:08,BTC,2.81683288,0.0,0.00000001,BTC,808529.0833333334,0.0,0.00016833,112
0.0000000003089356,[],27,[],2019-02-06 00:23:11,500000.0,3.0893560000000002e-18,1.0687009210800002e-22,6595178,2019-02-06 00:23:11,eth,1.25132491849924,0.0,0.00000001,"btc,eth",1327.641654,0.0,1.544678e-12,112
1,[],4,[],2019-02-06 00:23:12,503159.98722172,0.00000426,0.00000000014736618000000002,6595179,2019-02-06 00:23:12,btc,0.4313927959911628,0.0,0.00000426,btc,77780.04010928,0.03634242,0.4002137408707278,113
1,[],5,[],2019-02-06 00:23:13,2.983e-05,0.00000401,0.00000000013871793000000002,6595180,2019-02-06 00:23:13,btc,2.29629584,0.00012566,0.00000401,btc,0.00343904,0.0,0.28311944,113
1,[],17,[],2019-02-06 00:23:14,174538.724,0.00000004,0.00000000000138372,6595181,2019-02-06 00:23:14,btc,1.336803027405261,0.0,0.00000004,btc,51896.221,0.0,0.00308154896,116
0,[],27,[],2019-02-06 00:23:16,0.0,0,0,6595182,2019-02-06 00:23:16,,0.0,0.0,0,btc,0.0,0.0,0.0,116
1,[],4,[],2019-02-06 00:23:17,33540.2006526,0.00002623,0.0000000009073743900000001,6595183,2019-02-06 00:23:17,btc,0.4967034080440838,0.0,0.00002623,btc,16192.17808384,0.41963051,0.6435590116302932,120
1,[],7,[],2019-02-06 00:23:18,15073.444007,0.00001809000000000000128838779922535451305520837195217609405517578125,0.0000000006257873700000001,6595184,2019-02-06 00:23:18,btc,88979.22166773447,0.0,0.00001809000000000000128838779922535451305520837195217609405517578125,btc,29620.75504803,0.0,0.1349997755349086,120
1,[],20,[],2019-02-06 00:23:20,1624519.8906,0.000000014,0.000000000000484302,6595185,2019-02-06 00:23:20,btc,33.7483191531607,2508.3,0.000000014,btc,1052781.1766,3.51162e-05,0.0090170970172,125
1,[],22,[],2019-02-06 00:23:29,3053.0,0.00000001,0.00000000000034593,6595186,2019-02-06 00:23:29,BTC,0.01444889,0.0,0.00000001,BTC,296264.5111111111,0.0,3.053e-05,126
1,[],4,[],2019-02-06 00:23:30,172820.55768255,0.00001669,0.0000000005773571700000001,6595187,2019-02-06 00:23:30,btc,0.619527073292727,0.0,0.00001669,btc,29333.50053631,0.43284433,0.8571940863469132,131
0,[],17,[],2019-02-06 00:23:32,0.0,0,0,6595188,2019-02-06 00:23:32,btc,0.0009561751951600001,0.0,0,btc,35.42829368,0.0,0.0,131
0,[],2,[],2019-01-20 23:25:46,0.0,0,0,6476969,2019-01-20 23:25:46,,0.0,0.0,0,,0.0,0.0,0.0,131
1,[],4,[],2019-02-06 00:23:33,4710.73689677,0.00016000,0.00000000553488,6595189,2019-02-06 00:23:33,btc,1.6407883205696037,0.0,0.00016000,btc,302.35845559,0.0,0.0183649833415148,135
1,[],3,[],2019-02-06 00:23:33,1840885.33745658,0.00000006,0.00000000000207558,6595190,2019-02-06 00:23:33,btc,0.1423132222684597,17255.5,0.00000006,btc,439199.77862585,0.0,0.0680379765733244,136
1,[],4,[],2019-02-06 00:23:35,127305.71087888,0.00000180,0.00000000006226740000000001,6595191,2019-02-06 00:23:35,btc,0.0770661906100399,0.0,0.00000180,btc,34879.80620586,0.02316531,0.1904247935897311,137
1,[],12,[],2019-02-06 00:23:36,336149.49102141,0.000001709999999999999933207183062944256590753866476006805896759033203125,0.00000000005915403,6595192,2019-02-06 00:23:36,btc,11982.945887909362,0.0,0.000001709999999999999933207183062944256590753866476006805896759033203125,btc,157797.11367318,0.0020900763249246,0.093713804335037,137
1,[],5,[],2019-02-06 00:23:38,0.0017622,0.00004361,0.00000000150860073,6595193,2019-02-06 00:23:38,btc,3.78015792,2.29853822,0.00004361,btc,0.00308763,0.0,2.03666535,142
1,[],17,[],2019-02-06 00:23:41,12500.0,0.0000001,0.0000000000034593,6595194,2019-02-06 00:23:41,btc,20.261021578987272,0.0,0.0000001,btc,5931.99821453,0.0,0.00125,142
1,[],20,[],2019-02-06 00:23:42,149884.9734,0.00004055,0.0000000014027461500000002,6595195,2019-02-06 00:23:42,btc,3.117606365767,1177.5554,0.00004055,btc,6014.3882,0.05223396059,0.2560331058108,142
1,[],22,[],2019-02-06 00:23:45,962.0,0.00001800,0.000000000622674,6595196,2019-02-06 00:23:45,BTC,3.00449528,0.0,0.00001800,BTC,899.098,0.0,0.0001637,142
0.0,[],25,[],2019-02-06 00:23:47,0.0,0,0,6595197,2019-02-06 00:23:47,,0.0,0.0,0.0,btc,0.0,0.0,0.0,142
1,[],28,[],2019-02-06 00:23:48,79265.0,0.00004400,0.000000001522092,6595198,2019-02-06 00:23:48,btc,0.04554194,1122.9444,0.00004400,btc,921.772,0.0,0.0585837,142
0,[],22,[],2019-02-06 00:23:51,0.0,0,0,6595199,2019-02-06 00:23:51,,60.35647098,0.0,0,,815052049.8,0.0,0.0,143
1,[],21,[],2019-02-06 00:23:51,31340592.01552937,0.00000026,0.00000000000899418,6595200,2019-02-06 00:23:51,btc,54.77157415151754,2639087.90042526,0.00000026,btc,95837465.88426334,0.6931036,4.3926597308993305,145
0,[],22,[],2019-02-06 00:23:54,0.0,0,0,6595201,2019-02-06 00:23:54,,3.33248929,0.0,0,,1970827.5,0.0,0.0,146
,[],22,[],2018-11-20 23:01:11,0.0,0,0,4862114,2018-11-20 23:01:11,,2.56807021,0.0,,,61828.4988236,0.0,0.0,147
1,[],12,[],2019-02-06 00:23:56,8691244.13608437,0.000003360000000000000017360245185837896997327334247529506683349609375,0.00000000011623248,6595202,2019-02-06 00:23:56,btc,16.531197098130644,0.0,0.000003360000000000000017360245185837896997327334247529506683349609375,btc,116209.21522138,0.0104382713601741,0.1339853299996846,148
1,[],4,[],2019-02-06 00:23:57,308094.76333392,0.00000028,0.000000000009686040000000001,6595203,2019-02-06 00:23:57,btc,0.9213102108322636,0.0,0.00000028,btc,819380.83819925,0.0,0.0682596103593739,152
0,[],22,[],2019-02-06 00:24:00,0.0,0,0,6595204,2019-02-06 00:24:00,,0.0,0.0,0,,0.0,0.0,0.0,152
1,[],5,[],2019-02-06 00:24:01,0.0,0,0,6595205,2019-02-06 00:24:01,btc,4.41894381,0.0,0,btc,0.00161275,0.0,0.0,153
,[],16,[],2019-01-11 15:38:59,0.0,0,0,6366141,2019-01-11 15:38:59,btc,0.0,0.0,,btc,0.0,0.0,0.0,155
0,[],23,[],2019-01-20 23:24:29,0.0,0,0,6476932,2019-01-20 23:24:29,,0.0,0.0,0,,0.0,0.0,0.0,156
0,[],22,[],2019-02-06 00:24:05,0.0,0,0,6595206,2019-02-06 00:24:05,,6.73312347,0.0,0,,4564272.742592593,0.0,0.0,156
1,[],22,[],2019-02-06 00:24:09,7906.0,0.00000801,0.00000000027708993,6595207,2019-02-06 00:24:09,BTC,43.78801181,0.0,0.00000801,BTC,1067.5805334758436,0.0,0.00743836,157
0,[],22,[],2019-02-06 00:24:12,0.0,0,0,6595208,2019-02-06 00:24:12,,50175.6753658,0.0,0,,54007107.04179466,0.0,0.0,158
,[],17,[],2018-11-20 22:56:10,0.0,0,0,4861976,2018-11-20 22:56:10,btc,1.1265625,0.0,,btc,1000.0,0.0,0.0,159
,[],20,[],2018-11-20 22:56:12,0.0,0,0,4861977,2018-11-20 22:56:12,btc,11912.7940471,0.0,,btc,34413894.3617,0.0,0.0,159
1,[],12,[],2019-02-06 00:24:13,194011.25261975,0.000008280000000000000345292371084493510124957538209855556488037109375,0.00000000028643004000000004,6595209,2019-02-06 00:24:13,btc,6.686664556185132,0.0,0.000008280000000000000345292371084493510124957538209855556488037109375,btc,14774.17457607,0.0052611305679738,0.0915760883999315,168
1,[],17,[],2019-02-06 00:24:15,29784.95,0.000001,0.000000000034593,6595210,2019-02-06 00:24:15,btc,0.03026736251542,0.0,0.000001,btc,144.46171372,0.0,0.00716147,168
0,[],22,[],2019-02-06 00:24:18,0.0,0,0,6595211,2019-02-06 00:24:18,,1.14491527,0.0,0,,677302.1900917594,0.0,0.0,169
1,[],22,[],2019-02-06 00:24:22,208086.64375,0.00000032,0.00000000001106976,6595212,2019-02-06 00:24:22,BTC,10.3271135,0.0,0.00000032,BTC,119635.6743912725,0.0007135,0.02607533,171
1,[],22,[],2019-02-06 00:24:26,257388.31547619047,0.00000024,0.000000000008302320000000001,6595213,2019-02-06 00:24:26,BTC,2.65581894,0.0,0.00000024,BTC,232438.90063751178,7.798e-05,0.02462061,173
1,[],5,[],2019-02-06 00:24:27,2.518e-05,0.00000331,0.00000000011450283000000001,6595214,2019-02-06 00:24:27,btc,0.36360104,0.0344472,0.00000331,btc,0.00029603,0.0,0.72783924,175
1,[],22,[],2019-02-06 00:24:30,66449.25714285714,0.00000052,0.00000000001798836,6595215,2019-02-06 00:24:30,BTC,0.63358303,0.0,0.00000052,BTC,155090.40184992214,0.0,0.02434957,176
1,[],7,[],2019-02-06 00:24:32,0.0,0,0,6595216,2019-02-06 00:24:32,btc,233187.8026514405,0.0,0,btc,115099540.36229606,0.0,0.0,178
0,[],22,[],2019-02-06 00:24:34,0.0,0,0,6595217,2019-02-06 00:24:34,,1.00242428,0.0,0,,57512.0,0.0,0.0,178
0,[],2,[],2019-01-20 23:28:34,0.0,0,0,6477001,2019-01-20 23:28:34,,0.0,0.0,0,,0.0,0.0,0.0,178
1,[],5,[],2019-02-06 00:24:36,3e-08,0.00000002,0.00000000000069186,6595218,2019-02-06 00:24:36,btc,16.99588668,0.03740619,0.00000002,btc,2.088e-05,0.0,1.04973138,179
1,[],22,[],2019-02-06 00:24:39,8340773.0,0.00000002,0.00000000000069186,6595219,2019-02-06 00:24:39,BTC,5.51464256,0.0,0.00000002,"BTC,LTC",18613207.7353233,0.0,0.3940753,179
0,[],23,[],2019-01-20 23:25:08,0.0,0,0,6476952,2019-01-20 23:25:08,,0.0,0.0,0,,0.0,0.0,0.0,179
1,[],17,[],2019-02-06 00:24:41,10504.725,0.0000001,0.0000000000034593,6595220,2019-02-06 00:24:41,btc,5.206166879877202,0.0,0.0000001,btc,6755.0074587,0.0,0.0010504725,180
1,[],22,[],2019-02-06 00:24:45,39271.94545454546,0.00000011,0.00000000000380523,6595221,2019-02-06 00:24:45,BTC,0.09645713,0.0,0.00000011,"BTC,LTC",17090.39315481,2.75e-05,0.00410637,180
1,[],26,[],2019-02-06 00:24:45,0.0,0.00000010,0.0000000000034593000000000004,6595222,2019-02-06 00:24:45,btc,0.0,0.0,0.00000010,btc,0.0,0.0,0.0,180
,[],7,[],2018-11-20 22:58:01,562227.975654,0.00000085,0.000000000036176765,4862015,2018-11-20 22:58:01,btc,21836.6059674,2491.87645172,,btc,749999.041456,0.00211021,0.127565380455,183
,[],5,[],2019-01-10 08:11:41,0.0,0,0,6347036,2019-01-10 08:11:41,btc,82.15055501,0.00261,,btc,1.19002445,0.0,0.0,187
1,[],24,[],2019-02-06 00:24:45,0.0,0.000000000001,3.4593e-17,6595223,2019-02-06 00:24:45,btc,0.0,0.0,0.000000000001,btc,0.0,0.0,0.0,187
,[],17,[],2018-11-16 20:58:10,4062536.27273,0.00000001,0.000000000000550501,4708775,2018-11-16 20:58:10,btc,3.36492563466,0.195460381006,,"btc,eth",110697919.549,0.0,0.0157628953496,187
0,[],22,[],2019-02-06 00:24:48,0.0,0,0,6595224,2019-02-06 00:24:48,,1.19383767,0.0,0,,14406.036201072173,0.0,0.0,191
0,[],22,[],2019-02-06 00:24:53,0.0,0,0,6595225,2019-02-06 00:24:53,,0.0,0.0,0,,0.0,0.0,0.0,197
0,[],23,[],2019-01-20 23:31:41,0.0,0,0,6477079,2019-01-20 23:31:41,,0.0,0.0,0,,0.0,0.0,0.0,199
1,[],26,[],2019-02-06 00:24:53,0.0,0.00000000,0,6595226,2019-02-06 00:24:53,btc,0.0,742598.0,0.00000000,btc,0.0,0.0,0.0,199
0,[],17,[],2019-01-30 16:32:01,0.0,0,0,6540827,2019-01-30 16:32:01,btc,6.802544163788159,0.0,0,btc,105897.55575295,0.0,0.0,200
0,[],2,[],2019-01-20 23:30:49,0.0,0,0,6477059,2019-01-20 23:30:49,,0.0,0.0,0,,0.0,0.0,0.0,201
1,[],4,[],2019-01-25 15:51:35,2084389.58565343,0.00000936,0.000000000333526752,6499557,2019-01-25 15:51:35,btc,2.0092503037378524,0.0,0.00000936,btc,160195.80207885,0.19272417,1.242687955921835,211
1,[],7,[],2019-02-06 00:24:57,12173464.06620106,0.000001410000000000000052661867921965921368609997443854808807373046875,0.00000000004877613000000001,6595227,2019-02-06 00:24:57,btc,16567795.395768113,659152.34003,0.000001410000000000000052661867921965921368609997443854808807373046875,btc,12858202.39957941,0.0,4.475717569452467,212
1,[],12,[],2019-01-25 02:44:32,207462.42853209,0.000001080000000000000035831255497387193287295303889550268650054931640625,0.000000000038610756000000006,6493050,2019-01-25 02:44:32,btc,85023.03793723314,0.0,0.000001080000000000000035831255497387193287295303889550268650054931640625,btc,43675.73520027,0.000146250909087,0.0348620860622024,213
1,[],5,[],2019-02-06 00:24:58,4.66e-06,0.00000034,0.000000000011761620000000001,6595228,2019-02-06 00:24:58,btc,1.23277929,0.16258035,0.00000034,btc,3.151e-05,0.0,0.18153844,213
1,[],24,[],2019-02-06 00:24:58,0.0,0.000000050000,0.0000000000017296500000000002,6595229,2019-02-06 00:24:58,btc,0.0,0.0,0.000000050000,btc,0.0,0.0,0.0,213
1,[],26,[],2019-02-06 00:24:58,0.0,0.00000009,0.00000000000311337,6595230,2019-02-06 00:24:58,btc,0.0,0.0,0.00000009,btc,0.0,0.0,0.0,213
1,[],22,[],2019-02-06 00:25:03,298200.0,0.00000003,0.0000000000010377900000000002,6595231,2019-02-06 00:25:03,BTC,70.20492877,0.0,0.00000003,BTC,291693.63137942314,0.0,0.007318,216
1,[],27,[],2019-02-06 00:25:05,5049502.0,0.00000002,0.00000000000069186,6595232,2019-02-06 00:25:05,btc,313.98521709952,6901.0,0.00000002,"btc,ltc",290275.48811,0.00103515,0.05099104,216
1,[],22,[],2019-02-06 00:25:08,268720.40229008725,0.00000190,0.00000000006572670000000001,6595233,2019-02-06 00:25:08,BTC,12677.50330548,0.0,0.00000190,BTC,461111.81940032623,0.03614308,0.34681597,217
1,[],7,[],2019-02-06 00:25:09,0.0,0,0,6595234,2019-02-06 00:25:09,btc,77970.02600413912,0.0,0,btc,134531561.1214003,0.0,0.0,219
0,[],27,[],2019-02-06 00:25:11,0.0,0,0,6595235,2019-02-06 00:25:11,,5.3418937883169715,0.0,0,btc,1605140.99226592,0.0,0.0,219
0.0000000000000054,[],28,[],2019-02-06 00:25:13,205435180.397,6.0210000000000005e-18,2.0828445300000002e-22,6595236,2019-02-06 00:25:13,doge,88554.0318717675,13947.0,0.00111500,"btc,doge",4969437.84751,0.0,2.8148107900920895e-11,219
1,[],22,[],2019-02-06 00:25:17,214454.0,0.00000065,0.000000000022485450000000002,6595237,2019-02-06 00:25:17,BTC,3.00456253,0.0,0.00000065,BTC,36477.55212317522,0.00762404,0.02680819,221
1,[],24,[],2019-02-06 00:25:17,0.0,0.000000500000,0.0000000000172965,6595238,2019-02-06 00:25:17,btc,0.0,0.0,0.000000500000,btc,0.0,0.0,0.0,221
1,[],20,[],2019-02-06 00:25:19,6251308.2947,0.000000009,0.000000000000311337,6595239,2019-02-06 00:25:19,btc,5.7409602501988,885854.9938,0.000000009,btc,7204569.4942,0.008831521619,0.0149578199932,224
0,[],22,[],2019-02-06 00:25:21,0.0,0,0,6595240,2019-02-06 00:25:21,,0.0,0.0,0,,0.0,0.0,0.0,224
1,[],26,[],2019-02-06 00:25:21,0.0,0.00000022,0.00000000000761046,6595241,2019-02-06 00:25:21,btc,0.0,0.0,0.00000022,btc,0.0,0.0,0.0,231
1,[],26,[],2019-02-06 00:25:22,0.0,0.00000005,0.0000000000017296500000000002,6595242,2019-02-06 00:25:22,btc,0.0,0.0,0.00000005,btc,0.0,0.0,0.0,234
0,[],27,[],2019-02-06 00:25:24,0.0,0,0,6595243,2019-02-06 00:25:24,,0.0113483662182,0.0,0,"btc,eth",11462.99618,0.0,0.0,234
0,[],22,[],2019-02-06 00:25:26,0.0,0,0,6595244,2019-02-06 00:25:26,,2.74083176,0.0,0,,97181604.56349206,0.0,0.0,235
1,[],4,[],2019-02-06 00:25:27,776145.07658074,0.00000054,0.00000000001868022,6595245,2019-02-06 00:25:27,btc,0.1607434051726176,0.0,0.00000054,btc,166769.12803575,0.05085647,0.1522981375671412,236
1,[],24,[],2019-02-06 00:25:28,0.0,0.000000010000,0.00000000000034593,6595246,2019-02-06 00:25:28,btc,0.0,0.0,0.000000010000,btc,0.0,0.0,0.0,236
1,[],20,[],2019-02-06 00:25:30,20451857.755,0.000000058,0.000000000002006394,6595247,2019-02-06 00:25:30,btc,16.2969808438747,13003755.9782,0.000000058,btc,26695195.8295,0.7773924696926,0.3581036552723,237
1,[],22,[],2019-02-06 00:25:33,10000.0,0.00000001,0.00000000000034593,6595248,2019-02-06 00:25:33,BTC,0.04083605,0.0,0.00000001,BTC,4179.0,0.0,0.0001,237
1,[],4,[],2019-02-06 00:25:34,4519448.61149985,0.00000033,0.000000000011415690000000001,6595249,2019-02-06 00:25:34,btc,0.537201762520291,0.0,0.00000033,btc,1388035.87876569,0.14751508,1.3967502256796842,238
1,[],5,[],2019-02-06 00:25:35,3.92e-06,0.00000032,0.00000000001106976,6595250,2019-02-06 00:25:35,btc,0.72834021,0.00449949,0.00000032,btc,2.957e-05,0.0,0.32347761,238
1,[],22,[],2019-02-06 00:25:39,151286.0,0.00000003,0.0000000000010377900000000002,6595251,2019-02-06 00:25:39,BTC,15.41409429,0.0,0.00000003,BTC,305045.3139027493,0.0009205,0.00453858,249
0.00000000009868349999999999,[],22,[],2019-02-06 00:25:44,1311049.0,2.960505e-18,1.02412749465e-22,6595252,2019-02-06 00:25:44,LTC,4.03395063,0.0,0.00000003,LTC,14505871.09,0.0,0.03833449,252
1,[],28,[],2019-02-06 00:25:46,2361215.186,0.0000001,0.0000000000034593000000000004,6595253,2019-02-06 00:25:46,btc,164692.29823242893,72331.64,0.0000001,btc,666769.1485,0.0,0.0824220263,256
1,[],22,[],2019-02-06 00:25:49,116442.0,0.00000001,0.00000000000034593,6595254,2019-02-06 00:25:49,BTC,30.20680659,0.0,0.00000001,BTC,459125.98909895687,0.0,0.00116442,258
1,[],22,[],2019-01-26 20:58:41,368451.0,0.00000001,0.000000000000356135,6510120,2019-01-26 20:58:41,BTC,2.642917,0.0,0.00000001,"BTC,LTC",1862.0,0.0,0.02488451,259
1,[],22,[],2019-02-06 00:25:58,5588.601333333333,0.00000750,0.0000000002594475,6595255,2019-02-06 00:25:58,BTC,111115.78292159,0.0,0.00000750,BTC,5739.258627904206,0.02703022,0.03431891,262
1,[],5,[],2019-02-06 00:26:00,5.355e-05,0.00000316,0.00000000010931388000000001,6595256,2019-02-06 00:26:00,btc,0.82207664,0.04559685,0.00000316,btc,0.00049735,0.0,0.20468692,264
1,[],20,[],2019-02-06 00:26:01,1167118.7123,0.00000257,0.00000000008890401000000001,6595257,2019-02-06 00:26:01,btc,5.0441450976931,8028.5163,0.00000257,btc,95571.791,0.0331905990934,0.0239886680304,264
1,[],22,[],2019-02-06 00:26:12,125396.0,0.00000002,0.00000000000069186,6595258,2019-02-06 00:26:12,BTC,8.53028956,0.0,0.00000002,BTC,343537.1584647885,0.00012442,0.00201029,271
0,[],22,[],2019-02-06 00:26:15,0.0,0,0,6595259,2019-02-06 00:26:15,,369.95049049,0.0,0,,14650343738.9,0.0,0.0,272
0.0000000000000054,[],28,[],2019-02-06 00:26:18,250787049709.142,6.6420000000000006e-21,2.2976670600000004e-25,6595260,2019-02-06 00:26:18,doge,298887253.08787173,16674895209.4997,0.00000123,doge,164830635290.44128,0.0,8.7081523164159e-10,272
1,[],22,[],2019-02-06 00:26:22,50530.0,0.00000003,0.0000000000010377900000000002,6595261,2019-02-06 00:26:22,BTC,0.010001,0.0,0.00000003,BTC,2.0,1e-06,0.0013159,281
