pairValue,buyBook,exchangeId,sellBook,updated,buyTotal,satoshiPrice,usdPrice,exchangeLogId,created,bestPair,sellTotalBtc,volume,pairPrice,activePairs,sellTotal,volumeBtc,buyTotalBtc,coinId
1,[],10,[],2019-07-13 08:58:05,251434.9725798,0.00271069,0.00000031407274150500003,7812232,2019-07-13 08:58:05,btc,6515.317158446701,1686.04548878,0.00271069,btc,2002.66956917,0.0,1.2639712180673435,1
1,[],3,[],2019-07-17 01:03:05,32223.32605911971,0.00790001000000000071221695208123492193408310413360595703125,0.0000007543924949260001,7827092,2019-07-17 01:03:05,btc,9.334593195386775,42.6712203452,0.00790001000000000071221695208123492193408310413360595703125,btc,35.80214146381,0.0,0.22498049896585443,1
1,[],4,[],2019-07-17 01:03:05,208267.50309906,0.00780831,0.000000745635823506,7827093,2019-07-17 01:03:05,btc,11.356426270365267,0.0,0.00780831,btc,503.24833905,0.69698347,0.6548927985599574,1
1,[],12,[],2019-07-17 01:03:10,84.69368671,0.007820000000000000561772850460329209454357624053955078125,0.0000007467521320000001,7827094,2019-07-17 01:03:10,btc,0.6388214384051,0.0,0.007820000000000000561772850460329209454357624053955078125,btc,27.91561961,1.189046855317,0.1580913557328,1
1,[],20,[],2019-07-17 01:03:12,923.9232,0.007832245,0.000000747921438887,7827095,2019-07-17 01:03:12,btc,0.223654008162,0.4675,0.007832245,btc,18.6789,0.0041287272288,0.1139728030325,1
1,[],21,[],2019-07-17 01:03:13,2915.41584305,0.007852589999999999570423625528,0.0000007498642358339999,7827096,2019-07-17 01:03:13,btc,8.176592241120856,3959.7284746799996,0.007852589999999999570423625527837430126965045928955078125,"btc,eth",1239.34320451,28.43038116954452,19.307509071396066,1
1,[],22,[],2019-07-17 01:03:17,1.1199,0.00200000,0.0000001909852,7827097,2019-07-17 01:03:17,BTC,0.01739824,0.0,0.00200000,BTC,0.3195712944891207,0.0,0.00197189,1
1,[],24,[],2019-07-17 01:03:18,0.0,0.000000000000,0,7827098,2019-07-17 01:03:18,btc,0.0,0.0,0.000000000000,btc,0.0,0.0,0.0,1
0.0,[],25,[],2019-07-17 01:03:19,0.0,0,0,7827099,2019-07-17 01:03:19,btc,12.507799999525457,1324.46935076,0.0,btc,1546.09987119,10.4,0.0,1
1,[],26,[],2019-07-17 01:03:21,0.0,0,0,7827100,2019-07-17 01:03:21,,0.0,0.0,0,,0.0,0.0,0.0,1
1,[],28,[],2019-07-17 01:03:30,1040.407,0.007836680000,0.0000007483449485680001,7827101,2019-07-17 01:03:30,btc,0.368917346,123007.561,0.007836680000,btc,23.9752,0.0,0.27207762276,1
1,[],5,[],2019-07-06 00:27:44,0.0,0,0,7800775,2019-07-06 00:27:44,btc,0.0,0.00190933,0,btc,0.0,0.0,0.0,1
0,[],2,[],2019-01-20 23:28:45,0.0,0,0,6477011,2019-01-20 23:28:45,,0.0,0.0,0,,0.0,0.0,0.0,1
1,[],22,[],2019-07-17 01:03:34,11550.3,0.0000002,0.00000000001909852,7827102,2019-07-17 01:03:34,BTC,21.00878619,0.0,0.0000002,"BTC,XMR",19931.59287795317,0.0,0.00143681,2
1,[],5,[],2019-07-06 00:28:14,0.0,0,0,7800785,2019-07-06 00:28:14,btc,0.0,0.00208797,0,btc,0.0,0.0,0.0,2
1,[],12,[],2019-07-17 01:03:36,3449715.84407,0.000000069,0.0000000000065889894,7827103,2019-07-17 01:03:36,btc,6945.341069778379,0.0,0.000000069,btc,6967349.59400032,0.034672109101,0.14854588197232999,3
0,[],28,[],2019-07-17 01:03:38,0.0,0,0,7827104,2019-07-17 01:03:38,,0.0,0.0,0,,0.0,0.0,0.0,3
1,[],5,[],2019-06-03 14:48:58,0.0,0,0,7731126,2019-06-03 14:48:58,btc,0.0,0.05905545,0,btc,0.0,0.0,0.0,3
0,[],2,[],2019-01-20 23:31:32,0.0,0,0,6477077,2019-01-20 23:31:32,,0.0,0.0,0,,0.0,0.0,0.0,4
1,[],4,[],2019-07-17 01:03:38,4524663.6443914,0.00000001,0.000000000000954926,7827105,2019-07-17 01:03:38,btc,51.97007593325121,0.0,0.00000001,btc,1306572.57573822,0.0,0.045246636443914,4
0,[],12,[],2019-07-10 21:32:46,0.0,0,0,7800866,2019-07-10 21:32:46,btc,641.7517620215584,0.0,0,btc,1208658.0779220702,0.0,0.0,5
0,[],2,[],2019-01-20 23:31:51,0.0,0,0,6477087,2019-01-20 23:31:51,,0.0,0.0,0,,0.0,0.0,0.0,6
1,[],11,[],2019-07-17 01:03:40,1358116.67673599,0.00000001,0.000000000000954926,7827106,2019-07-17 01:03:40,btc,9583.566752550252,25000.0,0.00000001,btc,78433936.80704153,0.0,0.0135811667673599,6
1,[],3,[],2019-07-17 01:03:41,12245.074963837165,0.000109420000000000006081142533975736341744777746498584747314453125,0.000000010448800292000001,7827107,2019-07-17 01:03:41,btc,2027.6449094045115,804.920324277,0.000109420000000000006081142533975736341744777746498584747314453125,btc,443.119900948193,0.0,0.03874801166891775,7
1,[],4,[],2019-07-17 01:03:42,332002.23071227,0.00011062,0.000000010563391412000001,7827108,2019-07-17 01:03:42,btc,12.789258611521745,0.0,0.00011062,btc,67681.36865054,2.80180078,3.924195550286355,7
1,[],5,[],2019-07-06 00:28:21,0.0,0,0,7800789,2019-07-06 00:28:21,btc,0.0,0.38662001,0,btc,0.0,0.0,0.0,7
1,[],20,[],2019-04-07 22:06:50,3201475.0482,0.000000001,0.000000000000051590000000000004,7213932,2019-04-07 22:06:50,btc,30.8005781811902,0.0,0.000000001,btc,23077405.3926,0.0,0.0032014750482,8
0,[],2,[],2019-01-20 23:22:42,0.0,0,0,6476876,2019-01-20 23:22:42,,0.0,0.0,0,,0.0,0.0,0.0,9
0,[],23,[],2019-01-20 23:22:48,0.0,0,0,6476878,2019-01-20 23:22:48,,0.0,0.0,0,,0.0,0.0,0.0,9
1,[],4,[],2019-07-17 01:03:44,2307332.85589503,0.00000056,0.000000000053475856000000004,7827109,2019-07-17 01:03:44,btc,3.1389427713780025,0.0,0.00000056,btc,2432821.36297013,0.21769206,0.5018336094203633,9
1,[],28,[],2019-07-17 01:03:56,151043.809,0.00000055,0.000000000052520930000000004,7827110,2019-07-17 01:03:56,btc,2708.795118223663,350955.03,0.00000055,btc,54420.1529,0.0,0.04055157978,9
1,[],1,[],2019-02-17 23:31:42,1822507.21,0.00000181000000000000003456111265232042484285557293333113193511962890625,0.000000000066086901,6701244,2019-02-17 23:31:42,btc,3.6990969245,17153386.5,0.00000181000000000000003456111265232042484285557293333113193511962890625,btc,1997391.71,31.11772986,3.2610482446,9
1,[],4,[],2019-02-17 11:22:43,4341674.27126056,0.00000002,0.0000000000007272960000000001,6696112,2019-02-17 11:22:43,btc,0.1997230937751353,0.0,0.00000002,btc,4109766.79808031,0.00215132,0.0479381022052112,10
1,[],5,[],2019-07-05 17:50:59,0.0,0,0,7799863,2019-07-05 17:50:59,btc,0.0,0.04857279,0,btc,0.0,0.0,0.0,12
0,[],2,[],2019-01-20 23:23:08,0.0,0,0,6476890,2019-01-20 23:23:08,,0.0,0.0,0,,0.0,0.0,0.0,12
1,[],4,[],2019-07-17 01:03:57,28826868.47498771,0.00000044,0.000000000042016744,7827111,2019-07-17 01:03:57,btc,4.960325511448037,0.0,0.00000044,btc,5253237.53839026,1.18040413,3.240332983578338,12
0.0,[],25,[],2019-07-17 01:03:59,0.0,0,0,7827112,2019-07-17 01:03:59,,0.0,0.0,0.0,btc,0.0,0.0,0.0,12
1,[],4,[],2019-07-17 01:04:00,630743.32098244,0.00000227,0.000000000216768202,7827113,2019-07-17 01:04:00,btc,1.9217848645087616,0.0,0.00000227,btc,361004.26860064,0.91518098,0.4012125521829404,13
1,[],10,[],2019-07-17 01:04:02,662898.00593845,0.00000226,0.000000000215813276,7827114,2019-07-17 01:04:02,btc,666797.9541737626,12091.8083631,0.00000226,btc,1045108.49471812,0.0,0.1108794874541123,13
1,[],21,[],2019-07-17 01:04:03,11533000.36735547,0.000002319999999999999810312324711,0.000000000221542832,7827115,2019-07-17 01:04:03,btc,3.295791014165553,1344172.24566471,0.000002319999999999999810312324710626086243792087770998477935791015625,btc,1136479.8135441,3.06788394,5.446365387453045,13
1,[],4,[],2019-07-17 01:04:04,1110185.56478262,0.00000069,0.00000000006588989400000001,7827116,2019-07-17 01:04:04,btc,7.981108037575668,0.0,0.00000069,btc,992084.31233753,0.02289195,0.1486184519808563,14
1,[],12,[],2019-07-17 01:04:05,271554.29484182,0.0000007,0.00000000006684482,7827117,2019-07-17 01:04:05,btc,189.679260287677,0.0,0.0000007,btc,23766.23616479,0.002330347798,0.0296584125198612,14
1,[],26,[],2019-07-17 01:06:06,0.0,0.00000050,0.0000000000477463,7827118,2019-07-17 01:06:06,btc,0.0,0.0,0.00000050,btc,0.0,0.0,0.0,14
0,[],17,[],2019-05-03 00:53:32,0.0,0,0,7558876,2019-05-03 00:53:32,btc,0.0,0.0,0,btc,0.0,0.0,0.0,14
,[],12,[],2018-12-01 15:15:48,204241.84496,0.00000489,0.000000000202473384,5260204,2018-12-01 15:15:48,btc,49.5475654835,0.0,,btc,35763.2193806,0.0163153972027625,0.0203389899998,15
0,[],4,[],2019-07-17 01:06:06,0.0,0,0,7827119,2019-07-17 01:06:06,,0.0,0.0,0,,0.0,0.0,0.0,15
0,[],2,[],2019-01-20 23:23:38,0.0,0,0,6476906,2019-01-20 23:23:38,,0.0,0.0,0,,0.0,0.0,0.0,18
1,[],4,[],2019-07-17 01:06:08,32568.45320451,0.00000795,0.0000000007591661700000001,7827120,2019-07-17 01:06:08,btc,2.389021728798769,0.0,0.00000795,btc,18618.95076227,0.02300721,0.0464764880726981,18
1,[],10,[],2019-07-17 01:06:10,366399.37571314,0.00000807,0.0000000007706252820000001,7827121,2019-07-17 01:06:10,btc,15.237049074796525,3050.33062576,0.00000807,btc,25168.98837662,0.0,0.1093343527865472,18
1,[],12,[],2019-07-17 01:06:11,4138.66091439,0.0000073300000000000001235838688329327084147735149599611759185791015625,0.000000000699960758,7827122,2019-07-17 01:06:11,btc,0.5276797671709074,0.0,0.0000073300000000000001235838688329327084147735149599611759185791015625,btc,1868.70912402,0.001132605863,0.011370465554912,18
0,[],17,[],2019-05-03 00:53:39,0.0,0,0,7558882,2019-05-03 00:53:39,btc,0.0,0.0,0,btc,0.0,0.0,0.0,18
0,[],2,[],2019-01-20 23:24:19,0.0,0,0,6476924,2019-01-20 23:24:19,,0.0,0.0,0,,0.0,0.0,0.0,19
1,[],3,[],2019-07-17 01:08:12,159698.6874907201,0.000007920000000000000403934698189889473951552645303308963775634765625,0.000000000756301392,7827123,2019-07-17 01:08:12,btc,190.32071446623195,16836.1346109,0.000007920000000000000403934698189889473951552645303308963775634765625,btc,18336.586142300635,0.0,0.09095126518630349,19
1,[],4,[],2019-07-17 01:08:13,326088.04624592,0.00000640,0.00000000061115264,7827124,2019-07-17 01:08:13,btc,2.7779097017418044,0.0,0.00000640,btc,199629.42513468,0.49064092,0.6475855822419837,19
1,[],12,[],2019-07-17 01:08:15,110522.4561184,0.0000047199999999999997017077930927531070892655407078564167022705078125,0.000000000450725072,7827125,2019-07-17 01:08:15,btc,0.3637032362709522,0.0,0.0000047199999999999997017077930927531070892655407078564167022705078125,btc,3029.40385149,0.003852413426,0.011528009999711101,19
0,[],27,[],2019-07-17 01:08:19,0.0,0,0,7827126,2019-07-17 01:08:19,,0.0,0.0,0,btc,0.0,0.0,0.0,19
1,[],5,[],2019-07-06 02:01:19,0.0,0,0,7800799,2019-07-06 02:01:19,btc,0.0,0.0,0,btc,0.0,0.0,0.0,19
1,[],4,[],2019-07-17 01:08:20,10022754.130135,0.00000003,0.0000000000028647780000000003,7827127,2019-07-17 01:08:20,btc,5.154399034211588,0.0,0.00000003,btc,2208928.97591765,0.00445305,0.1082926040080166,20
0,[],4,[],2019-07-17 01:08:21,0.0,0,0,7827128,2019-07-17 01:08:21,,48823.021789296945,0.0,0,,164938997.11072472,0.0,0.0,21
0,[],12,[],2019-07-17 01:08:23,0.0,0,0,7827129,2019-07-17 01:08:23,btc,2616.9279748123076,0.0,0,btc,11275399.02897099,0.0,0.0,21
0,[],17,[],2019-05-03 00:53:51,0.0,0,0,7558891,2019-05-03 00:53:51,btc,0.0,0.0,0,btc,0.0,0.0,0.0,21
1,[],12,[],2019-07-17 01:10:24,5173845796.368067,0.0000000017,0.00000000000016233742,7827130,2019-07-17 01:10:24,btc,1617883173879.7173,0.0,0.0000000017,btc,2594185962.8862658,1.69710466352,2.9961181824655836,23
0.0000000002105857,[],27,[],2019-07-17 01:10:28,73150398.33966026,4.211714e-17,4.021875203164e-21,7827131,2019-07-17 01:10:28,eth,1056.1234013896158,0.0,0.0000002,eth,1316175.8012028,0.0,1.6587992695483203e-09,23
1,[],4,[],2019-07-17 01:10:29,5849566.18717012,0.00000020,0.00000000001909852,7827132,2019-07-17 01:10:29,btc,11.122599426739907,0.0,0.00000020,btc,1632736.52062975,0.00180092,0.0982844704309693,24
0,[],22,[],2019-07-17 01:10:31,0.0,0,0,7827133,2019-07-17 01:10:31,,0.0,0.0,0,,0.0,0.0,0.0,24
0.0,[],25,[],2019-07-17 01:10:35,0.0,0,0,7827134,2019-07-17 01:10:35,,0.0,0.0,0.0,btc,0.0,0.0,0.0,24
0,[],2,[],2019-01-20 23:25:56,0.0,0,0,6476976,2019-01-20 23:25:56,,0.0,0.0,0,,0.0,0.0,0.0,26
1,[],4,[],2019-07-17 01:10:36,26940118.35210238,0.00000293,0.000000000279793318,7827135,2019-07-17 01:10:36,btc,7.51224628692566,0.0,0.00000293,btc,199556.12766541,0.05343016,0.3740710460717717,26
1,[],10,[],2019-07-17 01:10:38,232135.41540548,0.00000251,0.000000000239686426,7827136,2019-07-17 01:10:38,btc,26.266223801361495,11495.291484,0.00000251,btc,21820.4633351,0.0,0.04882397093252,26
1,[],5,[],2019-04-26 09:47:06,0.0,0,0,7465326,2019-04-26 09:47:06,btc,0.0,0.0,0,btc,0.0,0.0,0.0,27
1,[],3,[],2019-06-17 14:30:26,13571825.64059417,0.00000001,0.00000000000092914,7740112,2019-06-17 14:30:26,btc,3.485049956644059,4264730.43754,0.00000001,btc,23500048.28518193,0.0,0.1357182564059417,27
1,[],11,[],2019-07-15 06:07:59,993045.80216525,0.00000001,0.000000000001021634,7819506,2019-07-15 06:07:59,btc,67502.92060589766,178.77941309,0.00000001,btc,6487362.95640949,0.0,0.0099304580216525,27
0.00000000008410300000000001,[],4,[],2019-07-17 01:10:38,590835232.2055035,9.083124000000001e-17,8.673711268824e-21,7827137,2019-07-17 01:10:38,ltc,11.165592618583391,0.0,0.00000108,ltc,655570351.2614166,0.00609292,1.3630253830090897e-08,29
1,[],7,[],2019-07-17 01:10:40,0.0,0,0,7827138,2019-07-17 01:10:40,btc,1236880.7559420003,0.0,0,btc,37000580.71990025,0.0,0.0,29
0,[],17,[],2019-05-03 01:11:25,0.0,0,0,7559066,2019-05-03 01:11:25,btc,0.0,0.0,0,btc,0.0,0.0,0.0,30
1,[],4,[],2019-07-17 01:10:40,15139942.11314045,0.00000007,0.0000000000066844820000000006,7827139,2019-07-17 01:10:40,btc,2.571220220584053,0.0,0.00000007,btc,2174223.17627055,0.00123714,0.1655833531616769,30
1,[],4,[],2019-07-17 01:12:41,229222.53347482,0.00002665,0.0000000025448777900000003,7827140,2019-07-17 01:12:41,btc,3.3606025026942365,0.0,0.00002665,btc,58791.94320188,0.22138484,0.3713255480509582,31
1,[],21,[],2019-07-17 01:12:42,278505.72735827,0.00002708000000000000161213924155,0.000000002585939608,7827141,2019-07-17 01:12:42,btc,6.069100889285398,124901.16352615,0.00002708000000000000161213924154690602108530583791434764862060546875,btc,161446.68423328002,3.4943326,3.8548145349068967,31
0,[],2,[],2019-01-20 23:28:43,0.0,0,0,6477009,2019-01-20 23:28:43,,0.0,0.0,0,,0.0,0.0,0.0,32
1,[],12,[],2019-03-30 07:55:10,40641173.964,0.00000003,0.000000000001228359,7108785,2019-03-30 07:55:10,btc,4233210.82356125,0.0,0.00000003,btc,28378394.68333462,0.0126927883965248,0.90752895892,33
0,[],4,[],2019-07-17 01:12:43,0.0,0,0,7827142,2019-07-17 01:12:43,,0.0,0.0,0,,0.0,0.0,0.0,33
0.00000000008410300000000001,[],4,[],2019-07-17 01:12:46,67631995.29930247,3.0277080000000004e-17,2.8912370896080003e-21,7827143,2019-07-17 01:12:46,ltc,4.148870735333207,0.0,0.00000036,ltc,162740286.093054,0.0,7.022136342928623e-10,34
1,[],5,[],2019-07-06 02:03:46,0.0,0,0,7800811,2019-07-06 02:03:46,btc,0.0,0.0,0,btc,0.0,0.0,0.0,34
0,[],4,[],2019-07-11 00:07:02,0.0,0,0,7801420,2019-07-11 00:07:02,,3.68295914902898e-08,0.0,0,,6667385825.224262,0.0,0.0,36
0.0000000002385992,[],27,[],2019-07-11 00:09:09,11642390.307056,6.9193768e-17,8.4302504017872e-21,7801421,2019-07-11 00:09:09,eth,1120.18186,0.0,0.00000029,"ltc,eth",2270631.0,0.0,1.3601704595377105e-10,36
0.0000000002926451,[],17,[],2019-05-02 18:17:47,200000.0,2.9264510000000002e-18,1.596703856561e-22,7556430,2019-05-02 18:17:47,eth,0.20942468735267253,0.0,0.00000001,"btc,eth",1018272.20243647,0.0,5.852902e-13,36
1,[],5,[],2019-05-31 13:28:21,0.0,0,0,7717484,2019-05-31 13:28:21,btc,0.0,0.0,0,btc,0.0,0.0,0.0,36
1,[],17,[],2019-05-03 01:11:36,211752.74075282,0.00000025,0.000000000013700074999999998,7559074,2019-05-03 01:11:36,btc,0.055484923955058496,0.0,0.00000025,"btc,eth",1387.19918473,0.0,0.0005381851887916605,37
1,[],4,[],2019-07-17 01:12:47,13258546.64621628,0.00000005,0.00000000000477463,7827144,2019-07-17 01:12:47,btc,19772.116373203637,0.0,0.00000005,btc,810721.21326012,0.00035028,0.2346250471765307,37
1,[],12,[],2019-07-17 01:12:49,8997607.18957402,0.00000005,0.00000000000477463,7827145,2019-07-17 01:12:49,btc,135.93066337342353,0.0,0.00000005,btc,3003085.41009849,0.008421377502,0.187851169478701,37
1,[],27,[],2019-07-17 01:14:54,10792.0,0.00000019,0.000000000018143594000000002,7827146,2019-07-17 01:14:54,btc,22.62000024371233,0.0,0.00000019,btc,4248.824835,0.0,0.00164037,37
1,[],12,[],2019-07-17 01:14:55,207560.86633601,0.000001,0.0000000000954926,7827147,2019-07-17 01:14:55,btc,650.1007764456652,0.0,0.000001,btc,149289.38234465,0.037514972886,0.0414275892704275,42
1,[],27,[],2019-07-17 01:15:00,11.0,0.00000003,0.0000000000028647780000000003,7827148,2019-07-17 01:15:00,btc,0.07600425,0.0,0.00000003,"btc,eth",18.0,0.0,3.3e-07,42
1,[],5,[],2019-07-06 02:03:47,0.0,0,0,7800812,2019-07-06 02:03:47,btc,0.0,0.14382058,0,btc,0.0,0.0,0.0,42
1,[],12,[],2019-03-13 09:13:29,1112112.0,0.00000001,0.000000000000386531,6919902,2019-03-13 09:13:29,btc,29058.00478931866,0.0,0.00000001,btc,5967681.93306694,9.99000999e-07,0.01112112,43
1,[],5,[],2019-04-26 22:38:52,0.0,0,0,7474154,2019-04-26 22:38:52,btc,0.0,0.02638891,0,btc,0.0,0.0,0.0,43
0,[],17,[],2019-04-26 22:38:53,0.0,0,0,7474155,2019-04-26 22:38:53,btc,0.0,0.0,0,btc,0.0,0.0,0.0,43
1,[],12,[],2019-03-05 01:54:08,639326.02,0.00000004,0.000000000001486676,6845775,2019-03-05 01:54:08,btc,11116042.728239931,0.0,0.00000004,btc,1103841.4595604,0.0003330765234764,0.014975410599999999,44
0.00000000008410300000000001,[],4,[],2019-07-17 01:17:02,118217846.11186875,2.0184720000000003e-17,1.9274913930720003e-21,7827149,2019-07-17 01:17:02,ltc,4098.44448471168,0.0,0.00000024,ltc,27570011.4673703,0.0,4.402366406802758e-10,49
0.00000000008410300000000001,[],4,[],2019-07-17 01:17:03,313413839.3763469,2.1025750000000004e-17,2.00780353445e-21,7827150,2019-07-17 01:17:03,ltc,28821.15921681086,0.0,0.00000025,ltc,238609786.60238287,0.0,1.5592656764858956e-09,52
0,[],22,[],2019-07-17 01:17:06,0.0,0,0,7827151,2019-07-17 01:17:06,,10289.83185391,0.0,0,,287184669.4566013,0.0,0.0,57
0,[],27,[],2019-07-17 01:17:13,0.0,0,0,7827152,2019-07-17 01:17:13,,0.0,0.0,0,"btc,eth",0.0,0.0,0.0,57
1,[],17,[],2019-05-03 01:12:09,1200000.0,0.0000000001,0.00000000000000548003,7559085,2019-05-03 01:12:09,btc,1e+24,0.0,0.0000000001,"btc,eth",39516342.31952568,0.0,0.00010000000058666061,58
0,[],4,[],2019-07-17 01:17:14,0.0,0,0,7827153,2019-07-17 01:17:14,,19.72021854683144,0.0,0,,5702385032.913473,0.00208981,0.0,58
1,[],12,[],2019-07-17 01:17:15,521923503.8477859,0.0000000001,0.00000000000000954926,7827154,2019-07-17 01:17:15,btc,671217765.7030339,0.0,0.0000000001,btc,3583364724.1658306,0.058403692398,0.05219235038477859,58
0.0000000000782936,[],22,[],2019-07-17 01:19:19,126877.0,7.82936e-19,7.476459427360001e-23,7827155,2019-07-17 01:19:19,XMR,68.17454206,0.0,0.00000001,XMR,9626402.6,0.0,0.00126877,58
0,[],22,[],2019-07-17 01:19:22,0.0,0,0,7827156,2019-07-17 01:19:22,,1000.95215461,0.0,0,,8934.866843792322,0.0,0.0,61
1,[],26,[],2019-07-17 01:19:22,0.0,0.00000013,0.000000000012414038,7827157,2019-07-17 01:19:22,btc,0.0,0.0,0.00000013,btc,0.0,0.0,0.0,61
1,[],27,[],2019-07-17 01:19:29,8400.0,0.00000018,0.000000000017188668,7827158,2019-07-17 01:19:29,btc,1.97314195,0.0,0.00000018,"btc,eth",10936.9,0.0,0.001512,61
1,[],28,[],2019-07-17 01:20:02,40101.0,0.00000004,0.000000000003819704,7827159,2019-07-17 01:20:02,btc,0.242436445415105,411.0,0.00000004,btc,9316.46650005,0.0,0.00100202,61
1,[],5,[],2019-06-17 14:31:27,0.0,0,0,7740135,2019-06-17 14:31:27,btc,0.0,0.00079154,0,btc,0.0,0.0,0.0,61
1,[],4,[],2019-07-17 01:20:03,3623428.60044194,0.00000044,0.000000000042016744,7827160,2019-07-17 01:20:03,btc,3.598644983971848,0.0,0.00000044,btc,1398121.88553523,0.04630538,1.2354389389017035,67
0.0,[],25,[],2019-07-17 01:20:05,0.0,0,0,7827161,2019-07-17 01:20:05,,0.0,0.0,0.0,btc,0.0,0.0,0.0,67
1,[],12,[],2019-06-02 06:23:14,910048.355,0.00000006,0.000000000005154929999999999,7725270,2019-06-02 06:23:14,btc,5.167005424215783,0.0,0.00000006,btc,738530.60239759,0.003159757462,0.0187188113,71
,[],5,[],2018-11-20 23:02:39,1.5e-07,0.00000005,0.000000000002128045,4862160,2018-11-20 23:02:39,btc,2.84511358,0.0,,btc,0.00036572,0.0,0.07381892,74
1,[],5,[],2019-07-06 00:15:01,0.0,0,0,7800749,2019-07-06 00:15:01,btc,0.0,0.01883861,0,btc,0.0,0.0,0.0,75
0,[],4,[],2019-07-10 21:51:38,0.0,0,0,7800925,2019-07-10 21:51:38,,581890.2410093442,0.0,0,,38279594.33970312,0.0,0.0,81
0,[],20,[],2019-01-25 09:30:31,0.0,0,0,6495923,2019-01-25 09:30:31,btc,0.0,0.0,0,btc,0.0,0.0,0.0,81
1,[],4,[],2019-07-17 01:20:07,166759.53622872,0.00006120,0.00000000584414712,7827162,2019-07-17 01:20:07,btc,58.25458114755353,0.0,0.00006120,btc,122446.78770704,0.27177111,0.3905149148862329,82
1,[],21,[],2019-07-17 01:20:09,300333.74644293,0.00006153999999999999693991309391,0.000000005876614604,7827163,2019-07-17 01:20:09,btc,5.234858200400151,2951.34008883,0.000061539999999999996939913093907392749315476976335048675537109375,btc,56410.31850235,0.18282324,1.6652311102455006,82
0,[],17,[],2019-03-25 22:42:34,0.0,0,0,7038780,2019-03-25 22:42:34,btc,0.0445064681804024,0.0,0,btc,995513.18476001,0.0,0.0,84
0,[],4,[],2019-07-17 01:20:09,0.0,0,0,7827164,2019-07-17 01:20:09,,1.6446421277521968,0.0,0,,603846849.1337396,0.0,0.0,85
,[],22,[],2018-11-20 23:09:34,3408.1,0.0000001,0.0000000000041895,4862324,2018-11-20 23:09:34,BTC,0.04624735,0.0,,BTC,4990.0,0.0,0.00033081,86
0,[],22,[],2019-07-17 01:20:12,0.0,0,0,7827165,2019-07-17 01:20:12,,1.87802138,0.0,0,,616186.447368421,0.0,0.0,87
1,[],27,[],2019-07-17 01:20:17,17591.0,0.00000005,0.00000000000477463,7827166,2019-07-17 01:20:17,btc,6.250621422774,250.0,0.00000005,btc,300278.29336,1.25e-05,0.00047955,87
,[],2,[],2018-11-20 23:10:47,0.0,0,0,4862359,2018-11-20 23:10:47,,0.0,0.0,,,0.0,0.0,0.0,88
1,[],11,[],2019-07-13 06:40:01,299353.97557583,0.0000369999999999999981139219007442164866006351076066493988037109375,0.0000000043049315,7811813,2019-07-13 06:40:01,btc,156.70253706438987,1923.2,0.0000369999999999999981139219007442164866006351076066493988037109375,btc,146186.36192325,0.0,0.8075395878505254,89
0,[],2,[],2019-01-20 23:31:45,0.0,0,0,6477083,2019-01-20 23:31:45,,0.0,0.0,0,,0.0,0.0,0.0,91
0,[],17,[],2019-05-03 01:12:26,0.0,0,0,7559096,2019-05-03 01:12:26,btc,0.0,0.0,0,btc,0.0,0.0,0.0,91
1,[],12,[],2019-07-17 01:20:18,403675.44519939,0.0000004,0.00000000003819704,7827167,2019-07-17 01:20:18,btc,414.99516306603977,0.0,0.0000004,btc,236846.82753407,0.003549746421,0.0282547546538344,91
1,[],22,[],2019-07-17 01:22:21,75900.0,0.00000001,0.000000000000954926,7827168,2019-07-17 01:22:21,BTC,0.495,0.0,0.00000001,"BTC,LTC",4.95,0.0,0.001659,91
1,[],22,[],2019-07-10 21:56:00,91614.0,0.00000002,0.000000000002352202,7800934,2019-07-10 21:56:00,BTC,11.8980079,0.0,0.00000002,"BTC,LTC",347503.789747713,0.0,0.06622228,95
0,[],17,[],2019-05-03 01:12:32,0.0,0,0,7559100,2019-05-03 01:12:32,btc,0.0,0.0,0,btc,0.0,0.0,0.0,96
0.00000000008410300000000001,[],4,[],2019-07-17 01:22:22,562359026.8531575,1.8502660000000004e-17,1.7668671103160003e-21,7827169,2019-07-17 01:22:22,ltc,11.650800251346693,0.0,0.00000022,ltc,174607821.10646632,0.0,6.060240964553281e-10,96
0,[],12,[],2019-07-17 01:22:23,0.0,0,0,7827170,2019-07-17 01:22:23,btc,38.02611422753247,0.0,0,btc,10906536.753246741,1.998e-08,0.0,96
1,[],4,[],2019-04-14 03:32:46,1039404.33283278,0.00000038,0.000000000019245518,7293458,2019-04-14 03:32:46,btc,4.170086055365747,0.0,0.00000038,btc,3097704.34561074,0.06260606,0.1859928211030784,99
0,[],2,[],2019-01-20 23:23:55,0.0,0,0,6476914,2019-01-20 23:23:55,,0.0,0.0,0,,0.0,0.0,0.0,100
1,[],4,[],2019-07-17 01:24:24,200563.91461728,0.00001690,0.00000000161382494,7827171,2019-07-17 01:24:24,btc,9.197994466196539,0.0,0.00001690,btc,175568.21733535,1.07604608,0.6522523801555496,100
1,[],22,[],2019-07-17 01:24:27,146000.0,0.00000002,0.000000000001909852,7827172,2019-07-17 01:24:27,BTC,26.50623849,0.0,0.00000002,BTC,10383.92,0.0,0.00162,101
1,[],4,[],2019-07-16 14:33:47,547933.05083038,0.00000126,0.000000000131120388,7825334,2019-07-16 14:33:47,btc,634.8524452924697,0.0,0.00000126,btc,812393.56021757,0.00301441,0.079245871140487,103
1,[],12,[],2019-07-17 01:24:28,60290107.72342638,0.000000004,0.0000000000003819704,7827173,2019-07-17 01:24:28,btc,349463.1067301047,0.0,0.000000004,btc,114396226.43858436,0.008826448083,0.10965508789370552,105
1,[],27,[],2019-07-17 01:24:32,108592.74999998,0.00000002,0.000000000001909852,7827174,2019-07-17 01:24:32,btc,208.94602910196372,22499.1505001,0.00000002,btc,636360.44359946,0.00044998,0.0014524799999997,105
1,[],22,[],2019-07-10 21:58:18,21333.0,0.00000001,0.000000000001176101,7800942,2019-07-10 21:58:18,BTC,51.38182867,0.0,0.00000001,BTC,470435.0,0.0,0.00021333,107
1,[],26,[],2019-07-10 21:58:18,0.0,0.00000000,0,7800943,2019-07-10 21:58:18,btc,0.0,0.0,0.00000000,btc,0.0,0.0,0.0,107
1,[],5,[],2019-07-06 00:19:31,0.0,0,0,7800761,2019-07-06 00:19:31,btc,0.0,0.0,0,btc,0.0,0.0,0.0,112
0,[],22,[],2019-07-17 01:24:34,0.0,0,0,7827175,2019-07-17 01:24:34,,6.79500102,0.0,0,,3375892.0833333335,0.0,0.0,112
1,[],27,[],2019-07-17 01:24:39,1.0,0.00000001,0.000000000000954926,7827176,2019-07-17 01:24:39,btc,0.0,0.0,0.00000001,"btc,eth",0.0,0.0,1e-08,112
1,[],5,[],2019-07-06 00:19:43,0.0,0,0,7800765,2019-07-06 00:19:43,btc,0.0,0.0,0,btc,0.0,0.0,0.0,113
1,[],4,[],2019-07-17 01:24:40,1053473.30430318,0.00000036,0.000000000034377336,7827177,2019-07-17 01:24:40,btc,6.667087938471631,0.0,0.00000036,btc,1037692.76024534,0.00229041,0.0946726702341944,113
1,[],17,[],2019-04-26 02:17:47,162738.278,0.00000004,0.0000000000021069000000000002,7461287,2019-04-26 02:17:47,btc,1.3331140273775473,0.0,0.00000004,btc,51796.221,0.0,0.00230953112,116
1,[],27,[],2019-07-17 01:26:44,175525.16595526,0.00000002,0.000000000001909852,7827178,2019-07-17 01:26:44,btc,3918.96452209,260.0,0.00000002,btc,82497.69,5.2e-05,0.0025552516595526,116
1,[],4,[],2019-07-17 01:26:45,1188103.52684015,0.00000217,0.000000000207218942,7827179,2019-07-17 01:26:45,btc,96.72103709926132,0.0,0.00000217,btc,448691.46037724,0.31427541,0.2113713142853796,120
1,[],7,[],2019-07-17 01:26:46,3796.65194529,0.0000075100000000000000942627052802347265014759614132344722747802734375,0.000000000717149426,7827180,2019-07-17 01:26:46,btc,231231.55189359962,0.0,0.0000075100000000000000942627052802347265014759614132344722747802734375,btc,4231.06337538,0.0,0.0093689071315278,120
1,[],20,[],2019-04-07 18:42:29,1914137.0852,0.000000035,0.0000000000017871910000000002,7211992,2019-04-07 18:42:29,btc,32.2497668025648,25528.85,0.000000035,btc,1001975.4986,0.00089350975,0.0152723574729,125
1,[],22,[],2019-06-17 14:32:38,10000.0,0.00000001,0.00000000000092914,7740161,2019-06-17 14:32:38,BTC,0.032061,0.0,0.00000001,BTC,299316.7611111111,0.0,0.0001,126
0,[],2,[],2019-01-20 23:25:46,0.0,0,0,6476969,2019-01-20 23:25:46,,0.0,0.0,0,,0.0,0.0,0.0,131
1,[],17,[],2019-05-03 01:13:10,10000.0,0.00000001,0.000000000000548003,7559115,2019-05-03 01:13:10,btc,0.0953976503951408,0.0,0.00000001,btc,5037.62507334,0.0,0.0001,131
1,[],4,[],2019-07-17 01:26:48,226851.96166153,0.00000309,0.000000000295072134,7827181,2019-07-17 01:26:48,btc,2.5095429603044668,0.0,0.00000309,btc,238750.25140183,0.07257107,0.1613719359319972,131
1,[],4,[],2019-07-17 01:28:49,4052.37417288,0.00007157,0.000000006834405382,7827182,2019-07-17 01:28:49,btc,0.512844052356087,0.0,0.00007157,btc,259.27955961,0.0,0.004512288537279,135
1,[],3,[],2019-07-13 16:51:20,187.26592867,0.00000001,0.000000000001140965,7813490,2019-07-13 16:51:20,btc,419.77407087449336,1935513.62324,0.00000001,btc,3179086.72005867,0.0,1.8726592866999999e-06,136
1,[],4,[],2019-07-17 01:28:50,831322.30486268,0.00000101,0.00000000009644752600000001,7827183,2019-07-17 01:28:50,btc,16.6539253257322,0.0,0.00000101,btc,594864.59760525,0.00908876,0.0767147527175022,137
1,[],12,[],2019-07-17 01:28:51,31720.756326759998,0.00000099,0.000000000094537674,7827184,2019-07-17 01:28:51,btc,25.49496091374326,0.0,0.00000099,btc,76578.02250503,3.889011e-05,0.0050109099999895,137
1,[],17,[],2019-05-03 01:13:16,32967.38636364,0.00000088,0.000000000048224264,7559122,2019-05-03 01:13:16,btc,20.06976206696776,0.0,0.00000088,btc,2746.079105,0.0,0.0105613000000032,142
1,[],4,[],2019-07-17 01:28:52,321358.2521974,0.00000897,0.000000000856568622,7827185,2019-07-17 01:28:52,btc,5.791227144937796,0.0,0.00000897,btc,166295.05153735,0.65436581,0.4276148735838955,142
1,[],20,[],2019-07-17 01:30:55,111069.9008,0.000006511,0.0000000006217523186000001,7827186,2019-07-17 01:30:55,btc,1.5858218355917,0.0,0.000006511,btc,9885.6594,0.0,0.0045158085628,142
1,[],22,[],2019-07-17 01:30:57,10619.88,0.00000200,0.0000000001909852,7827187,2019-07-17 01:30:57,BTC,2.99759384,0.0,0.00000200,BTC,835.7198755539798,0.0,0.00416696,142
0.0,[],25,[],2019-07-17 01:30:59,0.0,0,0,7827188,2019-07-17 01:30:59,,0.0,0.0,0.0,btc,0.0,0.0,0.0,142
1,[],28,[],2019-07-17 01:31:08,76710.0,0.000011100000,0.00000000105996786,7827189,2019-07-17 01:31:08,btc,0.438587390411,1519.0,0.000011100000,btc,1381.1951,0.0,0.0043322,142
1,[],5,[],2019-07-06 02:06:10,0.0,0,0,7800822,2019-07-06 02:06:10,btc,0.0,0.00140707,0,btc,0.0,0.0,0.0,142
0,[],22,[],2019-07-17 01:31:11,0.0,0,0,7827190,2019-07-17 01:31:11,,68.37063373,0.0,0,,760031684.3744589,0.0,0.0,143
0,[],22,[],2019-02-25 15:42:22,0.0,0,0,6783783,2019-02-25 15:42:22,,4.2131946,0.0,0,,2322156.0,0.0,0.0,146
,[],22,[],2018-11-20 23:01:11,0.0,0,0,4862114,2018-11-20 23:01:11,,2.56807021,0.0,,,61828.4988236,0.0,0.0,147
1,[],12,[],2019-04-21 06:38:04,193091.5971266,0.00000071,0.000000000037635183,7388679,2019-04-21 06:38:04,btc,2.301232411611175,0.0,0.00000071,btc,9957.48302385,0.00023528,0.0313308199999888,148
1,[],4,[],2019-03-19 21:31:25,255810.0415942,0.00000029,0.000000000011615747,6982695,2019-03-19 21:31:25,btc,218.94922712414143,0.0,0.00000029,btc,793529.37642722,0.00117,0.0608347789473395,152
0,[],22,[],2019-03-19 21:31:27,0.0,0,0,6982696,2019-03-19 21:31:27,,0.0,0.0,0,,0.0,0.0,0.0,152
1,[],5,[],2019-04-26 09:36:59,0.0,0,0,7465040,2019-04-26 09:36:59,btc,0.0,0.0,0,btc,0.0,0.0,0.0,153
,[],16,[],2019-01-11 15:38:59,0.0,0,0,6366141,2019-01-11 15:38:59,btc,0.0,0.0,,btc,0.0,0.0,0.0,155
0,[],23,[],2019-01-20 23:24:29,0.0,0,0,6476932,2019-01-20 23:24:29,,0.0,0.0,0,,0.0,0.0,0.0,156
0,[],22,[],2019-07-17 01:31:15,0.0,0,0,7827191,2019-07-17 01:31:15,,7.42843365,0.0,0,,5840816.592592592,0.0,0.0,156
1,[],22,[],2019-07-17 01:31:18,6996.0,0.00000001,0.000000000000954926,7827192,2019-07-17 01:31:18,BTC,1.7543039,0.0,0.00000001,BTC,57.0,0.0,6.996e-05,157
0,[],22,[],2019-07-17 01:31:20,0.0,0,0,7827193,2019-07-17 01:31:20,,50234.60468402,0.0,0,,54786159.03179465,0.0,0.0,158
,[],17,[],2018-11-20 22:56:10,0.0,0,0,4861976,2018-11-20 22:56:10,btc,1.1265625,0.0,,btc,1000.0,0.0,0.0,159
,[],20,[],2018-11-20 22:56:12,0.0,0,0,4861977,2018-11-20 22:56:12,btc,11912.7940471,0.0,,btc,34413894.3617,0.0,0.0,159
1,[],12,[],2019-07-10 22:05:17,232905.70345548,0.0000063199999999999996293047720141711209862478426657617092132568359375,0.000000000743295832,7800964,2019-07-10 22:05:17,btc,9.923963040252861,0.0,0.0000063199999999999996293047720141711209862478426657617092132568359375,btc,15215.45465465,0.0062861,0.033379940599723996,168
1,[],17,[],2019-05-03 01:13:36,42852.0,0.00000002,0.000000000001096006,7559132,2019-05-03 01:13:36,btc,0.04279856251542,0.0,0.00000002,btc,274.46171372,0.0,0.00052852,168
1,[],22,[],2019-05-17 03:01:52,10.0,0.00000001,0.000000000000778341,7642059,2019-05-17 03:01:52,BTC,41.95893009,0.0,0.00000001,BTC,1753972.7737547632,0.0,1e-07,169
1,[],22,[],2019-07-17 01:31:24,71209.0,0.00000001,0.000000000000954926,7827194,2019-07-17 01:31:24,BTC,27.84213737,0.0,0.00000001,"BTC,LTC",276163.716140385,0.00033935,0.00090209,171
1,[],22,[],2019-07-17 01:31:29,435641.0,0.00000001,0.000000000000954926,7827195,2019-07-17 01:31:29,BTC,21.26000589,0.0,0.00000001,"BTC,LTC",1443531.2469384319,5.716e-05,0.00731843,173
1,[],5,[],2019-07-06 02:08:45,0.0,0,0,7800830,2019-07-06 02:08:45,btc,0.0,0.00700197,0,btc,0.0,0.0,0.0,175
1,[],22,[],2019-07-17 01:31:33,10000.0,0.00000001,0.000000000000954926,7827196,2019-07-17 01:31:33,BTC,393.97654772,0.0,0.00000001,BTC,136275.61833431243,0.0,0.0001,176
1,[],7,[],2019-07-01 10:15:32,0.0,0,0,7783526,2019-07-01 10:15:32,btc,521516.2326888725,0.0,0,btc,26809253.73522063,0.0,0.0,178
0,[],2,[],2019-01-20 23:28:34,0.0,0,0,6477001,2019-01-20 23:28:34,,0.0,0.0,0,,0.0,0.0,0.0,178
1,[],22,[],2019-07-17 01:31:37,30.0,0.00000001,0.000000000000954926,7827197,2019-07-17 01:31:37,BTC,1.00242428,0.0,0.00000001,BTC,57512.0,0.0,3e-07,178
1,[],5,[],2019-07-06 02:08:50,0.0,0,0,7800832,2019-07-06 02:08:50,btc,0.0,6.904e-05,0,btc,0.0,0.0,0.0,179
0,[],23,[],2019-01-20 23:25:08,0.0,0,0,6476952,2019-01-20 23:25:08,,0.0,0.0,0,,0.0,0.0,0.0,179
0,[],22,[],2019-07-17 01:31:39,0.0,0,0,7827198,2019-07-17 01:31:39,,9.36843169,0.0,0,,14852735.311946675,0.0,0.0,179
1,[],26,[],2019-07-17 01:33:44,0.0,0.00000010,0.00000000000954926,7827200,2019-07-17 01:33:44,btc,0.0,0.0,0.00000010,btc,0.0,0.0,0.0,180
1,[],17,[],2019-05-03 01:13:56,20504.725000000002,0.0000001,0.00000000000548003,7559141,2019-05-03 01:13:56,btc,5.2010695838400265,0.0,0.0000001,btc,5033.45945,0.0,0.0011504725,180
1,[],22,[],2019-07-17 01:33:44,734229.7014277389,0.00000039,0.000000000037242114000000004,7827199,2019-07-17 01:33:44,BTC,40.60169588,0.0,0.00000039,"BTC,LTC",159849.4107012939,0.00252872,0.58232721,180
,[],7,[],2018-11-20 22:58:01,562227.975654,0.00000085,0.000000000036176765,4862015,2018-11-20 22:58:01,btc,21836.6059674,2491.87645172,,btc,749999.041456,0.00211021,0.127565380455,183
,[],5,[],2019-01-10 08:11:41,0.0,0,0,6347036,2019-01-10 08:11:41,btc,82.15055501,0.00261,,btc,1.19002445,0.0,0.0,187
,[],17,[],2018-11-16 20:58:10,4062536.27273,0.00000001,0.000000000000550501,4708775,2018-11-16 20:58:10,btc,3.36492563466,0.195460381006,,"btc,eth",110697919.549,0.0,0.0157628953496,187
1,[],24,[],2019-05-22 21:04:52,0.0,0.000000000014,0.0000000000000010960978,7670219,2019-05-22 21:04:52,btc,0.0,0.0,0.000000000014,btc,0.0,0.0,0.0,187
0,[],22,[],2019-07-13 22:02:15,0.0,0,0,7814314,2019-07-13 22:02:15,,7.54794454,0.0,0,,76361.7243344055,0.0,0.0,191
0,[],22,[],2019-06-17 14:33:34,0.0,0,0,7740182,2019-06-17 14:33:34,,0.0,0.0,0,,0.0,0.0,0.0,197
0,[],22,[],2019-07-17 01:33:48,0.0,0,0,7827201,2019-07-17 01:33:48,,10.5844317,0.0,0,,84460965.0,0.0,0.0,199
1,[],26,[],2019-07-17 01:33:48,0.0,0.00000000,0,7827202,2019-07-17 01:33:48,btc,0.0,0.0,0.00000000,btc,0.0,0.0,0.0,199
0,[],23,[],2019-01-20 23:31:41,0.0,0,0,6477079,2019-01-20 23:31:41,,0.0,0.0,0,,0.0,0.0,0.0,199
0,[],2,[],2019-01-20 23:30:49,0.0,0,0,6477059,2019-01-20 23:30:49,,0.0,0.0,0,,0.0,0.0,0.0,201
1,[],4,[],2019-01-25 15:51:35,2084389.58565343,0.00000936,0.000000000333526752,6499557,2019-01-25 15:51:35,btc,2.0092503037378524,0.0,0.00000936,btc,160195.80207885,0.19272417,1.242687955921835,211
1,[],7,[],2019-07-01 02:21:28,1170054124.6898527,0.00000018,0.000000000019815389999999997,7782694,2019-07-01 02:21:28,btc,1346735.6331920293,0.0,0.00000018,btc,5516233.71348162,0.0,11.954344045954047,212
1,[],12,[],2019-01-25 02:44:32,207462.42853209,0.000001080000000000000035831255497387193287295303889550268650054931640625,0.000000000038610756000000006,6493050,2019-01-25 02:44:32,btc,85023.03793723314,0.0,0.000001080000000000000035831255497387193287295303889550268650054931640625,btc,43675.73520027,0.000146250909087,0.0348620860622024,213
1,[],24,[],2019-07-14 17:01:36,0.0,0.000000200000,0.00000000002082346,7817375,2019-07-14 17:01:36,btc,0.0,0.0,0.000000200000,btc,0.0,0.0,0.0,213
1,[],26,[],2019-07-14 17:01:36,0.0,0.00000040,0.00000000004164692,7817376,2019-07-14 17:01:36,btc,0.0,0.0,0.00000040,btc,0.0,0.0,0.0,213
1,[],5,[],2019-05-30 00:07:46,0.0,0,0,7709357,2019-05-30 00:07:46,btc,0.0,0.06425239,0,btc,0.0,0.0,0.0,213
0,[],22,[],2019-07-17 01:33:54,0.0,0,0,7827203,2019-07-17 01:33:54,,9.54552254,0.0,0,,3658585.214064925,0.0,0.0,216
0,[],27,[],2019-07-17 01:33:59,0.0,0,0,7827204,2019-07-17 01:33:59,,174.1455070140976,0.0,0,"btc,ltc",469967.12534794,0.0,0.0,216
1,[],22,[],2019-07-17 01:34:02,1063933.0,0.00000006,0.0000000000057295560000000006,7827205,2019-07-17 01:34:02,BTC,12056.06695216,0.0,0.00000006,BTC,623325.9599118046,2.1e-07,0.0256178,217
1,[],7,[],2019-06-27 19:02:35,0.0,0,0,7772298,2019-06-27 19:02:35,btc,2123800.2774640615,0.0,0,btc,82333746.4752352,0.0,0.0,219
0,[],27,[],2019-07-16 21:32:01,0.0,0,0,7826592,2019-07-16 21:32:01,,250.20642758069673,0.0,0,btc,46772.535837,0.0,0.0,219
0,[],28,[],2019-07-16 21:32:02,0.0,0,0,7826593,2019-07-16 21:32:02,,0.0,0.0,0,,0.0,0.0,0.0,219
0,[],22,[],2019-07-17 01:34:05,0.0,0,0,7827206,2019-07-17 01:34:05,,57.73116496,0.0,0,,182427.70709740353,0.0,0.0,221
1,[],24,[],2019-07-17 01:34:05,0.0,0.000000010000,0.000000000000954926,7827207,2019-07-17 01:34:05,btc,0.0,0.0,0.000000010000,btc,0.0,0.0,0.0,221
1,[],20,[],2019-06-17 14:34:11,26882155.8301,0.000000003,0.000000000000278742,7740192,2019-06-17 14:34:11,btc,100050.81956632523,233521.3529,0.000000003,btc,38769742.8604,0.0007925640587,0.0306863532672,224
0,[],22,[],2019-06-17 14:34:13,0.0,0,0,7740193,2019-06-17 14:34:13,,0.0,0.0,0,,0.0,0.0,0.0,224
1,[],26,[],2019-07-17 01:34:06,0.0,0.00000022,0.000000000021008372,7827208,2019-07-17 01:34:06,btc,0.0,0.0,0.00000022,btc,0.0,0.0,0.0,231
1,[],26,[],2019-07-17 01:34:06,0.0,0.00000005,0.00000000000477463,7827209,2019-07-17 01:34:06,btc,0.0,0.0,0.00000005,btc,0.0,0.0,0.0,234
0.0000000002105857,[],27,[],2019-07-17 01:34:11,100.0,2.105857e-18,2.010937601582e-22,7827210,2019-07-17 01:34:11,eth,0.0,0.0,0.00000001,"btc,eth",0.0,0.0,2.105857e-16,234
1,[],4,[],2019-05-22 17:06:12,91780.56053785,0.00000078,0.000000000061977552,7669277,2019-05-22 17:06:12,btc,5.573372450018177,0.0,0.00000078,btc,729173.93529783,0.0,0.0307060663355679,236
1,[],24,[],2019-05-22 17:06:12,0.0,0.000000010000,0.000000000000794584,7669278,2019-05-22 17:06:12,btc,0.0,0.0,0.000000010000,btc,0.0,0.0,0.0,236
1,[],5,[],2019-07-06 02:11:21,0.0,0,0,7800842,2019-07-06 02:11:21,btc,0.0,0.10652887,0,btc,0.0,0.0,0.0,237
1,[],20,[],2019-07-17 01:34:13,69322924.6927,0.000000048,0.0000000000045836448,7827211,2019-07-17 01:34:13,btc,518.1862921665332,24833390.991,0.000000048,btc,38333389.0474,1.3644402513878,0.7825004860832,237
1,[],22,[],2019-07-17 01:34:18,2131868.0,0.00000004,0.000000000003819704,7827212,2019-07-17 01:34:18,BTC,1.20109922,0.0,0.00000004,"BTC,LTC",14430.948717948719,0.0,0.0281597,237
1,[],4,[],2019-07-17 01:34:19,23914746.42543437,0.00000004,0.000000000003819704,7827213,2019-07-17 01:34:19,btc,2.6787532044766693,0.0,0.00000004,btc,13272136.63907425,0.00569392,0.3613935112573745,238
1,[],5,[],2019-07-06 02:11:32,0.0,0,0,7800846,2019-07-06 02:11:32,btc,0.0,0.05525444,0,btc,0.0,0.0,0.0,238
0.00000000008410300000000001,[],22,[],2019-07-17 01:34:22,419253.0,8.410300000000001e-19,8.031214137800001e-23,7827214,2019-07-17 01:34:22,LTC,0.40428224,0.0,0.00000001,LTC,497363.0639027493,0.0,0.00419253,249
0,[],22,[],2019-07-17 01:34:26,0.0,0,0,7827215,2019-07-17 01:34:26,,13.44711564,0.0,0,,43776457.3426455,0.0,0.0,252
1,[],28,[],2019-07-17 01:34:33,3234233.716,0.00000005,0.00000000000477463,7827216,2019-07-17 01:34:33,btc,205.71323449198,1332974.1244,0.00000005,btc,4283949.5319,0.0,0.06571152998,256
0.00000000008410300000000001,[],22,[],2019-07-17 01:34:37,1517.0,8.410300000000001e-19,8.031214137800001e-23,7827217,2019-07-17 01:34:37,LTC,31472.74811374,0.0,0.00000001,LTC,783636.028948892,0.0,1.517e-05,258
1,[],22,[],2019-05-19 18:12:02,400.0,0.00000001,0.0000000000007957800000000001,7653905,2019-05-19 18:12:02,BTC,2.415167,0.0,0.00000001,BTC,157.0,0.0,4e-06,259
1,[],20,[],2019-07-17 01:34:39,1053839.2584,0.000000163,0.0000000000155652938,7827218,2019-07-17 01:34:39,btc,0.525890586582,39275.4576,0.000000163,btc,44025.7241,0.0112410226512,0.0075223234211,264
1,[],5,[],2019-07-02 14:44:15,0.0,0,0,7788374,2019-07-02 14:44:15,btc,0.0,0.02775788,0,btc,0.0,0.0,0.0,264
0,[],22,[],2019-04-12 17:57:27,0.0,0,0,7278186,2019-04-12 17:57:27,,66.37522201,0.0,0,,677842.4169881374,0.0,0.0,271
0,[],22,[],2019-07-17 01:34:42,0.0,0,0,7827219,2019-07-17 01:34:42,,33050469.74148113,0.0,0,,14261527780.7,0.0,0.0,272
0.000000000000002968,[],28,[],2019-07-17 01:34:49,373347535655.0,2.9680000000000002e-22,2.834220368e-26,7827220,2019-07-17 01:34:49,doge,58581877.578032054,5898967773.0,0.0000001,doge,109959045121.40645,0.0,4.393734112021968e-11,272
1,[],22,[],2019-05-23 07:12:29,219930.0,0.00000004,0.000000000003048688,7671985,2019-05-23 07:12:29,BTC,426.77835217,0.0,0.00000004,BTC,248664.3325962929,0.0,0.00739728,281
1,[],22,[],2019-07-17 01:34:53,857172.4,0.00000002,0.000000000001909852,7827221,2019-07-17 01:34:53,BTC,6.83879134,0.0,0.00000002,"BTC,LTC",1148577.7620311212,0.00141492,0.02278261,286
0,[],22,[],2019-07-12 21:46:03,0.0,0,0,7810176,2019-07-12 21:46:03,,7337942.20855518,0.0,0,,2077158967.6797826,0.0,0.0,294
