pairValue,buyBook,exchangeId,sellBook,updated,buyTotal,satoshiPrice,usdPrice,exchangeLogId,created,bestPair,sellTotalBtc,volume,pairPrice,activePairs,sellTotal,volumeBtc,buyTotalBtc,coinId
0,[],2,[],2019-01-20 23:28:45,0.0,0,0,6477011,2019-01-20 23:28:45,,0.0,0.0,0,,0.0,0.0,0.0,1
1,[],3,[],2019-03-02 14:42:32,30538.155472700462,0.0125353700000000005398970159831151249818503856658935546875,0.000000478317127238,6827745,2019-03-02 14:42:32,btc,61.11541289778815,0.0,0.0125353700000000005398970159831151249818503856658935546875,btc,25.531211546169,0.0,0.2834976249430651,1
1,[],4,[],2019-03-02 14:42:33,208072.36250942,0.01264888,0.000000482648373712,6827746,2019-03-02 14:42:33,btc,9.172523031878935,0.0,0.01264888,btc,259.82959088,0.9425416,3.1914459673433253,1
1,[],5,[],2019-03-02 14:42:36,0.0,0,0,6827747,2019-03-02 14:42:36,btc,0.0,0.03062411,0,btc,0.0,0.0,0.0,1
1,[],10,[],2019-03-02 14:42:39,414728.17270887,0.01045161,0.000000398806263414,6827748,2019-03-02 14:42:39,btc,6522.968353235021,1225.2785269,0.01045161,btc,1167.71329483,0.0,6.060109830620721,1
1,[],12,[],2019-03-02 14:42:44,10502.07944931,0.0125900000000000004962696920074449735693633556365966796875,0.000000480401666,6827749,2019-03-02 14:42:44,btc,0.5007425831285,0.0,0.0125900000000000004962696920074449735693633556365966796875,btc,30.48553795,0.1079469311937,0.4889719703382,1
1,[],20,[],2019-03-02 14:42:45,1151.0583,0.010500212,0.0000004006607893688,6827750,2019-03-02 14:42:45,btc,0.0662082325693,0.42,0.010500212,btc,3.0133,0.0046891326164,0.0899620500051,1
1,[],21,[],2019-03-02 14:42:46,2119.38900783,0.01258387000000000047195136688,0.000000480167761138,6827751,2019-03-02 14:42:46,btc,20.095034640538277,2202.99782465,0.0125838700000000004719513668760555447079241275787353515625,"btc,eth",2239.98239767,27.44046499301179,20.215534524910733,1
1,[],22,[],2019-03-02 14:42:51,0.006382215384615385,0.01300000,0.0000004960462,6827752,2019-03-02 14:42:51,BTC,0.31439419,0.0,0.01300000,BTC,0.12751438772928525,0.0,7.978e-05,1
1,[],24,[],2019-03-02 14:42:52,0.0,0.000000000000,0,6827753,2019-03-02 14:42:52,btc,0.0,0.0,0.000000000000,btc,0.0,0.0,0.0,1
0.0,[],25,[],2019-03-02 14:42:53,0.0,0,0,6827754,2019-03-02 14:42:53,btc,29.168699997723092,161.76344665,0.0,btc,2253.02549561,2.0671,0.0,1
1,[],26,[],2019-03-02 14:42:55,0.0,0,0,6827755,2019-03-02 14:42:55,,0.0,0.0,0,,0.0,0.0,0.0,1
1,[],28,[],2019-03-02 14:44:55,993.142,0.01323000,0.000000504822402,6827756,2019-03-02 14:44:55,btc,0.162839806,18859.9,0.01323000,btc,8.9,0.0,0.089302756,1
1,[],5,[],2019-03-02 14:44:58,0.0,0,0,6827757,2019-03-02 14:44:58,btc,0.0,0.0079084,0,btc,0.0,0.0,0.0,2
0,[],22,[],2019-03-02 14:45:02,0.0,0,0,6827758,2019-03-02 14:45:02,,0.0,0.0,0,,0.0,0.0,0.0,2
1,[],5,[],2019-03-02 14:45:04,0.0,0,0,6827759,2019-03-02 14:45:04,btc,0.0,1.07303763,0,btc,0.0,0.0,0.0,3
1,[],12,[],2019-03-02 14:45:06,13129836.3139745,0.000000175,0.0000000000066775449999999995,6827760,2019-03-02 14:45:06,btc,924384.5653447923,0.0,0.000000175,btc,8127304.48779734,0.0466118975588902,0.687386643221503,3
0,[],28,[],2019-03-02 14:45:07,0.0,0,0,6827761,2019-03-02 14:45:07,,0.0,0.0,0,,0.0,0.0,0.0,3
0,[],2,[],2019-01-20 23:31:32,0.0,0,0,6477077,2019-01-20 23:31:32,,0.0,0.0,0,,0.0,0.0,0.0,4
1,[],4,[],2019-03-02 14:45:09,377013.45143067,0.00000032,0.000000000012210368,6827762,2019-03-02 14:45:09,btc,31.987340114656288,0.0,0.00000032,btc,711488.43491406,0.000132,0.0479187894946875,4
1,[],12,[],2019-03-02 09:20:16,1367060.18866667,0.00000003,0.0000000000011427809999999999,6826274,2019-03-02 09:20:16,btc,11013925.612257794,0.0,0.00000003,btc,1143872.32371984,0.004077703996004,0.0205238404400001,5
0,[],2,[],2019-01-20 23:31:51,0.0,0,0,6477087,2019-01-20 23:31:51,,0.0,0.0,0,,0.0,0.0,0.0,6
1,[],11,[],2019-03-02 14:45:12,6402386.0,0.00000002,0.000000000000763148,6827763,2019-03-02 14:45:12,btc,9568.044664252815,482490.0,0.00000002,btc,41579250.07452957,0.0,0.095522555,6
1,[],3,[],2019-03-02 14:45:12,1072.856293592546,0.0001510899999999999916699966462374504772014915943145751953125,0.0000000057652015659999995,6827764,2019-03-02 14:45:12,btc,28.402034233092024,0.0,0.0001510899999999999916699966462374504772014915943145751953125,btc,243.122414578101,0.0,0.03202593781665577,7
1,[],4,[],2019-03-02 14:45:14,92617.75487755,0.00023326,0.000000008900595124,6827765,2019-03-02 14:45:14,btc,8.998548184590629,0.0,0.00023326,btc,29516.70989644,7.62667888,5.11254586926221,7
1,[],5,[],2019-03-02 14:45:16,0.0,0,0,6827766,2019-03-02 14:45:16,btc,0.0,1.58981503,0,btc,0.0,0.0,0.0,7
1,[],20,[],2019-02-20 02:16:17,39399275.8418,0.000000001,0.0000000000000390183,6728586,2019-02-20 02:16:17,btc,116.9737569154545,525.0,0.000000001,btc,56932965.8895,5.25e-07,0.0393992758418,8
0,[],2,[],2019-01-20 23:22:42,0.0,0,0,6476876,2019-01-20 23:22:42,,0.0,0.0,0,,0.0,0.0,0.0,9
0,[],23,[],2019-01-20 23:22:48,0.0,0,0,6476878,2019-01-20 23:22:48,,0.0,0.0,0,,0.0,0.0,0.0,9
1,[],1,[],2019-02-17 23:31:42,1822507.21,0.00000181000000000000003456111265232042484285557293333113193511962890625,0.000000000066086901,6701244,2019-02-17 23:31:42,btc,3.6990969245,17153386.5,0.00000181000000000000003456111265232042484285557293333113193511962890625,btc,1997391.71,31.11772986,3.2610482446,9
1,[],4,[],2019-03-02 14:45:18,1978236.8605055,0.00000165,0.00000000006295971,6827767,2019-03-02 14:45:18,btc,7.1386582964960335,0.0,0.00000165,btc,3165596.02034463,1.36744608,0.6941968271326149,9
1,[],28,[],2019-03-02 14:45:20,47504.0,0.00000166,0.000000000063341284,6827768,2019-03-02 14:45:20,btc,2708.763406715895,3578088.0,0.00000166,btc,12476.4655,0.0,0.05012664,9
1,[],4,[],2019-02-17 11:22:43,4341674.27126056,0.00000002,0.0000000000007272960000000001,6696112,2019-02-17 11:22:43,btc,0.1997230937751353,0.0,0.00000002,btc,4109766.79808031,0.00215132,0.0479381022052112,10
0,[],2,[],2019-01-20 23:23:08,0.0,0,0,6476890,2019-01-20 23:23:08,,0.0,0.0,0,,0.0,0.0,0.0,12
1,[],4,[],2019-03-02 14:45:21,5269531.07407105,0.00000117,0.000000000044644157999999997,6827769,2019-03-02 14:45:21,btc,10.047651537827958,0.0,0.00000117,btc,5505518.61301978,0.87692985,2.206816995280318,12
1,[],5,[],2019-03-02 14:45:22,0.0,0,0,6827770,2019-03-02 14:45:22,btc,0.0,0.23631226,0,btc,0.0,0.0,0.0,12
0.0,[],25,[],2019-03-02 14:45:24,0.0,0,0,6827771,2019-03-02 14:45:24,,0.0,0.0,0.0,btc,0.0,0.0,0.0,12
1,[],4,[],2019-03-02 14:45:26,31912672.93588988,0.00000555,0.00000000021177357,6827772,2019-03-02 14:45:26,btc,2.9364681309142804,0.0,0.00000555,btc,407547.87069873,0.39901739,0.6016099242657379,13
1,[],10,[],2019-03-02 14:45:29,418160.73920234,0.00000543,0.00000000020719468199999999,6827773,2019-03-02 14:45:29,btc,666802.6099113649,9041.04648733,0.00000543,btc,744442.95939135,0.0,0.2432832932563569,13
1,[],21,[],2019-03-02 14:45:30,819414.97314342,0.000005640000000000000210647471688,0.000000000215207736,6827774,2019-03-02 14:45:30,btc,5.7167529546448606,559129.39647417,0.0000056400000000000002106474716878636854744399897754192352294921875,btc,902662.68624896,3.21325144,4.315262481332254,13
1,[],12,[],2019-03-02 14:45:34,218038.5194367,0.000001349999999999999991849510168340220417348973569460213184356689453125,0.000000000051512489999999995,6827776,2019-03-02 14:45:34,btc,5.290200693393661,0.0,0.000001349999999999999991849510168340220417348973569460213184356689453125,btc,31128.09057434,0.00011484,0.027993769999875,14
0,[],17,[],2019-03-02 14:45:35,0.0,0,0,6827777,2019-03-02 14:45:35,btc,0.0,0.0,0,btc,0.0,0.0,0.0,14
1,[],26,[],2019-03-02 14:45:35,0.0,0.00000050,0.0000000000190787,6827778,2019-03-02 14:45:35,btc,0.0,0.0,0.00000050,btc,0.0,0.0,0.0,14
1,[],4,[],2019-03-02 14:45:32,724477.66871032,0.00000146,0.000000000055709804,6827775,2019-03-02 14:45:32,btc,91.21501597316245,0.0,0.00000146,btc,875067.87082402,0.02125113,0.1797839167269382,14
0,[],4,[],2019-03-02 14:45:37,0.0,0,0,6827779,2019-03-02 14:45:37,,0.0,0.0,0,,0.0,0.0,0.0,15
,[],12,[],2018-12-01 15:15:48,204241.84496,0.00000489,0.000000000202473384,5260204,2018-12-01 15:15:48,btc,49.5475654835,0.0,,btc,35763.2193806,0.0163153972027625,0.0203389899998,15
1,[],4,[],2019-03-02 14:45:38,25638.02207378,0.00001779,0.000000000678820146,6827780,2019-03-02 14:45:38,btc,1.3504584060388674,0.0,0.00001779,btc,15411.66817748,0.03911239,0.0775136664337357,18
1,[],10,[],2019-03-02 14:45:42,783331.30395184,0.00001751,0.000000000668136074,6827781,2019-03-02 14:45:42,btc,15.396841433303935,15742.9462384,0.00001751,btc,11960.37273992,0.0,0.1405124680053238,18
1,[],12,[],2019-03-02 14:45:42,193253.29688086,0.00001800000000000000045601543374740316494353464804589748382568359375,0.0000000006868332,6827782,2019-03-02 14:45:42,btc,23.63043342177743,0.0,0.00001800000000000000045601543374740316494353464804589748382568359375,btc,1864.07352308,2.1875e-06,0.0355927953701647,18
0,[],17,[],2019-03-02 14:45:49,0.0,0,0,6827783,2019-03-02 14:45:49,btc,0.0,0.0,0,btc,0.0,0.0,0.0,18
0,[],2,[],2019-01-20 23:23:38,0.0,0,0,6476906,2019-01-20 23:23:38,,0.0,0.0,0,,0.0,0.0,0.0,18
1,[],3,[],2019-03-02 14:45:50,118506.64575060255,0.0000200099999999999998462514583241755872222711332142353057861328125,0.000000000763529574,6827784,2019-03-02 14:45:50,btc,0.5053401800644072,1.81985,0.0000200099999999999998462514583241755872222711332142353057861328125,btc,7948.096912413742,0.0,0.03372559709398505,19
1,[],4,[],2019-03-02 14:45:51,416130.80323743,0.00001991,0.0000000007597138339999999,6827785,2019-03-02 14:45:51,btc,2.0431688343510666,0.0,0.00001991,btc,67607.1318601,0.25562955,2.3678524831588823,19
1,[],5,[],2019-03-02 14:45:52,0.0,0,0,6827786,2019-03-02 14:45:52,btc,0.0,0.00113663,0,btc,0.0,0.0,0.0,19
1,[],12,[],2019-03-02 14:45:54,133987.44530873,0.00001821000000000000013946309385115540635524666868150234222412109375,0.000000000694846254,6827787,2019-03-02 14:45:54,btc,6.899266801991172,0.0,0.00001821000000000000013946309385115540635524666868150234222412109375,btc,492.19317902,0.000564564884742,0.1073771051151556,19
0,[],27,[],2019-03-02 14:45:56,0.0,0,0,6827788,2019-03-02 14:45:56,,0.0,0.0,0,btc,0.0,0.0,0.0,19
0,[],2,[],2019-01-20 23:24:19,0.0,0,0,6476924,2019-01-20 23:24:19,,0.0,0.0,0,,0.0,0.0,0.0,19
1,[],4,[],2019-03-02 14:45:57,2822228.05572451,0.00000013,0.000000000004960462,6827789,2019-03-02 14:45:57,btc,7.378502889194436,0.0,0.00000013,btc,2855585.3982639,0.0,0.0802826564452557,20
1,[],4,[],2019-03-02 14:45:58,103956136.13937023,0.00000002,0.000000000000763148,6827790,2019-03-02 14:45:58,btc,1807.0446274209746,0.0,0.00000002,btc,55481842.86506001,0.000102,1.1668631666680451,21
1,[],12,[],2019-03-02 14:45:59,18206951.0,0.00000002,0.000000000000763148,6827791,2019-03-02 14:45:59,btc,670.8733402334847,0.0,0.00000002,btc,8127598.32857329,3.1e-05,0.23637926,21
0,[],17,[],2019-03-02 13:42:07,0.0,0,0,6827512,2019-03-02 13:42:07,btc,0.0,0.0,0,btc,0.0,0.0,0.0,21
1,[],12,[],2019-03-02 14:46:01,3000645695.531895,0.0000000002,0.00000000000000763148,6827792,2019-03-02 14:46:01,btc,875865845089.317,0.0,0.0000000002,btc,4996502682.272166,0.016171293950249754,0.3064014183531895,23
0,[],27,[],2019-03-02 14:46:03,0.0,0,0,6827793,2019-03-02 14:46:03,,13.543633221578427,27411.0,0,eth,2204616.85364636,9.5371695342e-14,0.0,23
1,[],4,[],2019-03-02 14:46:04,435074.318609,0.00000052,0.000000000019841848,6827794,2019-03-02 14:46:04,btc,8.715614426827438,0.0,0.00000052,btc,1524387.15300418,0.00030317,0.1377678866358806,24
1,[],22,[],2019-03-02 14:46:25,11.76,0.00000100,0.0000000000381574,6827795,2019-03-02 14:46:25,BTC,7.415e-05,0.0,0.00000100,BTC,23.919354838709676,0.0,1.176e-05,24
0.0,[],25,[],2019-03-02 14:46:26,0.0,0,0,6827796,2019-03-02 14:46:26,,0.0,0.0,0.0,btc,0.0,0.0,0.0,24
1,[],4,[],2019-03-02 14:28:51,26578742.26092848,0.00000617,0.000000000235850718,6827604,2019-03-02 14:28:51,btc,166.78536201242153,0.0,0.00000617,btc,237002.5576575,0.11773205,0.4402359817168256,26
1,[],10,[],2019-03-02 14:28:53,686652.82592622,0.00000603,0.000000000230499162,6827605,2019-03-02 14:28:53,btc,26.125952257663098,3588.94938396,0.00000603,btc,14054.67408507,0.0,0.2280361632878725,26
0,[],2,[],2019-01-20 23:25:56,0.0,0,0,6476976,2019-01-20 23:25:56,,0.0,0.0,0,,0.0,0.0,0.0,26
1,[],3,[],2019-03-02 14:46:27,5529569.78933568,0.00000001,0.000000000000381574,6827797,2019-03-02 14:46:27,btc,2.105204350837623,14030.781,0.00000001,btc,17599728.13629621,0.0,0.0552956978933568,27
1,[],5,[],2019-03-02 14:46:28,0.0,0,0,6827798,2019-03-02 14:46:28,btc,0.0,4.774e-05,0,btc,0.0,0.0,0.0,27
1,[],11,[],2019-03-02 14:46:31,9470054.891515061,0.00000005,0.00000000000190787,6827799,2019-03-02 14:46:31,btc,67506.38088715188,21889.311987,0.00000005,btc,7980367.26084264,0.0,0.4414030388653851,27
1,[],4,[],2019-03-02 14:46:32,1504158590.0049524,0.00000002,0.000000000000763148,6827800,2019-03-02 14:46:32,btc,2.8091352113332198,0.0,0.00000002,"btc,ltc",183307330.07413006,0.24607276,12.258545956794086,29
1,[],7,[],2019-03-02 13:31:48,35943042.00316807,0.00000002,0.0000000000007652180000000001,6827327,2019-03-02 13:31:48,btc,44462590.670333646,3597020.1197,0.00000002,btc,46374500.946735,0.0,0.3643791565636483,29
1,[],4,[],2019-03-02 14:46:33,2194417.05967309,0.00000026,0.000000000009920924,6827801,2019-03-02 14:46:33,btc,2.3353997230997763,0.0,0.00000026,btc,1550353.96316452,0.0,0.0938557345816232,30
0,[],17,[],2019-03-02 14:46:45,0.0,0,0,6827802,2019-03-02 14:46:45,btc,0.0,0.0,0,btc,0.0,0.0,0.0,30
1,[],4,[],2019-03-02 14:46:46,168867.3762509,0.00004922,0.000000001878107228,6827803,2019-03-02 14:46:46,btc,5.943934223202631,0.0,0.00004922,btc,71836.85678796,1.30874734,1.165938706575713,31
1,[],21,[],2019-03-02 14:48:46,148365.4768033,0.00004901000000000000001625435897,0.000000001870094174,6827804,2019-03-02 14:48:46,btc,2.759415886245608,66542.17794827,0.0000490100000000000000162543589699026824746397323906421661376953125,btc,50633.69265536,3.25096087,4.825360291984744,31
0,[],2,[],2019-01-20 23:28:43,0.0,0,0,6477009,2019-01-20 23:28:43,,0.0,0.0,0,,0.0,0.0,0.0,32
1,[],4,[],2019-03-02 14:48:47,407085159.26809645,0.00000004,0.000000000001526296,6827805,2019-03-02 14:48:47,btc,11.80297508709853,0.0,0.00000004,"btc,ltc",210893259.77686942,0.48329174,9.352459845763665,33
1,[],12,[],2019-03-02 14:48:48,17374822.0,0.00000004,0.000000000001526296,6827806,2019-03-02 14:48:48,btc,35630714.400968425,0.0,0.00000004,btc,90251888.51854034,0.0140247593606395,0.56264168,33
1,[],4,[],2019-03-02 14:48:50,117559034.59062757,0.00000001,0.000000000000381574,6827807,2019-03-02 14:48:50,btc,3.6676476923976638,0.0,0.00000001,btc,101253803.70179135,0.001,1.1755903459062755,34
1,[],5,[],2019-03-02 14:48:51,0.0,0,0,6827808,2019-03-02 14:48:51,btc,0.0,0.00310205,0,btc,0.0,0.0,0.0,34
0.0000000001276387,[],4,[],2019-03-02 14:48:53,1641420482.2183332,2.552774e-18,9.74072186276e-23,6827809,2019-03-02 14:48:53,ltc,5.4556307017211025e-08,0.0,0.00000002,ltc,7009076662.977135,0.0,2.1510000336695283e-09,36
1,[],5,[],2019-03-02 14:48:55,0.0,0,0,6827810,2019-03-02 14:48:55,btc,0.0,0.0,0,btc,0.0,0.0,0.0,36
0.0000000003479322,[],27,[],2019-03-02 14:49:09,1090000.0,3.479322e-18,1.327618812828e-22,6827811,2019-03-02 14:49:09,eth,222.5997971062634,0.0,0.00000001,"ltc,eth",11163566.48751039,0.0,1.51054253e-12,36
0,[],17,[],2019-03-02 12:43:49,0.0,0,0,6827228,2019-03-02 12:43:49,btc,0.07464582813547324,0.0,0,btc,4105386.20243647,0.0,0.0,36
1,[],17,[],2019-03-02 12:26:52,1752.74075282,0.00000025,0.0000000000095447,6827033,2019-03-02 12:26:52,btc,0.055484923989287845,0.0,0.00000025,btc,1387.19918473,0.0,0.00043818518820499993,37
1,[],4,[],2019-03-02 14:49:10,240463.89184679,0.00000065,0.00000000002480231,6827812,2019-03-02 14:49:10,btc,19772.480485922013,0.0,0.00000065,btc,550530.89968724,0.03439804,0.108363422043431,37
1,[],12,[],2019-03-02 14:49:12,877891.06308849,0.00000064,0.000000000024420736,6827813,2019-03-02 14:49:12,btc,1345.870549016058,0.0,0.00000064,btc,1016557.88765149,0.0655708086932835,0.3597348787300006,37
1,[],27,[],2019-03-02 14:49:25,14685.567,0.00000045,0.000000000017170829999999998,6827814,2019-03-02 14:49:25,btc,25.82160105111233,0.0,0.00000045,btc,6804.86438508,0.0,0.00480032515,37
1,[],5,[],2019-03-02 14:49:27,0.0,0,0,6827815,2019-03-02 14:49:27,btc,0.0,0.03891836,0,btc,0.0,0.0,0.0,42
1,[],12,[],2019-03-02 14:49:27,253569.96731442,0.00000099,0.000000000037775826,6827816,2019-03-02 14:49:27,btc,94.64634998055588,0.0,0.00000099,btc,98060.7890622,0.0120128355686048,0.059863105570962596,42
0.0000000003479322,[],27,[],2019-03-02 14:49:30,2000.0,3.479322e-18,1.327618812828e-22,6827817,2019-03-02 14:49:30,eth,0.00315028,0.0,0.00000001,"btc,eth",11.007,0.0,6.958644e-15,42
1,[],5,[],2019-03-02 14:49:32,0.0,0,0,6827818,2019-03-02 14:49:32,btc,0.0,0.0,0,btc,0.0,0.0,0.0,43
1,[],12,[],2019-03-02 14:49:33,1209361.0,0.00000001,0.000000000000381574,6827819,2019-03-02 14:49:33,btc,3569.074552336114,0.0,0.00000001,btc,11768494.65174823,9.99000999e-06,0.01209361,43
0,[],17,[],2019-03-02 14:49:34,0.0,0,0,6827820,2019-03-02 14:49:34,btc,0.0,0.0,0,btc,0.0,0.0,0.0,43
1,[],12,[],2019-03-02 14:31:58,653788.0,0.00000004,0.000000000001529016,6827628,2019-03-02 14:31:58,btc,11116042.727858257,0.0,0.00000004,btc,1102985.40261734,0.00055452995005,0.01555391,44
1,[],4,[],2019-03-02 14:49:35,290660017.11038655,0.00000002,0.000000000000763148,6827821,2019-03-02 14:49:35,btc,473.58761991959545,0.0,0.00000002,"btc,ltc",12243056.83418875,0.00051356,0.1969978707380029,49
0.0000000001276387,[],4,[],2019-03-02 14:49:37,378198815.22452575,1.276387e-18,4.87036093138e-23,6827822,2019-03-02 14:49:37,ltc,25.568133936267053,0.0,0.00000001,ltc,9681304493.917849,0.0,4.827280511679867e-10,52
0.0000000001254945,[],22,[],2019-03-02 14:49:40,80845862.0,1.254945e-18,4.7885438343e-23,6827823,2019-03-02 14:49:40,XMR,4366.97466637,0.0,0.00000001,XMR,255820234.67882353,0.0,0.80845862,57
0.0000000003479322,[],27,[],2019-03-02 14:49:42,2000.0,3.479322e-18,1.327618812828e-22,6827824,2019-03-02 14:49:42,eth,0.0,0.0,0.00000001,"btc,eth",0.0,0.0,6.958644e-15,57
0.0000000001276387,[],4,[],2019-03-02 14:49:43,1005718493.2138896,5.105548e-18,1.948144372552e-22,6827825,2019-03-02 14:49:43,ltc,18.807186099635782,0.0,0.00000004,ltc,3900609776.1800942,0.0,2.703135218728077e-09,58
1,[],12,[],2019-03-02 14:49:44,1671168740.843957,0.0000000004,0.00000000000001526296,6827826,2019-03-02 14:49:44,btc,224005480062.26865,0.0,0.0000000004,btc,3758352682.7376313,0.08941695299274957,0.5435867439011391,58
0,[],17,[],2019-03-02 14:49:56,0.0,0,0,6827827,2019-03-02 14:49:56,btc,1e+24,0.0,0,btc,49226522.0897055,0.0,0.0,58
0.0000000001254945,[],22,[],2019-03-02 14:49:59,137438.0,1.254945e-18,4.7885438343e-23,6827828,2019-03-02 14:49:59,XMR,69.8835922,0.0,0.00000001,XMR,9887963.0,0.0,0.00137438,58
1,[],5,[],2019-03-02 14:50:02,0.0,0,0,6827829,2019-03-02 14:50:02,btc,0.0,0.12328082,0,btc,0.0,0.0,0.0,61
1,[],22,[],2019-03-02 14:50:09,13759.5,0.00000012,0.000000000004578888,6827830,2019-03-02 14:50:09,BTC,1002.29597012,0.0,0.00000012,BTC,14947.700278135757,3.48e-06,0.00155017,61
1,[],26,[],2019-03-02 14:50:09,0.0,0.00000800,0.0000000003052592,6827831,2019-03-02 14:50:09,btc,0.0,0.0,0.00000800,btc,0.0,0.0,0.0,61
1,[],27,[],2019-03-02 14:50:13,17231.118,0.00000046,0.000000000017552404,6827832,2019-03-02 14:50:13,btc,7.76072757961638,806.2391,0.00000046,"btc,eth",19950.11257617,0.00037087,0.007132257502926521,61
1,[],28,[],2019-03-02 14:50:22,13880.304,0.0000005,0.0000000000190787,6827833,2019-03-02 14:50:22,btc,2.056312978300105,811.0,0.0000005,btc,9730.59500005,0.0,0.00566391304,61
1,[],4,[],2019-03-02 14:32:40,1382424.47188602,0.00000279,0.000000000106648866,6827642,2019-03-02 14:32:40,btc,11.243730095020496,0.0,0.00000279,btc,796732.50265266,0.18365891,1.2984701249675112,67
0.0,[],25,[],2019-03-02 14:32:42,0.0,0,0,6827643,2019-03-02 14:32:42,,0.0,0.0,0.0,btc,0.0,0.0,0.0,67
1,[],12,[],2019-03-02 14:50:22,1778971.42139664,0.00000023,0.000000000008776202,6827834,2019-03-02 14:50:22,btc,11115899.065126818,0.0,0.00000023,btc,2202018.24945053,0.085058191437155,0.0813283164411125,71
,[],5,[],2018-11-20 23:02:39,1.5e-07,0.00000005,0.000000000002128045,4862160,2018-11-20 23:02:39,btc,2.84511358,0.0,,btc,0.00036572,0.0,0.07381892,74
1,[],5,[],2019-03-02 14:50:24,0.0,0,0,6827835,2019-03-02 14:50:24,btc,0.0,0.0,0,btc,0.0,0.0,0.0,75
0,[],20,[],2019-01-25 09:30:31,0.0,0,0,6495923,2019-01-25 09:30:31,btc,0.0,0.0,0,btc,0.0,0.0,0.0,81
1,[],4,[],2019-03-02 11:28:05,15984338.899575,0.00000001,0.00000000000038074600000000003,6826748,2019-03-02 11:28:05,btc,11388.632703683814,0.0,0.00000001,btc,34464598.85416836,0.0,0.15984338899575,81
1,[],4,[],2019-03-02 14:32:45,28162.10385298,0.00007253,0.000000002772488262,6827646,2019-03-02 14:32:45,btc,17.75365061264656,0.0,0.00007253,btc,12743.44206061,0.02658848,0.1616961266200349,82
1,[],21,[],2019-03-02 14:32:46,291775.06262772,0.00007430000000000000351992740510,0.00000000284014722,6827647,2019-03-02 14:32:46,btc,2.159133727346024,1645.47051186,0.000074300000000000003519927405104539275271235965192317962646484375,btc,23561.20190563,0.12155461,4.438334362003463,82
0,[],17,[],2019-03-02 14:32:48,0.0,0,0,6827648,2019-03-02 14:32:48,btc,0.0447233088476774,0.0,0,btc,999127.19588126,0.0,0.0,84
0.0000000001276387,[],4,[],2019-03-02 14:50:25,120738539.0695036,3.829161e-18,1.461108279414e-22,6827836,2019-03-02 14:50:25,ltc,1.7494932042713702,0.0,0.00000003,ltc,405552103.4285252,0.0,2.5510800656239034e-10,85
,[],22,[],2018-11-20 23:09:34,3408.1,0.0000001,0.0000000000041895,4862324,2018-11-20 23:09:34,BTC,0.04624735,0.0,,BTC,4990.0,0.0,0.00033081,86
0,[],22,[],2019-02-22 12:52:35,0.0,0,0,6758847,2019-02-22 12:52:35,,2.0760781,0.0,0,,140622.94736842104,0.0,0.0,87
0,[],27,[],2019-02-22 12:52:37,0.0,0,0,6758848,2019-02-22 12:52:37,,0.0,0.0,0,btc,0.0,0.0,0.0,87
,[],2,[],2018-11-20 23:10:47,0.0,0,0,4862359,2018-11-20 23:10:47,,0.0,0.0,,,0.0,0.0,0.0,88
1,[],11,[],2019-03-02 14:50:27,92646.77548409,0.00014003999999999999412879370108697685282095335423946380615234375,0.0000000053435622959999994,6827837,2019-03-02 14:50:27,btc,608.6475971552952,335.02692708,0.00014003999999999999412879370108697685282095335423946380615234375,btc,96149.73820336,0.0,6.190787267868874,89
0,[],2,[],2019-01-20 23:31:45,0.0,0,0,6477083,2019-01-20 23:31:45,,0.0,0.0,0,,0.0,0.0,0.0,91
1,[],12,[],2019-03-02 14:32:52,500589.93637477,0.000001830000000000000054831898570195658493275914224795997142791748046875,0.000000000069952482,6827651,2019-03-02 14:32:52,btc,4.341052570492501,0.0,0.000001830000000000000054831898570195658493275914224795997142791748046875,btc,62154.64925501,0.0091930288991858,0.10075462429987429,91
0,[],17,[],2019-03-02 14:32:53,0.0,0,0,6827652,2019-03-02 14:32:53,btc,0.0,0.0,0,btc,0.0,0.0,0.0,91
0,[],22,[],2019-03-02 14:32:56,0.0,0,0,6827653,2019-03-02 14:32:56,,3e-06,0.0,0,,1.0,0.0,0.0,91
0.0000000001276387,[],22,[],2019-03-02 14:50:31,1820000.0,6.3819350000000005e-18,2.43518046569e-22,6827838,2019-03-02 14:50:31,LTC,8.53121199,0.0,0.00000005,LTC,71989912.1,5.15660348e-14,0.091,95
0.0000000001276387,[],4,[],2019-03-02 14:50:32,646338038.1538767,7.9135994e-17,3.0196237774556e-21,6827839,2019-03-02 14:50:32,ltc,11.891533555000134,0.0,0.00000062,ltc,136320270.0514871,0.00966353,1.968611575579811e-09,96
1,[],12,[],2019-03-02 14:50:33,798.47400001,0.00000001,0.000000000000381574,6827840,2019-03-02 14:50:33,btc,255079.46687468787,0.0,0.00000001,btc,8740172.94636337,3.1223676323e-06,7.9847400001e-06,96
0,[],17,[],2019-03-02 14:33:03,0.0,0,0,6827657,2019-03-02 14:33:03,btc,0.0,0.0,0,btc,0.0,0.0,0.0,96
1,[],4,[],2019-03-02 14:50:35,1409519.68081693,0.00000029,0.000000000011065645999999999,6827841,2019-03-02 14:50:35,btc,3.214599344738489,0.0,0.00000029,btc,2542799.48422235,0.09182327,0.1134810334356446,99
1,[],4,[],2019-03-02 14:50:36,347198.4897817,0.00004380,0.0000000016712941199999999,6827842,2019-03-02 14:50:36,btc,11.909400581274035,0.0,0.00004380,btc,164498.07814917,1.21496283,2.823038284729282,100
0,[],2,[],2019-01-20 23:23:55,0.0,0,0,6476914,2019-01-20 23:23:55,,0.0,0.0,0,,0.0,0.0,0.0,100
1,[],22,[],2019-03-02 14:50:40,50000.0,0.00000001,0.000000000000381574,6827843,2019-03-02 14:50:40,BTC,23.49896609,0.0,0.00000001,BTC,10277.22,0.0,0.0005,101
1,[],4,[],2019-03-02 14:33:21,485645.07014112,0.00000088,0.000000000033638352,6827661,2019-03-02 14:33:21,btc,256.30431103988553,0.0,0.00000088,btc,494174.82442137,0.00242891,0.2507300394975267,103
1,[],12,[],2019-03-02 14:50:41,65104714.0,0.000000009,0.00000000000034341659999999997,6827844,2019-03-02 14:50:41,btc,137278946.69562882,0.0,0.000000009,btc,126291914.72667056,0.0245072392657343,0.235641081,105
1,[],27,[],2019-03-02 14:50:42,81803.89,0.00000001,0.000000000000381574,6827845,2019-03-02 14:50:42,btc,36.58509958047966,0.0,0.00000001,btc,575834.55393212,0.0,0.0008180389,105
1,[],22,[],2019-03-02 14:50:47,9328.0,0.00000001,0.000000000000381574,6827846,2019-03-02 14:50:47,BTC,51.10837004,0.0,0.00000001,BTC,470435.0,0.0,9.328e-05,107
1,[],26,[],2019-03-02 14:50:47,0.0,0.00000000,0,6827847,2019-03-02 14:50:47,btc,0.0,0.0,0.00000000,btc,0.0,0.0,0.0,107
1,[],5,[],2019-03-02 14:50:50,0.0,0,0,6827848,2019-03-02 14:50:50,btc,0.0,0.1086207,0,btc,0.0,0.0,0.0,112
1,[],22,[],2019-03-02 14:50:56,1966.0,0.00000001,0.000000000000381574,6827849,2019-03-02 14:50:56,BTC,2.81183288,0.0,0.00000001,BTC,808524.0833333334,0.0,1.966e-05,112
0.0000000003479322,[],27,[],2019-03-02 14:50:58,2000.0,3.479322e-18,1.327618812828e-22,6827850,2019-03-02 14:50:58,eth,1.35132491849924,0.0,0.00000001,"btc,eth",1328.641654,0.0,6.958644e-15,112
1,[],4,[],2019-03-02 14:51:00,977881.96985315,0.00000187,0.000000000071354338,6827851,2019-03-02 14:51:00,btc,5.373221193601908,0.0,0.00000187,btc,345261.85079566,0.22472991,0.6805459948780558,113
1,[],5,[],2019-03-02 14:51:02,0.0,0,0,6827852,2019-03-02 14:51:02,btc,0.0,0.0153368,0,btc,0.0,0.0,0.0,113
1,[],17,[],2019-03-02 14:51:03,152738.278,0.00000004,0.000000000001526296,6827853,2019-03-02 14:51:03,btc,1.336803027484187,0.0,0.00000004,btc,51896.221,0.0,0.0022095311199999998,116
0,[],27,[],2019-03-02 14:51:06,0.0,0,0,6827854,2019-03-02 14:51:06,,0.0,0.0,0,btc,0.0,0.0,0.0,116
1,[],4,[],2019-03-02 14:51:06,102386.31259179,0.00002459,0.000000000938290466,6827855,2019-03-02 14:51:06,btc,28.783585836770847,0.0,0.00002459,btc,69156.17468263,0.65410389,1.4253011679266134,120
1,[],7,[],2019-03-02 13:35:18,21297.60136728,0.0000178399999999999985997832518958006176035269163548946380615234375,0.000000000682574456,6827392,2019-03-02 13:35:18,btc,115751.20701551794,0.0,0.0000178399999999999985997832518958006176035269163548946380615234375,btc,56294.42255876,0.0,0.0540856731878168,120
1,[],20,[],2019-03-02 14:51:12,1484134.5064,0.000000033,0.0000000000012591942,6827856,2019-03-02 14:51:12,btc,32.294423452592,12293.9579,0.000000033,btc,986493.5278,0.0004936246424,0.009605321908,125
1,[],22,[],2019-03-02 14:51:32,3053.0,0.00000001,0.000000000000381574,6827857,2019-03-02 14:51:32,BTC,0.01444887,0.0,0.00000001,BTC,296263.5111111111,0.0,3.053e-05,126
0,[],17,[],2019-03-02 12:31:08,0.0,0,0,6827090,2019-03-02 12:31:08,btc,0.0009561751951600001,0.0,0,btc,35.42829368,0.0,0.0,131
1,[],4,[],2019-03-02 14:36:19,139627.89899013,0.00001306,0.000000000499223724,6827676,2019-03-02 14:36:19,btc,6.550321413509822,0.0,0.00001306,btc,123977.30126026,0.15649082,0.3823708192478881,131
0,[],2,[],2019-01-20 23:25:46,0.0,0,0,6476969,2019-01-20 23:25:46,,0.0,0.0,0,,0.0,0.0,0.0,131
1,[],4,[],2019-03-02 14:36:30,4553.72464193,0.00016001,0.000000006116446254,6827677,2019-03-02 14:36:30,btc,1.6201357451891167,0.0,0.00016001,btc,238.12730989,0.0,0.0079138372153557,135
1,[],3,[],2019-03-02 14:36:31,1012209.8877684299,0.00000004,0.000000000001529016,6827678,2019-03-02 14:36:31,btc,0.11451951769984779,0.0,0.00000004,btc,606864.60876711,0.0,0.0325515181737019,136
1,[],4,[],2019-03-02 14:36:32,267920.93881997,0.00000172,0.000000000065747688,6827679,2019-03-02 14:36:32,btc,38.982091179455296,0.0,0.00000172,btc,584960.32338731,0.05448331,0.0816859084537449,137
1,[],12,[],2019-03-02 14:36:34,293722.7496991,0.000001659999999999999988409336675043714848243325832299888134002685546875,0.000000000063454164,6827680,2019-03-02 14:36:34,btc,11807.602355175328,0.0,0.000001659999999999999988409336675043714848243325832299888134002685546875,btc,125533.58067311,0.0302574209282403,0.0206037999999261,137
1,[],4,[],2019-03-02 14:36:34,111313.64484277,0.00004100,0.0000000015672414,6827681,2019-03-02 14:36:34,btc,28.854456672811136,0.0,0.00004100,btc,41820.75275654,0.65760337,0.7294008050009382,142
1,[],5,[],2019-03-02 14:36:35,0.0,0,0,6827682,2019-03-02 14:36:35,btc,0.0,0.64355759,0,btc,0.0,0.0,0.0,142
1,[],17,[],2019-03-02 14:36:37,22967.386363640002,0.00000088,0.000000000033638352000000005,6827683,2019-03-02 14:36:37,btc,20.06991335274391,0.0,0.00000088,btc,2746.079105,0.0,0.0104613000000032,142
1,[],20,[],2019-03-02 14:36:39,132628.8744,0.00003,0.000000001146762,6827684,2019-03-02 14:36:39,btc,0.3337978991533,3766.8397,0.00003,btc,2029.6532,0.1382739298777,0.2175514400241,142
1,[],22,[],2019-03-02 14:36:43,1685.8988921568628,0.00004000,0.000000001529016,6827685,2019-03-02 14:36:43,BTC,3.00385504,0.0,0.00004000,BTC,891.218,0.0,0.00174536,142
0.0,[],25,[],2019-03-02 14:36:45,0.0,0,0,6827686,2019-03-02 14:36:45,,0.0,0.0,0.0,btc,0.0,0.0,0.0,142
1,[],28,[],2019-03-02 14:36:52,76100.0,0.00000817,0.000000000312301518,6827687,2019-03-02 14:36:52,btc,0.0639742472,1333.2359,0.00000817,btc,500.6113,0.0,0.0041072,142
0,[],22,[],2019-03-02 14:36:56,0.0,0,0,6827688,2019-03-02 14:36:56,,60.70572865,0.0,0,,694633617.3,0.0,0.0,143
0,[],22,[],2019-02-25 15:42:22,0.0,0,0,6783783,2019-02-25 15:42:22,,4.2131946,0.0,0,,2322156.0,0.0,0.0,146
,[],22,[],2018-11-20 23:01:11,0.0,0,0,4862114,2018-11-20 23:01:11,,2.56807021,0.0,,,61828.4988236,0.0,0.0,147
1,[],12,[],2019-03-02 14:36:57,223340.02076904,0.0000022900000000000000975435010541758629187825135886669158935546875,0.000000000087536166,6827689,2019-03-02 14:36:57,btc,16.614227654601176,0.0,0.0000022900000000000000975435010541758629187825135886669158935546875,btc,117140.25034917,0.00035983195485,0.0338806731999888,148
1,[],4,[],2019-03-02 14:36:58,256183.64828986,0.00000030,0.00000000001146762,6827690,2019-03-02 14:36:58,btc,219.96748007626834,0.0,0.00000030,btc,800822.7951546,0.0,0.0609752236393456,152
0,[],22,[],2019-03-02 14:37:01,0.0,0,0,6827691,2019-03-02 14:37:01,,0.0,0.0,0,,0.0,0.0,0.0,152
1,[],5,[],2019-03-02 14:37:03,0.0,0,0,6827692,2019-03-02 14:37:03,btc,0.0,0.0,0,btc,0.0,0.0,0.0,153
,[],16,[],2019-01-11 15:38:59,0.0,0,0,6366141,2019-01-11 15:38:59,btc,0.0,0.0,,btc,0.0,0.0,0.0,155
0,[],23,[],2019-01-20 23:24:29,0.0,0,0,6476932,2019-01-20 23:24:29,,0.0,0.0,0,,0.0,0.0,0.0,156
0,[],22,[],2019-03-02 14:37:09,0.0,0,0,6827693,2019-03-02 14:37:09,,6.7463875,0.0,0,,4674391.242592593,0.0,0.0,156
1,[],22,[],2019-03-02 14:37:24,7073.8,0.00005300,0.0000000020259462,6827694,2019-03-02 14:37:24,BTC,1.80343699,0.0,0.00005300,BTC,899.6422341958436,0.0,0.00104336,157
0,[],22,[],2019-03-02 14:37:27,0.0,0,0,6827695,2019-03-02 14:37:27,,50175.67608608,0.0,0,,54079135.04179466,0.0,0.0,158
,[],17,[],2018-11-20 22:56:10,0.0,0,0,4861976,2018-11-20 22:56:10,btc,1.1265625,0.0,,btc,1000.0,0.0,0.0,159
,[],20,[],2018-11-20 22:56:12,0.0,0,0,4861977,2018-11-20 22:56:12,btc,11912.7940471,0.0,,btc,34413894.3617,0.0,0.0,159
1,[],17,[],2019-03-02 11:32:42,29784.95,0.000001,0.0000000000380746,6826798,2019-03-02 11:32:42,btc,0.03026736251542,0.0,0.000001,btc,144.46171372,0.0,0.00716147,168
1,[],12,[],2019-03-02 14:37:28,181664.29340572,0.00000740000000000000030041073795228356857478502206504344940185546875,0.00000000028286796000000004,6827696,2019-03-02 14:37:28,btc,6.6434978371404405,0.0,0.00000740000000000000030041073795228356857478502206504344940185546875,btc,13791.96660387,0.0011010456823373,0.0936768083342858,168
0,[],22,[],2019-03-02 14:37:32,0.0,0,0,6827697,2019-03-02 14:37:32,,1.1341504,0.0,0,,539283.174707144,0.0,0.0,169
1,[],22,[],2019-03-02 14:37:35,203600.0,0.00000002,0.000000000000764508,6827698,2019-03-02 14:37:35,BTC,13.2501524,0.0,0.00000002,BTC,144336.2939341018,0.0,0.002072,171
1,[],22,[],2019-03-02 14:37:39,1265800.1666666667,0.00000005,0.00000000000191127,6827699,2019-03-02 14:37:39,BTC,2.1976194,0.0,0.00000005,BTC,242703.64055692567,0.0,0.04139112,173
1,[],5,[],2019-03-02 14:37:40,0.0,0,0,6827700,2019-03-02 14:37:40,btc,0.0,0.03861169,0,btc,0.0,0.0,0.0,175
1,[],22,[],2019-03-02 14:37:44,45904.0,0.0000003,0.00000000001146762,6827701,2019-03-02 14:37:44,BTC,0.52955903,0.0,0.0000003,BTC,143368.41384013777,0.0,0.0052148,176
1,[],7,[],2019-03-02 13:37:26,0.0,0,0,6827421,2019-03-02 13:37:26,btc,410932.5273358376,0.0,0,btc,117801559.31901672,0.0,0.0,178
0,[],22,[],2019-03-02 14:37:47,0.0,0,0,6827702,2019-03-02 14:37:47,,1.00242428,0.0,0,,57512.0,0.0,0.0,178
0,[],2,[],2019-01-20 23:28:34,0.0,0,0,6477001,2019-01-20 23:28:34,,0.0,0.0,0,,0.0,0.0,0.0,178
0,[],23,[],2019-01-20 23:25:08,0.0,0,0,6476952,2019-01-20 23:25:08,,0.0,0.0,0,,0.0,0.0,0.0,179
1,[],5,[],2019-03-02 14:37:48,0.0,0,0,6827703,2019-03-02 14:37:48,btc,0.0,0.04405563,0,btc,0.0,0.0,0.0,179
1,[],22,[],2019-03-02 14:38:01,6949180.5,0.00000002,0.000000000000764508,6827704,2019-03-02 14:38:01,BTC,5.66691177,0.0,0.00000002,"BTC,LTC",18277092.089868754,0.0,0.37392433,179
1,[],17,[],2019-03-02 12:35:03,10504.725,0.0000001,0.00000000000381788,6827119,2019-03-02 12:35:03,btc,5.2010695838170005,0.0,0.0000001,btc,4994.45945,0.0,0.0010504725,180
1,[],22,[],2019-03-02 14:38:14,128712.8,0.00000005,0.00000000000191127,6827705,2019-03-02 14:38:14,BTC,0.20586198,0.0,0.00000005,"BTC,LTC",66463.44029170966,0.00335904,0.00131081,180
1,[],26,[],2019-03-02 14:38:14,0.0,0.00000160,0.00000000006116064,6827706,2019-03-02 14:38:14,btc,0.0,0.0,0.00000160,btc,0.0,0.0,0.0,180
,[],7,[],2018-11-20 22:58:01,562227.975654,0.00000085,0.000000000036176765,4862015,2018-11-20 22:58:01,btc,21836.6059674,2491.87645172,,btc,749999.041456,0.00211021,0.127565380455,183
,[],5,[],2019-01-10 08:11:41,0.0,0,0,6347036,2019-01-10 08:11:41,btc,82.15055501,0.00261,,btc,1.19002445,0.0,0.0,187
,[],17,[],2018-11-16 20:58:10,4062536.27273,0.00000001,0.000000000000550501,4708775,2018-11-16 20:58:10,btc,3.36492563466,0.195460381006,,"btc,eth",110697919.549,0.0,0.0157628953496,187
1,[],24,[],2019-03-02 14:38:15,0.0,0.000000000001,3.82254e-17,6827707,2019-03-02 14:38:15,btc,0.0,0.0,0.000000000001,btc,0.0,0.0,0.0,187
0,[],22,[],2019-03-02 14:38:18,0.0,0,0,6827708,2019-03-02 14:38:18,,7.42841024,0.0,0,,79361.7243078683,0.0,0.0,191
0,[],22,[],2019-03-01 00:51:27,0.0,0,0,6814858,2019-03-01 00:51:27,,0.0,0.0,0,,0.0,0.0,0.0,197
0,[],23,[],2019-01-20 23:31:41,0.0,0,0,6477079,2019-01-20 23:31:41,,0.0,0.0,0,,0.0,0.0,0.0,199
0,[],22,[],2019-03-02 14:38:22,0.0,0,0,6827709,2019-03-02 14:38:22,,5.19477622,0.0,0,,21058553.0,0.0,0.0,199
1,[],26,[],2019-03-02 14:38:22,0.0,0.00000000,0,6827710,2019-03-02 14:38:22,btc,0.0,0.0,0.00000000,btc,0.0,0.0,0.0,199
0,[],17,[],2019-01-30 16:32:01,0.0,0,0,6540827,2019-01-30 16:32:01,btc,6.802544163788159,0.0,0,btc,105897.55575295,0.0,0.0,200
0,[],2,[],2019-01-20 23:30:49,0.0,0,0,6477059,2019-01-20 23:30:49,,0.0,0.0,0,,0.0,0.0,0.0,201
1,[],4,[],2019-01-25 15:51:35,2084389.58565343,0.00000936,0.000000000333526752,6499557,2019-01-25 15:51:35,btc,2.0092503037378524,0.0,0.00000936,btc,160195.80207885,0.19272417,1.242687955921835,211
1,[],7,[],2019-03-02 13:38:07,3051855.95649304,0.0000013299999999999999715787242504649867669286322779953479766845703125,0.000000000050886997,6827431,2019-03-02 13:38:07,btc,15476836.482488252,291770.65808,0.0000013299999999999999715787242504649867669286322779953479766845703125,btc,13276846.78495237,0.0,2.702721613724729,212
1,[],12,[],2019-01-25 02:44:32,207462.42853209,0.000001080000000000000035831255497387193287295303889550268650054931640625,0.000000000038610756000000006,6493050,2019-01-25 02:44:32,btc,85023.03793723314,0.0,0.000001080000000000000035831255497387193287295303889550268650054931640625,btc,43675.73520027,0.000146250909087,0.0348620860622024,213
1,[],5,[],2019-03-02 14:38:26,0.0,0,0,6827711,2019-03-02 14:38:26,btc,0.0,0.05009215,0,btc,0.0,0.0,0.0,213
1,[],24,[],2019-03-02 14:38:26,0.0,0.000000120000,0.000000000004587048,6827712,2019-03-02 14:38:26,btc,0.0,0.0,0.000000120000,btc,0.0,0.0,0.0,213
1,[],26,[],2019-03-02 14:38:27,0.0,0.00000010,0.00000000000382254,6827713,2019-03-02 14:38:27,btc,0.0,0.0,0.00000010,btc,0.0,0.0,0.0,213
1,[],22,[],2019-03-02 14:38:30,39644.0,0.00000003,0.000000000001146762,6827714,2019-03-02 14:38:30,BTC,2.2376193,0.0,0.00000003,BTC,681875.3963726171,0.0010292,0.00060762,216
1,[],27,[],2019-03-02 14:38:33,1298602.0,0.00000003,0.000000000001146762,6827715,2019-03-02 14:38:33,btc,316.25858560644,0.0,0.00000003,"btc,ltc",237761.907,0.0,0.03377204000023026,216
1,[],22,[],2019-03-02 14:38:37,201829.1129522508,0.00000211,0.000000000080655594,6827716,2019-03-02 14:38:37,BTC,12673.43296115,0.0,0.00000211,BTC,382758.94895034935,0.06073511,0.2534255,217
1,[],7,[],2019-03-02 13:38:28,0.0,0,0,6827438,2019-03-02 13:38:28,btc,77969.77488735563,0.0,0,btc,137043486.5550253,0.0,0.0,219
0,[],27,[],2019-03-02 14:38:40,0.0,0,0,6827717,2019-03-02 14:38:40,,0.0205923249480942,0.0,0,btc,1427344.49480942,0.0,0.0,219
0.0000000000000052,[],28,[],2019-03-02 14:38:46,167530653.514,2.34e-18,8.9447436e-23,6827718,2019-03-02 14:38:46,doge,84026.79663427318,178070.0,0.00045000,"btc,doge",4864615.53751,0.0,9.09334222840524e-12,219
1,[],22,[],2019-03-02 14:38:50,304764.6666666667,0.00000004,0.000000000001529016,6827719,2019-03-02 14:38:50,BTC,2.92307866,0.0,0.00000004,BTC,299379.27041875874,0.000627,0.00833964,221
1,[],24,[],2019-03-02 14:38:50,0.0,0.000000200000,0.00000000000764508,6827720,2019-03-02 14:38:50,btc,0.0,0.0,0.000000200000,btc,0.0,0.0,0.0,221
1,[],20,[],2019-03-02 14:38:52,40078020.4677,0.000000001,0.0000000000000382254,6827721,2019-03-02 14:38:52,btc,48.2360849119833,910597.4204,0.000000001,btc,12971261.1694,0.0009105974204,0.0400780204677,224
0,[],22,[],2019-03-02 14:38:55,0.0,0,0,6827722,2019-03-02 14:38:55,,0.0,0.0,0,,0.0,0.0,0.0,224
1,[],26,[],2019-03-02 14:38:55,0.0,0.00000035,0.00000000001337889,6827723,2019-03-02 14:38:55,btc,0.0,0.0,0.00000035,btc,0.0,0.0,0.0,231
1,[],26,[],2019-03-02 14:38:55,0.0,0.00000006,0.000000000002293524,6827724,2019-03-02 14:38:55,btc,0.0,0.0,0.00000006,btc,0.0,0.0,0.0,234
0.0000000003478801,[],27,[],2019-03-02 14:38:59,2000.0,3.478801e-18,1.329785597454e-22,6827725,2019-03-02 14:38:59,eth,0.01134836604,0.0,0.00000001,"btc,eth",11462.996,0.0,6.9576020000000005e-15,234
1,[],4,[],2019-03-02 14:39:01,901656.27200501,0.00000078,0.000000000029815812,6827726,2019-03-02 14:39:01,btc,4.468790110736795,0.0,0.00000078,btc,1182365.57314607,0.02115257,0.2757490049491005,236
1,[],24,[],2019-03-02 14:39:01,0.0,0.000000300000,0.00000000001146762,6827727,2019-03-02 14:39:01,btc,0.0,0.0,0.000000300000,btc,0.0,0.0,0.0,236
1,[],20,[],2019-03-02 14:39:03,73376549.8309,0.000000066,0.0000000000025228764,6827728,2019-03-02 14:39:03,btc,9.9850907568919,29789649.5232,0.000000066,btc,39411254.7997,1.9680387816363,0.5183035736678,237
0.0000000001279231,[],22,[],2019-03-02 14:39:07,14400.0,1.2792309999999999e-17,4.88991166674e-22,6827729,2019-03-02 14:39:07,LTC,0.0413973,0.0,0.0000001,LTC,7239.0,0.0,0.00144,237
1,[],4,[],2019-03-02 14:39:08,7316986.61197954,0.00000033,0.000000000012614382,6827730,2019-03-02 14:39:08,btc,6.423682122546325,0.0,0.00000033,btc,9888544.74389893,0.37029406,1.6974269510995337,238
1,[],5,[],2019-03-02 14:39:12,0.0,0,0,6827731,2019-03-02 14:39:12,btc,0.0,0.03780818,0,btc,0.0,0.0,0.0,238
0,[],22,[],2019-03-02 14:39:15,0.0,0,0,6827732,2019-03-02 14:39:15,,0.41339518,0.0,0,,316626.5639027493,0.0,0.0,249
0.0000000001279231,[],22,[],2019-03-02 14:39:19,86252235.66666667,5.116924e-18,1.955964666696e-22,6827733,2019-03-02 14:39:19,LTC,3.78838233,0.0,0.00000004,LTC,24674399.323333334,9.51896254796e-12,1.86496833,252
0,[],28,[],2019-03-02 14:41:23,0.0,0,0,6827734,2019-03-02 14:41:23,,0.0,80775.6,0,,0.0,0.0,0.0,256
1,[],22,[],2019-03-02 14:41:27,1073354.0,0.00000002,0.000000000000764508,6827735,2019-03-02 14:41:27,BTC,31.47160001,0.0,0.00000002,BTC,670687.0957866946,0.0,0.01093354,258
1,[],22,[],2019-03-02 14:41:31,48751.0,0.00000001,0.000000000000382254,6827736,2019-03-02 14:41:31,BTC,2.4175745,0.0,0.00000001,BTC,1762.0,0.0,0.00048751,259
1,[],5,[],2019-03-02 14:41:34,0.0,0,0,6827737,2019-03-02 14:41:34,btc,0.0,0.06659494,0,btc,0.0,0.0,0.0,264
1,[],20,[],2019-03-02 14:41:37,1211669.5723,0.000001002,0.0000000000383018508,6827738,2019-03-02 14:41:37,btc,7.4504618639192,16684.9919,0.000001002,btc,103063.6509,0.0436083895288,0.0135547889965,264
0,[],22,[],2019-03-02 14:41:40,0.0,0,0,6827739,2019-03-02 14:41:40,,8.33280293,0.0,0,,421298.34411321935,0.0,0.0,271
0,[],22,[],2019-03-02 14:41:43,0.0,0,0,6827740,2019-03-02 14:41:43,,271.27267057,0.0,0,,14421806420.692,0.0,0.0,272
0.0000000000000052,[],28,[],2019-03-02 14:41:49,235448783918.905,5.72e-21,2.18649288e-25,6827741,2019-03-02 14:41:49,doge,35480607.57186696,15736770753.385,0.00000110,doge,181419259541.1318,0.0,6.964744818929698e-10,272
1,[],22,[],2019-03-02 14:41:54,114881.74,0.00000400,0.0000000001529016,6827742,2019-03-02 14:41:54,BTC,74.20234185,0.0,0.00000400,"BTC,LTC",8368.517743939856,0.0,0.04539191,281
1,[],22,[],2019-03-02 14:41:58,1208060.3333333333,0.00000003,0.000000000001146762,6827743,2019-03-02 14:41:58,BTC,1.33188124,0.0,0.00000003,BTC,125474.99887885062,0.00047538,0.03597757,286
0,[],22,[],2019-03-02 14:42:12,0.0,0,0,6827744,2019-03-02 14:42:12,,43635.53418966,0.0,0,,367483809.0,0.0,0.0,294
