pairValue,buyBook,exchangeId,sellBook,updated,buyTotal,satoshiPrice,usdPrice,exchangeLogId,created,bestPair,sellTotalBtc,volume,pairPrice,activePairs,sellTotal,volumeBtc,buyTotalBtc,coinId
1,[],3,[],2019-02-26 06:04:29,30538.283995901682,0.01248984000000000031682656498333017225377261638641357421875,0.000000475297114248,6789549,2019-02-26 06:04:29,btc,61.11372171493664,1.52541095774,0.01248984000000000031682656498333017225377261638641357421875,btc,25.487769912576002,0.0,0.2838418657835209,1
1,[],4,[],2019-02-26 06:04:29,302955.21314791,0.01241069,0.000000472285084743,6789550,2019-02-26 06:04:29,btc,9.1059296352959,0.0,0.01241069,btc,254.96022072,1.28732001,1.161515923264917,1
1,[],5,[],2019-02-26 06:04:32,0.0,0,0,6789551,2019-02-26 06:04:32,btc,0.0,0.26480675,0,btc,0.0,0.0,0.0,1
1,[],10,[],2019-02-26 06:04:34,414572.72703235,0.01149636,0.000000437490530892,6789552,2019-02-26 06:04:34,btc,6522.362150130849,1898.19886005,0.01149636,btc,1016.98484413,0.0,5.114421886863767,1
1,[],12,[],2019-02-26 06:04:37,10437.76303526,0.0126999999999999994837462935493022087030112743377685546875,0.00000048329469,6789553,2019-02-26 06:04:37,btc,0.361400940123,0.0,0.0126999999999999994837462935493022087030112743377685546875,btc,19.62179966,0.0032950953609,0.3714594795207,1
1,[],20,[],2019-02-26 06:04:38,1150.0106,0.01051,0.000000399954897,6789554,2019-02-26 06:04:38,btc,0.0669801503976,0.5296,0.01051,btc,3.0708,0.0058241091662,0.0871723776215,1
1,[],21,[],2019-02-26 06:04:39,2626.30238877,0.01252932999999999998108624055,0.000000476799894351,6789555,2019-02-26 06:04:39,btc,22.573105494054122,2018.22463835,0.01252932999999999998108624055248583317734301090240478515625,"btc,eth",2427.23564735,23.570284029082615,26.609989135427277,1
1,[],22,[],2019-02-26 06:04:44,0.0163776,0.01300000,0.0000004947111,6789556,2019-02-26 06:04:44,BTC,0.31423927,0.0,0.01300000,BTC,0.11751954901960784,0.0,0.00020972,1
1,[],24,[],2019-02-26 06:04:44,0.0,0.000000000000,0,6789557,2019-02-26 06:04:44,btc,0.0,0.0,0.000000000000,btc,0.0,0.0,0.0,1
0.0,[],25,[],2019-02-26 06:04:45,0.0,0,0,6789558,2019-02-26 06:04:45,btc,12.730299998255425,3158.60031797,0.0,btc,982.54793576,40.3535,0.0,1
1,[],26,[],2019-02-26 06:04:46,0.0,0,0,6789559,2019-02-26 06:04:46,,0.0,0.0,0,,0.0,0.0,0.0,1
1,[],28,[],2019-02-26 06:04:52,993.142,0.01323000,0.000000503463681,6789560,2019-02-26 06:04:52,btc,0.162839806,18257.4,0.01323000,btc,8.9,0.0,0.089302756,1
0,[],2,[],2019-01-20 23:28:45,0.0,0,0,6477011,2019-01-20 23:28:45,,0.0,0.0,0,,0.0,0.0,0.0,1
1,[],5,[],2019-02-26 06:04:53,0.0,0,0,6789561,2019-02-26 06:04:53,btc,0.0,0.00410251,0,btc,0.0,0.0,0.0,2
0.00000000012498600000000002,[],22,[],2019-02-26 06:04:57,1148.0,1.374846e-16,5.23193520762e-21,6789562,2019-02-26 06:04:57,XMR,21.01373823,0.0,0.00000110,XMR,14319.12581,0.0,0.00087635,2
1,[],5,[],2019-02-26 06:04:58,0.0,0,0,6789563,2019-02-26 06:04:58,btc,0.0,0.016322,0,btc,0.0,0.0,0.0,3
1,[],12,[],2019-02-26 06:05:00,13303399.3345,0.000000173,0.0000000000065834631,6789564,2019-02-26 06:05:00,btc,924396.5219951274,0.0,0.000000173,btc,8100546.39529734,0.0966151971318582,0.6702650029795,3
0,[],28,[],2019-02-26 06:05:06,0.0,0,0,6789565,2019-02-26 06:05:06,,0.0,0.0,0,,0.0,0.0,0.0,3
0,[],2,[],2019-01-20 23:31:32,0.0,0,0,6477077,2019-01-20 23:31:32,,0.0,0.0,0,,0.0,0.0,0.0,4
1,[],4,[],2019-02-26 06:05:06,413218.65443734,0.00000032,0.000000000012177503999999999,6789566,2019-02-26 06:05:06,btc,31.60737449879894,0.0,0.00000032,btc,712328.52860333,0.00116851,0.0588997308328429,4
1,[],12,[],2019-02-22 14:50:14,1367032.5219999999,0.00000003,0.000000000001190475,6759350,2019-02-22 14:50:14,btc,11013869.583570713,0.0,0.00000003,btc,1211697.32371984,0.00024567976024,0.02065290044,5
0,[],2,[],2019-01-20 23:31:51,0.0,0,0,6477087,2019-01-20 23:31:51,,0.0,0.0,0,,0.0,0.0,0.0,6
1,[],11,[],2019-02-26 06:05:08,3272596.5,0.00000001,0.000000000000380547,6789567,2019-02-26 06:05:08,btc,9432.733902352815,50000.0,0.00000001,btc,41797017.57452957,0.0,0.032725965,6
1,[],3,[],2019-02-26 06:05:09,1091.857220066689,0.00015102999999999999563259078794175138682476244866847991943359375,0.000000005747401340999999,6789568,2019-02-26 06:05:09,btc,27.605796873748474,0.0,0.00015102999999999999563259078794175138682476244866847991943359375,btc,249.144760639695,0.0,0.03419745781762677,7
1,[],4,[],2019-02-26 06:05:09,97029.56630149,0.00023710,0.000000009022769369999999,6789569,2019-02-26 06:05:09,btc,12.871712024730423,0.0,0.00023710,btc,41614.19575053,2.16952544,5.4989785360731815,7
1,[],5,[],2019-02-26 06:05:10,0.0,0,0,6789570,2019-02-26 06:05:10,btc,0.0,0.83897369,0,btc,0.0,0.0,0.0,7
1,[],20,[],2019-02-20 02:16:17,39399275.8418,0.000000001,0.0000000000000390183,6728586,2019-02-20 02:16:17,btc,116.9737569154545,525.0,0.000000001,btc,56932965.8895,5.25e-07,0.0393992758418,8
0,[],2,[],2019-01-20 23:22:42,0.0,0,0,6476876,2019-01-20 23:22:42,,0.0,0.0,0,,0.0,0.0,0.0,9
0,[],23,[],2019-01-20 23:22:48,0.0,0,0,6476878,2019-01-20 23:22:48,,0.0,0.0,0,,0.0,0.0,0.0,9
1,[],1,[],2019-02-17 23:31:42,1822507.21,0.00000181000000000000003456111265232042484285557293333113193511962890625,0.000000000066086901,6701244,2019-02-17 23:31:42,btc,3.6990969245,17153386.5,0.00000181000000000000003456111265232042484285557293333113193511962890625,btc,1997391.71,31.11772986,3.2610482446,9
1,[],4,[],2019-02-26 06:05:13,2039809.46844332,0.00000191,0.000000000072684477,6789571,2019-02-26 06:05:13,btc,4.879139026936132,0.0,0.00000191,btc,1770294.35608632,4.51820704,0.9135501022854196,9
1,[],28,[],2019-02-26 06:05:19,50838.0,0.00000186,0.000000000070781742,6789572,2019-02-26 06:05:19,btc,2708.76239652,3661086.87,0.00000186,btc,12076.33,0.0,0.05688413,9
1,[],4,[],2019-02-17 11:22:43,4341674.27126056,0.00000002,0.0000000000007272960000000001,6696112,2019-02-17 11:22:43,btc,0.1997230937751353,0.0,0.00000002,btc,4109766.79808031,0.00215132,0.0479381022052112,10
0,[],2,[],2019-01-20 23:23:08,0.0,0,0,6476890,2019-01-20 23:23:08,,0.0,0.0,0,,0.0,0.0,0.0,12
1,[],4,[],2019-02-26 06:05:21,3199158.27557866,0.00000125,0.000000000047568374999999996,6789573,2019-02-26 06:05:21,btc,11.831385498381842,0.0,0.00000125,btc,6176309.05959679,1.87073255,1.5076894773480596,12
1,[],5,[],2019-02-26 06:05:22,0.0,0,0,6789574,2019-02-26 06:05:22,btc,0.0,0.27985371,0,btc,0.0,0.0,0.0,12
0.0,[],25,[],2019-02-26 06:05:23,0.0,0,0,6789575,2019-02-26 06:05:23,,0.0,0.0,0.0,btc,0.0,0.0,0.0,12
1,[],10,[],2019-02-26 05:04:57,473968.33911729,0.00000541,0.00000000020700283,6789191,2019-02-26 05:04:57,btc,666802.6280722145,10868.2348124,0.00000541,btc,748463.44919237,0.0,0.285460459146288,13
1,[],4,[],2019-02-26 06:05:24,1169749.42168032,0.00000543,0.000000000206637021,6789576,2019-02-26 06:05:24,btc,3.1578961550496745,0.0,0.00000543,btc,444618.49375775,0.72971871,0.4044664142457639,13
1,[],21,[],2019-02-26 06:05:27,494683.59381232,0.000005300000000000000077802347898,0.00000000020168991,6789577,2019-02-26 06:05:27,btc,5.44910783097498,453224.26806794,0.0000053000000000000000778023478975597981843748129904270172119140625,btc,873606.41567291,2.48058316,2.444831498716246,13
0,[],17,[],2019-02-26 05:55:37,0.0,0,0,6789381,2019-02-26 05:55:37,btc,0.0,0.0,0,btc,0.0,0.0,0.0,14
1,[],4,[],2019-02-26 06:05:27,631335.88465431,0.00000113,0.000000000043001811,6789578,2019-02-26 06:05:27,btc,5.953718169422281,0.0,0.00000113,btc,858702.30651849,0.03635107,0.0851321861324072,14
1,[],12,[],2019-02-26 06:05:28,217265.91304348,0.000001120000000000000076372827333137660588135986472479999065399169921875,0.000000000042621264,6789579,2019-02-26 06:05:28,btc,5.29441261623878,0.0,0.000001120000000000000076372827333137660588135986472479999065399169921875,btc,33917.19873547,4.52e-06,0.0232142600000004,14
1,[],26,[],2019-02-26 06:05:39,0.0,0.00000050,0.00000000001902735,6789580,2019-02-26 06:05:39,btc,0.0,0.0,0.00000050,btc,0.0,0.0,0.0,14
,[],12,[],2018-12-01 15:15:48,204241.84496,0.00000489,0.000000000202473384,5260204,2018-12-01 15:15:48,btc,49.5475654835,0.0,,btc,35763.2193806,0.0163153972027625,0.0203389899998,15
0,[],4,[],2019-02-26 06:05:40,0.0,0,0,6789581,2019-02-26 06:05:40,,0.0,0.0,0,,0.0,0.0,0.0,15
0,[],2,[],2019-01-20 23:23:38,0.0,0,0,6476906,2019-01-20 23:23:38,,0.0,0.0,0,,0.0,0.0,0.0,18
0,[],17,[],2019-02-26 04:57:17,0.0,0,0,6789002,2019-02-26 04:57:17,btc,0.0,0.0,0,btc,0.0,0.0,0.0,18
1,[],4,[],2019-02-26 06:05:41,25742.07857025,0.00001779,0.000000000676993113,6789582,2019-02-26 06:05:41,btc,1.2329391161373646,0.0,0.00001779,btc,9542.76750158,0.02856347,0.0792360310873408,18
1,[],10,[],2019-02-26 06:05:43,783736.18105583,0.00001728,0.000000000657585216,6789583,2019-02-26 06:05:43,btc,16.681194062250082,3551.78812051,0.00001728,btc,17437.34875715,0.0,0.143561080597453,18
1,[],12,[],2019-02-26 06:05:44,193895.67465569,0.0000187000000000000005302182304323110884070047177374362945556640625,0.00000000071162289,6789584,2019-02-26 06:05:44,btc,23.668507675180415,0.0,0.0000187000000000000005302182304323110884070047177374362945556640625,btc,1890.23919731,0.002037989362578,0.0368466496056235,18
0,[],2,[],2019-01-20 23:24:19,0.0,0,0,6476924,2019-01-20 23:24:19,,0.0,0.0,0,,0.0,0.0,0.0,19
1,[],3,[],2019-02-26 06:05:56,118347.7735113318,0.0000200099999999999998462514583241755872222711332142353057861328125,0.0000000007614745469999999,6789585,2019-02-26 06:05:56,btc,0.5526635399813092,2537.05725999,0.0000200099999999999998462514583241755872222711332142353057861328125,btc,9052.306301703742,0.0,0.030953814098793588,19
1,[],4,[],2019-02-26 06:05:57,396198.60851073,0.00001988,0.000000000756527436,6789586,2019-02-26 06:05:57,btc,2.1022321536033624,0.0,0.00001988,btc,71278.34262039,0.70675505,2.513903371020479,19
1,[],5,[],2019-02-26 06:05:57,0.0,0,0,6789587,2019-02-26 06:05:57,btc,0.0,0.00121924,0,btc,0.0,0.0,0.0,19
1,[],12,[],2019-02-26 06:05:58,135117.63399428,0.00001828999999999999937351329026835600188860553316771984100341796875,0.000000000696020463,6789588,2019-02-26 06:05:58,btc,1.3579281833254837,0.0,0.00001828999999999999937351329026835600188860553316771984100341796875,btc,382.27457877,0.00010926,0.1054693599999752,19
0,[],27,[],2019-02-26 06:06:00,0.0,0,0,6789589,2019-02-26 06:06:00,,0.0,0.0,0,btc,0.0,0.0,0.0,19
1,[],4,[],2019-02-26 06:06:01,8069160.95424551,0.00000013,0.000000000004947111,6789590,2019-02-26 06:06:01,btc,7.376194659582633,0.0,0.00000013,btc,2844149.4360639,0.00013,0.2582725451781454,20
1,[],4,[],2019-02-26 06:06:02,104171605.55737025,0.00000002,0.0000000000007610939999999999,6789591,2019-02-26 06:06:02,btc,1811.60026432983,0.0,0.00000002,btc,54972143.23372669,0.0049389,1.1711725550280452,21
1,[],12,[],2019-02-26 06:06:03,18647376.0,0.00000002,0.000000000000761094,6789592,2019-02-26 06:06:03,btc,670.3899289734848,0.0,0.00000002,btc,8544410.32857329,0.0,0.24518776,21
0,[],17,[],2019-02-26 06:06:05,0.0,0,0,6789593,2019-02-26 06:06:05,btc,0.0,0.0,0,btc,0.0,0.0,0.0,21
1,[],12,[],2019-02-26 06:06:06,3289919273.6808996,0.0000000002,0.00000000000000761094,6789594,2019-02-26 06:06:06,btc,875865842888.7549,0.0,0.0000000002,btc,4963718060.325113,0.014392816342458401,0.3642673169829904,23
0.0000000003593191,[],27,[],2019-02-26 06:06:08,2000.0,3.593191e-18,1.367378055477e-22,6789595,2019-02-26 06:06:08,eth,1.3429826565934113,0.0,0.00000001,eth,1964879.85514486,0.0,7.186382e-15,23
1,[],4,[],2019-02-26 06:06:09,445377.67622842,0.00000055,0.000000000020930085,6789596,2019-02-26 06:06:09,btc,8.27931120380299,0.0,0.00000055,btc,1478500.80392533,0.00487649,0.1428919516002276,24
1,[],22,[],2019-02-26 06:06:12,11.76,0.00000100,0.0000000000380547,6789597,2019-02-26 06:06:12,BTC,7.415e-05,0.0,0.00000100,BTC,23.919354838709676,0.0,1.176e-05,24
0.0,[],25,[],2019-02-26 06:06:13,0.0,0,0,6789598,2019-02-26 06:06:13,,0.0,0.0,0.0,btc,0.0,0.0,0.0,24
1,[],4,[],2019-02-26 05:56:23,28277879.69214142,0.00000734,0.000000000278579424,6789399,2019-02-26 05:56:23,btc,167.65142683118566,0.0,0.00000734,btc,264127.76518407,0.21546052,0.4538777646999261,26
1,[],10,[],2019-02-26 05:56:25,699095.6533928,0.00000643,0.00000000024404164800000004,6789400,2019-02-26 05:56:25,btc,26.125559047197186,5572.23571691,0.00000643,btc,14071.92039774,0.0,0.2650209706952872,26
0,[],2,[],2019-01-20 23:25:56,0.0,0,0,6476976,2019-01-20 23:25:56,,0.0,0.0,0,,0.0,0.0,0.0,26
1,[],3,[],2019-02-26 06:06:14,6199931.70213569,0.00000001,0.000000000000380547,6789599,2019-02-26 06:06:14,btc,2.3053235531920753,7274.78866605,0.00000001,btc,17467681.42397522,0.0,0.061999317021356894,27
1,[],5,[],2019-02-26 06:06:15,0.0,0,0,6789600,2019-02-26 06:06:15,btc,0.0,0.00471004,0,btc,0.0,0.0,0.0,27
1,[],11,[],2019-02-26 06:06:17,9491944.20350207,0.00000005,0.000000000001902735,6789601,2019-02-26 06:06:17,btc,67506.40605986067,169525.403564,0.00000005,btc,8002256.57282965,0.0,0.44249750446473557,27
1,[],4,[],2019-02-26 06:06:18,1450446271.2766461,0.00000002,0.0000000000007610939999999999,6789602,2019-02-26 06:06:18,btc,2.709354357016058,0.0,0.00000002,"btc,ltc",338908223.3463229,0.5361487,10.943963899540114,29
1,[],7,[],2019-02-26 06:06:19,47476687.7215207,0.00000002,0.000000000000761094,6789603,2019-02-26 06:06:19,btc,44463896.84352654,4500366.63337,0.00000002,btc,60207467.59175314,0.090011,0.6189312873043272,29
0,[],17,[],2019-02-26 05:56:35,0.0,0,0,6789407,2019-02-26 05:56:35,btc,0.0,0.0,0,btc,0.0,0.0,0.0,30
1,[],4,[],2019-02-26 06:06:19,1446806.95275424,0.00000029,0.000000000011035863,6789604,2019-02-26 06:06:19,btc,2.3339855018779336,0.0,0.00000029,btc,1569368.32688507,0.00182503,0.098900238098433,30
1,[],4,[],2019-02-26 06:06:31,1110279.10702615,0.00004928,0.000000001875335616,6789605,2019-02-26 06:06:31,btc,4.876587051265175,0.0,0.00004928,btc,63531.84729845,1.16241431,0.7581248553153123,31
1,[],21,[],2019-02-26 06:06:31,49697.53227379,0.00005082999999999999953155527255,0.000000001934320401,6789606,2019-02-26 06:06:31,btc,1.769940270736503,174380.45780307,0.00005082999999999999953155527254722301222500391304492950439453125,btc,32818.37623418,9.25322219,1.9175885762577274,31
0,[],2,[],2019-01-20 23:28:43,0.0,0,0,6477009,2019-01-20 23:28:43,,0.0,0.0,0,,0.0,0.0,0.0,32
1,[],4,[],2019-02-26 06:06:32,400356219.44903165,0.00000004,0.0000000000015221879999999999,6789607,2019-02-26 06:06:32,btc,9.855513950711453,0.0,0.00000004,"btc,ltc",175371602.7920659,0.37784623,9.419491890782306,33
1,[],12,[],2019-02-26 06:06:33,17656061.0,0.00000004,0.000000000001522188,6789608,2019-02-26 06:06:33,btc,35620540.95665313,0.0,0.00000004,btc,90020914.63642225,0.0651960719351151,0.58226417,33
1,[],4,[],2019-02-26 06:06:34,126056407.08362757,0.00000001,0.00000000000038054699999999996,6789609,2019-02-26 06:06:34,btc,4.1845443182326125,0.0,0.00000001,btc,101511653.24840602,0.00566414,1.2605640708362755,34
1,[],5,[],2019-02-26 06:06:36,0.0,0,0,6789610,2019-02-26 06:06:36,btc,0.0,0.16747278,0,btc,0.0,0.0,0.0,34
0,[],17,[],2019-02-26 05:06:06,0.0,0,0,6789230,2019-02-26 05:06:06,btc,0.0746458232965017,0.0,0,btc,4103573.70243647,0.0,0.0,36
0.0000000001182225,[],4,[],2019-02-26 06:06:36,2282785429.7019167,3.546675e-18,1.349676531225e-22,6789611,2019-02-26 06:06:36,ltc,2.4885913248173762e-08,0.0,0.00000003,ltc,2881147149.355296,0.0,4.514699997881889e-09,36
1,[],5,[],2019-02-26 06:06:37,0.0,0,0,6789612,2019-02-26 06:06:37,btc,0.0,0.0,0,btc,0.0,0.0,0.0,36
0.0000000003593191,[],27,[],2019-02-26 06:06:46,1000000.0,3.593191e-18,1.367378055477e-22,6789613,2019-02-26 06:06:46,eth,219.63911620126342,0.0,0.00000001,"ltc,eth",8157587.78751039,0.0,1.1870469319999999e-12,36
1,[],27,[],2019-02-26 05:56:51,14685.567,0.00000045,0.00000000001707912,6789419,2019-02-26 05:56:51,btc,25.82477206349233,0.0,0.00000045,btc,6823.34738508,0.0,0.00480032515,37
1,[],17,[],2019-02-26 03:03:18,1752.74075282,0.00000025,0.0000000000095832,6788474,2019-02-26 03:03:18,btc,0.055484923777095005,0.0,0.00000025,btc,1319.19918473,0.0,0.00043818518820499993,37
1,[],4,[],2019-02-26 06:06:46,425121.98464618,0.00000060,0.00000000002283282,6789614,2019-02-26 06:06:46,btc,19772.49485967948,0.0,0.00000060,btc,570458.52166954,0.04044521,0.2164822052084319,37
1,[],12,[],2019-02-26 06:06:47,547930.23641899,0.00000062,0.000000000023593914,6789615,2019-02-26 06:06:47,btc,1344.7109324070675,0.0,0.00000062,btc,912427.34798701,0.2233562212441774,0.1678422072297593,37
1,[],5,[],2019-02-26 05:56:52,0.0,0,0,6789420,2019-02-26 05:56:52,btc,0.0,0.00015188,0,btc,0.0,0.0,0.0,42
1,[],12,[],2019-02-26 05:56:53,242124.17970011,0.00000091,0.000000000034537776,6789421,2019-02-26 05:56:53,btc,94.71391462519978,0.0,0.00000091,btc,126052.04672005,0.0125951224980109,0.0480030100000135,42
0.0000000003587785,[],27,[],2019-02-26 05:56:55,2000.0,3.587785000000001e-18,1.3616935677600002e-22,6789422,2019-02-26 05:56:55,eth,0.00315028,0.0,0.00000001,"btc,eth",11.007,0.0,7.17557e-15,42
1,[],5,[],2019-02-26 05:56:57,0.0,0,0,6789423,2019-02-26 05:56:57,btc,0.0,0.0,0,btc,0.0,0.0,0.0,43
1,[],12,[],2019-02-26 05:56:58,1798368.0,0.00000001,0.00000000000037953600000000003,6789424,2019-02-26 05:56:58,btc,3569.5040086325275,0.0,0.00000001,btc,12096736.97242756,0.0,0.017983680000000002,43
0,[],17,[],2019-02-26 05:57:10,0.0,0,0,6789425,2019-02-26 05:57:10,btc,0.0,0.0,0,btc,0.0,0.0,0.0,43
1,[],12,[],2019-02-26 05:57:11,666463.0,0.00000004,0.0000000000015181440000000001,6789426,2019-02-26 05:57:11,btc,11115177.731148178,0.0,0.00000004,btc,1112314.40161834,0.00088663,0.01664243,44
1,[],4,[],2019-02-26 05:57:12,303062058.5548907,0.00000002,0.0000000000007590720000000001,6789427,2019-02-26 05:57:12,btc,473.57832136375856,0.0,0.00000002,"btc,ltc",11961191.90365541,0.0233604,0.19670553663670332,49
0.0000000001177709,[],4,[],2019-02-26 05:57:12,196123340.6938563,1.1777090000000001e-18,4.4698296302400006e-23,6789428,2019-02-26 05:57:12,ltc,25.475336666872685,0.0,0.00000001,ltc,10172251660.692696,0.0,2.309762234452208e-10,52
0.0000000001250664,[],22,[],2019-02-26 05:57:16,80845862.0,1.2506639999999999e-18,4.74672011904e-23,6789429,2019-02-26 05:57:16,XMR,4366.96886713,0.0,0.00000001,XMR,255240310.67882353,1.250664e-17,0.80845862,57
0.0000000003587785,[],27,[],2019-02-26 05:57:18,2000.0,3.587785000000001e-18,1.3616935677600002e-22,6789430,2019-02-26 05:57:18,eth,0.0,0.0,0.00000001,"btc,eth",0.0,0.0,7.17557e-15,57
0.0000000001177709,[],4,[],2019-02-26 05:57:19,1054976946.7192984,3.533127e-18,1.3409488890720003e-22,6789431,2019-02-26 05:57:19,ltc,18.80917010677482,0.0,0.00000003,ltc,4129842516.936818,0.00212891,2.5751705337103753e-09,58
1,[],12,[],2019-02-26 05:57:20,1614335450.843957,0.0000000004,0.00000000000001518144,6789432,2019-02-26 05:57:20,btc,224005479630.6094,0.0,0.0000000004,btc,3801680953.3763704,0.03702830006811812,0.5211133611011391,58
0,[],17,[],2019-02-26 05:57:33,0.0,0,0,6789433,2019-02-26 05:57:33,btc,1e+24,0.0,0,btc,49226522.0897055,0.0,0.0,58
0.0000000001250664,[],22,[],2019-02-26 05:57:36,137438.0,1.2506639999999999e-18,4.74672011904e-23,6789434,2019-02-26 05:57:36,XMR,69.8835922,0.0,0.00000001,XMR,9887963.0,0.0,0.00137438,58
1,[],5,[],2019-02-26 05:57:37,0.0,0,0,6789435,2019-02-26 05:57:37,btc,0.0,0.00188255,0,btc,0.0,0.0,0.0,61
1,[],22,[],2019-02-26 05:57:41,5149.5,0.00000011,0.000000000004174896,6789436,2019-02-26 05:57:41,BTC,1002.29597012,0.0,0.00000011,BTC,14947.700278135757,0.0,0.00051596,61
1,[],26,[],2019-02-26 05:57:41,0.0,0.00000800,0.0000000003036288,6789437,2019-02-26 05:57:41,btc,0.0,0.0,0.00000800,btc,0.0,0.0,0.0,61
1,[],27,[],2019-02-26 05:57:43,2493.55,0.00000045,0.00000000001707912,6789438,2019-02-26 05:57:43,btc,7.845304881030758,0.0,0.00000045,"btc,eth",20831.38399471,0.0,0.0002155975035160293,61
1,[],28,[],2019-02-26 05:57:45,13882.304,0.0000005,0.0000000000189768,6789439,2019-02-26 05:57:45,btc,2.056328285685105,782.0,0.0000005,btc,9746.52450005,0.0,0.00566491304,61
1,[],4,[],2019-02-26 05:57:46,1491134.54996479,0.00000281,0.000000000106649616,6789440,2019-02-26 05:57:46,btc,11.286994429431443,0.0,0.00000281,btc,791901.45677539,0.14927508,1.5111046516300095,67
0.0,[],25,[],2019-02-26 05:57:48,0.0,0,0,6789441,2019-02-26 05:57:48,,0.0,0.0,0.0,btc,0.0,0.0,0.0,67
1,[],12,[],2019-02-26 05:57:48,3036105.15262193,0.00000024,0.000000000009108864,6789442,2019-02-26 05:57:48,btc,11115998.23230896,0.0,0.00000024,btc,2154320.46163764,0.0113287746453878,0.112998396441111,71
,[],5,[],2018-11-20 23:02:39,1.5e-07,0.00000005,0.000000000002128045,4862160,2018-11-20 23:02:39,btc,2.84511358,0.0,,btc,0.00036572,0.0,0.07381892,74
1,[],5,[],2019-02-26 05:57:49,0.0,0,0,6789443,2019-02-26 05:57:49,btc,0.0,0.0,0,btc,0.0,0.0,0.0,75
1,[],4,[],2019-02-26 05:57:51,16235280.92031862,0.00000001,0.00000000000037953600000000003,6789444,2019-02-26 05:57:51,btc,11388.638595673243,0.0,0.00000001,btc,34444270.17624532,0.0,0.1623528092031862,81
0,[],20,[],2019-01-25 09:30:31,0.0,0,0,6495923,2019-01-25 09:30:31,btc,0.0,0.0,0,btc,0.0,0.0,0.0,81
1,[],4,[],2019-02-26 05:57:52,28478.02948721,0.00007469,0.0000000028347543840000002,6789445,2019-02-26 05:57:52,btc,17.78129152131562,0.0,0.00007469,btc,12844.64574344,0.01591059,0.1282377153864635,82
1,[],21,[],2019-02-26 05:57:53,65621.35669527,0.00007605000000000000539950029133,0.0000000028863712800000006,6789446,2019-02-26 05:57:53,btc,2.4174713884824626,10775.54928096,0.00007605000000000000539950029132540976206655614078044891357421875,btc,25751.45989395,0.81635743,2.1204089085382227,82
0,[],17,[],2019-02-26 05:58:05,0.0,0,0,6789447,2019-02-26 05:58:05,btc,0.0447233088476774,0.0,0,btc,999127.19588126,0.0,0.0,84
0.0000000001177709,[],4,[],2019-02-26 05:58:05,117526993.23346291,3.533127e-18,1.3409488890720003e-22,6789448,2019-02-26 05:58:05,ltc,1.7828321145837962,0.0,0.00000003,ltc,404320048.3162479,0.0,2.1900705323527273e-10,85
,[],22,[],2018-11-20 23:09:34,3408.1,0.0000001,0.0000000000041895,4862324,2018-11-20 23:09:34,BTC,0.04624735,0.0,,BTC,4990.0,0.0,0.00033081,86
0,[],22,[],2019-02-22 12:52:35,0.0,0,0,6758847,2019-02-22 12:52:35,,2.0760781,0.0,0,,140622.94736842104,0.0,0.0,87
0,[],27,[],2019-02-22 12:52:37,0.0,0,0,6758848,2019-02-22 12:52:37,,0.0,0.0,0,btc,0.0,0.0,0.0,87
,[],2,[],2018-11-20 23:10:47,0.0,0,0,4862359,2018-11-20 23:10:47,,0.0,0.0,,,0.0,0.0,0.0,88
1,[],11,[],2019-02-26 05:58:08,89664.50942088,0.00014704999999999999646914383699680684003396891057491302490234375,0.0000000055810768800000005,6789449,2019-02-26 05:58:08,btc,610.063363000949,911.23010217,0.00014704999999999999646914383699680684003396891057491302490234375,btc,101961.15568158,0.0,5.790328571281141,89
0,[],2,[],2019-01-20 23:31:45,0.0,0,0,6477083,2019-01-20 23:31:45,,0.0,0.0,0,,0.0,0.0,0.0,91
1,[],12,[],2019-02-26 05:58:09,509712.06906735996,0.000001430000000000000072932653839841155019030338735319674015045166015625,0.000000000054273648,6789450,2019-02-26 05:58:09,btc,4.3285737707656535,0.0,0.000001430000000000000072932653839841155019030338735319674015045166015625,btc,57268.10021283,0.0001267552,0.1173246376938297,91
0,[],17,[],2019-02-26 05:58:11,0.0,0,0,6789451,2019-02-26 05:58:11,btc,0.0,0.0,0,btc,0.0,0.0,0.0,91
0,[],22,[],2019-02-26 05:58:14,0.0,0,0,6789452,2019-02-26 05:58:14,,3.1e-06,0.0,0,,2.0,0.0,0.0,91
0.0000000001177709,[],22,[],2019-02-26 05:58:17,2791021.0,4.7108360000000005e-18,1.7879318520960003e-22,6789453,2019-02-26 05:58:17,LTC,8.53161599,0.0,0.00000004,LTC,71994962.1,0.0,0.09164084,95
0.0000000001177709,[],4,[],2019-02-26 05:58:19,637416896.5615747,7.890650300000001e-17,2.9947858522608005e-21,6789454,2019-02-26 05:58:19,ltc,11.903395641871253,0.0,0.00000067,ltc,136383687.57707965,0.0,1.721833275636943e-09,96
0,[],12,[],2019-02-26 05:58:20,0.0,0,0,6789455,2019-02-26 05:58:20,btc,255077.61232705959,0.0,0,btc,8739543.11519454,1.6883116883e-06,0.0,96
0,[],17,[],2019-02-26 05:58:21,0.0,0,0,6789456,2019-02-26 05:58:21,btc,0.0,0.0,0,btc,0.0,0.0,0.0,96
1,[],4,[],2019-02-26 05:58:23,1451651.98503843,0.00000030,0.000000000011386080000000001,6789457,2019-02-26 05:58:23,btc,3.026344871563136,0.0,0.00000030,btc,2486449.19125505,0.00756731,0.1225099630376198,99
1,[],4,[],2019-02-26 05:58:24,146152.07944648,0.00004024,0.0000000015272528640000002,6789458,2019-02-26 05:58:24,btc,12.536129637789445,0.0,0.00004024,btc,173078.56502713,6.01019902,2.805222124654875,100
0,[],2,[],2019-01-20 23:23:55,0.0,0,0,6476914,2019-01-20 23:23:55,,0.0,0.0,0,,0.0,0.0,0.0,100
1,[],22,[],2019-02-26 05:58:27,50000.0,0.00000001,0.00000000000037953600000000003,6789459,2019-02-26 05:58:27,BTC,23.49896609,0.0,0.00000001,BTC,10277.22,0.0,0.0005,101
1,[],4,[],2019-02-26 05:58:28,482171.05769346,0.00000086,0.000000000032640096,6789460,2019-02-26 05:58:28,btc,256.3036757105803,0.0,0.00000086,btc,490500.32073499,0.00697587,0.2510763250235605,103
1,[],12,[],2019-02-26 05:58:30,61318170.34565436,0.00000001,0.00000000000037953600000000003,6789461,2019-02-26 05:58:30,btc,137279275.9422292,0.0,0.00000001,btc,121268832.10287766,0.04514657529406755,0.2088050384565436,105
1,[],27,[],2019-02-26 05:58:32,125810.89,0.00000001,0.00000000000037953600000000003,6789462,2019-02-26 05:58:32,btc,26.557578245556094,0.0,0.00000001,btc,574707.68391977,0.0,0.0012581089,105
1,[],22,[],2019-02-26 05:58:36,9328.0,0.00000001,0.00000000000037953600000000003,6789463,2019-02-26 05:58:36,BTC,51.10837004,0.0,0.00000001,BTC,470435.0,0.0,9.328e-05,107
1,[],26,[],2019-02-26 05:58:36,0.0,0.00000000,0,6789464,2019-02-26 05:58:36,btc,0.0,0.0,0.00000000,btc,0.0,0.0,0.0,107
1,[],5,[],2019-02-26 05:58:38,0.0,0,0,6789465,2019-02-26 05:58:38,btc,0.0,0.02834266,0,btc,0.0,0.0,0.0,112
1,[],22,[],2019-02-26 05:58:42,1966.0,0.00000001,0.00000000000037953600000000003,6789466,2019-02-26 05:58:42,BTC,2.81183288,0.0,0.00000001,BTC,808524.0833333334,0.0,1.966e-05,112
0.0000000003587785,[],27,[],2019-02-26 05:58:44,2000.0,3.587785000000001e-18,1.3616935677600002e-22,6789467,2019-02-26 05:58:44,eth,1.35132491849924,0.0,0.00000001,"btc,eth",1328.641654,0.0,7.17557e-15,112
1,[],4,[],2019-02-26 05:58:45,417620.93218903,0.00000318,0.00000000012069244800000002,6789468,2019-02-26 05:58:45,btc,75.55140815473533,0.0,0.00000318,btc,353327.26193716,0.05687701,0.3049207108790069,113
1,[],5,[],2019-02-26 05:58:46,0.0,0,0,6789469,2019-02-26 05:58:46,btc,0.0,0.01546699,0,btc,0.0,0.0,0.0,113
1,[],17,[],2019-02-26 05:58:56,152738.278,0.00000004,0.0000000000015181440000000001,6789470,2019-02-26 05:58:56,btc,1.33680302678,0.0,0.00000004,btc,50696.221,0.0,0.0022095311199999998,116
0,[],27,[],2019-02-26 05:58:58,0.0,0,0,6789471,2019-02-26 05:58:58,,0.0,0.0,0,btc,0.0,0.0,0.0,116
1,[],4,[],2019-02-26 05:58:59,99903.05779317,0.00002216,0.000000000841051776,6789472,2019-02-26 05:58:59,btc,29.20065426455065,0.0,0.00002216,btc,88506.11283841,2.39128838,1.0552410729029,120
1,[],7,[],2019-02-26 05:59:00,211955.06898319,0.00001904999999999999887325373426616437200209475122392177581787109375,0.00000000072301608,6789473,2019-02-26 05:59:00,btc,115647.01713739472,3215.88733237,0.00001904999999999999887325373426616437200209475122392177581787109375,btc,37571.26446951,0.08560472,0.0774080888833191,120
1,[],20,[],2019-02-26 05:59:03,1366798.5958,0.000000041,0.0000000000015560976,6789474,2019-02-26 05:59:03,btc,32.2898501005834,364056.3733,0.000000041,btc,943690.0156,0.0149061088752,0.0082685118577,125
1,[],22,[],2019-02-26 05:59:06,3053.0,0.00000001,0.00000000000037953600000000003,6789475,2019-02-26 05:59:06,BTC,0.01444887,0.0,0.00000001,BTC,296263.5111111111,0.0,3.053e-05,126
0,[],17,[],2019-02-26 04:06:41,0.0,0,0,6788895,2019-02-26 04:06:41,btc,0.0009561751951600001,0.0,0,btc,35.42829368,0.0,0.0,131
1,[],4,[],2019-02-26 05:59:07,105790.36544613,0.00001413,0.0000000005362843680000001,6789476,2019-02-26 05:59:07,btc,15.120398621783465,0.0,0.00001413,btc,132689.519,0.11385996,0.5720330706527995,131
0,[],2,[],2019-01-20 23:25:46,0.0,0,0,6476969,2019-01-20 23:25:46,,0.0,0.0,0,,0.0,0.0,0.0,131
1,[],4,[],2019-02-26 05:59:10,4558.8874079,0.00016001,0.000000006072955536,6789477,2019-02-26 05:59:10,btc,1.6208888012245466,0.0,0.00016001,btc,242.95965577,0.0,0.0087097550432623,135
1,[],3,[],2019-02-26 05:59:11,1068230.16685176,0.00000005,0.00000000000189768,6789478,2019-02-26 05:59:11,btc,0.6748777884422654,97237.0,0.00000005,btc,2369405.08264165,0.0,0.0342710553370351,136
1,[],4,[],2019-02-26 05:59:12,260230.87367426,0.00000146,0.000000000055412256,6789479,2019-02-26 05:59:12,btc,38.57681634205455,0.0,0.00000146,btc,653627.2086613,0.02879932,0.0700232867452726,137
1,[],12,[],2019-02-26 05:59:13,293389.29657431,0.0000015000000000000000380012861456169304119612206704914569854736328125,0.0000000000569304,6789480,2019-02-26 05:59:13,btc,11807.599162042807,0.0,0.0000015000000000000000380012861456169304119612206704914569854736328125,btc,124283.08107108,0.003277938030968,0.017875590000004698,137
1,[],4,[],2019-02-26 05:59:14,206823.91869485,0.00003269,0.0000000012407031840000001,6789481,2019-02-26 05:59:14,btc,29.051844171584015,0.0,0.00003269,btc,43277.61998775,1.18614701,0.4446015548637215,142
1,[],5,[],2019-02-26 05:59:15,0.0,0,0,6789482,2019-02-26 05:59:15,btc,0.0,0.24951949,0,btc,0.0,0.0,0.0,142
1,[],17,[],2019-02-26 05:59:16,22967.386363640002,0.00000088,0.000000000033399168000000007,6789483,2019-02-26 05:59:16,btc,20.0699133484,0.0,0.00000088,btc,405.079105,0.0,0.0104613000000032,142
1,[],20,[],2019-02-26 05:59:18,133310.9826,0.000045043,0.0000000017095440048000002,6789484,2019-02-26 05:59:18,btc,0.2979113622322,0.0,0.000045043,btc,1232.8905,0.0,0.2356579130972,142
1,[],22,[],2019-02-26 05:59:21,1685.8988921568628,0.00004000,0.0000000015181440000000001,6789485,2019-02-26 05:59:21,BTC,3.00385504,0.0,0.00004000,BTC,891.218,0.0,0.00174536,142
0.0,[],25,[],2019-02-26 05:59:23,0.0,0,0,6789486,2019-02-26 05:59:23,,0.0,0.0,0.0,btc,0.0,0.0,0.0,142
1,[],28,[],2019-02-26 05:59:24,76772.0,0.00004500,0.0000000017079120000000002,6789487,2019-02-26 05:59:24,btc,0.0866109227,928.0,0.00004500,btc,790.5355,0.0,0.0338472,142
0,[],22,[],2019-02-26 05:59:27,0.0,0,0,6789488,2019-02-26 05:59:27,,60.80280694,0.0,0,,704341446.3,0.0,0.0,143
0,[],22,[],2019-02-25 15:42:22,0.0,0,0,6783783,2019-02-25 15:42:22,,4.2131946,0.0,0,,2322156.0,0.0,0.0,146
,[],22,[],2018-11-20 23:01:11,0.0,0,0,4862114,2018-11-20 23:01:11,,2.56807021,0.0,,,61828.4988236,0.0,0.0,147
1,[],12,[],2019-02-26 05:59:29,219495.29320914,0.00000252000000000000001302018388937842274799550068564713001251220703125,0.00000000009564307200000001,6789489,2019-02-26 05:59:29,btc,16.285176418993206,0.0,0.00000252000000000000001302018388937842274799550068564713001251220703125,btc,116871.95764188,0.000303146853144,0.028410320000001,148
1,[],4,[],2019-02-26 05:59:30,248489.36529562,0.00000034,0.000000000012904224000000001,6789490,2019-02-26 05:59:30,btc,219.96674062867982,0.0,0.00000034,btc,798514.6791546,0.0036674,0.059219877624135,152
0,[],22,[],2019-02-26 05:59:33,0.0,0,0,6789491,2019-02-26 05:59:33,,0.0,0.0,0,,0.0,0.0,0.0,152
1,[],5,[],2019-02-26 05:59:34,0.0,0,0,6789492,2019-02-26 05:59:34,btc,0.0,0.0,0,btc,0.0,0.0,0.0,153
,[],16,[],2019-01-11 15:38:59,0.0,0,0,6366141,2019-01-11 15:38:59,btc,0.0,0.0,,btc,0.0,0.0,0.0,155
0,[],22,[],2019-02-26 05:59:37,0.0,0,0,6789493,2019-02-26 05:59:37,,6.74608751,0.0,0,,4644392.242592593,0.0,0.0,156
0,[],23,[],2019-01-20 23:24:29,0.0,0,0,6476932,2019-01-20 23:24:29,,0.0,0.0,0,,0.0,0.0,0.0,156
1,[],22,[],2019-02-26 05:59:41,7073.8,0.00005300,0.0000000020115408,6789494,2019-02-26 05:59:41,BTC,1.80343699,0.0,0.00005300,BTC,899.6422341958436,0.0,0.00104336,157
0,[],22,[],2019-02-26 05:59:44,0.0,0,0,6789495,2019-02-26 05:59:44,,50175.68008609,0.0,0,,54479136.04179466,0.0,0.0,158
,[],17,[],2018-11-20 22:56:10,0.0,0,0,4861976,2018-11-20 22:56:10,btc,1.1265625,0.0,,btc,1000.0,0.0,0.0,159
,[],20,[],2018-11-20 22:56:12,0.0,0,0,4861977,2018-11-20 22:56:12,btc,11912.7940471,0.0,,btc,34413894.3617,0.0,0.0,159
1,[],12,[],2019-02-26 05:59:45,181981.45932289,0.00000726999999999999985101327426573192269643186591565608978271484375,0.000000000275922672,6789496,2019-02-26 05:59:45,btc,6.644341609249467,0.0,0.00000726999999999999985101327426573192269643186591565608978271484375,btc,13840.839405120001,0.008823578283149,0.0925524844049434,168
1,[],17,[],2019-02-26 05:59:47,29784.95,0.000001,0.0000000000379536,6789497,2019-02-26 05:59:47,btc,0.03026736251542,0.0,0.000001,btc,144.46171372,0.0,0.00716147,168
1,[],22,[],2019-02-26 05:59:51,262482.0,0.00000001,0.00000000000037953600000000003,6789498,2019-02-26 05:59:51,BTC,1.14695792,0.0,0.00000001,BTC,779972.8900917594,0.0,0.00262482,169
1,[],22,[],2019-02-26 05:59:55,229130.5,0.00000018,0.000000000006831648,6789499,2019-02-26 05:59:55,BTC,13.2505104,0.0,0.00000018,BTC,145636.2939341018,0.0011061,0.00724349,171
1,[],22,[],2019-02-26 05:59:58,41597.0,0.00000008,0.0000000000030362880000000002,6789500,2019-02-26 05:59:58,BTC,2.19965126,0.0,0.00000008,BTC,241653.108041078,0.0,0.00096143,173
1,[],5,[],2019-02-26 05:59:59,0.0,0,0,6789501,2019-02-26 05:59:59,btc,0.0,0.01015648,0,btc,0.0,0.0,0.0,175
1,[],22,[],2019-02-26 06:00:07,45904.0,0.0000003,0.000000000011386080000000001,6789502,2019-02-26 06:00:07,BTC,0.52955903,0.0,0.0000003,BTC,143368.41384013777,0.0,0.0052148,176
1,[],7,[],2019-02-26 06:00:08,0.0,0,0,6789503,2019-02-26 06:00:08,btc,410932.5281358376,0.0,0,btc,117881559.31901672,0.0,0.0,178
0,[],22,[],2019-02-26 06:02:09,0.0,0,0,6789504,2019-02-26 06:02:09,,1.00242428,0.0,0,,57512.0,0.0,0.0,178
0,[],2,[],2019-01-20 23:28:34,0.0,0,0,6477001,2019-01-20 23:28:34,,0.0,0.0,0,,0.0,0.0,0.0,178
1,[],5,[],2019-02-26 06:02:10,0.0,0,0,6789505,2019-02-26 06:02:10,btc,0.0,0.29858209,0,btc,0.0,0.0,0.0,179
1,[],22,[],2019-02-26 06:02:15,7061490.0,0.00000003,0.000000000001138608,6789506,2019-02-26 06:02:15,BTC,5.63524981,0.0,0.00000003,"BTC,LTC",17162072.301989965,0.00027,0.38172614,179
0,[],23,[],2019-01-20 23:25:08,0.0,0,0,6476952,2019-01-20 23:25:08,,0.0,0.0,0,,0.0,0.0,0.0,179
1,[],22,[],2019-02-26 06:02:30,128984.3,0.00000160,0.00000000006072576,6789507,2019-02-26 06:02:30,BTC,0.19662709,0.0,0.00000160,"BTC,LTC",58375.389815519186,0.00176828,0.00188168,180
1,[],26,[],2019-02-26 06:02:30,0.0,0.00000160,0.00000000006072576,6789508,2019-02-26 06:02:30,btc,0.0,25.0,0.00000160,btc,0.0,0.0,0.0,180
1,[],17,[],2019-02-26 05:11:23,10504.725,0.0000001,0.0000000000038263,6789313,2019-02-26 05:11:23,btc,5.201069583845229,0.0,0.0000001,btc,5033.45945,0.0,0.0010504725,180
,[],7,[],2018-11-20 22:58:01,562227.975654,0.00000085,0.000000000036176765,4862015,2018-11-20 22:58:01,btc,21836.6059674,2491.87645172,,btc,749999.041456,0.00211021,0.127565380455,183
,[],5,[],2019-01-10 08:11:41,0.0,0,0,6347036,2019-01-10 08:11:41,btc,82.15055501,0.00261,,btc,1.19002445,0.0,0.0,187
1,[],24,[],2019-02-26 06:02:30,0.0,0.000000000001,3.7953600000000004e-17,6789509,2019-02-26 06:02:30,btc,0.0,0.0,0.000000000001,btc,0.0,0.0,0.0,187
,[],17,[],2018-11-16 20:58:10,4062536.27273,0.00000001,0.000000000000550501,4708775,2018-11-16 20:58:10,btc,3.36492563466,0.195460381006,,"btc,eth",110697919.549,0.0,0.0157628953496,187
0,[],22,[],2019-02-25 10:59:45,0.0,0,0,6781186,2019-02-25 10:59:45,,1.19374396,0.0,0,,16308.869534405507,0.0,0.0,191
0,[],22,[],2019-02-26 06:02:35,0.0,0,0,6789510,2019-02-26 06:02:35,,0.0,0.0,0,,0.0,0.0,0.0,197
0,[],23,[],2019-01-20 23:31:41,0.0,0,0,6477079,2019-01-20 23:31:41,,0.0,0.0,0,,0.0,0.0,0.0,199
0,[],22,[],2019-02-26 06:02:38,0.0,0,0,6789511,2019-02-26 06:02:38,,5.19477622,0.0,0,,21058553.0,0.0,0.0,199
1,[],26,[],2019-02-26 06:02:38,0.0,0.00000000,0,6789512,2019-02-26 06:02:38,btc,0.0,0.0,0.00000000,btc,0.0,0.0,0.0,199
0,[],17,[],2019-01-30 16:32:01,0.0,0,0,6540827,2019-01-30 16:32:01,btc,6.802544163788159,0.0,0,btc,105897.55575295,0.0,0.0,200
0,[],2,[],2019-01-20 23:30:49,0.0,0,0,6477059,2019-01-20 23:30:49,,0.0,0.0,0,,0.0,0.0,0.0,201
1,[],4,[],2019-01-25 15:51:35,2084389.58565343,0.00000936,0.000000000333526752,6499557,2019-01-25 15:51:35,btc,2.0092503037378524,0.0,0.00000936,btc,160195.80207885,0.19272417,1.242687955921835,211
1,[],7,[],2019-02-26 06:02:41,4455601.23668298,0.00000137000000000000001212029608621545406776931486092507839202880859375,0.000000000051996432,6789513,2019-02-26 06:02:41,btc,15476653.434418201,1050406.84617,0.00000137000000000000001212029608621545406776931486092507839202880859375,btc,11776639.99463057,0.0,3.489509586709234,212
1,[],12,[],2019-01-25 02:44:32,207462.42853209,0.000001080000000000000035831255497387193287295303889550268650054931640625,0.000000000038610756000000006,6493050,2019-01-25 02:44:32,btc,85023.03793723314,0.0,0.000001080000000000000035831255497387193287295303889550268650054931640625,btc,43675.73520027,0.000146250909087,0.0348620860622024,213
1,[],5,[],2019-02-26 06:02:42,0.0,0,0,6789514,2019-02-26 06:02:42,btc,0.0,0.09708593,0,btc,0.0,0.0,0.0,213
1,[],24,[],2019-02-26 06:02:42,0.0,0.000000100000,0.00000000000379536,6789515,2019-02-26 06:02:42,btc,0.0,0.0,0.000000100000,btc,0.0,0.0,0.0,213
1,[],26,[],2019-02-26 06:02:42,0.0,0.00000009,0.000000000003415824,6789516,2019-02-26 06:02:42,btc,0.0,0.0,0.00000009,btc,0.0,0.0,0.0,213
1,[],22,[],2019-02-26 06:02:46,104891.0,0.00000001,0.00000000000037953600000000003,6789517,2019-02-26 06:02:46,BTC,2.22775282,0.0,0.00000001,BTC,450232.1963726171,9.6e-07,0.00104891,216
1,[],27,[],2019-02-26 06:02:49,1303102.005988,0.00000008,0.0000000000030362880000000002,6789518,2019-02-26 06:02:49,btc,311.82590671644,10.0,0.00000008,"btc,ltc",218537.901,9.421672e-13,0.03410555041937199,216
1,[],22,[],2019-02-26 06:02:52,251736.4667325441,0.00000215,0.00000000008160024,6789519,2019-02-26 06:02:52,BTC,12673.56240585,0.0,0.00000215,BTC,372235.835011374,0.01924358,0.35683514,217
1,[],7,[],2019-02-26 06:02:53,0.0,0,0,6789520,2019-02-26 06:02:53,btc,77969.77488735563,0.0,0,btc,137043486.5550253,0.0,0.0,219
0,[],27,[],2019-02-26 06:02:55,0.0,0,0,6789521,2019-02-26 06:02:55,,0.0740438339680921,0.0,0,btc,1536429.20709513,0.0,0.0,219
0.0000000000000052,[],28,[],2019-02-26 06:02:58,168291415.481,5.200104e-18,1.973626671744e-22,6789522,2019-02-26 06:02:58,doge,83883.3352434475,14418.0,0.00100002,"btc,doge",4823713.77951,0.0,1.1246886636750648e-11,219
1,[],22,[],2019-02-26 06:03:02,240665.0,0.00000002,0.0000000000007590720000000001,6789523,2019-02-26 06:03:02,BTC,3.01261816,0.0,0.00000002,BTC,128714.27041875875,0.01215006,0.00440665,221
1,[],24,[],2019-02-26 06:03:02,0.0,0.000000200000,0.00000000000759072,6789524,2019-02-26 06:03:02,btc,0.0,0.0,0.000000200000,btc,0.0,0.0,0.0,221
1,[],20,[],2019-02-26 06:03:05,42838652.0989,0.000000001,0.0000000000000379536,6789525,2019-02-26 06:03:05,btc,48.0248708379449,644234.6233,0.000000001,btc,10968756.3145,0.0011842346232,0.0428386520989,224
0,[],22,[],2019-02-26 06:03:08,0.0,0,0,6789526,2019-02-26 06:03:08,,0.0,0.0,0,,0.0,0.0,0.0,224
1,[],26,[],2019-02-26 06:03:08,0.0,0.00000035,0.00000000001328376,6789527,2019-02-26 06:03:08,btc,0.0,0.0,0.00000035,btc,0.0,0.0,0.0,231
1,[],26,[],2019-02-26 06:03:09,0.0,0.00000006,0.000000000002277216,6789528,2019-02-26 06:03:09,btc,0.0,100.0,0.00000006,btc,0.0,0.0,0.0,234
0.0000000003587785,[],27,[],2019-02-26 06:03:12,2000.0,3.587785000000001e-18,1.3616935677600002e-22,6789529,2019-02-26 06:03:12,eth,0.0113483662182,0.0,0.00000001,"btc,eth",11462.99618,0.0,7.17557e-15,234
1,[],4,[],2019-02-26 06:03:13,865360.36050479,0.00000076,0.000000000028844736,6789530,2019-02-26 06:03:13,btc,4.536285669519346,0.0,0.00000076,btc,1122628.03932933,0.19989615,0.2772327381001307,236
1,[],24,[],2019-02-26 06:03:13,0.0,0.000000300000,0.000000000011386080000000001,6789531,2019-02-26 06:03:13,btc,0.0,0.0,0.000000300000,btc,0.0,0.0,0.0,236
1,[],20,[],2019-02-26 06:03:15,69556808.6916,0.000000052,0.0000000000019735872000000003,6789532,2019-02-26 06:03:15,btc,10.1549084097343,21058802.4685,0.000000052,btc,45941037.1875,1.1825154096121,0.4082388260804,237
0.0000000001177709,[],22,[],2019-02-26 06:03:19,14400.0,1.177709e-17,4.469829630240001e-22,6789533,2019-02-26 06:03:19,LTC,0.0405823,0.0,0.0000001,LTC,3164.0,0.0,0.00144,237
1,[],4,[],2019-02-26 06:03:20,6671650.07762764,0.00000032,0.000000000012145152000000001,6789534,2019-02-26 06:03:20,btc,5.856405258967432,0.0,0.00000032,btc,9312039.73187772,0.23130167,1.3927607595992122,238
1,[],5,[],2019-02-26 06:03:22,0.0,0,0,6789535,2019-02-26 06:03:22,btc,0.0,0.06474481,0,btc,0.0,0.0,0.0,238
0,[],22,[],2019-02-26 06:03:25,0.0,0,0,6789536,2019-02-26 06:03:25,,0.41356282,0.0,0,,316008.5639027493,0.0,0.0,249
0.0000000001177709,[],22,[],2019-02-26 06:03:30,7121097.666666667,3.533127e-18,1.3409488890720003e-22,6789537,2019-02-26 06:03:30,LTC,0.52925409,0.0,0.00000003,LTC,19096234.09,4.618079639160001e-12,0.21263595,252
1,[],28,[],2019-02-26 06:03:35,3885709.379,0.00000013,0.000000000004933968,6789538,2019-02-26 06:03:35,btc,164693.66741809313,298343.647,0.00000013,btc,852841.6814,0.0,0.24849119345,256
1,[],22,[],2019-02-26 06:03:39,1057264.0,0.00000001,0.00000000000037953600000000003,6789539,2019-02-26 06:03:39,BTC,31.43264766,0.0,0.00000001,BTC,555637.8076914564,2.8e-05,0.01057264,258
1,[],22,[],2019-02-26 06:03:43,48751.0,0.00000001,0.00000000000037953600000000003,6789540,2019-02-26 06:03:43,BTC,2.4175745,0.0,0.00000001,BTC,1762.0,0.0,0.00048751,259
1,[],5,[],2019-02-26 06:03:45,0.0,0,0,6789541,2019-02-26 06:03:45,btc,0.0,0.16348542,0,btc,0.0,0.0,0.0,264
1,[],20,[],2019-02-26 06:03:47,1237107.0151,0.00000223,0.000000000084636528,6789542,2019-02-26 06:03:47,btc,7.3447839872158,51638.809,0.00000223,btc,93215.5126,0.1482796510002,0.0532112203907,264
1,[],22,[],2019-02-26 06:03:51,5321.0,0.00000001,0.00000000000037953600000000003,6789543,2019-02-26 06:03:51,BTC,8.43386745,0.0,0.00000001,BTC,422962.8107878143,0.00012843,5.321e-05,271
0,[],22,[],2019-02-26 06:03:53,0.0,0,0,6789544,2019-02-26 06:03:53,,259.56534233,0.0,0,,14419221437.9,0.0,0.0,272
0.0000000000000052,[],28,[],2019-02-26 06:03:55,221692528175.991,4.264e-21,1.618341504e-25,6789545,2019-02-26 06:03:55,doge,21925727.555087455,62016372531.892,0.00000082,doge,246746025992.8215,0.0,5.878926269599875e-10,272
1,[],22,[],2019-02-26 06:04:03,114621.74,0.00000111,0.000000000042128496000000005,6789546,2019-02-26 06:04:03,BTC,74.32225009,0.0,0.00000111,"BTC,LTC",8370.527743939856,7.6e-07,0.04331897,281
1,[],22,[],2019-02-26 06:04:06,864113.5,0.00000002,0.0000000000007590720000000001,6789547,2019-02-26 06:04:06,BTC,1.33136171,0.0,0.00000002,BTC,128490.66554551729,0.00116274,0.01715015,286
0,[],22,[],2019-02-26 06:04:09,0.0,0,0,6789548,2019-02-26 06:04:09,,43634.52001853,0.0,0,,419066696.0,0.0,0.0,294
