pairValue,buyBook,exchangeId,sellBook,updated,buyTotal,satoshiPrice,usdPrice,exchangeLogId,created,bestPair,sellTotalBtc,volume,pairPrice,activePairs,sellTotal,volumeBtc,buyTotalBtc,coinId
1,[],3,[],2019-05-07 01:59:50,30886.37576365861,0.01196925000000000072208905521620181389153003692626953125,0.0000006928220823750001,7561390,2019-05-07 01:59:50,btc,8.671272048946395,12.5193505224,0.01196925000000000072208905521620181389153003692626953125,btc,26.757632365493002,0.0,0.3462564722031071,1
1,[],4,[],2019-05-07 01:59:50,207739.8397472,0.01166669,0.0000006753088506150001,7561391,2019-05-07 01:59:50,btc,9.077305262345805,0.0,0.01166669,btc,442.17541349,2.59289058,0.6070915897988021,1
1,[],5,[],2019-05-07 01:59:52,0.0,0,0,7561392,2019-05-07 01:59:52,btc,0.0,0.02246227,0,btc,0.0,0.0,0.0,1
1,[],10,[],2019-05-07 01:59:57,185024.55312646,0.01002357,0.0000005801993140950001,7561393,2019-05-07 01:59:57,btc,6524.888420782175,1423.65592079,0.01002357,btc,1440.91398817,0.0,4.011799331551186,1
1,[],12,[],2019-05-07 01:59:59,83.20395093,0.01179000000000000013267165144270620658062398433685302734375,0.000000682446465,7561394,2019-05-07 01:59:59,btc,0.1949797282234,0.0,0.01179000000000000013267165144270620658062398433685302734375,btc,13.40094957,0.224727733042,0.435062329648,1
1,[],20,[],2019-05-07 02:00:00,979.5748,0.01071033,0.0000006199513865550001,7561395,2019-05-07 02:00:00,btc,0.0780539333414,0.0266,0.01071033,btc,5.1398,0.0003257412186,0.1915653248042,1
1,[],21,[],2019-05-07 02:00:01,1650.80531181,0.01181406999999999943296025151,0.0000006838397208450001,7561396,2019-05-07 02:00:01,btc,10.925283124031198,7804.73506766,0.0118140699999999994329602515108490479178726673126220703125,"btc,eth",1179.26171067,11.781659558032826,10.809514635184879,1
0,[],22,[],2019-05-07 02:00:07,0.0,0,0,7561397,2019-05-07 02:00:07,,0.3163308,0.0,0,,0.2527518593615956,0.0,0.0,1
1,[],24,[],2019-05-07 02:00:07,0.0,0.000000000000,0,7561398,2019-05-07 02:00:07,btc,0.0,0.0,0.000000000000,btc,0.0,0.0,0.0,1
0.0,[],25,[],2019-05-07 02:00:08,0.0,0,0,7561399,2019-05-07 02:00:08,btc,46.6499999980853,511.80088624,0.0,btc,3875.24023121,5.7286,0.0,1
1,[],26,[],2019-05-07 02:00:12,0.0,0,0,7561400,2019-05-07 02:00:12,,0.0,0.0,0,,0.0,0.0,0.0,1
1,[],28,[],2019-05-07 02:00:41,987.9,0.01131000,0.0000006546623850000001,7561401,2019-05-07 02:00:41,btc,0.160832048,240320.95,0.01131000,btc,8.7307,0.0,0.024551096,1
0,[],2,[],2019-01-20 23:28:45,0.0,0,0,6477011,2019-01-20 23:28:45,,0.0,0.0,0,,0.0,0.0,0.0,1
1,[],5,[],2019-05-07 02:00:43,0.0,0,0,7561402,2019-05-07 02:00:43,btc,0.0,0.00205556,0,btc,0.0,0.0,0.0,2
1,[],22,[],2019-05-07 02:00:48,60848.0,0.00000002,0.00000000000115767,7561403,2019-05-07 02:00:48,BTC,21.00846647,0.0,0.00000002,"BTC,XMR",24148.96059725142,0.0,0.00199035,2
1,[],5,[],2019-05-07 02:00:49,0.0,0,0,7561404,2019-05-07 02:00:49,btc,0.0,0.04173131,0,btc,0.0,0.0,0.0,3
1,[],12,[],2019-05-07 02:00:50,2502849.26844411,0.000000161,0.000000000009319243500000001,7561405,2019-05-07 02:00:50,btc,11595.575246192979,0.0,0.000000161,btc,3998042.72403336,0.03056314311143183,0.2918007831187288,3
0,[],28,[],2019-05-07 02:00:51,0.0,0,0,7561406,2019-05-07 02:00:51,,0.0,0.0,0,,0.0,0.0,0.0,3
0,[],2,[],2019-01-20 23:31:32,0.0,0,0,6477077,2019-01-20 23:31:32,,0.0,0.0,0,,0.0,0.0,0.0,4
1,[],4,[],2019-04-26 19:14:12,610911.70993152,0.00000026,0.000000000013566046,7471614,2019-04-26 19:14:12,btc,31.457742656463164,0.0,0.00000026,btc,718733.71307795,0.00142695,0.0638464483338706,4
0,[],12,[],2019-04-25 23:08:22,0.0,0,0,7459310,2019-04-25 23:08:22,btc,1111851.94727753,0.0,0,btc,953412.0,0.0,0.0,5
0,[],2,[],2019-01-20 23:31:51,0.0,0,0,6477087,2019-01-20 23:31:51,,0.0,0.0,0,,0.0,0.0,0.0,6
1,[],11,[],2019-05-07 02:00:53,5106182.307535999,0.00000001,0.000000000000578835,7561407,2019-05-07 02:00:53,btc,9576.583701859494,406556.0,0.00000001,btc,47259201.75253575,0.0,0.05106182307536,6
1,[],3,[],2019-05-07 02:00:53,11076.2311052103,0.000195269999999999992190691244786648894660174846649169921875,0.000000011302911045,7561408,2019-05-07 02:00:53,btc,24.96121739199037,32.0018895808,0.000195269999999999992190691244786648894660174846649169921875,btc,309.781605034214,0.0,0.031723715166376024,7
1,[],4,[],2019-05-07 02:00:54,44797.86477622,0.00019211,0.000000011119999185,7561409,2019-05-07 02:00:54,btc,8.807889202236877,0.0,0.00019211,btc,37381.64749925,2.41647599,4.487196493190333,7
1,[],5,[],2019-05-07 02:00:55,0.0,0,0,7561410,2019-05-07 02:00:55,btc,0.0,0.36461868,0,btc,0.0,0.0,0.0,7
1,[],20,[],2019-04-07 22:06:50,3201475.0482,0.000000001,0.000000000000051590000000000004,7213932,2019-04-07 22:06:50,btc,30.8005781811902,0.0,0.000000001,btc,23077405.3926,0.0,0.0032014750482,8
0,[],2,[],2019-01-20 23:22:42,0.0,0,0,6476876,2019-01-20 23:22:42,,0.0,0.0,0,,0.0,0.0,0.0,9
0,[],23,[],2019-01-20 23:22:48,0.0,0,0,6476878,2019-01-20 23:22:48,,0.0,0.0,0,,0.0,0.0,0.0,9
1,[],1,[],2019-02-17 23:31:42,1822507.21,0.00000181000000000000003456111265232042484285557293333113193511962890625,0.000000000066086901,6701244,2019-02-17 23:31:42,btc,3.6990969245,17153386.5,0.00000181000000000000003456111265232042484285557293333113193511962890625,btc,1997391.71,31.11772986,3.2610482446,9
1,[],4,[],2019-05-07 02:00:56,22474939.88932932,0.00000087,0.00000000005035864500000001,7561411,2019-05-07 02:00:56,btc,4.840055125378611,0.0,0.00000087,btc,3551602.54414479,0.55622722,0.8888729559007436,9
1,[],28,[],2019-05-07 02:00:57,18055.0,0.00000021,0.000000000012155535000000001,7561412,2019-05-07 02:00:57,btc,2708.774353000864,3636212.079,0.00000021,btc,24560.2792,0.0,0.00186155,9
1,[],4,[],2019-02-17 11:22:43,4341674.27126056,0.00000002,0.0000000000007272960000000001,6696112,2019-02-17 11:22:43,btc,0.1997230937751353,0.0,0.00000002,btc,4109766.79808031,0.00215132,0.0479381022052112,10
0,[],2,[],2019-01-20 23:23:08,0.0,0,0,6476890,2019-01-20 23:23:08,,0.0,0.0,0,,0.0,0.0,0.0,12
1,[],4,[],2019-05-07 02:00:58,3423857.7123206,0.00000097,0.000000000056146995000000005,7561413,2019-05-07 02:00:58,btc,7.915966964093361,0.0,0.00000097,btc,5660932.75755721,1.99916502,0.7455816668960246,12
1,[],5,[],2019-05-07 02:00:59,0.0,0,0,7561414,2019-05-07 02:00:59,btc,0.0,0.15165964,0,btc,0.0,0.0,0.0,12
0.0,[],25,[],2019-05-07 02:01:01,0.0,0,0,7561415,2019-05-07 02:01:01,,0.0,0.0,0.0,btc,0.0,0.0,0.0,12
1,[],10,[],2019-05-07 01:02:10,450039.54320169,0.0000065,0.00000000037543934999999995,7561125,2019-05-07 01:02:10,btc,666793.5632317932,4995.89779936,0.0000065,btc,740325.34771605,0.0,0.3676549523836924,13
1,[],4,[],2019-05-07 02:01:02,32030301.13155542,0.00000685,0.00000000039650197500000004,7561416,2019-05-07 02:01:02,btc,3.074421880685225,0.0,0.00000685,btc,337741.91607661,0.60756313,1.0922358470322324,13
1,[],21,[],2019-05-07 02:01:05,1511455.61917281,0.000006810000000000000020059908595,0.000000000394186635,7561417,2019-05-07 02:01:05,btc,9.748243239784735,858152.31596637,0.0000068100000000000000200599085953268030380058917216956615447998046875,btc,1244237.82835029,5.91829033,8.04639334856167,13
1,[],4,[],2019-05-07 02:01:07,1128135.0183003,0.00000088,0.000000000050937480000000006,7561418,2019-05-07 02:01:07,btc,5.5512845058268905,0.0,0.00000088,btc,1074199.8912946,0.0181579,0.2360434025976268,14
1,[],12,[],2019-05-07 02:01:08,254985.98784187,0.00000083,0.000000000048043305000000004,7561419,2019-05-07 02:01:08,btc,0.1182215974221571,0.0,0.00000083,btc,14488.85896596,0.000343,0.0285152399999723,14
1,[],26,[],2019-05-07 02:01:09,0.0,0.00000050,0.00000000002894175,7561420,2019-05-07 02:01:09,btc,0.0,0.0,0.00000050,btc,0.0,0.0,0.0,14
0,[],17,[],2019-05-03 00:53:32,0.0,0,0,7558876,2019-05-03 00:53:32,btc,0.0,0.0,0,btc,0.0,0.0,0.0,14
,[],12,[],2018-12-01 15:15:48,204241.84496,0.00000489,0.000000000202473384,5260204,2018-12-01 15:15:48,btc,49.5475654835,0.0,,btc,35763.2193806,0.0163153972027625,0.0203389899998,15
0,[],4,[],2019-05-07 02:01:11,0.0,0,0,7561421,2019-05-07 02:01:11,,0.0,0.0,0,,0.0,0.0,0.0,15
1,[],10,[],2019-05-07 01:51:33,170146.95918563,0.00001373,0.000000000794572949,7561267,2019-05-07 01:51:33,btc,15.885895719234384,3306.15830485,0.00001373,btc,33997.90682878,0.0,0.5276236211034586,18
1,[],12,[],2019-05-07 01:51:34,221285.74759276,0.000013010000000000000798289385983697030724215437658131122589111328125,0.0000000007529056130000001,7561268,2019-05-07 01:51:34,btc,33215.320151626365,0.0,0.000013010000000000000798289385983697030724215437658131122589111328125,btc,1228.2576162,0.0006160247733621,0.0171815970610075,18
0,[],2,[],2019-01-20 23:23:38,0.0,0,0,6476906,2019-01-20 23:23:38,,0.0,0.0,0,,0.0,0.0,0.0,18
1,[],4,[],2019-05-07 02:01:12,31977.94538028,0.00001286,0.0000000007443818100000001,7561422,2019-05-07 02:01:12,btc,1.0995699230626161,0.0,0.00001286,btc,13516.77373619,0.02615638,0.1235462084745245,18
0,[],17,[],2019-05-03 00:53:39,0.0,0,0,7558882,2019-05-03 00:53:39,btc,0.0,0.0,0,btc,0.0,0.0,0.0,18
1,[],3,[],2019-05-07 01:51:36,152743.05652097834,0.0000143300000000000000185788884277116039811517111957073211669921875,0.0000000008292957290000001,7561269,2019-05-07 01:51:36,btc,0.27147705183961535,629.97645289,0.0000143300000000000000185788884277116039811517111957073211669921875,btc,6567.289687949193,0.0,0.04289017861892009,19
1,[],4,[],2019-05-07 01:51:37,399138.65617137,0.00001550,0.00000000089700515,7561270,2019-05-07 01:51:37,btc,3.8567273713360306,0.0,0.00001550,btc,127645.05905852,0.32890454,0.8362135545957223,19
1,[],5,[],2019-05-07 01:51:38,0.0,0,0,7561271,2019-05-07 01:51:38,btc,0.0,0.000338,0,btc,0.0,0.0,0.0,19
1,[],12,[],2019-05-07 01:51:39,187021.70659891,0.0000151800000000000003506916979034713222063146531581878662109375,0.0000000008784863340000001,7561272,2019-05-07 01:51:39,btc,0.2761168944028967,0.0,0.0000151800000000000003506916979034713222063146531581878662109375,btc,2300.39413244,0.0019056377990781,0.0930646399991374,19
0,[],27,[],2019-05-07 01:51:46,0.0,0,0,7561273,2019-05-07 01:51:46,,0.0,0.0,0,btc,0.0,0.0,0.0,19
0,[],2,[],2019-01-20 23:24:19,0.0,0,0,6476924,2019-01-20 23:24:19,,0.0,0.0,0,,0.0,0.0,0.0,19
1,[],4,[],2019-05-07 01:51:48,1896358.59220945,0.00000010,0.00000000000578713,7561274,2019-05-07 01:51:48,btc,5.281490915425295,0.0,0.00000010,btc,2279170.28595418,0.0,0.0668365370578882,20
1,[],4,[],2019-05-07 01:51:49,76513228.43018357,0.00000001,0.000000000000578713,7561275,2019-05-07 01:51:49,btc,39343.112705178646,0.0,0.00000001,btc,52320214.68004999,0.50906812,0.7651322843018358,21
1,[],12,[],2019-05-07 01:51:52,3839997.0,0.00000001,0.0000000000005787130000000001,7561276,2019-05-07 01:51:52,btc,2895.660823185824,0.0,0.00000001,btc,7181972.54845151,0.0009635401498502,0.03839997,21
0,[],17,[],2019-05-03 00:53:51,0.0,0,0,7558891,2019-05-03 00:53:51,btc,0.0,0.0,0,btc,0.0,0.0,0.0,21
1,[],12,[],2019-05-07 01:51:54,8694266825.581,0.0000000005,0.00000000000002893565,7561277,2019-05-07 01:51:54,btc,311119402495.46436,0.0,0.0000000005,btc,2725574380.010989,0.10228254218431566,1.9765988204105,23
0.0000000003096355,[],27,[],2019-05-07 01:52:03,671179.0,3.096355e-18,1.791900891115e-22,7561278,2019-05-07 01:52:03,eth,10109.308798020493,753532.0,0.00000001,eth,5999301.0684,2.33320257586e-12,2.078208452545e-12,23
1,[],4,[],2019-05-07 01:52:04,859198.15789292,0.00000033,0.000000000019097529000000002,7561279,2019-05-07 01:52:04,btc,13.964540900089816,0.0,0.00000033,btc,2183961.20692416,0.0081804,0.1010667052613988,24
1,[],22,[],2019-05-07 01:52:07,1021.76,0.00000100,0.000000000057871300000000004,7561280,2019-05-07 01:52:07,BTC,7.415e-05,0.0,0.00000100,BTC,23.919354838709676,0.0,0.00011186,24
0.0,[],25,[],2019-05-07 01:52:08,0.0,0,0,7561281,2019-05-07 01:52:08,,0.0,0.0,0.0,btc,0.0,0.0,0.0,24
1,[],4,[],2019-05-07 01:52:09,26961755.28014522,0.00000560,0.00000000032407928000000003,7561282,2019-05-07 01:52:09,btc,11.573815743184925,0.0,0.00000560,btc,305698.90809506,0.06357287,0.5753472435777199,26
1,[],10,[],2019-05-07 01:52:12,117732.91176137,0.00000852,0.000000000493063476,7561283,2019-05-07 01:52:12,btc,25.495490946485962,3751.63494249,0.00000852,btc,19794.74951902,0.0,0.0691252778225883,26
0,[],2,[],2019-01-20 23:25:56,0.0,0,0,6476976,2019-01-20 23:25:56,,0.0,0.0,0,,0.0,0.0,0.0,26
1,[],11,[],2019-04-30 04:16:17,7094566.83690364,0.00000006,0.000000000003115554,7518027,2019-04-30 04:16:17,btc,67504.138725751,6116.07566417,0.00000006,btc,6591680.7351637,0.0,0.38529422037817224,27
1,[],5,[],2019-04-26 09:47:06,0.0,0,0,7465326,2019-04-26 09:47:06,btc,0.0,0.0,0,btc,0.0,0.0,0.0,27
1,[],3,[],2019-04-28 02:38:55,141621.60361514,0.00000001,0.0000000000005253330000000001,7491060,2019-04-28 02:38:55,btc,2.501704004580372,921815.184511,0.00000001,btc,21091882.2176418,0.0,0.0014162160361513999,27
1,[],4,[],2019-05-07 01:52:13,1406061066.1983676,0.00000002,0.000000000001157426,7561284,2019-05-07 01:52:13,btc,4.851812226733131,0.0,0.00000002,"btc,ltc",274695191.77999353,0.32410488,8.514946776274824,29
1,[],7,[],2019-05-07 01:52:14,114316308.2578791,0.00000002,0.0000000000011574260000000002,7561285,2019-05-07 01:52:14,btc,46550610.4636231,521850.658954,0.00000002,btc,31536295.94660649,0.01044051,1.275252141355271,29
1,[],4,[],2019-05-07 01:52:15,1399791.13975039,0.00000013,0.000000000007523269,7561286,2019-05-07 01:52:15,btc,2.451840578082232,0.0,0.00000013,btc,1838173.91599761,0.03656868,0.0398231248008582,30
0,[],17,[],2019-05-03 01:11:25,0.0,0,0,7559066,2019-05-03 01:11:25,btc,0.0,0.0,0,btc,0.0,0.0,0.0,30
1,[],4,[],2019-05-07 01:52:17,188941.17706652,0.00006625,0.000000003833973625,7561287,2019-05-07 01:52:17,btc,6.3157937873292305,0.0,0.00006625,btc,59108.72208992,1.09196168,1.089346300705925,31
1,[],21,[],2019-05-07 01:52:18,42893.82480361,0.00006629999999999999879974482697,0.00000000383686719,7561288,2019-05-07 01:52:18,btc,3.5797874608910263,258239.89745672,0.000066299999999999998799744826971647171376389451324939727783203125,btc,48685.89348545,17.83193477,2.68097482334086,31
0,[],2,[],2019-01-20 23:28:43,0.0,0,0,6477009,2019-01-20 23:28:43,,0.0,0.0,0,,0.0,0.0,0.0,32
0,[],4,[],2019-05-07 01:52:20,0.0,0,0,7561289,2019-05-07 01:52:20,,0.0,0.0,0,,0.0,0.0,0.0,33
1,[],12,[],2019-03-30 07:55:10,40641173.964,0.00000003,0.000000000001228359,7108785,2019-03-30 07:55:10,btc,4233210.82356125,0.0,0.00000003,btc,28378394.68333462,0.0126927883965248,0.90752895892,33
0,[],4,[],2019-05-07 01:52:21,0.0,0,0,7561290,2019-05-07 01:52:21,,3.736129557554937,0.0,0,,150510608.4561641,0.01411218,0.0,34
1,[],5,[],2019-05-07 01:52:23,0.0,0,0,7561291,2019-05-07 01:52:23,btc,0.0,0.02884862,0,btc,0.0,0.0,0.0,34
0.000000000133684,[],4,[],2019-05-02 18:17:45,3384239970.6360936,1.3368400000000002e-18,7.293946092400001e-23,7556428,2019-05-02 18:17:45,ltc,5.381102735485169e-08,0.0,0.00000001,ltc,6862894551.7408495,0.0,4.524187362345155e-09,36
1,[],5,[],2019-05-02 18:17:46,0.0,0,0,7556429,2019-05-02 18:17:46,btc,0.0,0.0,0,btc,0.0,0.0,0.0,36
0.0000000002926451,[],17,[],2019-05-02 18:17:47,200000.0,2.9264510000000002e-18,1.596703856561e-22,7556430,2019-05-02 18:17:47,eth,0.20942468735267253,0.0,0.00000001,"btc,eth",1018272.20243647,0.0,5.852902e-13,36
0.000000000133684,[],27,[],2019-05-02 18:17:55,7883196.008,1.3368400000000002e-18,7.293946092400001e-23,7556431,2019-05-02 18:17:55,ltc,25567.4086131264,0.0,0.00000001,"ltc,eth",21753551.64,0.0,1.0538571751334722e-11,36
1,[],4,[],2019-05-07 01:52:25,229463.5569126,0.00000025,0.000000000014467825000000001,7561292,2019-05-07 01:52:25,btc,19772.675216498523,0.0,0.00000025,btc,832482.85080526,0.01426917,0.0275333074351343,37
1,[],12,[],2019-05-07 01:52:25,943719.10220211,0.00000024,0.000000000013889112,7561293,2019-05-07 01:52:25,btc,19604.964716620194,0.0,0.00000024,btc,582612.81396847,0.0281092128666353,0.0942976599999921,37
1,[],27,[],2019-05-07 01:52:36,1600.0,0.00000015,0.000000000008680695,7561294,2019-05-07 01:52:36,btc,24.12824334291843,77.0,0.00000015,btc,5839.49448498,2.695e-05,3e-05,37
1,[],17,[],2019-05-03 01:11:36,211752.74075282,0.00000025,0.000000000013700074999999998,7559074,2019-05-03 01:11:36,btc,0.055484923955058496,0.0,0.00000025,"btc,eth",1387.19918473,0.0,0.0005381851887916605,37
1,[],5,[],2019-05-07 01:52:38,0.0,0,0,7561295,2019-05-07 01:52:38,btc,0.0,0.00214665,0,btc,0.0,0.0,0.0,42
1,[],12,[],2019-05-07 01:52:38,351647.17433896,0.00000093,0.000000000053820309,7561296,2019-05-07 01:52:38,btc,51.18259873531463,0.0,0.00000093,btc,31030.77527093,0.008972751069978,0.0554432989999731,42
1,[],27,[],2019-05-07 01:52:51,3256.0,0.00000015,0.000000000008680695,7561297,2019-05-07 01:52:51,btc,1.8179904929696,0.0,0.00000015,"btc,eth",2428.82344975,0.0,0.0002475000006398927,42
1,[],12,[],2019-03-13 09:13:29,1112112.0,0.00000001,0.000000000000386531,6919902,2019-03-13 09:13:29,btc,29058.00478931866,0.0,0.00000001,btc,5967681.93306694,9.99000999e-07,0.01112112,43
1,[],5,[],2019-04-26 22:38:52,0.0,0,0,7474154,2019-04-26 22:38:52,btc,0.0,0.02638891,0,btc,0.0,0.0,0.0,43
0,[],17,[],2019-04-26 22:38:53,0.0,0,0,7474155,2019-04-26 22:38:53,btc,0.0,0.0,0,btc,0.0,0.0,0.0,43
1,[],12,[],2019-03-05 01:54:08,639326.02,0.00000004,0.000000000001486676,6845775,2019-03-05 01:54:08,btc,11116042.728239931,0.0,0.00000004,btc,1103841.4595604,0.0003330765234764,0.014975410599999999,44
1,[],4,[],2019-05-07 01:52:53,131684272.12048186,0.00000001,0.000000000000578713,7561298,2019-05-07 01:52:53,btc,436.78103825173054,0.0,0.00000001,"btc,ltc",22985645.89584506,0.0,0.3001187473524519,49
0.0000000001330056,[],4,[],2019-05-07 01:52:53,131460679.58142786,7.4483136e-17,4.3104359083968e-21,7561299,2019-05-07 01:52:53,ltc,21616.284270722706,0.0,0.00000056,ltc,101392944.24791393,0.0,1.7678205411717619e-09,52
0,[],22,[],2019-05-07 01:52:56,0.0,0,0,7561300,2019-05-07 01:52:56,,10304.87709543,0.0,0,,310505736.4566013,0.0,0.0,57
0.0000000003096355,[],27,[],2019-05-07 01:53:08,10000.0,3.096355e-18,1.791900891115e-22,7561301,2019-05-07 01:53:08,eth,0.0,0.0,0.00000001,"btc,eth",0.0,0.0,3.096355e-14,57
0.0000000001330056,[],4,[],2019-05-07 01:53:10,1145639964.7165446,1.330056e-18,7.69720697928e-23,7561302,2019-05-07 01:53:10,ltc,19.111264113585495,0.0,0.00000001,ltc,5662894345.99197,0.0,1.5237653089110285e-09,58
1,[],12,[],2019-05-07 01:53:11,1576209448.0,0.0000000001,0.000000000000005787130000000001,7561303,2019-05-07 01:53:11,btc,11896833.090747569,0.0,0.0000000001,btc,4250700575.697303,0.004141292769530466,0.1576209448,58
0.000000000116691,[],22,[],2019-05-07 01:53:14,137438.0,1.16691e-18,6.753059868300001e-23,7561304,2019-05-07 01:53:14,XMR,69.1795942,0.0,0.00000001,XMR,9887963.0,0.0,0.00137438,58
1,[],17,[],2019-05-03 01:12:09,1200000.0,0.0000000001,0.00000000000000548003,7559085,2019-05-03 01:12:09,btc,1e+24,0.0,0.0000000001,"btc,eth",39516342.31952568,0.0,0.00010000000058666061,58
1,[],5,[],2019-05-07 01:53:15,0.0,0,0,7561305,2019-05-07 01:53:15,btc,0.0,0.01222528,0,btc,0.0,0.0,0.0,61
1,[],22,[],2019-05-07 01:53:18,13613.833333333334,0.00000012,0.0000000000069445560000000006,7561306,2019-05-07 01:53:18,BTC,1002.29626883,0.0,0.00000012,BTC,15392.180177125656,0.0,0.00153269,61
1,[],26,[],2019-05-07 01:53:18,0.0,0.00000100,0.000000000057871300000000004,7561307,2019-05-07 01:53:18,btc,0.0,0.0,0.00000100,btc,0.0,0.0,0.0,61
0.0000000003096355,[],27,[],2019-05-07 01:53:25,100000.0,3.096355e-18,1.791900891115e-22,7561308,2019-05-07 01:53:25,eth,1.9482732497246655,0.0,0.00000001,"btc,eth",13266.51663696,0.0,3.096355e-13,61
1,[],28,[],2019-05-07 01:54:07,1039.304,0.00000008,0.000000000004629704,7561309,2019-05-07 01:54:07,btc,2.056501795415105,637.0,0.00000008,btc,10022.46650005,0.0,2.439304e-05,61
1,[],4,[],2019-05-07 01:54:08,1241134.98117519,0.00000112,0.000000000064815856,7561310,2019-05-07 01:54:08,btc,1.0992367759723376,0.0,0.00000112,btc,433290.60112079,0.11848071,0.8419583647648804,67
0.0,[],25,[],2019-05-07 01:54:10,0.0,0,0,7561311,2019-05-07 01:54:10,,0.0,0.0,0.0,btc,0.0,0.0,0.0,67
1,[],12,[],2019-05-07 01:54:10,624453.33333333,0.00000014,0.000000000008101982,7561312,2019-05-07 01:54:10,btc,55595380.25438282,0.0,0.00000014,btc,1484924.97205232,0.0001294831668324,0.0249005999999996,71
,[],5,[],2018-11-20 23:02:39,1.5e-07,0.00000005,0.000000000002128045,4862160,2018-11-20 23:02:39,btc,2.84511358,0.0,,btc,0.00036572,0.0,0.07381892,74
1,[],5,[],2019-05-07 01:54:12,0.0,0,0,7561313,2019-05-07 01:54:12,btc,0.0,0.00312236,0,btc,0.0,0.0,0.0,75
0,[],4,[],2019-05-07 01:54:13,0.0,0,0,7561314,2019-05-07 01:54:13,,133703.44050792317,0.0,0,,35150289.66593586,0.00045218,0.0,81
0,[],20,[],2019-01-25 09:30:31,0.0,0,0,6495923,2019-01-25 09:30:31,btc,0.0,0.0,0,btc,0.0,0.0,0.0,81
1,[],4,[],2019-05-07 01:54:15,30427.34295926,0.00006896,0.000000003990804848,7561315,2019-05-07 01:54:15,btc,18.354686038063832,0.0,0.00006896,btc,21974.17677343,0.81068749,0.5564038063218779,82
1,[],21,[],2019-05-07 01:54:15,262718.56810175,0.00006810999999999999671672357149,0.000000003941614243,7561316,2019-05-07 01:54:15,btc,3.3953025887199497,6304.71332382,0.00006810999999999999671672357148821674854843877255916595458984375,btc,44302.01832139,0.41727755,2.3474677148785505,82
0,[],17,[],2019-03-25 22:42:34,0.0,0,0,7038780,2019-03-25 22:42:34,btc,0.0445064681804024,0.0,0,btc,995513.18476001,0.0,0.0,84
0.00000000013644,[],4,[],2019-05-01 19:17:39,299701867.376,1.3644e-18,7.259508504e-23,7542161,2019-05-01 19:17:39,ltc,1.6769037726995486,0.0,0.00000001,ltc,427823536.87452894,0.00010978,4.089132278478144e-10,85
,[],22,[],2018-11-20 23:09:34,3408.1,0.0000001,0.0000000000041895,4862324,2018-11-20 23:09:34,BTC,0.04624735,0.0,,BTC,4990.0,0.0,0.00033081,86
1,[],22,[],2019-04-28 12:40:53,100736.0,0.00000003,0.000000000001581999,7496039,2019-04-28 12:40:53,BTC,3.65981852,0.0,0.00000003,BTC,220119.54736842104,0.0,0.00122208,87
1,[],27,[],2019-04-28 12:41:07,94210.0,0.00000001,0.0000000000005273330000000001,7496040,2019-04-28 12:41:07,btc,5.5716688171676,0.0,0.00000001,btc,48984.90885,0.0,0.0009421,87
,[],2,[],2018-11-20 23:10:47,0.0,0,0,4862359,2018-11-20 23:10:47,,0.0,0.0,,,0.0,0.0,0.0,88
1,[],11,[],2019-05-07 01:54:17,83719.04127352,0.00013029999999999999590362398382836772725568152964115142822265625,0.00000000754063039,7561317,2019-05-07 01:54:17,btc,169.05918059309505,0.2,0.00013029999999999999590362398382836772725568152964115142822265625,btc,162732.14922552,0.0,4.855233652260954,89
0,[],2,[],2019-01-20 23:31:45,0.0,0,0,6477083,2019-01-20 23:31:45,,0.0,0.0,0,,0.0,0.0,0.0,91
1,[],12,[],2019-05-07 01:54:19,400216.39111933,0.00000069,0.000000000039931197,7561318,2019-05-07 01:54:19,btc,73.19700589768358,0.0,0.00000069,btc,149265.97782722,0.0,0.0440829496999564,91
1,[],22,[],2019-05-07 01:54:23,76014.0,0.0000008,0.00000000004629704,7561319,2019-05-07 01:54:23,BTC,0.1,0.0,0.0000008,"BTC,LTC",1.0,0.0,0.0017135,91
0,[],17,[],2019-05-03 01:12:26,0.0,0,0,7559096,2019-05-03 01:12:26,btc,0.0,0.0,0,btc,0.0,0.0,0.0,91
1,[],22,[],2019-04-09 20:17:52,374949.73333333334,0.00000015,0.000000000007771935,7235704,2019-04-09 20:17:52,BTC,6.87372503,0.0,0.00000015,"BTC,LTC",159980.01196797504,1.1e-05,0.80510266,95
0.0000000001330056,[],4,[],2019-05-07 01:54:23,553593225.2942495,7.7143248e-17,4.4643800479824e-21,7561320,2019-05-07 01:54:23,ltc,11.321547076663103,0.0,0.00000058,ltc,132885935.73894332,0.0,1.572513595892411e-09,96
0,[],12,[],2019-05-07 01:54:24,0.0,0,0,7561321,2019-05-07 01:54:24,btc,25054.263516130075,0.0,0,btc,6821605.82664734,4.02697302697e-05,0.0,96
0,[],17,[],2019-05-03 01:12:32,0.0,0,0,7559100,2019-05-03 01:12:32,btc,0.0,0.0,0,btc,0.0,0.0,0.0,96
1,[],4,[],2019-04-14 03:32:46,1039404.33283278,0.00000038,0.000000000019245518,7293458,2019-04-14 03:32:46,btc,4.170086055365747,0.0,0.00000038,btc,3097704.34561074,0.06260606,0.1859928211030784,99
1,[],4,[],2019-05-07 01:54:27,333628.72189194,0.00003624,0.000000002097255912,7561322,2019-05-07 01:54:27,btc,6.8593324678803045,0.0,0.00003624,btc,115832.51067681,0.30563047,0.6919449680946744,100
0,[],2,[],2019-01-20 23:23:55,0.0,0,0,6476914,2019-01-20 23:23:55,,0.0,0.0,0,,0.0,0.0,0.0,100
1,[],22,[],2019-05-07 01:54:30,130000.0,0.00000001,0.000000000000578713,7561323,2019-05-07 01:54:30,BTC,24.83526409,0.0,0.00000001,BTC,11187.719,0.0,0.0013,101
1,[],4,[],2019-05-07 01:54:31,571209.77936432,0.00001046,0.000000000605333798,7561324,2019-05-07 01:54:31,btc,339.0331246728446,0.0,0.00001046,btc,284827.75016699,3.79821476,0.7473184923999195,103
1,[],12,[],2019-05-07 01:54:33,114655135.51292,0.000000005,0.00000000000028935650000000004,7561325,2019-05-07 01:54:33,btc,468525102.2346262,0.0,0.000000005,btc,106891187.14860132,0.00398042289710298,0.23537224971276002,105
1,[],27,[],2019-05-07 01:54:39,11976.0,0.00000001,0.000000000000578713,7561326,2019-05-07 01:54:39,btc,0.0689357688051137,0.0,0.00000001,btc,864584.59450753,0.0,0.00011976,105
1,[],22,[],2019-04-21 00:17:26,21333.0,0.00000001,0.000000000000532493,7385819,2019-04-21 00:17:26,BTC,51.38182867,0.0,0.00000001,BTC,470435.0,0.0,0.00021333,107
1,[],26,[],2019-04-21 00:17:26,0.0,0.00000000,0,7385820,2019-04-21 00:17:26,btc,0.0,0.0,0.00000000,btc,0.0,0.0,0.0,107
1,[],5,[],2019-05-07 01:54:41,0.0,0,0,7561327,2019-05-07 01:54:41,btc,0.0,0.00757073,0,btc,0.0,0.0,0.0,112
0,[],22,[],2019-05-07 01:54:44,0.0,0,0,7561328,2019-05-07 01:54:44,,2.79003697,0.0,0,,1380942.0833333333,0.0,0.0,112
1,[],27,[],2019-05-07 01:54:52,1.0,0.00000001,0.000000000000578713,7561329,2019-05-07 01:54:52,btc,1.25032588,0.0,0.00000001,"btc,eth",1819.0,0.0,1e-08,112
1,[],4,[],2019-05-07 01:54:52,350508.29084008,0.00000173,0.000000000100117349,7561330,2019-05-07 01:54:52,btc,5.231460828227947,0.0,0.00000173,btc,523344.11371692,0.16075446,0.2330376945282552,113
1,[],5,[],2019-05-07 01:54:54,0.0,0,0,7561331,2019-05-07 01:54:54,btc,0.0,0.0,0,btc,0.0,0.0,0.0,113
1,[],17,[],2019-04-26 02:17:47,162738.278,0.00000004,0.0000000000021069000000000002,7461287,2019-04-26 02:17:47,btc,1.3331140273775473,0.0,0.00000004,btc,51796.221,0.0,0.00230953112,116
0,[],27,[],2019-04-26 02:19:51,0.0,0,0,7461288,2019-04-26 02:19:51,,0.0,0.0,0,,0.0,0.0,0.0,116
1,[],4,[],2019-05-07 01:54:55,137525.92559868,0.00001024,0.000000000592602112,7561332,2019-05-07 01:54:55,btc,132.09843132828007,0.0,0.00001024,btc,264386.11311059,0.10224694,1.1048015000394835,120
1,[],7,[],2019-05-07 01:54:57,9472.59896728,0.000012119999999999999155085583790736336595728062093257904052734375,0.000000000701400156,7561333,2019-05-07 01:54:57,btc,231185.8921226907,0.0,0.000012119999999999999155085583790736336595728062093257904052734375,btc,4114.85498974,0.0,0.0182114689813858,120
1,[],20,[],2019-04-07 18:42:29,1914137.0852,0.000000035,0.0000000000017871910000000002,7211992,2019-04-07 18:42:29,btc,32.2497668025648,25528.85,0.000000035,btc,1001975.4986,0.00089350975,0.0152723574729,125
1,[],22,[],2019-05-07 01:55:03,110000.0,0.00000001,0.000000000000578713,7561334,2019-05-07 01:55:03,BTC,0.032061,0.0,0.00000001,BTC,299316.7611111111,0.0,0.0011,126
1,[],4,[],2019-05-07 01:55:04,1858666.75566024,0.00000960,0.00000000055556448,7561335,2019-05-07 01:55:04,btc,3.773965845289935,0.0,0.00000960,btc,167507.36827648,0.10366868,0.4891412873437695,131
0,[],2,[],2019-01-20 23:25:46,0.0,0,0,6476969,2019-01-20 23:25:46,,0.0,0.0,0,,0.0,0.0,0.0,131
1,[],17,[],2019-05-03 01:13:10,10000.0,0.00000001,0.000000000000548003,7559115,2019-05-03 01:13:10,btc,0.0953976503951408,0.0,0.00000001,btc,5037.62507334,0.0,0.0001,131
1,[],4,[],2019-05-07 01:55:05,4711.22432997,0.00012743,0.000000007374539759,7561336,2019-05-07 01:55:05,btc,6.011525496599666,0.0,0.00012743,btc,191.61415747,0.0,0.0081468379630474,135
1,[],3,[],2019-05-07 01:55:06,530498.0,0.00000001,0.0000000000005787130000000001,7561337,2019-05-07 01:55:06,btc,0.0934057631805504,129896.5,0.00000001,btc,1024104.34967245,0.0,0.00530498,136
1,[],4,[],2019-05-07 01:55:07,3462372.84054866,0.00000263,0.000000000152201519,7561338,2019-05-07 01:55:07,btc,318.7376412258937,0.0,0.00000263,btc,465370.82570045,0.16649262,0.8272711420450805,137
1,[],12,[],2019-05-07 01:55:08,331310.44446505,0.0000020399999999999999500377954875229846720685600303113460540771484375,0.000000000118057452,7561339,2019-05-07 01:55:08,btc,48520.512612979415,0.0,0.0000020399999999999999500377954875229846720685600303113460540771484375,btc,42326.83310776,0.0024315919580146,0.0376908399999064,137
1,[],4,[],2019-05-07 01:55:10,33420.60306804,0.00003400,0.0000000019676242,7561340,2019-05-07 01:55:10,btc,5.1811519272714674,0.0,0.00003400,btc,68050.43921792,0.16702836,0.1384123823555443,142
1,[],5,[],2019-05-07 01:55:11,0.0,0,0,7561341,2019-05-07 01:55:11,btc,0.0,0.21616717,0,btc,0.0,0.0,0.0,142
1,[],20,[],2019-05-07 01:55:14,167606.9065,0.00003401,0.0000000019682029130000003,7561342,2019-05-07 01:55:14,btc,1.7086003245498,0.0,0.00003401,btc,8215.5399,0.0,0.060130579119,142
1,[],22,[],2019-05-07 01:55:17,1370.0,0.00000200,0.00000000011574260000000001,7561343,2019-05-07 01:55:17,BTC,3.2756588,0.0,0.00000200,BTC,1135.5948275773155,0.0,0.0003632,142
0.0,[],25,[],2019-05-07 01:55:19,0.0,0,0,7561344,2019-05-07 01:55:19,,0.0,0.0,0.0,btc,0.0,0.0,0.0,142
1,[],28,[],2019-05-07 01:55:52,79165.49,0.00003450,0.00000000199655985,7561345,2019-05-07 01:55:52,btc,0.0588024634,237869.0,0.00003450,btc,484.27303,0.0,0.075663825,142
1,[],17,[],2019-05-03 01:13:16,32967.38636364,0.00000088,0.000000000048224264,7559122,2019-05-03 01:13:16,btc,20.06976206696776,0.0,0.00000088,btc,2746.079105,0.0,0.0105613000000032,142
0,[],22,[],2019-05-07 01:55:55,0.0,0,0,7561346,2019-05-07 01:55:55,,66.66505393,0.0,0,,938775805.8,0.0,0.0,143
0,[],22,[],2019-02-25 15:42:22,0.0,0,0,6783783,2019-02-25 15:42:22,,4.2131946,0.0,0,,2322156.0,0.0,0.0,146
,[],22,[],2018-11-20 23:01:11,0.0,0,0,4862114,2018-11-20 23:01:11,,2.56807021,0.0,,,61828.4988236,0.0,0.0,147
1,[],12,[],2019-04-21 06:38:04,193091.5971266,0.00000071,0.000000000037635183,7388679,2019-04-21 06:38:04,btc,2.301232411611175,0.0,0.00000071,btc,9957.48302385,0.00023528,0.0313308199999888,148
1,[],4,[],2019-03-19 21:31:25,255810.0415942,0.00000029,0.000000000011615747,6982695,2019-03-19 21:31:25,btc,218.94922712414143,0.0,0.00000029,btc,793529.37642722,0.00117,0.0608347789473395,152
0,[],22,[],2019-03-19 21:31:27,0.0,0,0,6982696,2019-03-19 21:31:27,,0.0,0.0,0,,0.0,0.0,0.0,152
1,[],5,[],2019-04-26 09:36:59,0.0,0,0,7465040,2019-04-26 09:36:59,btc,0.0,0.0,0,btc,0.0,0.0,0.0,153
,[],16,[],2019-01-11 15:38:59,0.0,0,0,6366141,2019-01-11 15:38:59,btc,0.0,0.0,,btc,0.0,0.0,0.0,155
0,[],22,[],2019-05-07 01:55:59,0.0,0,0,7561347,2019-05-07 01:55:59,,6.78991271,0.0,0,,4661448.342592592,0.0,0.0,156
0,[],23,[],2019-01-20 23:24:29,0.0,0,0,6476932,2019-01-20 23:24:29,,0.0,0.0,0,,0.0,0.0,0.0,156
1,[],22,[],2019-05-07 01:56:02,7066.0,0.00000800,0.00000000046297040000000003,7561348,2019-05-07 01:56:02,BTC,1.79802465,0.0,0.00000800,BTC,802.6461988741639,0.0,0.00062996,157
0,[],22,[],2019-05-07 01:56:05,0.0,0,0,7561349,2019-05-07 01:56:05,,50234.60468402,0.0,0,,54786159.03179465,0.0,0.0,158
,[],17,[],2018-11-20 22:56:10,0.0,0,0,4861976,2018-11-20 22:56:10,btc,1.1265625,0.0,,btc,1000.0,0.0,0.0,159
,[],20,[],2018-11-20 22:56:12,0.0,0,0,4861977,2018-11-20 22:56:12,btc,11912.7940471,0.0,,btc,34413894.3617,0.0,0.0,159
1,[],12,[],2019-05-07 01:56:07,264432.01962194,0.000003899999999999999929396754527743951257434673607349395751953125,0.00000000022569807000000002,7561350,2019-05-07 01:56:07,btc,13.56369629756151,0.0,0.000003899999999999999929396754527743951257434673607349395751953125,btc,11614.01094598,0.001433131421446,0.0487866746784017,168
1,[],17,[],2019-05-03 01:13:36,42852.0,0.00000002,0.000000000001096006,7559132,2019-05-03 01:13:36,btc,0.04279856251542,0.0,0.00000002,btc,274.46171372,0.0,0.00052852,168
1,[],22,[],2019-05-07 01:56:11,743122.0,0.00000001,0.000000000000578713,7561351,2019-05-07 01:56:11,BTC,41.40912107,0.0,0.00000001,BTC,1593401.2737547632,0.00342649,0.00743122,169
1,[],22,[],2019-05-07 01:56:14,194400.0,0.00000002,0.000000000001157426,7561352,2019-05-07 01:56:14,BTC,30.18744777,0.0,0.00000002,BTC,436374.58201967884,0.0101507,0.001949,171
1,[],22,[],2019-05-07 01:56:19,106330.08333333333,0.00000013,0.000000000007523269,7561353,2019-05-07 01:56:19,BTC,22.16786685,0.0,0.00000013,"BTC,LTC",662818.9853207375,0.00366528,0.00243661,173
1,[],5,[],2019-05-06 19:49:32,0.0,0,0,7559281,2019-05-06 19:49:32,btc,0.0,0.00023336,0,btc,0.0,0.0,0.0,175
1,[],22,[],2019-05-07 01:56:22,94350.0,0.00000001,0.000000000000578713,7561354,2019-05-07 01:56:22,BTC,394.02772459,0.0,0.00000001,BTC,139955.2850009791,0.0,0.0009435,176
1,[],7,[],2019-05-07 01:56:24,0.0,0,0,7561355,2019-05-07 01:56:24,btc,520270.8857881791,1500000.0,0,btc,19653386.483368568,0.015,0.0,178
0,[],22,[],2019-05-07 01:56:26,0.0,0,0,7561356,2019-05-07 01:56:26,,1.00242428,0.0,0,,57512.0,0.0,0.0,178
0,[],2,[],2019-01-20 23:28:34,0.0,0,0,6477001,2019-01-20 23:28:34,,0.0,0.0,0,,0.0,0.0,0.0,178
1,[],5,[],2019-05-07 01:56:28,0.0,0,0,7561357,2019-05-07 01:56:28,btc,0.0,0.33660134,0,btc,0.0,0.0,0.0,179
1,[],22,[],2019-05-07 01:56:31,3051281.0,0.00000002,0.000000000001157426,7561358,2019-05-07 01:56:31,BTC,5.32300637,0.0,0.00000002,BTC,13296909.745280009,0.01502153,0.03287524,179
0,[],23,[],2019-01-20 23:25:08,0.0,0,0,6476952,2019-01-20 23:25:08,,0.0,0.0,0,,0.0,0.0,0.0,179
1,[],22,[],2019-05-07 01:56:38,641258.971048321,0.0000008,0.00000000004629704,7561359,2019-05-07 01:56:38,BTC,39.05920804,0.0,0.0000008,"BTC,LTC",153251.15921356747,0.0046898,0.55417964,180
1,[],26,[],2019-05-07 01:56:38,0.0,0.00000120,0.00000000006944556,7561360,2019-05-07 01:56:38,btc,0.0,50.0,0.00000120,btc,0.0,0.0,0.0,180
1,[],17,[],2019-05-03 01:13:56,20504.725000000002,0.0000001,0.00000000000548003,7559141,2019-05-03 01:13:56,btc,5.2010695838400265,0.0,0.0000001,btc,5033.45945,0.0,0.0011504725,180
,[],7,[],2018-11-20 22:58:01,562227.975654,0.00000085,0.000000000036176765,4862015,2018-11-20 22:58:01,btc,21836.6059674,2491.87645172,,btc,749999.041456,0.00211021,0.127565380455,183
,[],5,[],2019-01-10 08:11:41,0.0,0,0,6347036,2019-01-10 08:11:41,btc,82.15055501,0.00261,,btc,1.19002445,0.0,0.0,187
1,[],24,[],2019-04-30 17:34:05,0.0,0.000000000014,7.396256000000001e-16,7526291,2019-04-30 17:34:05,btc,0.0,0.0,0.000000000014,btc,0.0,0.0,0.0,187
,[],17,[],2018-11-16 20:58:10,4062536.27273,0.00000001,0.000000000000550501,4708775,2018-11-16 20:58:10,btc,3.36492563466,0.195460381006,,"btc,eth",110697919.549,0.0,0.0157628953496,187
0,[],22,[],2019-04-25 02:54:07,0.0,0,0,7447896,2019-04-25 02:54:07,,7.54794454,0.0,0,,76361.7243344055,0.0,0.0,191
0,[],22,[],2019-05-07 01:56:43,0.0,0,0,7561361,2019-05-07 01:56:43,,0.0,0.0,0,,0.0,0.0,0.0,197
0,[],23,[],2019-01-20 23:31:41,0.0,0,0,6477079,2019-01-20 23:31:41,,0.0,0.0,0,,0.0,0.0,0.0,199
0.0000000001330056,[],22,[],2019-05-07 01:56:47,54734331.0,2.660112e-18,1.539441395856e-22,7561362,2019-05-07 01:56:47,LTC,18.75572353,0.0,0.00000002,LTC,35253416.0,0.0,0.64068281,199
1,[],26,[],2019-05-07 01:56:47,0.0,0.00000000,0,7561363,2019-05-07 01:56:47,btc,0.0,0.0,0.00000000,btc,0.0,0.0,0.0,199
0,[],2,[],2019-01-20 23:30:49,0.0,0,0,6477059,2019-01-20 23:30:49,,0.0,0.0,0,,0.0,0.0,0.0,201
1,[],4,[],2019-01-25 15:51:35,2084389.58565343,0.00000936,0.000000000333526752,6499557,2019-01-25 15:51:35,btc,2.0092503037378524,0.0,0.00000936,btc,160195.80207885,0.19272417,1.242687955921835,211
1,[],7,[],2019-05-07 01:56:51,14175043.93248463,0.00000086,0.000000000049769318,7561364,2019-05-07 01:56:51,btc,15559137.642708382,348629.5752,0.00000086,btc,12212836.27694016,0.0,2.2324752650785324,212
1,[],12,[],2019-01-25 02:44:32,207462.42853209,0.000001080000000000000035831255497387193287295303889550268650054931640625,0.000000000038610756000000006,6493050,2019-01-25 02:44:32,btc,85023.03793723314,0.0,0.000001080000000000000035831255497387193287295303889550268650054931640625,btc,43675.73520027,0.000146250909087,0.0348620860622024,213
1,[],5,[],2019-05-06 19:52:08,0.0,0,0,7559293,2019-05-06 19:52:08,btc,0.0,0.73592961,0,btc,0.0,0.0,0.0,213
1,[],24,[],2019-05-06 19:52:08,0.0,0.000000050000,0.00000000000287967,7559294,2019-05-06 19:52:08,btc,0.0,0.0,0.000000050000,btc,0.0,0.0,0.0,213
1,[],26,[],2019-05-06 19:52:08,0.0,0.00000040,0.00000000002303736,7559295,2019-05-06 19:52:08,btc,0.0,0.0,0.00000040,btc,0.0,0.0,0.0,213
0,[],22,[],2019-05-07 01:56:53,0.0,0,0,7561365,2019-05-07 01:56:53,,11.26999216,0.0,0,,2172454.2040649247,0.0,0.0,216
1,[],27,[],2019-05-07 01:57:06,36096.0,0.00000002,0.000000000001157426,7561366,2019-05-07 01:57:06,btc,57.87987719803932,51250.0,0.00000002,"btc,ltc",210550.497308,0.001025,0.00036751,216
1,[],22,[],2019-05-07 01:57:09,326674.11267605633,0.00000142,0.00000000008217724600000001,7561367,2019-05-07 01:57:09,BTC,12055.01403708,0.0,0.00000142,BTC,438862.57764585863,0.02870259,0.10333477,217
1,[],7,[],2019-05-07 01:57:10,0.0,0,0,7561368,2019-05-07 01:57:10,btc,111302.56967336107,0.0,0,btc,137382971.78428552,0.0,0.0,219
0,[],27,[],2019-05-07 01:57:16,0.0,0,0,7561369,2019-05-07 01:57:16,,0.01810337,0.0,0,btc,1580037.0,0.0,0.0,219
0.0000000000000045,[],28,[],2019-05-07 01:57:49,489172109.014,2.700045e-18,1.562551142085e-22,7561370,2019-05-07 01:57:49,doge,3650161.30722505,579478.9347,0.00060001,"btc,doge",44738063.5033,0.0,2.892765012536799e-11,219
1,[],22,[],2019-05-07 01:57:52,405857.0,0.00000005,0.000000000002893565,7561371,2019-05-07 01:57:52,BTC,56.83025662,0.0,0.00000005,BTC,168795.81494054076,1.889e-05,0.01336485,221
1,[],24,[],2019-05-07 01:57:52,0.0,0.000000010000,0.000000000000578713,7561372,2019-05-07 01:57:52,btc,0.0,0.0,0.000000010000,btc,0.0,0.0,0.0,221
1,[],20,[],2019-05-07 01:57:55,12215979.1583,0.00000001,0.000000000000578713,7561373,2019-05-07 01:57:55,btc,100092.92235796685,242411.381,0.00000001,btc,22929825.5625,0.0031891439494,0.0533295320409,224
0,[],22,[],2019-05-07 01:57:57,0.0,0,0,7561374,2019-05-07 01:57:57,,0.0,0.0,0,,0.0,0.0,0.0,224
1,[],26,[],2019-05-07 01:57:58,0.0,0.00000026,0.000000000015046538,7561375,2019-05-07 01:57:58,btc,0.0,0.0,0.00000026,btc,0.0,0.0,0.0,231
1,[],26,[],2019-05-07 01:57:58,0.0,0.00000005,0.000000000002893565,7561376,2019-05-07 01:57:58,btc,0.0,100.0,0.00000005,btc,0.0,0.0,0.0,234
0.0000000003096355,[],27,[],2019-05-07 01:58:07,10000.0,3.096355e-18,1.791900891115e-22,7561377,2019-05-07 01:58:07,eth,0.01134836604,0.0,0.00000001,"btc,eth",11462.996,0.0,3.096355e-14,234
1,[],4,[],2019-04-29 21:02:20,217188.93193785,0.00000080,0.00000000004151584,7514327,2019-04-29 21:02:20,btc,5.239800103892936,0.0,0.00000080,btc,797346.30008933,0.0,0.0590549781555679,236
1,[],24,[],2019-04-29 21:02:20,0.0,0.000000100000,0.00000000000518948,7514328,2019-04-29 21:02:20,btc,0.0,0.0,0.000000100000,btc,0.0,0.0,0.0,236
1,[],5,[],2019-05-06 20:53:15,0.0,0,0,7559637,2019-05-06 20:53:15,btc,0.0,0.20253514,0,btc,0.0,0.0,0.0,237
1,[],20,[],2019-05-06 20:53:18,38173217.6136,0.000000083,0.0000000000047460728,7559638,2019-05-06 20:53:18,btc,21342.514614200165,8832375.7238,0.000000083,btc,27701499.3386,0.7554403456107,1.3621107610479,237
1,[],22,[],2019-05-06 20:53:20,343938.0,0.00000009,0.000000000005146344,7559639,2019-05-06 20:53:20,BTC,1.20267422,0.0,0.00000009,BTC,17930.94871794872,0.0,0.01017442,237
1,[],4,[],2019-05-07 01:58:09,6460519.51694061,0.00000018,0.000000000010416834000000001,7561378,2019-05-07 01:58:09,btc,3.4892499138627637,0.0,0.00000018,btc,9750365.59394941,0.23187301,0.538691479197108,238
1,[],5,[],2019-05-07 01:58:11,0.0,0,0,7561379,2019-05-07 01:58:11,btc,0.0,0.00250986,0,btc,0.0,0.0,0.0,238
0,[],22,[],2019-03-12 16:49:32,0.0,0,0,6914458,2019-03-12 16:49:32,,0.40415746,0.0,0,,526736.5639027493,0.0,0.0,249
0,[],22,[],2019-05-07 01:58:13,0.0,0,0,7561380,2019-05-07 01:58:13,,4.16048771,0.0,0,,35493074.69978836,0.0,0.0,252
1,[],28,[],2019-05-07 01:58:37,42074961.509,0.00000047,0.000000000027199511000000002,7561381,2019-05-07 01:58:37,btc,3.654364326611,483556.417,0.00000047,btc,2998935.4629,0.0,0.72550752732,256
1,[],22,[],2019-05-07 01:58:40,1089068.6666666667,0.00000004,0.000000000002314852,7561382,2019-05-07 01:58:40,BTC,21.88116616,0.0,0.00000004,BTC,522884.63333384093,0.0,0.01160548,258
1,[],22,[],2019-03-13 00:07:30,47146.0,0.00000001,0.000000000000387233,6917028,2019-03-13 00:07:30,BTC,2.415167,0.0,0.00000001,BTC,157.0,0.0,0.00047146,259
1,[],5,[],2019-05-07 01:58:42,0.0,0,0,7561383,2019-05-07 01:58:42,btc,0.0,0.02092403,0,btc,0.0,0.0,0.0,264
1,[],20,[],2019-05-07 01:58:44,1264329.9929,0.000001032,0.0000000000597231816,7561384,2019-05-07 01:58:44,btc,4.8161885024068,74706.6489,0.000001032,btc,87312.3942,0.0975288721141,0.020914344275,264
0,[],22,[],2019-04-12 17:57:27,0.0,0,0,7278186,2019-04-12 17:57:27,,66.37522201,0.0,0,,677842.4169881374,0.0,0.0,271
0,[],22,[],2019-05-07 01:58:47,0.0,0,0,7561385,2019-05-07 01:58:47,,33050467.4724609,0.0,0,,14361462970.7,0.0,0.0,272
0.0000000000000045,[],28,[],2019-05-07 01:59:18,398309315975.5,1.305e-21,7.55220465e-26,7561386,2019-05-07 01:59:18,doge,26831802.403555088,2743270493.118,0.00000029,doge,353976750829.509,0.0,2.2792791925030498e-10,272
1,[],22,[],2019-05-07 01:59:21,168039.7,0.00000013,0.000000000007523269,7561387,2019-05-07 01:59:21,BTC,427.42495672,0.0,0.00000013,BTC,249705.37764460206,0.0,0.00918978,281
1,[],22,[],2019-05-07 01:59:25,105531.1,0.00000002,0.000000000001157426,7561388,2019-05-07 01:59:25,BTC,536.90470511,0.0,0.00000002,"BTC,LTC",596565.2922801868,0.00109671,0.00756194,286
0,[],22,[],2019-05-07 01:59:27,0.0,0,0,7561389,2019-05-07 01:59:27,,7337883.29829334,0.0,0,,1299453029.2797825,0.0,0.0,294
