pairValue,buyBook,exchangeId,sellBook,updated,buyTotal,satoshiPrice,usdPrice,exchangeLogId,created,bestPair,sellTotalBtc,volume,pairPrice,activePairs,sellTotal,volumeBtc,buyTotalBtc,coinId
0,[],2,[],2019-01-20 23:28:45,0.0,0,0,6477011,2019-01-20 23:28:45,,0.0,0.0,0,,0.0,0.0,0.0,1
1,[],3,[],2019-02-10 05:56:12,129.993748112271,0.01314829999999999991799892740118593792431056499481201171875,0.0000004802179905600001,6622172,2019-02-10 05:56:12,btc,107.06014942134578,0.06923177,0.01314829999999999991799892740118593792431056499481201171875,btc,20.88030586252,0.0,0.2792101026323942,1
1,[],4,[],2019-02-10 05:56:13,120076.37673088,0.01309728,0.000000478354576896,6622173,2019-02-10 05:56:13,btc,1.279148854888677,0.0,0.01309728,btc,94.06406853,1.61283651,1.3980121941265007,1
1,[],5,[],2019-02-10 05:56:15,0.33128952,0.01311978,0.000000479176348896,6622174,2019-02-10 05:56:15,btc,14577.91885316,0.13400582,0.01311978,btc,35555556.06284576,0.0,2.888287,1
1,[],10,[],2019-02-10 05:56:17,414592.92574268,0.01205,0.00000044010456,6622175,2019-02-10 05:56:17,btc,6531.281707404407,1226.04208258,0.01205,btc,880.66970587,0.0,4.213496779597311,1
1,[],12,[],2019-02-10 05:56:19,10428.86053545,0.01315000000000000023037127760971998213790357112884521484375,0.00000048028008,6622176,2019-02-10 05:56:19,btc,0.4454590650194,0.0,0.01315000000000000023037127760971998213790357112884521484375,btc,26.50408715,0.6653216424419,0.2623242881611,1
1,[],20,[],2019-02-10 05:56:21,1148.8625,0.010400103,0.0000003798450418896,6622177,2019-02-10 05:56:21,btc,0.0573537536243,0.218,0.010400103,btc,2.5253,0.0025453551741,0.0805827819043,1
1,[],21,[],2019-02-10 05:56:22,1890.0024925,0.01314483999999999964958252718,0.000000480091620288,6622178,2019-02-10 05:56:22,btc,14.0604458251558,2236.47990501,0.01314483999999999964958252718361109145916998386383056640625,"btc,eth",1399.37393162,25.91018704513986,16.05147812060864,1
1,[],22,[],2019-02-10 05:56:26,0.0263776,0.01350000,0.0000004930632,6622179,2019-02-10 05:56:26,BTC,0.31397231,0.0,0.01350000,BTC,0.10124366666666666,0.0,0.00034472,1
1,[],24,[],2019-02-10 05:56:26,0.0,0.000000000000,0,6622180,2019-02-10 05:56:26,btc,0.0,0.0,0.000000000000,btc,0.0,0.0,0.0,1
0.0,[],25,[],2019-02-10 05:56:27,0.0,0,0,6622181,2019-02-10 05:56:27,btc,22.61489999720238,463.03939919,0.0,btc,1674.43879808,6.1336,0.0,1
1,[],26,[],2019-02-10 05:56:46,0.0,0,0,6622182,2019-02-10 05:56:46,,0.0,0.0,0,,0.0,0.0,0.0,1
1,[],28,[],2019-02-10 05:56:47,992.968,0.01231000,0.00000044960059200000003,6622183,2019-02-10 05:56:47,btc,0.162839806,17957.0,0.01231000,btc,8.9,0.0,0.086870176,1
1,[],5,[],2019-02-10 05:56:49,1.656e-05,0.00000063,0.000000000023009616,6622184,2019-02-10 05:56:49,btc,0.13158492,0.00405438,0.00000063,btc,6.778e-05,0.0,0.4380289,2
0,[],22,[],2019-02-10 05:56:51,0.0,0,0,6622185,2019-02-10 05:56:51,,0.0,0.0,0,,0.0,0.0,0.0,2
1,[],5,[],2019-02-10 05:56:53,1.25e-06,0.00000016,0.000000000005843712000000001,6622186,2019-02-10 05:56:53,btc,4.3176401,0.34259628,0.00000016,btc,2.204e-05,0.0,2.90207692,3
1,[],12,[],2019-02-10 05:56:54,12455146.97469769,0.000000167,0.0000000000060993744,6622187,2019-02-10 05:56:54,btc,921343.5163266492,0.0,0.000000167,btc,8553635.83382009,0.0884015770337423,0.5399799074806895,3
0,[],28,[],2019-02-10 05:56:55,0.0,0,0,6622188,2019-02-10 05:56:55,,0.0,0.0,0,,0.0,0.0,0.0,3
0,[],2,[],2019-01-20 23:31:32,0.0,0,0,6477077,2019-01-20 23:31:32,,0.0,0.0,0,,0.0,0.0,0.0,4
1,[],4,[],2019-02-10 05:56:56,401761.4306809,0.00000035,0.000000000012783120000000001,6622189,2019-02-10 05:56:56,btc,0.372179777687613,0.0,0.00000035,btc,350326.68453896,0.00324564,0.0552880864732375,4
1,[],12,[],2019-02-10 05:56:57,1592668.5219999999,0.00000005,0.00000000000182616,6622190,2019-02-10 05:56:57,btc,11113878.379347168,0.0,0.00000005,btc,981530.04599757,0.0019771155244745,0.02767957044,5
0,[],2,[],2019-01-20 23:31:51,0.0,0,0,6477087,2019-01-20 23:31:51,,0.0,0.0,0,,0.0,0.0,0.0,6
1,[],11,[],2019-02-10 05:56:59,1612488.4999525,0.00000002,0.0000000000007304640000000001,6622191,2019-02-10 05:56:59,btc,9433.341313342416,78500.0,0.00000002,btc,40420045.79569339,0.0,0.02355946499905,6
1,[],3,[],2019-02-10 05:57:00,1081.1653062776,0.000145190000000000010889344981279691637610085308551788330078125,0.000000005302803408000001,6622192,2019-02-10 05:57:00,btc,28.399990609446498,0.0,0.000145190000000000010889344981279691637610085308551788330078125,btc,235.145665820227,0.0,0.03253197781718203,7
1,[],4,[],2019-02-10 05:57:00,23110.52089564,0.00019529,0.000000007132615728000001,6622193,2019-02-10 05:57:00,btc,2.103977207763588,0.0,0.00019529,btc,9224.41141361,3.70870657,3.6791861700285393,7
1,[],5,[],2019-02-10 05:57:02,0.00640671,0.00018564,0.000000006780166848,6622194,2019-02-10 05:57:02,btc,1.40764363,0.35985915,0.00018564,btc,0.01198859,0.0,1.79655072,7
1,[],20,[],2019-02-10 05:57:04,59396670.6962,0.000000001,0.0000000000000365232,6622195,2019-02-10 05:57:04,btc,116.5910294586651,1742298.196,0.000000001,btc,33000974.6586,0.001742298196,0.0593966706962,8
0,[],2,[],2019-01-20 23:22:42,0.0,0,0,6476876,2019-01-20 23:22:42,,0.0,0.0,0,,0.0,0.0,0.0,9
0,[],23,[],2019-01-20 23:22:48,0.0,0,0,6476878,2019-01-20 23:22:48,,0.0,0.0,0,,0.0,0.0,0.0,9
1,[],1,[],2019-02-10 05:57:05,2274428.41,0.00000198000000000000010098367454747236848788816132582724094390869140625,0.00000000007231593600000001,6622196,2019-02-10 05:57:05,btc,5.8827705908,8489197.71,0.00000198000000000000010098367454747236848788816132582724094390869140625,btc,2907668.56,16.8542537,4.456651704,9
1,[],4,[],2019-02-10 05:57:05,454134.66470145,0.00000196,0.000000000071585472,6622197,2019-02-10 05:57:05,btc,0.7209497287005681,0.0,0.00000196,btc,359859.93459869,1.9431004,0.8541719434484705,9
1,[],28,[],2019-02-10 05:57:07,34500.0,0.00000165,0.00000000006026328,6622198,2019-02-10 05:57:07,btc,2708.76119522,3528195.0,0.00000165,btc,11732.68,0.0,0.02854,9
1,[],4,[],2019-02-04 22:10:59,7341799.37826053,0.00000002,0.000000000000693444,6584299,2019-02-04 22:10:59,btc,0.1999615409270056,0.0,0.00000002,btc,4135980.29534268,0.00062922,0.0786653918652106,10
0,[],2,[],2019-01-20 23:23:08,0.0,0,0,6476890,2019-01-20 23:23:08,,0.0,0.0,0,,0.0,0.0,0.0,12
1,[],4,[],2019-02-10 05:57:08,2517675.80033309,0.00000142,0.000000000051862944,6622199,2019-02-10 05:57:08,btc,1.2172340377019477,0.0,0.00000142,btc,793993.63568587,1.36288215,3.2789345524803633,12
1,[],5,[],2019-02-10 05:57:09,1.899e-05,0.00000141,0.000000000051497712,6622200,2019-02-10 05:57:09,btc,0.51138763,0.04164891,0.00000141,btc,0.00011417,0.0,0.08804368,12
0.0,[],25,[],2019-02-10 05:57:10,0.0,0,0,6622201,2019-02-10 05:57:10,,0.0,0.0,0.0,btc,0.0,0.0,0.0,12
1,[],10,[],2019-02-10 04:49:19,432522.97401845,0.00000519,0.00000000018975314700000003,6621586,2019-02-10 04:49:19,btc,666806.4718712654,29904.3916121,0.00000519,btc,754412.52363286,0.0,0.2754373610544585,13
1,[],4,[],2019-02-10 05:57:11,1339792.50404126,0.00000634,0.00000000023155708800000002,6622202,2019-02-10 05:57:11,btc,0.816372622782089,0.0,0.00000634,btc,115152.69592264,0.41369204,1.4674047627025741,13
1,[],21,[],2019-02-10 05:57:14,540115.67527535,0.000006469999999999999887214784805,0.000000000236305104,6622203,2019-02-10 05:57:14,btc,4.483622112175185,338948.90900722,0.0000064699999999999998872147848050229157479407149367034435272216796875,btc,608017.74704849,2.21899757,3.183245801382757,13
1,[],4,[],2019-02-10 05:57:15,1157632.87342292,0.00000138,0.000000000050402016,6622204,2019-02-10 05:57:15,btc,0.1744916562460283,0.0,0.00000138,btc,89226.06576489,0.01083648,0.4574372650536675,14
1,[],12,[],2019-02-10 05:57:16,89007.14285714,0.00000128000000000000002678087786256444502441809163428843021392822265625,0.000000000046749696000000006,6622205,2019-02-10 05:57:16,btc,1.7686190480954096,0.0,0.00000128000000000000002678087786256444502441809163428843021392822265625,btc,29735.33237149,0.0013886462454403,0.0108783099999964,14
0,[],17,[],2019-02-10 05:57:17,0.0,0,0,6622206,2019-02-10 05:57:17,btc,0.0,0.0,0,btc,0.0,0.0,0.0,14
1,[],26,[],2019-02-10 05:57:17,0.0,0.00000049,0.000000000017896368,6622207,2019-02-10 05:57:17,btc,0.0,0.0,0.00000049,btc,0.0,0.0,0.0,14
0,[],4,[],2019-02-10 05:57:18,0.0,0,0,6622208,2019-02-10 05:57:18,,0.0,0.0,0,,0.0,0.0,0.0,15
,[],12,[],2018-12-01 15:15:48,204241.84496,0.00000489,0.000000000202473384,5260204,2018-12-01 15:15:48,btc,49.5475654835,0.0,,btc,35763.2193806,0.0163153972027625,0.0203389899998,15
1,[],4,[],2019-02-10 05:57:19,23378.55407663,0.00001745,0.00000000063732984,6622209,2019-02-10 05:57:19,btc,2.2876312474592915,0.0,0.00001745,btc,11121.24365897,0.05577622,0.0367060490514625,18
1,[],10,[],2019-02-10 05:57:21,789836.47228404,0.0000184,0.0000000006720268800000001,6622210,2019-02-10 05:57:21,btc,15.542414158952718,277.73108636,0.0000184,btc,10730.36055816,0.0,0.3111991456182208,18
1,[],12,[],2019-02-10 05:57:22,204753.83290674,0.00001754000000000000147209501533129838435343117453157901763916015625,0.0000000006406169280000001,6622211,2019-02-10 05:57:22,btc,2.982008838571129,0.0,0.00001754000000000000147209501533129838435343117453157901763916015625,btc,1818.6419345699999,0.0014059766059935,0.0420807205808904,18
0,[],17,[],2019-02-10 05:57:23,0.0,0,0,6622212,2019-02-10 05:57:23,btc,0.0,0.0,0,btc,0.0,0.0,0.0,18
0,[],2,[],2019-01-20 23:23:38,0.0,0,0,6476906,2019-01-20 23:23:38,,0.0,0.0,0,,0.0,0.0,0.0,18
1,[],3,[],2019-02-10 05:57:24,124583.19159579978,0.0000220500000000000006433222010659989109626621939241886138916015625,0.0000000008053365600000001,6622213,2019-02-10 05:57:24,btc,0.4672449630434957,0.0,0.0000220500000000000006433222010659989109626621939241886138916015625,btc,5018.393100515442,0.0,0.09749010493175124,19
1,[],4,[],2019-02-10 05:57:25,217308.89774361,0.00002852,0.000000001041641664,6622214,2019-02-10 05:57:25,btc,0.2160498793220735,0.0,0.00002852,btc,6670.09117613,0.72338434,2.8898805914699484,19
1,[],5,[],2019-02-10 05:57:26,0.00019544,0.00002502,0.000000000913810464,6622215,2019-02-10 05:57:26,btc,0.27888172,0.00039771,0.00002502,btc,0.00309201,0.0,0.0758779,19
1,[],12,[],2019-02-10 05:57:27,134843.08049335,0.000030809999999999998086981645162296672424417920410633087158203125,0.000000001125279792,6622216,2019-02-10 05:57:27,btc,0.0285365443315946,0.0,0.000030809999999999998086981645162296672424417920410633087158203125,btc,273.56650949,3.015e-05,0.0327108900001135,19
0,[],27,[],2019-02-10 05:57:29,0.0,0,0,6622217,2019-02-10 05:57:29,,0.0,0.0,0,btc,0.0,0.0,0.0,19
0,[],2,[],2019-01-20 23:24:19,0.0,0,0,6476924,2019-01-20 23:24:19,,0.0,0.0,0,,0.0,0.0,0.0,19
1,[],4,[],2019-02-10 05:57:30,8027823.88110803,0.00000014,0.000000000005113248000000001,6622218,2019-02-10 05:57:30,btc,0.8118377112398147,0.0,0.00000014,btc,1592787.36359222,0.00321595,0.2539391321350342,20
1,[],4,[],2019-02-10 05:50:16,113073042.43008892,0.00000002,0.00000000000073045,6622010,2019-02-10 05:50:16,btc,0.5793980353918431,0.0,0.00000002,btc,15619760.74233774,0.03048199,1.3296280528116189,21
1,[],12,[],2019-02-10 05:50:17,18999837.0,0.00000002,0.00000000000073045,6622011,2019-02-10 05:50:17,btc,669.4758355491022,0.0,0.00000002,btc,8564579.84915351,0.000438117002997,0.25303702,21
0,[],17,[],2019-02-10 05:50:18,0.0,0,0,6622012,2019-02-10 05:50:18,btc,0.0,0.0,0,btc,0.0,0.0,0.0,21
1,[],12,[],2019-02-10 05:57:32,2566842213.043896,0.0000000002,0.00000000000000730464,6622219,2019-02-10 05:57:32,btc,825864718651.2225,0.0,0.0000000002,btc,4302724575.482722,0.004935812715685091,0.26605573015558975,23
0,[],27,[],2019-02-10 05:57:34,0.0,0,0,6622220,2019-02-10 05:57:34,,0.426429,0.0,0,eth,426429.0,0.0,0.0,23
1,[],4,[],2019-02-10 05:50:23,368861.78028038,0.00000068,0.0000000000248353,6622015,2019-02-10 05:50:23,btc,0.1216683908043818,0.0,0.00000068,btc,111348.35561706,0.02275101,0.1858877175718089,24
1,[],22,[],2019-02-10 05:50:33,11.76,0.00000100,0.0000000000365225,6622016,2019-02-10 05:50:33,BTC,7.415e-05,0.0,0.00000100,BTC,23.919354838709676,0.0,1.176e-05,24
0.0,[],25,[],2019-02-10 05:50:34,0.0,0,0,6622017,2019-02-10 05:50:34,,0.0,0.0,0.0,btc,0.0,0.0,0.0,24
1,[],4,[],2019-02-10 05:50:35,27828514.95379999,0.00000636,0.0000000002322831,6622018,2019-02-10 05:50:35,btc,0.41903185945502,0.0,0.00000636,btc,36201.11433346,0.0255478,0.3853517947906672,26
1,[],10,[],2019-02-10 05:50:37,725806.94523368,0.00000596,0.0000000002176741,6622019,2019-02-10 05:50:37,btc,25.92303649164246,133.0,0.00000596,btc,13270.96477388,0.0,0.2076777170239388,26
0,[],2,[],2019-01-20 23:25:56,0.0,0,0,6476976,2019-01-20 23:25:56,,0.0,0.0,0,,0.0,0.0,0.0,26
1,[],3,[],2019-02-10 05:50:39,5934441.03885143,0.00000001,0.000000000000365225,6622020,2019-02-10 05:50:39,btc,2.512782263700088,0.0,0.00000001,btc,16082144.50261569,0.0,0.0593444103885143,27
1,[],5,[],2019-02-10 05:50:41,1e-08,0.00000001,0.000000000000365225,6622021,2019-02-10 05:50:41,btc,1.54741476,0.00012974,0.00000001,btc,4.577e-05,0.0,0.10808531,27
1,[],11,[],2019-02-10 05:50:42,10064996.7912115,0.00000005,0.000000000001826125,6622022,2019-02-10 05:50:42,btc,370.63310344475406,219.9,0.00000005,btc,8170877.7193934005,0.0,0.4661206184459823,27
1,[],4,[],2019-02-10 05:57:34,566395809.2964379,0.00000002,0.0000000000007304640000000001,6622221,2019-02-10 05:57:34,btc,0.3078409108747298,0.0,0.00000002,"btc,ltc",74069054.83771738,0.27601903,7.072353865745316,29
1,[],7,[],2019-02-10 05:57:35,28850655.15162052,0.00000002,0.0000000000007304640000000001,6622222,2019-02-10 05:57:35,btc,44465206.22187071,100443.950091,0.00000002,btc,52303050.53323177,0.00301332,0.422035136865903,29
1,[],4,[],2019-02-10 05:50:47,1497411.05052187,0.00000027,0.000000000009861075,6622025,2019-02-10 05:50:47,btc,0.2042131681720236,0.0,0.00000027,btc,421683.12878488,0.02785704,0.1133432971733287,30
0,[],17,[],2019-02-10 05:50:48,0.0,0,0,6622026,2019-02-10 05:50:48,btc,0.0,0.0,0,btc,0.0,0.0,0.0,30
1,[],4,[],2019-02-10 05:57:37,1756300.87159657,0.00006301,0.000000002301326832,6622223,2019-02-10 05:57:37,btc,0.9903110996043112,0.0,0.00006301,btc,13380.76945265,0.86265622,2.163864658931021,31
1,[],21,[],2019-02-10 05:57:39,65302.841367940004,0.00006341000000000000444682485279,0.0000000023159361120000003,6622224,2019-02-10 05:57:39,btc,2.5040265462068336,191127.90083864,0.000063410000000000004446824852788466841957415454089641571044921875,btc,35997.40458868,12.38631604,3.7945377338790456,31
0,[],2,[],2019-01-20 23:28:43,0.0,0,0,6477009,2019-01-20 23:28:43,,0.0,0.0,0,,0.0,0.0,0.0,32
1,[],4,[],2019-02-10 05:57:39,137350927.75972116,0.00000005,0.00000000000182616,6622225,2019-02-10 05:57:39,btc,2.0463628197407924,0.0,0.00000005,"btc,ltc",42594557.41053431,0.41901709,2.0213575893492655,33
1,[],12,[],2019-02-10 05:57:42,12932052.0,0.00000005,0.00000000000182616,6622226,2019-02-10 05:57:42,btc,34509077.37228695,0.0,0.00000005,btc,88631247.22577406,0.0651895405094906,0.424779,33
1,[],4,[],2019-02-10 05:50:53,124604969.41915794,0.00000001,0.000000000000365225,6622031,2019-02-10 05:50:53,btc,0.748116283881144,0.0,0.00000001,btc,24960344.5627048,1.13330568,1.2460496941915793,34
1,[],5,[],2019-02-10 05:50:54,3e-08,0.00000002,0.00000000000073045,6622032,2019-02-10 05:50:54,btc,4.1360465,0.01129283,0.00000002,btc,1.394e-05,0.0,0.835236,34
0.0000000001191565,[],4,[],2019-02-10 05:50:55,799422131.1461179,3.574695e-18,1.305567981375e-22,6622033,2019-02-10 05:50:55,ltc,1.056351993222133e-08,0.0,0.00000003,ltc,1869304434.2167804,0.0,1.6371999858654056e-09,36
1,[],5,[],2019-02-10 05:50:56,0.0,0,0,6622034,2019-02-10 05:50:56,btc,206.76695888,0.0,0,btc,1.325e-05,0.0,0.0,36
0,[],17,[],2019-02-10 05:50:57,0.0,0,0,6622035,2019-02-10 05:50:57,btc,0.07464582781345931,0.00018553,0,btc,4105386.20243647,0.0,0.0,36
0.0000000001191565,[],27,[],2019-02-10 05:50:59,1000000.0,2.38313e-18,8.703786542500001e-23,6622036,2019-02-10 05:50:59,ltc,252.8263276744,0.0,0.00000002,"ltc,eth",3711879.06,0.0,2.38313e-12,36
1,[],4,[],2019-02-10 05:51:00,324007.72488245,0.00000136,0.0000000000496706,6622037,2019-02-10 05:51:00,btc,0.4395808766526619,0.0,0.00000136,btc,247302.97496442,0.01762971,0.2445993117923724,37
1,[],12,[],2019-02-10 05:51:02,492761.38643489,0.000001359999999999999896105784720490294859018831630237400531768798828125,0.0000000000496706,6622038,2019-02-10 05:51:02,btc,1341.1819905209934,0.0,0.000001359999999999999896105784720490294859018831630237400531768798828125,btc,761331.89959971,0.0616672539512492,0.3126562800000099,37
1,[],17,[],2019-02-10 05:51:03,1752.74075282,0.00000025,0.000000000009130624999999999,6622039,2019-02-10 05:51:03,btc,0.055484923974812465,0.0,0.00000025,btc,1387.19918473,0.0,0.00043818518820499993,37
1,[],27,[],2019-02-10 05:51:05,16422.0,0.00000052,0.0000000000189917,6622040,2019-02-10 05:51:05,btc,51.75602025030353,0.0,0.00000052,btc,29579.81438508,0.0,0.00569662,37
1,[],5,[],2019-02-10 05:51:06,1.446e-05,0.00000088,0.0000000000321398,6622041,2019-02-10 05:51:06,btc,0.08468965,0.06263742,0.00000088,btc,9.095e-05,0.0,0.03841828,42
1,[],12,[],2019-02-10 05:51:08,127495.51125357,0.00000101999999999999997501889774376149233603428001515567302703857421875,0.00000000003725295,6622042,2019-02-10 05:51:08,btc,96.19003403168732,0.0,0.00000101999999999999997501889774376149233603428001515567302703857421875,btc,100212.23454909,0.0186558973896054,0.046757870000003296,42
0,[],27,[],2019-02-10 05:51:10,0.0,0,0,6622043,2019-02-10 05:51:10,,0.00315028,0.0,0,"btc,eth",11.007,0.0,0.0,42
1,[],5,[],2019-02-10 05:51:12,6e-08,0.00000003,0.000000000001095675,6622044,2019-02-10 05:51:12,btc,6.257182,6.2e-06,0.00000003,btc,1.425e-05,0.0,0.55210573,43
1,[],12,[],2019-02-10 05:51:13,6658028.0,0.00000002,0.00000000000073045,6622045,2019-02-10 05:51:13,btc,20007456.47408223,0.0,0.00000002,btc,38925720.08831168,6.160997003e-05,0.06715428,43
0,[],17,[],2019-02-10 05:51:15,0.0,0,0,6622046,2019-02-10 05:51:15,btc,0.0,0.0,0,btc,0.0,0.0,0.0,43
1,[],12,[],2019-02-10 05:51:16,813244.0,0.00000006,0.00000000000219135,6622047,2019-02-10 05:51:16,btc,11115166.96073152,0.0,0.00000006,btc,1035027.14385612,2.61e-05,0.02420658,44
1,[],4,[],2019-02-10 05:57:43,224436720.45552945,0.00000002,0.0000000000007304640000000001,6622227,2019-02-10 05:57:43,btc,0.18547221914759743,0.0,0.00000002,"btc,ltc",4446321.3796748,0.00121616,0.42996948191169376,49
0.0000000001191565,[],4,[],2019-02-10 05:51:18,3343702568.518919,1.191565e-18,4.3518932712500004e-23,6622049,2019-02-10 05:51:18,ltc,4.645173507568968,0.0,0.00000001,ltc,3025058459.168546,0.0,3.9842389510572456e-09,52
0,[],22,[],2019-02-10 05:57:46,0.0,0,0,6622228,2019-02-10 05:57:46,,3693.4427291,0.0,0,,261911682.90882352,0.0,0.0,57
0,[],27,[],2019-02-10 05:57:49,0.0,0,0,6622229,2019-02-10 05:57:49,,0.0,0.0,0,"btc,eth",0.0,0.0,0.0,57
0.0000000001189077,[],4,[],2019-02-10 05:57:50,1181608898.9995165,5.945385e-18,2.17144485432e-22,6622230,2019-02-10 05:57:50,ltc,3.2796441953134923,0.0,0.00000005,ltc,895393800.7944552,0.0,3.751509594923587e-09,58
1,[],12,[],2019-02-10 05:57:51,1951321518.843957,0.0000000005,0.0000000000000182616,6622231,2019-02-10 05:57:51,btc,224005489689.20557,0.0,0.0000000005,btc,3152383431.6846204,0.06058151021428569,0.6907134000011391,58
0,[],17,[],2019-02-10 05:57:53,0.0,0,0,6622232,2019-02-10 05:57:53,btc,1e+24,0.0,0,btc,41481695.95832568,0.0,0.0,58
0.00000000013088860000000002,[],22,[],2019-02-10 05:57:57,137438.0,1.3088860000000001e-18,4.780470515520001e-23,6622233,2019-02-10 05:57:57,XMR,69.8835922,0.0,0.00000001,XMR,9887963.0,0.0,0.00137438,58
1,[],5,[],2019-02-10 05:57:58,1.063e-05,0.00000086,0.000000000031409952,6622234,2019-02-10 05:57:58,btc,0.27016387,0.0109056,0.00000086,btc,0.00014935,0.0,0.06889117,61
1,[],22,[],2019-02-10 05:58:01,5111.5,0.00000011,0.000000000004017552,6622235,2019-02-10 05:58:01,BTC,1002.29598212,0.0,0.00000011,BTC,14957.700278135757,0.0,0.00051178,61
1,[],26,[],2019-02-10 05:58:01,0.0,0.00000800,0.0000000002921856,6622236,2019-02-10 05:58:01,btc,0.0,0.0,0.00000800,btc,0.0,0.0,0.0,61
1,[],27,[],2019-02-10 05:58:04,4150.0,0.0000005,0.0000000000182616,6622237,2019-02-10 05:58:04,btc,10.849500136689,403.34587274,0.0000005,"btc,eth",14179.30959313,0.027121130016627016,0.0006160000017184509,61
1,[],28,[],2019-02-10 05:58:05,6884.304,0.0000006,0.000000000021913920000000003,6622238,2019-02-10 05:58:05,btc,2.056356993700105,798.0,0.0000006,btc,9757.52450005,0.0,0.00216611304,61
1,[],4,[],2019-02-10 05:51:45,401585.29891925,0.00000280,0.000000000102263,6622061,2019-02-10 05:51:45,btc,0.9508456399211561,0.0,0.00000280,btc,235182.60175981,1.71924952,0.7195487579562909,67
0.0,[],25,[],2019-02-10 05:51:46,0.0,0,0,6622062,2019-02-10 05:51:46,,0.0,0.0,0.0,btc,0.0,0.0,0.0,67
1,[],12,[],2019-02-10 05:51:47,2715952.73180244,0.00000046,0.00000000001680035,6622063,2019-02-10 05:51:47,btc,11115966.537308237,0.0,0.00000046,btc,2046224.75794205,0.0807485124880846,0.1101276464411115,71
,[],5,[],2018-11-20 23:02:39,1.5e-07,0.00000005,0.000000000002128045,4862160,2018-11-20 23:02:39,btc,2.84511358,0.0,,btc,0.00036572,0.0,0.07381892,74
1,[],5,[],2019-01-25 15:53:51,3.303e-05,0.00000156,0.000000000055588884,6499610,2019-01-25 15:53:51,btc,1.42844212,0.0,0.00000156,btc,0.00015937,0.0,0.49487621,75
1,[],4,[],2019-02-10 05:51:48,52395090.43692337,0.00000001,0.000000000000365225,6622064,2019-02-10 05:51:48,btc,0.7681855482047844,0.0,0.00000001,btc,14661592.68425178,0.002,0.5239509043692337,81
0,[],20,[],2019-01-25 09:30:31,0.0,0,0,6495923,2019-01-25 09:30:31,btc,0.0,0.0,0,btc,0.0,0.0,0.0,81
1,[],4,[],2019-02-10 05:58:09,24027.31942981,0.00007489,0.000000002735222448,6622239,2019-02-10 05:58:09,btc,0.9737538674801233,0.0,0.00007489,btc,8671.38895687,0.00624588,0.1045209838837313,82
1,[],21,[],2019-02-10 05:58:10,67210.03421625,0.00007663999999999999805655459539,0.0000000027991380480000002,6622240,2019-02-10 05:58:10,btc,3.646468002937461,1212.89562022,0.00007663999999999999805655459539366347598843276500701904296875,btc,41793.50888584,0.09266961,3.140632662383803,82
0,[],17,[],2019-02-07 10:02:39,0.0,0,0,6611495,2019-02-07 10:02:39,btc,0.0447233088476774,0.0,0,btc,999127.19588126,0.0,0.0,84
0.0000000001191565,[],4,[],2019-02-10 05:51:52,161155648.86496574,1.191565e-17,4.35189327125e-22,6622067,2019-02-10 05:51:52,ltc,0.19569063246116541,0.0,0.0000001,ltc,74979916.16179384,0.0,8.267530516957999e-10,85
,[],22,[],2018-11-20 23:09:34,3408.1,0.0000001,0.0000000000041895,4862324,2018-11-20 23:09:34,BTC,0.04624735,0.0,,BTC,4990.0,0.0,0.00033081,86
0,[],22,[],2019-02-10 05:51:54,0.0,0,0,6622068,2019-02-10 05:51:54,,2.0760781,0.0,0,,140622.94736842104,0.0,0.0,87
0,[],27,[],2019-02-10 05:51:56,0.0,0,0,6622069,2019-02-10 05:51:56,,0.0,0.0,0,btc,0.0,0.0,0.0,87
,[],2,[],2018-11-20 23:10:47,0.0,0,0,4862359,2018-11-20 23:10:47,,0.0,0.0,,,0.0,0.0,0.0,88
1,[],11,[],2019-02-10 05:58:12,96052.37616298,0.0001570499999999999955931084816285192573559470474720001220703125,0.000000005735968560000001,6622241,2019-02-10 05:58:12,btc,246.35409764190717,84.899,0.0001570499999999999955931084816285192573559470474720001220703125,btc,186723.80890509,0.0,6.4950125162872805,89
0,[],2,[],2019-01-20 23:31:45,0.0,0,0,6477083,2019-01-20 23:31:45,,0.0,0.0,0,,0.0,0.0,0.0,91
1,[],12,[],2019-02-10 05:52:00,445449.11697068997,0.00000340000000000000005790181702158836429816801683045923709869384765625,0.0000000001241765,6622071,2019-02-10 05:52:00,btc,1115.1178346350462,0.0,0.00000340000000000000005790181702158836429816801683045923709869384765625,btc,40804.10555352,0.0014162765,0.0847538454999987,91
0,[],17,[],2019-02-10 05:52:02,0.0,0,0,6622072,2019-02-10 05:52:02,btc,0.0,0.0,0,btc,0.0,0.0,0.0,91
0.0000000001189077,[],22,[],2019-02-10 05:58:16,21182260.5,7.134462e-18,2.6057338251840004e-22,6622242,2019-02-10 05:58:16,LTC,8.58127275,0.0,0.00000006,LTC,72065234.1,4.7846080326e-14,1.02936015,95
1,[],4,[],2019-02-10 05:58:17,133477520.2518999,0.00000001,0.00000000000036523200000000004,6622243,2019-02-10 05:58:17,btc,0.9512756238853194,0.0,0.00000001,"btc,ltc",48218357.2756118,0.00355567,0.02119115655173919,96
1,[],12,[],2019-02-10 05:58:18,891768.0,0.00000001,0.00000000000036523200000000004,6622244,2019-02-10 05:58:18,btc,255063.4737601898,0.0,0.00000001,btc,8812852.54276697,0.001262376003996,0.00891768,96
0,[],17,[],2019-02-10 05:58:19,0.0,0,0,6622245,2019-02-10 05:58:19,btc,0.0,0.0,0,btc,0.0,0.0,0.0,96
1,[],4,[],2019-02-10 05:58:21,1867257.60800721,0.00000032,0.000000000011687424000000001,6622246,2019-02-10 05:58:21,btc,0.1257630433346075,0.0,0.00000032,btc,273611.20297263,0.00339742,0.2409135541894761,99
1,[],4,[],2019-02-10 05:58:22,231449.59618354,0.00004099,0.000000001497085968,6622247,2019-02-10 05:58:22,btc,1.404354397945698,0.0,0.00004099,btc,31140.97375252,0.40503063,2.0544761336493913,100
0,[],2,[],2019-01-20 23:23:55,0.0,0,0,6476914,2019-01-20 23:23:55,,0.0,0.0,0,,0.0,0.0,0.0,100
1,[],22,[],2019-02-10 05:52:16,50000.0,0.00000001,0.000000000000365225,6622079,2019-02-10 05:52:16,BTC,23.50383609,0.0,0.00000001,BTC,11277.22,0.0,0.0005,101
1,[],4,[],2019-02-10 05:58:23,132349.11634386,0.00000104,0.000000000037984128,6622248,2019-02-10 05:58:23,btc,0.3980316400352515,0.0,0.00000104,btc,148703.30622554,0.01024694,0.0828250911356953,103
1,[],12,[],2019-02-10 06:50:48,56055638.4663887,0.000000016,0.0000000000005821152,6622333,2019-02-10 06:50:48,btc,137278791.0551254,0.0,0.000000016,btc,129549879.57218355,0.02633977915240548,0.36490042546221924,105
1,[],27,[],2019-02-10 06:50:50,4109342.89,0.00000001,0.000000000000363822,6622334,2019-02-10 06:50:50,btc,1.5900677513692298,13763.0,0.00000001,btc,573669.42860553,0.00027526,0.0410934289,105
1,[],26,[],2019-02-10 05:58:31,0.0,0.00000000,0,6622252,2019-02-10 05:58:31,btc,0.0,0.0,0.00000000,btc,0.0,0.0,0.0,107
0,[],22,[],2019-02-10 06:50:52,0.0,0,0,6622335,2019-02-10 06:50:52,,1.07253299,0.0,0,,94300.0,0.0,0.0,107
1,[],22,[],2019-02-10 05:58:35,189099.0,0.00000002,0.0000000000007304640000000001,6622254,2019-02-10 05:58:35,BTC,2.81183288,0.0,0.00000002,BTC,808524.0833333334,0.0,0.00189105,112
0.0000000003260199,[],27,[],2019-02-10 05:58:38,500000.0,3.260199e-18,1.190729001168e-22,6622255,2019-02-10 05:58:38,eth,1.35132491849924,0.0,0.00000001,"btc,eth",1328.641654,0.0,1.6300994999999998e-12,112
1,[],5,[],2019-02-10 06:51:04,3e-08,0.00000002,0.000000000000727644,6622337,2019-02-10 06:51:04,btc,2.87546619,0.00703286,0.00000002,btc,1.649e-05,0.0,0.10146169,112
1,[],4,[],2019-02-10 05:52:33,462684.97394166,0.00000338,0.00000000012344605,6622088,2019-02-10 05:52:33,btc,0.2974374150198301,0.0,0.00000338,btc,64581.55393273,0.14691512,0.2509679122363205,113
1,[],5,[],2019-02-10 05:52:34,1.222e-05,0.00000310,0.00000000011321975000000001,6622089,2019-02-10 05:52:34,btc,0.95616449,0.0002709,0.00000310,btc,0.00204434,0.0,0.22688728,113
1,[],17,[],2019-02-10 05:58:39,174538.724,0.00000004,0.0000000000014609280000000002,6622256,2019-02-10 05:58:39,btc,1.3373630274398383,0.0,0.00000004,btc,60896.221,0.0,0.00308154896,116
0,[],27,[],2019-02-10 05:58:41,0.0,0,0,6622257,2019-02-10 05:58:41,,0.0,0.0,0,btc,0.0,0.0,0.0,116
1,[],4,[],2019-02-10 05:58:42,1176574.3212407,0.00002520,0.0000000009203846400000001,6622258,2019-02-10 05:58:42,btc,2.838422310690721,0.0,0.00002520,btc,84605.87589896,5.58209238,1.3442031803955439,120
1,[],7,[],2019-02-10 05:58:43,6355.88829809,0.00001849999999999999905696095037210824330031755380332469940185546875,0.0000000006756792,6622259,2019-02-10 05:58:43,btc,115646.28728593957,6.88637696,0.00001849999999999999905696095037210824330031755380332469940185546875,btc,30226.28860986,0.00023613,0.0536286609984281,120
1,[],20,[],2019-02-10 05:52:42,1539391.8094,0.000000014,0.000000000000511315,6622094,2019-02-10 05:52:42,btc,33.8688103501599,0.0,0.000000014,btc,1140882.3764,0.0,0.0079606482167,125
1,[],22,[],2019-02-10 05:52:46,3053.0,0.00000001,0.000000000000365225,6622095,2019-02-10 05:52:46,BTC,0.01444889,0.0,0.00000001,BTC,296264.5111111111,0.0,3.053e-05,126
0,[],17,[],2019-02-10 05:58:45,0.0,0,0,6622261,2019-02-10 05:58:45,btc,0.0009561751951600001,0.0,0,btc,35.42829368,0.0,0.0,131
1,[],4,[],2019-02-10 06:51:29,144798.63117813,0.00001450,0.0000000005275419,6622348,2019-02-10 06:51:29,btc,0.6173828701330095,0.0,0.00001450,btc,33175.98763247,0.2609584,0.6601458848638929,131
0,[],2,[],2019-01-20 23:25:46,0.0,0,0,6476969,2019-01-20 23:25:46,,0.0,0.0,0,,0.0,0.0,0.0,131
1,[],4,[],2019-02-10 06:51:31,4642.14012663,0.00016656,0.0000000060598192319999994,6622350,2019-02-10 06:51:31,btc,1.6398504115151822,0.0,0.00016656,btc,296.40882497,0.0,0.0121851642195696,135
1,[],3,[],2019-02-10 06:51:32,1938487.0256073,0.00000006,0.000000000002182932,6622351,2019-02-10 06:51:32,btc,0.120498309317414,73826.9995778,0.00000006,btc,392018.72513917,0.0,0.0729427894414787,136
1,[],4,[],2019-02-10 06:51:33,81058.97887073,0.00000166,0.000000000060394452,6622352,2019-02-10 06:51:33,btc,0.0703126502815324,0.0,0.00000166,btc,33998.08579192,0.03030132,0.1064905954719278,137
1,[],12,[],2019-02-10 06:51:36,304964.36013946,0.000001740000000000000069492480346544649449924690998159348964691162109375,0.000000000063305028,6622353,2019-02-10 06:51:36,btc,11982.94575325264,0.0,0.000001740000000000000069492480346544649449924690998159348964691162109375,btc,157726.19359326,0.0229287064125849,0.041813946223771103,137
1,[],22,[],2019-02-10 05:58:53,1116.4,0.00001020,0.00000000037253664,6622266,2019-02-10 05:58:53,BTC,3.0087007,0.0,0.00001020,BTC,897.0985020382753,0.0,0.00092537,142
0.0,[],25,[],2019-02-10 05:58:55,0.0,0,0,6622267,2019-02-10 05:58:55,,0.0,0.0,0.0,btc,0.0,0.0,0.0,142
1,[],28,[],2019-02-10 05:58:57,79056.0,0.00005000,0.00000000182616,6622268,2019-02-10 05:58:57,btc,0.038566253649,775.9905,0.00005000,btc,128.078,0.0,0.0585187,142
1,[],4,[],2019-02-10 06:51:37,3448.16521519,0.00007058,0.000000002567855676,6622354,2019-02-10 06:51:37,btc,2.1127732409994078,0.0,0.00007058,btc,24782.16516472,1.7543967,0.1861106871225305,142
1,[],5,[],2019-02-10 06:51:39,0.00229357,0.00006800,0.0000000024739896,6622355,2019-02-10 06:51:39,btc,3.05909917,3.38604155,0.00006800,btc,0.00395121,0.0,1.4954042,142
1,[],17,[],2019-02-10 06:51:40,22967.386363640002,0.00000088,0.000000000032016336,6622356,2019-02-10 06:51:40,btc,20.069913352432884,0.0,0.00000088,btc,2746.079105,0.0,0.0104613000000032,142
1,[],20,[],2019-02-10 06:51:42,155879.815,0.000030001,0.0000000010915023822,6622357,2019-02-10 06:51:42,btc,2.8514115111638,1000.0,0.000030001,btc,7685.4716,0.025255633087,0.3009268383075,142
0,[],22,[],2019-02-10 05:58:59,0.0,0,0,6622269,2019-02-10 05:58:59,,68.47290197,0.0,0,,888981225.8,0.0,0.0,143
1,[],21,[],2019-02-10 05:53:15,44940793.66176906,0.00000029,0.000000000010591524999999999,6622110,2019-02-10 05:53:15,btc,38.48018729761293,3126064.05659596,0.00000029,btc,75783087.2351699,0.90351418,8.281285856709056,145
0,[],22,[],2019-02-10 05:59:03,0.0,0,0,6622270,2019-02-10 05:59:03,,4.25459369,0.0,0,,2259598.0,0.0,0.0,146
,[],22,[],2018-11-20 23:01:11,0.0,0,0,4862114,2018-11-20 23:01:11,,2.56807021,0.0,,,61828.4988236,0.0,0.0,147
1,[],12,[],2019-02-10 05:53:19,8682624.33552659,0.000003340000000000000208847696081537748113987618125975131988525390625,0.00000000012198515000000001,6622112,2019-02-10 05:53:19,btc,16.529645695726554,0.0,0.000003340000000000000208847696081537748113987618125975131988525390625,btc,115873.39148637,6.009844e-05,0.1203224866899657,148
1,[],4,[],2019-02-10 06:52:00,440470.04744407,0.00000045,0.00000000001637199,6622365,2019-02-10 06:52:00,btc,0.786069678199553,0.0,0.00000045,btc,583041.12442111,0.00432304,0.1254162002787715,152
0,[],22,[],2019-02-10 05:53:24,0.0,0,0,6622114,2019-02-10 05:53:24,,0.0,0.0,0,,0.0,0.0,0.0,152
1,[],5,[],2019-02-10 06:52:06,0.0,0,0,6622367,2019-02-10 06:52:06,btc,4.42293222,0.0,0,btc,0.00161275,0.0,0.0,153
,[],16,[],2019-01-11 15:38:59,0.0,0,0,6366141,2019-01-11 15:38:59,btc,0.0,0.0,,btc,0.0,0.0,0.0,155
0,[],23,[],2019-01-20 23:24:29,0.0,0,0,6476932,2019-01-20 23:24:29,,0.0,0.0,0,,0.0,0.0,0.0,156
0,[],22,[],2019-02-10 06:52:09,0.0,0,0,6622368,2019-02-10 06:52:09,,6.7450284,0.0,0,,4571519.242592593,0.0,0.0,156
1,[],22,[],2019-02-10 06:52:13,7906.0,0.00000801,0.00000000029142142199999997,6622369,2019-02-10 06:52:13,BTC,43.78801181,0.0,0.00000801,BTC,1067.5805334758436,0.0,0.00743836,157
0,[],22,[],2019-02-10 06:52:16,0.0,0,0,6622370,2019-02-10 06:52:16,,50175.67558609,0.0,0,,54029136.04179466,0.0,0.0,158
,[],17,[],2018-11-20 22:56:10,0.0,0,0,4861976,2018-11-20 22:56:10,btc,1.1265625,0.0,,btc,1000.0,0.0,0.0,159
,[],20,[],2018-11-20 22:56:12,0.0,0,0,4861977,2018-11-20 22:56:12,btc,11912.7940471,0.0,,btc,34413894.3617,0.0,0.0,159
1,[],12,[],2019-02-10 06:52:17,179787.77501260999,0.0000075000000000000001900064307280846520598061033524572849273681640625,0.0000000002728665,6622371,2019-02-10 06:52:17,btc,6.662274410832536,0.0,0.0000075000000000000001900064307280846520598061033524572849273681640625,btc,14799.17016046,0.0011650776623472,0.090991560900091,168
1,[],17,[],2019-02-10 06:52:19,29784.95,0.000001,0.0000000000363822,6622372,2019-02-10 06:52:19,btc,0.03026736251542,0.0,0.000001,btc,144.46171372,0.0,0.00716147,168
0,[],22,[],2019-02-10 06:52:22,0.0,0,0,6622373,2019-02-10 06:52:22,,1.14776715,0.0,0,,721548.0900917595,0.0,0.0,169
1,[],22,[],2019-02-10 06:52:26,225000.0,0.00000018,0.000000000006548796,6622374,2019-02-10 06:52:26,BTC,10.33139556,0.0,0.00000018,BTC,130300.77145587197,0.0,0.0216,171
1,[],22,[],2019-02-10 06:52:29,231281.52380952382,0.00000022,0.000000000008004084,6622375,2019-02-10 06:52:29,BTC,2.65448032,0.0,0.00000022,BTC,235886.25227657318,0.0002975,0.0187128,173
1,[],5,[],2019-02-10 06:52:30,2.711e-05,0.00000329,0.000000000119697438,6622376,2019-02-10 06:52:30,btc,0.31331106,0.00162343,0.00000329,btc,0.00028532,0.0,0.71711468,175
1,[],22,[],2019-02-10 06:52:34,56573.32380952381,0.00000062,0.000000000022556964,6622377,2019-02-10 06:52:34,BTC,0.49923213,0.0,0.00000062,BTC,127016.9744461984,1.314e-05,0.02080614,176
1,[],7,[],2019-02-10 06:52:35,0.0,0,0,6622378,2019-02-10 06:52:35,btc,410973.9169089935,0.0,0,btc,115465110.28145695,0.0,0.0,178
0,[],22,[],2019-02-10 06:52:38,0.0,0,0,6622379,2019-02-10 06:52:38,,1.00242428,0.0,0,,57512.0,0.0,0.0,178
0,[],2,[],2019-01-20 23:28:34,0.0,0,0,6477001,2019-01-20 23:28:34,,0.0,0.0,0,,0.0,0.0,0.0,178
0,[],23,[],2019-01-20 23:25:08,0.0,0,0,6476952,2019-01-20 23:25:08,,0.0,0.0,0,,0.0,0.0,0.0,179
1,[],5,[],2019-02-10 06:52:40,3e-08,0.00000002,0.000000000000727644,6622380,2019-02-10 06:52:40,btc,26.43195681,0.37881465,0.00000002,btc,2.088e-05,0.0,0.94743073,179
1,[],22,[],2019-02-10 06:52:44,7820284.0,0.00000002,0.000000000000727644,6622381,2019-02-10 06:52:44,BTC,5.4773134,0.0,0.00000002,"BTC,LTC",17835443.468656633,0.0,0.38366552,179
1,[],17,[],2019-02-10 06:52:45,10504.725,0.0000001,0.00000000000363822,6622382,2019-02-10 06:52:45,btc,5.206166879878303,0.0,0.0000001,btc,6755.0074587,0.0,0.0010504725,180
1,[],22,[],2019-02-10 06:52:49,18254.4,0.00000095,0.00000000003456309,6622383,2019-02-10 06:52:49,BTC,0.09351697,0.0,0.00000095,"BTC,LTC",13932.175478042325,0.00372327,0.00623544,180
1,[],26,[],2019-02-10 06:52:50,0.0,0.00000010,0.00000000000363822,6622384,2019-02-10 06:52:50,btc,0.0,100.0,0.00000010,btc,0.0,0.0,0.0,180
,[],7,[],2018-11-20 22:58:01,562227.975654,0.00000085,0.000000000036176765,4862015,2018-11-20 22:58:01,btc,21836.6059674,2491.87645172,,btc,749999.041456,0.00211021,0.127565380455,183
,[],5,[],2019-01-10 08:11:41,0.0,0,0,6347036,2019-01-10 08:11:41,btc,82.15055501,0.00261,,btc,1.19002445,0.0,0.0,187
,[],17,[],2018-11-16 20:58:10,4062536.27273,0.00000001,0.000000000000550501,4708775,2018-11-16 20:58:10,btc,3.36492563466,0.195460381006,,"btc,eth",110697919.549,0.0,0.0157628953496,187
1,[],24,[],2019-02-10 06:52:51,0.0,0.000000000001,3.63822e-17,6622385,2019-02-10 06:52:51,btc,0.0,0.0,0.000000000001,btc,0.0,0.0,0.0,187
0,[],22,[],2019-02-10 06:52:54,0.0,0,0,6622386,2019-02-10 06:52:54,,1.19383767,0.0,0,,14406.036201072173,0.0,0.0,191
0,[],22,[],2019-02-10 06:53:00,0.0,0,0,6622387,2019-02-10 06:53:00,,0.0,0.0,0,,0.0,0.0,0.0,197
0,[],23,[],2019-01-20 23:31:41,0.0,0,0,6477079,2019-01-20 23:31:41,,0.0,0.0,0,,0.0,0.0,0.0,199
1,[],26,[],2019-02-10 06:53:01,0.0,0.00000000,0,6622388,2019-02-10 06:53:01,btc,0.0,967457.0,0.00000000,btc,0.0,0.0,0.0,199
0,[],17,[],2019-01-30 16:32:01,0.0,0,0,6540827,2019-01-30 16:32:01,btc,6.802544163788159,0.0,0,btc,105897.55575295,0.0,0.0,200
0,[],2,[],2019-01-20 23:30:49,0.0,0,0,6477059,2019-01-20 23:30:49,,0.0,0.0,0,,0.0,0.0,0.0,201
1,[],4,[],2019-01-25 15:51:35,2084389.58565343,0.00000936,0.000000000333526752,6499557,2019-01-25 15:51:35,btc,2.0092503037378524,0.0,0.00000936,btc,160195.80207885,0.19272417,1.242687955921835,211
1,[],7,[],2019-02-10 06:53:06,5537058.74946214,0.000001579999999999999907326193003542780246561960666440427303314208984375,0.000000000057483875999999993,6622389,2019-02-10 06:53:06,btc,16567789.377968812,343491.709418,0.000001579999999999999907326193003542780246561960666440427303314208984375,btc,10716580.98076663,0.0,4.491806057082611,212
1,[],12,[],2019-01-25 02:44:32,207462.42853209,0.000001080000000000000035831255497387193287295303889550268650054931640625,0.000000000038610756000000006,6493050,2019-01-25 02:44:32,btc,85023.03793723314,0.0,0.000001080000000000000035831255497387193287295303889550268650054931640625,btc,43675.73520027,0.000146250909087,0.0348620860622024,213
1,[],5,[],2019-02-10 06:53:08,5.14e-06,0.00000036,0.000000000013097592,6622390,2019-02-10 06:53:08,btc,1.14604319,0.0856971,0.00000036,btc,3.304e-05,0.0,0.41959638,213
1,[],24,[],2019-02-10 06:53:08,0.0,0.000000050000,0.00000000000181911,6622391,2019-02-10 06:53:08,btc,0.0,0.0,0.000000050000,btc,0.0,0.0,0.0,213
1,[],26,[],2019-02-10 06:53:08,0.0,0.00000009,0.000000000003274398,6622392,2019-02-10 06:53:08,btc,0.0,0.0,0.00000009,btc,0.0,0.0,0.0,213
1,[],22,[],2019-02-10 06:53:12,271180.0,0.00000002,0.000000000000727644,6622393,2019-02-10 06:53:12,BTC,2.20539348,0.0,0.00000002,BTC,253902.63137942314,0.0001,0.0046096,216
1,[],27,[],2019-02-10 06:53:15,5081157.5555,0.00000004,0.000000000001455288,6622394,2019-02-10 06:53:15,btc,363.57727336756,59527.7,0.00000004,"btc,ltc",271023.369,0.00892915,0.05225726222,216
1,[],22,[],2019-02-10 06:53:19,313336.8247499803,0.00000260,0.00000000009459372,6622395,2019-02-10 06:53:19,BTC,12676.95666419,0.0,0.00000260,BTC,378546.7605220196,0.00298564,0.46232477,217
1,[],7,[],2019-02-10 06:53:20,0.0,0,0,6622396,2019-02-10 06:53:20,btc,77970.05582791512,0.0,0,btc,137091858.32140028,0.0,0.0,219
0,[],27,[],2019-02-10 06:53:22,0.0,0,0,6622397,2019-02-10 06:53:22,,5.3418937883169715,0.0,0,btc,1605140.99226592,0.0,0.0,219
0.0000000000000053,[],28,[],2019-02-10 06:53:28,204296840.264,6.6250000000000006e-18,2.41032075e-22,6622398,2019-02-10 06:53:28,doge,88584.0309717675,14306.0,0.00125000,"btc,doge",4974437.69751,0.0,2.448864346508002e-11,219
1,[],22,[],2019-02-10 06:53:32,220855.61111111112,0.00000095,0.00000000003456309,6622399,2019-02-10 06:53:32,BTC,3.02425204,0.0,0.00000095,BTC,73589.84451792492,0.0268548,0.03603378,221
1,[],24,[],2019-02-10 06:53:32,0.0,0.000000610000,0.000000000022193142,6622400,2019-02-10 06:53:32,btc,0.0,0.0,0.000000610000,btc,0.0,0.0,0.0,221
1,[],20,[],2019-02-10 06:53:34,4623215.9011,0.000000004,0.0000000000001455288,6622401,2019-02-10 06:53:34,btc,6.1006094166978,0.0,0.000000004,btc,9906199.9577,0.0,0.0092140371542,224
0,[],22,[],2019-02-10 06:53:37,0.0,0,0,6622402,2019-02-10 06:53:37,,0.0,0.0,0,,0.0,0.0,0.0,224
1,[],26,[],2019-02-10 06:53:37,0.0,0.00000045,0.00000000001637199,6622403,2019-02-10 06:53:37,btc,0.0,0.0,0.00000045,btc,0.0,0.0,0.0,231
1,[],26,[],2019-02-10 06:53:38,0.0,0.00000005,0.00000000000181911,6622404,2019-02-10 06:53:38,btc,0.0,0.0,0.00000005,btc,0.0,0.0,0.0,234
0,[],27,[],2019-02-10 06:53:40,0.0,0,0,6622405,2019-02-10 06:53:40,,0.0113483662182,0.0,0,"btc,eth",11462.99618,0.0,0.0,234
0,[],22,[],2019-02-10 06:53:42,0.0,0,0,6622406,2019-02-10 06:53:42,,3.00189498,0.0,0,,99907439.06349206,0.0,0.0,235
1,[],4,[],2019-02-10 06:53:43,810990.57831383,0.00000054,0.000000000019646388,6622407,2019-02-10 06:53:43,btc,0.1225587332788608,0.0,0.00000054,btc,136369.69462868,0.07014137,0.1590941265004991,236
1,[],24,[],2019-02-10 06:53:43,0.0,0.000000010000,0.000000000000363822,6622408,2019-02-10 06:53:43,btc,0.0,0.0,0.000000010000,btc,0.0,0.0,0.0,236
1,[],20,[],2019-02-10 06:53:45,16271859.176,0.000000059,0.0000000000021465498,6622409,2019-02-10 06:53:45,btc,14.5812950840379,12814128.8434,0.000000059,btc,27529443.8797,0.7689803662829,0.1345206280175,237
0.0000000001178791,[],22,[],2019-02-10 06:53:49,14400.0,1.178791e-17,4.28870099202e-22,6622410,2019-02-10 06:53:49,LTC,0.04083605,0.0,0.0000001,LTC,4179.0,0.0,0.00144,237
1,[],4,[],2019-02-10 06:53:50,4208654.62028907,0.00000033,0.000000000012006126,6622411,2019-02-10 06:53:50,btc,0.7535255838697376,0.0,0.00000033,btc,2015919.84883848,0.27291715,1.2612892601392403,238
1,[],5,[],2019-02-10 06:53:51,4.25e-06,0.00000033,0.000000000012006126,6622412,2019-02-10 06:53:51,btc,0.83861205,0.00050164,0.00000033,btc,3.008e-05,0.0,0.28613763,238
1,[],22,[],2019-02-10 06:53:55,78507.5,0.00000002,0.000000000000727644,6622413,2019-02-10 06:53:55,BTC,15.41678688,0.0,0.00000002,BTC,370860.0639027493,0.00017124,0.00157015,249
0.0000000001178791,[],22,[],2019-02-10 06:53:59,6449849.0,2.357582e-18,8.57740198404e-23,6622414,2019-02-10 06:53:59,LTC,0.38018045,0.0,0.00000002,LTC,12556015.556666667,4.950407068333001e-12,0.12849849,252
1,[],28,[],2019-02-10 06:54:03,3309218.286,0.00000011,0.000000000004002042,6622415,2019-02-10 06:54:03,btc,164693.52138958214,7976.5,0.00000011,btc,705768.578,0.0,0.1899703563,256
1,[],22,[],2019-02-10 06:54:07,114807.0,0.00000001,0.000000000000363822,6622416,2019-02-10 06:54:07,BTC,30.20506727,0.0,0.00000001,BTC,442390.0289327789,0.0,0.00114807,258
1,[],22,[],2019-01-26 20:58:41,368451.0,0.00000001,0.000000000000356135,6510120,2019-01-26 20:58:41,BTC,2.642917,0.0,0.00000001,"BTC,LTC",1862.0,0.0,0.02488451,259
1,[],22,[],2019-02-10 06:54:11,12242.868235294118,0.00000850,0.0000000003092487,6622417,2019-02-10 06:54:11,BTC,1293.05546636,0.0,0.00000850,"BTC,LTC",8391.731583938783,0.00113313,0.01865535,262
1,[],5,[],2019-02-10 06:54:13,6.077e-05,0.00000262,0.000000000095321364,6622418,2019-02-10 06:54:13,btc,0.81403533,0.09349081,0.00000262,btc,0.00049101,0.0,0.18598142,264
1,[],20,[],2019-02-10 06:54:16,1168820.5783,0.00000279,0.000000000101506338,6622419,2019-02-10 06:54:16,btc,5.0469539710503,44463.7172,0.00000279,btc,103518.2692,0.139659981928,0.0282379469846,264
1,[],22,[],2019-02-10 06:54:19,95356.5,0.00000002,0.000000000000727644,6622420,2019-02-10 06:54:19,BTC,9.31364146,0.0,0.00000002,BTC,371756.0382647885,0.0,0.0014095,271
0,[],22,[],2019-02-10 06:54:22,0.0,0,0,6622421,2019-02-10 06:54:22,,384.77798703,0.0,0,,15106717515.9,0.0,0.0,272
0.0000000000000053,[],28,[],2019-02-10 06:54:26,202364905785.89,5.565e-21,2.02466943e-25,6622422,2019-02-10 06:54:26,doge,375588716.2283968,12277993513.7,0.00000105,doge,226209416288.1897,0.0,5.41036617877647e-10,272
1,[],22,[],2019-02-10 06:54:32,11147.0,0.00000200,0.0000000000727644,6622423,2019-02-10 06:54:32,BTC,74.80275298,0.0,0.00000200,"BTC,LTC",1029.012635451505,0.00504621,0.01620625,281
