pairValue,buyBook,exchangeId,sellBook,updated,buyTotal,satoshiPrice,usdPrice,exchangeLogId,created,bestPair,sellTotalBtc,volume,pairPrice,activePairs,sellTotal,volumeBtc,buyTotalBtc,coinId
1,[],3,[],2019-03-11 14:34:24,30544.69405773218,0.01250351000000000066536554044205331592820584774017333984375,0.0000004821903610440001,6904110,2019-03-11 14:34:24,btc,61.139625590477905,0.0,0.01250351000000000066536554044205331592820584774017333984375,btc,27.372517921465,0.0,0.3020619653093308,1
1,[],4,[],2019-03-11 14:34:25,207741.00331812,0.01258941,0.000000485503043004,6904111,2019-03-11 14:34:25,btc,10.464412453248846,0.0,0.01258941,btc,364.18640233,0.86936636,0.9701404041882769,1
1,[],5,[],2019-03-11 14:34:28,0.0,0,0,6904112,2019-03-11 14:34:28,btc,0.0,0.03512254,0,btc,0.0,0.0,0.0,1
1,[],10,[],2019-03-11 14:34:29,413935.06239934,0.01051976,0.000000405688232544,6904113,2019-03-11 14:34:29,btc,6522.648787185884,1111.33707708,0.01051976,btc,1143.43520328,0.0,5.150379292697564,1
1,[],12,[],2019-03-11 14:34:32,106.18296013,0.01247000000000000018152146452621309435926377773284912109375,0.000000480898068,6904114,2019-03-11 14:34:32,btc,0.2776990361208,0.0,0.01247000000000000018152146452621309435926377773284912109375,btc,20.812298520000002,0.2026247356421,0.34164245020670003,1
1,[],20,[],2019-03-11 14:34:34,1152.4445,0.01050023,0.000000404935069812,6904115,2019-03-11 14:34:34,btc,0.0551639868997,0.0234,0.01050023,btc,2.4565,0.0002924953786,0.0958526646407,1
1,[],21,[],2019-03-11 14:34:35,2176.1310895,0.01250958999999999925190063976,0.000000482424832596,6904116,2019-03-11 14:34:35,btc,26.688280692196766,2453.7886387800004,0.01250958999999999925190063976288001867942512035369873046875,"btc,eth",2803.1929013599997,30.780910561007815,18.434256861307983,1
1,[],22,[],2019-03-11 14:34:39,0.0059712,0.01250000,0.000000482055,6904117,2019-03-11 14:34:39,BTC,0.31439419,0.0,0.01250000,BTC,0.12751438772928525,0.0,7.464e-05,1
1,[],24,[],2019-03-11 14:34:39,0.0,0.000000000000,0,6904118,2019-03-11 14:34:39,btc,0.0,0.0,0.000000000000,btc,0.0,0.0,0.0,1
0.0,[],25,[],2019-03-11 14:34:40,0.0,0,0,6904119,2019-03-11 14:34:40,btc,19.454699998485832,957.07719415,0.0,btc,1509.43130256,12.0757,0.0,1
1,[],26,[],2019-03-11 14:34:58,0.0,0,0,6904120,2019-03-11 14:34:58,,0.0,0.0,0,,0.0,0.0,0.0,1
1,[],28,[],2019-03-11 14:35:00,992.9,0.01231000,0.000000474727764,6904121,2019-03-11 14:35:00,btc,0.147901439075,17795.5049,0.01231000,btc,7.9421,0.0,0.086101096,1
0,[],2,[],2019-01-20 23:28:45,0.0,0,0,6477011,2019-01-20 23:28:45,,0.0,0.0,0,,0.0,0.0,0.0,1
1,[],5,[],2019-03-11 14:35:02,0.0,0,0,6904122,2019-03-11 14:35:02,btc,0.0,0.03460218,0,btc,0.0,0.0,0.0,2
0,[],22,[],2019-03-11 14:35:06,0.0,0,0,6904123,2019-03-11 14:35:06,,0.0,0.0,0,,0.0,0.0,0.0,2
1,[],5,[],2019-03-11 14:35:08,0.0,0,0,6904124,2019-03-11 14:35:08,btc,0.0,0.04829858,0,btc,0.0,0.0,0.0,3
1,[],12,[],2019-03-11 14:35:09,1961254.0604546,0.000000177,0.000000000006825898800000001,6904125,2019-03-11 14:35:09,btc,22810.31443086093,0.0,0.000000177,btc,1052723.21778222,0.03599791187617263,0.2855123803906666,3
0,[],28,[],2019-03-11 14:35:13,0.0,0,0,6904126,2019-03-11 14:35:13,,0.0,0.0,0,,0.0,0.0,0.0,3
0,[],2,[],2019-01-20 23:31:32,0.0,0,0,6477077,2019-01-20 23:31:32,,0.0,0.0,0,,0.0,0.0,0.0,4
1,[],4,[],2019-03-09 19:03:36,394362.28616607,0.00000032,0.000000000012569280000000001,6889097,2019-03-09 19:03:36,btc,32.15548375957025,0.0,0.00000032,btc,707361.31512647,0.00109114,0.0476374485302292,4
1,[],12,[],2019-03-11 14:27:14,445490.0,0.00000002,0.000000000000770644,6903937,2019-03-11 14:27:14,btc,1111742.15237967,0.0,0.00000002,btc,704819.0,0.00032634,0.00636954,5
0,[],2,[],2019-01-20 23:31:51,0.0,0,0,6477087,2019-01-20 23:31:51,,0.0,0.0,0,,0.0,0.0,0.0,6
1,[],11,[],2019-03-11 14:35:15,4682639.79472,0.00000002,0.000000000000771288,6904127,2019-03-11 14:35:15,btc,9568.149706241884,132928.0,0.00000002,btc,42583901.853213936,0.0,0.0605917392522,6
1,[],3,[],2019-03-11 14:35:21,1100.796805377558,0.000154759999999999988719301402539940681890584528446197509765625,0.0000000059682265439999994,6904128,2019-03-11 14:35:21,btc,29.634085403952064,0.0,0.000154759999999999988719301402539940681890584528446197509765625,btc,239.122414578101,0.0,0.036401067445587826,7
1,[],4,[],2019-03-11 14:35:22,91798.85405111,0.00023600,0.0000000091011984,6904129,2019-03-11 14:35:22,btc,10.223603332482124,0.0,0.00023600,btc,34738.48679519,7.32610552,5.050057649263101,7
1,[],5,[],2019-03-11 14:35:24,0.0,0,0,6904130,2019-03-11 14:35:24,btc,0.0,0.89870161,0,btc,0.0,0.0,0.0,7
1,[],20,[],2019-02-20 02:16:17,39399275.8418,0.000000001,0.0000000000000390183,6728586,2019-02-20 02:16:17,btc,116.9737569154545,525.0,0.000000001,btc,56932965.8895,5.25e-07,0.0393992758418,8
1,[],4,[],2019-03-11 14:35:26,995486.95184243,0.00000141,0.000000000054375804000000005,6904131,2019-03-11 14:35:26,btc,5.207408859165154,0.0,0.00000141,btc,2777079.16502756,1.24670941,0.5975673146763782,9
1,[],28,[],2019-03-11 14:35:29,27353.0,0.00000159,0.000000000061317396,6904132,2019-03-11 14:35:29,btc,2708.761281370583,3630284.14,0.00000159,btc,11954.1497,0.0,0.0163195,9
0,[],2,[],2019-01-20 23:22:42,0.0,0,0,6476876,2019-01-20 23:22:42,,0.0,0.0,0,,0.0,0.0,0.0,9
0,[],23,[],2019-01-20 23:22:48,0.0,0,0,6476878,2019-01-20 23:22:48,,0.0,0.0,0,,0.0,0.0,0.0,9
1,[],1,[],2019-02-17 23:31:42,1822507.21,0.00000181000000000000003456111265232042484285557293333113193511962890625,0.000000000066086901,6701244,2019-02-17 23:31:42,btc,3.6990969245,17153386.5,0.00000181000000000000003456111265232042484285557293333113193511962890625,btc,1997391.71,31.11772986,3.2610482446,9
1,[],4,[],2019-02-17 11:22:43,4341674.27126056,0.00000002,0.0000000000007272960000000001,6696112,2019-02-17 11:22:43,btc,0.1997230937751353,0.0,0.00000002,btc,4109766.79808031,0.00215132,0.0479381022052112,10
0,[],2,[],2019-01-20 23:23:08,0.0,0,0,6476890,2019-01-20 23:23:08,,0.0,0.0,0,,0.0,0.0,0.0,12
1,[],4,[],2019-03-11 14:27:28,5229960.42423179,0.00000117,0.000000000045082674,6903944,2019-03-11 14:27:28,btc,7.200859749417132,0.0,0.00000117,btc,4293197.2078913,1.51048663,2.6663968062716887,12
1,[],5,[],2019-03-11 14:27:29,0.0,0,0,6903945,2019-03-11 14:27:29,btc,0.0,0.26269348,0,btc,0.0,0.0,0.0,12
0.0,[],25,[],2019-03-11 14:27:31,0.0,0,0,6903946,2019-03-11 14:27:31,,0.0,0.0,0.0,btc,0.0,0.0,0.0,12
1,[],4,[],2019-03-11 14:35:29,32022223.36620564,0.00000589,0.00000000022714431600000001,6904133,2019-03-11 14:35:29,btc,2.520492969426834,0.0,0.00000589,btc,344938.70589856,0.72078799,1.2340711601739545,13
1,[],10,[],2019-03-11 14:35:32,413175.72401545,0.0000057,0.00000000021981708,6904134,2019-03-11 14:35:32,btc,666801.3154312414,13056.6411134,0.0000057,btc,716008.71670008,0.0,0.2103604723243627,13
1,[],21,[],2019-03-11 14:35:33,1185177.28096074,0.000006059999999999999577542791895,0.000000000233700264,6904135,2019-03-11 14:35:33,btc,6.621311107198311,877145.71516562,0.0000060599999999999995775427918953681682978640310466289520263671875,btc,984834.58384075,5.19864957,6.624763372676159,13
0,[],17,[],2019-03-11 14:07:33,0.0,0,0,6903579,2019-03-11 14:07:33,btc,0.0,0.0,0,btc,0.0,0.0,0.0,14
1,[],4,[],2019-03-11 14:27:36,732407.59966119,0.00000131,0.000000000050477182,6903949,2019-03-11 14:27:36,btc,6.052285981633235,0.0,0.00000131,btc,867316.44916793,0.00442693,0.1513062561123638,14
1,[],12,[],2019-03-11 14:27:37,276566.0,0.000001300000000000000047051663780439678674838432925753295421600341796875,0.00000000005009186,6903950,2019-03-11 14:27:37,btc,0.0536029440792755,0.0,0.000001300000000000000047051663780439678674838432925753295421600341796875,btc,8932.48329661,6e-06,0.03052996,14
1,[],26,[],2019-03-11 14:27:48,0.0,0.00000050,0.0000000000192661,6903951,2019-03-11 14:27:48,btc,0.0,0.0,0.00000050,btc,0.0,0.0,0.0,14
0,[],4,[],2019-03-11 14:35:34,0.0,0,0,6904136,2019-03-11 14:35:34,,0.0,0.0,0,,0.0,0.0,0.0,15
,[],12,[],2018-12-01 15:15:48,204241.84496,0.00000489,0.000000000202473384,5260204,2018-12-01 15:15:48,btc,49.5475654835,0.0,,btc,35763.2193806,0.0163153972027625,0.0203389899998,15
1,[],4,[],2019-03-11 14:35:35,37999.55149853,0.00001719,0.000000000662922036,6904137,2019-03-11 14:35:35,btc,4.172650792140931,0.0,0.00001719,btc,17712.66225673,0.03452699,0.1710790305367663,18
1,[],10,[],2019-03-11 14:35:37,791827.56128883,0.00001711,0.000000000659836884,6904138,2019-03-11 14:35:37,btc,15.405210384486269,1634.35117676,0.00001711,btc,13208.95130746,0.0,0.2640608973039129,18
1,[],12,[],2019-03-11 14:35:38,317363.2039789,0.00001703000000000000127282732964584255341833340935409069061279296875,0.0000000006567517320000001,6904139,2019-03-11 14:35:38,btc,33214.72595092998,0.0,0.00001703000000000000127282732964584255341833340935409069061279296875,btc,757.48073379,0.0140818330665052,0.0401074795265785,18
0,[],17,[],2019-03-11 14:35:40,0.0,0,0,6904140,2019-03-11 14:35:40,btc,0.0,0.0,0,btc,0.0,0.0,0.0,18
0,[],2,[],2019-01-20 23:23:38,0.0,0,0,6476906,2019-01-20 23:23:38,,0.0,0.0,0,,0.0,0.0,0.0,18
0,[],2,[],2019-01-20 23:24:19,0.0,0,0,6476924,2019-01-20 23:24:19,,0.0,0.0,0,,0.0,0.0,0.0,19
1,[],3,[],2019-03-11 14:27:56,117261.36734485578,0.000018139999999999999115603277477504207126912660896778106689453125,0.0000000006989741079999999,6903957,2019-03-11 14:27:56,btc,0.6532903773689686,0.0,0.000018139999999999999115603277477504207126912660896778106689453125,btc,14489.289165914084,0.0,0.015454084698884577,19
1,[],4,[],2019-03-11 14:27:58,227493.8804366,0.00001998,0.0000000007698733559999999,6903958,2019-03-11 14:27:58,btc,2.810268493277825,0.0,0.00001998,btc,88773.14542821,1.00973984,2.3143657594802916,19
1,[],5,[],2019-03-11 14:28:00,0.0,0,0,6903959,2019-03-11 14:28:00,btc,0.0,0.00208226,0,btc,0.0,0.0,0.0,19
1,[],12,[],2019-03-11 14:28:00,191711.97789451,0.00001667999999999999954166003679478791354995337314903736114501953125,0.000000000642717096,6903960,2019-03-11 14:28:00,btc,0.1795701325711418,0.0,0.00001667999999999999954166003679478791354995337314903736114501953125,btc,346.56600524,2.11788212e-05,0.0311911599999776,19
0,[],27,[],2019-03-11 14:28:03,0.0,0,0,6903961,2019-03-11 14:28:03,,0.0,0.0,0,btc,0.0,0.0,0.0,19
1,[],4,[],2019-03-11 14:28:04,2767800.98210011,0.00000012,0.0000000000046238639999999995,6903962,2019-03-11 14:28:04,btc,7.382784462698313,0.0,0.00000012,btc,2874741.63197908,0.00071823,0.0765087845231285,20
1,[],4,[],2019-03-11 14:28:05,103716191.22647026,0.00000002,0.000000000000770644,6903963,2019-03-11 14:28:05,btc,1863.635910482631,0.0,0.00000002,btc,54105421.3328267,0.00399204,1.1600642676500457,21
1,[],12,[],2019-03-11 14:28:06,1275286.0,0.00000001,0.000000000000385322,6903964,2019-03-11 14:28:06,btc,1247.5203033094006,0.0,0.00000001,btc,2599041.97002996,0.0019998601398604,0.01275286,21
0,[],17,[],2019-03-11 14:28:17,0.0,0,0,6903965,2019-03-11 14:28:17,btc,0.0,0.0,0,btc,0.0,0.0,0.0,21
1,[],12,[],2019-03-11 14:28:19,2435385330.0,0.0000000001,0.00000000000000385322,6903966,2019-03-11 14:28:19,btc,1933667.3853968326,0.0,0.0000000001,btc,1681582720.0293596,0.002132179474025978,0.243538533,23
0,[],27,[],2019-03-11 14:28:22,0.0,0,0,6903967,2019-03-11 14:28:22,,13.821146136593411,0.0,0,eth,4599354.35514486,0.0,0.0,23
1,[],4,[],2019-03-11 14:28:23,573879.8708449,0.00000043,0.000000000016568846,6903968,2019-03-11 14:28:23,btc,9.38188174338114,0.0,0.00000043,btc,1608575.38831189,0.01040662,0.1493550990820579,24
1,[],22,[],2019-03-11 14:28:27,11.76,0.00000100,0.0000000000385322,6903969,2019-03-11 14:28:27,BTC,7.415e-05,0.0,0.00000100,BTC,23.919354838709676,0.0,1.176e-05,24
0.0,[],25,[],2019-03-11 14:28:28,0.0,0,0,6903970,2019-03-11 14:28:28,,0.0,0.0,0.0,btc,0.0,0.0,0.0,24
1,[],4,[],2019-03-11 14:28:30,26577607.71707752,0.00000615,0.00000000023697303,6903971,2019-03-11 14:28:30,btc,134.67272372417452,0.0,0.00000615,btc,254452.46502378,0.19240496,0.4389798834968153,26
1,[],10,[],2019-03-11 14:28:31,686282.06895167,0.00000601,0.000000000231578522,6903972,2019-03-11 14:28:31,btc,26.12760314195226,4559.78826934,0.00000601,btc,14082.23878667,0.0,0.21475994437872,26
0,[],2,[],2019-01-20 23:25:56,0.0,0,0,6476976,2019-01-20 23:25:56,,0.0,0.0,0,,0.0,0.0,0.0,26
1,[],3,[],2019-03-11 14:28:32,8416712.19501412,0.00000001,0.000000000000385322,6903973,2019-03-11 14:28:32,btc,2.3360223320598656,793573.89088,0.00000001,btc,18140380.21010336,0.0,0.0841671219501412,27
1,[],5,[],2019-03-11 14:28:34,0.0,0,0,6903974,2019-03-11 14:28:34,btc,0.0,0.00020169,0,btc,0.0,0.0,0.0,27
1,[],11,[],2019-03-11 14:28:36,9461840.38103613,0.00000005,0.00000000000192661,6903975,2019-03-11 14:28:36,btc,67506.32843704063,170.63047893,0.00000005,btc,7972152.75036371,0.0,0.44099231334143857,27
1,[],4,[],2019-03-11 14:28:37,2228436191.4007354,0.00000001,0.000000000000385322,6903976,2019-03-11 14:28:37,btc,3.7059153383949326,0.0,0.00000001,"btc,ltc",237917768.61539748,0.78824239,10.605716726764484,29
1,[],7,[],2019-03-11 14:28:39,35581800.51580551,0.00000001,0.000000000000385322,6903977,2019-03-11 14:28:39,btc,44461616.56196363,108816.340194,0.00000001,btc,46658479.28416243,0.0,0.3558180051580551,29
1,[],4,[],2019-03-11 14:28:40,2398613.36358647,0.00000022,0.000000000008477084,6903978,2019-03-11 14:28:40,btc,2.6505393952285083,0.0,0.00000022,btc,1997597.42127855,0.00167046,0.1137691526556077,30
0,[],17,[],2019-03-11 14:28:41,0.0,0,0,6903979,2019-03-11 14:28:41,btc,0.0,0.0,0,btc,0.0,0.0,0.0,30
1,[],4,[],2019-03-11 14:28:42,182381.49369857,0.00005452,0.000000002100775544,6903980,2019-03-11 14:28:42,btc,9.643923577623513,0.0,0.00005452,btc,120225.49222035,1.32685692,1.798057790147518,31
1,[],21,[],2019-03-11 14:28:42,61660.01556682,0.00005512000000000000080914441813,0.000000002123894864,6903981,2019-03-11 14:28:42,btc,4.038081986850734,208327.60007126,0.00005512000000000000080914441813462190111749805510044097900390625,btc,65690.88979347,11.96384248,3.1285840956911306,31
0,[],2,[],2019-01-20 23:28:43,0.0,0,0,6477009,2019-01-20 23:28:43,,0.0,0.0,0,,0.0,0.0,0.0,32
1,[],4,[],2019-03-11 14:28:43,421412960.3910772,0.00000004,0.000000000001541288,6903982,2019-03-11 14:28:43,btc,9.310527151979352,0.0,0.00000004,"btc,ltc",181036951.56497124,0.31994816,9.996977965557326,33
1,[],12,[],2019-03-11 14:28:45,26228500.961,0.00000004,0.000000000001541288,6903983,2019-03-11 14:28:45,btc,2222950.1758173294,0.0,0.00000004,btc,16019005.98501493,0.0055134187012985,0.6157520987999999,33
1,[],4,[],2019-03-11 14:28:45,112081863.43642524,0.00000001,0.000000000000385322,6903984,2019-03-11 14:28:45,btc,3.4404682063660728,0.0,0.00000001,btc,98363574.88757707,0.04750773,1.1208186343642523,34
1,[],5,[],2019-03-11 14:28:47,0.0,0,0,6903985,2019-03-11 14:28:47,btc,0.0,0.0357135,0,btc,0.0,0.0,0.0,34
0.0000000001418985,[],4,[],2019-03-11 14:28:48,3512297807.0310125,1.4189850000000001e-18,5.4676613817e-23,6903986,2019-03-11 14:28:48,ltc,4.4594532985869886e-08,0.0,0.00000001,ltc,6077368747.775504,0.0,4.983897903709902e-09,36
1,[],5,[],2019-03-11 14:28:50,0.0,0,0,6903987,2019-03-11 14:28:50,btc,0.0,2e-06,0,btc,0.0,0.0,0.0,36
0,[],17,[],2019-03-11 14:28:53,0.0,0,0,6903988,2019-03-11 14:28:53,btc,0.07464582803546371,0.0,0,btc,4105386.20243647,0.0,0.0,36
0.0000000003419072,[],27,[],2019-03-11 14:28:55,1088163.16325,3.419072e-18,1.317443661184e-22,6903989,2019-03-11 14:28:55,eth,222.5593908357632,0.0,0.00000001,"ltc,eth",11165406.63658689,0.0,1.6721221968995041e-12,36
1,[],4,[],2019-03-11 14:28:56,233987.78805749,0.00000058,0.000000000022348676,6903990,2019-03-11 14:28:56,btc,19772.47703632226,0.0,0.00000058,btc,558830.33067347,0.01342871,0.0989800117756541,37
1,[],12,[],2019-03-11 14:28:57,443099.28478234,0.00000063,0.000000000024275286,6903991,2019-03-11 14:28:57,btc,9.738856704507983,0.0,0.00000063,btc,297465.99049548,0.0313170529508174,0.1349071975662249,37
1,[],17,[],2019-03-11 14:29:02,1752.74075282,0.00000025,0.00000000000963305,6903992,2019-03-11 14:29:02,btc,0.055484923777095005,0.0,0.00000025,btc,1319.19918473,0.0,0.00043818518820499993,37
1,[],27,[],2019-03-11 14:29:04,14685.567,0.00000045,0.000000000017339489999999998,6903993,2019-03-11 14:29:04,btc,24.25536383611233,0.0,0.00000045,btc,6518.38138508,0.0,0.00480032515,37
1,[],5,[],2019-03-11 14:29:05,0.0,0,0,6903994,2019-03-11 14:29:05,btc,0.0,0.11420921,0,btc,0.0,0.0,0.0,42
1,[],12,[],2019-03-11 14:29:07,258392.85213584,0.000001,0.0000000000385322,6903995,2019-03-11 14:29:07,btc,5.342854611476585,0.0,0.000001,btc,34823.72034191,0.0814683969581998,0.022675375942006998,42
0.0000000003419072,[],27,[],2019-03-11 14:29:09,2000.0,3.419072e-18,1.317443661184e-22,6903996,2019-03-11 14:29:09,eth,0.00315028,0.0,0.00000001,"btc,eth",11.007,0.0,6.838144e-15,42
1,[],5,[],2019-03-11 14:18:41,0.0,0,0,6903812,2019-03-11 14:18:41,btc,0.0,0.0,0,btc,0.0,0.0,0.0,43
1,[],12,[],2019-03-11 14:18:42,1721333.0,0.00000001,0.00000000000038556100000000005,6903813,2019-03-11 14:18:42,btc,25641.387704305165,0.0,0.00000001,btc,5153903.75824177,0.0001157242757242,0.01721333,43
0,[],17,[],2019-03-11 14:10:43,0.0,0,0,6903622,2019-03-11 14:10:43,btc,0.0,0.0,0,btc,0.0,0.0,0.0,43
1,[],12,[],2019-03-05 01:54:08,639326.02,0.00000004,0.000000000001486676,6845775,2019-03-05 01:54:08,btc,11116042.728239931,0.0,0.00000004,btc,1103841.4595604,0.0003330765234764,0.014975410599999999,44
1,[],4,[],2019-03-11 14:29:10,300062397.6503947,0.00000002,0.000000000000770644,6903997,2019-03-11 14:29:10,btc,473.7267897394575,0.0,0.00000002,"btc,ltc",12417830.06425326,0.0389126,0.3049425747756427,49
0.0000000001418985,[],4,[],2019-03-11 14:29:11,577946415.8427517,1.4189850000000001e-18,5.4676613817e-23,6903998,2019-03-11 14:29:11,ltc,25.866299555159355,0.0,0.00000001,ltc,10684591006.473389,0.0,8.200972948846271e-10,52
0.00000000012436670000000001,[],22,[],2019-03-11 14:29:15,80645562.0,1.2436670000000001e-18,4.79212255774e-23,6903999,2019-03-11 14:29:15,XMR,4368.67077283,0.0,0.00000001,XMR,279827473.5359664,1.9755401561600002e-13,0.80645562,57
0.0000000003419072,[],27,[],2019-03-11 14:29:17,2000.0,3.419072e-18,1.317443661184e-22,6904000,2019-03-11 14:29:17,eth,0.0,0.0,0.00000001,"btc,eth",0.0,0.0,6.838144e-15,57
0.0000000001418985,[],4,[],2019-03-11 14:29:18,482649089.30196166,2.8379700000000002e-18,1.09353227634e-22,6904001,2019-03-11 14:29:18,ltc,18.657416232414935,0.0,0.00000002,ltc,4766809919.700396,0.0,8.484977781096894e-10,58
1,[],12,[],2019-03-11 14:29:19,1229848137.0,0.0000000003,0.00000000000001155966,6904002,2019-03-11 14:29:19,btc,4023018.8259093524,0.0,0.0000000003,btc,1681404964.4105892,0.062419395931468544,0.316675565,58
0,[],17,[],2019-03-11 14:29:30,0.0,0,0,6904003,2019-03-11 14:29:30,btc,1e+24,0.0,0,btc,49226522.0897055,0.0,0.0,58
0.00000000012436670000000001,[],22,[],2019-03-11 14:29:34,137438.0,1.2436670000000001e-18,4.79212255774e-23,6904004,2019-03-11 14:29:34,XMR,69.8835922,0.0,0.00000001,XMR,9887963.0,0.0,0.00137438,58
1,[],5,[],2019-03-11 14:29:36,0.0,0,0,6904005,2019-03-11 14:29:36,btc,0.0,0.01448643,0,btc,0.0,0.0,0.0,61
1,[],22,[],2019-03-11 14:29:39,13757.0,0.00000012,0.0000000000046238639999999995,6904006,2019-03-11 14:29:39,BTC,1002.2960049,0.0,0.00000012,BTC,14976.68361146909,0.0,0.00154987,61
1,[],26,[],2019-03-11 14:29:40,0.0,0.00000800,0.0000000003082576,6904007,2019-03-11 14:29:40,btc,0.0,0.0,0.00000800,btc,0.0,0.0,0.0,61
1,[],27,[],2019-03-11 14:29:42,4411.22008,0.00000047,0.000000000018110134,6904008,2019-03-11 14:29:42,btc,2.8990263703141324,0.0,0.00000047,"btc,eth",19485.01257617,0.0,0.0012437599594758441,61
1,[],28,[],2019-03-11 14:29:43,13880.304,0.0000005,0.0000000000192661,6904009,2019-03-11 14:29:43,btc,2.056312978300105,711.0,0.0000005,btc,9730.59500005,0.0,0.00566391304,61
1,[],4,[],2019-03-11 14:29:44,1254464.20097113,0.00000210,0.00000000008091762,6904010,2019-03-11 14:29:44,btc,9.166845536417252,0.0,0.00000210,btc,782308.77385142,0.08643565,0.9132017436283564,67
0.0,[],25,[],2019-03-11 14:29:46,0.0,0,0,6904011,2019-03-11 14:29:46,,0.0,0.0,0.0,btc,0.0,0.0,0.0,67
1,[],12,[],2019-03-11 14:29:48,1911006.0,0.00000013,0.000000000005009186,6904012,2019-03-11 14:29:48,btc,1111115.057862693,0.0,0.00000013,btc,942591.17224382,0.0681424525613283,0.03417804,71
,[],5,[],2018-11-20 23:02:39,1.5e-07,0.00000005,0.000000000002128045,4862160,2018-11-20 23:02:39,btc,2.84511358,0.0,,btc,0.00036572,0.0,0.07381892,74
1,[],5,[],2019-03-11 14:29:49,0.0,0,0,6904013,2019-03-11 14:29:49,btc,0.0,0.0,0,btc,0.0,0.0,0.0,75
0,[],20,[],2019-01-25 09:30:31,0.0,0,0,6495923,2019-01-25 09:30:31,btc,0.0,0.0,0,btc,0.0,0.0,0.0,81
1,[],4,[],2019-03-11 14:29:50,13132756.89824166,0.00000001,0.000000000000385322,6904014,2019-03-11 14:29:50,btc,11388.985544584346,0.0,0.00000001,btc,40019471.49932191,0.0,0.1313275689824166,81
1,[],4,[],2019-03-11 14:29:52,23454.46698562,0.00007803,0.000000003006667566,6904015,2019-03-11 14:29:52,btc,18.132540145783143,0.0,0.00007803,btc,12457.19254724,0.0220495,0.0643717693224197,82
1,[],21,[],2019-03-11 14:29:53,754386.69946318,0.00007449999999999999482878931811,0.0000000028706489,6904016,2019-03-11 14:29:53,btc,3.485759868551612,8518.80944499,0.00007449999999999999482878931811313805155805312097072601318359375,btc,41762.64509424,0.63481543,2.1019034847908205,82
0,[],17,[],2019-03-11 14:11:20,0.0,0,0,6903641,2019-03-11 14:11:20,btc,0.0447233088476774,0.0,0,btc,999127.19588126,0.0,0.0,84
0.0000000001418985,[],4,[],2019-03-11 14:30:05,186985985.4624698,4.256955e-18,1.64029841451e-22,6904017,2019-03-11 14:30:05,ltc,1.6821304366071699,0.0,0.00000003,ltc,390460909.91110265,0.0,4.288211432358736e-10,85
,[],22,[],2018-11-20 23:09:34,3408.1,0.0000001,0.0000000000041895,4862324,2018-11-20 23:09:34,BTC,0.04624735,0.0,,BTC,4990.0,0.0,0.00033081,86
1,[],22,[],2019-03-11 14:30:09,131206.83333333334,0.00000006,0.0000000000023119319999999998,6904018,2019-03-11 14:30:09,BTC,2.07833135,0.0,0.00000006,BTC,169425.94736842104,0.00016092,0.00241241,87
0,[],27,[],2019-03-11 14:30:11,0.0,0,0,6904019,2019-03-11 14:30:11,,2.558601025660996,77.90019251,0,btc,1295.8585068,0.04455891,0.0,87
,[],2,[],2018-11-20 23:10:47,0.0,0,0,4862359,2018-11-20 23:10:47,,0.0,0.0,,,0.0,0.0,0.0,88
1,[],11,[],2019-03-11 14:30:13,94937.17269939,0.00014799999999999999245568760297686594640254043042659759521484375,0.0000000057027655999999996,6904020,2019-03-11 14:30:13,btc,611.6837567220745,3188.15439886,0.00014799999999999999245568760297686594640254043042659759521484375,btc,98816.57150101,0.0,6.557369358765357,89
0,[],2,[],2019-01-20 23:31:45,0.0,0,0,6477083,2019-01-20 23:31:45,,0.0,0.0,0,,0.0,0.0,0.0,91
0,[],17,[],2019-03-11 13:47:48,0.0,0,0,6903243,2019-03-11 13:47:48,btc,0.0,0.0,0,btc,0.0,0.0,0.0,91
1,[],12,[],2019-03-11 14:30:14,297307.01618530997,0.000001,0.0000000000385322,6904021,2019-03-11 14:30:14,btc,61.09679000811145,0.0,0.000001,btc,118870.25791406,0.0015635230921569,0.0702986198999709,91
1,[],22,[],2019-03-11 14:30:28,65900.0,0.00000001,0.000000000000385322,6904022,2019-03-11 14:30:28,BTC,3e-06,0.0,0.00000001,BTC,1.0,0.0,0.000659,91
0,[],22,[],2019-03-11 14:30:31,0.0,0,0,6904023,2019-03-11 14:30:31,,7.50307462,0.0,0,,70597140.95714286,0.0,0.0,95
0,[],17,[],2019-03-11 14:20:10,0.0,0,0,6903840,2019-03-11 14:20:10,btc,0.0,0.0,0,btc,0.0,0.0,0.0,96
0.0000000001418985,[],4,[],2019-03-11 14:30:32,634122212.0316336,7.378722000000001e-17,2.843183918484e-21,6904024,2019-03-11 14:30:32,ltc,11.893811329184203,0.0,0.00000052,ltc,135965282.56165135,0.0,1.5721746063405331e-09,96
0,[],12,[],2019-03-11 14:30:33,0.0,0,0,6904025,2019-03-11 14:30:33,btc,10.19076946004995,0.0,0,btc,3076363.004995,4.995005e-08,0.0,96
1,[],4,[],2019-03-11 14:30:34,2364712.70789283,0.00000023,0.000000000008862406,6904026,2019-03-11 14:30:34,btc,2.482818921907785,0.0,0.00000023,btc,2572074.90638494,0.03024109,0.2926815592386916,99
0,[],2,[],2019-01-20 23:23:55,0.0,0,0,6476914,2019-01-20 23:23:55,,0.0,0.0,0,,0.0,0.0,0.0,100
1,[],4,[],2019-03-11 14:30:35,274594.3768959,0.00003644,0.000000001404113368,6904027,2019-03-11 14:30:35,btc,11.792819257229295,0.0,0.00003644,btc,174644.35436206,1.22741428,1.2022099137843516,100
1,[],22,[],2019-03-11 14:30:39,50000.0,0.00000001,0.000000000000385322,6904028,2019-03-11 14:30:39,BTC,23.49896609,0.0,0.00000001,BTC,10277.22,0.0,0.0005,101
1,[],4,[],2019-03-11 14:30:40,471303.7363144,0.00000095,0.00000000003660559,6904029,2019-03-11 14:30:40,btc,308.0857798128256,0.0,0.00000095,btc,499591.03399363,0.02016153,0.2397245214410919,103
1,[],12,[],2019-03-11 14:30:42,24735378.43617995,0.000000009,0.00000000000034678979999999996,6904030,2019-03-11 14:30:42,btc,3859725.5820060996,0.0,0.000000009,btc,71917928.32272018,0.014934604739757,0.07286658198781912,105
1,[],27,[],2019-03-11 14:30:45,223920.39,0.00000001,0.000000000000385322,6904031,2019-03-11 14:30:45,btc,36.60591030491341,0.0,0.00000001,btc,1301440.23571724,0.0,0.0022392039,105
1,[],22,[],2019-03-11 14:30:49,9328.0,0.00000001,0.000000000000385322,6904032,2019-03-11 14:30:49,BTC,51.10837004,0.0,0.00000001,BTC,470435.0,0.0,9.328e-05,107
1,[],26,[],2019-03-11 14:30:49,0.0,0.00000000,0,6904033,2019-03-11 14:30:49,btc,0.0,0.0,0.00000000,btc,0.0,0.0,0.0,107
1,[],5,[],2019-03-11 14:30:51,0.0,0,0,6904034,2019-03-11 14:30:51,btc,0.0,0.00072426,0,btc,0.0,0.0,0.0,112
1,[],22,[],2019-03-11 14:30:55,1966.0,0.00000001,0.000000000000385322,6904035,2019-03-11 14:30:55,BTC,2.7975128,0.0,0.00000001,BTC,826524.0833333334,0.0,1.966e-05,112
0.0000000003419072,[],27,[],2019-03-11 14:30:58,2000.0,3.419072e-18,1.317443661184e-22,6904036,2019-03-11 14:30:58,eth,1.24996908,0.0,0.00000001,"btc,eth",1289.0,0.0,6.838144e-15,112
1,[],4,[],2019-03-11 14:30:59,1299993.51657584,0.00000186,0.000000000071669892,6904037,2019-03-11 14:30:59,btc,5.865761850728327,0.0,0.00000186,btc,369658.3302557,0.0168569,0.9946108155883023,113
1,[],5,[],2019-03-11 14:31:01,0.0,0,0,6904038,2019-03-11 14:31:01,btc,0.0,0.0,0,btc,0.0,0.0,0.0,113
1,[],17,[],2019-03-11 14:20:39,152738.278,0.00000004,0.0000000000015422440000000002,6903854,2019-03-11 14:20:39,btc,1.33680302678,0.0,0.00000004,btc,50696.221,0.0,0.0022095311199999998,116
0,[],27,[],2019-03-11 14:20:40,0.0,0,0,6903855,2019-03-11 14:20:40,,0.0,0.0,0,btc,0.0,0.0,0.0,116
1,[],4,[],2019-03-11 14:31:02,81432.61992489,0.00002523,0.000000000972167406,6904039,2019-03-11 14:31:02,btc,29.552040202940287,0.0,0.00002523,btc,74298.85631898,2.16732992,1.2188878328295694,120
1,[],7,[],2019-03-11 14:31:03,21001.404138320002,0.0000214600000000000012100043189633424844942055642604827880859375,0.000000000826901012,6904040,2019-03-11 14:31:03,btc,115648.89480684382,0.0,0.0000214600000000000012100043189633424844942055642604827880859375,btc,36709.119221220004,0.0,0.054220178677955304,120
1,[],20,[],2019-03-11 14:31:06,2940504.4805,0.000000034,0.0000000000013100947999999999,6904041,2019-03-11 14:31:06,btc,33.6158441131568,9774.05,0.000000034,btc,1013150.979,0.0003323177,0.0385005084376,125
1,[],22,[],2019-03-11 14:31:09,3053.0,0.00000001,0.000000000000385322,6904042,2019-03-11 14:31:09,BTC,0.01444887,0.0,0.00000001,BTC,296263.5111111111,0.0,3.053e-05,126
0,[],17,[],2019-03-11 12:58:32,0.0,0,0,6903049,2019-03-11 12:58:32,btc,0.0009561751951600001,0.0,0,btc,35.42829368,0.0,0.0,131
0,[],2,[],2019-01-20 23:25:46,0.0,0,0,6476969,2019-01-20 23:25:46,,0.0,0.0,0,,0.0,0.0,0.0,131
1,[],4,[],2019-03-11 14:31:10,137770.24442932,0.00001303,0.000000000502074566,6904043,2019-03-11 14:31:10,btc,3.6951649666745654,0.0,0.00001303,btc,123878.04489451,0.20114521,0.5470045844909662,131
1,[],4,[],2019-03-11 14:31:12,4564.28662646,0.00016000,0.000000006165152,6904044,2019-03-11 14:31:12,btc,1.618945361750966,0.0,0.00016000,btc,238.25503526,0.00016082,0.0094032511359727,135
1,[],3,[],2019-03-07 00:20:44,877702.73244099,0.00000004,0.00000000000154846,6863392,2019-03-07 00:20:44,btc,0.119366241821405,0.0,0.00000004,btc,760637.99421222,0.0,0.023771231960604298,136
1,[],4,[],2019-03-11 14:31:12,251993.37045228,0.00000151,0.000000000058183621999999997,6904045,2019-03-11 14:31:12,btc,38.59740718869354,0.0,0.00000151,btc,529312.52228476,0.03744051,0.0303010957069788,137
1,[],12,[],2019-03-11 14:31:14,136858.9090909,0.000001410000000000000052661867921965921368609997443854808807373046875,0.000000000054330402,6904046,2019-03-11 14:31:14,btc,5.044799559282461,0.0,0.000001410000000000000052661867921965921368609997443854808807373046875,btc,4390.15830328,0.0001061859141014,0.008258369999988,137
1,[],4,[],2019-03-11 14:31:15,11061.66686296,0.00003173,0.000000001222626706,6904047,2019-03-11 14:31:15,btc,28.82300770387584,0.0,0.00003173,btc,52726.97955907,0.13683953,0.2320270594900811,142
1,[],5,[],2019-03-11 14:31:17,0.0,0,0,6904048,2019-03-11 14:31:17,btc,0.0,0.07435743,0,btc,0.0,0.0,0.0,142
1,[],17,[],2019-03-11 14:31:19,22967.386363640002,0.00000088,0.000000000033908336,6904049,2019-03-11 14:31:19,btc,20.069913352669328,0.0,0.00000088,btc,2746.079105,0.0,0.0104613000000032,142
1,[],20,[],2019-03-11 14:31:22,139725.5867,0.000033,0.0000000012715626,6904050,2019-03-11 14:31:22,btc,0.3361564156272,67.0232,0.000033,btc,2245.1871,0.002212431156,0.3091572524077,142
1,[],22,[],2019-03-11 14:31:25,1470.8988921568628,0.00004000,0.000000001541288,6904051,2019-03-11 14:31:25,BTC,3.00385504,0.0,0.00004000,BTC,891.218,0.0,0.0012358,142
0.0,[],25,[],2019-03-11 14:31:27,0.0,0,0,6904052,2019-03-11 14:31:27,,0.0,0.0,0.0,btc,0.0,0.0,0.0,142
1,[],28,[],2019-03-11 14:31:28,76600.0,0.00002270,0.00000000087468094,6904053,2019-03-11 14:31:28,btc,0.067100461059305,863.0,0.00002270,btc,552.61077999,0.0,0.0154572,142
0,[],22,[],2019-03-11 14:31:32,0.0,0,0,6904054,2019-03-11 14:31:32,,65.83990167,0.0,0,,1043231670.8,0.0,0.0,143
0,[],22,[],2019-02-25 15:42:22,0.0,0,0,6783783,2019-02-25 15:42:22,,4.2131946,0.0,0,,2322156.0,0.0,0.0,146
,[],22,[],2018-11-20 23:01:11,0.0,0,0,4862114,2018-11-20 23:01:11,,2.56807021,0.0,,,61828.4988236,0.0,0.0,147
1,[],12,[],2019-03-11 14:31:33,296255.06663966,0.0000020399999999999999500377954875229846720685600303113460540771484375,0.00000000007860568799999999,6904055,2019-03-11 14:31:33,btc,7.901232311585216,0.0,0.0000020399999999999999500377954875229846720685600303113460540771484375,btc,91397.32942272,0.0,0.0174227799999495,148
1,[],4,[],2019-03-11 14:31:34,248731.22244489,0.00000030,0.00000000001155966,6904056,2019-03-11 14:31:34,btc,219.9982185864021,0.0,0.00000030,btc,839448.52649005,0.00079798,0.0589922344301673,152
0,[],22,[],2019-03-11 14:31:37,0.0,0,0,6904057,2019-03-11 14:31:37,,0.0,0.0,0,,0.0,0.0,0.0,152
1,[],5,[],2019-03-11 14:31:38,0.0,0,0,6904058,2019-03-11 14:31:38,btc,0.0,1.368e-05,0,btc,0.0,0.0,0.0,153
,[],16,[],2019-01-11 15:38:59,0.0,0,0,6366141,2019-01-11 15:38:59,btc,0.0,0.0,,btc,0.0,0.0,0.0,155
0,[],23,[],2019-01-20 23:24:29,0.0,0,0,6476932,2019-01-20 23:24:29,,0.0,0.0,0,,0.0,0.0,0.0,156
0,[],22,[],2019-03-11 14:31:41,0.0,0,0,6904059,2019-03-11 14:31:41,,6.7463781,0.0,0,,4673397.242592593,0.0,0.0,156
1,[],22,[],2019-03-11 14:31:45,7073.8,0.00005300,0.0000000020422066,6904060,2019-03-11 14:31:45,BTC,1.79802465,0.0,0.00005300,BTC,802.6461988741639,0.0,0.00104336,157
0,[],22,[],2019-03-11 14:31:48,0.0,0,0,6904061,2019-03-11 14:31:48,,50175.67608608,0.0,0,,54079135.04179466,0.0,0.0,158
,[],17,[],2018-11-20 22:56:10,0.0,0,0,4861976,2018-11-20 22:56:10,btc,1.1265625,0.0,,btc,1000.0,0.0,0.0,159
,[],20,[],2018-11-20 22:56:12,0.0,0,0,4861977,2018-11-20 22:56:12,btc,11912.7940471,0.0,,btc,34413894.3617,0.0,0.0,159
1,[],12,[],2019-03-11 14:31:49,212503.76733692,0.00000723000000000000023398817605713162492975243367254734039306640625,0.000000000278587806,6904062,2019-03-11 14:31:49,btc,1.707651829639684,0.0,0.00000723000000000000023398817605713162492975243367254734039306640625,btc,9949.4843863,0.0031742306,0.1000775235099278,168
1,[],17,[],2019-03-11 14:31:51,29784.95,0.000001,0.0000000000385322,6904063,2019-03-11 14:31:51,btc,0.03026736251542,0.0,0.000001,btc,144.46171372,0.0,0.00716147,168
0,[],22,[],2019-03-11 14:31:53,0.0,0,0,6904064,2019-03-11 14:31:53,,1.1339604,0.0,0,,520283.17470714403,0.0,0.0,169
1,[],22,[],2019-03-11 14:32:05,203317.33333333334,0.00000012,0.0000000000046238639999999995,6904065,2019-03-11 14:32:05,BTC,14.35014065,0.0,0.00000012,BTC,154316.84606176137,0.00057732,0.00233108,171
1,[],22,[],2019-03-11 14:32:09,883931.3333333334,0.00000011,0.000000000004238542,6904066,2019-03-11 14:32:09,BTC,2.1948546,0.0,0.00000011,"BTC,LTC",293539.9537563896,0.0081012,0.02624012,173
1,[],5,[],2019-03-05 01:59:40,0.0,0,0,6845846,2019-03-05 01:59:40,btc,0.0,0.00384852,0,btc,0.0,0.0,0.0,175
1,[],22,[],2019-03-11 14:32:27,35500.0,0.00000012,0.0000000000046238639999999995,6904067,2019-03-11 14:32:27,BTC,0.54559973,0.0,0.00000012,BTC,137776.41444619838,0.0,0.00206,176
1,[],7,[],2019-03-11 14:32:28,0.0,0,0,6904068,2019-03-11 14:32:28,btc,408082.77813733305,102742.257742,0,btc,115560988.86088651,0.00102742,0.0,178
0,[],22,[],2019-03-11 14:32:31,0.0,0,0,6904069,2019-03-11 14:32:31,,1.00242438,0.0,0,,57522.0,0.0,0.0,178
0,[],2,[],2019-01-20 23:28:34,0.0,0,0,6477001,2019-01-20 23:28:34,,0.0,0.0,0,,0.0,0.0,0.0,178
1,[],5,[],2019-03-11 14:32:32,0.0,0,0,6904070,2019-03-11 14:32:32,btc,0.0,0.02725071,0,btc,0.0,0.0,0.0,179
1,[],22,[],2019-03-11 14:32:36,6867106.0,0.00000002,0.000000000000770644,6904071,2019-03-11 14:32:36,BTC,5.65174896,0.0,0.00000002,"BTC,LTC",17774331.756535422,2.673e-05,0.37228284,179
0,[],23,[],2019-01-20 23:25:08,0.0,0,0,6476952,2019-01-20 23:25:08,,0.0,0.0,0,,0.0,0.0,0.0,179
1,[],17,[],2019-03-11 14:32:38,10504.725,0.0000001,0.00000000000385322,6904072,2019-03-11 14:32:38,btc,5.20106958384384,0.0,0.0000001,btc,5033.45945,0.0,0.0010504725,180
1,[],22,[],2019-03-11 14:32:42,667498.5124616956,0.00000178,0.000000000068587316,6904073,2019-03-11 14:32:42,BTC,0.20984271,0.0,0.00000178,"BTC,LTC",59228.95613130866,0.00029939,0.57432859,180
1,[],26,[],2019-03-11 14:32:42,0.0,0.00000125,0.00000000004816525,6904074,2019-03-11 14:32:42,btc,0.0,100.0,0.00000125,btc,0.0,0.0,0.0,180
,[],7,[],2018-11-20 22:58:01,562227.975654,0.00000085,0.000000000036176765,4862015,2018-11-20 22:58:01,btc,21836.6059674,2491.87645172,,btc,749999.041456,0.00211021,0.127565380455,183
1,[],24,[],2019-03-11 14:32:42,0.0,0.000000000001,3.85322e-17,6904075,2019-03-11 14:32:42,btc,0.0,0.0,0.000000000001,btc,0.0,0.0,0.0,187
,[],5,[],2019-01-10 08:11:41,0.0,0,0,6347036,2019-01-10 08:11:41,btc,82.15055501,0.00261,,btc,1.19002445,0.0,0.0,187
,[],17,[],2018-11-16 20:58:10,4062536.27273,0.00000001,0.000000000000550501,4708775,2018-11-16 20:58:10,btc,3.36492563466,0.195460381006,,"btc,eth",110697919.549,0.0,0.0157628953496,187
0,[],22,[],2019-03-11 14:32:45,0.0,0,0,6904076,2019-03-11 14:32:45,,7.54797454,0.0,0,,79361.7243344055,0.0,0.0,191
0,[],22,[],2019-03-11 14:32:50,0.0,0,0,6904077,2019-03-11 14:32:50,,0.0,0.0,0,,0.0,0.0,0.0,197
0,[],22,[],2019-03-11 14:32:53,0.0,0,0,6904078,2019-03-11 14:32:53,,5.19076992,0.0,0,,21057923.0,0.0,0.0,199
1,[],26,[],2019-03-11 14:32:53,0.0,0.00000000,0,6904079,2019-03-11 14:32:53,btc,0.0,129426.0,0.00000000,btc,0.0,0.0,0.0,199
0,[],23,[],2019-01-20 23:31:41,0.0,0,0,6477079,2019-01-20 23:31:41,,0.0,0.0,0,,0.0,0.0,0.0,199
0,[],17,[],2019-01-30 16:32:01,0.0,0,0,6540827,2019-01-30 16:32:01,btc,6.802544163788159,0.0,0,btc,105897.55575295,0.0,0.0,200
0,[],2,[],2019-01-20 23:30:49,0.0,0,0,6477059,2019-01-20 23:30:49,,0.0,0.0,0,,0.0,0.0,0.0,201
1,[],4,[],2019-01-25 15:51:35,2084389.58565343,0.00000936,0.000000000333526752,6499557,2019-01-25 15:51:35,btc,2.0092503037378524,0.0,0.00000936,btc,160195.80207885,0.19272417,1.242687955921835,211
1,[],7,[],2019-03-11 14:32:56,5765456.55237878,0.000001089999999999999940087530049537267728965161950327455997467041015625,0.000000000042000097999999996,6904080,2019-03-11 14:32:56,btc,15476652.603462555,773216.919957,0.000001089999999999999940087530049537267728965161950327455997467041015625,btc,12846999.69427313,0.0,2.380827952621949,212
1,[],5,[],2019-03-11 14:32:58,0.0,0,0,6904081,2019-03-11 14:32:58,btc,0.0,0.10690106,0,btc,0.0,0.0,0.0,213
1,[],24,[],2019-03-11 14:32:58,0.0,0.000000120000,0.0000000000046238639999999995,6904082,2019-03-11 14:32:58,btc,0.0,0.0,0.000000120000,btc,0.0,0.0,0.0,213
1,[],26,[],2019-03-11 14:32:58,0.0,0.00000010,0.00000000000385322,6904083,2019-03-11 14:32:58,btc,0.0,0.0,0.00000010,btc,0.0,0.0,0.0,213
1,[],12,[],2019-01-25 02:44:32,207462.42853209,0.000001080000000000000035831255497387193287295303889550268650054931640625,0.000000000038610756000000006,6493050,2019-01-25 02:44:32,btc,85023.03793723314,0.0,0.000001080000000000000035831255497387193287295303889550268650054931640625,btc,43675.73520027,0.000146250909087,0.0348620860622024,213
1,[],22,[],2019-03-11 14:14:30,74200.0,0.00000002,0.000000000000774484,6903709,2019-03-11 14:14:30,BTC,2.28075238,0.0,0.00000002,BTC,675986.3963726171,0.0,0.001234,216
1,[],27,[],2019-03-11 14:14:32,1298122.0,0.00000003,0.000000000001161726,6903710,2019-03-11 14:14:32,btc,317.9840526547724,0.0,0.00000003,"btc,ltc",240753.990324,0.0,0.03375764000025619,216
1,[],22,[],2019-03-11 14:33:02,162538.0,0.00000152,0.000000000058568944,6904084,2019-03-11 14:33:02,BTC,12673.58057853,0.0,0.00000152,BTC,424118.27690415666,0.06072707,0.16730864,217
1,[],7,[],2019-03-11 14:33:04,0.0,0,0,6904085,2019-03-11 14:33:04,btc,77971.81411323446,0.0,0,btc,135963412.7426053,0.0,0.0,219
0,[],27,[],2019-03-11 14:33:06,0.0,0,0,6904086,2019-03-11 14:33:06,,0.0404796,0.0,0,btc,2057905.0,0.0,0.0,219
0.000000000000005,[],28,[],2019-03-11 14:33:08,168493275.591,8.75e-18,3.3715675e-22,6904087,2019-03-11 14:33:08,doge,85316.7430096655,66082.4,0.00175000,"btc,doge",3819435.54751,0.0,1.59960888766935e-11,219
1,[],22,[],2019-03-11 14:33:12,438339.0,0.00000007,0.000000000002697254,6904088,2019-03-11 14:33:12,BTC,18.06824547,0.0,0.00000007,BTC,93234.24541875876,0.00101604,0.02057961,221
1,[],24,[],2019-03-11 14:33:12,0.0,0.000000200000,0.00000000000770644,6904089,2019-03-11 14:33:12,btc,0.0,0.0,0.000000200000,btc,0.0,0.0,0.0,221
1,[],20,[],2019-03-11 14:33:14,39105329.5253,0.000000001,0.000000000000038532199999999996,6904090,2019-03-11 14:33:14,btc,48.4455562981303,504348.2013,0.000000001,btc,16449729.9079,0.0010086964026,0.0391053295253,224
0,[],22,[],2019-03-11 14:33:17,0.0,0,0,6904091,2019-03-11 14:33:17,,0.0,0.0,0,,0.0,0.0,0.0,224
1,[],26,[],2019-03-11 14:33:17,0.0,0.00000035,0.000000000013486269999999999,6904092,2019-03-11 14:33:17,btc,0.0,0.0,0.00000035,btc,0.0,0.0,0.0,231
1,[],26,[],2019-03-11 14:33:17,0.0,0.00000005,0.00000000000192661,6904093,2019-03-11 14:33:17,btc,0.0,100.0,0.00000005,btc,0.0,0.0,0.0,234
0.0000000003419072,[],27,[],2019-03-11 14:33:20,2000.0,3.419072e-18,1.317443661184e-22,6904094,2019-03-11 14:33:20,eth,0.01134836604,0.0,0.00000001,"btc,eth",11462.996,0.0,6.838144e-15,234
1,[],4,[],2019-03-11 14:33:20,760977.49444272,0.00000072,0.000000000027743184,6904095,2019-03-11 14:33:20,btc,4.303173725091451,0.0,0.00000072,btc,1233673.66216031,0.06194844,0.1848187571741632,236
1,[],24,[],2019-03-11 14:33:20,0.0,0.000000500000,0.0000000000192661,6904096,2019-03-11 14:33:20,btc,0.0,0.0,0.000000500000,btc,0.0,0.0,0.0,236
1,[],20,[],2019-03-11 14:33:22,199476761.2974,0.000000054,0.0000000000020807388,6904097,2019-03-11 14:33:22,btc,13.3985779248499,4064479.3227,0.000000054,btc,36903291.6327,0.2258786890272,0.3393853205383,237
0.0000000001418985,[],22,[],2019-03-11 14:33:26,751594.9,2.4122745e-17,9.29502434889e-22,6904098,2019-03-11 14:33:26,LTC,0.0405823,0.0,0.00000017,LTC,3164.0,0.0,0.12541949,237
1,[],4,[],2019-03-11 14:33:27,8056076.07631193,0.00000034,0.000000000013100948,6904099,2019-03-11 14:33:27,btc,7.4709211050548525,0.0,0.00000034,btc,10580263.37885551,0.4538696,1.9790302627286156,238
1,[],5,[],2019-03-11 14:33:28,0.0,0,0,6904100,2019-03-11 14:33:28,btc,0.0,0.0347672,0,btc,0.0,0.0,0.0,238
0,[],22,[],2019-03-11 14:33:30,0.0,0,0,6904101,2019-03-11 14:33:30,,0.40415746,0.0,0,,526736.5639027493,0.0,0.0,249
0.0000000001418985,[],22,[],2019-03-11 14:33:34,49087200.666666664,5.6759400000000005e-18,2.18706455268e-22,6904102,2019-03-11 14:33:34,LTC,0.91170414,0.0,0.00000004,LTC,18043577.253636364,0.0,1.18162413,252
1,[],28,[],2019-03-11 14:33:36,2281501.713,0.00000036,0.000000000013871592,6904103,2019-03-11 14:33:36,btc,164793.8326271198,341946.5625,0.00000036,btc,3352362.5553,0.0,0.38641034182,256
1,[],22,[],2019-03-11 14:33:39,1370927.6666666667,0.00000004,0.000000000001541288,6904104,2019-03-11 14:33:39,BTC,31.44552861,0.0,0.00000004,BTC,579267.3568978057,0.00023781,0.02036077,258
1,[],22,[],2019-03-11 14:33:42,47146.0,0.00000001,0.000000000000385322,6904105,2019-03-11 14:33:42,BTC,2.415167,0.0,0.00000001,BTC,157.0,0.0,0.00047146,259
1,[],5,[],2019-03-11 14:23:36,0.0,0,0,6903913,2019-03-11 14:23:36,btc,0.0,0.25216761,0,btc,0.0,0.0,0.0,264
1,[],20,[],2019-03-11 14:23:39,1299900.0826,0.00000177,0.00000000006824429700000001,6903914,2019-03-11 14:23:39,btc,7.4625179936226,138505.1328,0.00000177,btc,103974.4204,0.2616661401546,0.0195236189558,264
0,[],22,[],2019-03-11 12:27:07,0.0,0,0,6902544,2019-03-11 12:27:07,,8.75660439,0.0,0,,474745.2241309945,0.0,0.0,271
0,[],22,[],2019-03-11 14:33:47,0.0,0,0,6904106,2019-03-11 14:33:47,,111821.59221834,0.0,0,,14047917297.692,0.0,0.0,272
0.000000000000005,[],28,[],2019-03-11 14:33:49,225861356712.905,5e-21,1.92661e-25,6904107,2019-03-11 14:33:49,doge,38481110.18413933,11679220266.072,0.00000100,doge,240846078612.4739,0.0,6.338092249454133e-10,272
1,[],22,[],2019-03-11 14:23:54,162640.74,0.0000007,0.00000000002698927,6903917,2019-03-11 14:23:54,BTC,234.95461346,0.0,0.0000007,"BTC,LTC",42504.431119091925,0.01693934,0.05660022,281
1,[],22,[],2019-03-11 14:33:52,864179.0,0.00000004,0.000000000001541288,6904108,2019-03-11 14:33:52,BTC,1.32361315,0.0,0.00000004,BTC,271909.06416207104,2.849e-05,0.02567133,286
0,[],22,[],2019-03-11 14:34:03,0.0,0,0,6904109,2019-03-11 14:34:03,,1044638.82491513,0.0,0,,702226356.0,0.0,0.0,294
