pairValue,buyBook,exchangeId,sellBook,updated,buyTotal,satoshiPrice,usdPrice,exchangeLogId,created,bestPair,sellTotalBtc,volume,pairPrice,activePairs,sellTotal,volumeBtc,buyTotalBtc,coinId
1,[],3,[],2019-02-25 01:25:38,30531.921521652763,0.0125407499999999998141486656777487951330840587615966796875,0.000000474091767075,6777960,2019-02-25 01:25:38,btc,61.11786142997917,0.17363166,0.0125407499999999998141486656777487951330840587615966796875,btc,25.704096757907,0.0,0.20600991521620987,1
1,[],4,[],2019-02-25 01:25:38,302978.37686095,0.01281543,0.000000484475797263,6777961,2019-02-25 01:25:38,btc,9.22650363251869,0.0,0.01281543,btc,261.29364841,1.38903185,1.4584714520301434,1
1,[],5,[],2019-02-25 01:25:40,0.0,0,0,6777962,2019-02-25 01:25:40,btc,0.0,0.35732642,0,btc,0.0,0.0,0.0,1
1,[],10,[],2019-02-25 01:25:43,414657.59540797,0.01163778,0.000000439955798898,6777963,2019-02-25 01:25:43,btc,6522.577227568327,1249.377411,0.01163778,btc,1033.97842341,0.0,5.516828358453799,1
1,[],12,[],2019-02-25 01:25:45,10444.0190849,0.01264999999999999978628206775965736596845090389251708984375,0.0000004782218649999999,6777964,2019-02-25 01:25:45,btc,0.2495459387376,0.0,0.01264999999999999978628206775965736596845090389251708984375,btc,11.35554417,0.2191268859285,0.4510981641798,1
1,[],20,[],2019-02-25 01:25:47,1150.428,0.010500214,0.0000003969511400774,6777965,2019-02-25 01:25:47,btc,0.0616431583457,0.1432,0.010500214,btc,2.788,0.0015036306448,0.0915544251227,1
1,[],21,[],2019-02-25 01:25:48,2166.73086039,0.01266858000000000046558756850,0.000000478924265178,6777966,2019-02-25 01:25:48,btc,23.199519139424012,4349.48766034,0.01266858000000000046558756849890414741821587085723876953125,"btc,eth",2421.74441329,47.29558046684077,23.114753036261323,1
1,[],22,[],2019-02-25 01:25:53,0.0163776,0.01300000,0.0000004914533,6777967,2019-02-25 01:25:53,BTC,0.31423927,0.0,0.01300000,BTC,0.11751954901960784,0.0,0.00020972,1
1,[],24,[],2019-02-25 01:25:53,0.0,0.000000000000,0,6777968,2019-02-25 01:25:53,btc,0.0,0.0,0.000000000000,btc,0.0,0.0,0.0,1
0.0,[],25,[],2019-02-25 01:25:55,0.0,0,0,6777969,2019-02-25 01:25:55,btc,15.69939999837622,741.58217441,0.0,btc,1204.92513415,9.6324,0.0,1
1,[],26,[],2019-02-25 01:25:56,0.0,0,0,6777970,2019-02-25 01:25:56,,0.0,0.0,0,,0.0,0.0,0.0,1
1,[],28,[],2019-02-25 01:26:01,993.21,0.01323000,0.000000500148243,6777971,2019-02-25 01:26:01,btc,0.162839806,18248.25,0.01323000,btc,8.9,0.0,0.090071836,1
0,[],2,[],2019-01-20 23:28:45,0.0,0,0,6477011,2019-01-20 23:28:45,,0.0,0.0,0,,0.0,0.0,0.0,1
1,[],5,[],2019-02-25 01:26:02,0.0,0,0,6777972,2019-02-25 01:26:02,btc,0.0,0.02074691,0,btc,0.0,0.0,0.0,2
0.00000000012708809999999999,[],22,[],2019-02-25 01:26:05,1148.0,1.3979691e-16,5.2848963653309995e-21,6777973,2019-02-25 01:26:05,XMR,21.01373823,0.0,0.00000110,XMR,14319.12581,0.0,0.00087635,2
1,[],5,[],2019-02-25 01:26:06,0.0,0,0,6777974,2019-02-25 01:26:06,btc,0.0,0.03484679,0,btc,0.0,0.0,0.0,3
1,[],12,[],2019-02-25 01:26:07,13132703.0146,0.000000175,0.000000000006615717499999999,6777975,2019-02-25 01:26:07,btc,924396.5715544267,0.0,0.000000175,btc,8410920.76641595,0.09737594926062541,0.6412938479647,3
0,[],28,[],2019-02-25 01:26:15,0.0,0,0,6777976,2019-02-25 01:26:15,,0.0,0.0,0,,0.0,0.0,0.0,3
0,[],2,[],2019-01-20 23:31:32,0.0,0,0,6477077,2019-01-20 23:31:32,,0.0,0.0,0,,0.0,0.0,0.0,4
1,[],4,[],2019-02-22 15:52:28,400439.70738348,0.00000032,0.000000000012596480000000001,6759744,2019-02-22 15:52:28,btc,31.576426407239886,0.0,0.00000032,btc,685876.08766458,0.0,0.0547125982053145,4
1,[],12,[],2019-02-22 14:50:14,1367032.5219999999,0.00000003,0.000000000001190475,6759350,2019-02-22 14:50:14,btc,11013869.583570713,0.0,0.00000003,btc,1211697.32371984,0.00024567976024,0.02065290044,5
0,[],2,[],2019-01-20 23:31:51,0.0,0,0,6477087,2019-01-20 23:31:51,,0.0,0.0,0,,0.0,0.0,0.0,6
1,[],11,[],2019-02-25 01:26:16,3351329.5,0.00000002,0.000000000000756082,6777977,2019-02-25 01:26:16,btc,9432.836945181234,61187.0,0.00000002,btc,41471686.95347657,0.0,0.034501425,6
1,[],3,[],2019-02-25 01:26:17,1091.857220066689,0.00015102999999999999563259078794175138682476244866847991943359375,0.0000000057095532229999995,6777978,2019-02-25 01:26:17,btc,27.605796873748474,0.0,0.00015102999999999999563259078794175138682476244866847991943359375,btc,249.144760639695,0.0,0.03419745781762677,7
1,[],4,[],2019-02-25 01:26:18,93005.74980336,0.00024113,0.000000009115702633,6777979,2019-02-25 01:26:18,btc,13.384020242934582,0.0,0.00024113,btc,42865.66368699,5.67333543,4.661394258915546,7
1,[],5,[],2019-02-25 01:26:19,0.0,0,0,6777980,2019-02-25 01:26:19,btc,0.0,1.24589232,0,btc,0.0,0.0,0.0,7
1,[],20,[],2019-02-20 02:16:17,39399275.8418,0.000000001,0.0000000000000390183,6728586,2019-02-20 02:16:17,btc,116.9737569154545,525.0,0.000000001,btc,56932965.8895,5.25e-07,0.0393992758418,8
0,[],2,[],2019-01-20 23:22:42,0.0,0,0,6476876,2019-01-20 23:22:42,,0.0,0.0,0,,0.0,0.0,0.0,9
0,[],23,[],2019-01-20 23:22:48,0.0,0,0,6476878,2019-01-20 23:22:48,,0.0,0.0,0,,0.0,0.0,0.0,9
1,[],4,[],2019-02-25 01:26:21,2201374.96435023,0.00000205,0.000000000077498405,6777981,2019-02-25 01:26:21,btc,5.076443652869333,0.0,0.00000205,btc,1862202.56179446,4.24360573,1.2493429088754051,9
1,[],28,[],2019-02-25 01:26:23,51390.0,0.00000189,0.000000000071449749,6777982,2019-02-25 01:26:23,btc,2708.763432985365,3568883.017,0.00000189,btc,12610.5507,0.0,0.05776245,9
1,[],1,[],2019-02-17 23:31:42,1822507.21,0.00000181000000000000003456111265232042484285557293333113193511962890625,0.000000000066086901,6701244,2019-02-17 23:31:42,btc,3.6990969245,17153386.5,0.00000181000000000000003456111265232042484285557293333113193511962890625,btc,1997391.71,31.11772986,3.2610482446,9
1,[],4,[],2019-02-17 11:22:43,4341674.27126056,0.00000002,0.0000000000007272960000000001,6696112,2019-02-17 11:22:43,btc,0.1997230937751353,0.0,0.00000002,btc,4109766.79808031,0.00215132,0.0479381022052112,10
0,[],2,[],2019-01-20 23:23:08,0.0,0,0,6476890,2019-01-20 23:23:08,,0.0,0.0,0,,0.0,0.0,0.0,12
1,[],4,[],2019-02-25 01:26:23,2456131.74733913,0.00000127,0.000000000048011206999999996,6777983,2019-02-25 01:26:23,btc,12.42997362620226,0.0,0.00000127,btc,6404319.2847425,1.45808844,1.6016264532371147,12
1,[],5,[],2019-02-25 01:26:24,0.0,0,0,6777984,2019-02-25 01:26:24,btc,0.0,0.17201818,0,btc,0.0,0.0,0.0,12
0.0,[],25,[],2019-02-25 01:26:26,0.0,0,0,6777985,2019-02-25 01:26:26,,0.0,0.0,0.0,btc,0.0,0.0,0.0,12
1,[],4,[],2019-02-25 01:26:26,1199426.96083751,0.00000556,0.000000000210190796,6777986,2019-02-25 01:26:26,btc,3.1268393023347394,0.0,0.00000556,btc,431701.6855907,0.27149207,0.7002441822014904,13
1,[],21,[],2019-02-25 01:26:30,456012.94303248,0.000005349999999999999599083720658,0.00000000020225193499999999,6777987,2019-02-25 01:26:30,btc,6.6804641662862325,390951.3832772,0.000005349999999999999599083720658310170392724103294312953948974609375,btc,1109196.25801691,2.1857799,2.2686741844721543,13
1,[],10,[],2019-02-25 00:18:32,473594.1820015,0.00000533,0.000000000200353634,6777588,2019-02-25 00:18:32,btc,666802.6116214163,10224.6431486,0.00000533,btc,746368.84714416,0.0,0.2819603316993185,13
1,[],4,[],2019-02-25 01:26:31,648455.17165856,0.00000120,0.00000000004536492,6777988,2019-02-25 01:26:31,btc,12.269442870427188,0.0,0.00000120,btc,884244.22961888,0.04244346,0.104769524441193,14
1,[],12,[],2019-02-25 01:26:32,120691.91304348,0.000001129999999999999980629101885287735029805844533257186412811279296875,0.000000000042718633,6777989,2019-02-25 01:26:32,btc,5.292062009225207,0.0,0.000001129999999999999980629101885287735029805844533257186412811279296875,btc,32406.19773647,0.0,0.0259535200000004,14
0,[],17,[],2019-02-25 01:26:44,0.0,0,0,6777990,2019-02-25 01:26:44,btc,0.0,0.0,0,btc,0.0,0.0,0.0,14
1,[],26,[],2019-02-25 01:26:44,0.0,0.00000050,0.000000000018902049999999998,6777991,2019-02-25 01:26:44,btc,0.0,0.0,0.00000050,btc,0.0,0.0,0.0,14
0,[],4,[],2019-02-25 01:26:45,0.0,0,0,6777992,2019-02-25 01:26:45,,0.0,0.0,0,,0.0,0.0,0.0,15
,[],12,[],2018-12-01 15:15:48,204241.84496,0.00000489,0.000000000202473384,5260204,2018-12-01 15:15:48,btc,49.5475654835,0.0,,btc,35763.2193806,0.0163153972027625,0.0203389899998,15
0,[],2,[],2019-01-20 23:23:38,0.0,0,0,6476906,2019-01-20 23:23:38,,0.0,0.0,0,,0.0,0.0,0.0,18
1,[],4,[],2019-02-25 01:26:47,26034.87243455,0.00001857,0.000000000702022137,6777993,2019-02-25 01:26:47,btc,1.2177526294422107,0.0,0.00001857,btc,7330.40159949,0.08871836,0.0845473281013856,18
1,[],10,[],2019-02-25 01:26:49,782664.39635952,0.00001739,0.0000000006574132990000001,6777994,2019-02-25 01:26:49,btc,19.969450705129972,11260.1348695,0.00001739,btc,19869.7599999,0.0,0.1294893390521511,18
1,[],12,[],2019-02-25 01:26:50,199236.81813559998,0.0000185199999999999988654734994764083921836572699248790740966796875,0.0000000007001319319999999,6777995,2019-02-25 01:26:50,btc,23.668576846692865,0.0,0.0000185199999999999988654734994764083921836572699248790740966796875,btc,1895.28886441,0.0100961319199918,0.0351680007310341,18
0,[],17,[],2019-02-25 01:26:52,0.0,0,0,6777996,2019-02-25 01:26:52,btc,0.0,0.0,0,btc,0.0,0.0,0.0,18
0,[],2,[],2019-01-20 23:24:19,0.0,0,0,6476924,2019-01-20 23:24:19,,0.0,0.0,0,,0.0,0.0,0.0,19
1,[],3,[],2019-02-25 01:26:52,120776.3141567528,0.00002203999999999999904500003200524815838434733450412750244140625,0.0000000008332023639999999,6777997,2019-02-25 01:26:52,btc,0.5975024268914596,0.0,0.00002203999999999999904500003200524815838434733450412750244140625,btc,11484.78606069032,0.0,0.07966178993169826,19
1,[],4,[],2019-02-25 01:26:53,388610.73446688,0.00002150,0.00000000081278815,6777998,2019-02-25 01:26:53,btc,2.357704142677192,0.0,0.00002150,btc,66998.24316665,0.70400986,2.529730700446449,19
1,[],5,[],2019-02-25 01:26:54,0.0,0,0,6777999,2019-02-25 01:26:54,btc,0.0,3.462e-05,0,btc,0.0,0.0,0.0,19
1,[],12,[],2019-02-25 01:26:55,134081.14251114,0.00001900999999999999925622863605756407423541531898081302642822265625,0.0000000007186559409999999,6778000,2019-02-25 01:26:55,btc,1.3579054754201598,0.0,0.00001900999999999999925622863605756407423541531898081302642822265625,btc,382.27457877,0.000594864115841,0.1046652800000694,19
0,[],27,[],2019-02-25 01:26:57,0.0,0,0,6778001,2019-02-25 01:26:57,,0.0,0.0,0,btc,0.0,0.0,0.0,19
1,[],4,[],2019-02-25 01:26:58,8070160.95424551,0.00000013,0.000000000004914533,6778002,2019-02-25 01:26:58,btc,7.376054659582633,0.0,0.00000013,btc,2843149.4360639,0.0,0.2584025451781454,20
1,[],4,[],2019-02-25 01:26:59,104210116.16237023,0.00000002,0.000000000000756082,6778003,2019-02-25 01:26:59,btc,1800.1490957341668,0.0,0.00000002,btc,55255944.17817261,0.01828091,1.1719427671280451,21
1,[],12,[],2019-02-25 01:27:00,18647376.0,0.00000002,0.000000000000756082,6778004,2019-02-25 01:27:00,btc,670.3899289734848,0.0,0.00000002,btc,8544410.32857329,0.0,0.24518776,21
0,[],17,[],2019-02-25 01:27:02,0.0,0,0,6778005,2019-02-25 01:27:02,btc,0.0,0.0,0,btc,0.0,0.0,0.0,21
1,[],12,[],2019-02-25 01:27:02,3393212994.6808996,0.0000000002,0.00000000000000756082,6778006,2019-02-25 01:27:02,btc,875865842684.4135,0.0,0.0000000002,btc,4937706145.2412,0.025171497063137777,0.3849261111829904,23
0.0000000003589185,[],27,[],2019-02-25 01:27:04,2000.0,3.5891850000000005e-18,1.356859086585e-22,6778007,2019-02-25 01:27:04,eth,1.3429826565934113,0.0,0.00000001,eth,1964879.85514486,0.0,7.17837e-15,23
1,[],4,[],2019-02-25 01:27:05,425415.28118581,0.00000060,0.00000000002268246,6778008,2019-02-25 01:27:05,btc,8.420602491191902,0.0,0.00000060,btc,1481861.6140764,0.00504367,0.1419771661449893,24
1,[],22,[],2019-02-25 01:27:08,11.76,0.00000100,0.000000000037804099999999996,6778009,2019-02-25 01:27:08,BTC,7.415e-05,0.0,0.00000100,BTC,23.919354838709676,0.0,1.176e-05,24
0.0,[],25,[],2019-02-25 01:27:10,0.0,0,0,6778010,2019-02-25 01:27:10,,0.0,0.0,0.0,btc,0.0,0.0,0.0,24
1,[],4,[],2019-02-25 01:27:10,28286138.0245517,0.00000770,0.00000000029109157,6778011,2019-02-25 01:27:10,btc,142.54895447322485,0.0,0.00000770,btc,244197.94657644,0.25305313,0.5090540476221809,26
1,[],10,[],2019-02-25 01:27:12,693959.41322193,0.00000641,0.000000000242324281,6778012,2019-02-25 01:27:12,btc,26.126489328392157,6604.06803931,0.00000641,btc,14165.72567028,0.0,0.2405138868251638,26
0,[],2,[],2019-01-20 23:25:56,0.0,0,0,6476976,2019-01-20 23:25:56,,0.0,0.0,0,,0.0,0.0,0.0,26
1,[],3,[],2019-02-25 01:27:13,6199851.70213569,0.00000001,0.000000000000378041,6778013,2019-02-25 01:27:13,btc,2.305318657135657,0.0,0.00000001,btc,17461836.6211543,0.0,0.0619985170213569,27
1,[],5,[],2019-02-25 01:27:14,0.0,0,0,6778014,2019-02-25 01:27:14,btc,0.0,0.00330735,0,btc,0.0,0.0,0.0,27
1,[],11,[],2019-02-25 01:27:16,9661469.607065821,0.00000005,0.000000000001890205,6778015,2019-02-25 01:27:16,btc,67506.53157702075,146281.413934,0.00000005,btc,8171781.9763934,0.0,0.4509737746429231,27
1,[],4,[],2019-02-25 01:27:17,1486609176.325567,0.00000002,0.000000000000756082,6778016,2019-02-25 01:27:17,btc,5.520828759665426,0.0,0.00000002,"btc,ltc",390055246.75744194,0.24520347,11.597859451040781,29
1,[],7,[],2019-02-25 01:27:17,51951165.46798424,0.00000002,0.000000000000756082,6778017,2019-02-25 01:27:17,btc,44463896.84199574,35000.0,0.00000002,btc,60103107.48242686,0.00105,0.7086812118639676,29
1,[],4,[],2019-02-25 01:27:18,1438930.44418722,0.00000029,0.000000000010963189,6778018,2019-02-25 01:27:18,btc,2.3331638409704327,0.0,0.00000029,btc,1566511.63840806,0.00621042,0.1003823435513915,30
0,[],17,[],2019-02-25 01:19:24,0.0,0,0,6777816,2019-02-25 01:19:24,btc,0.0,0.0,0,btc,0.0,0.0,0.0,30
1,[],4,[],2019-02-25 01:27:20,1115492.62099928,0.00005650,0.0000000021359316499999998,6778019,2019-02-25 01:27:20,btc,5.3772983878718925,0.0,0.00005650,btc,66139.29742469,0.77044005,1.0691652588992473,31
1,[],21,[],2019-02-25 01:27:20,54988.54780829,0.00005650999999999999935922784244,0.000000002136309691,6778020,2019-02-25 01:27:20,btc,1.949619409883874,74036.3925243,0.000056509999999999999359227842443686995466123335063457489013671875,btc,30483.65959349,4.19681243,2.9627738488226245,31
0,[],2,[],2019-01-20 23:28:43,0.0,0,0,6477009,2019-01-20 23:28:43,,0.0,0.0,0,,0.0,0.0,0.0,32
1,[],4,[],2019-02-25 01:27:22,337234426.99648297,0.00000004,0.000000000001512164,6778021,2019-02-25 01:27:22,btc,9.06799197132474,0.0,0.00000004,"btc,ltc",159735374.9090491,1.14705754,7.40568233943383,33
1,[],12,[],2019-02-25 01:27:24,17029024.379,0.00000005,0.000000000001890205,6778022,2019-02-25 01:27:24,btc,35620531.41552271,0.0,0.00000005,btc,89169922.98401566,0.002363307792209,0.56758886895,33
1,[],4,[],2019-02-25 01:27:25,126316643.54362756,0.00000001,0.000000000000378041,6778023,2019-02-25 01:27:25,btc,4.14755739526913,0.0,0.00000001,btc,98334106.59318319,0.03677584,1.2631664354362755,34
1,[],5,[],2019-02-25 01:27:26,0.0,0,0,6778024,2019-02-25 01:27:26,btc,0.0,0.33113744,0,btc,0.0,0.0,0.0,34
0.00000000011742680000000002,[],4,[],2019-02-25 01:27:27,2591719957.7279167,3.522804e-18,1.331764346964e-22,6778025,2019-02-25 01:27:27,ltc,2.5563135637709036e-08,0.0,0.00000003,ltc,2878997889.3737063,0.0,4.41256317760649e-09,36
1,[],5,[],2019-02-25 01:27:28,0.0,0,0,6778026,2019-02-25 01:27:28,btc,0.0,0.0,0,btc,0.0,0.0,0.0,36
0.0000000003589185,[],27,[],2019-02-25 01:27:42,1000000.0,3.5891850000000005e-18,1.356859086585e-22,6778027,2019-02-25 01:27:42,eth,114.12865132688529,0.0,0.00000001,"ltc,eth",4157587.7875004,0.0,1.179097834e-12,36
0,[],17,[],2019-02-25 01:19:33,0.0,0,0,6777825,2019-02-25 01:19:33,btc,0.0746458232965017,0.0,0,btc,4103573.70243647,0.0,0.0,36
1,[],17,[],2019-02-25 00:22:08,1752.74075282,0.00000025,0.00000000000939745,6777629,2019-02-25 00:22:08,btc,0.05548492399204978,0.0,0.00000025,btc,1387.19918473,0.0,0.00043818518820499993,37
1,[],4,[],2019-02-25 01:19:35,260785.61877476,0.00000061,0.000000000023020363,6777827,2019-02-25 01:19:35,btc,19772.50212948498,0.0,0.00000061,btc,575886.94580879,0.01050972,0.1168133694353638,37
1,[],12,[],2019-02-25 01:19:36,454576.50763703,0.00000053,0.000000000020001299,6777828,2019-02-25 01:19:36,btc,1347.0409181860005,0.0,0.00000053,btc,995820.41670412,0.0813865467399363,0.0794626600000067,37
1,[],27,[],2019-02-25 01:19:39,14685.567,0.00000045,0.000000000016982235,6777829,2019-02-25 01:19:39,btc,25.81996186649233,0.0,0.00000045,btc,6791.34738508,0.0,0.00480032515,37
1,[],5,[],2019-02-25 01:27:43,0.0,0,0,6778028,2019-02-25 01:27:43,btc,0.0,0.0865356,0,btc,0.0,0.0,0.0,42
1,[],12,[],2019-02-25 01:27:44,137162.30272164,0.00000096,0.000000000036291936,6778029,2019-02-25 01:27:44,btc,94.69894711625263,0.0,0.00000096,btc,109740.36039958001,0.0034726640893521,0.0426920579649599,42
0.0000000003589185,[],27,[],2019-02-25 01:27:47,2000.0,3.5891850000000005e-18,1.356859086585e-22,6778030,2019-02-25 01:27:47,eth,0.00315028,0.0,0.00000001,"btc,eth",11.007,0.0,7.17837e-15,42
0,[],17,[],2019-02-25 00:22:27,0.0,0,0,6777636,2019-02-25 00:22:27,btc,0.0,0.0,0,btc,0.0,0.0,0.0,43
1,[],5,[],2019-02-25 01:27:48,0.0,0,0,6778031,2019-02-25 01:27:48,btc,0.0,0.01406036,0,btc,0.0,0.0,0.0,43
1,[],12,[],2019-02-25 01:27:49,1783159.0,0.00000001,0.000000000000378041,6778032,2019-02-25 01:27:49,btc,3573.0450399525275,0.0,0.00000001,btc,17796736.972427562,0.016465055954046,0.01783159,43
1,[],12,[],2019-02-25 01:28:01,674214.0,0.00000005,0.000000000001890205,6778033,2019-02-25 01:28:01,btc,11115177.729550358,0.0,0.00000005,btc,1104555.40161834,0.00026273976024,0.01702976,44
1,[],4,[],2019-02-25 01:30:01,19786235.17261612,0.00000002,0.000000000000756082,6778034,2019-02-25 01:30:01,btc,474.5705349990437,0.0,0.00000002,btc,12050523.61472746,0.0004669,0.217068646899631,49
0,[],4,[],2019-02-25 01:30:02,0.0,0,0,6778035,2019-02-25 01:30:02,,25.475336656823888,0.0,0,,10622225061.488565,0.0,0.0,52
0.00000000012708809999999999,[],22,[],2019-02-25 01:30:06,80845862.0,1.270881e-18,4.80445124121e-23,6778036,2019-02-25 01:30:06,XMR,4366.96886723,0.0,0.00000001,XMR,255240311.67882353,1.270881e-13,0.80845862,57
0.0000000003589185,[],27,[],2019-02-25 01:30:09,2000.0,3.5891850000000005e-18,1.356859086585e-22,6778037,2019-02-25 01:30:09,eth,0.0,0.0,0.00000001,"btc,eth",0.0,0.0,7.17837e-15,57
0,[],17,[],2019-02-24 23:18:48,0.0,0,0,6777241,2019-02-24 23:18:48,btc,1e+24,0.0,0,btc,49306342.21952568,0.0,0.0,58
0.00000000011742680000000002,[],4,[],2019-02-25 01:30:10,1157856142.468965,3.522804e-18,1.331764346964e-22,6778038,2019-02-25 01:30:10,ltc,18.811298956694788,0.0,0.00000003,ltc,4062027720.4851704,0.0,2.9374099780940654e-09,58
1,[],12,[],2019-02-25 01:30:12,1628574643.843957,0.0000000004,0.00000000000001512164,6778039,2019-02-25 01:30:12,btc,224005479621.07843,0.0,0.0000000004,btc,3823595793.3108087,0.054125410351326786,0.5268101416011391,58
0.00000000012708809999999999,[],22,[],2019-02-25 01:30:26,137438.0,1.270881e-18,4.80445124121e-23,6778040,2019-02-25 01:30:26,XMR,69.8835922,0.0,0.00000001,XMR,9887963.0,0.0,0.00137438,58
1,[],5,[],2019-02-25 01:30:26,0.0,0,0,6778041,2019-02-25 01:30:26,btc,0.0,0.01438538,0,btc,0.0,0.0,0.0,61
1,[],22,[],2019-02-25 01:30:30,5149.5,0.00000011,0.000000000004158451,6778042,2019-02-25 01:30:30,BTC,1002.29597012,0.0,0.00000011,BTC,14947.700278135757,0.0,0.00051596,61
1,[],26,[],2019-02-25 01:30:30,0.0,0.00000800,0.00000000030243279999999997,6778043,2019-02-25 01:30:30,btc,0.0,0.0,0.00000800,btc,0.0,0.0,0.0,61
1,[],27,[],2019-02-25 01:30:33,2493.55,0.00000045,0.000000000017011845,6778044,2019-02-25 01:30:33,btc,7.8479354107107575,0.0,0.00000045,"btc,eth",20831.38399471,0.0,0.0002155975035174013,61
1,[],28,[],2019-02-25 01:30:39,13882.304,0.0000005,0.000000000018902049999999998,6778045,2019-02-25 01:30:39,btc,2.056328285685105,710.0,0.0000005,btc,9746.52450005,0.0,0.00566491304,61
1,[],4,[],2019-02-25 01:30:39,1496248.36937689,0.00000284,0.000000000107363644,6778046,2019-02-25 01:30:39,btc,11.310880000454478,0.0,0.00000284,btc,796874.61909447,0.19315965,1.5327659736914205,67
0.0,[],25,[],2019-02-25 01:30:41,0.0,0,0,6778047,2019-02-25 01:30:41,,0.0,0.0,0.0,btc,0.0,0.0,0.0,67
1,[],12,[],2019-02-25 01:30:42,2987671.47390196,0.00000019,0.0000000000071827790000000004,6778048,2019-02-25 01:30:42,btc,11115998.228346951,0.0,0.00000019,btc,2113543.76999594,0.000575718811189,0.1024953064411115,71
,[],5,[],2018-11-20 23:02:39,1.5e-07,0.00000005,0.000000000002128045,4862160,2018-11-20 23:02:39,btc,2.84511358,0.0,,btc,0.00036572,0.0,0.07381892,74
1,[],5,[],2019-02-25 01:30:42,0.0,0,0,6778049,2019-02-25 01:30:42,btc,0.0,0.0,0,btc,0.0,0.0,0.0,75
0,[],20,[],2019-01-25 09:30:31,0.0,0,0,6495923,2019-01-25 09:30:31,btc,0.0,0.0,0,btc,0.0,0.0,0.0,81
1,[],4,[],2019-02-25 01:30:43,17233280.92031862,0.00000001,0.000000000000378041,6778050,2019-02-25 01:30:43,btc,11388.638595673243,0.0,0.00000001,btc,34444270.17624532,0.0,0.1723328092031862,81
1,[],4,[],2019-02-25 01:30:48,28509.65106304,0.00007561,0.000000002858368001,6778051,2019-02-25 01:30:48,btc,17.757592985068893,0.0,0.00007561,btc,12563.45327753,0.01478347,0.1306989257193646,82
1,[],21,[],2019-02-25 01:30:49,69817.13926523,0.00007846000000000000434811908701,0.000000002966109686,6778052,2019-02-25 01:30:49,btc,2.3363125659058106,1223.05475051,0.00007846000000000000434811908700538651828537695109844207763671875,btc,24316.62016183,0.09653981,2.450723072343312,82
0,[],17,[],2019-02-25 01:31:01,0.0,0,0,6778053,2019-02-25 01:31:01,btc,0.0447233088476774,0.0,0,btc,999127.19588126,0.0,0.0,84
0.00000000011742680000000002,[],4,[],2019-02-25 01:31:01,154029489.0437301,4.697072e-18,1.775685795952e-22,6778054,2019-02-25 01:31:01,ltc,1.7828320927825099,0.0,0.00000004,ltc,404316996.1582117,0.00021,4.030591102351865e-10,85
,[],22,[],2018-11-20 23:09:34,3408.1,0.0000001,0.0000000000041895,4862324,2018-11-20 23:09:34,BTC,0.04624735,0.0,,BTC,4990.0,0.0,0.00033081,86
0,[],22,[],2019-02-22 12:52:35,0.0,0,0,6758847,2019-02-22 12:52:35,,2.0760781,0.0,0,,140622.94736842104,0.0,0.0,87
0,[],27,[],2019-02-22 12:52:37,0.0,0,0,6758848,2019-02-22 12:52:37,,0.0,0.0,0,btc,0.0,0.0,0.0,87
,[],2,[],2018-11-20 23:10:47,0.0,0,0,4862359,2018-11-20 23:10:47,,0.0,0.0,,,0.0,0.0,0.0,88
1,[],11,[],2019-02-25 01:31:03,92317.76120217,0.0001478100000000000095214114370634206352406181395053863525390625,0.000000005587824021,6778055,2019-02-25 01:31:03,btc,608.6681686560771,5664.11625573,0.0001478100000000000095214114370634206352406181395053863525390625,btc,93732.55066051,0.0,6.172064971279587,89
0,[],17,[],2019-02-25 01:21:02,0.0,0,0,6777859,2019-02-25 01:21:02,btc,0.0,0.0,0,btc,0.0,0.0,0.0,91
0,[],2,[],2019-01-20 23:31:45,0.0,0,0,6477083,2019-01-20 23:31:45,,0.0,0.0,0,,0.0,0.0,0.0,91
1,[],12,[],2019-02-25 01:31:05,490146.08825823996,0.000001430000000000000072932653839841155019030338735319674015045166015625,0.000000000054059863000000004,6778056,2019-02-25 01:31:05,btc,4.330639234029065,0.0,0.000001430000000000000072932653839841155019030338735319674015045166015625,btc,56779.70114169,0.0011464811477045,0.0988334930938288,91
0,[],22,[],2019-02-25 01:31:19,0.0,0,0,6778057,2019-02-25 01:31:19,,3.1e-06,0.0,0,,2.0,0.0,0.0,91
0.00000000011742680000000002,[],22,[],2019-02-25 01:31:22,2791021.0,4.697072e-18,1.775685795952e-22,6778058,2019-02-25 01:31:22,LTC,8.53161599,0.0,0.00000004,LTC,71994962.1,0.0,0.09164084,95
0,[],17,[],2019-02-25 01:21:12,0.0,0,0,6777864,2019-02-25 01:21:12,btc,0.0,0.0,0,btc,0.0,0.0,0.0,96
0.00000000011742680000000002,[],4,[],2019-02-25 01:31:23,646823046.5242674,7.3978884e-17,2.7967051286244e-21,6778059,2019-02-25 01:31:23,ltc,11.909281633113636,0.0,0.00000063,ltc,136474849.84107965,0.0,2.342505054076717e-09,96
0,[],12,[],2019-02-25 01:31:24,0.0,0,0,6778060,2019-02-25 01:31:24,btc,255075.89479199788,0.0,0,btc,8639170.94636337,5.1e-07,0.0,96
1,[],4,[],2019-02-25 01:31:35,1436449.81568426,0.00000029,0.000000000010963189,6778061,2019-02-25 01:31:35,btc,3.186690767437897,0.0,0.00000029,btc,2563303.33944624,0.00755741,0.1132869359196173,99
0,[],2,[],2019-01-20 23:23:55,0.0,0,0,6476914,2019-01-20 23:23:55,,0.0,0.0,0,,0.0,0.0,0.0,100
1,[],4,[],2019-02-25 01:31:36,138554.16764122,0.00004084,0.000000001543919444,6778062,2019-02-25 01:31:36,btc,14.402833064970725,0.0,0.00004084,btc,203519.29317839,3.95933906,2.6490877147338856,100
1,[],22,[],2019-02-25 01:31:39,50000.0,0.00000001,0.000000000000378041,6778063,2019-02-25 01:31:39,BTC,23.49896609,0.0,0.00000001,BTC,10277.22,0.0,0.0005,101
1,[],4,[],2019-02-25 01:31:40,488176.83983738,0.00000090,0.00000000003402369,6778064,2019-02-25 01:31:40,btc,256.3010732757012,0.0,0.00000090,btc,485647.57400835,0.00431448,0.2542983735440439,103
1,[],12,[],2019-02-25 01:31:43,59853539.76471429,0.000000011,0.0000000000004158451,6778065,2019-02-25 01:31:43,btc,137279276.5437166,0.0,0.000000011,btc,127435982.01696359,0.03828489670596825,0.19561365641185718,105
1,[],27,[],2019-02-25 01:31:44,125810.89,0.00000001,0.000000000000378041,6778066,2019-02-25 01:31:44,btc,26.557578245556094,0.0,0.00000001,btc,574707.68391977,0.0,0.0012581089,105
1,[],22,[],2019-02-25 01:31:48,9328.0,0.00000001,0.000000000000378041,6778067,2019-02-25 01:31:48,BTC,51.10837004,0.0,0.00000001,BTC,470435.0,0.0,9.328e-05,107
1,[],26,[],2019-02-25 01:31:48,0.0,0.00000000,0,6778068,2019-02-25 01:31:48,btc,0.0,0.0,0.00000000,btc,0.0,0.0,0.0,107
1,[],5,[],2019-02-25 01:31:49,0.0,0,0,6778069,2019-02-25 01:31:49,btc,0.0,0.00069222,0,btc,0.0,0.0,0.0,112
1,[],22,[],2019-02-25 01:31:52,1966.0,0.00000001,0.000000000000378041,6778070,2019-02-25 01:31:52,BTC,2.81183288,0.0,0.00000001,BTC,808524.0833333334,0.0,1.966e-05,112
0.0000000003589185,[],27,[],2019-02-25 01:31:55,2000.0,3.5891850000000005e-18,1.356859086585e-22,6778071,2019-02-25 01:31:55,eth,1.35132491849924,0.0,0.00000001,"btc,eth",1328.641654,0.0,7.17837e-15,112
1,[],4,[],2019-02-25 01:31:55,373128.58865245,0.00000302,0.000000000114168382,6778072,2019-02-25 01:31:55,btc,5.931574478590956,0.0,0.00000302,btc,350057.50412079,0.12408073,0.1656830416621068,113
1,[],5,[],2019-02-25 01:31:56,0.0,0,0,6778073,2019-02-25 01:31:56,btc,0.0,0.00468312,0,btc,0.0,0.0,0.0,113
1,[],17,[],2019-02-25 01:21:36,152738.278,0.00000004,0.000000000001509532,6777878,2019-02-25 01:21:36,btc,1.33680302678,0.0,0.00000004,btc,50696.221,0.0,0.0022095311199999998,116
0,[],27,[],2019-02-25 01:31:59,0.0,0,0,6778074,2019-02-25 01:31:59,,0.0,0.0,0,btc,0.0,0.0,0.0,116
1,[],4,[],2019-02-25 01:32:00,67641.04594847,0.00001904,0.000000000719790064,6778075,2019-02-25 01:32:00,btc,29.765457682683895,0.0,0.00001904,btc,84684.43692056,1.60886316,0.547694220906667,120
1,[],7,[],2019-02-25 01:32:02,211554.12599997,0.0000169200000000000006319424150635910564233199693262577056884765625,0.000000000639645372,6778076,2019-02-25 01:32:02,btc,115647.2573687268,7508.53577602,0.0000169200000000000006319424150635910564233199693262577056884765625,btc,37932.583683590005,0.22310671,0.0694599019418545,120
1,[],20,[],2019-02-25 01:22:06,1175075.5618,0.000000012,0.0000000000004528596,6777882,2019-02-25 01:22:06,btc,31.9233495719687,260.0,0.000000012,btc,1120131.1111,3.378e-06,0.0033514079724,125
1,[],22,[],2019-02-25 01:32:06,3053.0,0.00000001,0.000000000000378041,6778077,2019-02-25 01:32:06,BTC,0.01444887,0.0,0.00000001,BTC,296263.5111111111,0.0,3.053e-05,126
0,[],2,[],2019-01-20 23:25:46,0.0,0,0,6476969,2019-01-20 23:25:46,,0.0,0.0,0,,0.0,0.0,0.0,131
1,[],4,[],2019-02-25 01:32:07,110750.95724004,0.00001411,0.000000000533415851,6778078,2019-02-25 01:32:07,btc,24.184352634106066,0.0,0.00001411,btc,130934.39150322,0.22929016,0.6409552083347421,131
0,[],17,[],2019-02-25 01:32:08,0.0,0,0,6778079,2019-02-25 01:32:08,btc,0.0009561751951600001,0.0,0,btc,35.42829368,0.0,0.0,131
1,[],4,[],2019-02-25 01:32:09,4555.94691547,0.00016009,0.000000006052058369,6778080,2019-02-25 01:32:09,btc,1.6432534536767671,0.0,0.00016009,btc,320.0767349,0.00387793,0.0086658764066706,135
1,[],3,[],2019-02-25 01:32:10,1478069.16171841,0.00000005,0.000000000001890205,6778081,2019-02-25 01:32:10,btc,0.6528291139724832,32501.484,0.00000005,btc,2319814.89811395,0.0,0.054027673747034204,136
1,[],4,[],2019-02-25 01:32:11,257399.27263886,0.00000172,0.000000000065023052,6778082,2019-02-25 01:32:11,btc,38.87441227537657,0.0,0.00000172,btc,632169.95243301,0.07098752,0.0694613361682919,137
1,[],12,[],2019-02-25 01:32:12,334930.90425802,0.00000172999999999999995347796898081949024117420776747167110443115234375,0.00000000006540109299999999,6778083,2019-02-25 01:32:12,btc,11807.59845185555,0.0,0.00000172999999999999995347796898081949024117420776747167110443115234375,btc,123759.06109106,0.0041085799941327,0.0892506721027309,137
1,[],17,[],2019-02-25 01:22:18,22967.386363640002,0.00000088,0.000000000033209704000000004,6777891,2019-02-25 01:22:18,btc,20.069913352871705,0.0,0.00000088,btc,2746.079105,0.0,0.0104613000000032,142
1,[],4,[],2019-02-25 01:32:13,226487.80982692,0.00004025,0.000000001521615025,6778084,2019-02-25 01:32:13,btc,29.528351511194543,0.0,0.00004025,btc,51367.64369941,0.49362495,1.1115112047248938,142
1,[],5,[],2019-02-25 01:32:14,0.0,0,0,6778085,2019-02-25 01:32:14,btc,0.0,0.8161707,0,btc,0.0,0.0,0.0,142
1,[],20,[],2019-02-25 01:32:16,133310.9826,0.000045043,0.0000000017028100763,6778086,2019-02-25 01:32:16,btc,0.5019588885584,0.0,0.000045043,btc,3876.6846,0.0,0.2356579130972,142
1,[],22,[],2019-02-25 01:32:19,1685.8988921568628,0.00004000,0.000000001512164,6778087,2019-02-25 01:32:19,BTC,3.00385504,0.0,0.00004000,BTC,891.218,0.0,0.00174536,142
0.0,[],25,[],2019-02-25 01:32:20,0.0,0,0,6778088,2019-02-25 01:32:20,,0.0,0.0,0.0,btc,0.0,0.0,0.0,142
1,[],28,[],2019-02-25 01:32:22,76772.0,0.00004500,0.0000000017011844999999999,6778089,2019-02-25 01:32:22,btc,0.0866109227,769.0,0.00004500,btc,790.5355,0.0,0.0338472,142
0,[],22,[],2019-02-25 01:32:25,0.0,0,0,6778090,2019-02-25 01:32:25,,61.23499952,0.0,0,,744420234.3,0.0,0.0,143
1,[],21,[],2019-02-25 01:32:26,26357458.52409638,0.00000024,0.000000000009072984,6778091,2019-02-25 01:32:26,btc,44.98372654539642,14097586.05553602,0.00000024,btc,93881808.91940734,3.53587846,3.8961564010648564,145
0,[],22,[],2019-02-24 22:22:27,0.0,0,0,6776947,2019-02-24 22:22:27,,4.24912384,0.0,0,,1812056.0,0.0,0.0,146
,[],22,[],2018-11-20 23:01:11,0.0,0,0,4862114,2018-11-20 23:01:11,,2.56807021,0.0,,,61828.4988236,0.0,0.0,147
1,[],12,[],2019-02-25 01:32:28,112876.15684396,0.00000251000000000000010876390933722834830632564262486994266510009765625,0.000000000094888291,6778092,2019-02-25 01:32:28,btc,16.28549155697418,0.0,0.00000251000000000000010876390933722834830632564262486994266510009765625,btc,116991.71583628,0.0015981841255754,0.027004341150208,148
0,[],4,[],2019-02-25 01:34:29,0.0,0,0,6778093,2019-02-25 01:34:29,,0.0,0.0,0,,0.0,0.00236975,0.0,152
0,[],22,[],2019-02-25 01:34:31,0.0,0,0,6778094,2019-02-25 01:34:31,,0.0,0.0,0,,0.0,0.0,0.0,152
1,[],5,[],2019-02-25 01:34:33,0.0,0,0,6778095,2019-02-25 01:34:33,btc,0.0,0.0,0,btc,0.0,0.0,0.0,153
,[],16,[],2019-01-11 15:38:59,0.0,0,0,6366141,2019-01-11 15:38:59,btc,0.0,0.0,,btc,0.0,0.0,0.0,155
0,[],23,[],2019-01-20 23:24:29,0.0,0,0,6476932,2019-01-20 23:24:29,,0.0,0.0,0,,0.0,0.0,0.0,156
0,[],22,[],2019-02-25 01:34:36,0.0,0,0,6778096,2019-02-25 01:34:36,,6.74608751,0.0,0,,4644392.242592593,0.0,0.0,156
1,[],22,[],2019-02-25 01:34:39,7073.8,0.00005300,0.0000000020036173,6778097,2019-02-25 01:34:39,BTC,1.80343699,0.0,0.00005300,BTC,899.6422341958436,0.0,0.00104336,157
0,[],22,[],2019-02-25 01:34:42,0.0,0,0,6778098,2019-02-25 01:34:42,,50175.68008609,0.0,0,,54479136.04179466,0.0,0.0,158
,[],17,[],2018-11-20 22:56:10,0.0,0,0,4861976,2018-11-20 22:56:10,btc,1.1265625,0.0,,btc,1000.0,0.0,0.0,159
,[],20,[],2018-11-20 22:56:12,0.0,0,0,4861977,2018-11-20 22:56:12,btc,11912.7940471,0.0,,btc,34413894.3617,0.0,0.0,159
1,[],12,[],2019-02-25 01:34:43,182738.28391361,0.0000071600000000000000571613069377807647697409265674650669097900390625,0.000000000270677356,6778099,2019-02-25 01:34:43,btc,6.642752883570154,0.0,0.0000071600000000000000571613069377807647697409265674650669097900390625,btc,13692.5780877,0.0030787837716148,0.09679585222984159,168
1,[],17,[],2019-02-25 01:34:45,29784.95,0.000001,0.000000000037804099999999996,6778100,2019-02-25 01:34:45,btc,0.03026736251542,0.0,0.000001,btc,144.46171372,0.0,0.00716147,168
0,[],22,[],2019-02-25 01:34:47,0.0,0,0,6778101,2019-02-25 01:34:47,,1.14714792,0.0,0,,798972.8900917594,0.0,0.0,169
1,[],22,[],2019-02-25 01:34:51,164995.5,0.00000018,0.000000000006804738,6778102,2019-02-25 01:34:51,BTC,13.2558588,0.0,0.00000018,BTC,151057.9068373276,0.00017055,0.01979919,171
1,[],22,[],2019-02-25 01:34:55,43612.0,0.00000008,0.000000000003024328,6778103,2019-02-25 01:34:55,BTC,2.19461286,0.0,0.00000008,BTC,238116.7614071281,0.00444666,0.00096186,173
1,[],5,[],2019-02-25 01:34:56,0.0,0,0,6778104,2019-02-25 01:34:56,btc,0.0,0.30412798,0,btc,0.0,0.0,0.0,175
1,[],22,[],2019-02-25 01:35:00,45761.166666666664,0.0000003,0.00000000001134123,6778105,2019-02-25 01:35:00,BTC,0.52955903,0.0,0.0000003,BTC,143368.41384013777,6.85e-06,0.00519475,176
0,[],2,[],2019-01-20 23:28:34,0.0,0,0,6477001,2019-01-20 23:28:34,,0.0,0.0,0,,0.0,0.0,0.0,178
1,[],7,[],2019-02-25 01:35:01,0.0,0,0,6778106,2019-02-25 01:35:01,btc,410932.5281358376,10000.0,0,btc,117881559.31901672,0.0001,0.0,178
0,[],22,[],2019-02-25 01:35:06,0.0,0,0,6778107,2019-02-25 01:35:06,,1.00242428,0.0,0,,57512.0,0.0,0.0,178
0,[],23,[],2019-01-20 23:25:08,0.0,0,0,6476952,2019-01-20 23:25:08,,0.0,0.0,0,,0.0,0.0,0.0,179
1,[],5,[],2019-02-25 01:35:07,0.0,0,0,6778108,2019-02-25 01:35:07,btc,0.0,0.04385513,0,btc,0.0,0.0,0.0,179
1,[],22,[],2019-02-25 01:35:11,7070490.0,0.00000003,0.000000000001134123,6778109,2019-02-25 01:35:11,BTC,5.63478981,0.0,0.00000003,"BTC,LTC",17151072.301989965,0.00200333,0.38199614,179
1,[],26,[],2019-02-25 01:35:16,0.0,0.00000100,0.000000000037804099999999996,6778112,2019-02-25 01:35:16,btc,0.0,532.38040002,0.00000100,btc,0.0,0.0,0.0,180
1,[],17,[],2019-02-25 01:35:12,10504.725,0.0000001,0.00000000000378041,6778110,2019-02-25 01:35:12,btc,5.201069583845175,0.0,0.0000001,btc,5033.45945,0.0,0.0010504725,180
0.00000000011742680000000002,[],22,[],2019-02-25 01:35:15,128605.4,1.174268e-17,4.43921448988e-22,6778111,2019-02-25 01:35:15,LTC,0.20220835,0.0,0.0000001,LTC,61459.074257280714,0.0,0.00130544,180
,[],7,[],2018-11-20 22:58:01,562227.975654,0.00000085,0.000000000036176765,4862015,2018-11-20 22:58:01,btc,21836.6059674,2491.87645172,,btc,749999.041456,0.00211021,0.127565380455,183
1,[],24,[],2019-02-25 01:35:16,0.0,0.000000000001,3.78041e-17,6778113,2019-02-25 01:35:16,btc,0.0,0.0,0.000000000001,btc,0.0,0.0,0.0,187
,[],5,[],2019-01-10 08:11:41,0.0,0,0,6347036,2019-01-10 08:11:41,btc,82.15055501,0.00261,,btc,1.19002445,0.0,0.0,187
,[],17,[],2018-11-16 20:58:10,4062536.27273,0.00000001,0.000000000000550501,4708775,2018-11-16 20:58:10,btc,3.36492563466,0.195460381006,,"btc,eth",110697919.549,0.0,0.0157628953496,187
0,[],22,[],2019-02-25 01:23:33,0.0,0,0,6777920,2019-02-25 01:23:33,,1.19374396,0.0,0,,16308.869534405507,0.0,0.0,191
0,[],22,[],2019-02-25 01:35:21,0.0,0,0,6778114,2019-02-25 01:35:21,,0.0,0.0,0,,0.0,0.0,0.0,197
0,[],22,[],2019-02-25 01:35:23,0.0,0,0,6778115,2019-02-25 01:35:23,,5.19477622,0.0,0,,21058553.0,0.0,0.0,199
1,[],26,[],2019-02-25 01:35:24,0.0,0.00000000,0,6778116,2019-02-25 01:35:24,btc,0.0,0.0,0.00000000,btc,0.0,0.0,0.0,199
0,[],23,[],2019-01-20 23:31:41,0.0,0,0,6477079,2019-01-20 23:31:41,,0.0,0.0,0,,0.0,0.0,0.0,199
0,[],17,[],2019-01-30 16:32:01,0.0,0,0,6540827,2019-01-30 16:32:01,btc,6.802544163788159,0.0,0,btc,105897.55575295,0.0,0.0,200
0,[],2,[],2019-01-20 23:30:49,0.0,0,0,6477059,2019-01-20 23:30:49,,0.0,0.0,0,,0.0,0.0,0.0,201
1,[],4,[],2019-01-25 15:51:35,2084389.58565343,0.00000936,0.000000000333526752,6499557,2019-01-25 15:51:35,btc,2.0092503037378524,0.0,0.00000936,btc,160195.80207885,0.19272417,1.242687955921835,211
1,[],7,[],2019-02-25 01:35:27,4266127.12222453,0.000001340000000000000087593235616190145975679115508683025836944580078125,0.000000000050657494000000004,6778117,2019-02-25 01:35:27,btc,15476654.239114674,223838.125458,0.000001340000000000000087593235616190145975679115508683025836944580078125,btc,12329802.3961609,0.0,3.251174659827938,212
1,[],5,[],2019-02-25 01:35:28,0.0,0,0,6778118,2019-02-25 01:35:28,btc,0.0,0.15147149,0,btc,0.0,0.0,0.0,213
1,[],24,[],2019-02-25 01:35:28,0.0,0.000000100000,0.00000000000378041,6778119,2019-02-25 01:35:28,btc,0.0,0.0,0.000000100000,btc,0.0,0.0,0.0,213
1,[],26,[],2019-02-25 01:35:28,0.0,0.00000009,0.000000000003402369,6778120,2019-02-25 01:35:28,btc,0.0,0.0,0.00000009,btc,0.0,0.0,0.0,213
1,[],12,[],2019-01-25 02:44:32,207462.42853209,0.000001080000000000000035831255497387193287295303889550268650054931640625,0.000000000038610756000000006,6493050,2019-01-25 02:44:32,btc,85023.03793723314,0.0,0.000001080000000000000035831255497387193287295303889550268650054931640625,btc,43675.73520027,0.000146250909087,0.0348620860622024,213
1,[],22,[],2019-02-25 01:35:32,104971.0,0.00000001,0.000000000000378041,6778121,2019-02-25 01:35:32,BTC,2.20557071,0.0,0.00000001,BTC,249234.19637261707,0.0,0.00104971,216
1,[],27,[],2019-02-25 01:35:34,18127752.005988,0.00000008,0.000000000003024328,6778122,2019-02-25 01:35:34,btc,355.9328921271,2490.004,0.00000008,"btc,ltc",215968.841,0.0002739,0.03410555043905169,216
1,[],22,[],2019-02-25 01:35:38,251736.4667325441,0.00000215,0.000000000081278815,6778123,2019-02-25 01:35:38,BTC,12673.59227106,0.0,0.00000215,BTC,372110.19063635875,0.02385285,0.35683514,217
1,[],7,[],2019-02-25 01:35:39,0.0,0,0,6778124,2019-02-25 01:35:39,btc,77969.77488735563,0.0,0,btc,137043486.5550253,0.0,0.0,219
0,[],27,[],2019-02-25 01:35:41,0.0,0,0,6778125,2019-02-25 01:35:41,,0.0740438339680921,0.0,0,btc,1536429.20709513,0.0,0.0,219
0.0000000000000051,[],28,[],2019-02-25 01:35:43,168412474.765,5.100051e-18,1.928028380091e-22,6778126,2019-02-25 01:35:43,doge,83883.3352434475,14808.0,0.00100001,"btc,doge",4823713.77951,0.0,1.1073073314591126e-11,219
1,[],22,[],2019-02-25 01:35:47,86200.6,0.00000011,0.000000000004158451,6778127,2019-02-25 01:35:47,BTC,3.00651426,0.0,0.00000011,BTC,114665.27041875875,0.01568487,0.00863006,221
1,[],24,[],2019-02-25 01:35:47,0.0,0.000000200000,0.00000000000756082,6778128,2019-02-25 01:35:47,btc,0.0,0.0,0.000000200000,btc,0.0,0.0,0.0,221
1,[],20,[],2019-02-25 01:35:50,43482886.7222,0.000000002,0.0000000000000756082,6778129,2019-02-25 01:35:50,btc,47.9859378204242,2517911.5541,0.000000002,btc,10802318.4831,0.0061321537441,0.0440228867221,224
0,[],22,[],2019-02-25 01:35:52,0.0,0,0,6778130,2019-02-25 01:35:52,,0.0,0.0,0,,0.0,0.0,0.0,224
1,[],26,[],2019-02-25 01:35:52,0.0,0.00000035,0.000000000013231435,6778131,2019-02-25 01:35:52,btc,0.0,0.0,0.00000035,btc,0.0,0.0,0.0,231
1,[],26,[],2019-02-25 01:35:52,0.0,0.00000006,0.000000000002268246,6778132,2019-02-25 01:35:52,btc,0.0,0.0,0.00000006,btc,0.0,0.0,0.0,234
0.0000000003589185,[],27,[],2019-02-25 01:35:55,2000.0,3.5891850000000005e-18,1.356859086585e-22,6778133,2019-02-25 01:35:55,eth,0.0113483662182,0.0,0.00000001,"btc,eth",11462.99618,0.0,7.17837e-15,234
1,[],4,[],2019-02-25 01:35:56,1060027.5863391,0.00000081,0.000000000030621321,6778134,2019-02-25 01:35:56,btc,4.466979317785137,0.0,0.00000081,btc,1051000.63210304,0.04296944,0.4130114011658372,236
1,[],24,[],2019-02-25 01:35:56,0.0,0.000000300000,0.00000000001134123,6778135,2019-02-25 01:35:56,btc,0.0,0.0,0.000000300000,btc,0.0,0.0,0.0,236
1,[],20,[],2019-02-25 01:35:58,68982193.8446,0.000000058,0.0000000000021926377999999998,6778136,2019-02-25 01:35:58,btc,10.092374793901,24884369.8508,0.000000058,btc,45338388.7336,1.4747387357287,0.3086053701338,237
0.00000000011742680000000002,[],22,[],2019-02-25 01:36:05,14400.0,1.174268e-17,4.43921448988e-22,6778137,2019-02-25 01:36:05,LTC,0.0405823,0.0,0.0000001,LTC,3164.0,0.0,0.00144,237
1,[],4,[],2019-02-25 01:36:06,7045603.52363365,0.00000032,0.000000000012097312,6778138,2019-02-25 01:36:06,btc,5.871359662637651,0.0,0.00000032,btc,9324404.52672789,0.162273,1.5124735055264233,238
1,[],5,[],2019-02-25 01:36:07,0.0,0,0,6778139,2019-02-25 01:36:07,btc,0.0,0.02129834,0,btc,0.0,0.0,0.0,238
0,[],22,[],2019-02-25 01:36:10,0.0,0,0,6778140,2019-02-25 01:36:10,,0.41356282,0.0,0,,316008.5639027493,0.0,0.0,249
0.00000000011742680000000002,[],22,[],2019-02-25 01:36:13,7121097.666666667,3.522804e-18,1.331764346964e-22,6778141,2019-02-25 01:36:13,LTC,0.58373024,0.0,0.00000003,LTC,20076544.09,0.0,0.21263595,252
1,[],28,[],2019-02-25 01:36:15,3449091.698,0.00000018,0.000000000006804738,6778142,2019-02-25 01:36:15,btc,164693.64233377765,255459.596,0.00000018,btc,751645.6834,0.0,0.1988140375,256
1,[],22,[],2019-02-25 01:36:18,2069238.0,0.00000002,0.000000000000756082,6778143,2019-02-25 01:36:18,BTC,31.43607366,0.0,0.00000002,BTC,552637.8076914564,4.5e-06,0.03081212,258
1,[],22,[],2019-02-25 01:36:22,48751.0,0.00000001,0.000000000000378041,6778144,2019-02-25 01:36:22,BTC,2.4175745,0.0,0.00000001,BTC,1762.0,0.0,0.00048751,259
1,[],5,[],2019-02-25 01:36:23,0.0,0,0,6778145,2019-02-25 01:36:23,btc,0.0,0.21612072,0,btc,0.0,0.0,0.0,264
1,[],20,[],2019-02-25 01:36:25,1220845.1677,0.000001732,0.0000000000654767012,6778146,2019-02-25 01:36:25,btc,7.3519740075188,161681.2439,0.000001732,btc,95974.3306,0.4837442444102,0.0224222111898,264
1,[],22,[],2019-02-25 01:36:28,18164.0,0.00000001,0.000000000000378041,6778147,2019-02-25 01:36:28,BTC,8.44955368,0.0,0.00000001,BTC,428471.6907878143,0.0,0.00018164,271
0,[],22,[],2019-02-25 01:36:31,0.0,0,0,6778148,2019-02-25 01:36:31,,259.51234233,0.0,0,,14413921437.9,0.0,0.0,272
0.0000000000000051,[],28,[],2019-02-25 01:36:32,238742622614.654,4.08e-21,1.54240728e-25,6778149,2019-02-25 01:36:32,doge,21988488.630490683,51005356798.166,0.0000008,doge,212621859184.06052,0.0,6.314311363797539e-10,272
1,[],22,[],2019-02-25 01:36:38,114062.74,0.00000258,0.000000000097534578,6778150,2019-02-25 01:36:38,BTC,74.45072618,0.0,0.00000258,"BTC,LTC",13370.487639773188,0.0,0.04326404,281
1,[],22,[],2019-02-25 01:36:41,96392.0,0.00000001,0.000000000000378041,6778151,2019-02-25 01:36:41,BTC,1.33241639,0.0,0.00000001,BTC,166490.49887885063,2.23e-06,0.00096392,286
0,[],22,[],2019-02-25 01:36:44,0.0,0,0,6778152,2019-02-25 01:36:44,,43634.52001853,0.0,0,,419066696.0,0.0,0.0,294
