pairValue,buyBook,exchangeId,sellBook,updated,buyTotal,satoshiPrice,usdPrice,exchangeLogId,created,bestPair,sellTotalBtc,volume,pairPrice,activePairs,sellTotal,volumeBtc,buyTotalBtc,coinId
1,[],3,[],2019-03-18 12:59:58,31041.32022836508,0.01305526000000000082235107612405045074410736560821533203125,0.000000520014505268,6964133,2019-03-18 12:59:58,btc,60.17295984915754,0.060822884419,0.01305526000000000082235107612405045074410736560821533203125,btc,26.526507181684,0.0,0.32872251162219907,1
1,[],4,[],2019-03-18 12:59:59,207753.74888664,0.01297771,0.000000516925549178,6964134,2019-03-18 12:59:59,btc,13.23165904695212,0.0,0.01297771,btc,237.38385418,0.69299555,1.1606594705984594,1
1,[],5,[],2019-03-18 13:00:02,0.0,0,0,6964135,2019-03-18 13:00:02,btc,0.0,0.12394602,0,btc,0.0,0.0,0.0,1
1,[],10,[],2019-03-18 13:00:04,413710.52710311,0.01107844,0.000000441274206392,6964136,2019-03-18 13:00:04,btc,6523.148912816927,1855.13586689,0.01107844,btc,1000.27062473,0.0,4.589409227044946,1
1,[],12,[],2019-03-18 13:00:07,46.14307915,0.0129499999999999997057908984743335167877376079559326171875,0.00000051582181,6964137,2019-03-18 13:00:07,btc,0.1692104317176,0.0,0.0129499999999999997057908984743335167877376079559326171875,btc,12.4908107,0.0305479133075,0.3060878818337,1
1,[],20,[],2019-03-18 13:00:09,1155.1509,0.01100001,0.000000438150198318,6964138,2019-03-18 13:00:09,btc,0.0533371999966,0.1455,0.01100001,btc,2.311,0.0018713069031,0.1253954403291,1
1,[],21,[],2019-03-18 13:00:09,2459.38711058,0.01297421999999999984998222402,0.000000516786536196,6964139,2019-03-18 13:00:09,btc,61.16364296937999,9260.57566908,0.01297421999999999984998222402055034763179719448089599609375,"btc,eth",5689.85459401,116.31714195345872,22.715949891208723,1
0,[],22,[],2019-03-18 13:00:58,0.0,0,0,6964140,2019-03-18 13:00:58,,0.0,0.0,0,,0.0,0.0,0.0,1
1,[],24,[],2019-03-18 13:00:59,0.0,0.000000000000,0,6964141,2019-03-18 13:00:59,btc,0.0,0.0,0.000000000000,btc,0.0,0.0,0.0,1
0.0,[],25,[],2019-03-18 13:01:00,0.0,0,0,6964142,2019-03-18 13:01:00,btc,37.29119999810767,173.8517653,0.0,btc,2802.5700233,2.3082,0.0,1
1,[],26,[],2019-03-18 13:01:01,0.0,0,0,6964143,2019-03-18 13:01:01,,0.0,0.0,0,,0.0,0.0,0.0,1
1,[],28,[],2019-03-18 13:01:07,992.9,0.01231000,0.000000490329458,6964144,2019-03-18 13:01:07,btc,0.151703079,18656.65,0.01231000,btc,8.184,0.0,0.086101096,1
0,[],2,[],2019-01-20 23:28:45,0.0,0,0,6477011,2019-01-20 23:28:45,,0.0,0.0,0,,0.0,0.0,0.0,1
1,[],5,[],2019-03-18 13:01:09,0.0,0,0,6964145,2019-03-18 13:01:09,btc,0.0,0.02097165,0,btc,0.0,0.0,0.0,2
0,[],22,[],2019-03-18 13:01:58,0.0,0,0,6964146,2019-03-18 13:01:58,,0.0,0.0,0,,0.0,0.0,0.0,2
1,[],5,[],2019-03-18 13:01:59,0.0,0,0,6964147,2019-03-18 13:01:59,btc,0.0,1.02773376,0,btc,0.0,0.0,0.0,3
1,[],12,[],2019-03-18 13:02:01,2847244.40684442,0.000000192,0.0000000000076477056,6964148,2019-03-18 13:02:01,btc,23468.628427466803,0.0,0.000000192,btc,1418775.25756004,0.03528426225625717,0.4126288988183956,3
0,[],28,[],2019-03-18 13:02:07,0.0,0,0,6964149,2019-03-18 13:02:07,,0.0,0.0,0,,0.0,0.0,0.0,3
0,[],2,[],2019-01-20 23:31:32,0.0,0,0,6477077,2019-01-20 23:31:32,,0.0,0.0,0,,0.0,0.0,0.0,4
1,[],4,[],2019-03-18 13:02:08,359180.88089,0.00000031,0.000000000012347857999999999,6964150,2019-03-18 13:02:08,btc,32.08725129329981,0.0,0.00000031,btc,725153.97080371,0.00095848,0.0366490843399959,4
1,[],12,[],2019-03-18 13:02:10,393075.0,0.00000002,0.000000000000796636,6964151,2019-03-18 13:02:10,btc,1111853.28843344,0.0,0.00000002,btc,786424.33266733,0.0,0.0043212400000000005,5
0,[],2,[],2019-01-20 23:31:51,0.0,0,0,6477087,2019-01-20 23:31:51,,0.0,0.0,0,,0.0,0.0,0.0,6
1,[],11,[],2019-03-18 13:02:12,3935711.8988200002,0.00000002,0.000000000000796636,6964152,2019-03-18 13:02:12,btc,9574.30034761844,10000.0,0.00000002,btc,43081567.92614274,0.0,0.0449565813342,6
1,[],3,[],2019-03-18 13:02:13,1111.875362529904,0.00016001000000000000791054721727135756736970506608486175537109375,0.000000006373486318,6964153,2019-03-18 13:02:13,btc,29.634654231634162,0.0,0.00016001000000000000791054721727135756736970506608486175537109375,btc,241.020514578101,0.0,0.038305967817789145,7
1,[],4,[],2019-03-18 13:02:14,94169.84752185,0.00022194,0.000000008840269692,6964154,2019-03-18 13:02:14,btc,11.616579333311911,0.0,0.00022194,btc,42799.35188672,4.62933315,8.410455370870595,7
1,[],5,[],2019-03-18 13:02:16,0.0,0,0,6964155,2019-03-18 13:02:16,btc,0.0,1.43349939,0,btc,0.0,0.0,0.0,7
1,[],20,[],2019-02-20 02:16:17,39399275.8418,0.000000001,0.0000000000000390183,6728586,2019-02-20 02:16:17,btc,116.9737569154545,525.0,0.000000001,btc,56932965.8895,5.25e-07,0.0393992758418,8
0,[],2,[],2019-01-20 23:22:42,0.0,0,0,6476876,2019-01-20 23:22:42,,0.0,0.0,0,,0.0,0.0,0.0,9
0,[],23,[],2019-01-20 23:22:48,0.0,0,0,6476878,2019-01-20 23:22:48,,0.0,0.0,0,,0.0,0.0,0.0,9
1,[],1,[],2019-02-17 23:31:42,1822507.21,0.00000181000000000000003456111265232042484285557293333113193511962890625,0.000000000066086901,6701244,2019-02-17 23:31:42,btc,3.6990969245,17153386.5,0.00000181000000000000003456111265232042484285557293333113193511962890625,btc,1997391.71,31.11772986,3.2610482446,9
1,[],4,[],2019-03-18 13:02:17,1610932.06189763,0.00000156,0.000000000062137608,6964156,2019-03-18 13:02:17,btc,7.069793038149442,0.0,0.00000156,btc,3213354.91305808,2.53054613,0.9448144736936487,9
1,[],28,[],2019-03-18 13:02:24,27403.0,0.00000160,0.00000000006373088,6964157,2019-03-18 13:02:24,btc,2708.776551247723,3640445.0,0.00000160,btc,20316.3373,0.0,0.0164095,9
1,[],4,[],2019-02-17 11:22:43,4341674.27126056,0.00000002,0.0000000000007272960000000001,6696112,2019-02-17 11:22:43,btc,0.1997230937751353,0.0,0.00000002,btc,4109766.79808031,0.00215132,0.0479381022052112,10
0,[],2,[],2019-01-20 23:23:08,0.0,0,0,6476890,2019-01-20 23:23:08,,0.0,0.0,0,,0.0,0.0,0.0,12
1,[],4,[],2019-03-18 13:02:25,5706568.42893937,0.00000182,0.000000000072493876,6964158,2019-03-18 13:02:25,btc,13.649327406071091,0.0,0.00000182,btc,5263491.7539205,2.74915906,6.857348608774694,12
1,[],5,[],2019-03-18 13:02:27,0.0,0,0,6964159,2019-03-18 13:02:27,btc,0.0,0.04811638,0,btc,0.0,0.0,0.0,12
0.0,[],25,[],2019-03-18 13:02:29,0.0,0,0,6964160,2019-03-18 13:02:29,,0.0,0.0,0.0,btc,0.0,0.0,0.0,12
1,[],4,[],2019-03-18 13:02:30,32913077.29206426,0.00001131,0.000000000450497658,6964161,2019-03-18 13:02:30,btc,3.5303103349001677,0.0,0.00001131,btc,259551.00727602,2.49008186,1.2973125823600158,13
1,[],10,[],2019-03-18 13:02:32,476979.75960398,0.00001105,0.00000000044014139,6964162,2019-03-18 13:02:32,btc,666776.4183492919,73635.8643339,0.00001105,btc,636483.53976748,0.0,0.6142406899444848,13
1,[],21,[],2019-03-18 13:02:34,1415646.42082444,0.00001150000000000000000899887803,0.0000000004580657,6964163,2019-03-18 13:02:34,btc,16.19542793204445,5803643.63290259,0.000011500000000000000008998878031629686802261858247220516204833984375,btc,1275434.44220247,66.26217479,14.17488229144282,13
1,[],4,[],2019-03-18 13:02:36,1095969.93479577,0.00000084,0.000000000033458712,6964164,2019-03-18 13:02:36,btc,5.365079608937311,0.0,0.00000084,btc,985217.48267165,0.02363224,0.1820335468013318,14
1,[],12,[],2019-03-18 13:02:37,303585.0,0.000001,0.0000000000398318,6964165,2019-03-18 13:02:37,btc,0.0560971497920522,0.0,0.000001,btc,13812.10580927,0.0,0.03215312,14
0,[],17,[],2019-03-18 13:02:48,0.0,0,0,6964166,2019-03-18 13:02:48,btc,0.0,0.0,0,btc,0.0,0.0,0.0,14
1,[],26,[],2019-03-18 13:02:49,0.0,0.00000050,0.0000000000199159,6964167,2019-03-18 13:02:49,btc,0.0,0.0,0.00000050,btc,0.0,0.0,0.0,14
,[],12,[],2018-12-01 15:15:48,204241.84496,0.00000489,0.000000000202473384,5260204,2018-12-01 15:15:48,btc,49.5475654835,0.0,,btc,35763.2193806,0.0163153972027625,0.0203389899998,15
0,[],4,[],2019-03-18 13:02:51,0.0,0,0,6964168,2019-03-18 13:02:51,,0.0,0.0,0,,0.0,0.0,0.0,15
0,[],17,[],2019-03-18 11:44:53,0.0,0,0,6963780,2019-03-18 11:44:53,btc,0.0,0.0,0,btc,0.0,0.0,0.0,18
0,[],2,[],2019-01-20 23:23:38,0.0,0,0,6476906,2019-01-20 23:23:38,,0.0,0.0,0,,0.0,0.0,0.0,18
1,[],4,[],2019-03-18 13:02:52,75108.5756664,0.00001503,0.0000000005986719539999999,6964169,2019-03-18 13:02:52,btc,3.784716467191764,0.0,0.00001503,btc,18868.24438387,0.0394115,0.0623871490719276,18
1,[],10,[],2019-03-18 13:02:54,783212.60765388,0.00001491,0.0000000005938921379999999,6964170,2019-03-18 13:02:54,btc,15.398896661932998,3090.19778081,0.00001491,btc,12987.26755923,0.0,0.1227331841800254,18
1,[],12,[],2019-03-18 13:02:56,338245.97836212,0.00001544999999999999945967700532012401026804582215845584869384765625,0.00000000061540131,6964171,2019-03-18 13:02:56,btc,33214.72788734452,0.0,0.00001544999999999999945967700532012401026804582215845584869384765625,btc,816.0502793,0.0055476561883559,0.059233203285525,18
0,[],2,[],2019-01-20 23:24:19,0.0,0,0,6476924,2019-01-20 23:24:19,,0.0,0.0,0,,0.0,0.0,0.0,19
1,[],3,[],2019-03-18 13:03:09,119711.81377511809,0.00001804000000000000007304053195600346271021408028900623321533203125,0.000000000718565672,6964172,2019-03-18 13:03:09,btc,0.6919407325489582,0.0,0.00001804000000000000007304053195600346271021408028900623321533203125,btc,15054.205445313173,0.0,0.045028075198680864,19
1,[],4,[],2019-03-18 13:03:10,222483.00982162,0.00001965,0.00000000078269487,6964173,2019-03-18 13:03:10,btc,2.1122732963924222,0.0,0.00001965,btc,73734.85868545,0.3068313,2.3339220764566067,19
1,[],5,[],2019-03-18 13:03:11,0.0,0,0,6964174,2019-03-18 13:03:11,btc,0.0,2.21e-06,0,btc,0.0,0.0,0.0,19
1,[],12,[],2019-03-18 13:03:12,193498.82356224,0.0000187799999999999997642684268495116839403635822236537933349609375,0.000000000748041204,6964175,2019-03-18 13:03:12,btc,0.1517987468195037,0.0,0.0000187799999999999997642684268495116839403635822236537933349609375,btc,639.0096130000001,0.00211071411637,0.0496895599978449,19
0,[],27,[],2019-03-18 13:03:14,0.0,0,0,6964176,2019-03-18 13:03:14,,0.0,0.0,0,btc,0.0,0.0,0.0,19
1,[],4,[],2019-03-18 13:03:15,2832468.59634985,0.00000013,0.000000000005178134,6964177,2019-03-18 13:03:15,btc,7.380201587426975,0.0,0.00000013,btc,2861915.63183601,0.00127417,0.0847330666487598,20
1,[],4,[],2019-03-18 13:03:16,88798967.71846245,0.00000002,0.0000000000007966359999999999,6964178,2019-03-18 13:03:16,btc,39417.38083105291,0.0,0.00000002,btc,58516425.11324635,0.12425767,0.8961712265498895,21
1,[],12,[],2019-03-18 13:03:17,2175593.0,0.00000001,0.000000000000398318,6964179,2019-03-18 13:03:17,btc,2870.5375497101895,0.0,0.00000001,btc,2923850.50949051,1.37087912088e-05,0.02175593,21
0,[],17,[],2019-03-18 13:03:18,0.0,0,0,6964180,2019-03-18 13:03:18,btc,0.0,0.0,0,btc,0.0,0.0,0.0,21
1,[],12,[],2019-03-18 13:03:20,3164954690.0,0.0000000001,0.00000000000000398318,6964181,2019-03-18 13:03:20,btc,1951142.8727147642,0.0,0.0000000001,btc,1617732696.9704185,0.04651396314405595,0.31649546900000003,23
0,[],27,[],2019-03-18 13:03:21,0.0,0,0,6964182,2019-03-18 13:03:21,,13.972018501006241,0.0,0,eth,6275713.95973186,0.0,0.0,23
1,[],4,[],2019-03-18 13:03:22,674985.89244665,0.00000045,0.00000000001792431,6964183,2019-03-18 13:03:22,btc,9.916485477383642,0.0,0.00000045,btc,1619965.73946886,0.00660632,0.1704318930267956,24
0,[],22,[],2019-03-18 13:04:11,0.0,0,0,6964184,2019-03-18 13:04:11,,0.0,0.0,0,,0.0,0.0,0.0,24
0.0,[],25,[],2019-03-18 13:06:11,0.0,0,0,6964185,2019-03-18 13:06:11,,0.0,0.0,0.0,,0.0,0.0,0.0,24
0,[],2,[],2019-01-20 23:25:56,0.0,0,0,6476976,2019-01-20 23:25:56,,0.0,0.0,0,,0.0,0.0,0.0,26
1,[],4,[],2019-03-18 13:06:12,28218216.04563007,0.00000662,0.000000000263686516,6964186,2019-03-18 13:06:12,btc,151.46566079721939,0.0,0.00000662,btc,248586.17634291,0.25878155,0.6857128972525812,26
1,[],10,[],2019-03-18 13:06:14,602925.23251558,0.00000543,0.000000000216286674,6964187,2019-03-18 13:06:14,btc,25.23354698212856,2488.56378602,0.00000543,btc,14324.4645187,0.0,0.1443916358988472,26
1,[],3,[],2019-03-18 13:06:15,10188166.54084747,0.00000001,0.000000000000398318,6964188,2019-03-18 13:06:15,btc,2.0565801810436755,185.0,0.00000001,btc,15720086.39008366,0.0,0.1018816654084747,27
1,[],5,[],2019-03-18 13:06:17,0.0,0,0,6964189,2019-03-18 13:06:17,btc,0.0,0.00032839,0,btc,0.0,0.0,0.0,27
1,[],11,[],2019-03-18 13:06:19,8483599.24590115,0.00000006,0.000000000002389908,6964190,2019-03-18 13:06:19,btc,67506.1891365516,10079.0,0.00000006,btc,7956117.08369704,0.0,0.4685351649180229,27
1,[],4,[],2019-03-18 13:06:20,2160647926.56123,0.00000001,0.00000000000039831799999999997,6964191,2019-03-18 13:06:20,btc,3.303206951800027,0.0,0.00000001,"btc,ltc",276605584.2883136,0.0983645,9.919627612350387,29
1,[],7,[],2019-03-18 13:06:23,35613182.13418711,0.00000001,0.000000000000398318,6964192,2019-03-18 13:06:23,btc,44461604.29819431,755.0,0.00000001,btc,52425034.42656505,1.51e-05,0.3561318213418711,29
1,[],4,[],2019-03-18 13:06:24,4115401.84388426,0.00000017,0.000000000006771406,6964193,2019-03-18 13:06:24,btc,2.7905958571812413,0.0,0.00000017,btc,2254214.18876002,0.00137636,0.1145941703974405,30
0,[],17,[],2019-03-18 13:06:26,0.0,0,0,6964194,2019-03-18 13:06:26,btc,0.0,0.0,0,btc,0.0,0.0,0.0,30
1,[],4,[],2019-03-18 13:06:27,185510.95236788,0.00005803,0.000000002311439354,6964195,2019-03-18 13:06:27,btc,6.029803369766563,0.0,0.00005803,btc,63640.96016471,1.05784484,2.174239993253892,31
1,[],21,[],2019-03-18 13:06:28,60671.74766893,0.00005814000000000000238772543404,0.000000002315820852,6964196,2019-03-18 13:06:28,btc,4.784023032683718,354176.97274973,0.0000581400000000000023877254340387565889614052139222621917724609375,btc,71116.67598022,21.57263632,3.319245196096619,31
0,[],2,[],2019-01-20 23:28:43,0.0,0,0,6477009,2019-01-20 23:28:43,,0.0,0.0,0,,0.0,0.0,0.0,32
1,[],4,[],2019-03-18 13:06:29,398941099.29256016,0.00000004,0.0000000000015932719999999999,6964197,2019-03-18 13:06:29,btc,8.839827798628763,0.0,0.00000004,"btc,ltc",183085982.09004632,0.51896143,8.505069884968478,33
1,[],12,[],2019-03-18 13:06:30,29693765.99233333,0.00000004,0.000000000001593272,6964198,2019-03-18 13:06:30,btc,4127597.575049857,0.0,0.00000004,btc,23357112.82929569,0.1420199336600904,0.7217912867199998,33
1,[],4,[],2019-03-18 13:06:30,89959402.61217007,0.00000001,0.00000000000039831799999999997,6964199,2019-03-18 13:06:30,btc,3.228293367659121,0.0,0.00000001,btc,102904973.7301004,0.00206797,0.8995940261217007,34
1,[],5,[],2019-03-18 13:06:31,0.0,0,0,6964200,2019-03-18 13:06:31,btc,0.0,0.07285353,0,btc,0.0,0.0,0.0,34
0,[],17,[],2019-03-18 10:50:21,0.0,0,0,6963613,2019-03-18 10:50:21,btc,0.0746458232965017,0.0,0,btc,4103573.70243647,0.0,0.0,36
0.0000000001491155,[],4,[],2019-03-18 13:06:32,5090352890.492448,1.491155e-18,5.9395387729e-23,6964201,2019-03-18 13:06:32,ltc,4.9966770261486886e-08,0.0,0.00000001,ltc,6360286396.793046,0.0,7.590505164422266e-09,36
1,[],5,[],2019-03-18 13:06:34,0.0,0,0,6964202,2019-03-18 13:06:34,btc,0.0,0.0,0,btc,0.0,0.0,0.0,36
0.0000000003459825,[],27,[],2019-03-18 13:06:47,992184.46325,3.4598249999999996e-18,1.37811057435e-22,6964203,2019-03-18 13:06:47,eth,223.80703682180783,5815.7,0.00000001,"ltc,eth",12165384.61058689,8.672557480000001e-15,1.4795011446829315e-12,36
1,[],17,[],2019-03-18 11:46:32,1752.74075282,0.00000025,0.000000000009940925,6963814,2019-03-18 11:46:32,btc,0.05548492398693281,0.0,0.00000025,btc,1387.19918473,0.0,0.00043818518820499993,37
1,[],4,[],2019-03-18 13:06:48,187371.89913738,0.00000059,0.000000000023500762,6964204,2019-03-18 13:06:48,btc,19772.471754747887,0.0,0.00000059,btc,590386.20471469,0.02354199,0.0706304724745249,37
1,[],12,[],2019-03-18 13:06:49,514225.68931271,0.00000061,0.000000000024297398,6964205,2019-03-18 13:06:49,btc,21.645732645589135,0.0,0.00000061,btc,403907.06668806,0.0368895782367769,0.2060778688428927,37
1,[],27,[],2019-03-18 13:06:52,14685.567,0.00000045,0.00000000001792431,6964206,2019-03-18 13:06:52,btc,24.25536383611233,0.0,0.00000045,btc,6518.38138508,0.0,0.00480032515,37
1,[],5,[],2019-03-18 13:06:54,0.0,0,0,6964207,2019-03-18 13:06:54,btc,0.0,0.09678265,0,btc,0.0,0.0,0.0,42
1,[],12,[],2019-03-18 13:06:54,254834.56911875,0.00000093,0.000000000037043574,6964208,2019-03-18 13:06:54,btc,5.580796351689164,0.0,0.00000093,btc,30552.50089304,0.0115036664321311,0.0193160999999078,42
0.0000000003459825,[],27,[],2019-03-18 13:06:57,22000.0,4.15179e-17,1.6537326892199998e-21,6964209,2019-03-18 13:06:57,eth,0.00315028,0.0,0.00000012,"btc,eth",11.007,0.0,8.372776499999999e-13,42
0,[],17,[],2019-03-18 12:26:38,0.0,0,0,6964016,2019-03-18 12:26:38,btc,0.0,0.0,0,btc,0.0,0.0,0.0,43
1,[],12,[],2019-03-13 09:13:29,1112112.0,0.00000001,0.000000000000386531,6919902,2019-03-13 09:13:29,btc,29058.00478931866,0.0,0.00000001,btc,5967681.93306694,9.99000999e-07,0.01112112,43
1,[],5,[],2019-03-18 13:06:59,0.0,0,0,6964210,2019-03-18 13:06:59,btc,0.0,0.0,0,btc,0.0,0.0,0.0,43
1,[],12,[],2019-03-05 01:54:08,639326.02,0.00000004,0.000000000001486676,6845775,2019-03-05 01:54:08,btc,11116042.728239931,0.0,0.00000004,btc,1103841.4595604,0.0003330765234764,0.014975410599999999,44
1,[],4,[],2019-03-18 13:07:01,298151345.2748583,0.00000002,0.0000000000007966359999999999,6964211,2019-03-18 13:07:01,btc,501.84100684851853,0.0,0.00000002,"btc,ltc",16751839.24219975,0.00572631,0.28392044690530555,49
0.0000000001491155,[],4,[],2019-03-18 13:07:02,514441308.62466913,1.491155e-18,5.9395387729e-23,6964212,2019-03-18 13:07:02,ltc,25.901654675186723,0.0,0.00000001,ltc,8614125116.009727,0.0,7.671117295622186e-10,52
0,[],22,[],2019-03-18 13:07:51,0.0,0,0,6964213,2019-03-18 13:07:51,,0.0,0.0,0,,0.0,0.0,0.0,57
0.0000000003459825,[],27,[],2019-03-18 13:07:53,2000.0,3.4598249999999996e-18,1.37811057435e-22,6964214,2019-03-18 13:07:53,eth,0.0,0.0,0.00000001,"btc,eth",0.0,0.0,6.9196499999999995e-15,57
0,[],17,[],2019-03-18 11:47:37,0.0,0,0,6963826,2019-03-18 11:47:37,btc,1e+24,0.0,0,btc,49306342.21952568,0.0,0.0,58
0.0000000001491155,[],4,[],2019-03-18 13:07:54,751123760.9328182,2.98231e-18,1.18790775458e-22,6964215,2019-03-18 13:07:54,ltc,18.65761755519137,0.0,0.00000002,ltc,4663467018.967522,0.0,1.6757604071610723e-09,58
1,[],12,[],2019-03-18 13:07:55,1432721856.0,0.0000000003,0.00000000000001194954,6964216,2019-03-18 13:07:55,btc,4265307.528031786,0.0,0.0000000003,btc,1605666457.2197802,0.00228143677342652,0.3681406509,58
0,[],22,[],2019-03-18 13:08:55,0.0,0,0,6964217,2019-03-18 13:08:55,,0.0,0.0,0,,0.0,0.0,0.0,58
1,[],5,[],2019-03-18 13:08:58,0.0,0,0,6964218,2019-03-18 13:08:58,btc,0.0,0.00438534,0,btc,0.0,0.0,0.0,61
0,[],22,[],2019-03-18 13:09:47,0.0,0,0,6964219,2019-03-18 13:09:47,,0.0,0.0,0,,0.0,0.0,0.0,61
1,[],26,[],2019-03-18 13:09:47,0.0,0.00000800,0.0000000003186544,6964220,2019-03-18 13:09:47,btc,0.0,0.0,0.00000800,btc,0.0,0.0,0.0,61
1,[],27,[],2019-03-18 13:09:49,2138.56798,0.00000047,0.000000000018720946,6964221,2019-03-18 13:09:49,btc,2.8850305703141323,0.0,0.00000047,"btc,eth",19862.59257617,0.0,0.0001983399935101222,61
1,[],28,[],2019-03-18 13:09:56,13880.304,0.0000005,0.0000000000199159,6964222,2019-03-18 13:09:56,btc,2.056312978300105,775.0,0.0000005,btc,9730.59500005,0.0,0.00566391304,61
0.0,[],25,[],2019-03-18 13:09:58,0.0,0,0,6964224,2019-03-18 13:09:58,,0.0,0.0,0.0,btc,0.0,0.0,0.0,67
1,[],4,[],2019-03-18 13:09:57,1439648.32842758,0.00000300,0.0000000001194954,6964223,2019-03-18 13:09:57,btc,9.290156982859914,0.0,0.00000300,btc,712837.68894138,1.13362792,1.405610237873276,67
1,[],12,[],2019-03-18 13:09:59,1222881.73385956,0.00000015,0.0000000000059747699999999996,6964225,2019-03-18 13:09:59,btc,1111615.2110119818,0.0,0.00000015,btc,925193.48001102,0.0009197487212792,0.0853048141918164,71
,[],5,[],2018-11-20 23:02:39,1.5e-07,0.00000005,0.000000000002128045,4862160,2018-11-20 23:02:39,btc,2.84511358,0.0,,btc,0.00036572,0.0,0.07381892,74
1,[],5,[],2019-03-18 13:10:00,0.0,0,0,6964226,2019-03-18 13:10:00,btc,0.0,0.0,0,btc,0.0,0.0,0.0,75
1,[],4,[],2019-03-18 13:10:01,13382103.94481309,0.00000001,0.00000000000039831799999999997,6964227,2019-03-18 13:10:01,btc,11370.01894124729,0.0,0.00000001,btc,39918313.60832191,0.00062383,0.1338210394481309,81
0,[],20,[],2019-01-25 09:30:31,0.0,0,0,6495923,2019-01-25 09:30:31,btc,0.0,0.0,0,btc,0.0,0.0,0.0,81
1,[],4,[],2019-03-18 13:10:03,23533.16856117,0.00007973,0.000000003175789414,6964228,2019-03-18 13:10:03,btc,17.91678491569485,0.0,0.00007973,btc,12122.28144361,0.02014473,0.073292074082596,82
1,[],21,[],2019-03-18 13:10:04,911292.09897245,0.00007553999999999999842396902761,0.000000003008894172,6964229,2019-03-18 13:10:04,btc,2.7312123206254766,12620.43860313,0.00007553999999999999842396902760555121858487837016582489013671875,btc,30479.47821087,0.96921112,3.110408182765651,82
0,[],17,[],2019-03-18 11:49:49,0.0,0,0,6963840,2019-03-18 11:49:49,btc,0.0447233088476774,0.0,0,btc,999127.19588126,0.0,0.0,84
0.0000000001491155,[],4,[],2019-03-18 13:10:16,149372042.2850133,5.96462e-18,2.37581550916e-22,6964230,2019-03-18 13:10:16,ltc,1.6750569861713283,0.0,0.00000004,ltc,385206602.8810689,0.00123456,3.24619437431069e-10,85
,[],22,[],2018-11-20 23:09:34,3408.1,0.0000001,0.0000000000041895,4862324,2018-11-20 23:09:34,BTC,0.04624735,0.0,,BTC,4990.0,0.0,0.00033081,86
0,[],22,[],2019-03-18 13:11:05,0.0,0,0,6964231,2019-03-18 13:11:05,,0.0,0.0,0,,0.0,0.0,0.0,87
1,[],27,[],2019-03-18 13:11:07,50.0,0.00000001,0.00000000000039831799999999997,6964232,2019-03-18 13:11:07,btc,5.061790002021791,0.0,0.00000001,btc,27725.90385964,0.0,5e-07,87
,[],2,[],2018-11-20 23:10:47,0.0,0,0,4862359,2018-11-20 23:10:47,,0.0,0.0,,,0.0,0.0,0.0,88
1,[],11,[],2019-03-18 13:11:08,109762.22518598,0.00015020999999999998654291732957943850124138407409191131591796875,0.000000005983134678,6964233,2019-03-18 13:11:08,btc,612.0507789517324,1680.81115503,0.00015020999999999998654291732957943850124138407409191131591796875,btc,100997.96571961,0.0,8.78229866371321,89
1,[],12,[],2019-03-18 13:11:09,312550.20745578,0.00000091,0.000000000036246938,6964234,2019-03-18 13:11:09,btc,58.44429343741334,0.0,0.00000091,btc,89001.0230187,2.15406593424e-05,0.0312645912999871,91
0,[],22,[],2019-03-18 13:12:09,0.0,0,0,6964235,2019-03-18 13:12:09,,0.0,0.0,0,,0.0,0.0,0.0,91
0,[],2,[],2019-01-20 23:31:45,0.0,0,0,6477083,2019-01-20 23:31:45,,0.0,0.0,0,,0.0,0.0,0.0,91
0,[],17,[],2019-03-18 11:50:58,0.0,0,0,6963846,2019-03-18 11:50:58,btc,0.0,0.0,0,btc,0.0,0.0,0.0,91
0,[],22,[],2019-03-18 13:12:58,0.0,0,0,6964236,2019-03-18 13:12:58,,0.0,0.0,0,,0.0,0.0,0.0,95
0.0000000001491155,[],4,[],2019-03-18 13:12:59,540493226.1267458,7.455775000000001e-17,2.96976938645e-21,6964237,2019-03-18 13:12:59,ltc,11.87891871114286,0.0,0.0000005,ltc,134434292.09667292,0.0001203,1.1456236047325358e-09,96
0,[],12,[],2019-03-18 13:13:00,0.0,0,0,6964238,2019-03-18 13:13:00,btc,10.669206384735265,0.0,0,btc,3172026.47352644,0.0001875224775226,0.0,96
0,[],17,[],2019-03-18 12:32:40,0.0,0,0,6964045,2019-03-18 12:32:40,btc,0.0,0.0,0,btc,0.0,0.0,0.0,96
1,[],4,[],2019-03-18 13:13:12,3455519.43817117,0.00000052,0.000000000020712536,6964239,2019-03-18 13:13:12,btc,6.10109345102117,0.0,0.00000052,btc,3180315.57281521,0.75166736,0.6357402058244683,99
1,[],4,[],2019-03-18 13:13:13,300291.47985788,0.00003486,0.0000000013885365479999999,6964240,2019-03-18 13:13:13,btc,10.708534111981773,0.0,0.00003486,btc,167626.65236184,0.72612601,1.6782319713473879,100
0,[],2,[],2019-01-20 23:23:55,0.0,0,0,6476914,2019-01-20 23:23:55,,0.0,0.0,0,,0.0,0.0,0.0,100
0,[],22,[],2019-03-18 13:14:02,0.0,0,0,6964241,2019-03-18 13:14:02,,0.0,0.0,0,,0.0,0.0,0.0,101
1,[],4,[],2019-03-18 13:14:03,1252521.92562279,0.00000092,0.000000000036645256,6964242,2019-03-18 13:14:03,btc,292.5894264193787,0.0,0.00000092,btc,555686.41748909,0.07982876,0.2082989248470963,103
1,[],12,[],2019-03-18 13:14:05,32906353.0,0.000000007,0.0000000000002788226,6964243,2019-03-18 13:14:05,btc,3219028.6748578297,0.0,0.000000007,btc,66951107.99441556,0.02470290062554547,0.047664012000000006,105
0,[],27,[],2019-03-18 13:14:07,0.0,0,0,6964244,2019-03-18 13:14:07,,36.61213037936601,0.0,0,btc,1531551.60039724,0.0,0.0,105
0,[],22,[],2019-03-18 13:14:56,0.0,0,0,6964245,2019-03-18 13:14:56,,0.0,0.0,0,,0.0,0.0,0.0,107
1,[],26,[],2019-03-18 13:14:56,0.0,0.00000000,0,6964246,2019-03-18 13:14:56,btc,0.0,0.0,0.00000000,btc,0.0,0.0,0.0,107
1,[],5,[],2019-03-18 13:14:58,0.0,0,0,6964247,2019-03-18 13:14:58,btc,0.0,0.00140769,0,btc,0.0,0.0,0.0,112
0,[],22,[],2019-03-18 13:15:48,0.0,0,0,6964248,2019-03-18 13:15:48,,0.0,0.0,0,,0.0,0.0,0.0,112
0.0000000003459825,[],27,[],2019-03-18 13:15:50,2000.0,3.4598249999999996e-18,1.37811057435e-22,6964249,2019-03-18 13:15:50,eth,1.24996908,0.0,0.00000001,"btc,eth",1289.0,0.0,6.9196499999999995e-15,112
1,[],4,[],2019-03-18 13:15:51,749225.60555749,0.00000187,0.000000000074485466,6964250,2019-03-18 13:15:51,btc,4.315677114542693,0.0,0.00000187,btc,407975.4916528,0.21370586,0.7136993921773611,113
1,[],5,[],2019-03-18 13:15:52,0.0,0,0,6964251,2019-03-18 13:15:52,btc,0.0,0.0,0,btc,0.0,0.0,0.0,113
0,[],27,[],2019-03-18 13:16:05,0.0,0,0,6964252,2019-03-18 13:16:05,,0.0,0.0,0,btc,0.0,0.0,0.0,116
1,[],17,[],2019-03-18 11:03:43,152738.278,0.00000004,0.0000000000015834760000000001,6963667,2019-03-18 11:03:43,btc,1.33680302678,0.0,0.00000004,btc,50696.221,0.0,0.0022095311199999998,116
1,[],4,[],2019-03-18 13:16:06,66037.18896724,0.00004670,0.00000000186014506,6964253,2019-03-18 13:16:06,btc,102.9978335218003,0.0,0.00004670,btc,46155.93175829,0.30301189,1.2575528027016598,120
1,[],7,[],2019-03-18 13:16:07,23291.09377687,0.00002801000000000000117830224743986633484382764436304569244384765625,0.000000001115688718,6964254,2019-03-18 13:16:07,btc,115651.27473432754,0.0,0.00002801000000000000117830224743986633484382764436304569244384765625,btc,27816.70457454,0.0,0.059187534413821796,120
1,[],20,[],2019-03-18 13:16:10,1562127.0982,0.000000034,0.0000000000013542812,6964255,2019-03-18 13:16:10,btc,32.3019190406648,9517.559,0.000000034,btc,1028084.0986,0.000323597006,0.0117960626506,125
0,[],22,[],2019-03-18 13:16:58,0.0,0,0,6964256,2019-03-18 13:16:58,,0.0,0.0,0,,0.0,0.0,0.0,126
1,[],4,[],2019-03-18 13:17:00,1304102.5721829,0.00001127,0.000000000448904386,6964257,2019-03-18 13:17:00,btc,3.0069127511750087,0.0,0.00001127,btc,126446.88512847,0.10582738,0.4972893843020696,131
0,[],17,[],2019-03-18 13:17:04,0.0,0,0,6964258,2019-03-18 13:17:04,btc,0.0953976503951408,0.0,0,btc,5037.62507334,0.0,0.0,131
0,[],2,[],2019-01-20 23:25:46,0.0,0,0,6476969,2019-01-20 23:25:46,,0.0,0.0,0,,0.0,0.0,0.0,131
1,[],4,[],2019-03-18 13:17:06,4597.71409989,0.00025424,0.000000010126836832,6964259,2019-03-18 13:17:06,btc,0.5243819944450135,0.0,0.00025424,btc,191.55119446,0.01800269,0.0167547935209121,135
1,[],3,[],2019-03-07 00:20:44,877702.73244099,0.00000004,0.00000000000154846,6863392,2019-03-07 00:20:44,btc,0.119366241821405,0.0,0.00000004,btc,760637.99421222,0.0,0.023771231960604298,136
1,[],4,[],2019-03-18 13:17:07,166867.31940124,0.00000122,0.000000000048594796,6964260,2019-03-18 13:17:07,btc,38.765943322280705,0.0,0.00000122,btc,580226.86040437,0.05448375,0.1334262678597022,137
1,[],12,[],2019-03-18 13:17:08,169960.99496044,0.000001170000000000000021170673721038202330646527116186916828155517578125,0.000000000046603206,6964261,2019-03-18 13:17:08,btc,37.49958855935846,0.0,0.000001170000000000000021170673721038202330646527116186916828155517578125,btc,5296.32065971,0.0084283590144399,0.010881359999909,137
1,[],4,[],2019-03-18 13:17:09,38784.04395259,0.00003634,0.000000001447487612,6964262,2019-03-18 13:17:09,btc,28.74167107813654,0.0,0.00003634,btc,50793.89364623,0.3718008,0.3882564686659282,142
1,[],5,[],2019-03-18 13:17:10,0.0,0,0,6964263,2019-03-18 13:17:10,btc,0.0,0.06888622,0,btc,0.0,0.0,0.0,142
1,[],20,[],2019-03-18 13:17:14,149117.2532,0.000031,0.0000000012347858,6964264,2019-03-18 13:17:14,btc,0.3359263738872,3.1793,0.000031,btc,2242.1771,9.5556965e-05,0.3137171196723,142
0,[],22,[],2019-03-18 13:18:03,0.0,0,0,6964265,2019-03-18 13:18:03,,0.0,0.0,0,,0.0,0.0,0.0,142
0.0,[],25,[],2019-03-18 13:18:05,0.0,0,0,6964266,2019-03-18 13:18:05,,0.0,0.0,0.0,btc,0.0,0.0,0.0,142
1,[],28,[],2019-03-18 13:18:12,82318.0,0.00001400,0.0000000005576452,6964267,2019-03-18 13:18:12,btc,0.0598892044,883.0,0.00001400,btc,406.39693,0.0,0.07022398,142
1,[],17,[],2019-03-18 12:36:53,22967.386363640002,0.00000088,0.000000000035008688,6964071,2019-03-18 12:36:53,btc,20.0699133527214,0.0,0.00000088,btc,2746.079105,0.0,0.0104613000000032,142
0,[],22,[],2019-03-18 13:19:01,0.0,0,0,6964268,2019-03-18 13:19:01,,0.0,0.0,0,,0.0,0.0,0.0,143
0,[],22,[],2019-02-25 15:42:22,0.0,0,0,6783783,2019-02-25 15:42:22,,4.2131946,0.0,0,,2322156.0,0.0,0.0,146
,[],22,[],2018-11-20 23:01:11,0.0,0,0,4862114,2018-11-20 23:01:11,,2.56807021,0.0,,,61828.4988236,0.0,0.0,147
1,[],12,[],2019-03-18 13:19:03,358910.13408453,0.0000027300000000000001199843176202808336938687716610729694366455078125,0.00000000010874081400000001,6964269,2019-03-18 13:19:03,btc,9.693691272965808,0.0,0.0000027300000000000001199843176202808336938687716610729694366455078125,btc,108330.39740171,0.0,0.1679870299998652,148
1,[],4,[],2019-03-18 13:19:04,266639.66863544,0.00000030,0.000000000011949539999999999,6964270,2019-03-18 13:19:04,btc,218.95569757679985,0.0,0.00000030,btc,801811.42486661,0.00142141,0.0643135474147613,152
0,[],22,[],2019-03-18 13:19:53,0.0,0,0,6964271,2019-03-18 13:19:53,,0.0,0.0,0,,0.0,0.0,0.0,152
1,[],5,[],2019-03-18 13:19:56,0.0,0,0,6964272,2019-03-18 13:19:56,btc,0.0,0.0,0,btc,0.0,0.0,0.0,153
,[],16,[],2019-01-11 15:38:59,0.0,0,0,6366141,2019-01-11 15:38:59,btc,0.0,0.0,,btc,0.0,0.0,0.0,155
0,[],22,[],2019-03-18 13:20:45,0.0,0,0,6964273,2019-03-18 13:20:45,,0.0,0.0,0,,0.0,0.0,0.0,156
0,[],23,[],2019-01-20 23:24:29,0.0,0,0,6476932,2019-01-20 23:24:29,,0.0,0.0,0,,0.0,0.0,0.0,156
0,[],22,[],2019-03-18 13:21:35,0.0,0,0,6964274,2019-03-18 13:21:35,,0.0,0.0,0,,0.0,0.0,0.0,157
0,[],22,[],2019-03-18 13:22:24,0.0,0,0,6964275,2019-03-18 13:22:24,,0.0,0.0,0,,0.0,0.0,0.0,158
,[],17,[],2018-11-20 22:56:10,0.0,0,0,4861976,2018-11-20 22:56:10,btc,1.1265625,0.0,,btc,1000.0,0.0,0.0,159
,[],20,[],2018-11-20 22:56:12,0.0,0,0,4861977,2018-11-20 22:56:12,btc,11912.7940471,0.0,,btc,34413894.3617,0.0,0.0,159
1,[],12,[],2019-03-18 13:22:26,235437.76675984,0.0000072899999999999996595258233700320715797715820372104644775390625,0.000000000290373822,6964276,2019-03-18 13:22:26,btc,12.66730871340428,0.0,0.0000072899999999999996595258233700320715797715820372104644775390625,btc,7912.08421683,0.0020799180521699,0.11868293911010559,168
1,[],17,[],2019-03-18 13:22:27,29784.95,0.000001,0.0000000000398318,6964277,2019-03-18 13:22:27,btc,0.03026736251542,0.0,0.000001,btc,144.46171372,0.0,0.00716147,168
0,[],22,[],2019-03-18 13:23:17,0.0,0,0,6964278,2019-03-18 13:23:17,,0.0,0.0,0,,0.0,0.0,0.0,169
0,[],22,[],2019-03-18 12:43:52,0.0,0,0,6964087,2019-03-18 12:43:52,,0.0,0.0,0,,0.0,0.0,0.0,171
0,[],22,[],2019-03-18 12:44:41,0.0,0,0,6964088,2019-03-18 12:44:41,,0.0,0.0,0,,0.0,0.0,0.0,173
1,[],5,[],2019-03-18 12:44:44,0.0,0,0,6964089,2019-03-18 12:44:44,btc,0.0,0.00587817,0,btc,0.0,0.0,0.0,175
0,[],22,[],2019-03-18 12:45:33,0.0,0,0,6964090,2019-03-18 12:45:33,,0.0,0.0,0,,0.0,0.0,0.0,176
1,[],7,[],2019-03-18 12:45:35,9382149.39234144,0.00000001,0.00000000000039782600000000005,6964091,2019-03-18 12:45:35,btc,410194.09139024455,76887915.1812,0.00000001,btc,34444184.61093966,0.0,0.0938214939234144,178
0,[],22,[],2019-03-18 12:46:24,0.0,0,0,6964092,2019-03-18 12:46:24,,0.0,0.0,0,,0.0,0.0,0.0,178
0,[],2,[],2019-01-20 23:28:34,0.0,0,0,6477001,2019-01-20 23:28:34,,0.0,0.0,0,,0.0,0.0,0.0,178
1,[],5,[],2019-03-18 12:46:26,0.0,0,0,6964093,2019-03-18 12:46:26,btc,0.0,0.0673874,0,btc,0.0,0.0,0.0,179
0,[],22,[],2019-03-18 12:47:15,0.0,0,0,6964094,2019-03-18 12:47:15,,0.0,0.0,0,,0.0,0.0,0.0,179
0,[],23,[],2019-01-20 23:25:08,0.0,0,0,6476952,2019-01-20 23:25:08,,0.0,0.0,0,,0.0,0.0,0.0,179
0,[],22,[],2019-03-18 12:48:18,0.0,0,0,6964095,2019-03-18 12:48:18,,0.0,0.0,0,,0.0,0.0,0.0,180
1,[],26,[],2019-03-18 12:48:18,0.0,0.00000126,0.000000000050126076,6964096,2019-03-18 12:48:18,btc,0.0,0.0,0.00000126,btc,0.0,0.0,0.0,180
1,[],17,[],2019-03-18 07:02:11,10504.725,0.0000001,0.00000000000396877,6962912,2019-03-18 07:02:11,btc,5.201069583844188,0.0,0.0000001,btc,5033.45945,0.0,0.0010504725,180
,[],7,[],2018-11-20 22:58:01,562227.975654,0.00000085,0.000000000036176765,4862015,2018-11-20 22:58:01,btc,21836.6059674,2491.87645172,,btc,749999.041456,0.00211021,0.127565380455,183
,[],5,[],2019-01-10 08:11:41,0.0,0,0,6347036,2019-01-10 08:11:41,btc,82.15055501,0.00261,,btc,1.19002445,0.0,0.0,187
1,[],24,[],2019-03-18 12:48:18,0.0,0.000000000001,3.97826e-17,6964097,2019-03-18 12:48:18,btc,0.0,0.0,0.000000000001,btc,0.0,0.0,0.0,187
,[],17,[],2018-11-16 20:58:10,4062536.27273,0.00000001,0.000000000000550501,4708775,2018-11-16 20:58:10,btc,3.36492563466,0.195460381006,,"btc,eth",110697919.549,0.0,0.0157628953496,187
0,[],22,[],2019-03-18 12:49:07,0.0,0,0,6964098,2019-03-18 12:49:07,,0.0,0.0,0,,0.0,0.0,0.0,191
0,[],22,[],2019-03-18 12:49:56,0.0,0,0,6964099,2019-03-18 12:49:56,,0.0,0.0,0,,0.0,0.0,0.0,197
0,[],23,[],2019-01-20 23:31:41,0.0,0,0,6477079,2019-01-20 23:31:41,,0.0,0.0,0,,0.0,0.0,0.0,199
0,[],22,[],2019-03-18 12:50:45,0.0,0,0,6964100,2019-03-18 12:50:45,,0.0,0.0,0,,0.0,0.0,0.0,199
1,[],26,[],2019-03-18 12:50:45,0.0,0.00000000,0,6964101,2019-03-18 12:50:45,btc,0.0,131318.0,0.00000000,btc,0.0,0.0,0.0,199
0,[],2,[],2019-01-20 23:30:49,0.0,0,0,6477059,2019-01-20 23:30:49,,0.0,0.0,0,,0.0,0.0,0.0,201
1,[],4,[],2019-01-25 15:51:35,2084389.58565343,0.00000936,0.000000000333526752,6499557,2019-01-25 15:51:35,btc,2.0092503037378524,0.0,0.00000936,btc,160195.80207885,0.19272417,1.242687955921835,211
1,[],7,[],2019-03-18 12:50:48,4125355.04039727,0.000001049999999999999899545958213786800428124479367397725582122802734375,0.00000000004177173,6964102,2019-03-18 12:50:48,btc,15476712.505290845,2212557.18942,0.000001049999999999999899545958213786800428124479367397725582122802734375,btc,14177024.73672757,0.0,2.894477554434563,212
1,[],12,[],2019-01-25 02:44:32,207462.42853209,0.000001080000000000000035831255497387193287295303889550268650054931640625,0.000000000038610756000000006,6493050,2019-01-25 02:44:32,btc,85023.03793723314,0.0,0.000001080000000000000035831255497387193287295303889550268650054931640625,btc,43675.73520027,0.000146250909087,0.0348620860622024,213
1,[],5,[],2019-03-18 12:50:49,0.0,0,0,6964103,2019-03-18 12:50:49,btc,0.0,0.07561108,0,btc,0.0,0.0,0.0,213
1,[],24,[],2019-03-18 12:50:49,0.0,0.000000220000,0.000000000008752172,6964104,2019-03-18 12:50:49,btc,0.0,0.0,0.000000220000,btc,0.0,0.0,0.0,213
1,[],26,[],2019-03-18 12:50:49,0.0,0.00000040,0.00000000001591304,6964105,2019-03-18 12:50:49,btc,0.0,0.0,0.00000040,btc,0.0,0.0,0.0,213
0,[],22,[],2019-03-18 12:11:33,0.0,0,0,6963910,2019-03-18 12:11:33,,0.0,0.0,0,,0.0,0.0,0.0,216
1,[],27,[],2019-03-18 12:11:36,1233122.0,0.00000003,0.000000000001192911,6963911,2019-03-18 12:11:36,btc,316.9775071147724,0.0,0.00000003,"btc,ltc",239299.924324,0.0,0.033757640000074314,216
0,[],22,[],2019-03-18 12:51:38,0.0,0,0,6964106,2019-03-18 12:51:38,,0.0,0.0,0,,0.0,0.0,0.0,217
1,[],7,[],2019-03-18 12:51:39,0.0,0,0,6964107,2019-03-18 12:51:39,btc,77969.33757097446,0.0,0,btc,135811624.2426053,0.0,0.0,219
0,[],27,[],2019-03-18 12:51:41,0.0,0,0,6964108,2019-03-18 12:51:41,,0.03997288,0.0,0,btc,2007233.0,0.0,0.0,219
0.0000000000000051,[],28,[],2019-03-18 12:51:49,170722989.525,2.55e-18,1.0144563e-22,6964109,2019-03-18 12:51:49,doge,116924.3417192505,28832.5,0.00050000,"btc,doge",8810786.74061,0.0,1.702075359052437e-11,219
0,[],22,[],2019-03-18 12:52:38,0.0,0,0,6964110,2019-03-18 12:52:38,,0.0,0.0,0,,0.0,0.0,0.0,221
1,[],24,[],2019-03-18 12:52:38,0.0,0.000000200000,0.00000000000795652,6964111,2019-03-18 12:52:38,btc,0.0,0.0,0.000000200000,btc,0.0,0.0,0.0,221
1,[],20,[],2019-03-18 12:52:40,47570391.6886,0.000000005,0.00000000000019891300000000002,6964112,2019-03-18 12:52:40,btc,49.4227336439533,2576026.8119,0.000000005,btc,15511966.5652,0.0237652614973,0.0612277657352,224
0,[],22,[],2019-03-18 12:53:29,0.0,0,0,6964113,2019-03-18 12:53:29,,0.0,0.0,0,,0.0,0.0,0.0,224
1,[],26,[],2019-03-18 12:53:29,0.0,0.00000022,0.000000000008752172,6964114,2019-03-18 12:53:29,btc,0.0,0.0,0.00000022,btc,0.0,0.0,0.0,231
1,[],26,[],2019-03-18 12:53:29,0.0,0.00000005,0.00000000000198913,6964115,2019-03-18 12:53:29,btc,0.0,100.0,0.00000005,btc,0.0,0.0,0.0,234
0.0000000003460775,[],27,[],2019-03-18 12:53:31,2000.0,3.460775e-18,1.37678627515e-22,6964116,2019-03-18 12:53:31,eth,0.01134836604,0.0,0.00000001,"btc,eth",11462.996,0.0,6.92155e-15,234
1,[],4,[],2019-03-18 12:53:33,1031792.06388326,0.00000116,0.000000000046147816,6964117,2019-03-18 12:53:33,btc,4.321355562610353,0.0,0.00000116,btc,1031328.09718636,0.25021276,0.4590777440584392,236
1,[],24,[],2019-03-18 12:53:33,0.0,0.000000500000,0.000000000019891300000000003,6964118,2019-03-18 12:53:33,btc,0.0,0.0,0.000000500000,btc,0.0,0.0,0.0,236
1,[],20,[],2019-03-18 12:53:35,217642134.0036,0.000000043,0.0000000000017106518000000002,6964119,2019-03-18 12:53:35,btc,94.3156350017844,5474355.4463,0.000000043,btc,30781538.9394,0.2483211464404,0.3713964096895,237
0,[],22,[],2019-03-18 12:54:24,0.0,0,0,6964120,2019-03-18 12:54:24,,0.0,0.0,0,,0.0,0.0,0.0,237
1,[],4,[],2019-03-18 12:54:25,10371148.41115413,0.00000037,0.000000000014719562,6964121,2019-03-18 12:54:25,btc,5.187508865107468,0.0,0.00000037,btc,7580939.77203862,0.29196485,2.922867202412684,238
1,[],5,[],2019-03-18 12:54:26,0.0,0,0,6964122,2019-03-18 12:54:26,btc,0.0,0.0187587,0,btc,0.0,0.0,0.0,238
0,[],22,[],2019-03-12 16:49:32,0.0,0,0,6914458,2019-03-12 16:49:32,,0.40415746,0.0,0,,526736.5639027493,0.0,0.0,249
0,[],22,[],2019-03-18 12:16:04,0.0,0,0,6963929,2019-03-18 12:16:04,,0.0,0.0,0,,0.0,0.0,0.0,252
1,[],28,[],2019-03-18 12:54:32,1802872.998,0.00000067,0.000000000026654342000000002,6964123,2019-03-18 12:54:32,btc,164753.73433962127,86171.4,0.00000067,btc,570916.651,0.0,0.5139436214,256
0,[],22,[],2019-03-18 12:55:21,0.0,0,0,6964124,2019-03-18 12:55:21,,0.0,0.0,0,,0.0,0.0,0.0,258
1,[],22,[],2019-03-13 00:07:30,47146.0,0.00000001,0.000000000000387233,6917028,2019-03-13 00:07:30,BTC,2.415167,0.0,0.00000001,BTC,157.0,0.0,0.00047146,259
1,[],5,[],2019-03-18 12:55:23,0.0,0,0,6964125,2019-03-18 12:55:23,btc,0.0,0.2788937,0,btc,0.0,0.0,0.0,264
1,[],20,[],2019-03-18 12:55:25,1272475.152,0.00000192,0.00000000007638259200000001,6964126,2019-03-18 12:55:25,btc,7.2052988645425,16910.68,0.00000192,btc,99052.6253,0.0389107624971,0.026391200208,264
0,[],22,[],2019-03-18 12:56:14,0.0,0,0,6964127,2019-03-18 12:56:14,,0.0,0.0,0,,0.0,0.0,0.0,271
0,[],22,[],2019-03-18 12:57:03,0.0,0,0,6964128,2019-03-18 12:57:03,,0.0,0.0,0,,0.0,0.0,0.0,272
0.0000000000000051,[],28,[],2019-03-18 12:57:09,203695804678.671,3.723e-21,1.4811061980000002e-25,6964129,2019-03-18 12:57:09,doge,146115736.00152063,2933239441.0622,0.00000073,doge,251914823250.5693,0.0,5.118725561341024e-10,272
0,[],22,[],2019-03-18 12:57:58,0.0,0,0,6964130,2019-03-18 12:57:58,,0.0,0.0,0,,0.0,0.0,0.0,281
0,[],22,[],2019-03-18 12:58:48,0.0,0,0,6964131,2019-03-18 12:58:48,,0.0,0.0,0,,0.0,0.0,0.0,286
0,[],22,[],2019-03-18 12:59:37,0.0,0,0,6964132,2019-03-18 12:59:37,,0.0,0.0,0,,0.0,0.0,0.0,294
