pairValue,buyBook,exchangeId,sellBook,updated,buyTotal,satoshiPrice,usdPrice,exchangeLogId,created,bestPair,sellTotalBtc,volume,pairPrice,activePairs,sellTotal,volumeBtc,buyTotalBtc,coinId
0,[],2,[],2019-01-20 23:28:45,0.0,0,0,6477011,2019-01-20 23:28:45,,0.0,0.0,0,,0.0,0.0,0.0,1
1,[],3,[],2019-06-02 15:30:45,69.225752719666,0.0106945500000000005835776306639672839082777500152587890625,0.000000930525309315,7726825,2019-06-02 15:30:45,btc,33.7702449196066,41.3779488665,0.0106945500000000005835776306639672839082777500152587890625,btc,23.195923730524,0.0,0.29263340134265214,1
1,[],4,[],2019-06-02 15:30:46,207705.84808651,0.01099002,0.000000956233947186,7726826,2019-06-02 15:30:46,btc,7.593928137193259,0.0,0.01099002,btc,298.6723402,0.66401645,0.7837342340769453,1
1,[],5,[],2019-06-02 15:30:49,0.0,0,0,7726827,2019-06-02 15:30:49,btc,0.0,0.01195677,0,btc,0.0,0.0,0.0,1
1,[],10,[],2019-06-02 15:30:51,312502.87995369,0.00724045,0.000000629986486185,7726828,2019-06-02 15:30:51,btc,6520.261017853936,1658.95172208,0.00724045,btc,1222.75569984,0.0,2.5173742749582306,1
1,[],12,[],2019-06-02 15:30:53,87.35624292,0.01094000000000000007160938508832259685732424259185791015625,0.0000009518817420000001,7726829,2019-06-02 15:30:53,btc,0.1325180340371,0.0,0.01094000000000000007160938508832259685732424259185791015625,btc,11.33407512,0.089876758573,0.4243648918118,1
1,[],20,[],2019-06-02 15:30:56,934.1471,0.00920886,0.000000801256462398,7726830,2019-06-02 15:30:56,btc,0.2226895461424,0.0945,0.00920886,btc,17.2598,0.001020599055,0.0996007193655,1
1,[],21,[],2019-06-02 15:30:58,1918.64762189,0.01102175000000000029687363678,0.0000009589947522750001,7726831,2019-06-02 15:30:58,btc,8.949354157736762,6156.32374115,0.0110217500000000002968736367847668589092791080474853515625,"btc,eth",1166.73083147,65.64953538455082,16.391858147126886,1
1,[],22,[],2019-06-02 15:31:01,0.0025666666666666667,0.00900000,0.0000007830837,7726832,2019-06-02 15:31:01,BTC,0.31629903,0.0,0.00900000,BTC,0.2505752479991019,0.0,2.31e-05,1
1,[],24,[],2019-06-02 15:31:03,0.0,0.000000000000,0,7726833,2019-06-02 15:31:03,btc,0.0,0.0,0.000000000000,btc,0.0,0.0,0.0,1
0.0,[],25,[],2019-06-02 15:31:04,0.0,0,0,7726834,2019-06-02 15:31:04,btc,35.21499999864673,8047.49013539,0.0,btc,3125.61985668,88.4888,0.0,1
1,[],26,[],2019-06-02 15:31:07,0.0,0,0,7726835,2019-06-02 15:31:07,,0.0,0.0,0,,0.0,0.0,0.0,1
0,[],28,[],2019-06-02 15:31:50,0.0,0,0,7726836,2019-06-02 15:31:50,,0.0,296752.6,0,,0.0,0.0,0.0,1
1,[],5,[],2019-06-02 15:31:51,0.0,0,0,7726837,2019-06-02 15:31:51,btc,0.0,3.727e-05,0,btc,0.0,0.0,0.0,2
0,[],22,[],2019-06-02 15:31:54,0.0,0,0,7726838,2019-06-02 15:31:54,,0.0,0.0,0,,0.0,0.0,0.0,2
1,[],5,[],2019-06-02 15:31:55,0.0,0,0,7726839,2019-06-02 15:31:55,btc,0.0,0.04541115,0,btc,0.0,0.0,0.0,3
1,[],12,[],2019-06-02 15:31:56,3367564.70302,0.000000116,0.000000000010093078800000001,7726840,2019-06-02 15:31:56,btc,169531.0848852973,0.0,0.000000116,btc,2628226.69843054,0.034303259582,0.32551674854428,3
0,[],28,[],2019-06-02 15:31:58,0.0,0,0,7726841,2019-06-02 15:31:58,,0.0,0.0,0,,0.0,0.0,0.0,3
0,[],2,[],2019-01-20 23:31:32,0.0,0,0,6477077,2019-01-20 23:31:32,,0.0,0.0,0,,0.0,0.0,0.0,4
1,[],4,[],2019-05-18 21:29:50,562734.9206932,0.00000010,0.000000000007298720000000001,7650946,2019-05-18 21:29:50,btc,41.9347137769675,0.0,0.00000010,btc,1123702.32192634,0.00052462,0.029254593370966,4
0,[],12,[],2019-06-02 05:03:43,0.0,0,0,7724919,2019-06-02 05:03:43,btc,625.901992874995,0.0,0,btc,1211362.4995005,0.0,0.0,5
0,[],2,[],2019-01-20 23:31:51,0.0,0,0,6477087,2019-01-20 23:31:51,,0.0,0.0,0,,0.0,0.0,0.0,6
1,[],11,[],2019-06-02 15:31:59,9165012.776736,0.00000003,0.000000000002610279,7726842,2019-06-02 15:31:59,btc,9582.823696002944,56335.0,0.00000003,btc,67435595.46260394,0.0,0.13989205276736,6
1,[],3,[],2019-06-02 15:32:00,13511.461600244114,0.000088889999999999997661037642870951458462513983249664306640625,0.000000007734256677,7726843,2019-06-02 15:32:00,btc,0.09361108490129967,362.367019599,0.000088889999999999997661037642870951458462513983249664306640625,btc,238.385531900151,0.0,0.023588640838167883,7
1,[],4,[],2019-06-02 15:32:01,322632.97751231,0.00008624,0.000000007503682032,7726844,2019-06-02 15:32:01,btc,9.551033874874646,0.0,0.00008624,btc,61260.34090021,1.51158684,1.9687546944426932,7
1,[],5,[],2019-06-02 15:32:02,0.0,0,0,7726845,2019-06-02 15:32:02,btc,0.0,0.46946922,0,btc,0.0,0.0,0.0,7
1,[],20,[],2019-04-07 22:06:50,3201475.0482,0.000000001,0.000000000000051590000000000004,7213932,2019-04-07 22:06:50,btc,30.8005781811902,0.0,0.000000001,btc,23077405.3926,0.0,0.0032014750482,8
0,[],2,[],2019-01-20 23:22:42,0.0,0,0,6476876,2019-01-20 23:22:42,,0.0,0.0,0,,0.0,0.0,0.0,9
0,[],23,[],2019-01-20 23:22:48,0.0,0,0,6476878,2019-01-20 23:22:48,,0.0,0.0,0,,0.0,0.0,0.0,9
1,[],1,[],2019-02-17 23:31:42,1822507.21,0.00000181000000000000003456111265232042484285557293333113193511962890625,0.000000000066086901,6701244,2019-02-17 23:31:42,btc,3.6990969245,17153386.5,0.00000181000000000000003456111265232042484285557293333113193511962890625,btc,1997391.71,31.11772986,3.2610482446,9
1,[],4,[],2019-06-02 15:32:05,3016305.15983815,0.00000047,0.000000000040894371000000003,7726846,2019-06-02 15:32:05,btc,3.227111083933041,0.0,0.00000047,btc,3117976.49564929,0.22988548,0.3453087798248365,9
0,[],28,[],2019-06-02 15:33:13,0.0,0,0,7726847,2019-06-02 15:33:13,,0.0,3372453.0,0,,0.0,0.0,0.0,9
1,[],4,[],2019-02-17 11:22:43,4341674.27126056,0.00000002,0.0000000000007272960000000001,6696112,2019-02-17 11:22:43,btc,0.1997230937751353,0.0,0.00000002,btc,4109766.79808031,0.00215132,0.0479381022052112,10
1,[],4,[],2019-06-02 15:33:14,8103672.17439758,0.00000041,0.000000000035673813,7726848,2019-06-02 15:33:14,btc,4.413889359223017,0.0,0.00000041,btc,4778411.17122746,1.02770302,1.2455050263406178,12
1,[],5,[],2019-06-02 15:33:15,0.0,0,0,7726849,2019-06-02 15:33:15,btc,0.0,0.32736204,0,btc,0.0,0.0,0.0,12
0.0,[],25,[],2019-06-02 15:33:16,0.0,0,0,7726850,2019-06-02 15:33:16,,0.0,0.0,0.0,btc,0.0,0.0,0.0,12
0,[],2,[],2019-01-20 23:23:08,0.0,0,0,6476890,2019-01-20 23:23:08,,0.0,0.0,0,,0.0,0.0,0.0,12
1,[],4,[],2019-06-02 15:33:17,339552.82808007,0.00000580,0.00000000050465394,7726851,2019-06-02 15:33:17,btc,1.8027467143961946,0.0,0.00000580,btc,231176.80515356,0.65851009,0.4941263634850173,13
1,[],21,[],2019-06-02 15:33:20,1864743.6610549,0.000005779999999999999717268262672,0.000000000502913754,7726852,2019-06-02 15:33:20,btc,4.540161259127871,1723047.20792123,0.0000057799999999999997172682626722650667261405033059418201446533203125,btc,704250.1947396,10.15832392,7.9878141231660456,13
1,[],10,[],2019-06-02 12:07:57,650076.38863246,0.00000585,0.000000000512376345,7726315,2019-06-02 12:07:57,btc,666803.2854791658,9462.7096111,0.00000585,btc,869628.80217011,0.0,0.2222918928685126,13
1,[],4,[],2019-06-02 15:33:21,920027.54293617,0.00000075,0.00000000006525697500000001,7726853,2019-06-02 15:33:21,btc,4.235725240407313,0.0,0.00000075,btc,846219.51321643,0.00086922,0.0872748981340842,14
1,[],12,[],2019-06-02 15:33:22,136841.87454451,0.00000073,0.000000000063516789,7726854,2019-06-02 15:33:22,btc,14.134675981578326,0.0,0.00000073,btc,22116.65275591,7.702298e-06,0.0160428299999868,14
1,[],26,[],2019-06-02 15:35:23,0.0,0.00000050,0.00000000004350465,7726855,2019-06-02 15:35:23,btc,0.0,0.0,0.00000050,btc,0.0,0.0,0.0,14
0,[],17,[],2019-05-03 00:53:32,0.0,0,0,7558876,2019-05-03 00:53:32,btc,0.0,0.0,0,btc,0.0,0.0,0.0,14
0,[],4,[],2019-06-02 15:35:24,0.0,0,0,7726856,2019-06-02 15:35:24,,0.0,0.0,0,,0.0,0.0,0.0,15
,[],12,[],2018-12-01 15:15:48,204241.84496,0.00000489,0.000000000202473384,5260204,2018-12-01 15:15:48,btc,49.5475654835,0.0,,btc,35763.2193806,0.0163153972027625,0.0203389899998,15
1,[],4,[],2019-06-02 15:35:25,34214.44564328,0.00001037,0.000000000902286441,7726857,2019-06-02 15:35:25,btc,1.0009242961392808,0.0,0.00001037,btc,13706.29356117,0.05506644,0.0778126811814586,18
1,[],10,[],2019-06-02 15:35:27,495286.33781743,0.00001186,0.000000001031930298,7726858,2019-06-02 15:35:27,btc,15.190670360244122,4862.78432347,0.00001186,btc,12854.40692922,0.0,0.1544445989630021,18
1,[],12,[],2019-06-02 15:35:29,3175.6335143,0.000011800000000000000524818903613333276325647602789103984832763671875,0.0000000010267097400000001,7726859,2019-06-02 15:35:29,btc,0.4006284974401198,0.0,0.000011800000000000000524818903613333276325647602789103984832763671875,btc,1461.8113918,0.000356312174,0.0130210141467212,18
0,[],2,[],2019-01-20 23:23:38,0.0,0,0,6476906,2019-01-20 23:23:38,,0.0,0.0,0,,0.0,0.0,0.0,18
0,[],17,[],2019-05-03 00:53:39,0.0,0,0,7558882,2019-05-03 00:53:39,btc,0.0,0.0,0,btc,0.0,0.0,0.0,18
1,[],3,[],2019-06-02 15:37:29,150791.15576700543,0.0000055300000000000004167955043599125275477490504272282123565673828125,0.000000000481161429,7726860,2019-06-02 15:37:29,btc,0.18006324163431187,5449.68204435,0.0000055300000000000004167955043599125275477490504272282123565673828125,btc,5381.469686421002,0.0,0.0545830916534532,19
1,[],4,[],2019-06-02 15:37:30,517430.87062363,0.00000770,0.00000000066997161,7726861,2019-06-02 15:37:30,btc,3.995490686851545,0.0,0.00000770,btc,169925.14511144,0.20779317,0.4348411369287269,19
1,[],5,[],2019-06-02 15:37:31,0.0,0,0,7726862,2019-06-02 15:37:31,btc,0.0,0.00426311,0,btc,0.0,0.0,0.0,19
1,[],12,[],2019-06-02 15:37:32,14492.88295124,0.000007089999999999999880334437818429904609729419462382793426513671875,0.000000000616895937,7726863,2019-06-02 15:37:32,btc,0.0516078290818221,0.0,0.000007089999999999999880334437818429904609729419462382793426513671875,btc,1949.0831785,0.00413586,0.0221593599996853,19
0,[],27,[],2019-06-02 15:37:36,0.0,0,0,7726864,2019-06-02 15:37:36,,0.0,0.0,0,btc,0.0,0.0,0.0,19
0,[],2,[],2019-01-20 23:24:19,0.0,0,0,6476924,2019-01-20 23:24:19,,0.0,0.0,0,,0.0,0.0,0.0,19
1,[],4,[],2019-06-02 15:37:37,10062076.88478525,0.00000007,0.000000000006090651,7726865,2019-06-02 15:37:37,btc,6.4029639466023385,0.0,0.00000007,btc,2322306.93095912,0.0,0.1174938176872809,20
1,[],4,[],2019-06-02 15:37:38,7269692.248,0.00000001,0.0000000000008700930000000001,7726866,2019-06-02 15:37:38,btc,39217.66389782037,0.0,0.00000001,btc,71308867.46759267,0.01320655,0.07269692248,21
1,[],12,[],2019-06-02 15:37:39,2396017.0,0.00000001,0.0000000000008700930000000001,7726867,2019-06-02 15:37:39,btc,2566.627579543127,0.0,0.00000001,btc,5033817.15584414,7.772228e-06,0.02396017,21
0,[],17,[],2019-05-03 00:53:51,0.0,0,0,7558891,2019-05-03 00:53:51,btc,0.0,0.0,0,btc,0.0,0.0,0.0,21
1,[],12,[],2019-06-02 15:39:40,5173273419.0,0.0000000003,0.00000000000002610279,7726868,2019-06-02 15:39:40,btc,709129932.0803865,0.0,0.0000000003,btc,3109407179.445198,0.057178926088,1.157211729,23
0.000000000308991,[],27,[],2019-06-02 15:39:43,36416639.53462002,6.1798199999999995e-18,5.37701812326e-22,7726869,2019-06-02 15:39:43,eth,105073.045730832,596447981.7072815,0.00000002,eth,26455296.82,3.68594116503333e-09,1.227319268235155e-10,23
1,[],4,[],2019-06-02 15:39:44,1844475.99722747,0.00000022,0.000000000019142046,7726870,2019-06-02 15:39:44,btc,10.656493643324971,0.0,0.00000022,btc,1707468.11487405,0.00660946,0.0574977352408808,24
1,[],22,[],2019-06-02 15:39:48,21.76,0.00000100,0.0000000000870093,7726871,2019-06-02 15:39:48,BTC,7.415e-05,0.0,0.00000100,BTC,23.919354838709676,0.0,1.186e-05,24
0.0,[],25,[],2019-06-02 15:39:49,0.0,0,0,7726872,2019-06-02 15:39:49,,0.0,0.0,0.0,btc,0.0,0.0,0.0,24
1,[],4,[],2019-06-02 15:39:50,26944842.95819747,0.00000482,0.00000000041938482600000004,7726873,2019-06-02 15:39:50,btc,14.2602193049144,0.0,0.00000482,btc,240385.61060215,0.18139831,0.4916677114378026,26
1,[],10,[],2019-06-02 15:39:52,152299.68927434,0.00000394,0.0000000003428166420000001,7726874,2019-06-02 15:39:52,btc,25.58554462082896,7119.95613946,0.00000394,btc,23082.41201912,0.0,0.0368386193327913,26
0,[],2,[],2019-01-20 23:25:56,0.0,0,0,6476976,2019-01-20 23:25:56,,0.0,0.0,0,,0.0,0.0,0.0,26
1,[],3,[],2019-06-02 15:39:53,21275131.685043,0.00000001,0.0000000000008700930000000001,7726875,2019-06-02 15:39:53,btc,3.764840829645092,3621283.98668,0.00000001,btc,26149941.98553088,0.0,0.21275131685043,27
1,[],11,[],2019-06-02 15:39:55,2071589.08157834,0.00000002,0.0000000000017401860000000002,7726876,2019-06-02 15:39:55,btc,67503.04527066177,19676.5543251,0.00000002,btc,6588861.32608848,0.0,0.0211134458157834,27
1,[],5,[],2019-04-26 09:47:06,0.0,0,0,7465326,2019-04-26 09:47:06,btc,0.0,0.0,0,btc,0.0,0.0,0.0,27
1,[],4,[],2019-06-02 15:39:56,1187569264.4380991,0.00000001,0.0000000000008700930000000001,7726877,2019-06-02 15:39:56,btc,4.79099440932394,0.0,0.00000001,"btc,ltc",300103809.56020826,0.06402769,8.622900656297693,29
1,[],7,[],2019-06-02 15:39:57,85451021.33155985,0.00000001,0.0000000000008700930000000001,7726878,2019-06-02 15:39:57,btc,46548272.13364622,0.0,0.00000001,btc,35323436.5909488,0.0,0.8545102133155985,29
1,[],4,[],2019-06-02 15:39:59,15244677.86822977,0.00000006,0.0000000000052205580000000006,7726879,2019-06-02 15:39:59,btc,2.562666443401238,0.0,0.00000006,btc,2020880.51679651,0.0,0.168853139229436,30
0,[],17,[],2019-05-03 01:11:25,0.0,0,0,7559066,2019-05-03 01:11:25,btc,0.0,0.0,0,btc,0.0,0.0,0.0,30
1,[],4,[],2019-06-02 15:42:00,108471.82002751,0.00004377,0.000000003808397061,7726880,2019-06-02 15:42:00,btc,2.961944025971351,0.0,0.00004377,btc,39220.04860477,0.64713735,0.5546263440131624,31
1,[],21,[],2019-06-02 15:42:01,181727.62788799,0.00004644000000000000259953517046,0.000000004040711892000001,7726881,2019-06-02 15:42:01,btc,5.253541737562473,228767.89706627,0.0000464400000000000025995351704555247351891011931002140045166015625,btc,104450.51208927,10.82710517,6.928226426954367,31
0,[],2,[],2019-01-20 23:28:43,0.0,0,0,6477009,2019-01-20 23:28:43,,0.0,0.0,0,,0.0,0.0,0.0,32
0,[],4,[],2019-06-02 15:42:02,0.0,0,0,7726882,2019-06-02 15:42:02,,0.0,0.0,0,,0.0,0.0,0.0,33
1,[],12,[],2019-03-30 07:55:10,40641173.964,0.00000003,0.000000000001228359,7108785,2019-03-30 07:55:10,btc,4233210.82356125,0.0,0.00000003,btc,28378394.68333462,0.0126927883965248,0.90752895892,33
0.00000000013135940000000001,[],4,[],2019-06-02 15:42:04,462542550.5430105,5.911173e-17,5.143270249089e-21,7726883,2019-06-02 15:42:04,ltc,3.7034596487361147,0.0,0.00000045,ltc,155765497.0457885,0.00768519,1.7393265569133708e-09,34
1,[],5,[],2019-06-02 15:42:05,0.0,0,0,7726884,2019-06-02 15:42:05,btc,0.0,0.0,0,btc,0.0,0.0,0.0,34
0.0000000002926451,[],17,[],2019-05-02 18:17:47,200000.0,2.9264510000000002e-18,1.596703856561e-22,7556430,2019-05-02 18:17:47,eth,0.20942468735267253,0.0,0.00000001,"btc,eth",1018272.20243647,0.0,5.852902e-13,36
0.0000000001311821,[],4,[],2019-05-31 13:28:19,2417517744.0607657,1.311821e-18,1.105058333085e-22,7717483,2019-05-31 13:28:19,ltc,5.019900492391546e-08,0.0,0.00000001,ltc,7102398142.262129,0.0,3.171350544531538e-09,36
1,[],5,[],2019-05-31 13:28:21,0.0,0,0,7717484,2019-05-31 13:28:21,btc,0.0,0.0,0,btc,0.0,0.0,0.0,36
0.0000000003108179,[],27,[],2019-05-31 13:30:34,10388811.226876,6.216358000000001e-18,5.236566733830001e-22,7717485,2019-05-31 13:30:34,eth,1569.8708019850988,761866.634299,0.00000002,"ltc,eth",5084024.2511555,4.736034912207001e-12,3.3251980286483705e-11,36
1,[],4,[],2019-06-02 15:42:06,9978821.3463178,0.00000016,0.000000000013921488000000002,7726885,2019-06-02 15:42:06,btc,19772.502191411786,0.0,0.00000016,btc,731858.59183135,0.00095194,0.12829775784137,37
1,[],12,[],2019-06-02 15:42:07,3614834.0,0.00000017,0.000000000014791581,7726886,2019-06-02 15:42:07,btc,9.374307705118223,0.0,0.00000017,btc,1054025.72905333,0.013958358695,0.1577395,37
1,[],27,[],2019-06-02 15:44:13,11126.0,0.00000018,0.000000000015661674,7726887,2019-06-02 15:44:13,btc,22.62970013895233,0.0,0.00000018,btc,4298.824295,0.0,0.00165394,37
1,[],17,[],2019-05-03 01:11:36,211752.74075282,0.00000025,0.000000000013700074999999998,7559074,2019-05-03 01:11:36,btc,0.055484923955058496,0.0,0.00000025,"btc,eth",1387.19918473,0.0,0.0005381851887916605,37
1,[],5,[],2019-06-02 15:44:16,0.0,0,0,7726888,2019-06-02 15:44:16,btc,0.0,0.00130272,0,btc,0.0,0.0,0.0,42
1,[],12,[],2019-06-02 15:44:17,148698.80148241,0.000001120000000000000076372827333137660588135986472479999065399169921875,0.00000000009745041600000002,7726889,2019-06-02 15:44:17,btc,24.791598851098065,0.0,0.000001120000000000000076372827333137660588135986472479999065399169921875,btc,73451.044076,0.031430002575,0.0599895896411577,42
1,[],27,[],2019-06-02 15:44:23,506.0,0.00000002,0.0000000000017401860000000002,7726890,2019-06-02 15:44:23,btc,0.07600425,0.0,0.00000002,"btc,eth",18.0,0.0,6.000000324625945e-06,42
1,[],12,[],2019-03-13 09:13:29,1112112.0,0.00000001,0.000000000000386531,6919902,2019-03-13 09:13:29,btc,29058.00478931866,0.0,0.00000001,btc,5967681.93306694,9.99000999e-07,0.01112112,43
1,[],5,[],2019-04-26 22:38:52,0.0,0,0,7474154,2019-04-26 22:38:52,btc,0.0,0.02638891,0,btc,0.0,0.0,0.0,43
0,[],17,[],2019-04-26 22:38:53,0.0,0,0,7474155,2019-04-26 22:38:53,btc,0.0,0.0,0,btc,0.0,0.0,0.0,43
1,[],12,[],2019-03-05 01:54:08,639326.02,0.00000004,0.000000000001486676,6845775,2019-03-05 01:54:08,btc,11116042.728239931,0.0,0.00000004,btc,1103841.4595604,0.0003330765234764,0.014975410599999999,44
1,[],4,[],2019-06-02 15:44:24,105133476.84087455,0.00000001,0.0000000000008700930000000001,7726891,2019-06-02 15:44:24,btc,2660396.6054374008,0.0,0.00000001,"btc,ltc",28289085.90928054,0.00147428,0.03271190095592912,49
0.00000000013135940000000001,[],4,[],2019-06-02 15:44:24,133974460.77621318,3.8094226000000005e-17,3.3145519383018002e-21,7726892,2019-06-02 15:44:24,ltc,194920.22237562056,0.0,0.00000029,ltc,195980555.50539815,0.0,1.393503079710846e-09,52
0,[],22,[],2019-06-02 15:44:27,0.0,0,0,7726893,2019-06-02 15:44:27,,10289.52569349,0.0,0,,305146396.4566013,0.0,0.0,57
1,[],27,[],2019-06-02 15:44:34,2297.0,0.0000003,0.00000000002610279,7726894,2019-06-02 15:44:34,btc,0.0,0.0,0.0000003,"btc,eth",0.0,0.0,0.0003891,57
0.00000000013135940000000001,[],4,[],2019-06-02 15:44:35,3421440497.0161414,1.3135940000000001e-18,1.142948944242e-22,7726895,2019-06-02 15:44:35,ltc,19.341013445122663,0.0,0.00000001,ltc,5851927500.768803,0.0,4.494383708237421e-09,58
1,[],12,[],2019-06-02 15:44:36,705205379.0,0.0000000001,0.000000000000008700930000000002,7726896,2019-06-02 15:44:36,btc,2302584.9504608964,0.0,0.0000000001,btc,3424724085.81614,0.001498437204,0.0705205379,58
0.0000000001100701,[],22,[],2019-06-02 15:46:39,126877.0,1.100701e-18,9.57712235193e-23,7726897,2019-06-02 15:46:39,XMR,68.17454206,0.0,0.00000001,XMR,9626402.6,0.0,0.00126877,58
1,[],17,[],2019-05-03 01:12:09,1200000.0,0.0000000001,0.00000000000000548003,7559085,2019-05-03 01:12:09,btc,1e+24,0.0,0.0000000001,"btc,eth",39516342.31952568,0.0,0.00010000000058666061,58
1,[],5,[],2019-06-02 15:46:40,0.0,0,0,7726898,2019-06-02 15:46:40,btc,0.0,0.00980938,0,btc,0.0,0.0,0.0,61
1,[],22,[],2019-06-02 15:46:43,13613.833333333334,0.00000012,0.000000000010441116000000001,7726899,2019-06-02 15:46:43,BTC,1002.29123003,0.0,0.00000012,BTC,15014.200177125656,0.0,0.00153269,61
1,[],26,[],2019-06-02 15:46:44,0.0,0.00000050,0.00000000004350465,7726900,2019-06-02 15:46:44,btc,0.0,0.0,0.00000050,btc,0.0,0.0,0.0,61
1,[],27,[],2019-06-02 15:46:51,8450.0,0.0000002,0.00000000001740186,7726901,2019-06-02 15:46:51,btc,1.9582485601246655,0.0,0.0000002,"btc,eth",11379.41563696,0.0,0.001522,61
0,[],28,[],2019-06-02 15:47:29,0.0,0,0,7726902,2019-06-02 15:47:29,,0.0,739.0,0,,0.0,0.0,0.0,61
1,[],4,[],2019-06-02 15:47:30,806825.07910825,0.00000068,0.000000000059166324,7726903,2019-06-02 15:47:30,btc,2.992611259787677,0.0,0.00000068,btc,949736.58987821,0.03690693,0.4026372303006626,67
0.0,[],25,[],2019-06-02 15:47:31,0.0,0,0,7726904,2019-06-02 15:47:31,,0.0,0.0,0.0,btc,0.0,0.0,0.0,67
1,[],12,[],2019-06-02 06:23:14,910048.355,0.00000006,0.000000000005154929999999999,7725270,2019-06-02 06:23:14,btc,5.167005424215783,0.0,0.00000006,btc,738530.60239759,0.003159757462,0.0187188113,71
,[],5,[],2018-11-20 23:02:39,1.5e-07,0.00000005,0.000000000002128045,4862160,2018-11-20 23:02:39,btc,2.84511358,0.0,,btc,0.00036572,0.0,0.07381892,74
1,[],5,[],2019-06-02 15:47:33,0.0,0,0,7726905,2019-06-02 15:47:33,btc,0.0,0.08511824,0,btc,0.0,0.0,0.0,75
0,[],4,[],2019-05-25 21:33:44,0.0,0,0,7686249,2019-05-25 21:33:44,,133656.37989170782,0.0,0,,33439209.5909442,0.0,0.0,81
0,[],20,[],2019-01-25 09:30:31,0.0,0,0,6495923,2019-01-25 09:30:31,btc,0.0,0.0,0,btc,0.0,0.0,0.0,81
1,[],4,[],2019-06-02 15:47:34,29460.88373573,0.00010447,0.000000009089861571,7726906,2019-06-02 15:47:34,btc,55.9982413605681,0.0,0.00010447,btc,124790.07050866,0.26692565,0.5914668153920632,82
1,[],21,[],2019-06-02 15:47:35,90652.20177112,0.0001275100000000000039813985442,0.000000011094555843000002,7726907,2019-06-02 15:47:35,btc,18.69057112263139,33437.05735082,0.0001275100000000000039813985441838894985266961157321929931640625,btc,105582.34691534,3.82290997,8.086856368742326,82
0,[],17,[],2019-03-25 22:42:34,0.0,0,0,7038780,2019-03-25 22:42:34,btc,0.0445064681804024,0.0,0,btc,995513.18476001,0.0,0.0,84
0.0000000001161485,[],4,[],2019-05-20 13:09:39,216715621.0206096,1.161485e-18,9.0533806701e-23,7657228,2019-05-20 13:09:39,ltc,1.6511566870244727,0.0,0.00000001,ltc,471032407.9048656,0.0,2.5171194308112273e-10,85
,[],22,[],2018-11-20 23:09:34,3408.1,0.0000001,0.0000000000041895,4862324,2018-11-20 23:09:34,BTC,0.04624735,0.0,,BTC,4990.0,0.0,0.00033081,86
1,[],22,[],2019-06-02 15:47:38,138656.0,0.00000002,0.0000000000017401860000000002,7726908,2019-06-02 15:47:38,BTC,1.46327546,0.0,0.00000002,BTC,411805.21403508773,0.00019064,0.00214656,87
1,[],27,[],2019-06-02 15:47:42,128632.0,0.00000008,0.000000000006960744000000001,7726909,2019-06-02 15:47:42,btc,5.088224818036,81140.0,0.00000008,btc,56823.67341,0.0089254,0.00262364,87
,[],2,[],2018-11-20 23:10:47,0.0,0,0,4862359,2018-11-20 23:10:47,,0.0,0.0,,,0.0,0.0,0.0,88
1,[],11,[],2019-06-02 15:47:44,157758.45654878,0.00007804999999999999980328235782423007549368776381015777587890625,0.000000006791075865,7726910,2019-06-02 15:47:44,btc,167.4289328564546,231.0,0.00007804999999999999980328235782423007549368776381015777587890625,btc,201060.61163851,0.0,1.919162971967499,89
0,[],2,[],2019-01-20 23:31:45,0.0,0,0,6477083,2019-01-20 23:31:45,,0.0,0.0,0,,0.0,0.0,0.0,91
1,[],12,[],2019-06-02 15:47:45,392881.72002806,0.00000039,0.000000000033933627000000006,7726911,2019-06-02 15:47:45,btc,88.57552840080899,0.0,0.00000039,btc,157370.574995,0.017179632918,0.0246258613999588,91
1,[],22,[],2019-06-02 15:49:49,75910.55,0.0000002,0.00000000001740186,7726912,2019-06-02 15:49:49,BTC,0.497,0.0,0.0000002,"BTC,LTC",6.95,0.0,0.00165931,91
0,[],17,[],2019-05-03 01:12:26,0.0,0,0,7559096,2019-05-03 01:12:26,btc,0.0,0.0,0,btc,0.0,0.0,0.0,91
1,[],22,[],2019-04-09 20:17:52,374949.73333333334,0.00000015,0.000000000007771935,7235704,2019-04-09 20:17:52,BTC,6.87372503,0.0,0.00000015,"BTC,LTC",159980.01196797504,1.1e-05,0.80510266,95
0.00000000013135940000000001,[],4,[],2019-06-02 15:49:50,543286412.7500627,2.7585474000000002e-17,2.4001927829082e-21,7726913,2019-06-02 15:49:50,ltc,11.302987465546739,0.0,0.00000021,ltc,153380436.19713435,0.0,8.72259701771444e-10,96
0,[],12,[],2019-06-02 15:49:51,0.0,0,0,7726914,2019-06-02 15:49:51,btc,22.31415682046953,0.0,0,btc,9676394.04695305,1.998002e-05,0.0,96
0,[],17,[],2019-05-03 01:12:32,0.0,0,0,7559100,2019-05-03 01:12:32,btc,0.0,0.0,0,btc,0.0,0.0,0.0,96
1,[],4,[],2019-04-14 03:32:46,1039404.33283278,0.00000038,0.000000000019245518,7293458,2019-04-14 03:32:46,btc,4.170086055365747,0.0,0.00000038,btc,3097704.34561074,0.06260606,0.1859928211030784,99
0,[],2,[],2019-01-20 23:23:55,0.0,0,0,6476914,2019-01-20 23:23:55,,0.0,0.0,0,,0.0,0.0,0.0,100
1,[],4,[],2019-06-02 13:46:27,241719.10293881,0.00001708,0.0000000014803663,7726777,2019-06-02 13:46:27,btc,7.431775042265453,0.0,0.00001708,btc,157561.14134383,0.45317951,0.3640807361679028,100
1,[],22,[],2019-06-02 13:46:31,150000.0,0.00000002,0.00000000000173345,7726778,2019-06-02 13:46:31,BTC,24.83526409,0.0,0.00000002,BTC,11187.719,0.0,0.0017,101
1,[],4,[],2019-06-02 13:46:31,556890.55568107,0.00000153,0.00000000013260892500000001,7726779,2019-06-02 13:46:31,btc,549.174448280039,0.0,0.00000153,btc,669265.84361255,0.02330739,0.2033784460050794,103
1,[],12,[],2019-06-02 13:46:34,176794883.0,0.000000003,0.0000000000002600175,7726780,2019-06-02 13:46:34,btc,2404.6904660098726,0.0,0.000000003,btc,70454463.99899384,0.000708262436,0.234954823,105
0,[],27,[],2019-06-02 13:46:39,0.0,0,0,7726781,2019-06-02 13:46:39,,0.3188435,377744.0,0,btc,1868885.0,0.00377744,0.0,105
1,[],22,[],2019-04-21 00:17:26,21333.0,0.00000001,0.000000000000532493,7385819,2019-04-21 00:17:26,BTC,51.38182867,0.0,0.00000001,BTC,470435.0,0.0,0.00021333,107
1,[],26,[],2019-04-21 00:17:26,0.0,0.00000000,0,7385820,2019-04-21 00:17:26,btc,0.0,0.0,0.00000000,btc,0.0,0.0,0.0,107
1,[],5,[],2019-06-02 13:46:40,0.0,0,0,7726782,2019-06-02 13:46:40,btc,0.0,0.0,0,btc,0.0,0.0,0.0,112
0,[],22,[],2019-06-02 13:46:42,0.0,0,0,7726783,2019-06-02 13:46:42,,6.79500102,0.0,0,,3375892.0833333335,0.0,0.0,112
1,[],27,[],2019-06-02 13:47:00,10001.0,0.00000001,0.000000000000866725,7726784,2019-06-02 13:47:00,btc,1.15032588,0.0,0.00000001,"btc,eth",1818.0,0.0,1.000003091794e-08,112
1,[],4,[],2019-06-02 13:47:01,259889.00107553,0.00000083,0.000000000071938175,7726785,2019-06-02 13:47:01,btc,5.5618941934321064,0.0,0.00000083,btc,628454.96453535,0.04544565,0.1568585137079242,113
1,[],5,[],2019-06-02 13:47:02,0.0,0,0,7726786,2019-06-02 13:47:02,btc,0.0,0.0,0,btc,0.0,0.0,0.0,113
1,[],17,[],2019-04-26 02:17:47,162738.278,0.00000004,0.0000000000021069000000000002,7461287,2019-04-26 02:17:47,btc,1.3331140273775473,0.0,0.00000004,btc,51796.221,0.0,0.00230953112,116
1,[],27,[],2019-05-22 05:13:01,210000.0,0.00000001,0.00000000000079145,7666372,2019-05-22 05:13:01,btc,3919.0005001478,0.0,0.00000001,btc,128660.871,0.0,0.0021,116
1,[],4,[],2019-05-21 22:31:11,138169.03963019,0.00000701,0.000000000558364025,7664793,2019-05-21 22:31:11,btc,150.95388250938234,0.0,0.00000701,btc,344631.17141974,0.07552974,0.4288357684941946,120
1,[],7,[],2019-05-21 22:31:12,3901.07750076,0.000010679999999999999389654892212320191902108490467071533203125,0.0000000008506887,7664794,2019-05-21 22:31:12,btc,231188.94669936574,0.0,0.000010679999999999999389654892212320191902108490467071533203125,btc,4133.83151364,0.0,0.0113888422364489,120
1,[],20,[],2019-04-07 18:42:29,1914137.0852,0.000000035,0.0000000000017871910000000002,7211992,2019-04-07 18:42:29,btc,32.2497668025648,25528.85,0.000000035,btc,1001975.4986,0.00089350975,0.0152723574729,125
1,[],22,[],2019-06-02 13:47:05,10000.0,0.00000001,0.000000000000866725,7726787,2019-06-02 13:47:05,BTC,0.032061,0.0,0.00000001,BTC,299316.7611111111,0.0,0.0001,126
0,[],2,[],2019-01-20 23:25:46,0.0,0,0,6476969,2019-01-20 23:25:46,,0.0,0.0,0,,0.0,0.0,0.0,131
1,[],4,[],2019-06-02 13:47:06,259040.54232939,0.00000720,0.000000000624042,7726788,2019-06-02 13:47:06,btc,3.98306863487691,0.0,0.00000720,btc,183822.85233734,0.35358699,0.9560324237274264,131
1,[],17,[],2019-05-03 01:13:10,10000.0,0.00000001,0.000000000000548003,7559115,2019-05-03 01:13:10,btc,0.0953976503951408,0.0,0.00000001,btc,5037.62507334,0.0,0.0001,131
1,[],4,[],2019-06-01 22:22:37,4877.33287432,0.00010000,0.000000008588780000000001,7724055,2019-06-01 22:22:37,btc,5.03221070889025,0.0,0.00010000,btc,202.13055914,0.0,0.0067319517514342,135
1,[],3,[],2019-06-02 13:49:07,529157.22392675,0.00000001,0.000000000000866725,7726789,2019-06-02 13:49:07,btc,0.2210404157401997,1672649.79937,0.00000001,btc,1903983.22115819,0.0,0.0052915722392675,136
1,[],4,[],2019-06-02 13:49:07,2172971.93828437,0.00000181,0.000000000156877225,7726790,2019-06-02 13:49:07,btc,109.26721409405556,0.0,0.00000181,btc,533408.69361895,0.01951656,0.48348960228676,137
1,[],12,[],2019-06-02 13:49:09,88740.93304758,0.0000017799999999999998982758153687200319836847484111785888671875,0.00000000015427705,7726791,2019-06-02 13:49:09,btc,57.79520060297476,0.0,0.0000017799999999999998982758153687200319836847484111785888671875,btc,50822.49064291,8.129048e-05,0.0183972999999384,137
1,[],4,[],2019-06-02 13:49:09,100018.02854617,0.00001604,0.0000000013902269000000001,7726792,2019-06-02 13:49:09,btc,7.693295184195189,0.0,0.00001604,btc,127467.07921329,0.24801674,0.8815257523528748,142
1,[],5,[],2019-06-02 13:49:11,0.0,0,0,7726793,2019-06-02 13:49:11,btc,0.0,0.02932915,0,btc,0.0,0.0,0.0,142
1,[],20,[],2019-06-02 13:51:13,209207.8475,0.000016061,0.0000000013920470225,7726794,2019-06-02 13:51:13,btc,1.6087041711546,0.02,0.000016061,btc,9872.8163,3.2122e-07,0.0213528158257,142
1,[],22,[],2019-06-02 13:51:16,11028.645,0.00001000,0.000000000866725,7726795,2019-06-02 13:51:16,BTC,3.27323936,0.0,0.00001000,BTC,1114.1496937357979,0.0,0.00745365,142
0.0,[],25,[],2019-06-02 13:51:17,0.0,0,0,7726796,2019-06-02 13:51:17,,0.0,0.0,0.0,btc,0.0,0.0,0.0,142
0,[],28,[],2019-06-02 13:51:18,0.0,0,0,7726797,2019-06-02 13:51:18,,0.0,0.0,0,,0.0,0.0,0.0,142
1,[],17,[],2019-05-03 01:13:16,32967.38636364,0.00000088,0.000000000048224264,7559122,2019-05-03 01:13:16,btc,20.06976206696776,0.0,0.00000088,btc,2746.079105,0.0,0.0105613000000032,142
0,[],22,[],2019-06-02 13:51:21,0.0,0,0,7726798,2019-06-02 13:51:21,,64.98618676,0.0,0,,787024755.3,0.0,0.0,143
0,[],22,[],2019-02-25 15:42:22,0.0,0,0,6783783,2019-02-25 15:42:22,,4.2131946,0.0,0,,2322156.0,0.0,0.0,146
,[],22,[],2018-11-20 23:01:11,0.0,0,0,4862114,2018-11-20 23:01:11,,2.56807021,0.0,,,61828.4988236,0.0,0.0,147
1,[],12,[],2019-04-21 06:38:04,193091.5971266,0.00000071,0.000000000037635183,7388679,2019-04-21 06:38:04,btc,2.301232411611175,0.0,0.00000071,btc,9957.48302385,0.00023528,0.0313308199999888,148
1,[],4,[],2019-03-19 21:31:25,255810.0415942,0.00000029,0.000000000011615747,6982695,2019-03-19 21:31:25,btc,218.94922712414143,0.0,0.00000029,btc,793529.37642722,0.00117,0.0608347789473395,152
0,[],22,[],2019-03-19 21:31:27,0.0,0,0,6982696,2019-03-19 21:31:27,,0.0,0.0,0,,0.0,0.0,0.0,152
1,[],5,[],2019-04-26 09:36:59,0.0,0,0,7465040,2019-04-26 09:36:59,btc,0.0,0.0,0,btc,0.0,0.0,0.0,153
,[],16,[],2019-01-11 15:38:59,0.0,0,0,6366141,2019-01-11 15:38:59,btc,0.0,0.0,,btc,0.0,0.0,0.0,155
0,[],23,[],2019-01-20 23:24:29,0.0,0,0,6476932,2019-01-20 23:24:29,,0.0,0.0,0,,0.0,0.0,0.0,156
0,[],22,[],2019-06-02 13:51:24,0.0,0,0,7726799,2019-06-02 13:51:24,,7.44455324,0.0,0,,5955762.942592593,0.0,0.0,156
1,[],22,[],2019-06-02 13:51:28,6996.0,0.00000001,0.000000000000866725,7726800,2019-06-02 13:51:28,BTC,1.7543039,0.0,0.00000001,BTC,57.0,0.0,6.996e-05,157
0,[],22,[],2019-05-21 23:40:32,0.0,0,0,7665049,2019-05-21 23:40:32,,50234.60468402,0.0,0,,54786159.03179465,0.0,0.0,158
,[],17,[],2018-11-20 22:56:10,0.0,0,0,4861976,2018-11-20 22:56:10,btc,1.1265625,0.0,,btc,1000.0,0.0,0.0,159
,[],20,[],2018-11-20 22:56:12,0.0,0,0,4861977,2018-11-20 22:56:12,btc,11912.7940471,0.0,,btc,34413894.3617,0.0,0.0,159
1,[],12,[],2019-05-24 02:51:20,9178.522006449999,0.00000191999999999999982841307998027158276954651228152215480804443359375,0.000000000151222656,7676256,2019-05-24 02:51:20,btc,149.80414728631675,0.0,0.00000191999999999999982841307998027158276954651228152215480804443359375,btc,1115.7451448499999,0.01783167678326,0.0120075778999181,168
1,[],17,[],2019-05-03 01:13:36,42852.0,0.00000002,0.000000000001096006,7559132,2019-05-03 01:13:36,btc,0.04279856251542,0.0,0.00000002,btc,274.46171372,0.0,0.00052852,168
1,[],22,[],2019-05-17 03:01:52,10.0,0.00000001,0.000000000000778341,7642059,2019-05-17 03:01:52,BTC,41.95893009,0.0,0.00000001,BTC,1753972.7737547632,0.0,1e-07,169
1,[],22,[],2019-05-30 08:38:18,202834.0,0.00000002,0.0000000000017416160000000001,7711049,2019-05-30 08:38:18,BTC,27.87002826,0.0,0.00000002,BTC,462189.5410507793,0.0,0.00211768,171
1,[],22,[],2019-05-29 08:05:18,349870.0,0.00000002,0.000000000001705894,7705265,2019-05-29 08:05:18,BTC,24.05907723,0.0,0.00000002,"BTC,LTC",1224285.4355616204,0.0,0.0039847,173
1,[],5,[],2019-06-02 13:51:29,0.0,0,0,7726801,2019-06-02 13:51:29,btc,0.0,0.00051119,0,btc,0.0,0.0,0.0,175
1,[],22,[],2019-06-02 13:51:33,90671.0,0.00000001,0.000000000000866725,7726802,2019-06-02 13:51:33,BTC,394.35459412,0.0,0.00000001,BTC,136275.61833431243,0.0,0.00090671,176
0,[],2,[],2019-01-20 23:28:34,0.0,0,0,6477001,2019-01-20 23:28:34,,0.0,0.0,0,,0.0,0.0,0.0,178
1,[],7,[],2019-06-02 13:51:34,0.0,0,0,7726803,2019-06-02 13:51:34,btc,522272.5137934946,2548.45154845,0,btc,21477346.91829112,2.548e-05,0.0,178
0,[],22,[],2019-06-02 13:51:36,0.0,0,0,7726804,2019-06-02 13:51:36,,1.00242428,0.0,0,,57512.0,0.0,0.0,178
1,[],5,[],2019-06-02 13:23:37,0.0,0,0,7726659,2019-06-02 13:23:37,btc,0.0,0.034155,0,btc,0.0,0.0,0.0,179
0,[],22,[],2019-06-02 13:23:40,0.0,0,0,7726660,2019-06-02 13:23:40,,5.3132485,0.0,0,,13258002.811946675,0.0,0.0,179
0,[],23,[],2019-01-20 23:25:08,0.0,0,0,6476952,2019-01-20 23:25:08,,0.0,0.0,0,,0.0,0.0,0.0,179
1,[],22,[],2019-06-02 13:53:40,681424.6642749348,0.00000107,0.000000000092739575,7726805,2019-06-02 13:53:40,BTC,39.19152827,0.0,0.00000107,"BTC,LTC",146539.44521066116,0.0016857,0.58087573,180
1,[],26,[],2019-06-02 13:53:40,0.0,0,0,7726806,2019-06-02 13:53:40,,0.0,0.0,0,,0.0,0.0,0.0,180
1,[],17,[],2019-05-03 01:13:56,20504.725000000002,0.0000001,0.00000000000548003,7559141,2019-05-03 01:13:56,btc,5.2010695838400265,0.0,0.0000001,btc,5033.45945,0.0,0.0011504725,180
,[],7,[],2018-11-20 22:58:01,562227.975654,0.00000085,0.000000000036176765,4862015,2018-11-20 22:58:01,btc,21836.6059674,2491.87645172,,btc,749999.041456,0.00211021,0.127565380455,183
,[],5,[],2019-01-10 08:11:41,0.0,0,0,6347036,2019-01-10 08:11:41,btc,82.15055501,0.00261,,btc,1.19002445,0.0,0.0,187
,[],17,[],2018-11-16 20:58:10,4062536.27273,0.00000001,0.000000000000550501,4708775,2018-11-16 20:58:10,btc,3.36492563466,0.195460381006,,"btc,eth",110697919.549,0.0,0.0157628953496,187
1,[],24,[],2019-05-22 21:04:52,0.0,0.000000000014,0.0000000000000010960978,7670219,2019-05-22 21:04:52,btc,0.0,0.0,0.000000000014,btc,0.0,0.0,0.0,187
0,[],22,[],2019-04-25 02:54:07,0.0,0,0,7447896,2019-04-25 02:54:07,,7.54794454,0.0,0,,76361.7243344055,0.0,0.0,191
0,[],22,[],2019-06-02 13:53:46,0.0,0,0,7726807,2019-06-02 13:53:46,,0.0,0.0,0,,0.0,0.0,0.0,197
0,[],23,[],2019-01-20 23:31:41,0.0,0,0,6477079,2019-01-20 23:31:41,,0.0,0.0,0,,0.0,0.0,0.0,199
0,[],22,[],2019-06-02 13:53:48,0.0,0,0,7726808,2019-06-02 13:53:48,,10.92270994,0.0,0,,98749032.0,0.0,0.0,199
1,[],26,[],2019-06-02 13:53:48,0.0,0,0,7726809,2019-06-02 13:53:48,,0.0,0.0,0,,0.0,0.0,0.0,199
0,[],2,[],2019-01-20 23:30:49,0.0,0,0,6477059,2019-01-20 23:30:49,,0.0,0.0,0,,0.0,0.0,0.0,201
1,[],4,[],2019-01-25 15:51:35,2084389.58565343,0.00000936,0.000000000333526752,6499557,2019-01-25 15:51:35,btc,2.0092503037378524,0.0,0.00000936,btc,160195.80207885,0.19272417,1.242687955921835,211
1,[],7,[],2019-06-02 13:54:11,1170196356.7039578,0.00000037,0.000000000032068825,7726810,2019-06-02 13:54:11,btc,15201832.890649451,0.0,0.00000037,btc,6674239.80091838,0.0,11.977918348061934,212
1,[],12,[],2019-01-25 02:44:32,207462.42853209,0.000001080000000000000035831255497387193287295303889550268650054931640625,0.000000000038610756000000006,6493050,2019-01-25 02:44:32,btc,85023.03793723314,0.0,0.000001080000000000000035831255497387193287295303889550268650054931640625,btc,43675.73520027,0.000146250909087,0.0348620860622024,213
1,[],5,[],2019-05-30 00:07:46,0.0,0,0,7709357,2019-05-30 00:07:46,btc,0.0,0.06425239,0,btc,0.0,0.0,0.0,213
1,[],24,[],2019-05-30 00:07:46,0.0,0.000000399202,0.0000000000344859829346,7709358,2019-05-30 00:07:46,btc,0.0,0.0,0.000000399202,btc,0.0,0.0,0.0,213
1,[],26,[],2019-05-30 00:07:47,0.0,0.00000040,0.000000000034554919999999996,7709359,2019-05-30 00:07:47,btc,0.0,0.0,0.00000040,btc,0.0,0.0,0.0,213
0,[],22,[],2019-06-02 13:25:56,0.0,0,0,7726667,2019-06-02 13:25:56,,9.61445386,0.0,0,,3661587.094064925,0.0,0.0,216
1,[],27,[],2019-06-02 13:26:01,193550.0,0.00000001,0.0000000000008803629999999999,7726668,2019-06-02 13:26:01,btc,88.91593967917753,1000.0,0.00000001,"btc,ltc",383585.407688,1e-05,0.001925500000001318,216
1,[],22,[],2019-06-02 13:54:14,721451.0,0.00000028,0.0000000000242683,7726811,2019-06-02 13:54:14,BTC,12056.47460377,0.0,0.00000028,BTC,516928.6446520223,0.00105972,0.05452579,217
1,[],7,[],2019-06-02 13:54:16,0.0,0,0,7726812,2019-06-02 13:54:16,btc,1234864.1040716618,0.0,0,btc,164001712.13147992,0.0,0.0,219
0,[],27,[],2019-06-02 13:54:22,0.0,0,0,7726813,2019-06-02 13:54:22,,261.4083746267132,0.0,0,btc,15454258.74381025,0.0,0.0,219
0,[],28,[],2019-06-02 13:55:39,0.0,0,0,7726814,2019-06-02 13:55:39,,0.0,12152.0,0,,0.0,0.0,0.0,219
1,[],22,[],2019-05-23 16:41:05,172069.0,0.00000004,0.0000000000031167080000000004,7674065,2019-05-23 16:41:05,BTC,56.76466137,0.0,0.00000004,BTC,127061.6482738741,0.0,0.00393676,221
1,[],24,[],2019-05-23 16:41:05,0.0,0.000000010000,0.0000000000007791770000000001,7674066,2019-05-23 16:41:05,btc,0.0,0.0,0.000000010000,btc,0.0,0.0,0.0,221
1,[],20,[],2019-06-02 13:55:40,8067115.7425,0.000000001,0.0000000000000866725,7726815,2019-06-02 13:55:40,btc,100052.67496391124,3122457.415,0.000000001,btc,45763007.2757,0.0035894945725,0.0080671157425,224
0,[],22,[],2019-06-02 13:55:43,0.0,0,0,7726816,2019-06-02 13:55:43,,0.0,0.0,0,,0.0,0.0,0.0,224
1,[],26,[],2019-06-02 13:26:18,0.0,0,0,7726675,2019-06-02 13:26:18,,0.0,0.0,0,,0.0,0.0,0.0,231
1,[],26,[],2019-06-02 13:55:43,0.0,0,0,7726817,2019-06-02 13:55:43,,0.0,0.0,0,,0.0,0.0,0.0,234
0.00000000030917940000000003,[],27,[],2019-06-02 13:55:51,100.0,3.0917940000000002e-18,2.67973515465e-22,7726818,2019-06-02 13:55:51,eth,0.01134836604,0.0,0.00000001,"btc,eth",11462.996,0.0,3.0917940000000004e-16,234
1,[],4,[],2019-05-22 17:06:12,91780.56053785,0.00000078,0.000000000061977552,7669277,2019-05-22 17:06:12,btc,5.573372450018177,0.0,0.00000078,btc,729173.93529783,0.0,0.0307060663355679,236
1,[],24,[],2019-05-22 17:06:12,0.0,0.000000010000,0.000000000000794584,7669278,2019-05-22 17:06:12,btc,0.0,0.0,0.000000010000,btc,0.0,0.0,0.0,236
1,[],5,[],2019-06-02 13:26:27,0.0,0,0,7726678,2019-06-02 13:26:27,btc,0.0,0.25514952,0,btc,0.0,0.0,0.0,237
1,[],20,[],2019-06-02 13:26:29,117845017.0719,0.000000043,0.0000000000037855608999999996,7726679,2019-06-02 13:26:29,btc,522.7597767140254,14290888.3637,0.000000043,btc,43389945.7404,0.6263693045729,0.4205651474747,237
1,[],22,[],2019-06-02 13:26:33,288100.0,0.00000003,0.000000000002641089,7726680,2019-06-02 13:26:33,BTC,1.20267422,0.0,0.00000003,"BTC,LTC",17930.94871794872,0.0,0.007541,237
1,[],4,[],2019-06-02 13:55:51,26960305.09865743,0.00000011,0.000000000009533975,7726819,2019-06-02 13:55:51,btc,2.8019543216654523,0.0,0.00000011,btc,9544274.55636637,0.05082355,0.5333500347512768,238
1,[],5,[],2019-06-02 13:55:54,0.0,0,0,7726820,2019-06-02 13:55:54,btc,0.0,0.00057941,0,btc,0.0,0.0,0.0,238
0,[],22,[],2019-03-12 16:49:32,0.0,0,0,6914458,2019-03-12 16:49:32,,0.40415746,0.0,0,,526736.5639027493,0.0,0.0,249
0,[],22,[],2019-05-28 23:53:45,0.0,0,0,7703643,2019-05-28 23:53:45,,13.44714864,0.0,0,,43777534.3426455,0.0,0.0,252
0,[],28,[],2019-06-02 13:26:38,0.0,0,0,7726683,2019-06-02 13:26:38,,0.0,655050.6115,0,,0.0,0.0,0.0,256
1,[],22,[],2019-06-02 13:55:59,1021960.0,0.00000001,0.000000000000866725,7726821,2019-06-02 13:55:59,BTC,31464.5506333,0.0,0.00000001,BTC,584951.6675322719,0.0,0.0102196,258
1,[],22,[],2019-05-19 18:12:02,400.0,0.00000001,0.0000000000007957800000000001,7653905,2019-05-19 18:12:02,BTC,2.415167,0.0,0.00000001,BTC,157.0,0.0,4e-06,259
1,[],20,[],2019-06-02 13:26:44,958646.4834,0.000000165,0.000000000014525989499999999,7726686,2019-06-02 13:26:44,btc,0.9760774832195,7655.6255,0.000000165,btc,51736.5911,0.00444026279,0.0080637772285,264
1,[],5,[],2019-06-02 13:56:00,0.0,0,0,7726822,2019-06-02 13:56:00,btc,0.0,0.05934894,0,btc,0.0,0.0,0.0,264
0,[],22,[],2019-04-12 17:57:27,0.0,0,0,7278186,2019-04-12 17:57:27,,66.37522201,0.0,0,,677842.4169881374,0.0,0.0,271
0,[],22,[],2019-05-29 08:10:20,0.0,0,0,7705301,2019-05-29 08:10:20,,33050470.74998113,0.0,0,,14361377780.7,0.0,0.0,272
0,[],28,[],2019-05-29 08:10:54,0.0,0,0,7705302,2019-05-29 08:10:54,,0.0,22189957216.5758,0,,0.0,0.0,0.0,272
1,[],22,[],2019-05-23 07:12:29,219930.0,0.00000004,0.000000000003048688,7671985,2019-05-23 07:12:29,BTC,426.77835217,0.0,0.00000004,BTC,248664.3325962929,0.0,0.00739728,281
1,[],22,[],2019-06-02 13:56:06,376252.68333333335,0.00000004,0.0000000000034669,7726823,2019-06-02 13:56:06,BTC,31.67387605,0.0,0.00000004,"BTC,LTC",1521207.4569583754,0.00189544,0.01579378,286
0,[],22,[],2019-06-02 13:56:09,0.0,0,0,7726824,2019-06-02 13:56:09,,7337904.96568486,0.0,0,,2004620112.6797826,0.0,0.0,294
