pairValue,buyBook,exchangeId,sellBook,updated,buyTotal,satoshiPrice,usdPrice,exchangeLogId,created,bestPair,sellTotalBtc,volume,pairPrice,activePairs,sellTotal,volumeBtc,buyTotalBtc,coinId
1,[],3,[],2019-03-12 07:39:30,30544.01985404291,0.01260956000000000055971671741872341954149305820465087890625,0.0000004845425182960001,6910365,2019-03-12 07:39:30,btc,61.14426874430676,0.183407853017,0.01260956000000000055971671741872341954149305820465087890625,btc,27.640356546429,0.0,0.29863891688260996,1
1,[],4,[],2019-03-12 07:39:31,207745.27489398,0.01261355,0.00000048469584043,6910366,2019-03-12 07:39:31,btc,10.502951673233614,0.0,0.01261355,btc,367.01852102,0.90850083,1.0248371690322742,1
1,[],5,[],2019-03-12 07:39:34,0.0,0,0,6910367,2019-03-12 07:39:34,btc,0.0,0.01486773,0,btc,0.0,0.0,0.0,1
1,[],10,[],2019-03-12 07:39:36,413758.46610751,0.0104282,0.00000040072027012,6910368,2019-03-12 07:39:36,btc,6522.444238813247,1260.19161243,0.0104282,btc,1131.42278407,0.0,4.508815194954603,1
1,[],12,[],2019-03-12 07:39:39,94.98035016,0.01256999999999999957644991610550277982838451862335205078125,0.000000483022362,6910369,2019-03-12 07:39:39,btc,0.2876824766724,0.0,0.01256999999999999957644991610550277982838451862335205078125,btc,21.56886356,0.0853334843013,0.2049480577964,1
1,[],20,[],2019-03-12 07:39:40,1152.4727,0.01050023,0.000000403488138118,6910370,2019-03-12 07:39:40,btc,0.0534287235973,0.0234,0.01050023,btc,2.3637,0.0002924953786,0.0959654646971,1
1,[],21,[],2019-03-12 07:39:41,1712.19926642,0.01265042000000000076143091832,0.0000004861126291720001,6910371,2019-03-12 07:39:41,btc,19.945101804851667,5061.77908002,0.01265042000000000076143091831681886105798184871673583984375,"btc,eth",1989.81559797,42.69353863272589,15.804585002038731,1
1,[],22,[],2019-03-12 07:39:46,0.0059712,0.01250000,0.0000004803325,6910372,2019-03-12 07:39:46,BTC,0.31439419,0.0,0.01250000,BTC,0.12751438772928525,0.0,7.464e-05,1
1,[],24,[],2019-03-12 07:39:47,0.0,0.000000000000,0,6910373,2019-03-12 07:39:47,btc,0.0,0.0,0.000000000000,btc,0.0,0.0,0.0,1
0.0,[],25,[],2019-03-12 07:39:48,0.0,0,0,6910374,2019-03-12 07:39:48,btc,13.780199998905212,495.77076147,0.0,btc,1056.94509481,6.2884,0.0,1
1,[],26,[],2019-03-12 07:39:57,0.0,0,0,6910375,2019-03-12 07:39:57,,0.0,0.0,0,,0.0,0.0,0.0,1
1,[],28,[],2019-03-12 07:39:59,992.9,0.01231000,0.000000473031446,6910376,2019-03-12 07:39:59,btc,0.147901439075,14158.3,0.01231000,btc,7.9421,0.0,0.086101096,1
0,[],2,[],2019-01-20 23:28:45,0.0,0,0,6477011,2019-01-20 23:28:45,,0.0,0.0,0,,0.0,0.0,0.0,1
1,[],5,[],2019-03-12 07:40:01,0.0,0,0,6910377,2019-03-12 07:40:01,btc,0.0,0.08813957,0,btc,0.0,0.0,0.0,2
0.00000000012566880000000002,[],22,[],2019-03-12 07:40:07,1148.0,1.3823568000000002e-16,5.311927181088001e-21,6910378,2019-03-12 07:40:07,XMR,21.01373823,0.0,0.00000110,XMR,14319.12581,0.0,0.00087635,2
1,[],5,[],2019-03-12 07:40:09,0.0,0,0,6910379,2019-03-12 07:40:09,btc,0.0,0.79519339,0,btc,0.0,0.0,0.0,3
1,[],12,[],2019-03-12 07:40:11,1934791.7827776,0.000000176,0.0000000000067630816,6910380,2019-03-12 07:40:11,btc,22810.46913420706,0.0,0.000000176,btc,1080144.6173826,0.0049081195881918,0.2808726428596776,3
0,[],28,[],2019-03-12 07:40:17,0.0,0,0,6910381,2019-03-12 07:40:17,,0.0,0.0,0,,0.0,0.0,0.0,3
0,[],2,[],2019-01-20 23:31:32,0.0,0,0,6477077,2019-01-20 23:31:32,,0.0,0.0,0,,0.0,0.0,0.0,4
1,[],4,[],2019-03-09 19:03:36,394362.28616607,0.00000032,0.000000000012569280000000001,6889097,2019-03-09 19:03:36,btc,32.15548375957025,0.0,0.00000032,btc,707361.31512647,0.00109114,0.0476374485302292,4
1,[],12,[],2019-03-12 07:40:18,437700.0,0.00000002,0.000000000000768532,6910382,2019-03-12 07:40:18,btc,1111742.15395952,0.0,0.00000002,btc,717452.0,0.0031458,0.00521374,5
0,[],2,[],2019-01-20 23:31:51,0.0,0,0,6477087,2019-01-20 23:31:51,,0.0,0.0,0,,0.0,0.0,0.0,6
1,[],11,[],2019-03-12 07:40:20,4526564.39882,0.00000002,0.000000000000768532,6910383,2019-03-12 07:40:20,btc,9568.15025551299,176075.3959,0.00000002,btc,42656447.275313936,0.0,0.057470231334200005,6
1,[],3,[],2019-03-12 07:40:21,1100.796805377558,0.000154759999999999988719301402539940681890584528446197509765625,0.000000005946900615999999,6910384,2019-03-12 07:40:21,btc,29.634085403952064,0.0,0.000154759999999999988719301402539940681890584528446197509765625,btc,239.122414578101,0.0,0.036401067445587826,7
1,[],4,[],2019-03-12 07:40:22,92105.70612512,0.00023001,0.000000008838502266,6910385,2019-03-12 07:40:22,btc,9.570098222592561,0.0,0.00023001,btc,31973.00416326,6.66556167,5.128489057687699,7
1,[],5,[],2019-03-12 07:40:24,0.0,0,0,6910386,2019-03-12 07:40:24,btc,0.0,0.98458724,0,btc,0.0,0.0,0.0,7
1,[],20,[],2019-02-20 02:16:17,39399275.8418,0.000000001,0.0000000000000390183,6728586,2019-02-20 02:16:17,btc,116.9737569154545,525.0,0.000000001,btc,56932965.8895,5.25e-07,0.0393992758418,8
0,[],2,[],2019-01-20 23:22:42,0.0,0,0,6476876,2019-01-20 23:22:42,,0.0,0.0,0,,0.0,0.0,0.0,9
0,[],23,[],2019-01-20 23:22:48,0.0,0,0,6476878,2019-01-20 23:22:48,,0.0,0.0,0,,0.0,0.0,0.0,9
1,[],4,[],2019-03-12 07:40:28,1201158.27887431,0.00000144,0.000000000055334304,6910387,2019-03-12 07:40:28,btc,5.130313142765528,0.0,0.00000144,btc,2679986.19584791,1.36454255,0.8881156604370432,9
1,[],28,[],2019-03-12 07:40:29,27353.0,0.00000159,0.000000000061098294,6910388,2019-03-12 07:40:29,btc,2708.770107851883,2983055.04,0.00000159,btc,17176.9197,0.0,0.0163195,9
1,[],1,[],2019-02-17 23:31:42,1822507.21,0.00000181000000000000003456111265232042484285557293333113193511962890625,0.000000000066086901,6701244,2019-02-17 23:31:42,btc,3.6990969245,17153386.5,0.00000181000000000000003456111265232042484285557293333113193511962890625,btc,1997391.71,31.11772986,3.2610482446,9
1,[],4,[],2019-02-17 11:22:43,4341674.27126056,0.00000002,0.0000000000007272960000000001,6696112,2019-02-17 11:22:43,btc,0.1997230937751353,0.0,0.00000002,btc,4109766.79808031,0.00215132,0.0479381022052112,10
0,[],2,[],2019-01-20 23:23:08,0.0,0,0,6476890,2019-01-20 23:23:08,,0.0,0.0,0,,0.0,0.0,0.0,12
1,[],4,[],2019-03-12 07:40:30,5610880.40824964,0.00000122,0.000000000046880452,6910389,2019-03-12 07:40:30,btc,8.333480343178644,0.0,0.00000122,btc,4707121.77716363,1.45117509,3.1298250759436725,12
1,[],5,[],2019-03-12 07:40:32,0.0,0,0,6910390,2019-03-12 07:40:32,btc,0.0,0.0896492,0,btc,0.0,0.0,0.0,12
0.0,[],25,[],2019-03-12 07:40:33,0.0,0,0,6910391,2019-03-12 07:40:33,,0.0,0.0,0.0,btc,0.0,0.0,0.0,12
1,[],4,[],2019-03-12 07:40:35,32110157.0218761,0.00000604,0.000000000232096664,6910392,2019-03-12 07:40:35,btc,2.7762060426503883,0.0,0.00000604,btc,365763.92659573,0.78071207,1.7595026894125732,13
1,[],21,[],2019-03-12 07:40:38,1486858.71689022,0.000006029999999999999864773968239,0.000000000231712398,6910393,2019-03-12 07:40:38,btc,5.737021149556912,1724272.46159461,0.000006029999999999999864773968238917944972854456864297389984130859375,btc,859761.71595379,10.49274824,8.385589038721232,13
1,[],10,[],2019-03-12 06:50:45,437228.91069891,0.000006,0.0000000002301144,6910185,2019-03-12 06:50:45,btc,666802.288259966,14508.3009605,0.000006,btc,711883.40613031,0.0,0.2573992751600305,13
0,[],17,[],2019-03-12 06:38:19,0.0,0,0,6910001,2019-03-12 06:38:19,btc,0.0,0.0,0,btc,0.0,0.0,0.0,14
1,[],4,[],2019-03-12 07:40:40,723156.57316458,0.00000130,0.00000000004995458,6910394,2019-03-12 07:40:40,btc,5.908477491158462,0.0,0.00000130,btc,866904.62638957,0.00176288,0.1385583722530094,14
1,[],26,[],2019-03-12 07:42:51,0.0,0.00000050,0.0000000000192133,6910395,2019-03-12 07:42:51,btc,0.0,0.0,0.00000050,btc,0.0,0.0,0.0,14
1,[],12,[],2019-03-12 06:50:49,269274.0,0.000001300000000000000047051663780439678674838432925753295421600341796875,0.000000000049858120000000003,6910188,2019-03-12 06:50:49,btc,0.0535964010235907,0.0,0.000001300000000000000047051663780439678674838432925753295421600341796875,btc,8932.48329661,0.0,0.02352964,14
,[],12,[],2018-12-01 15:15:48,204241.84496,0.00000489,0.000000000202473384,5260204,2018-12-01 15:15:48,btc,49.5475654835,0.0,,btc,35763.2193806,0.0163153972027625,0.0203389899998,15
0,[],4,[],2019-03-12 07:42:51,0.0,0,0,6910396,2019-03-12 07:42:51,,0.0,0.0,0,,0.0,0.0,0.0,15
0,[],2,[],2019-01-20 23:23:38,0.0,0,0,6476906,2019-01-20 23:23:38,,0.0,0.0,0,,0.0,0.0,0.0,18
1,[],4,[],2019-03-12 07:42:53,35746.57636059,0.00001703,0.000000000654404998,6910397,2019-03-12 07:42:53,btc,4.180820012405412,0.0,0.00001703,btc,18181.57918426,0.01403903,0.1347933214455843,18
1,[],10,[],2019-03-12 07:42:54,781537.23444312,0.00001711,0.000000000657479126,6910398,2019-03-12 07:42:54,btc,15.406883413107268,1795.85648366,0.00001711,btc,13302.36440746,0.0,0.1099822038748097,18
1,[],12,[],2019-03-12 07:42:56,316518.53924858,0.0000162699999999999983849550966308328270315541885793209075927734375,0.0000000006252007819999999,6910399,2019-03-12 07:42:56,btc,33214.72598492673,0.0,0.0000162699999999999983849550966308328270315541885793209075927734375,btc,757.70179338,0.0229657774646118,0.0436972432106374,18
0,[],17,[],2019-03-12 07:43:07,0.0,0,0,6910400,2019-03-12 07:43:07,btc,0.0,0.0,0,btc,0.0,0.0,0.0,18
0,[],2,[],2019-01-20 23:24:19,0.0,0,0,6476924,2019-01-20 23:24:19,,0.0,0.0,0,,0.0,0.0,0.0,19
1,[],3,[],2019-03-12 07:43:08,117256.73730964579,0.00001805000000000000167136270101675421528852893970906734466552734375,0.00000000069360013,6910401,2019-03-12 07:43:08,btc,0.653800172806976,50.5,0.00001805000000000000167136270101675421528852893970906734466552734375,btc,14518.539765764084,0.0,0.015280475298789876,19
1,[],4,[],2019-03-12 07:43:09,223697.78434858,0.00001984,0.000000000762383744,6910402,2019-03-12 07:43:09,btc,2.5080675144291917,0.0,0.00001984,btc,86218.62971128,0.9373344,2.2737225589804706,19
1,[],5,[],2019-03-12 07:43:10,0.0,0,0,6910403,2019-03-12 07:43:10,btc,0.0,0.00288978,0,btc,0.0,0.0,0.0,19
1,[],12,[],2019-03-12 07:43:10,192298.37043686,0.0000167100000000000009484947549598388150116079486906528472900390625,0.000000000642108486,6910404,2019-03-12 07:43:10,btc,0.1990179846134755,0.0,0.0000167100000000000009484947549598388150116079486906528472900390625,btc,389.56600524,0.0,0.0409924599999306,19
0,[],27,[],2019-03-12 07:43:13,0.0,0,0,6910405,2019-03-12 07:43:13,,0.0,0.0,0,btc,0.0,0.0,0.0,19
1,[],4,[],2019-03-12 07:43:13,2768800.98210011,0.00000012,0.000000000004611192,6910406,2019-03-12 07:43:13,btc,7.3883038778920955,0.0,0.00000012,btc,2888450.60266467,0.00023941,0.0766287845231285,20
1,[],4,[],2019-03-12 07:43:14,103671191.22647026,0.00000002,0.000000000000768532,6910407,2019-03-12 07:43:14,btc,1899.634560482631,0.0,0.00000002,btc,54060427.3328267,0.0009,1.1591642676500455,21
1,[],12,[],2019-03-12 07:43:16,1375286.0,0.00000001,0.000000000000384266,6910408,2019-03-12 07:43:16,btc,1247.5321035092009,0.0,0.00000001,btc,2589651.9600399598,0.0021991808191808,0.01375286,21
0,[],17,[],2019-03-12 07:43:27,0.0,0,0,6910409,2019-03-12 07:43:27,btc,0.0,0.0,0,btc,0.0,0.0,0.0,21
1,[],12,[],2019-03-12 07:43:29,2530253419.0,0.0000000001,0.00000000000000384266,6910410,2019-03-12 07:43:29,btc,1933716.2141647327,0.0,0.0000000001,btc,1735158281.3130758,0.000720978298301702,0.25302534190000003,23
0,[],27,[],2019-03-12 07:43:30,0.0,0,0,6910411,2019-03-12 07:43:30,,13.823034242813412,0.0,0,eth,4620333.31314486,0.0,0.0,23
1,[],4,[],2019-03-12 07:43:31,626326.80697144,0.00000041,0.000000000015754906,6910412,2019-03-12 07:43:31,btc,9.646565531756389,0.0,0.00000041,btc,1618377.49060066,0.00728667,0.1506837726314528,24
1,[],22,[],2019-03-12 07:43:35,11.76,0.00000100,0.0000000000384266,6910413,2019-03-12 07:43:35,BTC,7.415e-05,0.0,0.00000100,BTC,23.919354838709676,0.0,1.176e-05,24
0.0,[],25,[],2019-03-12 07:43:37,0.0,0,0,6910414,2019-03-12 07:43:37,,0.0,0.0,0.0,btc,0.0,0.0,0.0,24
0,[],2,[],2019-01-20 23:25:56,0.0,0,0,6476976,2019-01-20 23:25:56,,0.0,0.0,0,,0.0,0.0,0.0,26
1,[],4,[],2019-03-12 07:43:38,26578236.93888014,0.00000616,0.000000000236707856,6910415,2019-03-12 07:43:38,btc,66.48204836716098,0.0,0.00000616,btc,245575.18341935,0.1651699,0.4428614501754362,26
1,[],10,[],2019-03-12 07:43:40,686215.85585051,0.000006,0.0000000002305596,6910416,2019-03-12 07:43:40,btc,26.132570511526666,4536.37582269,0.000006,btc,14872.76184422,0.0,0.2143620036407484,26
1,[],3,[],2019-03-12 07:43:42,8415347.59501412,0.00000001,0.000000000000384266,6910417,2019-03-12 07:43:42,btc,2.03333144168914,1063731.79301,0.00000001,btc,14257101.26415216,0.0,0.0841534759501412,27
1,[],5,[],2019-03-12 07:43:43,0.0,0,0,6910418,2019-03-12 07:43:43,btc,0.0,0.00025113,0,btc,0.0,0.0,0.0,27
1,[],11,[],2019-03-12 07:43:45,9461840.38103613,0.00000005,0.00000000000192133,6910419,2019-03-12 07:43:45,btc,67506.32843704063,170.63047893,0.00000005,btc,7972152.75036371,0.0,0.44099231334143857,27
1,[],4,[],2019-03-12 07:43:46,2141095131.7099438,0.00000001,0.000000000000384266,6910420,2019-03-12 07:43:46,btc,5.539934510076458,0.0,0.00000001,"btc,ltc",344955470.0011183,0.62631645,9.60995003873166,29
1,[],7,[],2019-03-12 07:43:48,35581749.56675456,0.00000001,0.000000000000384266,6910421,2019-03-12 07:43:48,btc,44461616.56192464,3949.62537462,0.00000001,btc,46656529.65878781,7.899e-05,0.35581749566754556,29
1,[],4,[],2019-03-12 07:43:49,1461307.16124999,0.00000021,0.000000000008069586,6910422,2019-03-12 07:43:49,btc,2.645746042851596,0.0,0.00000021,btc,2013833.7340314,0.03677928,0.0770887134599985,30
0,[],17,[],2019-03-12 07:43:51,0.0,0,0,6910423,2019-03-12 07:43:51,btc,0.0,0.0,0,btc,0.0,0.0,0.0,30
1,[],4,[],2019-03-12 07:43:52,187426.67153392,0.00005453,0.000000002095402498,6910424,2019-03-12 07:43:52,btc,9.869514211563757,0.0,0.00005453,btc,126144.26108427,1.25974413,2.044711699257498,31
1,[],21,[],2019-03-12 07:43:53,67857.28154709,0.00005476999999999999907797712528,0.000000002104624882,6910425,2019-03-12 07:43:53,btc,4.043717103913922,228484.40273566,0.0000547699999999999990779771252835672612491180188953876495361328125,btc,66930.95116765,12.59817554,3.4896767329409744,31
0,[],2,[],2019-01-20 23:28:43,0.0,0,0,6477009,2019-01-20 23:28:43,,0.0,0.0,0,,0.0,0.0,0.0,32
1,[],4,[],2019-03-12 07:43:53,523893058.4959635,0.00000004,0.000000000001537064,6910426,2019-03-12 07:43:53,btc,9.485513993103144,0.0,0.00000004,"btc,ltc",184420028.354939,0.58549226,10.638807680881783,33
1,[],12,[],2019-03-12 07:43:54,25725097.964,0.00000004,0.000000000001537064,6910427,2019-03-12 07:43:54,btc,2222986.750642843,0.0,0.00000004,btc,17947549.056943,0.000720797642238,0.59612129892,33
1,[],4,[],2019-03-12 07:43:55,111006003.89421807,0.00000001,0.000000000000384266,6910428,2019-03-12 07:43:55,btc,3.3838306494798576,0.0,0.00000001,btc,97313478.7113699,0.02142921,1.1100600389421806,34
1,[],5,[],2019-03-12 07:43:56,0.0,0,0,6910429,2019-03-12 07:43:56,btc,0.0,0.04173335,0,btc,0.0,0.0,0.0,34
0.0000000001400094,[],4,[],2019-03-12 07:43:57,4010059109.3910127,1.400094e-18,5.38008521004e-23,6910430,2019-03-12 07:43:57,ltc,4.294722109590814e-08,0.0,0.00000001,ltc,6101454836.999744,0.0,5.6144596987037004e-09,36
1,[],5,[],2019-03-12 07:43:58,0.0,0,0,6910431,2019-03-12 07:43:58,btc,0.0,1e-06,0,btc,0.0,0.0,0.0,36
0,[],17,[],2019-03-12 07:43:59,0.0,0,0,6910432,2019-03-12 07:43:59,btc,0.0746458232965017,0.0,0,btc,4103573.70243647,0.0,0.0,36
0.0000000003397793,[],27,[],2019-03-12 07:44:02,1088163.16325,3.3977930000000005e-18,1.3056563249380002e-22,6910433,2019-03-12 07:44:02,eth,222.5593908357632,0.0,0.00000001,"ltc,eth",11165406.63658689,0.0,1.6498651269487072e-12,36
1,[],4,[],2019-03-12 07:44:02,214994.54984864,0.00000059,0.000000000022671694,6910434,2019-03-12 07:44:02,btc,19772.477169423237,0.0,0.00000059,btc,556251.12148199,0.01366153,0.0893819962071208,37
1,[],12,[],2019-03-12 07:44:05,490443.03758122,0.00000062,0.000000000023824492,6910435,2019-03-12 07:44:05,btc,20.35661568349812,0.0,0.00000062,btc,424492.2001317,0.089684608010504,0.16157623789334039,37
1,[],17,[],2019-03-12 07:44:06,1752.74075282,0.00000025,0.00000000000960665,6910436,2019-03-12 07:44:06,btc,0.055484923777095005,0.0,0.00000025,btc,1319.19918473,0.0,0.00043818518820499993,37
1,[],27,[],2019-03-12 07:44:08,14685.567,0.00000045,0.00000000001729197,6910437,2019-03-12 07:44:08,btc,24.25536383611233,0.0,0.00000045,btc,6518.38138508,0.0,0.00480032515,37
1,[],5,[],2019-03-12 07:44:10,0.0,0,0,6910438,2019-03-12 07:44:10,btc,0.0,0.11242931,0,btc,0.0,0.0,0.0,42
1,[],12,[],2019-03-12 07:44:11,255216.15493229,0.00000101000000000000007076262319161141789436442195437848567962646484375,0.000000000038810866,6910439,2019-03-12 07:44:11,btc,5.375497615642012,0.0,0.00000101000000000000007076262319161141789436442195437848567962646484375,btc,31161.42108143,0.0946879225430942,0.0193754398224886,42
0.0000000003397793,[],27,[],2019-03-12 07:44:14,2000.0,3.3977930000000005e-18,1.3056563249380002e-22,6910440,2019-03-12 07:44:14,eth,0.00315028,0.0,0.00000001,"btc,eth",11.007,0.0,6.795586000000001e-15,42
1,[],5,[],2019-03-12 07:44:17,0.0,0,0,6910441,2019-03-12 07:44:17,btc,0.0,0.0,0,btc,0.0,0.0,0.0,43
1,[],12,[],2019-03-12 07:44:18,1621233.0,0.00000001,0.000000000000384266,6910442,2019-03-12 07:44:18,btc,29044.002897316663,0.0,0.00000001,btc,5967641.83316684,1.4985014986e-06,0.01621233,43
0,[],17,[],2019-03-12 07:44:30,0.0,0,0,6910443,2019-03-12 07:44:30,btc,0.0,0.0,0,btc,0.0,0.0,0.0,43
1,[],12,[],2019-03-05 01:54:08,639326.02,0.00000004,0.000000000001486676,6845775,2019-03-05 01:54:08,btc,11116042.728239931,0.0,0.00000004,btc,1103841.4595604,0.0003330765234764,0.014975410599999999,44
1,[],4,[],2019-03-12 07:44:31,299753090.9995947,0.00000002,0.000000000000768532,6910444,2019-03-12 07:44:31,btc,942.4160111253825,0.0,0.00000002,"btc,ltc",16665668.47768139,0.01130652,0.3035353367826342,49
0.0000000001400094,[],4,[],2019-03-12 07:44:31,481004426.206,1.400094e-18,5.38008521004e-23,6910445,2019-03-12 07:44:31,ltc,25.86629955390996,0.0,0.00000001,ltc,10684591006.473389,0.0,6.734514111044634e-10,52
0.00000000012566880000000002,[],22,[],2019-03-12 07:44:34,80645562.0,1.2566880000000001e-18,4.8290247100800005e-23,6910446,2019-03-12 07:44:34,XMR,4368.67077283,0.0,0.00000001,XMR,279827473.5359664,0.0,0.80645562,57
0.0000000003397793,[],27,[],2019-03-12 07:44:38,2000.0,3.3977930000000005e-18,1.3056563249380002e-22,6910447,2019-03-12 07:44:38,eth,0.0,0.0,0.00000001,"btc,eth",0.0,0.0,6.795586000000001e-15,57
0.0000000001400094,[],4,[],2019-03-12 07:44:39,482649089.30196166,2.800188e-18,1.076017042008e-22,6910448,2019-03-12 07:44:39,ltc,18.657415886013997,0.0,0.00000002,ltc,4773186074.050395,0.0,8.372016956801569e-10,58
1,[],12,[],2019-03-12 07:44:40,1224817896.0,0.0000000003,0.00000000000001152798,6910449,2019-03-12 07:44:40,btc,4023018.818417247,0.0,0.0000000003,btc,1666485845.5234764,0.06511774241408592,0.3151664929,58
0,[],17,[],2019-03-12 07:44:41,0.0,0,0,6910450,2019-03-12 07:44:41,btc,1e+24,0.0,0,btc,49306342.21952568,0.0,0.0,58
0.00000000012566880000000002,[],22,[],2019-03-12 07:46:42,137438.0,1.2566880000000001e-18,4.8290247100800005e-23,6910451,2019-03-12 07:46:42,XMR,69.8835922,0.0,0.00000001,XMR,9887963.0,0.0,0.00137438,58
1,[],5,[],2019-03-12 07:46:44,0.0,0,0,6910452,2019-03-12 07:46:44,btc,0.0,0.01452559,0,btc,0.0,0.0,0.0,61
1,[],22,[],2019-03-12 07:46:47,13757.0,0.00000012,0.000000000004611192,6910453,2019-03-12 07:46:47,BTC,1002.2960049,0.0,0.00000012,BTC,14976.68361146909,0.0,0.00154987,61
1,[],26,[],2019-03-12 07:46:47,0.0,0.00000800,0.0000000003074128,6910454,2019-03-12 07:46:47,btc,0.0,0.0,0.00000800,btc,0.0,0.0,0.0,61
1,[],27,[],2019-03-12 07:46:49,4411.22008,0.00000047,0.000000000018060502,6910455,2019-03-12 07:46:49,btc,2.8990263703141324,0.0,0.00000047,"btc,eth",19485.01257617,0.0,0.001243759959457946,61
1,[],28,[],2019-03-12 07:46:56,13880.304,0.0000005,0.0000000000192133,6910456,2019-03-12 07:46:56,btc,2.056312978300105,650.0,0.0000005,btc,9730.59500005,0.0,0.00566391304,61
1,[],4,[],2019-03-12 07:46:57,1272080.1953254,0.00000200,0.0000000000768532,6910457,2019-03-12 07:46:57,btc,9.199982872877099,0.0,0.00000200,btc,798656.09634292,0.0503867,0.9486651212599957,67
0.0,[],25,[],2019-03-12 07:46:58,0.0,0,0,6910458,2019-03-12 07:46:58,,0.0,0.0,0.0,btc,0.0,0.0,0.0,67
1,[],12,[],2019-03-12 07:47:00,3074648.47611486,0.00000017,0.000000000006532521999999999,6910459,2019-03-12 07:47:00,btc,1111115.011608265,0.0,0.00000017,btc,951467.54830351,0.0861372037158501,0.1428054150629989,71
,[],5,[],2018-11-20 23:02:39,1.5e-07,0.00000005,0.000000000002128045,4862160,2018-11-20 23:02:39,btc,2.84511358,0.0,,btc,0.00036572,0.0,0.07381892,74
1,[],5,[],2019-03-12 07:47:02,0.0,0,0,6910460,2019-03-12 07:47:02,btc,0.0,0.0,0,btc,0.0,0.0,0.0,75
0,[],20,[],2019-01-25 09:30:31,0.0,0,0,6495923,2019-01-25 09:30:31,btc,0.0,0.0,0,btc,0.0,0.0,0.0,81
1,[],4,[],2019-03-12 07:47:03,13132756.89824166,0.00000001,0.000000000000384266,6910461,2019-03-12 07:47:03,btc,11388.984771024567,0.0,0.00000001,btc,39980793.51032191,0.00077355,0.1313275689824166,81
1,[],4,[],2019-03-12 07:47:04,24804.33385196,0.00007218,0.000000002773631988,6910462,2019-03-12 07:47:04,btc,18.145248130253652,0.0,0.00007218,btc,12621.58334257,0.05833839,0.1568411449880692,82
1,[],21,[],2019-03-12 07:47:05,767135.9407449301,0.00007197999999999999862741739687,0.000000002765946668,6910463,2019-03-12 07:47:05,btc,3.5274722556424303,10973.26998178,0.00007197999999999999862741739686811115461750887334346771240234375,btc,42496.35646809,0.81111192,3.003889918202148,82
0,[],17,[],2019-03-12 04:40:06,0.0,0,0,6909511,2019-03-12 04:40:06,btc,0.0447233088476774,0.0,0,btc,999127.19588126,0.0,0.0,84
0.0000000001400094,[],4,[],2019-03-12 07:47:16,184598397.0622367,4.200282e-18,1.614025563012e-22,6910464,2019-03-12 07:47:16,ltc,1.6816214074388907,0.0,0.00000003,ltc,391483000.4926684,0.00050898,4.1308368685049357e-10,85
,[],22,[],2018-11-20 23:09:34,3408.1,0.0000001,0.0000000000041895,4862324,2018-11-20 23:09:34,BTC,0.04624735,0.0,,BTC,4990.0,0.0,0.00033081,86
1,[],22,[],2019-03-12 07:47:20,131206.83333333334,0.00000006,0.000000000002305596,6910465,2019-03-12 07:47:20,BTC,2.07833135,0.0,0.00000006,BTC,169425.94736842104,0.00014658,0.00241241,87
1,[],27,[],2019-03-12 07:47:22,55.0,0.00000001,0.000000000000384266,6910466,2019-03-12 07:47:22,btc,10.385004297766232,85.18762963,0.00000001,btc,9114.9236248,0.09707982,5.5e-07,87
,[],2,[],2018-11-20 23:10:47,0.0,0,0,4862359,2018-11-20 23:10:47,,0.0,0.0,,,0.0,0.0,0.0,88
1,[],11,[],2019-03-12 07:47:24,95469.11173381,0.000147820000000000004343470028089768675272352993488311767578125,0.000000005680220012,6910467,2019-03-12 07:47:24,btc,611.490464644468,1647.30286624,0.000147820000000000004343470028089768675272352993488311767578125,btc,97579.80491334,0.0,6.636552214073575,89
1,[],12,[],2019-03-12 07:47:25,267265.37794762,0.0000009,0.00000000003458394,6910468,2019-03-12 07:47:25,btc,61.00665256304089,0.0,0.0000009,btc,117676.52574015,0.0216878008,0.0493694722999764,91
0,[],17,[],2019-03-12 07:47:27,0.0,0,0,6910469,2019-03-12 07:47:27,btc,0.0,0.0,0,btc,0.0,0.0,0.0,91
1,[],22,[],2019-03-12 07:47:30,65900.0,0.00000001,0.000000000000384266,6910470,2019-03-12 07:47:30,BTC,3e-06,0.0,0.00000001,BTC,1.0,0.0,0.000659,91
0,[],2,[],2019-01-20 23:31:45,0.0,0,0,6477083,2019-01-20 23:31:45,,0.0,0.0,0,,0.0,0.0,0.0,91
0,[],22,[],2019-03-12 07:47:33,0.0,0,0,6910471,2019-03-12 07:47:33,,7.50307462,0.0,0,,70597140.95714286,0.0,0.0,95
0.0000000001400094,[],4,[],2019-03-12 07:47:34,633868662.7316337,7.2804888e-17,2.7976443092208e-21,6910472,2019-03-12 07:47:34,ltc,11.894590609378065,0.0,0.00000052,ltc,135938412.56165135,0.00025948,1.5327845590335402e-09,96
0,[],12,[],2019-03-12 07:47:36,0.0,0,0,6910473,2019-03-12 07:47:36,btc,10.18976946004995,0.0,0,btc,3076363.004995,0.0,0.0,96
0,[],17,[],2019-03-12 06:56:12,0.0,0,0,6910260,2019-03-12 06:56:12,btc,0.0,0.0,0,btc,0.0,0.0,0.0,96
1,[],4,[],2019-03-12 07:47:48,2531284.76600583,0.00000026,0.000000000009990916,6910474,2019-03-12 07:47:48,btc,2.501979576935467,0.0,0.00000026,btc,2551419.0080748,0.04398357,0.3411377982335484,99
1,[],4,[],2019-03-12 07:47:49,268098.10342467,0.00003358,0.000000001290365228,6910475,2019-03-12 07:47:49,btc,11.871884015545035,0.0,0.00003358,btc,182554.546822,2.45699792,0.9036330191691017,100
0,[],2,[],2019-01-20 23:23:55,0.0,0,0,6476914,2019-01-20 23:23:55,,0.0,0.0,0,,0.0,0.0,0.0,100
1,[],22,[],2019-03-12 07:47:52,50000.0,0.00000001,0.000000000000384266,6910476,2019-03-12 07:47:52,BTC,23.49896609,0.0,0.00000001,BTC,10277.22,0.0,0.0005,101
1,[],4,[],2019-03-12 07:47:53,458658.53896342,0.00000088,0.000000000033815408,6910477,2019-03-12 07:47:53,btc,308.0803949128156,0.0,0.00000088,btc,504142.45563433,0.01082987,0.2279339730933152,103
1,[],12,[],2019-03-12 07:47:56,21494940.27749369,0.000000009,0.0000000000003458394,6910478,2019-03-12 07:47:56,btc,3859743.918797417,0.0,0.000000009,btc,74757274.66637652,0.01173563903404725,0.04666738955964277,105
1,[],27,[],2019-03-12 07:47:58,223920.39,0.00000001,0.000000000000384266,6910479,2019-03-12 07:47:58,btc,36.605890344913405,998.0,0.00000001,btc,1300442.23571724,1.996e-05,0.0022392039,105
1,[],22,[],2019-03-12 07:48:01,9328.0,0.00000001,0.000000000000384266,6910480,2019-03-12 07:48:01,BTC,51.10837004,0.0,0.00000001,BTC,470435.0,0.0,9.328e-05,107
1,[],26,[],2019-03-12 07:48:01,0.0,0.00000000,0,6910481,2019-03-12 07:48:01,btc,0.0,0.0,0.00000000,btc,0.0,0.0,0.0,107
1,[],5,[],2019-03-12 07:48:03,0.0,0,0,6910482,2019-03-12 07:48:03,btc,0.0,0.01384503,0,btc,0.0,0.0,0.0,112
1,[],22,[],2019-03-12 07:48:06,1966.0,0.00000001,0.000000000000384266,6910483,2019-03-12 07:48:06,BTC,2.7975128,0.0,0.00000001,BTC,826524.0833333334,0.0,1.966e-05,112
0.0000000003397793,[],27,[],2019-03-12 07:48:08,2000.0,3.3977930000000005e-18,1.3056563249380002e-22,6910484,2019-03-12 07:48:08,eth,1.24996908,0.0,0.00000001,"btc,eth",1289.0,0.0,6.795586000000001e-15,112
1,[],4,[],2019-03-12 07:48:09,1291324.09633167,0.00000186,0.000000000071473476,6910485,2019-03-12 07:48:09,btc,5.416050917301852,0.0,0.00000186,btc,372383.88695001,0.01936311,0.9788689083728892,113
1,[],5,[],2019-03-12 07:48:10,0.0,0,0,6910486,2019-03-12 07:48:10,btc,0.0,0.00215117,0,btc,0.0,0.0,0.0,113
1,[],17,[],2019-03-12 07:48:12,152738.278,0.00000004,0.000000000001537064,6910487,2019-03-12 07:48:12,btc,1.336803027467686,0.0,0.00000004,btc,51896.221,0.0,0.0022095311199999998,116
0,[],27,[],2019-03-12 07:48:14,0.0,0,0,6910488,2019-03-12 07:48:14,,0.0,0.0,0,btc,0.0,0.0,0.0,116
1,[],4,[],2019-03-12 07:48:16,80924.92967201,0.00005559,0.000000002136134694,6910489,2019-03-12 07:48:16,btc,17.102162695481354,0.0,0.00005559,btc,10289.61329251,7.56233648,1.4221017711385644,120
1,[],7,[],2019-03-12 07:48:16,20910.30082547,0.000033470000000000003112336777189028680368210189044475555419921875,0.000000001286138302,6910490,2019-03-12 07:48:16,btc,121183.01426747612,29843.9858075,0.000033470000000000003112336777189028680368210189044475555419921875,btc,26002.58938486,0.94703296,0.058210885310585804,120
1,[],20,[],2019-03-12 07:48:20,2936209.9305,0.000000034,0.0000000000013065044,6910491,2019-03-12 07:48:20,btc,33.6158440906568,12343.75,0.000000034,btc,1013150.479,0.0004196875,0.0383544937376,125
1,[],22,[],2019-03-12 07:48:24,3053.0,0.00000001,0.000000000000384266,6910492,2019-03-12 07:48:24,BTC,0.01444887,0.0,0.00000001,BTC,296263.5111111111,0.0,3.053e-05,126
1,[],4,[],2019-03-12 07:48:24,133602.68248557,0.00001300,0.0000000004995458,6910493,2019-03-12 07:48:24,btc,3.5482459953430805,0.0,0.00001300,btc,117307.52106363,0.10509311,0.4911095121145321,131
0,[],17,[],2019-03-12 06:57:03,0.0,0,0,6910281,2019-03-12 06:57:03,btc,0.0009561751951600001,0.0,0,btc,35.42829368,0.0,0.0,131
0,[],2,[],2019-01-20 23:25:46,0.0,0,0,6476969,2019-01-20 23:25:46,,0.0,0.0,0,,0.0,0.0,0.0,131
1,[],4,[],2019-03-12 07:48:36,4616.38316492,0.00016089,0.000000006182455674,6910494,2019-03-12 07:48:36,btc,1.6125694172909475,0.0,0.00016089,btc,199.04458163,0.01030458,0.0127301590378277,135
1,[],3,[],2019-03-07 00:20:44,877702.73244099,0.00000004,0.00000000000154846,6863392,2019-03-07 00:20:44,btc,0.119366241821405,0.0,0.00000004,btc,760637.99421222,0.0,0.023771231960604298,136
1,[],4,[],2019-03-12 07:48:37,257472.60810883,0.00000150,0.0000000000576399,6910495,2019-03-12 07:48:37,btc,38.619066383764554,0.0,0.00000150,btc,539624.16568496,0.05290198,0.0276029943271948,137
1,[],12,[],2019-03-12 07:48:38,141978.13381995,0.000001480000000000000017730500227741696761540879379026591777801513671875,0.000000000056871368,6910496,2019-03-12 07:48:38,btc,5.046924763713282,0.0,0.000001480000000000000017730500227741696761540879379026591777801513671875,btc,4164.89513535,6.993255745e-05,0.009331039999998,137
1,[],4,[],2019-03-12 07:48:39,10332.79887004,0.00003345,0.0000000012853697699999999,6910497,2019-03-12 07:48:39,btc,28.700033214219857,0.0,0.00003345,btc,51021.64574795,0.25249759,0.2137484669026397,142
1,[],5,[],2019-03-12 07:48:41,0.0,0,0,6910498,2019-03-12 07:48:41,btc,0.0,0.1434645,0,btc,0.0,0.0,0.0,142
1,[],20,[],2019-03-12 07:48:44,139723.5562,0.000033,0.0000000012680778,6910499,2019-03-12 07:48:44,btc,0.3361564156272,0.0699,0.000033,btc,2245.1871,2.3067e-06,0.3091059310477,142
1,[],22,[],2019-03-12 07:48:47,1470.8988921568628,0.00004000,0.0000000015370639999999999,6910500,2019-03-12 07:48:47,BTC,3.00385504,0.0,0.00004000,BTC,891.218,0.0,0.0012358,142
0.0,[],25,[],2019-03-12 07:48:48,0.0,0,0,6910501,2019-03-12 07:48:48,,0.0,0.0,0.0,btc,0.0,0.0,0.0,142
1,[],28,[],2019-03-12 07:48:57,76600.0,0.00002270,0.00000000087228382,6910502,2019-03-12 07:48:57,btc,0.067100461059305,1376.0,0.00002270,btc,552.61077999,0.0,0.0154572,142
1,[],17,[],2019-03-12 03:50:02,22967.386363640002,0.00000088,0.000000000033699336,6909348,2019-03-12 03:50:02,btc,20.0699133484,0.0,0.00000088,btc,405.079105,0.0,0.0104613000000032,142
0,[],22,[],2019-03-12 07:48:59,0.0,0,0,6910503,2019-03-12 07:48:59,,65.83990167,0.0,0,,1043231670.8,0.0,0.0,143
0,[],22,[],2019-02-25 15:42:22,0.0,0,0,6783783,2019-02-25 15:42:22,,4.2131946,0.0,0,,2322156.0,0.0,0.0,146
,[],22,[],2018-11-20 23:01:11,0.0,0,0,4862114,2018-11-20 23:01:11,,2.56807021,0.0,,,61828.4988236,0.0,0.0,147
1,[],12,[],2019-03-12 07:49:01,346515.34991913,0.000001599999999999999927596978921418013896982301957905292510986328125,0.00000000006148256,6910504,2019-03-12 07:49:01,btc,7.931978452605939,0.0,0.000001599999999999999927596978921418013896982301957905292510986328125,btc,101341.33942272,0.0052916630697453,0.0770447199998564,148
1,[],4,[],2019-03-12 07:49:02,248816.16150237,0.00000030,0.00000000001152798,6910505,2019-03-12 07:49:02,btc,219.9981163332034,0.0,0.00000030,btc,839391.71915744,0.00079798,0.0590142000901699,152
0,[],22,[],2019-03-12 07:49:04,0.0,0,0,6910506,2019-03-12 07:49:04,,0.0,0.0,0,,0.0,0.0,0.0,152
1,[],5,[],2019-03-12 07:49:06,0.0,0,0,6910507,2019-03-12 07:49:06,btc,0.0,0.0,0,btc,0.0,0.0,0.0,153
,[],16,[],2019-01-11 15:38:59,0.0,0,0,6366141,2019-01-11 15:38:59,btc,0.0,0.0,,btc,0.0,0.0,0.0,155
0,[],22,[],2019-03-12 07:49:09,0.0,0,0,6910508,2019-03-12 07:49:09,,6.7463781,0.0,0,,4673397.242592593,0.0,0.0,156
0,[],23,[],2019-01-20 23:24:29,0.0,0,0,6476932,2019-01-20 23:24:29,,0.0,0.0,0,,0.0,0.0,0.0,156
1,[],22,[],2019-03-12 07:49:12,7073.8,0.00005300,0.0000000020366098,6910509,2019-03-12 07:49:12,BTC,1.79802465,0.0,0.00005300,BTC,802.6461988741639,0.0,0.00104336,157
0,[],22,[],2019-03-12 07:49:15,0.0,0,0,6910510,2019-03-12 07:49:15,,50175.67608608,0.0,0,,54079135.04179466,0.0,0.0,158
,[],17,[],2018-11-20 22:56:10,0.0,0,0,4861976,2018-11-20 22:56:10,btc,1.1265625,0.0,,btc,1000.0,0.0,0.0,159
,[],20,[],2018-11-20 22:56:12,0.0,0,0,4861977,2018-11-20 22:56:12,btc,11912.7940471,0.0,,btc,34413894.3617,0.0,0.0,159
1,[],12,[],2019-03-12 07:49:18,212878.43437725,0.000007789999999999999954537234503337828073199489153921604156494140625,0.000000000299343214,6910511,2019-03-12 07:49:18,btc,1.7038313127,0.0,0.000007789999999999999954537234503337828073199489153921604156494140625,btc,9475.36,0.0069210604586216,0.1034364403456492,168
1,[],17,[],2019-03-12 04:42:27,29784.95,0.000001,0.000000000038275100000000004,6909559,2019-03-12 04:42:27,btc,0.03026736251542,0.0,0.000001,btc,144.46171372,0.0,0.00716147,168
0,[],22,[],2019-03-12 07:49:31,0.0,0,0,6910512,2019-03-12 07:49:31,,1.1340533,0.0,0,,524928.174707144,0.0,0.0,169
1,[],22,[],2019-03-12 07:49:35,204867.33333333334,0.00000021,0.000000000008069586,6910513,2019-03-12 07:49:35,BTC,14.3490967,0.0,0.00000021,BTC,151917.1189853494,0.00013223,0.00253208,171
1,[],22,[],2019-03-12 07:49:39,865664.0833333334,0.00000011,0.000000000004226926,6910514,2019-03-12 07:49:39,BTC,2.19573819,0.0,0.00000011,"BTC,LTC",297248.8162563896,0.00303682,0.02746509,173
1,[],5,[],2019-03-05 01:59:40,0.0,0,0,6845846,2019-03-05 01:59:40,btc,0.0,0.00384852,0,btc,0.0,0.0,0.0,175
1,[],22,[],2019-03-12 07:49:43,35500.0,0.00000012,0.000000000004611192,6910515,2019-03-12 07:49:43,BTC,0.54559973,0.0,0.00000012,BTC,137776.41444619838,0.0,0.00206,176
1,[],7,[],2019-03-12 07:49:45,0.0,0,0,6910516,2019-03-12 07:49:45,btc,408082.77102362673,696370.629371,0,btc,114863618.23151591,0.00696371,0.0,178
0,[],22,[],2019-03-12 07:49:48,0.0,0,0,6910517,2019-03-12 07:49:48,,1.00242438,0.0,0,,57522.0,0.0,0.0,178
0,[],2,[],2019-01-20 23:28:34,0.0,0,0,6477001,2019-01-20 23:28:34,,0.0,0.0,0,,0.0,0.0,0.0,178
1,[],5,[],2019-03-12 07:49:51,0.0,0,0,6910518,2019-03-12 07:49:51,btc,0.0,0.67641686,0,btc,0.0,0.0,0.0,179
1,[],22,[],2019-03-12 07:49:57,6867106.0,0.00000002,0.000000000000768532,6910519,2019-03-12 07:49:57,BTC,5.65174896,0.0,0.00000002,"BTC,LTC",17774331.756535422,0.0,0.37228284,179
0,[],23,[],2019-01-20 23:25:08,0.0,0,0,6476952,2019-01-20 23:25:08,,0.0,0.0,0,,0.0,0.0,0.0,179
1,[],17,[],2019-03-12 07:50:09,10504.725,0.0000001,0.00000000000384266,6910520,2019-03-12 07:50:09,btc,5.2010695838170005,0.0,0.0000001,btc,4994.45945,0.0,0.0010504725,180
1,[],22,[],2019-03-12 07:50:13,667163.4266050333,0.00000177,0.00000000006801508199999999,6910521,2019-03-12 07:50:13,BTC,0.21140043,0.0,0.00000177,"BTC,LTC",60048.642132962006,0.00095121,0.57373217,180
1,[],26,[],2019-03-12 07:50:13,0.0,0.00000125,0.000000000048033249999999997,6910522,2019-03-12 07:50:13,btc,0.0,0.0,0.00000125,btc,0.0,0.0,0.0,180
,[],7,[],2018-11-20 22:58:01,562227.975654,0.00000085,0.000000000036176765,4862015,2018-11-20 22:58:01,btc,21836.6059674,2491.87645172,,btc,749999.041456,0.00211021,0.127565380455,183
,[],5,[],2019-01-10 08:11:41,0.0,0,0,6347036,2019-01-10 08:11:41,btc,82.15055501,0.00261,,btc,1.19002445,0.0,0.0,187
1,[],24,[],2019-03-12 07:50:14,0.0,0.000000000001,3.84266e-17,6910523,2019-03-12 07:50:14,btc,0.0,0.0,0.000000000001,btc,0.0,0.0,0.0,187
,[],17,[],2018-11-16 20:58:10,4062536.27273,0.00000001,0.000000000000550501,4708775,2018-11-16 20:58:10,btc,3.36492563466,0.195460381006,,"btc,eth",110697919.549,0.0,0.0157628953496,187
0,[],22,[],2019-03-12 07:50:16,0.0,0,0,6910524,2019-03-12 07:50:16,,7.54797454,0.0,0,,79361.7243344055,0.0,0.0,191
0,[],22,[],2019-03-12 07:50:21,0.0,0,0,6910525,2019-03-12 07:50:21,,0.0,0.0,0,,0.0,0.0,0.0,197
0,[],23,[],2019-01-20 23:31:41,0.0,0,0,6477079,2019-01-20 23:31:41,,0.0,0.0,0,,0.0,0.0,0.0,199
0,[],22,[],2019-03-12 07:50:31,0.0,0,0,6910526,2019-03-12 07:50:31,,5.19581047,0.0,0,,21561978.0,0.0,0.0,199
1,[],26,[],2019-03-12 07:50:31,0.0,0.00000000,0,6910527,2019-03-12 07:50:31,btc,0.0,128603.0,0.00000000,btc,0.0,0.0,0.0,199
0,[],17,[],2019-01-30 16:32:01,0.0,0,0,6540827,2019-01-30 16:32:01,btc,6.802544163788159,0.0,0,btc,105897.55575295,0.0,0.0,200
0,[],2,[],2019-01-20 23:30:49,0.0,0,0,6477059,2019-01-20 23:30:49,,0.0,0.0,0,,0.0,0.0,0.0,201
1,[],4,[],2019-01-25 15:51:35,2084389.58565343,0.00000936,0.000000000333526752,6499557,2019-01-25 15:51:35,btc,2.0092503037378524,0.0,0.00000936,btc,160195.80207885,0.19272417,1.242687955921835,211
1,[],7,[],2019-03-12 07:50:35,5882252.05304575,0.0000010600000000000000155604695795119596368749625980854034423828125,0.000000000040732196,6910528,2019-03-12 07:50:35,btc,15476655.818171656,1069441.46385,0.0000010600000000000000155604695795119596368749625980854034423828125,btc,14830771.00268629,0.0,2.7370080823725855,212
1,[],5,[],2019-03-12 07:50:37,0.0,0,0,6910529,2019-03-12 07:50:37,btc,0.0,0.2234544,0,btc,0.0,0.0,0.0,213
1,[],24,[],2019-03-12 07:50:37,0.0,0.000000150000,0.00000000000576399,6910530,2019-03-12 07:50:37,btc,0.0,0.0,0.000000150000,btc,0.0,0.0,0.0,213
1,[],26,[],2019-03-12 07:50:37,0.0,0.00000010,0.00000000000384266,6910531,2019-03-12 07:50:37,btc,0.0,0.0,0.00000010,btc,0.0,0.0,0.0,213
1,[],12,[],2019-01-25 02:44:32,207462.42853209,0.000001080000000000000035831255497387193287295303889550268650054931640625,0.000000000038610756000000006,6493050,2019-01-25 02:44:32,btc,85023.03793723314,0.0,0.000001080000000000000035831255497387193287295303889550268650054931640625,btc,43675.73520027,0.000146250909087,0.0348620860622024,213
1,[],22,[],2019-03-12 07:50:41,49000.0,0.00000002,0.000000000000768532,6910532,2019-03-12 07:50:41,BTC,2.27973898,0.0,0.00000002,BTC,651386.3963726171,0.000984,0.00073,216
1,[],27,[],2019-03-12 07:50:43,1298122.0,0.00000003,0.000000000001152798,6910533,2019-03-12 07:50:43,btc,317.9840526547724,0.0,0.00000003,"btc,ltc",240753.990324,0.0,0.03375764000025202,216
1,[],22,[],2019-03-12 07:50:47,162927.0,0.00000153,0.000000000058792698,6910534,2019-03-12 07:50:47,BTC,12673.57876977,0.0,0.00000153,BTC,427078.40441243787,0.04027662,0.16790381,217
1,[],7,[],2019-03-12 07:50:48,0.0,0,0,6910535,2019-03-12 07:50:48,btc,77971.81411323446,0.0,0,btc,135963412.7426053,0.0,0.0,219
0,[],27,[],2019-03-12 07:50:50,0.0,0,0,6910536,2019-03-12 07:50:50,,0.0404796,0.0,0,btc,2057905.0,0.0,0.0,219
0.0000000000000051,[],28,[],2019-03-12 07:50:57,168493275.591,8.925e-18,3.42957405e-22,6910537,2019-03-12 07:50:57,doge,85316.7452937405,11233.0,0.00175000,"btc,doge",4047843.04751,0.0,1.631601065422737e-11,219
1,[],22,[],2019-03-12 07:51:07,436133.0,0.00000008,0.000000000003074128,6910538,2019-03-12 07:51:07,BTC,18.0683074,0.0,0.00000008,BTC,93423.54541875875,0.00015106,0.02056713,221
1,[],24,[],2019-03-12 07:51:08,0.0,0.000000200000,0.00000000000768532,6910539,2019-03-12 07:51:08,btc,0.0,0.0,0.000000200000,btc,0.0,0.0,0.0,221
1,[],20,[],2019-03-12 07:51:10,42294460.0253,0.000000002,0.0000000000000768532,6910540,2019-03-12 07:51:10,btc,48.4370041141303,1914140.0,0.000000002,btc,14535589.9079,0.008552184,0.0454835905253,224
0,[],22,[],2019-03-12 07:51:12,0.0,0,0,6910541,2019-03-12 07:51:12,,0.0,0.0,0,,0.0,0.0,0.0,224
1,[],26,[],2019-03-12 07:51:13,0.0,0.00000035,0.00000000001344931,6910542,2019-03-12 07:51:13,btc,0.0,0.0,0.00000035,btc,0.0,0.0,0.0,231
1,[],26,[],2019-03-12 07:51:13,0.0,0.00000005,0.00000000000192133,6910543,2019-03-12 07:51:13,btc,0.0,0.0,0.00000005,btc,0.0,0.0,0.0,234
0.0000000003397793,[],27,[],2019-03-12 07:51:16,2000.0,3.3977930000000005e-18,1.3056563249380002e-22,6910544,2019-03-12 07:51:16,eth,0.01134836604,0.0,0.00000001,"btc,eth",11462.996,0.0,6.795586000000001e-15,234
1,[],4,[],2019-03-12 07:51:16,754194.06345786,0.00000071,0.000000000027282886,6910545,2019-03-12 07:51:16,btc,4.339621161811487,0.0,0.00000071,btc,1199493.02952579,0.30634736,0.1770815281375825,236
1,[],24,[],2019-03-12 07:51:17,0.0,0.000000500000,0.0000000000192133,6910546,2019-03-12 07:51:17,btc,0.0,0.0,0.000000500000,btc,0.0,0.0,0.0,236
1,[],20,[],2019-03-12 07:51:19,199338600.645,0.000000052,0.0000000000019981832,6910547,2019-03-12 07:51:19,btc,12.8295035788423,12067057.6603,0.000000052,btc,34622417.7624,0.6574808960094,0.3322263392287,237
0.0000000001400094,[],22,[],2019-03-12 07:51:22,751594.9,2.3801598e-17,9.146144857068e-22,6910548,2019-03-12 07:51:22,LTC,0.0405823,0.0,0.00000017,LTC,3164.0,0.0,0.12541949,237
1,[],4,[],2019-03-12 07:51:23,7591029.13071558,0.00000034,0.000000000013065044,6910549,2019-03-12 07:51:23,btc,7.1324529854533,0.0,0.00000034,btc,10669939.31231253,0.40476331,1.8324512444686878,238
1,[],5,[],2019-03-12 07:51:24,0.0,0,0,6910550,2019-03-12 07:51:24,btc,0.0,0.04836912,0,btc,0.0,0.0,0.0,238
0,[],22,[],2019-03-12 07:51:27,0.0,0,0,6910551,2019-03-12 07:51:27,,0.40415746,0.0,0,,526736.5639027493,0.0,0.0,249
0.0000000001400094,[],22,[],2019-03-12 07:51:31,49087200.666666664,5.600376e-18,2.152034084016e-22,6910552,2019-03-12 07:51:31,LTC,0.93198307,0.0,0.00000004,LTC,18333276.253636364,0.0,1.18162413,252
1,[],28,[],2019-03-12 07:51:39,1871634.422,0.00000037,0.000000000014217842,6910553,2019-03-12 07:51:39,btc,164793.7947841498,170681.4,0.00000037,btc,3247174.7553,0.0,0.41229046161,256
1,[],22,[],2019-03-12 07:51:43,1370143.3333333333,0.00000004,0.000000000001537064,6910554,2019-03-12 07:51:43,BTC,31.44552861,0.0,0.00000004,BTC,579267.3568978057,0.0003614,0.02031393,258
1,[],22,[],2019-03-12 07:00:10,47146.0,0.00000001,0.000000000000383524,6910338,2019-03-12 07:00:10,BTC,2.415167,0.0,0.00000001,BTC,157.0,0.0,0.00047146,259
1,[],5,[],2019-03-12 07:51:45,0.0,0,0,6910555,2019-03-12 07:51:45,btc,0.0,0.25893649,0,btc,0.0,0.0,0.0,264
1,[],20,[],2019-03-12 07:51:46,1216049.8533,0.0000021,0.00000000008069586,6910556,2019-03-12 07:51:46,btc,7.4593563024998,130278.8559,0.0000021,btc,101926.3544,0.2690307439148,0.0175202695184,264
0,[],22,[],2019-03-12 06:47:19,0.0,0,0,6910151,2019-03-12 06:47:19,,8.75660439,0.0,0,,474745.2241309945,0.0,0.0,271
0,[],22,[],2019-03-12 07:51:50,0.0,0,0,6910557,2019-03-12 07:51:50,,111821.04152134,0.0,0,,13992847597.692,0.0,0.0,272
0.0000000000000051,[],28,[],2019-03-12 07:51:59,221752716519.555,5.1e-21,1.9597565999999999e-25,6910558,2019-03-12 07:51:59,doge,38497805.33671993,15232090875.492,0.00000100,doge,244927663659.4739,0.0,6.255272644582365e-10,272
1,[],22,[],2019-03-12 07:52:04,165118.08,0.00000100,0.0000000000384266,6910559,2019-03-12 07:52:04,BTC,234.95195575,0.0,0.00000100,"BTC,LTC",42439.32611909192,9.84e-05,0.0590295,281
1,[],22,[],2019-03-12 07:00:28,1522971.5892857143,0.00000014,0.0000000000053693359999999995,6910344,2019-03-12 07:00:28,BTC,1111.28218244,0.0,0.00000014,BTC,96877.88514819278,0.00222019,0.06562208,286
0,[],22,[],2019-03-12 07:00:31,0.0,0,0,6910345,2019-03-12 07:00:31,,1044638.82491513,0.0,0,,702226356.0,0.0,0.0,294
