pairValue,buyBook,exchangeId,sellBook,updated,buyTotal,satoshiPrice,usdPrice,exchangeLogId,created,bestPair,sellTotalBtc,volume,pairPrice,activePairs,sellTotal,volumeBtc,buyTotalBtc,coinId
1,[],28,[],2019-04-07 13:08:07,988.9,0.01300200,0.0000006690933216,7209216,2019-04-07 13:08:07,btc,0.160132948,18575.828,0.01300200,btc,8.7812,0.0,0.037553096,1
0,[],2,[],2019-01-20 23:28:45,0.0,0,0,6477011,2019-01-20 23:28:45,,0.0,0.0,0,,0.0,0.0,0.0,1
1,[],3,[],2019-04-07 13:07:21,996.632962001908,0.01339764000000000059020788256702871876768767833709716796875,0.000000689453272512,7209205,2019-04-07 13:07:21,btc,60.005030898350554,0.0,0.01339764000000000059020788256702871876768767833709716796875,btc,13.973719933816001,0.0,0.6001882713322344,1
1,[],4,[],2019-04-07 13:07:21,233857.37995124,0.01345543,0.000000692427192144,7209206,2019-04-07 13:07:21,btc,7.691361126260955,0.0,0.01345543,btc,253.56508274,1.06344774,1.8732179618673896,1
1,[],5,[],2019-04-07 13:07:24,0.0,0,0,7209207,2019-04-07 13:07:24,btc,0.0,0.00064319,0,btc,0.0,0.0,0.0,1
1,[],10,[],2019-04-07 13:07:28,422048.54456743,0.01000527,0.000000514879198416,7209208,2019-04-07 13:07:28,btc,6522.247098779706,1374.53577973,0.01000527,btc,1178.10568747,0.0,4.477874731751788,1
1,[],12,[],2019-04-07 13:07:31,76.45020437,0.01341000000000000004496403249731883988715708255767822265625,0.000000690089328,7209209,2019-04-07 13:07:31,btc,0.19590623382220002,0.0,0.01341000000000000004496403249731883988715708255767822265625,btc,6.29325268,0.9307164085888,0.3677728337919,1
1,[],20,[],2019-04-07 13:07:33,1189.0316,0.01330002,0.000000684429669216,7209210,2019-04-07 13:07:33,btc,0.028483213578,0.6309,0.01330002,btc,1.682,0.0090371377503,0.1782698356947,1
1,[],21,[],2019-04-07 13:07:34,2042.37623806,0.01340699000000000057353233274,0.000000689934430992,7209211,2019-04-07 13:07:34,btc,18.521605818996406,2355.03014236,0.013406990000000000573532332737158867530524730682373046875,"btc,eth",1692.03742778,30.049360755935947,20.833900994773423,1
1,[],22,[],2019-04-07 13:07:37,0.07690488253968254,0.01260000,0.00000064840608,7209212,2019-04-07 13:07:37,BTC,0.31439419,0.0,0.01260000,BTC,0.12751438772928525,0.0,0.0009684,1
1,[],24,[],2019-04-07 13:07:38,0.0,0.000000000000,0,7209213,2019-04-07 13:07:38,btc,0.0,0.0,0.000000000000,btc,0.0,0.0,0.0,1
0.0,[],25,[],2019-04-07 13:07:39,0.0,0,0,7209214,2019-04-07 13:07:39,btc,44.45999999817607,1735.83231555,0.0,btc,3239.88191046,23.5472,0.0,1
1,[],26,[],2019-04-07 13:07:40,0.0,0,0,7209215,2019-04-07 13:07:40,,0.0,0.0,0,,0.0,0.0,0.0,1
1,[],5,[],2019-04-07 13:08:08,0.0,0,0,7209217,2019-04-07 13:08:08,btc,0.0,0.12319551,0,btc,0.0,0.0,0.0,2
0.000000000134205,[],22,[],2019-04-07 13:08:11,1148.0,1.4762550000000002e-16,7.5969263304e-21,7209218,2019-04-07 13:08:11,XMR,21.02425527,0.0,0.00000110,XMR,24942.398537272726,0.0,0.00087635,2
1,[],5,[],2019-04-07 13:08:14,0.0,0,0,7209219,2019-04-07 13:08:14,btc,0.0,0.07467398,0,btc,0.0,0.0,0.0,3
1,[],12,[],2019-04-07 13:08:15,2483505.73628377,0.00000019,0.000000000009777552000000001,7209220,2019-04-07 13:08:15,btc,23498.96770528312,0.0,0.00000019,btc,2320514.09684451,0.05477834804916375,0.3116386068394137,3
0,[],28,[],2019-04-07 13:08:23,0.0,0,0,7209221,2019-04-07 13:08:23,,0.0,0.0,0,,0.0,0.0,0.0,3
0,[],2,[],2019-01-20 23:31:32,0.0,0,0,6477077,2019-01-20 23:31:32,,0.0,0.0,0,,0.0,0.0,0.0,4
1,[],4,[],2019-03-31 15:22:41,353217.65794564,0.00000029,0.000000000011904674,7122029,2019-03-31 15:22:41,btc,32.078041210795526,0.0,0.00000029,btc,733585.73137669,0.0,0.0341999475799974,4
1,[],12,[],2019-04-07 12:27:30,751951.0,0.00000001,0.000000000000514674,7209035,2019-04-07 12:27:30,btc,1111896.5687910803,0.0,0.00000001,btc,1471455.00798202,0.00050077,0.00751951,5
1,[],11,[],2019-04-07 13:08:27,5267153.66422,0.00000002,0.000000000001029216,7209222,2019-04-07 13:08:27,btc,9584.207971690481,12666.6,0.00000002,btc,42988288.62863166,0.0,0.0586245366422,6
0,[],2,[],2019-01-20 23:31:51,0.0,0,0,6477087,2019-01-20 23:31:51,,0.0,0.0,0,,0.0,0.0,0.0,6
1,[],3,[],2019-04-07 13:08:28,913.158681896464,0.00015803000000000000315088233282523333400604315102100372314453125,0.000000008132350224,7209223,2019-04-07 13:08:28,btc,22.32410428250063,0.0,0.00015803000000000000315088233282523333400604315102100372314453125,btc,292.594558618164,0.0,0.031697059528134834,7
1,[],4,[],2019-04-07 13:08:30,77908.12059743,0.00021251,0.000000010935934608,7209224,2019-04-07 13:08:30,btc,11.771718030174306,0.0,0.00021251,btc,41163.82829621,2.73082297,5.814266631680166,7
1,[],5,[],2019-04-07 13:08:31,0.0,0,0,7209225,2019-04-07 13:08:31,btc,0.0,0.28006187,0,btc,0.0,0.0,0.0,7
1,[],20,[],2019-04-07 07:48:27,3201475.0482,0.000000001,0.0000000000000514486,7206564,2019-04-07 07:48:27,btc,30.7985719811902,0.0,0.000000001,btc,22378805.3926,0.0,0.0032014750482,8
1,[],4,[],2019-04-07 13:08:32,1796027.8522978,0.00000124,0.000000000063811392,7209226,2019-04-07 13:08:32,btc,4.101013183193734,0.0,0.00000124,btc,2391561.8298653,2.38889149,1.5522114174774277,9
0,[],2,[],2019-01-20 23:22:42,0.0,0,0,6476876,2019-01-20 23:22:42,,0.0,0.0,0,,0.0,0.0,0.0,9
0,[],23,[],2019-01-20 23:22:48,0.0,0,0,6476878,2019-01-20 23:22:48,,0.0,0.0,0,,0.0,0.0,0.0,9
1,[],28,[],2019-04-07 12:27:44,18305.0,0.0000005,0.000000000025733699999999998,7209041,2019-04-07 12:27:44,btc,2708.782583617047,3531368.0,0.0000005,btc,25377.1818,0.0,0.00198655,9
1,[],1,[],2019-02-17 23:31:42,1822507.21,0.00000181000000000000003456111265232042484285557293333113193511962890625,0.000000000066086901,6701244,2019-02-17 23:31:42,btc,3.6990969245,17153386.5,0.00000181000000000000003456111265232042484285557293333113193511962890625,btc,1997391.71,31.11772986,3.2610482446,9
1,[],4,[],2019-02-17 11:22:43,4341674.27126056,0.00000002,0.0000000000007272960000000001,6696112,2019-02-17 11:22:43,btc,0.1997230937751353,0.0,0.00000002,btc,4109766.79808031,0.00215132,0.0479381022052112,10
1,[],4,[],2019-04-07 12:27:45,3807464.3005548,0.00000130,0.00000000006690762,7209042,2019-04-07 12:27:45,btc,6.643430052473574,0.0,0.00000130,btc,3646668.49430862,0.89838425,2.201880841000645,12
1,[],5,[],2019-04-07 12:27:46,0.0,0,0,7209043,2019-04-07 12:27:46,btc,0.0,0.05087459,0,btc,0.0,0.0,0.0,12
0.0,[],25,[],2019-04-07 12:27:47,0.0,0,0,7209044,2019-04-07 12:27:47,,0.0,0.0,0.0,btc,0.0,0.0,0.0,12
0,[],2,[],2019-01-20 23:23:08,0.0,0,0,6476890,2019-01-20 23:23:08,,0.0,0.0,0,,0.0,0.0,0.0,12
1,[],4,[],2019-04-07 12:27:48,32107525.97617312,0.00000911,0.000000000468868014,7209045,2019-04-07 12:27:48,btc,3.7438793179341516,0.0,0.00000911,btc,295465.8005477,1.69959492,1.866995991204782,13
1,[],21,[],2019-04-07 12:27:51,2372437.9259221,0.000009360000000000000169365389768,0.000000000481734864,7209046,2019-04-07 12:27:51,btc,5.795490395469596,2306118.95201094,0.000009360000000000000169365389768305618645172216929495334625244140625,btc,553370.14385877,21.7004942,19.296185642008258,13
1,[],10,[],2019-04-07 11:27:04,562509.50077118,0.00000888,0.00000000045594804,7208860,2019-04-07 11:27:04,btc,666790.1470232577,7917.14814453,0.00000888,btc,610990.77503374,0.0,1.2206263396771218,13
1,[],4,[],2019-04-07 12:27:53,1810838.06833687,0.00000111,0.000000000057128814,7209047,2019-04-07 12:27:53,btc,6.162487824239997,0.0,0.00000111,btc,952215.17493854,0.00525641,0.2287479686760468,14
1,[],12,[],2019-04-07 12:27:54,313133.63265302,0.000001,0.000000000051467399999999996,7209048,2019-04-07 12:27:54,btc,0.157557305974,0.0,0.000001,btc,11104.003996,0.000605804195807,0.0404439899999588,14
0,[],17,[],2019-04-07 12:27:56,0.0,0,0,7209049,2019-04-07 12:27:56,btc,0.0,0.0,0,btc,0.0,0.0,0.0,14
1,[],26,[],2019-04-07 12:27:56,0.0,0.00000050,0.000000000025733699999999998,7209050,2019-04-07 12:27:56,btc,0.0,0.0,0.00000050,btc,0.0,0.0,0.0,14
0,[],4,[],2019-04-07 12:27:57,0.0,0,0,7209051,2019-04-07 12:27:57,,0.0,0.0,0,,0.0,0.0,0.0,15
,[],12,[],2018-12-01 15:15:48,204241.84496,0.00000489,0.000000000202473384,5260204,2018-12-01 15:15:48,btc,49.5475654835,0.0,,btc,35763.2193806,0.0163153972027625,0.0203389899998,15
1,[],4,[],2019-04-07 12:27:58,25326.67239071,0.00001568,0.0000000008070088319999999,7209052,2019-04-07 12:27:58,btc,1.0047491894210707,0.0,0.00001568,btc,13011.28227753,0.02647283,0.0618464700997658,18
1,[],10,[],2019-04-07 12:28:00,479845.40018752,0.0000159,0.00000000081833166,7209053,2019-04-07 12:28:00,btc,15.392441814286949,7788.24433737,0.0000159,btc,13747.06179837,0.0,0.06570439315022,18
1,[],12,[],2019-04-07 12:28:01,315488.26117564,0.00001550000000000000067502427258947506061304011382162570953369140625,0.0000000007977447,7209054,2019-04-07 12:28:01,btc,33874.33536291963,0.0,0.00001550000000000000067502427258947506061304011382162570953369140625,btc,887.9114582999999,0.0138307597867292,0.035705466034557896,18
0,[],17,[],2019-04-07 12:28:02,0.0,0,0,7209055,2019-04-07 12:28:02,btc,0.0,0.0,0,btc,0.0,0.0,0.0,18
0,[],2,[],2019-01-20 23:23:38,0.0,0,0,6476906,2019-01-20 23:23:38,,0.0,0.0,0,,0.0,0.0,0.0,18
1,[],3,[],2019-04-07 12:28:03,125282.79401835082,0.00003021000000000000044347338301609084965093643404543399810791015625,0.000000001554830154,7209056,2019-04-07 12:28:03,btc,0.3781083071811801,3179.73054565,0.00003021000000000000044347338301609084965093643404543399810791015625,btc,6359.935883670733,0.0,0.22845969343014882,19
1,[],4,[],2019-04-07 12:28:04,286879.95096283,0.00003360,0.00000000172930464,7209057,2019-04-07 12:28:04,btc,8.72123165154735,0.0,0.00003360,btc,159005.56783907,2.66097582,4.569905231361251,19
1,[],5,[],2019-04-07 12:28:04,0.0,0,0,7209058,2019-04-07 12:28:04,btc,0.0,0.00120298,0,btc,0.0,0.0,0.0,19
1,[],12,[],2019-04-07 12:28:05,183888.75339331,0.0000368399999999999996458215079098152955339173786342144012451171875,0.0000000018960590159999998,7209059,2019-04-07 12:28:05,btc,0.0943348043351858,0.0,0.0000368399999999999996458215079098152955339173786342144012451171875,btc,491.62494494,0.0166714972993914,0.0808120751929647,19
0,[],27,[],2019-04-07 12:28:16,0.0,0,0,7209060,2019-04-07 12:28:16,,0.0,0.0,0,,0.0,0.0,0.0,19
0,[],2,[],2019-01-20 23:24:19,0.0,0,0,6476924,2019-01-20 23:24:19,,0.0,0.0,0,,0.0,0.0,0.0,19
1,[],4,[],2019-04-07 12:28:17,1423114.09920322,0.00000011,0.000000000005661414,7209061,2019-04-07 12:28:17,btc,6.075594577343329,0.0,0.00000011,btc,2366581.04881084,0.0,0.0461847363435042,20
1,[],4,[],2019-04-07 12:28:18,88562214.91545188,0.00000001,0.000000000000514674,7209062,2019-04-07 12:28:18,btc,51.14493988883107,0.0,0.00000001,btc,63901400.95856905,0.00410417,0.8856221491545188,21
1,[],12,[],2019-04-07 12:28:18,10305683.0,0.00000001,0.000000000000514674,7209063,2019-04-07 12:28:18,btc,2904.544555888981,0.0,0.00000001,btc,5083176.70629371,0.0,0.10305683,21
0,[],17,[],2019-04-07 12:28:20,0.0,0,0,7209064,2019-04-07 12:28:20,btc,0.0,0.0,0,btc,0.0,0.0,0.0,21
1,[],12,[],2019-04-07 12:28:21,3647707435.0,0.0000000002,0.00000000000001029348,7209065,2019-04-07 12:28:21,btc,317475322045.73724,0.0,0.0000000002,btc,2207303638.852148,0.02627900403656355,0.4614266343,23
0,[],27,[],2019-04-07 12:28:22,0.0,0,0,7209066,2019-04-07 12:28:22,,0.0,0.0,0,,0.0,0.0,0.0,23
1,[],4,[],2019-04-07 12:28:23,438060.31481347,0.00000040,0.00000000002058696,7209067,2019-04-07 12:28:23,btc,13.478121489037605,0.0,0.00000040,btc,2091561.33720054,0.03089419,0.1238516301730648,24
1,[],22,[],2019-04-07 12:28:26,11.76,0.00000100,0.000000000051467399999999996,7209068,2019-04-07 12:28:26,BTC,7.415e-05,0.0,0.00000100,BTC,23.919354838709676,0.0,1.176e-05,24
0.0,[],25,[],2019-04-07 12:28:27,0.0,0,0,7209069,2019-04-07 12:28:27,,0.0,0.0,0.0,btc,0.0,0.0,0.0,24
1,[],4,[],2019-04-07 12:28:28,26743482.56748566,0.00000791,0.000000000407107134,7209070,2019-04-07 12:28:28,btc,173.17822901977414,0.0,0.00000791,btc,262302.01761204,0.65286161,0.8431416442926768,26
1,[],10,[],2019-04-07 12:28:30,93411.12529623,0.00000686,0.000000000353066364,7209071,2019-04-07 12:28:30,btc,25.566703117340374,4431.95078993,0.00000686,btc,21474.97984198,0.0,0.1211967118835127,26
0,[],2,[],2019-01-20 23:25:56,0.0,0,0,6476976,2019-01-20 23:25:56,,0.0,0.0,0,,0.0,0.0,0.0,26
1,[],3,[],2019-04-07 12:28:30,5048552.16234139,0.00000001,0.000000000000514674,7209072,2019-04-07 12:28:30,btc,1.864395537107701,282768.9716,0.00000001,btc,14392460.44792324,0.0,0.0504855216234139,27
1,[],5,[],2019-04-07 12:28:31,0.0,0,0,7209073,2019-04-07 12:28:31,btc,0.0,0.01086322,0,btc,0.0,0.0,0.0,27
1,[],11,[],2019-04-07 12:28:33,7149165.91256781,0.00000006,0.0000000000030880439999999997,7209074,2019-04-07 12:28:33,btc,67502.97299864117,1198400.0,0.00000006,btc,6586383.7503637,0.0,0.38816616491802247,27
1,[],4,[],2019-04-07 12:28:34,1784974949.294727,0.00000003,0.000000000001544022,7209075,2019-04-07 12:28:34,btc,4.747253940404349,0.0,0.00000003,"btc,ltc",375746557.099017,0.1669134,18.216018702518184,29
1,[],7,[],2019-04-07 12:28:35,41868984.83091861,0.00000003,0.0000000000015440219999999999,7209076,2019-04-07 12:28:35,btc,44884768.1655659,13983.9352647,0.00000003,btc,29630483.63989402,0.0006992,0.5578138736086018,29
1,[],4,[],2019-04-07 12:28:36,2402486.75739684,0.00000018,0.000000000009264132,7209077,2019-04-07 12:28:36,btc,3.280577273120251,0.0,0.00000018,btc,2696885.98772979,0.01064607,0.0946128925146339,30
0,[],17,[],2019-04-07 12:28:38,0.0,0,0,7209078,2019-04-07 12:28:38,btc,0.0,0.0,0,btc,0.0,0.0,0.0,30
1,[],4,[],2019-04-07 12:28:39,162969.67545138,0.00009701,0.000000004992852474,7209079,2019-04-07 12:28:39,btc,9.359948229758933,0.0,0.00009701,btc,51540.95943676,6.37989612,2.4204211443381998,31
1,[],21,[],2019-04-07 12:28:41,67357.78836236,0.00009867999999999999710155462740,0.000000005078803031999999,7209080,2019-04-07 12:28:41,btc,7.9964235617107295,3210977.61585881,0.00009867999999999999710155462739891163437278009951114654541015625,btc,74420.54520143999,343.43621241,6.443074946809425,31
0,[],2,[],2019-01-20 23:28:43,0.0,0,0,6477009,2019-01-20 23:28:43,,0.0,0.0,0,,0.0,0.0,0.0,32
0,[],4,[],2019-04-07 12:28:42,0.0,0,0,7209081,2019-04-07 12:28:42,,0.0,0.0,0,,0.0,0.0,0.0,33
1,[],12,[],2019-03-30 07:55:10,40641173.964,0.00000003,0.000000000001228359,7108785,2019-03-30 07:55:10,btc,4233210.82356125,0.0,0.00000003,btc,28378394.68333462,0.0126927883965248,0.90752895892,33
1,[],4,[],2019-04-07 12:28:44,2168746.80472552,0.00000001,0.000000000000514674,7209082,2019-04-07 12:28:44,btc,4.2776125999674575,0.0,0.00000001,btc,157404808.5937903,0.08168402,0.0216874680472552,34
1,[],5,[],2019-04-07 12:28:46,0.0,0,0,7209083,2019-04-07 12:28:46,btc,0.0,0.00014691,0,btc,0.0,0.0,0.0,34
0.00000000018195110000000002,[],4,[],2019-04-07 12:28:47,2703424567.9347806,1.8195110000000002e-18,9.36455004414e-23,7209084,2019-04-07 12:28:47,ltc,6.104317432712196e-08,0.0,0.00000001,ltc,6538797421.792475,0.0,4.9189107390275804e-09,36
1,[],5,[],2019-04-07 12:28:48,0.0,0,0,7209085,2019-04-07 12:28:48,btc,0.0,0.0,0,btc,0.0,0.0,0.0,36
0,[],17,[],2019-04-07 12:28:49,0.0,0,0,7209086,2019-04-07 12:28:49,btc,0.04377468782278596,0.0,0,btc,1018272.20243647,0.0,0.0,36
0,[],27,[],2019-04-07 12:29:35,0.0,0,0,7209087,2019-04-07 12:29:35,,0.0,0.0,0,,0.0,0.0,0.0,36
1,[],4,[],2019-04-07 12:29:37,914508.18424717,0.00000040,0.00000000002058696,7209088,2019-04-07 12:29:37,btc,19775.088863479767,0.0,0.00000040,btc,780381.22427555,0.02619798,0.0901208829646675,37
1,[],12,[],2019-04-07 12:29:39,663460.35058804,0.0000004,0.00000000002058696,7209089,2019-04-07 12:29:39,btc,18.647562504005585,0.0,0.0000004,btc,474037.30708963,0.082897836131801,0.1931911872076301,37
1,[],17,[],2019-04-07 12:29:40,1752.74075282,0.00000025,0.000000000012866849999999999,7209090,2019-04-07 12:29:40,btc,0.055484923975220715,0.0,0.00000025,btc,1387.19918473,0.0,0.00043818518820499993,37
0,[],27,[],2019-04-07 12:29:41,0.0,0,0,7209091,2019-04-07 12:29:41,,0.0,0.0,0,,0.0,0.0,0.0,37
1,[],5,[],2019-04-07 12:29:42,0.0,0,0,7209092,2019-04-07 12:29:42,btc,0.0,0.00180426,0,btc,0.0,0.0,0.0,42
1,[],12,[],2019-04-07 12:29:43,206981.13070016,0.00000081,0.000000000041688593999999996,7209093,2019-04-07 12:29:43,btc,10.205679899323851,0.0,0.00000081,btc,43164.84877383,0.0068450735137992,0.0167991870813329,42
0,[],27,[],2019-04-07 12:29:43,0.0,0,0,7209094,2019-04-07 12:29:43,,0.0,0.0,0,,0.0,0.0,0.0,42
1,[],5,[],2019-04-03 07:21:02,0.0,0,0,7159930,2019-04-03 07:21:02,btc,0.0,0.00286478,0,btc,0.0,0.0,0.0,43
0,[],17,[],2019-04-03 07:21:05,0.0,0,0,7159931,2019-04-03 07:21:05,btc,0.0,0.0,0,btc,0.0,0.0,0.0,43
1,[],12,[],2019-03-13 09:13:29,1112112.0,0.00000001,0.000000000000386531,6919902,2019-03-13 09:13:29,btc,29058.00478931866,0.0,0.00000001,btc,5967681.93306694,9.99000999e-07,0.01112112,43
1,[],12,[],2019-03-05 01:54:08,639326.02,0.00000004,0.000000000001486676,6845775,2019-03-05 01:54:08,btc,11116042.728239931,0.0,0.00000004,btc,1103841.4595604,0.0003330765234764,0.014975410599999999,44
1,[],4,[],2019-04-07 12:29:45,123711154.58697455,0.00000001,0.000000000000514674,7209095,2019-04-07 12:29:45,btc,481.09892529600165,0.0,0.00000001,"btc,ltc",17917055.14631327,0.00412567,0.19167637501588605,49
0.00000000018195110000000002,[],4,[],2019-04-07 12:29:46,1357318994.138,1.8195110000000002e-18,9.36455004414e-23,7209096,2019-04-07 12:29:46,ltc,24.562089013526034,0.0,0.00000001,ltc,6923197323.85841,0.0,2.4696568403430267e-09,52
0.0000000001347254,[],22,[],2019-04-07 12:30:00,3.0,9.430778e-18,4.8537762363719995e-22,7209097,2019-04-07 12:30:00,XMR,10308.14342123,0.0,0.00000007,XMR,314385094.4566013,3.48938786e-15,2.1e-07,57
0,[],27,[],2019-04-07 12:30:00,0.0,0,0,7209098,2019-04-07 12:30:00,,0.0,0.0,0,,0.0,0.0,0.0,57
0.00000000018195110000000002,[],4,[],2019-04-07 12:30:01,1195855164.3009994,1.8195110000000002e-18,9.36455004414e-23,7209099,2019-04-07 12:30:01,ltc,18.62767001127039,0.0,0.00000001,ltc,4728070703.74432,0.0,2.1758716258524757e-09,58
1,[],12,[],2019-04-07 12:30:02,768827850.0,0.0000000002,0.00000000000001029348,7209100,2019-04-07 12:30:02,btc,8621351.837616459,0.0,0.0000000002,btc,1867449694.5782576,0.010480281051748254,0.1361919966,58
0,[],17,[],2019-04-07 12:30:04,0.0,0,0,7209101,2019-04-07 12:30:04,btc,1e+24,0.0,0,btc,49306342.21952568,0.0,0.0,58
0.0000000001347254,[],22,[],2019-04-07 12:30:07,137438.0,1.347254e-18,6.93396605196e-23,7209102,2019-04-07 12:30:07,XMR,69.1795942,0.0,0.00000001,XMR,9887963.0,0.0,0.00137438,58
1,[],5,[],2019-04-07 12:30:09,0.0,0,0,7209103,2019-04-07 12:30:09,btc,0.0,0.06967345,0,btc,0.0,0.0,0.0,61
1,[],22,[],2019-04-07 12:30:12,65586.83333333333,0.0000003,0.000000000015440219999999998,7209104,2019-04-07 12:30:12,BTC,1002.29602762,0.0,0.0000003,BTC,15234.52361146909,0.0,0.00863496,61
1,[],26,[],2019-04-07 12:30:12,0.0,0.00000800,0.00000000041173919999999997,7209105,2019-04-07 12:30:12,btc,0.0,0.0,0.00000800,btc,0.0,0.0,0.0,61
0,[],27,[],2019-04-07 12:30:31,0.0,0,0,7209106,2019-04-07 12:30:31,,0.0,0.0,0,,0.0,0.0,0.0,61
1,[],28,[],2019-04-07 12:30:41,1639.304,0.0000002,0.00000000001029348,7209107,2019-04-07 12:30:41,btc,2.071450024942105,820.0,0.0000002,btc,26758.35620005,0.0,0.00011139304,61
1,[],4,[],2019-04-07 12:30:41,1611139.38534651,0.00000196,0.00000000010087610399999999,7209108,2019-04-07 12:30:41,btc,9.538322646713716,0.0,0.00000196,btc,902791.0775736,0.20260746,1.2422647890736327,67
0.0,[],25,[],2019-04-07 12:30:42,0.0,0,0,7209109,2019-04-07 12:30:42,,0.0,0.0,0.0,btc,0.0,0.0,0.0,67
1,[],12,[],2019-04-07 12:30:43,1043043.04554862,0.00000026,0.000000000013381524,7209110,2019-04-07 12:30:43,btc,56667922.01034283,0.0,0.00000026,btc,1227812.79785061,0.0048302951448546,0.0678178099999924,71
,[],5,[],2018-11-20 23:02:39,1.5e-07,0.00000005,0.000000000002128045,4862160,2018-11-20 23:02:39,btc,2.84511358,0.0,,btc,0.00036572,0.0,0.07381892,74
1,[],5,[],2019-04-07 12:30:45,0.0,0,0,7209111,2019-04-07 12:30:45,btc,0.0,0.03530671,0,btc,0.0,0.0,0.0,75
1,[],4,[],2019-04-07 12:30:45,3278481.00028221,0.00000001,0.000000000000514674,7209112,2019-04-07 12:30:45,btc,135894.21486862944,0.0,0.00000001,btc,35704212.31498174,0.04249948,0.0327848100028221,81
0,[],20,[],2019-01-25 09:30:31,0.0,0,0,6495923,2019-01-25 09:30:31,btc,0.0,0.0,0,btc,0.0,0.0,0.0,81
1,[],4,[],2019-04-07 12:30:47,18918.03834625,0.00007852,0.000000004041220248,7209113,2019-04-07 12:30:47,btc,17.670008393088025,0.0,0.00007852,btc,12019.53740603,0.12974789,0.2879322416116682,82
1,[],21,[],2019-04-07 12:30:49,747773.12043798,0.00007493000000000000257027038542,0.000000003856452282,7209114,2019-04-07 12:30:49,btc,3.8345533172810913,26558.24410628,0.000074930000000000002570270385415795999506372027099132537841796875,btc,45243.011352760004,2.00870919,2.330118469823439,82
0,[],17,[],2019-03-25 22:42:34,0.0,0,0,7038780,2019-03-25 22:42:34,btc,0.0445064681804024,0.0,0,btc,995513.18476001,0.0,0.0,84
0.00000000018195110000000002,[],4,[],2019-04-07 12:30:49,248128933.6102013,1.8195110000000002e-18,9.36455004414e-23,7209115,2019-04-07 12:30:49,ltc,1.6928342163176289,0.0,0.00000001,ltc,449685117.2979253,0.0,4.51473324122031e-10,85
,[],22,[],2018-11-20 23:09:34,3408.1,0.0000001,0.0000000000041895,4862324,2018-11-20 23:09:34,BTC,0.04624735,0.0,,BTC,4990.0,0.0,0.00033081,86
1,[],22,[],2019-04-07 12:30:52,107643.2,0.00000005,0.00000000000257337,7209116,2019-04-07 12:30:52,BTC,3.66195928,0.0,0.00000005,BTC,224414.04041017056,0.0,0.00154216,87
0,[],27,[],2019-04-07 12:31:10,0.0,0,0,7209117,2019-04-07 12:31:10,,0.0,0.0,0,,0.0,0.0,0.0,87
,[],2,[],2018-11-20 23:10:47,0.0,0,0,4862359,2018-11-20 23:10:47,,0.0,0.0,,,0.0,0.0,0.0,88
1,[],11,[],2019-04-07 12:31:12,89432.51918962,0.000140060000000000010877965195277283783070743083953857421875,0.000000007208524044000001,7209118,2019-04-07 12:31:12,btc,529.4070987529033,767.35081344,0.000140060000000000010877965195277283783070743083953857421875,btc,101919.68020745,0.0,5.782786842448817,89
0,[],2,[],2019-01-20 23:31:45,0.0,0,0,6477083,2019-01-20 23:31:45,,0.0,0.0,0,,0.0,0.0,0.0,91
1,[],12,[],2019-04-07 12:31:13,322849.49277005997,0.00000075,0.00000000003860055,7209119,2019-04-07 12:31:13,btc,83.15961176152551,0.0,0.00000075,btc,102047.28012314,7.14247214584e-05,0.0441962400004523,91
0,[],17,[],2019-04-07 12:31:15,0.0,0,0,7209120,2019-04-07 12:31:15,btc,0.0,0.0,0,btc,0.0,0.0,0.0,91
1,[],22,[],2019-04-07 12:31:18,65900.0,0.00000001,0.000000000000514674,7209121,2019-04-07 12:31:18,BTC,3e-06,0.0,0.00000001,BTC,1.0,0.0,0.000659,91
0,[],22,[],2019-03-21 12:10:46,0.0,0,0,6996572,2019-03-21 12:10:46,,4.56897116,0.0,0,,46768900.1,0.0,0.0,95
0.00000000018195110000000002,[],4,[],2019-04-07 12:31:20,537279982.7192008,2.5473154000000002e-17,1.3110370061796e-21,7209122,2019-04-07 12:31:20,ltc,11.963949925271383,0.0,0.00000014,ltc,142442195.9731207,0.0,1.2424721017737976e-09,96
0,[],12,[],2019-04-07 12:31:21,0.0,0,0,7209123,2019-04-07 12:31:21,btc,50.5310977501998,0.0,0,btc,5061061.01997998,2.8271728272e-06,0.0,96
0,[],17,[],2019-04-07 12:31:22,0.0,0,0,7209124,2019-04-07 12:31:22,btc,0.0,0.0,0,btc,0.0,0.0,0.0,96
1,[],4,[],2019-04-03 20:04:38,1523570.8786377,0.00000040,0.00000000002042612,7166515,2019-04-03 20:04:38,btc,4.6810255304234305,0.0,0.00000040,btc,3209413.55187158,0.19593752,0.1820333463725714,99
0,[],2,[],2019-01-20 23:23:55,0.0,0,0,6476914,2019-01-20 23:23:55,,0.0,0.0,0,,0.0,0.0,0.0,100
1,[],4,[],2019-04-07 12:31:23,346025.85589672,0.00004519,0.000000002325811806,7209125,2019-04-07 12:31:23,btc,11.2051835516621,0.0,0.00004519,btc,163120.44924024,0.63516547,3.687759165879574,100
1,[],22,[],2019-04-07 12:31:26,120000.0,0.00000002,0.000000000001029348,7209126,2019-04-07 12:31:26,BTC,24.82891609,0.0,0.00000002,BTC,11877.22,0.0,0.0014,101
1,[],4,[],2019-04-07 12:31:27,393291.19444952,0.00000087,0.000000000044776638,7209127,2019-04-07 12:31:27,btc,285.9071983974627,0.0,0.00000087,btc,655374.41690088,0.01069692,0.2164403162926292,103
1,[],12,[],2019-04-07 12:31:30,37860353.0,0.000000007,0.00000000000036027179999999997,7209128,2019-04-07 12:31:30,btc,468419491.4604905,0.0,0.000000007,btc,91021465.6553873,0.003723134886614,0.073082674,105
0,[],27,[],2019-04-07 12:31:30,0.0,0,0,7209129,2019-04-07 12:31:30,,0.0,0.0,0,,0.0,0.0,0.0,105
1,[],22,[],2019-04-01 17:44:48,9328.0,0.00000001,0.00000000000041453500000000006,7138290,2019-04-01 17:44:48,BTC,51.38182867,0.0,0.00000001,BTC,470435.0,0.00050637,9.328e-05,107
1,[],26,[],2019-04-01 17:44:48,0.0,0.00000000,0,7138291,2019-04-01 17:44:48,btc,0.0,0.0,0.00000000,btc,0.0,0.0,0.0,107
1,[],5,[],2019-04-07 12:31:31,0.0,0,0,7209130,2019-04-07 12:31:31,btc,0.0,0.00246104,0,btc,0.0,0.0,0.0,112
0,[],22,[],2019-04-07 12:31:33,0.0,0,0,7209131,2019-04-07 12:31:33,,2.7872961,0.0,0,,1029384.0833333334,0.0,0.0,112
0,[],27,[],2019-04-07 12:31:33,0.0,0,0,7209132,2019-04-07 12:31:33,,0.0,0.0,0,,0.0,0.0,0.0,112
1,[],4,[],2019-04-07 12:31:34,217613.27260943,0.00000170,0.00000000008749458,7209133,2019-04-07 12:31:34,btc,3.905878085204226,0.0,0.00000170,btc,480391.92268929,0.03034153,0.2111774881451979,113
1,[],5,[],2019-04-07 12:31:36,0.0,0,0,7209134,2019-04-07 12:31:36,btc,0.0,4.647e-05,0,btc,0.0,0.0,0.0,113
1,[],17,[],2019-04-07 12:31:37,152738.278,0.00000004,0.000000000002058696,7209135,2019-04-07 12:31:37,btc,1.3368030274409373,0.0,0.00000004,btc,51896.221,0.0,0.0022095311199999998,116
0,[],27,[],2019-04-07 12:31:38,0.0,0,0,7209136,2019-04-07 12:31:38,,0.0,0.0,0,,0.0,0.0,0.0,116
1,[],4,[],2019-04-07 12:31:39,63223264.19902796,0.00001265,0.00000000065106261,7209137,2019-04-07 12:31:39,btc,117.83979140568671,0.0,0.00001265,btc,226273.35065529,0.05102978,7.162627476957585,120
1,[],7,[],2019-04-07 12:31:40,9431.6277594,0.00001345999999999999987795352984765173687264905311167240142822265625,0.000000000692751204,7209138,2019-04-07 12:31:40,btc,231200.21197315078,44.7450501,0.00001345999999999999987795352984765173687264905311167240142822265625,btc,10751.86273956,0.00070189,0.0158751735912629,120
1,[],20,[],2019-04-07 12:31:43,1914137.0852,0.000000035,0.000000000001801359,7209139,2019-04-07 12:31:43,btc,32.2497668025648,25528.85,0.000000035,btc,1001975.4986,0.00089350975,0.0152723574729,125
0,[],22,[],2019-04-07 12:31:45,0.0,0,0,7209140,2019-04-07 12:31:45,,0.01444887,0.0,0,,296263.5111111111,0.0,0.0,126
0,[],2,[],2019-01-20 23:25:46,0.0,0,0,6476969,2019-01-20 23:25:46,,0.0,0.0,0,,0.0,0.0,0.0,131
1,[],4,[],2019-04-07 12:31:47,3247870.40641187,0.00001009,0.000000000519306066,7209141,2019-04-07 12:31:47,btc,4.417480854637038,0.0,0.00001009,btc,181761.37858433,0.21973894,0.6099999382681331,131
0,[],17,[],2019-04-07 12:31:48,0.0,0,0,7209142,2019-04-07 12:31:48,btc,0.0953976503951408,0.0,0,btc,5037.62507334,0.0,0.0,131
1,[],4,[],2019-04-07 12:31:49,4735.62487628,0.00011214,0.000000005771554236,7209143,2019-04-07 12:31:49,btc,9.983671993759414,0.0,0.00011214,btc,242.95868326,0.0,0.0111809661882974,135
1,[],3,[],2019-03-07 00:20:44,877702.73244099,0.00000004,0.00000000000154846,6863392,2019-03-07 00:20:44,btc,0.119366241821405,0.0,0.00000004,btc,760637.99421222,0.0,0.023771231960604298,136
1,[],4,[],2019-04-07 12:31:49,2357038.19655395,0.00000100,0.000000000051467399999999996,7209144,2019-04-07 12:31:49,btc,50.32123086036757,0.0,0.00000100,btc,597167.79917538,0.01863865,0.1368162332609442,137
1,[],12,[],2019-04-07 12:31:51,148301.09954749,0.000001039999999999999995289683661636725986454621306620538234710693359375,0.000000000053526096,7209145,2019-04-07 12:31:51,btc,10234.705811496466,0.0,0.000001039999999999999995289683661636725986454621306620538234710693359375,btc,10528.14273091,1.241892108e-05,0.0080388099999891,137
1,[],4,[],2019-04-07 12:31:52,37881.75168084,0.00002879,0.000000001481746446,7209146,2019-04-07 12:31:52,btc,4.815559463969006,0.0,0.00002879,btc,76446.93812611,0.66319496,0.2577369495239139,142
1,[],5,[],2019-04-07 12:31:54,0.0,0,0,7209147,2019-04-07 12:31:54,btc,0.0,0.0693632,0,btc,0.0,0.0,0.0,142
1,[],17,[],2019-04-07 12:31:56,22967.386363640002,0.00000088,0.000000000045291312,7209148,2019-04-07 12:31:56,btc,20.069762067382726,0.0,0.00000088,btc,2746.079105,0.0,0.0104613000000032,142
1,[],20,[],2019-04-07 12:31:57,60382.1244,0.00002855,0.00000000146939427,7209149,2019-04-07 12:31:57,btc,1.3841158758415,0.01,0.00002855,btc,3331.5358,2.855e-07,0.0449703091226,142
1,[],22,[],2019-04-07 12:32:00,1621.0,0.00001020,0.0000000005249674799999999,7209150,2019-04-07 12:32:00,BTC,3.27948712,0.0,0.00001020,BTC,1169.5278181818182,0.0,0.0007584,142
0.0,[],25,[],2019-04-07 12:32:01,0.0,0,0,7209151,2019-04-07 12:32:01,,0.0,0.0,0.0,btc,0.0,0.0,0.0,142
1,[],28,[],2019-04-07 12:32:09,77757.207,0.00004735,0.0000000024369813899999998,7209152,2019-04-07 12:32:09,btc,0.0477314554747,1989.0,0.00004735,btc,312.37303,0.0,0.01634985145,142
0,[],22,[],2019-04-07 12:32:11,0.0,0,0,7209153,2019-04-07 12:32:11,,62.98070713,0.0,0,,767832216.8,0.0,0.0,143
0,[],22,[],2019-02-25 15:42:22,0.0,0,0,6783783,2019-02-25 15:42:22,,4.2131946,0.0,0,,2322156.0,0.0,0.0,146
,[],22,[],2018-11-20 23:01:11,0.0,0,0,4862114,2018-11-20 23:01:11,,2.56807021,0.0,,,61828.4988236,0.0,0.0,147
1,[],12,[],2019-04-07 12:32:13,258239.94442637,0.0000020399999999999999500377954875229846720685600303113460540771484375,0.00000000010499349599999999,7209154,2019-04-07 12:32:13,btc,9.696194038839819,0.0,0.0000020399999999999999500377954875229846720685600303113460540771484375,btc,106386.49999209,0.0,0.0108957599999631,148
1,[],4,[],2019-03-19 21:31:25,255810.0415942,0.00000029,0.000000000011615747,6982695,2019-03-19 21:31:25,btc,218.94922712414143,0.0,0.00000029,btc,793529.37642722,0.00117,0.0608347789473395,152
0,[],22,[],2019-03-19 21:31:27,0.0,0,0,6982696,2019-03-19 21:31:27,,0.0,0.0,0,,0.0,0.0,0.0,152
1,[],5,[],2019-04-07 12:32:15,0.0,0,0,7209155,2019-04-07 12:32:15,btc,0.0,0.0,0,btc,0.0,0.0,0.0,153
,[],16,[],2019-01-11 15:38:59,0.0,0,0,6366141,2019-01-11 15:38:59,btc,0.0,0.0,,btc,0.0,0.0,0.0,155
0,[],23,[],2019-01-20 23:24:29,0.0,0,0,6476932,2019-01-20 23:24:29,,0.0,0.0,0,,0.0,0.0,0.0,156
0,[],22,[],2019-04-07 12:32:17,0.0,0,0,7209156,2019-04-07 12:32:17,,6.80640151,0.0,0,,4675792.242592593,0.0,0.0,156
1,[],22,[],2019-04-07 12:32:20,7066.0,0.00000800,0.00000000041173919999999997,7209157,2019-04-07 12:32:20,BTC,1.79802465,0.0,0.00000800,BTC,802.6461988741639,0.0,0.00062996,157
0,[],22,[],2019-04-07 12:32:22,0.0,0,0,7209158,2019-04-07 12:32:22,,50234.63122879,0.0,0,,55030636.03179465,0.0,0.0,158
,[],17,[],2018-11-20 22:56:10,0.0,0,0,4861976,2018-11-20 22:56:10,btc,1.1265625,0.0,,btc,1000.0,0.0,0.0,159
,[],20,[],2018-11-20 22:56:12,0.0,0,0,4861977,2018-11-20 22:56:12,btc,11912.7940471,0.0,,btc,34413894.3617,0.0,0.0,159
1,[],12,[],2019-04-07 12:32:24,245529.83488062,0.0000061199999999999998501133864625689540162056800909340381622314453125,0.000000000314980488,7209159,2019-04-07 12:32:24,btc,17.95181419862071,0.0,0.0000061199999999999998501133864625689540162056800909340381622314453125,btc,10232.34667815,0.0031806320397534,0.1112936897999809,168
1,[],17,[],2019-04-07 12:32:25,22852.0,0.00000001,0.000000000000514674,7209160,2019-04-07 12:32:25,btc,0.04106974251542,0.0,0.00000001,btc,256.46171372,0.0,0.00022852000000000001,168
1,[],22,[],2019-04-07 03:35:46,993744.0,0.00000001,0.000000000000511532,7204372,2019-04-07 03:35:46,BTC,45.65738194,0.0,0.00000001,BTC,529106.1947107811,0.0,0.00993744,169
1,[],22,[],2019-04-07 12:32:28,640018.6666666666,0.00000005,0.00000000000257337,7209161,2019-04-07 12:32:28,BTC,11.28981243,0.0,0.00000005,BTC,121855.29625227844,0.0,0.01551998,171
1,[],22,[],2019-04-01 09:30:11,464224.0,0.00000029,0.000000000011989963000000002,7131874,2019-04-01 09:30:11,BTC,2.300003,0.0,0.00000029,"BTC,LTC",295879.07579844765,0.00203181,0.12689866,173
1,[],5,[],2019-04-07 12:32:30,0.0,0,0,7209162,2019-04-07 12:32:30,btc,0.0,0.00764616,0,btc,0.0,0.0,0.0,175
1,[],22,[],2019-04-07 12:32:33,634768.6666666666,0.00000003,0.000000000001544022,7209163,2019-04-07 12:32:33,BTC,0.52441472,0.0,0.00000003,BTC,129184.40469601455,2.78e-06,0.00704306,176
0,[],2,[],2019-01-20 23:28:34,0.0,0,0,6477001,2019-01-20 23:28:34,,0.0,0.0,0,,0.0,0.0,0.0,178
1,[],7,[],2019-04-07 12:32:35,0.0,0,0,7209164,2019-04-07 12:32:35,btc,410871.43594906956,20000.0,0,btc,47447347.23671812,0.0,0.0,178
0,[],22,[],2019-04-07 12:32:38,0.0,0,0,7209165,2019-04-07 12:32:38,,1.00242438,0.0,0,,57522.0,0.0,0.0,178
0,[],23,[],2019-01-20 23:25:08,0.0,0,0,6476952,2019-01-20 23:25:08,,0.0,0.0,0,,0.0,0.0,0.0,179
1,[],5,[],2019-04-07 12:32:40,0.0,0,0,7209166,2019-04-07 12:32:40,btc,0.0,0.1820932,0,btc,0.0,0.0,0.0,179
1,[],22,[],2019-04-07 12:32:43,833807.0,0.00000001,0.000000000000514674,7209167,2019-04-07 12:32:43,BTC,5.52123924,0.0,0.00000001,BTC,17683112.192249708,0.00032751,0.00833807,179
1,[],17,[],2019-04-07 12:32:45,10504.725,0.0000001,0.00000000000514674,7209168,2019-04-07 12:32:45,btc,5.201069583842635,0.0,0.0000001,btc,5033.45945,0.0,0.0010504725,180
1,[],22,[],2019-04-07 12:32:48,671970.2973262032,0.00000055,0.00000000002830707,7209169,2019-04-07 12:32:48,BTC,38.03645013,0.0,0.00000055,"BTC,LTC",131471.8594236411,0.0,0.55995229,180
1,[],26,[],2019-04-07 12:32:49,0.0,0.00000125,0.00000000006433425,7209170,2019-04-07 12:32:49,btc,0.0,50.0,0.00000125,btc,0.0,0.0,0.0,180
,[],7,[],2018-11-20 22:58:01,562227.975654,0.00000085,0.000000000036176765,4862015,2018-11-20 22:58:01,btc,21836.6059674,2491.87645172,,btc,749999.041456,0.00211021,0.127565380455,183
,[],5,[],2019-01-10 08:11:41,0.0,0,0,6347036,2019-01-10 08:11:41,btc,82.15055501,0.00261,,btc,1.19002445,0.0,0.0,187
,[],17,[],2018-11-16 20:58:10,4062536.27273,0.00000001,0.000000000000550501,4708775,2018-11-16 20:58:10,btc,3.36492563466,0.195460381006,,"btc,eth",110697919.549,0.0,0.0157628953496,187
1,[],24,[],2019-04-07 12:32:50,0.0,0.000000000014,7.205436e-16,7209171,2019-04-07 12:32:50,btc,0.0,0.0,0.000000000014,btc,0.0,0.0,0.0,187
1,[],22,[],2019-03-26 06:20:29,12315.0,0.00000001,0.00000000000039339800000000003,7044441,2019-03-26 06:20:29,BTC,7.56699454,0.0,0.00000001,BTC,79361.7243344055,0.0,0.00012315,191
0,[],22,[],2019-04-07 12:33:03,0.0,0,0,7209172,2019-04-07 12:33:03,,0.0,0.0,0,,0.0,0.0,0.0,197
0,[],23,[],2019-01-20 23:31:41,0.0,0,0,6477079,2019-01-20 23:31:41,,0.0,0.0,0,,0.0,0.0,0.0,199
0.00000000018195110000000002,[],22,[],2019-04-07 12:33:06,101000000.0,1.8195110000000002e-18,9.36455004414e-23,7209173,2019-04-07 12:33:06,LTC,5.45812985,0.0,0.00000001,LTC,26942169.15,0.0,1.01,199
1,[],26,[],2019-04-07 12:33:06,0.0,0.00000000,0,7209174,2019-04-07 12:33:06,btc,0.0,135537.0,0.00000000,btc,0.0,0.0,0.0,199
0,[],2,[],2019-01-20 23:30:49,0.0,0,0,6477059,2019-01-20 23:30:49,,0.0,0.0,0,,0.0,0.0,0.0,201
1,[],4,[],2019-01-25 15:51:35,2084389.58565343,0.00000936,0.000000000333526752,6499557,2019-01-25 15:51:35,btc,2.0092503037378524,0.0,0.00000936,btc,160195.80207885,0.19272417,1.242687955921835,211
1,[],7,[],2019-04-07 12:33:10,3106150.29215829,0.00000110000000000000005610204141526242693771564518101513385772705078125,0.000000000056614140000000004,7209175,2019-04-07 12:33:10,btc,15586195.414241955,224331.812717,0.00000110000000000000005610204141526242693771564518101513385772705078125,btc,13346166.91921157,0.0,2.4874712810199218,212
1,[],12,[],2019-01-25 02:44:32,207462.42853209,0.000001080000000000000035831255497387193287295303889550268650054931640625,0.000000000038610756000000006,6493050,2019-01-25 02:44:32,btc,85023.03793723314,0.0,0.000001080000000000000035831255497387193287295303889550268650054931640625,btc,43675.73520027,0.000146250909087,0.0348620860622024,213
1,[],5,[],2019-04-07 12:33:12,0.0,0,0,7209176,2019-04-07 12:33:12,btc,0.0,0.20957346,0,btc,0.0,0.0,0.0,213
1,[],24,[],2019-04-07 12:33:12,0.0,0.000000220000,0.000000000011322828,7209177,2019-04-07 12:33:12,btc,0.0,0.0,0.000000220000,btc,0.0,0.0,0.0,213
1,[],26,[],2019-04-07 12:33:12,0.0,0.00000040,0.00000000002058696,7209178,2019-04-07 12:33:12,btc,0.0,0.0,0.00000040,btc,0.0,0.0,0.0,213
1,[],22,[],2019-04-07 12:33:15,435836.0,0.00000001,0.000000000000514674,7209179,2019-04-07 12:33:15,BTC,9.52190871,0.0,0.00000001,BTC,1112735.9818427025,0.0019,0.00435836,216
0,[],27,[],2019-04-07 12:33:51,0.0,0,0,7209180,2019-04-07 12:33:51,,0.0,0.0,0,,0.0,0.0,0.0,216
1,[],22,[],2019-04-07 12:33:54,548356.9254368357,0.00000184,0.000000000094700016,7209181,2019-04-07 12:33:54,BTC,12043.58467338,0.0,0.00000184,BTC,299401.4656502684,0.19027202,0.37446972,217
1,[],7,[],2019-04-07 12:33:55,0.0,0,0,7209182,2019-04-07 12:33:55,btc,77969.70443924062,0.0,0,btc,136424979.15198368,0.0,0.0,219
0,[],27,[],2019-04-07 12:33:56,0.0,0,0,7209183,2019-04-07 12:33:56,,0.0,0.0,0,,0.0,0.0,0.0,219
0.000000000000006400000000000001,[],28,[],2019-04-07 12:34:05,260583042.382,4.8e-18,2.4704352000000002e-22,7209184,2019-04-07 12:34:05,doge,110027.274445124,1635538.4662,0.00075000,"btc,doge",16114235.13126,0.0,1.2655907667764992e-11,219
1,[],22,[],2019-04-02 19:32:29,694653.0,0.00000007,0.00000000000330008,7153804,2019-04-02 19:32:29,BTC,2.83309452,0.0,0.00000007,BTC,94373.03430328587,0.00135954,0.03572421,221
1,[],24,[],2019-04-02 19:32:29,0.0,0.000000140000,0.00000000000660016,7153805,2019-04-02 19:32:29,btc,0.0,0.0,0.000000140000,btc,0.0,0.0,0.0,221
1,[],20,[],2019-03-31 04:10:59,44278413.4439,0.000000004,0.0000000000001637328,7116160,2019-03-31 04:10:59,btc,505.9313517634928,196869.539,0.000000004,btc,19332181.9792,0.000787478156,0.0533873483986,224
0,[],22,[],2019-03-31 04:11:02,0.0,0,0,7116161,2019-03-31 04:11:02,,0.0,0.0,0,,0.0,0.0,0.0,224
1,[],26,[],2019-04-07 12:34:05,0.0,0.00000022,0.000000000011322828,7209185,2019-04-07 12:34:05,btc,0.0,0.0,0.00000022,btc,0.0,0.0,0.0,231
1,[],26,[],2019-04-07 12:34:05,0.0,0.00000005,0.00000000000257337,7209186,2019-04-07 12:34:05,btc,0.0,100.0,0.00000005,btc,0.0,0.0,0.0,234
0,[],27,[],2019-04-07 12:34:45,0.0,0,0,7209187,2019-04-07 12:34:45,,0.0,0.0,0,,0.0,0.0,0.0,234
1,[],4,[],2019-04-07 12:34:46,17353977.67142996,0.00000080,0.00000000004117392,7209188,2019-04-07 12:34:46,btc,4.903574907108519,0.0,0.00000080,btc,1302984.57777838,0.02656733,0.3958665533546842,236
1,[],24,[],2019-04-07 12:34:46,0.0,0.000000500000,0.000000000025733699999999998,7209189,2019-04-07 12:34:46,btc,0.0,0.0,0.000000500000,btc,0.0,0.0,0.0,236
1,[],20,[],2019-04-07 12:34:48,76423640.0532,0.000000034,0.0000000000017498916,7209190,2019-04-07 12:34:48,btc,481.9706398485685,10870626.8593,0.000000034,btc,30556668.6324,0.3900340257452,0.6437877593738,237
1,[],22,[],2019-04-07 12:34:51,795976.9,0.00000001,0.000000000000514674,7209191,2019-04-07 12:34:51,BTC,1.20377519,0.0,0.00000001,"BTC,LTC",18869.0,0.0,0.12586331,237
1,[],4,[],2019-04-07 12:34:53,5115296.65752864,0.00000035,0.00000000001801359,7209192,2019-04-07 12:34:53,btc,4.208804519173431,0.0,0.00000035,btc,7749211.64103753,0.35783325,1.1957749545777412,238
1,[],5,[],2019-04-07 12:34:54,0.0,0,0,7209193,2019-04-07 12:34:54,btc,0.0,0.34359295,0,btc,0.0,0.0,0.0,238
0,[],22,[],2019-03-12 16:49:32,0.0,0,0,6914458,2019-03-12 16:49:32,,0.40415746,0.0,0,,526736.5639027493,0.0,0.0,249
0.00000000018195110000000002,[],22,[],2019-04-07 12:35:15,19004994.0,1.8195110000000002e-18,9.36455004414e-23,7209194,2019-04-07 12:35:15,LTC,2.81459645,0.0,0.00000001,LTC,31436785.080740742,1.901125165905e-12,0.19004994,252
1,[],28,[],2019-04-07 12:35:36,1706052.473,0.00000085,0.00000000004374729,7209195,2019-04-07 12:35:36,btc,164694.09823016645,409072.5027,0.00000085,btc,437821.0838,0.0,0.8724730775,256
1,[],22,[],2019-04-07 12:35:40,1243358.5,0.00000002,0.000000000001029348,7209196,2019-04-07 12:35:40,BTC,21.75700264,0.0,0.00000002,"BTC,LTC",545178.2454253442,0.0,0.01333363,258
1,[],22,[],2019-03-13 00:07:30,47146.0,0.00000001,0.000000000000387233,6917028,2019-03-13 00:07:30,BTC,2.415167,0.0,0.00000001,BTC,157.0,0.0,0.00047146,259
1,[],5,[],2019-04-07 12:35:42,0.0,0,0,7209197,2019-04-07 12:35:42,btc,0.0,0.25003683,0,btc,0.0,0.0,0.0,264
1,[],20,[],2019-04-07 12:35:44,1262821.2871,0.00000144,0.000000000074113056,7209198,2019-04-07 12:35:44,btc,4.7258979597369,98147.5367,0.00000144,btc,95069.8142,0.201202450235,0.0268124239514,264
0,[],22,[],2019-04-07 12:35:46,0.0,0,0,7209199,2019-04-07 12:35:46,,66.41067466,0.0,0,,640842.4233983938,0.0,0.0,271
0,[],22,[],2019-04-07 12:35:49,0.0,0,0,7209200,2019-04-07 12:35:49,,111843.11266242,0.0,0,,14245627424.692,0.0,0.0,272
0.000000000000006400000000000001,[],28,[],2019-04-07 12:35:57,257616479557.083,2.8800000000000002e-21,1.48226112e-25,7209201,2019-04-07 12:35:57,doge,44519166.472694054,177745117.584,0.00000045,doge,249823659462.3362,0.0,6.093599966888737e-10,272
1,[],22,[],2019-04-07 12:36:00,225244.41176470587,0.00000017,0.000000000008749458,7209202,2019-04-07 12:36:00,BTC,79.78780165,0.0,0.00000017,BTC,47308.27777201752,0.0,0.01883593,281
1,[],22,[],2019-04-07 12:36:04,929775.5317460317,0.00000009,0.000000000004632066,7209203,2019-04-07 12:36:04,BTC,1.42423214,0.0,0.00000009,BTC,255651.15434427268,0.01096707,0.05841035,286
0,[],22,[],2019-04-07 12:36:06,0.0,0,0,7209204,2019-04-07 12:36:06,,1044974.57066254,0.0,0,,1132418521.4347825,0.0,0.0,294
