pairValue,buyBook,exchangeId,sellBook,updated,buyTotal,satoshiPrice,usdPrice,exchangeLogId,created,bestPair,sellTotalBtc,volume,pairPrice,activePairs,sellTotal,volumeBtc,buyTotalBtc,coinId
1,[],3,[],2019-06-21 10:00:35,33012.087847669034,0.01050286999999999922039695121611657668836414813995361328125,0.000001027668019167999884085345334,7748160,2019-06-21 10:00:35,btc,10.869882644377237,59.7163017738,0.01050286999999999922039695121611657668836414813995361328125,btc,19.112068268421,0.0,0.42365526453207036,1
1,[],4,[],2019-06-21 10:00:35,353351.90069689,0.01120000,0.000001095879679999999957736029044,7748161,2019-06-21 10:00:35,btc,8.990827691461535,0.0,0.01120000,btc,411.50459727,16.44207809,2.3278126537338673,1
1,[],5,[],2019-06-21 10:00:37,0.0,0,0,7748162,2019-06-21 10:00:37,btc,0.0,0.00893897,0,btc,0.0,0.0,0.0,1
1,[],10,[],2019-06-21 10:00:39,314573.03835731,0.0044,0.00000043052416,7748163,2019-06-21 10:00:39,btc,6512.204684087138,1647.15673243,0.0044,btc,1377.69250284,0.0,1.8773406478916317,1
1,[],12,[],2019-06-21 10:00:42,97.46387409,0.011079999999999999571453912494689575396478176116943359375,0.000001084138111999999916257165408,7748164,2019-06-21 10:00:42,btc,0.2894508821808,0.0,0.011079999999999999571453912494689575396478176116943359375,btc,25.07676382,2.733381062011,0.3002523453914,1
1,[],20,[],2019-06-21 10:00:44,918.9302,0.01111001,0.000001087074482463999958075612504,7748165,2019-06-21 10:00:44,btc,0.1765319148923,0.4079,0.01111001,btc,13.1218,0.004645009904,0.1344141204019,1
1,[],21,[],2019-06-21 10:00:45,1820.28887146,0.01110151000000000019729551326,0.000001086242788063999977412343547,7748166,2019-06-21 10:00:45,btc,12.306423600428236,3961.61356118,0.01110151000000000019729551326008731848560273647308349609375,"btc,eth",1421.85750226,39.454995556834525,15.973203721005806,1
1,[],22,[],2019-06-21 10:00:49,0.0395979803020197,0.01000001,0.000000978464978464,7748167,2019-06-21 10:00:49,BTC,0.01666796,0.0,0.01000001,BTC,0.25318100557485945,0.0,0.00021887,1
1,[],24,[],2019-06-21 10:00:50,0.0,0.000000000000,0,7748168,2019-06-21 10:00:50,btc,0.0,0.0,0.000000000000,btc,0.0,0.0,0.0,1
0.0,[],25,[],2019-06-21 10:00:50,0.0,0,0,7748169,2019-06-21 10:00:50,btc,48.849999998313656,3186.18787131,0.0,btc,4304.49967132,35.49,0.0,1
1,[],26,[],2019-06-21 10:01:20,0.0,0,0,7748170,2019-06-21 10:01:20,,0.0,0.0,0,,0.0,0.0,0.0,1
0,[],28,[],2019-06-21 10:01:21,0.0,0,0,7748171,2019-06-21 10:01:21,,0.0,0.0,0,,0.0,0.0,0.0,1
0,[],2,[],2019-01-20 23:28:45,0.0,0,0,6477011,2019-01-20 23:28:45,,0.0,0.0,0,,0.0,0.0,0.0,1
1,[],5,[],2019-06-17 14:29:02,0.0,0,0,7740076,2019-06-17 14:29:02,btc,0.0,2.72e-05,0,btc,0.0,0.0,0.0,2
1,[],22,[],2019-06-17 14:29:06,11550.3,0.0000002,0.0000000000185828,7740077,2019-06-17 14:29:06,BTC,21.00897301,0.0,0.0000002,"BTC,XMR",20678.87287795317,1.754e-05,0.00143681,2
1,[],5,[],2019-06-03 14:48:58,0.0,0,0,7731126,2019-06-03 14:48:58,btc,0.0,0.05905545,0,btc,0.0,0.0,0.0,3
1,[],12,[],2019-06-03 14:48:59,3468623.70302,0.000000116,0.000000000009823402000000002,7731127,2019-06-03 14:48:59,btc,169531.0336573751,0.0,0.000000116,btc,2361209.62379607,0.041350953071,0.33764769154428,3
0,[],28,[],2019-06-03 14:49:00,0.0,0,0,7731128,2019-06-03 14:49:00,,0.0,0.0,0,,0.0,0.0,0.0,3
0,[],2,[],2019-01-20 23:31:32,0.0,0,0,6477077,2019-01-20 23:31:32,,0.0,0.0,0,,0.0,0.0,0.0,4
1,[],4,[],2019-05-18 21:29:50,562734.9206932,0.00000010,0.000000000007298720000000001,7650946,2019-05-18 21:29:50,btc,41.9347137769675,0.0,0.00000010,btc,1123702.32192634,0.00052462,0.029254593370966,4
0,[],12,[],2019-06-02 05:03:43,0.0,0,0,7724919,2019-06-02 05:03:43,btc,625.901992874995,0.0,0,btc,1211362.4995005,0.0,0.0,5
0,[],2,[],2019-01-20 23:31:51,0.0,0,0,6477087,2019-01-20 23:31:51,,0.0,0.0,0,,0.0,0.0,0.0,6
1,[],11,[],2019-06-21 10:01:23,5375894.076736,0.00000002,0.000000000001956928,7748172,2019-06-21 10:01:23,btc,9583.531581907093,1009530.66667,0.00000002,btc,73308645.95688245,0.0,0.06758688876736,6
1,[],3,[],2019-06-21 10:01:23,12431.22728903357,0.000085259999999999993452494406742658838993520475924015045166015625,0.000000008342384063999999,7748173,2019-06-21 10:01:23,btc,2027.8297662840744,383.237283558,0.000085259999999999993452494406742658838993520475924015045166015625,btc,394.627047325782,0.0,0.03271992394339705,7
1,[],4,[],2019-06-21 10:01:24,301015.71272478,0.00008610,0.000000008424575039999999,7748174,2019-06-21 10:01:24,btc,8.508521393394146,0.0,0.00008610,btc,64109.92920736,2.35562797,2.081852493163853,7
1,[],5,[],2019-06-21 10:01:25,0.0,0,0,7748175,2019-06-21 10:01:25,btc,0.0,0.07291351,0,btc,0.0,0.0,0.0,7
1,[],20,[],2019-04-07 22:06:50,3201475.0482,0.000000001,0.000000000000051590000000000004,7213932,2019-04-07 22:06:50,btc,30.8005781811902,0.0,0.000000001,btc,23077405.3926,0.0,0.0032014750482,8
0,[],2,[],2019-01-20 23:22:42,0.0,0,0,6476876,2019-01-20 23:22:42,,0.0,0.0,0,,0.0,0.0,0.0,9
0,[],23,[],2019-01-20 23:22:48,0.0,0,0,6476878,2019-01-20 23:22:48,,0.0,0.0,0,,0.0,0.0,0.0,9
1,[],4,[],2019-06-21 10:01:27,1610848.78711969,0.00000056,0.000000000054793984,7748176,2019-06-21 10:01:27,btc,2.873246657682605,0.0,0.00000056,btc,2664741.82682717,0.64178009,0.4018692406853244,9
0,[],28,[],2019-06-21 10:01:28,0.0,0,0,7748177,2019-06-21 10:01:28,,0.0,0.0,0,,0.0,0.0,0.0,9
1,[],1,[],2019-02-17 23:31:42,1822507.21,0.00000181000000000000003456111265232042484285557293333113193511962890625,0.000000000066086901,6701244,2019-02-17 23:31:42,btc,3.6990969245,17153386.5,0.00000181000000000000003456111265232042484285557293333113193511962890625,btc,1997391.71,31.11772986,3.2610482446,9
1,[],4,[],2019-02-17 11:22:43,4341674.27126056,0.00000002,0.0000000000007272960000000001,6696112,2019-02-17 11:22:43,btc,0.1997230937751353,0.0,0.00000002,btc,4109766.79808031,0.00215132,0.0479381022052112,10
1,[],4,[],2019-06-21 10:01:29,39505569.51331042,0.00000031,0.000000000030332384,7748178,2019-06-21 10:01:29,btc,7.677165669137708,0.0,0.00000031,btc,9262484.79188036,1.71275781,1.7728799655601373,12
1,[],5,[],2019-06-21 10:01:30,0.0,0,0,7748179,2019-06-21 10:01:30,btc,0.0,0.02409738,0,btc,0.0,0.0,0.0,12
0.0,[],25,[],2019-06-21 10:01:31,0.0,0,0,7748180,2019-06-21 10:01:31,,0.0,0.0,0.0,btc,0.0,0.0,0.0,12
0,[],2,[],2019-01-20 23:23:08,0.0,0,0,6476890,2019-01-20 23:23:08,,0.0,0.0,0,,0.0,0.0,0.0,12
1,[],10,[],2019-06-21 08:00:17,664284.17488319,0.00000368,0.00000000035787006399999996,7747889,2019-06-21 08:00:17,btc,666797.3538205724,36451.8420369,0.00000368,btc,883331.17391036,0.0,0.3712917300926915,13
1,[],4,[],2019-06-21 10:01:32,434291.70383788,0.00000373,0.000000000364967072,7748181,2019-06-21 10:01:32,btc,1.929393178314162,0.0,0.00000373,btc,309116.1820978,0.60735398,0.2440589841751481,13
1,[],21,[],2019-06-21 10:01:36,4324045.45949031,0.000003800000000000000039801061752,0.00000000037181632,7748182,2019-06-21 10:01:36,btc,3.51653776110349,555889.41826337,0.0000038000000000000000398010617519428677724135923199355602264404296875,btc,742930.2126409,2.15595914,3.3930652015760816,13
1,[],4,[],2019-06-21 10:01:36,1251852.65781624,0.00000064,0.000000000062621696,7748183,2019-06-21 10:01:36,btc,9.744380358877713,0.0,0.00000064,btc,888091.83229531,0.22258926,0.2338247648795008,14
1,[],12,[],2019-06-21 10:01:38,218230.077019,0.00000055,0.00000000005381552,7748184,2019-06-21 10:01:38,btc,184.2542107350768,0.0,0.00000055,btc,27027.75357547,4.755245e-06,0.016725779999973798,14
1,[],26,[],2019-06-21 10:03:38,0.0,0.00000050,0.000000000048923199999999997,7748185,2019-06-21 10:03:38,btc,0.0,0.0,0.00000050,btc,0.0,0.0,0.0,14
0,[],17,[],2019-05-03 00:53:32,0.0,0,0,7558876,2019-05-03 00:53:32,btc,0.0,0.0,0,btc,0.0,0.0,0.0,14
0,[],4,[],2019-06-21 10:03:39,0.0,0,0,7748186,2019-06-21 10:03:39,,0.0,0.0,0,,0.0,0.0,0.0,15
,[],12,[],2018-12-01 15:15:48,204241.84496,0.00000489,0.000000000202473384,5260204,2018-12-01 15:15:48,btc,49.5475654835,0.0,,btc,35763.2193806,0.0163153972027625,0.0203389899998,15
1,[],4,[],2019-06-21 10:03:40,33330.58937697,0.00000996,0.0000000009745501439999999,7748187,2019-06-21 10:03:40,btc,2.460349384371887,0.0,0.00000996,btc,17194.15056349,0.0303893,0.0617904042857514,18
1,[],10,[],2019-06-21 10:03:42,275320.3688191,0.00001031,0.0000000010087963839999998,7748188,2019-06-21 10:03:42,btc,14.90602468359466,13136.4598987,0.00001031,btc,11686.93323939,0.0,0.1268856962628601,18
1,[],12,[],2019-06-21 10:03:44,3149.94832272,0.000011029999999999999426756290554774153633843525312840938568115234375,0.000000001079245792,7748189,2019-06-21 10:03:44,btc,0.5367847978626132,0.0,0.000011029999999999999426756290554774153633843525312840938568115234375,btc,1909.29471369,1.820021e-06,0.009201276457837299,18
0,[],2,[],2019-01-20 23:23:38,0.0,0,0,6476906,2019-01-20 23:23:38,,0.0,0.0,0,,0.0,0.0,0.0,18
0,[],17,[],2019-05-03 00:53:39,0.0,0,0,7558882,2019-05-03 00:53:39,btc,0.0,0.0,0,btc,0.0,0.0,0.0,18
1,[],3,[],2019-06-21 10:05:45,155961.2798825552,0.000009500000000000000523019128007007338965195231139659881591796875,0.0000000009295408,7748190,2019-06-21 10:05:45,btc,191.55925858499825,13862.9553515,0.000009500000000000000523019128007007338965195231139659881591796875,btc,21251.96260652027,0.0,0.07879712890686277,19
1,[],4,[],2019-06-21 10:05:46,343370.95593811,0.00001063,0.000000001040107232,7748191,2019-06-21 10:05:46,btc,7.187274973343305,0.0,0.00001063,btc,276964.84718117,0.47437177,1.6433314651244204,19
1,[],5,[],2019-06-21 10:05:47,0.0,0,0,7748192,2019-06-21 10:05:47,btc,0.0,0.01277807,0,btc,0.0,0.0,0.0,19
1,[],12,[],2019-06-21 10:05:49,109050.42899075,0.0000070199999999999997035075686990790444497179123573005199432373046875,0.000000000686881728,7748193,2019-06-21 10:05:49,btc,0.3682833486239247,0.0,0.0000070199999999999997035075686990790444497179123573005199432373046875,btc,2973.67008334,0.0,0.020017431376329,19
0,[],27,[],2019-06-21 10:05:54,0.0,0,0,7748194,2019-06-21 10:05:54,,0.0,0.0,0,btc,0.0,0.0,0.0,19
0,[],2,[],2019-01-20 23:24:19,0.0,0,0,6476924,2019-01-20 23:24:19,,0.0,0.0,0,,0.0,0.0,0.0,19
1,[],4,[],2019-06-21 10:05:55,10208097.23656777,0.00000005,0.0000000000048923199999999995,7748195,2019-06-21 10:05:55,btc,6.349218640187786,0.0,0.00000005,btc,2208335.2064439,0.01241812,0.1229147238096551,20
0,[],4,[],2019-06-21 10:05:56,0.0,0,0,7748196,2019-06-21 10:05:56,,5367.794656750465,0.0,0,,83371698.26581892,0.0,0.0,21
0,[],12,[],2019-06-21 10:05:57,0.0,0,0,7748197,2019-06-21 10:05:57,btc,2603.6057869046153,0.0,0,btc,7575442.25974023,7.056943e-05,0.0,21
0,[],17,[],2019-05-03 00:53:51,0.0,0,0,7558891,2019-05-03 00:53:51,btc,0.0,0.0,0,btc,0.0,0.0,0.0,21
1,[],12,[],2019-06-21 10:07:59,5507950080.277,0.0000000004,0.00000000000003913856,7748198,2019-06-21 10:07:59,btc,1426620268574.8362,0.0,0.0000000004,btc,2499187567.011988,0.31922389183,1.3331368580108003,23
0.0000000002969137,[],27,[],2019-06-21 10:08:04,58120983.0,8.907411e-18,8.715580996704e-22,7748199,2019-06-21 10:08:04,eth,1048.5261174770806,24410169.6,0.00000003,eth,5152071.24779221,2.17431413800733e-10,2.53676007641351e-10,23
1,[],4,[],2019-06-21 10:08:05,6067562.90663314,0.00000016,0.000000000015655424,7748200,2019-06-21 10:08:05,btc,10.223512321484472,0.0,0.00000016,btc,1776660.025362,0.00010102,0.1294603275800017,24
0,[],22,[],2019-06-21 10:08:07,0.0,0,0,7748201,2019-06-21 10:08:07,,6.22e-05,0.0,0,,517.4264705882352,0.0,0.0,24
0.0,[],25,[],2019-06-21 10:08:08,0.0,0,0,7748202,2019-06-21 10:08:08,,0.0,0.0,0.0,btc,0.0,0.0,0.0,24
1,[],4,[],2019-06-21 10:08:09,26941441.08057547,0.00000450,0.0000000004403088,7748203,2019-06-21 10:08:09,btc,7.775274716711082,0.0,0.00000450,btc,204926.27978111,0.0898933,0.4618446410327127,26
1,[],10,[],2019-06-21 10:08:11,222709.74120004,0.00000401,0.00000000039236406399999994,7748204,2019-06-21 10:08:11,btc,25.266751364632718,7789.33661795,0.00000401,btc,19881.28046896,0.0,0.051690583877758,26
0,[],2,[],2019-01-20 23:25:56,0.0,0,0,6476976,2019-01-20 23:25:56,,0.0,0.0,0,,0.0,0.0,0.0,26
1,[],5,[],2019-04-26 09:47:06,0.0,0,0,7465326,2019-04-26 09:47:06,btc,0.0,0.0,0,btc,0.0,0.0,0.0,27
1,[],3,[],2019-06-17 14:30:26,13571825.64059417,0.00000001,0.00000000000092914,7740112,2019-06-17 14:30:26,btc,3.485049956644059,4264730.43754,0.00000001,btc,23500048.28518193,0.0,0.1357182564059417,27
1,[],11,[],2019-06-17 14:30:28,2031833.58157834,0.00000001,0.00000000000092914,7740113,2019-06-17 14:30:28,btc,67502.92060589766,32677.9652116,0.00000001,btc,6487362.95640949,0.0,0.0203183358157834,27
1,[],4,[],2019-06-21 10:08:12,998397044.4613408,0.00000001,0.000000000000978464,7748205,2019-06-21 10:08:12,btc,6.165857087876569,0.0,0.00000001,"btc,ltc",411755805.0612949,0.04246036,6.323142557659277,29
1,[],7,[],2019-06-21 10:08:14,88246545.39145988,0.00000001,0.000000000000978464,7748206,2019-06-21 10:08:14,btc,46548272.35334138,0.0,0.00000001,btc,44547616.98464044,0.0,0.8824654539145989,29
1,[],4,[],2019-06-21 10:08:15,15535131.87331458,0.00000005,0.0000000000048923199999999995,7748207,2019-06-21 10:08:15,btc,2.5886069753308303,0.0,0.00000005,btc,2238109.19211373,0.00025,0.1735170435910232,30
0,[],17,[],2019-05-03 01:11:25,0.0,0,0,7559066,2019-05-03 01:11:25,btc,0.0,0.0,0,btc,0.0,0.0,0.0,30
1,[],4,[],2019-06-21 10:10:15,207610.44713263,0.00004555,0.00000000445690352,7748208,2019-06-21 10:10:15,btc,4.350075784745604,0.0,0.00004555,btc,58978.73943156,0.55576542,0.59545411831236,31
1,[],21,[],2019-06-21 10:10:17,87868.74930077,0.00004420999999999999853939752770,0.000000004325789344,7748209,2019-06-21 10:10:17,btc,5.576214638559475,162232.17801627,0.000044209999999999998539397527697047962647047825157642364501953125,btc,109369.10808728,7.49825729,2.7550094727070857,31
0,[],2,[],2019-01-20 23:28:43,0.0,0,0,6477009,2019-01-20 23:28:43,,0.0,0.0,0,,0.0,0.0,0.0,32
0,[],4,[],2019-06-21 10:10:18,0.0,0,0,7748210,2019-06-21 10:10:18,,0.0,0.0,0,,0.0,0.0,0.0,33
1,[],12,[],2019-03-30 07:55:10,40641173.964,0.00000003,0.000000000001228359,7108785,2019-03-30 07:55:10,btc,4233210.82356125,0.0,0.00000003,btc,28378394.68333462,0.0126927883965248,0.90752895892,33
0.0000000001409485,[],4,[],2019-06-21 10:10:20,148380947.83434603,6.765528000000001e-17,6.6198255889920004e-21,7748211,2019-06-21 10:10:20,ltc,4.103483870602802,0.0,0.00000048,ltc,160343155.0537575,0.0,8.725995967404913e-10,34
1,[],5,[],2019-06-21 10:10:21,0.0,0,0,7748212,2019-06-21 10:10:21,btc,0.0,0.06788709,0,btc,0.0,0.0,0.0,34
0.0000000002926451,[],17,[],2019-05-02 18:17:47,200000.0,2.9264510000000002e-18,1.596703856561e-22,7556430,2019-05-02 18:17:47,eth,0.20942468735267253,0.0,0.00000001,"btc,eth",1018272.20243647,0.0,5.852902e-13,36
0.0000000001311821,[],4,[],2019-05-31 13:28:19,2417517744.0607657,1.311821e-18,1.105058333085e-22,7717483,2019-05-31 13:28:19,ltc,5.019900492391546e-08,0.0,0.00000001,ltc,7102398142.262129,0.0,3.171350544531538e-09,36
1,[],5,[],2019-05-31 13:28:21,0.0,0,0,7717484,2019-05-31 13:28:21,btc,0.0,0.0,0,btc,0.0,0.0,0.0,36
0.0000000003108179,[],27,[],2019-05-31 13:30:34,10388811.226876,6.216358000000001e-18,5.236566733830001e-22,7717485,2019-05-31 13:30:34,eth,1569.8708019850988,761866.634299,0.00000002,"ltc,eth",5084024.2511555,4.736034912207001e-12,3.3251980286483705e-11,36
1,[],4,[],2019-06-21 10:10:22,10401149.26158937,0.00000013,0.000000000012720032,7748213,2019-06-21 10:10:22,btc,19772.15872632906,0.0,0.00000013,btc,686208.71588046,0.00088083,0.1452301296194838,37
1,[],12,[],2019-06-21 10:10:23,5091179.21400003,0.00000013,0.000000000012720032,7748214,2019-06-21 10:10:23,btc,7.3741807989610475,0.0,0.00000013,btc,1687459.4313769501,0.009034375701,0.1996968121100036,37
1,[],27,[],2019-06-21 10:12:27,11304.0,0.00000019,0.000000000018590816,7748215,2019-06-21 10:12:27,btc,22.62970013895233,0.0,0.00000019,btc,4298.824295,0.0,0.00168776,37
1,[],17,[],2019-05-03 01:11:36,211752.74075282,0.00000025,0.000000000013700074999999998,7559074,2019-05-03 01:11:36,btc,0.055484923955058496,0.0,0.00000025,"btc,eth",1387.19918473,0.0,0.0005381851887916605,37
1,[],5,[],2019-06-21 10:12:29,0.0,0,0,7748216,2019-06-21 10:12:29,btc,0.0,0.69323008,0,btc,0.0,0.0,0.0,42
1,[],12,[],2019-06-21 10:12:30,174645.46466456,0.0000032799999999999999362771015143369623956459690816700458526611328125,0.000000000320936192,7748217,2019-06-21 10:12:30,btc,489.61567431919923,0.0,0.0000032799999999999999362771015143369623956459690816700458526611328125,btc,112311.32653442,0.140509342281,0.0607337275900043,42
1,[],27,[],2019-06-21 10:12:37,1581.0,0.0000005,0.000000000048923199999999997,7748218,2019-06-21 10:12:37,btc,0.07600425,0.0,0.0000005,"btc,eth",18.0,0.0,0.0005435000003119376,42
1,[],12,[],2019-03-13 09:13:29,1112112.0,0.00000001,0.000000000000386531,6919902,2019-03-13 09:13:29,btc,29058.00478931866,0.0,0.00000001,btc,5967681.93306694,9.99000999e-07,0.01112112,43
1,[],5,[],2019-04-26 22:38:52,0.0,0,0,7474154,2019-04-26 22:38:52,btc,0.0,0.02638891,0,btc,0.0,0.0,0.0,43
0,[],17,[],2019-04-26 22:38:53,0.0,0,0,7474155,2019-04-26 22:38:53,btc,0.0,0.0,0,btc,0.0,0.0,0.0,43
1,[],12,[],2019-03-05 01:54:08,639326.02,0.00000004,0.000000000001486676,6845775,2019-03-05 01:54:08,btc,11116042.728239931,0.0,0.00000004,btc,1103841.4595604,0.0003330765234764,0.014975410599999999,44
0.0000000001409485,[],4,[],2019-06-21 10:12:37,106349252.1248656,5.074146e-17,4.9648691917440005e-21,7748219,2019-06-21 10:12:37,ltc,2601.9219752001222,0.0,0.00000036,ltc,26642285.17067719,0.00286734,6.66488385110521e-10,49
0.0000000001409485,[],4,[],2019-06-21 10:12:39,313828318.1515459,2.81897e-17,2.75826066208e-21,7748220,2019-06-21 10:12:39,ltc,26727.58954537114,0.0,0.0000002,ltc,174821597.53610626,0.0,2.6006473473992437e-09,52
0,[],22,[],2019-06-21 10:12:42,0.0,0,0,7748221,2019-06-21 10:12:42,,10289.79884133,0.0,0,,286158287.4566013,0.0,0.0,57
0,[],27,[],2019-06-21 10:12:47,0.0,0,0,7748222,2019-06-21 10:12:47,,0.0,0.0,0,"btc,eth",0.0,0.0,0.0,57
0,[],4,[],2019-06-21 10:12:48,0.0,0,0,7748223,2019-06-21 10:12:48,,19.716967843672567,0.0,0,,5745464042.941043,0.00085,0.0,58
1,[],12,[],2019-06-21 10:12:50,873839540.1,0.0000000001,0.00000000000000978464,7748224,2019-06-21 10:12:50,btc,34239332.02801658,0.0,0.0000000001,btc,2688890220.6103463,0.002928183476,0.08738395401,58
0.00000000011135580000000001,[],22,[],2019-06-21 10:14:54,126877.0,1.113558e-18,1.0895764149120001e-22,7748225,2019-06-21 10:14:54,XMR,68.17454206,0.0,0.00000001,XMR,9626402.6,0.0,0.00126877,58
1,[],17,[],2019-05-03 01:12:09,1200000.0,0.0000000001,0.00000000000000548003,7559085,2019-05-03 01:12:09,btc,1e+24,0.0,0.0000000001,"btc,eth",39516342.31952568,0.0,0.00010000000058666061,58
1,[],5,[],2019-06-17 14:31:27,0.0,0,0,7740135,2019-06-17 14:31:27,btc,0.0,0.00079154,0,btc,0.0,0.0,0.0,61
1,[],22,[],2019-06-17 14:31:30,13612.833333333334,0.00000012,0.00000000001114968,7740136,2019-06-17 14:31:30,BTC,1002.29123003,0.0,0.00000012,BTC,15014.200177125656,0.0,0.00153257,61
1,[],26,[],2019-06-17 14:31:30,0.0,0.00000050,0.000000000046457,7740137,2019-06-17 14:31:30,btc,0.0,0.0,0.00000050,btc,0.0,0.0,0.0,61
1,[],27,[],2019-06-17 14:31:36,8400.0,0.00000018,0.00000000001672452,7740138,2019-06-17 14:31:36,btc,1.9742539297246655,0.0,0.00000018,"btc,eth",10953.51663696,0.0,0.001512,61
0,[],28,[],2019-06-17 14:31:38,0.0,0,0,7740139,2019-06-17 14:31:38,,0.0,0.0,0,,0.0,0.0,0.0,61
1,[],4,[],2019-06-21 10:14:56,892429.07430774,0.00000087,0.00000000008512636799999999,7748226,2019-06-21 10:14:56,btc,3.3817334192421913,0.0,0.00000087,btc,1225655.11884633,0.47760694,0.5152228852103965,67
0.0,[],25,[],2019-06-21 10:14:58,0.0,0,0,7748227,2019-06-21 10:14:58,,0.0,0.0,0.0,btc,0.0,0.0,0.0,67
1,[],12,[],2019-06-02 06:23:14,910048.355,0.00000006,0.000000000005154929999999999,7725270,2019-06-02 06:23:14,btc,5.167005424215783,0.0,0.00000006,btc,738530.60239759,0.003159757462,0.0187188113,71
,[],5,[],2018-11-20 23:02:39,1.5e-07,0.00000005,0.000000000002128045,4862160,2018-11-20 23:02:39,btc,2.84511358,0.0,,btc,0.00036572,0.0,0.07381892,74
1,[],5,[],2019-06-21 10:15:00,0.0,0,0,7748228,2019-06-21 10:15:00,btc,0.0,0.00883308,0,btc,0.0,0.0,0.0,75
1,[],4,[],2019-06-04 03:25:15,715281.46076168,0.00000001,0.000000000000803619,7734085,2019-06-04 03:25:15,btc,581089.6218469425,0.0,0.00000001,btc,37692563.61091116,0.0,0.0071528146076168,81
0,[],20,[],2019-01-25 09:30:31,0.0,0,0,6495923,2019-01-25 09:30:31,btc,0.0,0.0,0,btc,0.0,0.0,0.0,81
1,[],4,[],2019-06-21 10:15:01,223594.28166284,0.00010178,0.000000009958806592,7748229,2019-06-21 10:15:01,btc,57.13506332428082,0.0,0.00010178,btc,113358.16461124,1.51920526,0.1516822414064261,82
1,[],21,[],2019-06-21 10:15:04,71815.46343735,0.00009749999999999999823491886319,0.000000009540023999999999,7748230,2019-06-21 10:15:04,btc,7.1083413517589715,20618.45576393,0.000097499999999999998234918863193598781435866840183734893798828125,btc,57549.91021126,2.02437394,5.156751097603009,82
0,[],17,[],2019-03-25 22:42:34,0.0,0,0,7038780,2019-03-25 22:42:34,btc,0.0445064681804024,0.0,0,btc,995513.18476001,0.0,0.0,84
0.0000000001161485,[],4,[],2019-05-20 13:09:39,216715621.0206096,1.161485e-18,9.0533806701e-23,7657228,2019-05-20 13:09:39,ltc,1.6511566870244727,0.0,0.00000001,ltc,471032407.9048656,0.0,2.5171194308112273e-10,85
,[],22,[],2018-11-20 23:09:34,3408.1,0.0000001,0.0000000000041895,4862324,2018-11-20 23:09:34,BTC,0.04624735,0.0,,BTC,4990.0,0.0,0.00033081,86
1,[],22,[],2019-06-21 10:15:08,117294.0,0.00000006,0.000000000005870784,7748231,2019-06-21 10:15:08,BTC,1.81020153,0.0,0.00000006,BTC,196224.94736842104,0.0,0.00390484,87
1,[],27,[],2019-06-21 10:15:15,313713.0,0.00000012,0.000000000011741568,7748232,2019-06-21 10:15:15,btc,1.94218418326,0.0,0.00000012,btc,500743.402,0.0,0.01197659,87
,[],2,[],2018-11-20 23:10:47,0.0,0,0,4862359,2018-11-20 23:10:47,,0.0,0.0,,,0.0,0.0,0.0,88
1,[],11,[],2019-06-17 14:31:59,193715.3529613,0.000073310000000000001140094962881477158589405007660388946533203125,0.00000000681152534,7740147,2019-06-17 14:31:59,btc,168.35454702024953,5791.70569014,0.000073310000000000001140094962881477158589405007660388946533203125,btc,196971.41170107,0.0,1.1996165759440112,89
0,[],2,[],2019-01-20 23:31:45,0.0,0,0,6477083,2019-01-20 23:31:45,,0.0,0.0,0,,0.0,0.0,0.0,91
1,[],12,[],2019-06-18 02:35:48,427715.74,0.00000015,0.000000000013911045000000001,7746087,2019-06-18 02:35:48,btc,116.61022144471085,0.0,0.00000015,btc,193315.55943968,0.000180759303,0.0129558314,91
1,[],22,[],2019-06-20 20:27:07,75910.0,0.00000002,0.000000000001914908,7746207,2019-06-20 20:27:07,BTC,0.49565371,0.0,0.00000002,"BTC,LTC",6.384990670617935,0.0,0.0016592,91
0,[],17,[],2019-05-03 01:12:26,0.0,0,0,7559096,2019-05-03 01:12:26,btc,0.0,0.0,0,btc,0.0,0.0,0.0,91
1,[],22,[],2019-06-21 10:15:19,106655.66666666667,0.00000003,0.000000000002935392,7748233,2019-06-21 10:15:19,BTC,11.33054936,0.0,0.00000003,"BTC,LTC",292512.0280038263,0.0,0.06917967,95
0.0000000001409485,[],4,[],2019-06-21 10:15:20,538893254.9301962,1.9732790000000002e-17,1.930782463456e-21,7748234,2019-06-21 10:15:20,ltc,11.32959782595352,0.0,0.00000014,ltc,157130372.9178878,0.0,8.98307617707663e-10,96
0,[],12,[],2019-06-21 10:15:22,0.0,0,0,7748235,2019-06-21 10:15:22,btc,36.47432219859141,0.0,0,btc,9846573.85914086,7.872128e-06,0.0,96
0,[],17,[],2019-05-03 01:12:32,0.0,0,0,7559100,2019-05-03 01:12:32,btc,0.0,0.0,0,btc,0.0,0.0,0.0,96
1,[],4,[],2019-04-14 03:32:46,1039404.33283278,0.00000038,0.000000000019245518,7293458,2019-04-14 03:32:46,btc,4.170086055365747,0.0,0.00000038,btc,3097704.34561074,0.06260606,0.1859928211030784,99
0,[],2,[],2019-01-20 23:23:55,0.0,0,0,6476914,2019-01-20 23:23:55,,0.0,0.0,0,,0.0,0.0,0.0,100
1,[],4,[],2019-06-21 10:17:22,304698.74976899,0.00001357,0.000000001327775648,7748236,2019-06-21 10:17:22,btc,7.243818341233943,0.0,0.00001357,btc,161191.13618073,0.38213854,0.7064305669500137,100
1,[],22,[],2019-06-05 06:30:35,150000.0,0.00000002,0.000000000001558192,7740007,2019-06-05 06:30:35,BTC,28.56386409,0.0,0.00000002,BTC,12787.719,0.0,0.0017,101
1,[],4,[],2019-06-21 10:17:23,471456.45507732,0.00000171,0.000000000167317344,7748237,2019-06-21 10:17:23,btc,553.6188694218214,0.0,0.00000171,btc,647345.89415701,0.01438675,0.1532211358313254,103
1,[],12,[],2019-06-17 14:32:14,179201505.10870332,0.000000005,0.00000000000046457,7740154,2019-06-17 14:32:14,btc,113577.79366343976,0.0,0.000000005,btc,79148141.67831126,0.019059029059,0.27280986350611003,105
1,[],27,[],2019-06-17 14:32:19,18306828.03496503,0.00000002,0.00000000000185828,7740155,2019-06-17 14:32:19,btc,180.7198218385489,1083.96503497,0.00000002,btc,276513.60142659,7.588e-05,0.3661365606993006,105
1,[],22,[],2019-04-21 00:17:26,21333.0,0.00000001,0.000000000000532493,7385819,2019-04-21 00:17:26,BTC,51.38182867,0.0,0.00000001,BTC,470435.0,0.0,0.00021333,107
1,[],26,[],2019-04-21 00:17:26,0.0,0.00000000,0,7385820,2019-04-21 00:17:26,btc,0.0,0.0,0.00000000,btc,0.0,0.0,0.0,107
1,[],5,[],2019-06-21 10:17:26,0.0,0,0,7748238,2019-06-21 10:17:26,btc,0.0,0.02512414,0,btc,0.0,0.0,0.0,112
0,[],22,[],2019-06-21 10:17:28,0.0,0,0,7748239,2019-06-21 10:17:28,,6.79500102,0.0,0,,3375892.0833333335,0.0,0.0,112
1,[],27,[],2019-06-21 10:17:34,1.0,0.00000001,0.000000000000978464,7748240,2019-06-21 10:17:34,btc,1.14885,0.0,0.00000001,"btc,eth",39.0,0.0,1e-08,112
1,[],4,[],2019-06-21 10:17:35,1074859.24145056,0.00000069,0.000000000067514016,7748241,2019-06-21 10:17:35,btc,4.83087208213883,0.0,0.00000069,btc,791830.24504485,0.07529397,0.24337482582086,113
1,[],5,[],2019-06-21 10:17:36,0.0,0,0,7748242,2019-06-21 10:17:36,btc,0.0,0.0,0,btc,0.0,0.0,0.0,113
1,[],17,[],2019-04-26 02:17:47,162738.278,0.00000004,0.0000000000021069000000000002,7461287,2019-04-26 02:17:47,btc,1.3331140273775473,0.0,0.00000004,btc,51796.221,0.0,0.00230953112,116
1,[],27,[],2019-05-22 05:13:01,210000.0,0.00000001,0.00000000000079145,7666372,2019-05-22 05:13:01,btc,3919.0005001478,0.0,0.00000001,btc,128660.871,0.0,0.0021,116
1,[],4,[],2019-05-21 22:31:11,138169.03963019,0.00000701,0.000000000558364025,7664793,2019-05-21 22:31:11,btc,150.95388250938234,0.0,0.00000701,btc,344631.17141974,0.07552974,0.4288357684941946,120
1,[],7,[],2019-05-21 22:31:12,3901.07750076,0.000010679999999999999389654892212320191902108490467071533203125,0.0000000008506887,7664794,2019-05-21 22:31:12,btc,231188.94669936574,0.0,0.000010679999999999999389654892212320191902108490467071533203125,btc,4133.83151364,0.0,0.0113888422364489,120
1,[],20,[],2019-04-07 18:42:29,1914137.0852,0.000000035,0.0000000000017871910000000002,7211992,2019-04-07 18:42:29,btc,32.2497668025648,25528.85,0.000000035,btc,1001975.4986,0.00089350975,0.0152723574729,125
1,[],22,[],2019-06-17 14:32:38,10000.0,0.00000001,0.00000000000092914,7740161,2019-06-17 14:32:38,BTC,0.032061,0.0,0.00000001,BTC,299316.7611111111,0.0,0.0001,126
1,[],4,[],2019-06-21 10:17:37,2958680.82845049,0.00000454,0.000000000444222656,7748243,2019-06-21 10:17:37,btc,2.347572123388321,0.0,0.00000454,btc,169142.37412753,0.1726373,0.5447055059203556,131
0,[],2,[],2019-01-20 23:25:46,0.0,0,0,6476969,2019-01-20 23:25:46,,0.0,0.0,0,,0.0,0.0,0.0,131
1,[],17,[],2019-05-03 01:13:10,10000.0,0.00000001,0.000000000000548003,7559115,2019-05-03 01:13:10,btc,0.0953976503951408,0.0,0.00000001,btc,5037.62507334,0.0,0.0001,131
1,[],4,[],2019-06-17 14:32:42,4848.49465417,0.00007919,0.00000000735785966,7740163,2019-06-17 14:32:42,btc,0.9905723729472744,0.0,0.00007919,btc,202.13055914,0.0,0.0061509344290166,135
1,[],3,[],2019-06-05 06:33:11,40600.27748212,0.00000001,0.000000000000779096,7740019,2019-06-05 06:33:11,btc,0.2308097808993716,2146378.52189,0.00000001,btc,2477992.76904676,0.0,0.0004060027748212,136
1,[],4,[],2019-06-21 10:19:38,573025.07617812,0.00000173,0.00000000016927427199999999,7748244,2019-06-21 10:19:38,btc,110.30531619992846,0.0,0.00000173,btc,582928.34113959,0.04292423,0.4975024271474327,137
1,[],12,[],2019-06-21 10:19:39,67596.17449223,0.000001619999999999999947867764839293247547402643249370157718658447265625,0.00000000015851116799999998,7748245,2019-06-21 10:19:39,btc,84.62646761185532,0.0,0.000001619999999999999947867764839293247547402643249370157718658447265625,btc,82792.24240518,6.16e-06,0.0164063199999399,137
1,[],4,[],2019-06-21 10:19:40,251383.19556501,0.00001636,0.000000001600767104,7748246,2019-06-21 10:19:40,btc,10.039217518445826,0.0,0.00001636,btc,175016.89206674,0.45817276,0.3068042563810063,142
1,[],5,[],2019-06-21 10:19:41,0.0,0,0,7748247,2019-06-21 10:19:41,btc,0.0,0.01151494,0,btc,0.0,0.0,0.0,142
1,[],20,[],2019-06-21 10:21:43,268551.4591,0.00001551,0.000000001517597664,7748248,2019-06-21 10:21:43,btc,1.6059619794489,0.0,0.00001551,btc,9785.9993,0.0,0.0192395849863,142
1,[],22,[],2019-06-21 10:21:46,10715.0,0.00001299,0.0000000012710247359999999,7748249,2019-06-21 10:21:46,BTC,2.99759384,0.0,0.00001299,BTC,835.7198755539798,0.0,0.00540125,142
0.0,[],25,[],2019-06-21 10:21:47,0.0,0,0,7748250,2019-06-21 10:21:47,,0.0,0.0,0.0,btc,0.0,0.0,0.0,142
0,[],28,[],2019-06-21 10:23:48,0.0,0,0,7748251,2019-06-21 10:23:48,,0.0,0.0,0,,0.0,0.0,0.0,142
1,[],17,[],2019-05-03 01:13:16,32967.38636364,0.00000088,0.000000000048224264,7559122,2019-05-03 01:13:16,btc,20.06976206696776,0.0,0.00000088,btc,2746.079105,0.0,0.0105613000000032,142
0,[],22,[],2019-06-21 10:23:51,0.0,0,0,7748252,2019-06-21 10:23:51,,1635.98618676,0.0,0,,788450755.3,0.0,0.0,143
0,[],22,[],2019-02-25 15:42:22,0.0,0,0,6783783,2019-02-25 15:42:22,,4.2131946,0.0,0,,2322156.0,0.0,0.0,146
,[],22,[],2018-11-20 23:01:11,0.0,0,0,4862114,2018-11-20 23:01:11,,2.56807021,0.0,,,61828.4988236,0.0,0.0,147
1,[],12,[],2019-04-21 06:38:04,193091.5971266,0.00000071,0.000000000037635183,7388679,2019-04-21 06:38:04,btc,2.301232411611175,0.0,0.00000071,btc,9957.48302385,0.00023528,0.0313308199999888,148
1,[],4,[],2019-03-19 21:31:25,255810.0415942,0.00000029,0.000000000011615747,6982695,2019-03-19 21:31:25,btc,218.94922712414143,0.0,0.00000029,btc,793529.37642722,0.00117,0.0608347789473395,152
0,[],22,[],2019-03-19 21:31:27,0.0,0,0,6982696,2019-03-19 21:31:27,,0.0,0.0,0,,0.0,0.0,0.0,152
1,[],5,[],2019-04-26 09:36:59,0.0,0,0,7465040,2019-04-26 09:36:59,btc,0.0,0.0,0,btc,0.0,0.0,0.0,153
,[],16,[],2019-01-11 15:38:59,0.0,0,0,6366141,2019-01-11 15:38:59,btc,0.0,0.0,,btc,0.0,0.0,0.0,155
0,[],23,[],2019-01-20 23:24:29,0.0,0,0,6476932,2019-01-20 23:24:29,,0.0,0.0,0,,0.0,0.0,0.0,156
0,[],22,[],2019-06-04 06:02:09,0.0,0,0,7734688,2019-06-04 06:02:09,,7.43375324,0.0,0,,5955762.942592593,0.0,0.0,156
1,[],22,[],2019-06-21 10:23:55,6996.0,0.00000001,0.000000000000978464,7748253,2019-06-21 10:23:55,BTC,1.7543039,0.0,0.00000001,BTC,57.0,0.0,6.996e-05,157
0,[],22,[],2019-05-21 23:40:32,0.0,0,0,7665049,2019-05-21 23:40:32,,50234.60468402,0.0,0,,54786159.03179465,0.0,0.0,158
,[],17,[],2018-11-20 22:56:10,0.0,0,0,4861976,2018-11-20 22:56:10,btc,1.1265625,0.0,,btc,1000.0,0.0,0.0,159
,[],20,[],2018-11-20 22:56:12,0.0,0,0,4861977,2018-11-20 22:56:12,btc,11912.7940471,0.0,,btc,34413894.3617,0.0,0.0,159
1,[],12,[],2019-05-24 02:51:20,9178.522006449999,0.00000191999999999999982841307998027158276954651228152215480804443359375,0.000000000151222656,7676256,2019-05-24 02:51:20,btc,149.80414728631675,0.0,0.00000191999999999999982841307998027158276954651228152215480804443359375,btc,1115.7451448499999,0.01783167678326,0.0120075778999181,168
1,[],17,[],2019-05-03 01:13:36,42852.0,0.00000002,0.000000000001096006,7559132,2019-05-03 01:13:36,btc,0.04279856251542,0.0,0.00000002,btc,274.46171372,0.0,0.00052852,168
1,[],22,[],2019-05-17 03:01:52,10.0,0.00000001,0.000000000000778341,7642059,2019-05-17 03:01:52,BTC,41.95893009,0.0,0.00000001,BTC,1753972.7737547632,0.0,1e-07,169
1,[],22,[],2019-05-30 08:38:18,202834.0,0.00000002,0.0000000000017416160000000001,7711049,2019-05-30 08:38:18,BTC,27.87002826,0.0,0.00000002,BTC,462189.5410507793,0.0,0.00211768,171
1,[],22,[],2019-05-29 08:05:18,349870.0,0.00000002,0.000000000001705894,7705265,2019-05-29 08:05:18,BTC,24.05907723,0.0,0.00000002,"BTC,LTC",1224285.4355616204,0.0,0.0039847,173
1,[],5,[],2019-06-21 10:23:56,0.0,0,0,7748254,2019-06-21 10:23:56,btc,0.0,0.04449953,0,btc,0.0,0.0,0.0,175
1,[],22,[],2019-06-17 14:33:12,90671.0,0.00000001,0.00000000000092914,7740175,2019-06-17 14:33:12,BTC,394.35459412,0.0,0.00000001,BTC,136275.61833431243,0.0,0.00090671,176
1,[],7,[],2019-06-21 10:23:57,0.0,0,0,7748255,2019-06-21 10:23:57,btc,522272.5938942698,0.0,0,btc,27854037.73829655,0.0,0.0,178
0,[],22,[],2019-06-21 10:23:59,0.0,0,0,7748256,2019-06-21 10:23:59,,1.00242428,0.0,0,,57512.0,0.0,0.0,178
0,[],2,[],2019-01-20 23:28:34,0.0,0,0,6477001,2019-01-20 23:28:34,,0.0,0.0,0,,0.0,0.0,0.0,178
0,[],23,[],2019-01-20 23:25:08,0.0,0,0,6476952,2019-01-20 23:25:08,,0.0,0.0,0,,0.0,0.0,0.0,179
1,[],5,[],2019-06-21 10:24:00,0.0,0,0,7748257,2019-06-21 10:24:00,btc,0.0,0.03812994,0,btc,0.0,0.0,0.0,179
0,[],22,[],2019-06-21 10:24:02,0.0,0,0,7748258,2019-06-21 10:24:02,,5.17403917,0.0,0,,13450788.311946675,0.0,0.0,179
1,[],22,[],2019-06-21 10:26:06,737598.9022172949,0.00000041,0.000000000040117024,7748259,2019-06-21 10:26:06,BTC,40.61593435,0.0,0.00000041,"BTC,LTC",169064.879930538,0.00063653,0.57296747,180
1,[],26,[],2019-06-21 10:26:07,0.0,0.00000010,0.000000000009784639999999999,7748260,2019-06-21 10:26:07,btc,0.0,0.0,0.00000010,btc,0.0,0.0,0.0,180
1,[],17,[],2019-05-03 01:13:56,20504.725000000002,0.0000001,0.00000000000548003,7559141,2019-05-03 01:13:56,btc,5.2010695838400265,0.0,0.0000001,btc,5033.45945,0.0,0.0011504725,180
,[],7,[],2018-11-20 22:58:01,562227.975654,0.00000085,0.000000000036176765,4862015,2018-11-20 22:58:01,btc,21836.6059674,2491.87645172,,btc,749999.041456,0.00211021,0.127565380455,183
,[],5,[],2019-01-10 08:11:41,0.0,0,0,6347036,2019-01-10 08:11:41,btc,82.15055501,0.00261,,btc,1.19002445,0.0,0.0,187
,[],17,[],2018-11-16 20:58:10,4062536.27273,0.00000001,0.000000000000550501,4708775,2018-11-16 20:58:10,btc,3.36492563466,0.195460381006,,"btc,eth",110697919.549,0.0,0.0157628953496,187
1,[],24,[],2019-05-22 21:04:52,0.0,0.000000000014,0.0000000000000010960978,7670219,2019-05-22 21:04:52,btc,0.0,0.0,0.000000000014,btc,0.0,0.0,0.0,187
0,[],22,[],2019-04-25 02:54:07,0.0,0,0,7447896,2019-04-25 02:54:07,,7.54794454,0.0,0,,76361.7243344055,0.0,0.0,191
0,[],22,[],2019-06-17 14:33:34,0.0,0,0,7740182,2019-06-17 14:33:34,,0.0,0.0,0,,0.0,0.0,0.0,197
0,[],23,[],2019-01-20 23:31:41,0.0,0,0,6477079,2019-01-20 23:31:41,,0.0,0.0,0,,0.0,0.0,0.0,199
0,[],22,[],2019-06-21 10:26:09,0.0,0,0,7748261,2019-06-21 10:26:09,,10.58263174,0.0,0,,84280969.0,0.0,0.0,199
1,[],26,[],2019-06-21 10:26:09,0.0,0.00000000,0,7748262,2019-06-21 10:26:09,btc,0.0,0.0,0.00000000,btc,0.0,0.0,0.0,199
0,[],2,[],2019-01-20 23:30:49,0.0,0,0,6477059,2019-01-20 23:30:49,,0.0,0.0,0,,0.0,0.0,0.0,201
1,[],4,[],2019-01-25 15:51:35,2084389.58565343,0.00000936,0.000000000333526752,6499557,2019-01-25 15:51:35,btc,2.0092503037378524,0.0,0.00000936,btc,160195.80207885,0.19272417,1.242687955921835,211
1,[],7,[],2019-06-21 10:26:12,1170054124.6898527,0.00000018,0.000000000017612352,7748263,2019-06-21 10:26:12,btc,1346840.2653139164,0.0,0.00000018,btc,6166479.26464841,0.0,11.954344045954047,212
1,[],12,[],2019-01-25 02:44:32,207462.42853209,0.000001080000000000000035831255497387193287295303889550268650054931640625,0.000000000038610756000000006,6493050,2019-01-25 02:44:32,btc,85023.03793723314,0.0,0.000001080000000000000035831255497387193287295303889550268650054931640625,btc,43675.73520027,0.000146250909087,0.0348620860622024,213
1,[],5,[],2019-05-30 00:07:46,0.0,0,0,7709357,2019-05-30 00:07:46,btc,0.0,0.06425239,0,btc,0.0,0.0,0.0,213
1,[],24,[],2019-05-30 00:07:46,0.0,0.000000399202,0.0000000000344859829346,7709358,2019-05-30 00:07:46,btc,0.0,0.0,0.000000399202,btc,0.0,0.0,0.0,213
1,[],26,[],2019-05-30 00:07:47,0.0,0.00000040,0.000000000034554919999999996,7709359,2019-05-30 00:07:47,btc,0.0,0.0,0.00000040,btc,0.0,0.0,0.0,213
0,[],22,[],2019-06-21 10:26:14,0.0,0,0,7748264,2019-06-21 10:26:14,,9.56923849,0.0,0,,3661587.2040649247,0.0,0.0,216
0,[],27,[],2019-06-21 10:26:22,0.0,0,0,7748265,2019-06-21 10:26:22,,95.90151902917752,0.0,0,"btc,ltc",650175.407688,0.0,0.0,216
1,[],22,[],2019-06-21 10:26:25,580126.4852813852,0.0000003,0.00000000002935392,7748266,2019-06-21 10:26:25,BTC,12055.91758465,0.0,0.0000003,BTC,498026.3626290264,3.53e-05,0.0345805,217
1,[],7,[],2019-06-21 10:26:26,0.0,0,0,7748267,2019-06-21 10:26:26,btc,1234862.00312316,0.0,0,btc,89035021.11569473,0.0,0.0,219
0,[],27,[],2019-06-21 10:26:31,0.0,0,0,7748268,2019-06-21 10:26:31,,250.36597143533322,0.0,0,btc,7934668.36581025,0.0,0.0,219
0,[],28,[],2019-06-21 10:26:32,0.0,0,0,7748269,2019-06-21 10:26:32,,0.0,0.0,0,,0.0,0.0,0.0,219
1,[],22,[],2019-05-23 16:41:05,172069.0,0.00000004,0.0000000000031167080000000004,7674065,2019-05-23 16:41:05,BTC,56.76466137,0.0,0.00000004,BTC,127061.6482738741,0.0,0.00393676,221
1,[],24,[],2019-05-23 16:41:05,0.0,0.000000010000,0.0000000000007791770000000001,7674066,2019-05-23 16:41:05,btc,0.0,0.0,0.000000010000,btc,0.0,0.0,0.0,221
1,[],20,[],2019-06-17 14:34:11,26882155.8301,0.000000003,0.000000000000278742,7740192,2019-06-17 14:34:11,btc,100050.81956632523,233521.3529,0.000000003,btc,38769742.8604,0.0007925640587,0.0306863532672,224
0,[],22,[],2019-06-17 14:34:13,0.0,0,0,7740193,2019-06-17 14:34:13,,0.0,0.0,0,,0.0,0.0,0.0,224
1,[],26,[],2019-06-21 10:26:33,0.0,0.00000022,0.000000000021526208,7748270,2019-06-21 10:26:33,btc,0.0,0.0,0.00000022,btc,0.0,0.0,0.0,231
1,[],26,[],2019-06-21 10:26:33,0.0,0.00000005,0.0000000000048923199999999995,7748271,2019-06-21 10:26:33,btc,0.0,100.0,0.00000005,btc,0.0,0.0,0.0,234
0.0000000002969137,[],27,[],2019-06-21 10:26:40,100.0,2.9691370000000003e-18,2.9051936655680003e-22,7748272,2019-06-21 10:26:40,eth,0.0,0.0,0.00000001,"btc,eth",0.0,0.0,2.969137e-16,234
1,[],4,[],2019-05-22 17:06:12,91780.56053785,0.00000078,0.000000000061977552,7669277,2019-05-22 17:06:12,btc,5.573372450018177,0.0,0.00000078,btc,729173.93529783,0.0,0.0307060663355679,236
1,[],24,[],2019-05-22 17:06:12,0.0,0.000000010000,0.000000000000794584,7669278,2019-05-22 17:06:12,btc,0.0,0.0,0.000000010000,btc,0.0,0.0,0.0,236
1,[],5,[],2019-06-21 10:26:42,0.0,0,0,7748273,2019-06-21 10:26:42,btc,0.0,2.03605588,0,btc,0.0,0.0,0.0,237
1,[],20,[],2019-06-21 10:26:44,48210871.1713,0.000000083,0.0000000000081212512,7748274,2019-06-21 10:26:44,btc,8172547.74092153,27383350.4867,0.000000083,btc,29676890.1995,2.53751342835,1.0396824159502,237
1,[],22,[],2019-06-21 10:26:48,2084614.0,0.00000004,0.000000000003913856,7748275,2019-06-21 10:26:48,BTC,1.20112207,0.0,0.00000004,"BTC,LTC",14507.148717948718,0.0,0.02587451,237
1,[],4,[],2019-06-21 10:26:49,42339926.65270906,0.00000007,0.000000000006849248,7748276,2019-06-21 10:26:49,btc,2.6400833579569927,0.0,0.00000007,btc,11806727.01020021,0.11839164,0.8944337187751189,238
1,[],5,[],2019-06-21 10:26:50,0.0,0,0,7748277,2019-06-21 10:26:50,btc,0.0,0.03000156,0,btc,0.0,0.0,0.0,238
0,[],22,[],2019-03-12 16:49:32,0.0,0,0,6914458,2019-03-12 16:49:32,,0.40415746,0.0,0,,526736.5639027493,0.0,0.0,249
0,[],22,[],2019-05-28 23:53:45,0.0,0,0,7703643,2019-05-28 23:53:45,,13.44714864,0.0,0,,43777534.3426455,0.0,0.0,252
0,[],28,[],2019-06-21 10:26:52,0.0,0,0,7748278,2019-06-21 10:26:52,,0.0,0.0,0,,0.0,0.0,0.0,256
1,[],22,[],2019-06-21 10:26:55,573068.0,0.00000001,0.000000000000978464,7748279,2019-06-21 10:26:55,BTC,31464.57242089,0.0,0.00000001,BTC,1034643.2230878276,0.000194,0.00573068,258
1,[],22,[],2019-05-19 18:12:02,400.0,0.00000001,0.0000000000007957800000000001,7653905,2019-05-19 18:12:02,BTC,2.415167,0.0,0.00000001,BTC,157.0,0.0,4e-06,259
1,[],5,[],2019-06-21 10:26:57,0.0,0,0,7748280,2019-06-21 10:26:57,btc,0.0,0.06388953,0,btc,0.0,0.0,0.0,264
1,[],20,[],2019-06-21 10:26:58,912052.7338,0.000000474,0.0000000000463791936,7748281,2019-06-21 10:26:58,btc,0.9574744745393,22900.9868,0.000000474,btc,39821.9938,0.0159986915591,0.0080108456007,264
0,[],22,[],2019-04-12 17:57:27,0.0,0,0,7278186,2019-04-12 17:57:27,,66.37522201,0.0,0,,677842.4169881374,0.0,0.0,271
0,[],22,[],2019-06-21 10:27:01,0.0,0,0,7748282,2019-06-21 10:27:01,,33050469.74148113,0.0,0,,14261527780.7,0.0,0.0,272
0,[],28,[],2019-06-21 10:27:02,0.0,0,0,7748283,2019-06-21 10:27:02,,0.0,0.0,0,,0.0,0.0,0.0,272
1,[],22,[],2019-05-23 07:12:29,219930.0,0.00000004,0.000000000003048688,7671985,2019-05-23 07:12:29,BTC,426.77835217,0.0,0.00000004,BTC,248664.3325962929,0.0,0.00739728,281
1,[],22,[],2019-06-21 10:27:07,43076.1,0.00000002,0.000000000001956928,7748284,2019-06-21 10:27:07,BTC,2.67867943,0.0,0.00000002,"BTC,LTC",1069550.9093393278,0.00244482,0.00511264,286
0,[],22,[],2019-06-17 14:34:53,0.0,0,0,7740207,2019-06-17 14:34:53,,7337915.80475575,0.0,0,,2078527309.6797826,0.0,0.0,294
