pairValue,buyBook,exchangeId,sellBook,updated,buyTotal,satoshiPrice,usdPrice,exchangeLogId,created,bestPair,sellTotalBtc,volume,pairPrice,activePairs,sellTotal,volumeBtc,buyTotalBtc,coinId
0,[],2,[],2019-01-20 23:28:45,0.0,0,0,6477011,2019-01-20 23:28:45,,0.0,0.0,0,,0.0,0.0,0.0,1
1,[],3,[],2019-06-17 20:40:41,418.643789585853,0.01046988000000000085254470150175620801746845245361328125,0.0000009730696002120002,7743468,2019-06-17 20:40:41,btc,9.155974704567127,64.129516739,0.01046988000000000085254470150175620801746845245361328125,btc,20.108994398421,0.0,0.38071704043229476,1
1,[],4,[],2019-06-17 20:40:42,207693.60042836,0.01044511,0.000000970767478889,7743469,2019-06-17 20:40:42,btc,6.605769688095975,0.0,0.01044511,btc,343.54398574,1.42438514,0.7273288810463021,1
1,[],5,[],2019-06-17 20:40:44,0.0,0,0,7743470,2019-06-17 20:40:44,btc,0.0,0.00453361,0,btc,0.0,0.0,0.0,1
1,[],10,[],2019-06-17 20:40:46,311700.91647119,0.00530354,0.0000004929104772459999,7743471,2019-06-17 20:40:46,btc,6510.806118247798,1149.64119283,0.00530354,btc,1171.58501815,0.0,2.3110024709294295,1
1,[],12,[],2019-06-17 20:40:49,97.52390874000001,0.01058000000000000086208817862143405363894999027252197265625,0.0000009833041420000002,7743472,2019-06-17 20:40:49,btc,0.3225739754877,0.0,0.01058000000000000086208817862143405363894999027252197265625,btc,28.80755675,1.981311412729,0.3067719423388,1
1,[],20,[],2019-06-17 20:40:51,918.85,0.01111,0.000001032562288999999997353080574,7743473,2019-06-17 20:40:51,btc,0.1831878206021,0.8065,0.01111,btc,13.6971,0.009098111453,0.1316770293261,1
1,[],21,[],2019-06-17 20:40:53,1657.14492716,0.01060017000000000077231110396,0.000000985178739783,7743474,2019-06-17 20:40:53,btc,15.542298543672088,2006.83013408,0.01060017000000000077231110395814539515413343906402587890625,"btc,eth",2010.95640364,20.695067256132507,13.93312340142092,1
1,[],22,[],2019-06-17 20:40:57,0.0395979803020197,0.01000001,0.000000929399929399,7743475,2019-06-17 20:40:57,BTC,0.01662946,0.0,0.01000001,BTC,0.2506143389081928,0.0,0.00021887,1
1,[],24,[],2019-06-17 20:40:57,0.0,0.000000000000,0,7743476,2019-06-17 20:40:57,btc,0.0,0.0,0.000000000000,btc,0.0,0.0,0.0,1
0.0,[],25,[],2019-06-17 20:40:59,0.0,0,0,7743477,2019-06-17 20:40:59,btc,23.549999998863125,6369.80675254,0.0,btc,2172.47800409,68.24,0.0,1
1,[],26,[],2019-06-17 20:41:02,0.0,0,0,7743478,2019-06-17 20:41:02,,0.0,0.0,0,,0.0,0.0,0.0,1
0,[],28,[],2019-06-17 20:41:03,0.0,0,0,7743479,2019-06-17 20:41:03,,0.0,0.0,0,,0.0,0.0,0.0,1
1,[],5,[],2019-06-17 14:29:02,0.0,0,0,7740076,2019-06-17 14:29:02,btc,0.0,2.72e-05,0,btc,0.0,0.0,0.0,2
1,[],22,[],2019-06-17 14:29:06,11550.3,0.0000002,0.0000000000185828,7740077,2019-06-17 14:29:06,BTC,21.00897301,0.0,0.0000002,"BTC,XMR",20678.87287795317,1.754e-05,0.00143681,2
1,[],5,[],2019-06-03 14:48:58,0.0,0,0,7731126,2019-06-03 14:48:58,btc,0.0,0.05905545,0,btc,0.0,0.0,0.0,3
1,[],12,[],2019-06-03 14:48:59,3468623.70302,0.000000116,0.000000000009823402000000002,7731127,2019-06-03 14:48:59,btc,169531.0336573751,0.0,0.000000116,btc,2361209.62379607,0.041350953071,0.33764769154428,3
0,[],28,[],2019-06-03 14:49:00,0.0,0,0,7731128,2019-06-03 14:49:00,,0.0,0.0,0,,0.0,0.0,0.0,3
0,[],2,[],2019-01-20 23:31:32,0.0,0,0,6477077,2019-01-20 23:31:32,,0.0,0.0,0,,0.0,0.0,0.0,4
1,[],4,[],2019-05-18 21:29:50,562734.9206932,0.00000010,0.000000000007298720000000001,7650946,2019-05-18 21:29:50,btc,41.9347137769675,0.0,0.00000010,btc,1123702.32192634,0.00052462,0.029254593370966,4
0,[],12,[],2019-06-02 05:03:43,0.0,0,0,7724919,2019-06-02 05:03:43,btc,625.901992874995,0.0,0,btc,1211362.4995005,0.0,0.0,5
0,[],2,[],2019-01-20 23:31:51,0.0,0,0,6477087,2019-01-20 23:31:51,,0.0,0.0,0,,0.0,0.0,0.0,6
1,[],11,[],2019-06-17 20:41:05,4659248.576736,0.00000002,0.000000000001858798,7743480,2019-06-17 20:41:05,btc,9583.471761906667,478000.0,0.00000002,btc,73031032.62354945,0.0,0.05325397876736,6
1,[],3,[],2019-06-17 20:41:06,12130.627512778365,0.0000851199999999999981810383520297591530834324657917022705078125,0.000000007911044288,7743481,2019-06-17 20:41:06,btc,0.3822073060657813,383.235938255,0.0000851199999999999981810383520297591530834324657917022705078125,btc,322.095808613849,0.0,0.03260807244228543,7
1,[],4,[],2019-06-17 20:41:08,331112.83827056,0.00009272,0.000000008617387528,7743482,2019-06-17 20:41:08,btc,11.302897017922263,0.0,0.00009272,btc,66579.72617042,3.71529353,2.864162941655494,7
1,[],5,[],2019-06-17 20:41:11,0.0,0,0,7743483,2019-06-17 20:41:11,btc,0.0,0.21023597,0,btc,0.0,0.0,0.0,7
1,[],20,[],2019-04-07 22:06:50,3201475.0482,0.000000001,0.000000000000051590000000000004,7213932,2019-04-07 22:06:50,btc,30.8005781811902,0.0,0.000000001,btc,23077405.3926,0.0,0.0032014750482,8
0,[],2,[],2019-01-20 23:22:42,0.0,0,0,6476876,2019-01-20 23:22:42,,0.0,0.0,0,,0.0,0.0,0.0,9
0,[],23,[],2019-01-20 23:22:48,0.0,0,0,6476878,2019-01-20 23:22:48,,0.0,0.0,0,,0.0,0.0,0.0,9
1,[],1,[],2019-02-17 23:31:42,1822507.21,0.00000181000000000000003456111265232042484285557293333113193511962890625,0.000000000066086901,6701244,2019-02-17 23:31:42,btc,3.6990969245,17153386.5,0.00000181000000000000003456111265232042484285557293333113193511962890625,btc,1997391.71,31.11772986,3.2610482446,9
1,[],4,[],2019-06-17 20:41:14,1759783.80727332,0.00000068,0.000000000063199132,7743484,2019-06-17 20:41:14,btc,3.9226613591611814,0.0,0.00000068,btc,2705082.33833939,0.6912553,0.3845655692495199,9
0,[],28,[],2019-06-17 20:41:16,0.0,0,0,7743485,2019-06-17 20:41:16,,0.0,0.0,0,,0.0,0.0,0.0,9
1,[],4,[],2019-02-17 11:22:43,4341674.27126056,0.00000002,0.0000000000007272960000000001,6696112,2019-02-17 11:22:43,btc,0.1997230937751353,0.0,0.00000002,btc,4109766.79808031,0.00215132,0.0479381022052112,10
0.0,[],25,[],2019-06-17 20:41:19,0.0,0,0,7743488,2019-06-17 20:41:19,,0.0,0.0,0.0,btc,0.0,0.0,0.0,12
0,[],2,[],2019-01-20 23:23:08,0.0,0,0,6476890,2019-01-20 23:23:08,,0.0,0.0,0,,0.0,0.0,0.0,12
1,[],4,[],2019-06-17 20:41:17,16317264.30650216,0.00000032,0.000000000029740768,7743486,2019-06-17 20:41:17,btc,7.942195447269129,0.0,0.00000032,btc,8467005.69416144,1.23227195,1.046155871618202,12
1,[],5,[],2019-06-17 20:41:18,0.0,0,0,7743487,2019-06-17 20:41:18,btc,0.0,0.01427356,0,btc,0.0,0.0,0.0,12
1,[],4,[],2019-06-17 20:41:20,462870.21342305,0.00000423,0.000000000393135777,7743489,2019-06-17 20:41:20,btc,2.2255435492215825,0.0,0.00000423,btc,341075.1620552,0.45703901,0.3658343907305069,13
1,[],21,[],2019-06-17 20:41:23,1595838.42211822,0.000004150000000000000076902460094,0.000000000385700585,7743490,2019-06-17 20:41:23,btc,3.8411123637111357,463180.85397037,0.0000041500000000000000769024600943968295041486271657049655914306640625,btc,751443.4700096,2.02551804,3.980897561455156,13
1,[],10,[],2019-06-17 20:36:14,665286.26660444,0.00000408,0.000000000379728048,7743353,2019-06-17 20:36:14,btc,666798.7543750278,67302.2515382,0.00000408,btc,884569.23217989,0.0,0.3893349168236158,13
1,[],4,[],2019-06-17 20:41:25,977645.67434611,0.00000061,0.000000000056693339,7743491,2019-06-17 20:41:25,btc,10.984926479904727,0.0,0.00000061,btc,853936.22707143,0.04779675,0.0814808945992931,14
1,[],12,[],2019-06-17 20:41:26,154110.05783164,0.00000063,0.00000000005855213700000001,7743492,2019-06-17 20:41:26,btc,184.2571733637544,0.0,0.00000063,btc,24283.75717093,0.0002208,0.0153037499999492,14
1,[],26,[],2019-06-17 20:41:27,0.0,0.00000050,0.00000000004646995,7743493,2019-06-17 20:41:27,btc,0.0,0.0,0.00000050,btc,0.0,0.0,0.0,14
0,[],17,[],2019-05-03 00:53:32,0.0,0,0,7558876,2019-05-03 00:53:32,btc,0.0,0.0,0,btc,0.0,0.0,0.0,14
0,[],4,[],2019-06-17 20:41:27,0.0,0,0,7743494,2019-06-17 20:41:27,,0.0,0.0,0,,0.0,0.0,0.0,15
,[],12,[],2018-12-01 15:15:48,204241.84496,0.00000489,0.000000000202473384,5260204,2018-12-01 15:15:48,btc,49.5475654835,0.0,,btc,35763.2193806,0.0163153972027625,0.0203389899998,15
0,[],2,[],2019-01-20 23:23:38,0.0,0,0,6476906,2019-01-20 23:23:38,,0.0,0.0,0,,0.0,0.0,0.0,18
1,[],4,[],2019-06-17 20:36:21,32013.663254,0.00001041,0.000000000968864946,7743359,2019-06-17 20:36:21,btc,2.4470109259149853,0.0,0.00001041,btc,15913.47583671,0.05736929,0.0542897044525219,18
1,[],10,[],2019-06-17 20:36:24,291556.7203636,0.00000963,0.0000000008962698779999999,7743360,2019-06-17 20:36:24,btc,15.218087169685964,4263.88269913,0.00000963,btc,11459.97756526,0.0,0.2752416343060179,18
1,[],12,[],2019-06-17 20:36:25,3058.03611796,0.000011120000000000000259128656032725501745517249219119548797607421875,0.000000001034945072,7743361,2019-06-17 20:36:25,btc,0.5374418344230613,0.0,0.000011120000000000000259128656032725501745517249219119548797607421875,btc,1930.74656394,0.001392386941,0.0084199707058373,18
0,[],17,[],2019-05-03 00:53:39,0.0,0,0,7558882,2019-05-03 00:53:39,btc,0.0,0.0,0,btc,0.0,0.0,0.0,18
1,[],3,[],2019-06-17 20:41:29,154033.89897621353,0.00001135999999999999965534513979292796648223884403705596923828125,0.000000001055797264,7743495,2019-06-17 20:41:29,btc,0.238967154012334,12469.9864553,0.00001135999999999999965534513979292796648223884403705596923828125,btc,5715.508758842152,0.0,0.0750703162340118,19
1,[],4,[],2019-06-17 20:41:29,324104.39446536,0.00001165,0.000000001082749835,7743496,2019-06-17 20:41:29,btc,6.186925353377835,0.0,0.00001165,btc,210322.23883577,1.90859172,1.299883251398839,19
1,[],5,[],2019-06-17 20:41:30,0.0,0,0,7743497,2019-06-17 20:41:30,btc,0.0,0.00154959,0,btc,0.0,0.0,0.0,19
1,[],12,[],2019-06-17 20:41:31,108998.52793224,0.000007250000000000000042500725161431773813092149794101715087890625,0.000000000673814275,7743498,2019-06-17 20:41:31,btc,1.5488138851550357,0.0,0.000007250000000000000042500725161431773813092149794101715087890625,btc,2954.84809466,0.00398435623,0.02024743137621,19
0,[],27,[],2019-06-17 20:41:35,0.0,0,0,7743499,2019-06-17 20:41:35,,0.0,0.0,0,btc,0.0,0.0,0.0,19
0,[],2,[],2019-01-20 23:24:19,0.0,0,0,6476924,2019-01-20 23:24:19,,0.0,0.0,0,,0.0,0.0,0.0,19
1,[],4,[],2019-06-17 20:41:36,10221593.13604769,0.00000008,0.000000000007435192,7743500,2019-06-17 20:41:36,btc,6.3705248709913365,0.0,0.00000008,btc,2198053.57744236,0.00706181,0.126972924430318,20
0,[],4,[],2019-06-17 20:41:37,0.0,0,0,7743501,2019-06-17 20:41:37,,53919.27083740718,0.0,0,,79402105.62574267,0.0,0.0,21
1,[],12,[],2019-06-17 20:41:39,872535.0,0.00000001,0.000000000000929399,7743502,2019-06-17 20:41:39,btc,2601.6140903023875,0.0,0.00000001,btc,6759413.11888111,0.002704965921,0.00872535,21
0,[],17,[],2019-05-03 00:53:51,0.0,0,0,7558891,2019-05-03 00:53:51,btc,0.0,0.0,0,btc,0.0,0.0,0.0,21
1,[],12,[],2019-06-17 20:36:39,5571831988.0,0.0000000003,0.000000000000027921179999999998,7743370,2019-06-17 20:36:39,btc,1420730267382.597,0.0,0.0000000003,btc,2528783767.299703,0.002661748438,1.3005719178,23
0.0000000002933804,[],27,[],2019-06-17 20:36:43,47187162.85186959,5.867608e-18,5.461017971248e-22,7743371,2019-06-17 20:36:43,eth,1051.639203119881,121455.12387616,0.00000002,eth,26028018.42487581,7.1265032964e-13,1.5967815237263282e-10,23
1,[],4,[],2019-06-17 20:41:41,6164062.83851807,0.00000016,0.000000000014870384,7743503,2019-06-17 20:41:41,btc,10.258826098618075,0.0,0.00000016,btc,1742369.29901603,0.00430713,0.1382992284400025,24
0,[],22,[],2019-06-17 20:41:43,0.0,0,0,7743504,2019-06-17 20:41:43,,6.22e-05,0.0,0,,517.4264705882352,0.0,0.0,24
0.0,[],25,[],2019-06-17 20:41:44,0.0,0,0,7743505,2019-06-17 20:41:44,,0.0,0.0,0.0,btc,0.0,0.0,0.0,24
1,[],4,[],2019-06-17 20:41:45,27000887.97418044,0.00000501,0.000000000465628899,7743506,2019-06-17 20:41:45,btc,56.63134888794372,0.0,0.00000501,btc,253013.71568273,0.2404712,0.7553679614628457,26
1,[],10,[],2019-06-17 20:41:47,221042.74380282,0.00000368,0.00000000034201883199999997,7743507,2019-06-17 20:41:47,btc,25.26926517695341,6422.71515636,0.00000368,btc,19869.51829817,0.0,0.049605314265131,26
0,[],2,[],2019-01-20 23:25:56,0.0,0,0,6476976,2019-01-20 23:25:56,,0.0,0.0,0,,0.0,0.0,0.0,26
1,[],5,[],2019-04-26 09:47:06,0.0,0,0,7465326,2019-04-26 09:47:06,btc,0.0,0.0,0,btc,0.0,0.0,0.0,27
1,[],3,[],2019-06-17 14:30:26,13571825.64059417,0.00000001,0.00000000000092914,7740112,2019-06-17 14:30:26,btc,3.485049956644059,4264730.43754,0.00000001,btc,23500048.28518193,0.0,0.1357182564059417,27
1,[],11,[],2019-06-17 14:30:28,2031833.58157834,0.00000001,0.00000000000092914,7740113,2019-06-17 14:30:28,btc,67502.92060589766,32677.9652116,0.00000001,btc,6487362.95640949,0.0,0.0203183358157834,27
1,[],4,[],2019-06-17 20:41:48,1131418725.693367,0.00000001,0.000000000000929399,7743508,2019-06-17 20:41:48,btc,6.082816017586352,0.0,0.00000001,"btc,ltc",432693097.2060622,0.20236588,7.971538140313894,29
1,[],7,[],2019-06-17 20:41:49,88385545.39145987,0.00000001,0.000000000000929399,7743509,2019-06-17 20:41:49,btc,46548272.36101018,3522.25,0.00000001,btc,44639080.40794106,3.522e-05,0.8838554539145987,29
1,[],4,[],2019-06-17 20:36:54,15460493.31953375,0.00000004,0.0000000000037228239999999996,7743379,2019-06-17 20:36:54,btc,2.598197226994315,0.0,0.00000004,btc,2158328.31919714,0.00207486,0.1676708097656751,30
0,[],17,[],2019-05-03 01:11:25,0.0,0,0,7559066,2019-05-03 01:11:25,btc,0.0,0.0,0,btc,0.0,0.0,0.0,30
1,[],4,[],2019-06-17 20:41:50,214840.59995855,0.00005201,0.000000004833804199,7743510,2019-06-17 20:41:50,btc,5.548631500507443,0.0,0.00005201,btc,65128.11053956,0.72743709,0.9237824630053177,31
1,[],21,[],2019-06-17 20:41:52,81471.89833170999,0.00005250000000000000217707796235,0.00000000487934475,7743511,2019-06-17 20:41:52,btc,11.266008734366672,709766.71159866,0.00005250000000000000217707796235089290348696522414684295654296875,btc,187571.66090025,35.51645667,3.7247001452542174,31
0,[],2,[],2019-01-20 23:28:43,0.0,0,0,6477009,2019-01-20 23:28:43,,0.0,0.0,0,,0.0,0.0,0.0,32
1,[],12,[],2019-03-30 07:55:10,40641173.964,0.00000003,0.000000000001228359,7108785,2019-03-30 07:55:10,btc,4233210.82356125,0.0,0.00000003,btc,28378394.68333462,0.0126927883965248,0.90752895892,33
0,[],4,[],2019-06-17 20:39:33,0.0,0,0,7743448,2019-06-17 20:39:33,,0.0,0.0,0,,0.0,0.0,0.0,33
0.0000000001433635,[],4,[],2019-06-17 20:41:53,155595979.81483886,9.175263999999999e-17,8.527481186336e-21,7743512,2019-06-17 20:41:53,ltc,3.7208734393643668,0.0,0.00000064,ltc,158208372.64226097,0.0,1.651800685706511e-09,34
1,[],5,[],2019-06-17 20:41:54,0.0,0,0,7743513,2019-06-17 20:41:54,btc,0.0,0.002,0,btc,0.0,0.0,0.0,34
0.0000000002926451,[],17,[],2019-05-02 18:17:47,200000.0,2.9264510000000002e-18,1.596703856561e-22,7556430,2019-05-02 18:17:47,eth,0.20942468735267253,0.0,0.00000001,"btc,eth",1018272.20243647,0.0,5.852902e-13,36
0.0000000001311821,[],4,[],2019-05-31 13:28:19,2417517744.0607657,1.311821e-18,1.105058333085e-22,7717483,2019-05-31 13:28:19,ltc,5.019900492391546e-08,0.0,0.00000001,ltc,7102398142.262129,0.0,3.171350544531538e-09,36
1,[],5,[],2019-05-31 13:28:21,0.0,0,0,7717484,2019-05-31 13:28:21,btc,0.0,0.0,0,btc,0.0,0.0,0.0,36
0.0000000003108179,[],27,[],2019-05-31 13:30:34,10388811.226876,6.216358000000001e-18,5.236566733830001e-22,7717485,2019-05-31 13:30:34,eth,1569.8708019850988,761866.634299,0.00000002,"ltc,eth",5084024.2511555,4.736034912207001e-12,3.3251980286483705e-11,36
1,[],4,[],2019-06-17 20:41:55,10214300.25312233,0.00000013,0.000000000012082187,7743514,2019-06-17 20:41:55,btc,19772.14806699958,0.0,0.00000013,btc,695843.76456297,0.0,0.1278880438608256,37
1,[],12,[],2019-06-17 20:41:56,4159294.0,0.00000013,0.000000000012082187,7743515,2019-06-17 20:41:56,btc,7.366881162855411,0.0,0.00000013,btc,1633293.6951132,0.009008580668,0.14121685,37
0,[],27,[],2019-06-17 20:43:59,0.0,0,0,7743516,2019-06-17 20:43:59,,0.0,0.0,0,,0.0,0.0,0.0,37
1,[],17,[],2019-05-03 01:11:36,211752.74075282,0.00000025,0.000000000013700074999999998,7559074,2019-05-03 01:11:36,btc,0.055484923955058496,0.0,0.00000025,"btc,eth",1387.19918473,0.0,0.0005381851887916605,37
1,[],5,[],2019-06-17 20:44:00,0.0,0,0,7743517,2019-06-17 20:44:00,btc,0.0,0.00474737,0,btc,0.0,0.0,0.0,42
1,[],12,[],2019-06-17 20:44:01,128122.02645583,0.000001830000000000000054831898570195658493275914224795997142791748046875,0.000000000170080017,7743518,2019-06-17 20:44:01,btc,490.692006254172,0.0,0.000001830000000000000054831898570195658493275914224795997142791748046875,btc,147537.93300848,0.115229016752,0.051302776399932096,42
1,[],27,[],2019-06-17 20:44:07,1581.0,0.0000005,0.00000000004646995,7743519,2019-06-17 20:44:07,btc,0.07600425,0.0,0.0000005,"btc,eth",18.0,0.0,0.0005435000003082949,42
1,[],12,[],2019-03-13 09:13:29,1112112.0,0.00000001,0.000000000000386531,6919902,2019-03-13 09:13:29,btc,29058.00478931866,0.0,0.00000001,btc,5967681.93306694,9.99000999e-07,0.01112112,43
1,[],5,[],2019-04-26 22:38:52,0.0,0,0,7474154,2019-04-26 22:38:52,btc,0.0,0.02638891,0,btc,0.0,0.0,0.0,43
0,[],17,[],2019-04-26 22:38:53,0.0,0,0,7474155,2019-04-26 22:38:53,btc,0.0,0.0,0,btc,0.0,0.0,0.0,43
1,[],12,[],2019-03-05 01:54:08,639326.02,0.00000004,0.000000000001486676,6845775,2019-03-05 01:54:08,btc,11116042.728239931,0.0,0.00000004,btc,1103841.4595604,0.0003330765234764,0.014975410599999999,44
0.0000000001433635,[],4,[],2019-06-17 20:44:08,102756006.51560645,4.300905e-17,3.997256806095e-21,7743520,2019-06-17 20:44:08,ltc,6411.978107395938,0.0,0.0000003,ltc,27599047.43167645,0.0,6.144984083948165e-10,49
0.0000000001431462,[],4,[],2019-06-17 20:37:16,323821513.206733,3.0060702e-17,2.7977675715612e-21,7743392,2019-06-17 20:37:16,ltc,26637.376085645614,0.0,0.00000021,ltc,166000817.06437805,0.0,2.9282351442004964e-09,52
0,[],22,[],2019-06-17 20:37:19,0.0,0,0,7743393,2019-06-17 20:37:19,,10289.93125131,0.0,0,,299399285.4566013,0.0,0.0,57
0,[],27,[],2019-06-17 20:37:24,0.0,0,0,7743394,2019-06-17 20:37:24,,0.0,0.0,0,"btc,eth",0.0,0.0,0.0,57
0.0000000001433635,[],4,[],2019-06-17 20:44:09,152494000.0,1.4336349999999999e-18,1.332418935365e-22,7743521,2019-06-17 20:44:09,ltc,19.71791830505621,0.0,0.00000001,ltc,5642195730.449376,0.0,2.1862073569e-10,58
1,[],12,[],2019-06-17 20:44:10,1050635238.5,0.0000000001,0.00000000000000929399,7743522,2019-06-17 20:44:10,btc,10159560.121379288,0.0,0.0000000001,btc,2681360406.37658,0.00542054384,0.10506352385,58
0.0000000001056831,[],22,[],2019-06-17 20:44:14,126877.0,1.056831e-18,9.822176745689999e-23,7743523,2019-06-17 20:44:14,XMR,68.17454206,0.0,0.00000001,XMR,9626402.6,0.0,0.00126877,58
1,[],17,[],2019-05-03 01:12:09,1200000.0,0.0000000001,0.00000000000000548003,7559085,2019-05-03 01:12:09,btc,1e+24,0.0,0.0000000001,"btc,eth",39516342.31952568,0.0,0.00010000000058666061,58
1,[],5,[],2019-06-17 14:31:27,0.0,0,0,7740135,2019-06-17 14:31:27,btc,0.0,0.00079154,0,btc,0.0,0.0,0.0,61
1,[],22,[],2019-06-17 14:31:30,13612.833333333334,0.00000012,0.00000000001114968,7740136,2019-06-17 14:31:30,BTC,1002.29123003,0.0,0.00000012,BTC,15014.200177125656,0.0,0.00153257,61
1,[],26,[],2019-06-17 14:31:30,0.0,0.00000050,0.000000000046457,7740137,2019-06-17 14:31:30,btc,0.0,0.0,0.00000050,btc,0.0,0.0,0.0,61
1,[],27,[],2019-06-17 14:31:36,8400.0,0.00000018,0.00000000001672452,7740138,2019-06-17 14:31:36,btc,1.9742539297246655,0.0,0.00000018,"btc,eth",10953.51663696,0.0,0.001512,61
0,[],28,[],2019-06-17 14:31:38,0.0,0,0,7740139,2019-06-17 14:31:38,,0.0,0.0,0,,0.0,0.0,0.0,61
1,[],4,[],2019-06-17 20:44:15,956880.70294355,0.00000078,0.000000000072493122,7743524,2019-06-17 20:44:15,btc,3.014024072079968,0.0,0.00000078,btc,1073620.45936235,0.04082771,0.5341651267141712,67
0.0,[],25,[],2019-06-17 20:44:17,0.0,0,0,7743525,2019-06-17 20:44:17,,0.0,0.0,0.0,btc,0.0,0.0,0.0,67
1,[],12,[],2019-06-02 06:23:14,910048.355,0.00000006,0.000000000005154929999999999,7725270,2019-06-02 06:23:14,btc,5.167005424215783,0.0,0.00000006,btc,738530.60239759,0.003159757462,0.0187188113,71
,[],5,[],2018-11-20 23:02:39,1.5e-07,0.00000005,0.000000000002128045,4862160,2018-11-20 23:02:39,btc,2.84511358,0.0,,btc,0.00036572,0.0,0.07381892,74
1,[],5,[],2019-06-17 20:44:18,0.0,0,0,7743526,2019-06-17 20:44:18,btc,0.0,0.034444,0,btc,0.0,0.0,0.0,75
1,[],4,[],2019-06-04 03:25:15,715281.46076168,0.00000001,0.000000000000803619,7734085,2019-06-04 03:25:15,btc,581089.6218469425,0.0,0.00000001,btc,37692563.61091116,0.0,0.0071528146076168,81
0,[],20,[],2019-01-25 09:30:31,0.0,0,0,6495923,2019-01-25 09:30:31,btc,0.0,0.0,0,btc,0.0,0.0,0.0,81
1,[],4,[],2019-06-17 20:37:30,266080.88451849,0.00009185,0.00000000854853461,7743399,2019-06-17 20:37:30,btc,57.245698738369335,0.0,0.00009185,btc,112938.82016394,0.74833202,0.5712652711106995,82
1,[],21,[],2019-06-17 20:37:31,75229.62969029,0.00009707999999999999886802354299,0.000000009035293848,7743400,2019-06-17 20:37:31,btc,7.590779400192288,14939.85758893,0.000097079999999999998868023542986094298612442798912525177001953125,btc,60409.30410448,1.51758496,5.882318240947993,82
0,[],17,[],2019-03-25 22:42:34,0.0,0,0,7038780,2019-03-25 22:42:34,btc,0.0445064681804024,0.0,0,btc,995513.18476001,0.0,0.0,84
0.0000000001161485,[],4,[],2019-05-20 13:09:39,216715621.0206096,1.161485e-18,9.0533806701e-23,7657228,2019-05-20 13:09:39,ltc,1.6511566870244727,0.0,0.00000001,ltc,471032407.9048656,0.0,2.5171194308112273e-10,85
,[],22,[],2018-11-20 23:09:34,3408.1,0.0000001,0.0000000000041895,4862324,2018-11-20 23:09:34,BTC,0.04624735,0.0,,BTC,4990.0,0.0,0.00033081,86
1,[],22,[],2019-06-17 20:44:22,124294.0,0.00000014,0.000000000013011586,7743527,2019-06-17 20:44:22,BTC,1.81285153,0.0,0.00000014,BTC,203224.94736842104,6e-05,0.00443684,87
1,[],27,[],2019-06-17 20:44:25,313713.0,0.00000012,0.000000000011152788,7743528,2019-06-17 20:44:25,btc,1.81223578326,8460.0,0.00000012,btc,484743.402,0.0009306,0.01197659,87
,[],2,[],2018-11-20 23:10:47,0.0,0,0,4862359,2018-11-20 23:10:47,,0.0,0.0,,,0.0,0.0,0.0,88
1,[],11,[],2019-06-17 14:31:59,193715.3529613,0.000073310000000000001140094962881477158589405007660388946533203125,0.00000000681152534,7740147,2019-06-17 14:31:59,btc,168.35454702024953,5791.70569014,0.000073310000000000001140094962881477158589405007660388946533203125,btc,196971.41170107,0.0,1.1996165759440112,89
0,[],2,[],2019-01-20 23:31:45,0.0,0,0,6477083,2019-01-20 23:31:45,,0.0,0.0,0,,0.0,0.0,0.0,91
1,[],12,[],2019-06-17 20:44:27,427715.74,0.00000015,0.000000000013940984999999999,7743529,2019-06-17 20:44:27,btc,116.61053428828876,0.0,0.00000015,btc,193315.55943968,0.000180759303,0.0129558314,91
1,[],22,[],2019-06-17 20:44:31,75910.0,0.00000002,0.000000000001858798,7743530,2019-06-17 20:44:31,BTC,0.49565371,0.0,0.00000002,"BTC,LTC",6.384990670617935,0.0,0.0016592,91
0,[],17,[],2019-05-03 01:12:26,0.0,0,0,7559096,2019-05-03 01:12:26,btc,0.0,0.0,0,btc,0.0,0.0,0.0,91
1,[],22,[],2019-04-09 20:17:52,374949.73333333334,0.00000015,0.000000000007771935,7235704,2019-04-09 20:17:52,BTC,6.87372503,0.0,0.00000015,"BTC,LTC",159980.01196797504,1.1e-05,0.80510266,95
0.0000000001433635,[],4,[],2019-06-17 20:44:32,536210829.0275802,2.1504525e-17,1.9986284030475e-21,7743531,2019-06-17 20:44:32,ltc,11.36557162690858,0.0,0.00000015,ltc,160869418.30456752,0.0,8.631515193722424e-10,96
0,[],12,[],2019-06-17 20:44:32,0.0,0,0,7743532,2019-06-17 20:44:32,btc,40.2852944206993,0.0,0,btc,10625572.06993007,0.0,0.0,96
0,[],17,[],2019-05-03 01:12:32,0.0,0,0,7559100,2019-05-03 01:12:32,btc,0.0,0.0,0,btc,0.0,0.0,0.0,96
1,[],4,[],2019-04-14 03:32:46,1039404.33283278,0.00000038,0.000000000019245518,7293458,2019-04-14 03:32:46,btc,4.170086055365747,0.0,0.00000038,btc,3097704.34561074,0.06260606,0.1859928211030784,99
1,[],4,[],2019-06-17 20:44:34,289258.41758889,0.00001193,0.000000001108773007,7743533,2019-06-17 20:44:34,btc,4.015991406114257,0.0,0.00001193,btc,134924.84622202,0.77608795,0.7091478608547763,100
0,[],2,[],2019-01-20 23:23:55,0.0,0,0,6476914,2019-01-20 23:23:55,,0.0,0.0,0,,0.0,0.0,0.0,100
1,[],22,[],2019-06-05 06:30:35,150000.0,0.00000002,0.000000000001558192,7740007,2019-06-05 06:30:35,BTC,28.56386409,0.0,0.00000002,BTC,12787.719,0.0,0.0017,101
1,[],4,[],2019-06-17 20:44:35,528403.64561586,0.00000175,0.000000000162644825,7743534,2019-06-17 20:44:35,btc,553.7219372527496,0.0,0.00000175,btc,676268.32396313,0.01809165,0.2147649502758955,103
1,[],12,[],2019-06-17 14:32:14,179201505.10870332,0.000000005,0.00000000000046457,7740154,2019-06-17 14:32:14,btc,113577.79366343976,0.0,0.000000005,btc,79148141.67831126,0.019059029059,0.27280986350611003,105
1,[],27,[],2019-06-17 14:32:19,18306828.03496503,0.00000002,0.00000000000185828,7740155,2019-06-17 14:32:19,btc,180.7198218385489,1083.96503497,0.00000002,btc,276513.60142659,7.588e-05,0.3661365606993006,105
1,[],22,[],2019-04-21 00:17:26,21333.0,0.00000001,0.000000000000532493,7385819,2019-04-21 00:17:26,BTC,51.38182867,0.0,0.00000001,BTC,470435.0,0.0,0.00021333,107
1,[],26,[],2019-04-21 00:17:26,0.0,0.00000000,0,7385820,2019-04-21 00:17:26,btc,0.0,0.0,0.00000000,btc,0.0,0.0,0.0,107
1,[],5,[],2019-06-17 20:44:39,0.0,0,0,7743535,2019-06-17 20:44:39,btc,0.0,0.0,0,btc,0.0,0.0,0.0,112
0,[],22,[],2019-06-17 20:44:41,0.0,0,0,7743536,2019-06-17 20:44:41,,6.79500102,0.0,0,,3375892.0833333335,0.0,0.0,112
1,[],27,[],2019-06-17 20:44:47,1.0,0.00000001,0.000000000000929399,7743537,2019-06-17 20:44:47,btc,1.14885,0.0,0.00000001,"btc,eth",39.0,0.0,1e-08,112
1,[],4,[],2019-06-17 20:44:49,2189751.20463494,0.00000068,0.000000000063199132,7743538,2019-06-17 20:44:49,btc,4.812541192320139,0.0,0.00000068,btc,757720.26978287,0.01248952,0.3517914414937873,113
1,[],5,[],2019-06-17 20:44:50,0.0,0,0,7743539,2019-06-17 20:44:50,btc,0.0,0.0,0,btc,0.0,0.0,0.0,113
1,[],17,[],2019-04-26 02:17:47,162738.278,0.00000004,0.0000000000021069000000000002,7461287,2019-04-26 02:17:47,btc,1.3331140273775473,0.0,0.00000004,btc,51796.221,0.0,0.00230953112,116
1,[],27,[],2019-05-22 05:13:01,210000.0,0.00000001,0.00000000000079145,7666372,2019-05-22 05:13:01,btc,3919.0005001478,0.0,0.00000001,btc,128660.871,0.0,0.0021,116
1,[],4,[],2019-05-21 22:31:11,138169.03963019,0.00000701,0.000000000558364025,7664793,2019-05-21 22:31:11,btc,150.95388250938234,0.0,0.00000701,btc,344631.17141974,0.07552974,0.4288357684941946,120
1,[],7,[],2019-05-21 22:31:12,3901.07750076,0.000010679999999999999389654892212320191902108490467071533203125,0.0000000008506887,7664794,2019-05-21 22:31:12,btc,231188.94669936574,0.0,0.000010679999999999999389654892212320191902108490467071533203125,btc,4133.83151364,0.0,0.0113888422364489,120
1,[],20,[],2019-04-07 18:42:29,1914137.0852,0.000000035,0.0000000000017871910000000002,7211992,2019-04-07 18:42:29,btc,32.2497668025648,25528.85,0.000000035,btc,1001975.4986,0.00089350975,0.0152723574729,125
1,[],22,[],2019-06-17 14:32:38,10000.0,0.00000001,0.00000000000092914,7740161,2019-06-17 14:32:38,BTC,0.032061,0.0,0.00000001,BTC,299316.7611111111,0.0,0.0001,126
1,[],4,[],2019-06-17 20:44:51,855100.44463823,0.00000556,0.000000000516745844,7743540,2019-06-17 20:44:51,btc,2.5399659068047797,0.0,0.00000556,btc,168362.63610542,0.15113061,0.2708596932928044,131
0,[],2,[],2019-01-20 23:25:46,0.0,0,0,6476969,2019-01-20 23:25:46,,0.0,0.0,0,,0.0,0.0,0.0,131
1,[],17,[],2019-05-03 01:13:10,10000.0,0.00000001,0.000000000000548003,7559115,2019-05-03 01:13:10,btc,0.0953976503951408,0.0,0.00000001,btc,5037.62507334,0.0,0.0001,131
1,[],4,[],2019-06-17 14:32:42,4848.49465417,0.00007919,0.00000000735785966,7740163,2019-06-17 14:32:42,btc,0.9905723729472744,0.0,0.00007919,btc,202.13055914,0.0,0.0061509344290166,135
1,[],3,[],2019-06-05 06:33:11,40600.27748212,0.00000001,0.000000000000779096,7740019,2019-06-05 06:33:11,btc,0.2308097808993716,2146378.52189,0.00000001,btc,2477992.76904676,0.0,0.0004060027748212,136
1,[],4,[],2019-06-17 20:39:49,561086.44112628,0.00000169,0.000000000157136369,7743456,2019-06-17 20:39:49,btc,110.34210807565056,0.0,0.00000169,btc,586757.39794662,0.13516378,0.4541398788775047,137
1,[],12,[],2019-06-17 20:39:51,65877.1126845,0.00000154000000000000007854285798136739771280190325342118740081787109375,0.00000000014318935400000003,7743457,2019-06-17 20:39:51,btc,84.63115441972597,0.0,0.00000154000000000000007854285798136739771280190325342118740081787109375,btc,84241.93935643,0.000570266242,0.0134621437578665,137
1,[],4,[],2019-06-17 20:38:00,83530.76833918,0.00001701,0.000000001583130906,7743412,2019-06-17 20:38:00,btc,6.1066025025750195,0.0,0.00001701,btc,167211.50313096,0.93995618,0.7247952654479746,142
1,[],5,[],2019-06-17 20:38:02,0.0,0,0,7743413,2019-06-17 20:38:02,btc,0.0,0.00279558,0,btc,0.0,0.0,0.0,142
1,[],20,[],2019-06-17 20:38:04,271805.2372,0.00001425,0.00000000132625605,7743414,2019-06-17 20:38:04,btc,1.6074494236347,0.2308,0.00001425,btc,9782.7691,3.2889e-06,0.0179495868667,142
1,[],22,[],2019-06-17 20:38:06,10715.0,0.00001299,0.000000001208987094,7743415,2019-06-17 20:38:06,BTC,2.99759384,0.0,0.00001299,BTC,835.7198755539798,0.0,0.00540125,142
0.0,[],25,[],2019-06-17 20:38:08,0.0,0,0,7743416,2019-06-17 20:38:08,,0.0,0.0,0.0,btc,0.0,0.0,0.0,142
0,[],28,[],2019-06-17 20:38:09,0.0,0,0,7743417,2019-06-17 20:38:09,,0.0,0.0,0,,0.0,0.0,0.0,142
1,[],17,[],2019-05-03 01:13:16,32967.38636364,0.00000088,0.000000000048224264,7559122,2019-05-03 01:13:16,btc,20.06976206696776,0.0,0.00000088,btc,2746.079105,0.0,0.0105613000000032,142
0,[],22,[],2019-06-17 20:44:57,0.0,0,0,7743541,2019-06-17 20:44:57,,1635.98618676,0.0,0,,788450755.3,0.0,0.0,143
0,[],22,[],2019-02-25 15:42:22,0.0,0,0,6783783,2019-02-25 15:42:22,,4.2131946,0.0,0,,2322156.0,0.0,0.0,146
,[],22,[],2018-11-20 23:01:11,0.0,0,0,4862114,2018-11-20 23:01:11,,2.56807021,0.0,,,61828.4988236,0.0,0.0,147
1,[],12,[],2019-04-21 06:38:04,193091.5971266,0.00000071,0.000000000037635183,7388679,2019-04-21 06:38:04,btc,2.301232411611175,0.0,0.00000071,btc,9957.48302385,0.00023528,0.0313308199999888,148
1,[],4,[],2019-03-19 21:31:25,255810.0415942,0.00000029,0.000000000011615747,6982695,2019-03-19 21:31:25,btc,218.94922712414143,0.0,0.00000029,btc,793529.37642722,0.00117,0.0608347789473395,152
0,[],22,[],2019-03-19 21:31:27,0.0,0,0,6982696,2019-03-19 21:31:27,,0.0,0.0,0,,0.0,0.0,0.0,152
1,[],5,[],2019-04-26 09:36:59,0.0,0,0,7465040,2019-04-26 09:36:59,btc,0.0,0.0,0,btc,0.0,0.0,0.0,153
,[],16,[],2019-01-11 15:38:59,0.0,0,0,6366141,2019-01-11 15:38:59,btc,0.0,0.0,,btc,0.0,0.0,0.0,155
0,[],23,[],2019-01-20 23:24:29,0.0,0,0,6476932,2019-01-20 23:24:29,,0.0,0.0,0,,0.0,0.0,0.0,156
0,[],22,[],2019-06-04 06:02:09,0.0,0,0,7734688,2019-06-04 06:02:09,,7.43375324,0.0,0,,5955762.942592593,0.0,0.0,156
1,[],22,[],2019-06-17 20:45:05,6996.0,0.00000001,0.000000000000929399,7743542,2019-06-17 20:45:05,BTC,1.7543039,0.0,0.00000001,BTC,57.0,0.0,6.996e-05,157
0,[],22,[],2019-05-21 23:40:32,0.0,0,0,7665049,2019-05-21 23:40:32,,50234.60468402,0.0,0,,54786159.03179465,0.0,0.0,158
,[],17,[],2018-11-20 22:56:10,0.0,0,0,4861976,2018-11-20 22:56:10,btc,1.1265625,0.0,,btc,1000.0,0.0,0.0,159
,[],20,[],2018-11-20 22:56:12,0.0,0,0,4861977,2018-11-20 22:56:12,btc,11912.7940471,0.0,,btc,34413894.3617,0.0,0.0,159
1,[],12,[],2019-05-24 02:51:20,9178.522006449999,0.00000191999999999999982841307998027158276954651228152215480804443359375,0.000000000151222656,7676256,2019-05-24 02:51:20,btc,149.80414728631675,0.0,0.00000191999999999999982841307998027158276954651228152215480804443359375,btc,1115.7451448499999,0.01783167678326,0.0120075778999181,168
1,[],17,[],2019-05-03 01:13:36,42852.0,0.00000002,0.000000000001096006,7559132,2019-05-03 01:13:36,btc,0.04279856251542,0.0,0.00000002,btc,274.46171372,0.0,0.00052852,168
1,[],22,[],2019-05-17 03:01:52,10.0,0.00000001,0.000000000000778341,7642059,2019-05-17 03:01:52,BTC,41.95893009,0.0,0.00000001,BTC,1753972.7737547632,0.0,1e-07,169
1,[],22,[],2019-05-30 08:38:18,202834.0,0.00000002,0.0000000000017416160000000001,7711049,2019-05-30 08:38:18,BTC,27.87002826,0.0,0.00000002,BTC,462189.5410507793,0.0,0.00211768,171
1,[],22,[],2019-05-29 08:05:18,349870.0,0.00000002,0.000000000001705894,7705265,2019-05-29 08:05:18,BTC,24.05907723,0.0,0.00000002,"BTC,LTC",1224285.4355616204,0.0,0.0039847,173
1,[],5,[],2019-06-17 20:45:07,0.0,0,0,7743543,2019-06-17 20:45:07,btc,0.0,0.00072171,0,btc,0.0,0.0,0.0,175
1,[],22,[],2019-06-17 14:33:12,90671.0,0.00000001,0.00000000000092914,7740175,2019-06-17 14:33:12,BTC,394.35459412,0.0,0.00000001,BTC,136275.61833431243,0.0,0.00090671,176
1,[],7,[],2019-06-17 20:45:09,0.0,0,0,7743544,2019-06-17 20:45:09,btc,522272.5605242169,0.0,0,btc,27079942.750126578,0.0,0.0,178
0,[],22,[],2019-06-17 20:45:11,0.0,0,0,7743545,2019-06-17 20:45:11,,1.00242428,0.0,0,,57512.0,0.0,0.0,178
0,[],2,[],2019-01-20 23:28:34,0.0,0,0,6477001,2019-01-20 23:28:34,,0.0,0.0,0,,0.0,0.0,0.0,178
1,[],5,[],2019-06-17 20:45:12,0.0,0,0,7743546,2019-06-17 20:45:12,btc,0.0,0.00129473,0,btc,0.0,0.0,0.0,179
0,[],22,[],2019-06-17 20:45:15,0.0,0,0,7743547,2019-06-17 20:45:15,,5.17403306,0.0,0,,13450177.311946675,0.0,0.0,179
0,[],23,[],2019-01-20 23:25:08,0.0,0,0,6476952,2019-01-20 23:25:08,,0.0,0.0,0,,0.0,0.0,0.0,179
1,[],22,[],2019-06-17 20:45:19,672840.5363636364,0.00000061,0.000000000056693339,7743548,2019-06-17 20:45:19,BTC,40.72189975,0.0,0.00000061,"BTC,LTC",182283.81477808973,0.01021206,0.57090354,180
1,[],26,[],2019-06-17 20:45:19,0.0,0.00000010,0.00000000000929399,7743549,2019-06-17 20:45:19,btc,0.0,0.0,0.00000010,btc,0.0,0.0,0.0,180
1,[],17,[],2019-05-03 01:13:56,20504.725000000002,0.0000001,0.00000000000548003,7559141,2019-05-03 01:13:56,btc,5.2010695838400265,0.0,0.0000001,btc,5033.45945,0.0,0.0011504725,180
,[],7,[],2018-11-20 22:58:01,562227.975654,0.00000085,0.000000000036176765,4862015,2018-11-20 22:58:01,btc,21836.6059674,2491.87645172,,btc,749999.041456,0.00211021,0.127565380455,183
,[],5,[],2019-01-10 08:11:41,0.0,0,0,6347036,2019-01-10 08:11:41,btc,82.15055501,0.00261,,btc,1.19002445,0.0,0.0,187
,[],17,[],2018-11-16 20:58:10,4062536.27273,0.00000001,0.000000000000550501,4708775,2018-11-16 20:58:10,btc,3.36492563466,0.195460381006,,"btc,eth",110697919.549,0.0,0.0157628953496,187
1,[],24,[],2019-05-22 21:04:52,0.0,0.000000000014,0.0000000000000010960978,7670219,2019-05-22 21:04:52,btc,0.0,0.0,0.000000000014,btc,0.0,0.0,0.0,187
0,[],22,[],2019-04-25 02:54:07,0.0,0,0,7447896,2019-04-25 02:54:07,,7.54794454,0.0,0,,76361.7243344055,0.0,0.0,191
0,[],22,[],2019-06-17 14:33:34,0.0,0,0,7740182,2019-06-17 14:33:34,,0.0,0.0,0,,0.0,0.0,0.0,197
0,[],23,[],2019-01-20 23:31:41,0.0,0,0,6477079,2019-01-20 23:31:41,,0.0,0.0,0,,0.0,0.0,0.0,199
0,[],22,[],2019-06-17 20:45:22,0.0,0,0,7743550,2019-06-17 20:45:22,,10.58263174,0.0,0,,84280969.0,0.0,0.0,199
1,[],26,[],2019-06-17 20:45:22,0.0,0.00000000,0,7743551,2019-06-17 20:45:22,btc,0.0,0.0,0.00000000,btc,0.0,0.0,0.0,199
0,[],2,[],2019-01-20 23:30:49,0.0,0,0,6477059,2019-01-20 23:30:49,,0.0,0.0,0,,0.0,0.0,0.0,201
1,[],4,[],2019-01-25 15:51:35,2084389.58565343,0.00000936,0.000000000333526752,6499557,2019-01-25 15:51:35,btc,2.0092503037378524,0.0,0.00000936,btc,160195.80207885,0.19272417,1.242687955921835,211
1,[],7,[],2019-06-17 20:45:25,1170056173.6409016,0.00000018,0.000000000016729182,7743552,2019-06-17 20:45:25,btc,1346840.283527339,0.0,0.00000018,btc,6172986.84713015,0.0,11.954364535464535,212
1,[],12,[],2019-01-25 02:44:32,207462.42853209,0.000001080000000000000035831255497387193287295303889550268650054931640625,0.000000000038610756000000006,6493050,2019-01-25 02:44:32,btc,85023.03793723314,0.0,0.000001080000000000000035831255497387193287295303889550268650054931640625,btc,43675.73520027,0.000146250909087,0.0348620860622024,213
1,[],5,[],2019-05-30 00:07:46,0.0,0,0,7709357,2019-05-30 00:07:46,btc,0.0,0.06425239,0,btc,0.0,0.0,0.0,213
1,[],24,[],2019-05-30 00:07:46,0.0,0.000000399202,0.0000000000344859829346,7709358,2019-05-30 00:07:46,btc,0.0,0.0,0.000000399202,btc,0.0,0.0,0.0,213
1,[],26,[],2019-05-30 00:07:47,0.0,0.00000040,0.000000000034554919999999996,7709359,2019-05-30 00:07:47,btc,0.0,0.0,0.00000040,btc,0.0,0.0,0.0,213
0,[],22,[],2019-06-17 14:33:45,0.0,0,0,7740186,2019-06-17 14:33:45,,9.56923849,0.0,0,,3661587.2040649247,0.0,0.0,216
0,[],27,[],2019-06-17 14:33:51,0.0,0,0,7740187,2019-06-17 14:33:51,,98.39583902917752,0.0,0,"btc,ltc",590425.407688,0.0,0.0,216
1,[],22,[],2019-06-17 20:45:29,613182.7424242424,0.00000033,0.000000000030670167,7743553,2019-06-17 20:45:29,BTC,12055.91646917,0.0,0.00000033,BTC,491532.3626290264,0.02762805,0.04648237,217
1,[],7,[],2019-06-17 20:45:30,0.0,0,0,7743554,2019-06-17 20:45:30,btc,1234861.1728473483,0.0,0,btc,101424858.23152792,0.0,0.0,219
0,[],27,[],2019-06-17 20:45:34,0.0,0,0,7743555,2019-06-17 20:45:34,,250.36597143533322,0.0,0,btc,7934668.36581025,0.0,0.0,219
0,[],28,[],2019-06-17 20:45:36,0.0,0,0,7743556,2019-06-17 20:45:36,,0.0,0.0,0,,0.0,0.0,0.0,219
1,[],22,[],2019-05-23 16:41:05,172069.0,0.00000004,0.0000000000031167080000000004,7674065,2019-05-23 16:41:05,BTC,56.76466137,0.0,0.00000004,BTC,127061.6482738741,0.0,0.00393676,221
1,[],24,[],2019-05-23 16:41:05,0.0,0.000000010000,0.0000000000007791770000000001,7674066,2019-05-23 16:41:05,btc,0.0,0.0,0.000000010000,btc,0.0,0.0,0.0,221
1,[],20,[],2019-06-17 14:34:11,26882155.8301,0.000000003,0.000000000000278742,7740192,2019-06-17 14:34:11,btc,100050.81956632523,233521.3529,0.000000003,btc,38769742.8604,0.0007925640587,0.0306863532672,224
0,[],22,[],2019-06-17 14:34:13,0.0,0,0,7740193,2019-06-17 14:34:13,,0.0,0.0,0,,0.0,0.0,0.0,224
1,[],26,[],2019-06-17 14:34:14,0.0,0.00000022,0.00000000002044108,7740194,2019-06-17 14:34:14,btc,0.0,0.0,0.00000022,btc,0.0,0.0,0.0,231
1,[],26,[],2019-06-17 20:45:36,0.0,0.00000006,0.000000000005576394,7743557,2019-06-17 20:45:36,btc,0.0,0.0,0.00000006,btc,0.0,0.0,0.0,234
0.00000000029344650000000003,[],27,[],2019-06-17 20:45:41,100.0,2.9344650000000002e-18,2.727288836535e-22,7743558,2019-06-17 20:45:41,eth,0.0,0.0,0.00000001,"btc,eth",0.0,0.0,2.934465e-16,234
1,[],4,[],2019-05-22 17:06:12,91780.56053785,0.00000078,0.000000000061977552,7669277,2019-05-22 17:06:12,btc,5.573372450018177,0.0,0.00000078,btc,729173.93529783,0.0,0.0307060663355679,236
1,[],24,[],2019-05-22 17:06:12,0.0,0.000000010000,0.000000000000794584,7669278,2019-05-22 17:06:12,btc,0.0,0.0,0.000000010000,btc,0.0,0.0,0.0,236
1,[],5,[],2019-06-17 20:45:42,0.0,0,0,7743559,2019-06-17 20:45:42,btc,0.0,0.54871827,0,btc,0.0,0.0,0.0,237
1,[],20,[],2019-06-17 20:45:44,149715623.0323,0.000000047,0.0000000000043681753,7743560,2019-06-17 20:45:44,btc,8172549.318135305,14114451.1754,0.000000047,btc,42907265.155,0.7450288912388,1.0130947341445,237
1,[],22,[],2019-06-17 20:45:48,2072335.0,0.00000003,0.000000000002788197,7743561,2019-06-17 20:45:48,BTC,1.20112207,0.0,0.00000003,"BTC,LTC",14507.148717948718,0.0,0.02538335,237
1,[],4,[],2019-06-17 20:45:49,40281982.97883878,0.00000007,0.000000000006505793,7743562,2019-06-17 20:45:49,btc,2.6381520359164714,0.0,0.00000007,btc,11618338.18445516,0.24787977,0.8089936680533801,238
1,[],5,[],2019-06-17 20:45:50,0.0,0,0,7743563,2019-06-17 20:45:50,btc,0.0,0.02420692,0,btc,0.0,0.0,0.0,238
0,[],22,[],2019-03-12 16:49:32,0.0,0,0,6914458,2019-03-12 16:49:32,,0.40415746,0.0,0,,526736.5639027493,0.0,0.0,249
0,[],22,[],2019-05-28 23:53:45,0.0,0,0,7703643,2019-05-28 23:53:45,,13.44714864,0.0,0,,43777534.3426455,0.0,0.0,252
0,[],28,[],2019-06-17 20:45:52,0.0,0,0,7743564,2019-06-17 20:45:52,,0.0,0.0,0,,0.0,0.0,0.0,256
1,[],22,[],2019-06-17 20:45:55,638147.0,0.00000001,0.000000000000929399,7743565,2019-06-17 20:45:55,BTC,31464.55006285,0.0,0.00000001,BTC,587691.2230878276,1.743e-05,0.00638147,258
1,[],22,[],2019-05-19 18:12:02,400.0,0.00000001,0.0000000000007957800000000001,7653905,2019-05-19 18:12:02,BTC,2.415167,0.0,0.00000001,BTC,157.0,0.0,4e-06,259
1,[],5,[],2019-06-17 20:45:57,0.0,0,0,7743566,2019-06-17 20:45:57,btc,0.0,0.05439342,0,btc,0.0,0.0,0.0,264
1,[],20,[],2019-06-17 20:45:59,921996.704,0.000000425,0.0000000000394994575,7743567,2019-06-17 20:45:59,btc,0.9734576414375,3698.3576,0.000000425,btc,46632.1987,0.0047967698072,0.010562393255,264
0,[],22,[],2019-04-12 17:57:27,0.0,0,0,7278186,2019-04-12 17:57:27,,66.37522201,0.0,0,,677842.4169881374,0.0,0.0,271
0,[],22,[],2019-05-29 08:10:20,0.0,0,0,7705301,2019-05-29 08:10:20,,33050470.74998113,0.0,0,,14361377780.7,0.0,0.0,272
0,[],28,[],2019-05-29 08:10:54,0.0,0,0,7705302,2019-05-29 08:10:54,,0.0,22189957216.5758,0,,0.0,0.0,0.0,272
1,[],22,[],2019-05-23 07:12:29,219930.0,0.00000004,0.000000000003048688,7671985,2019-05-23 07:12:29,BTC,426.77835217,0.0,0.00000004,BTC,248664.3325962929,0.0,0.00739728,281
1,[],22,[],2019-06-17 20:49:59,298683.76666666666,0.00000003,0.0000000000027797550000000002,7743683,2019-06-17 20:49:59,BTC,2.67496679,0.0,0.00000003,"BTC,LTC",971901.5998155182,0.00269824,0.01345206,286
0,[],22,[],2019-06-17 14:34:53,0.0,0,0,7740207,2019-06-17 14:34:53,,7337915.80475575,0.0,0,,2078527309.6797826,0.0,0.0,294
