pairValue,buyBook,exchangeId,sellBook,updated,buyTotal,satoshiPrice,usdPrice,exchangeLogId,created,bestPair,sellTotalBtc,volume,pairPrice,activePairs,sellTotal,volumeBtc,buyTotalBtc,coinId
0,[],2,[],2019-01-20 23:28:45,0.0,0,0,6477011,2019-01-20 23:28:45,,0.0,0.0,0,,0.0,0.0,0.0,1
1,[],3,[],2019-01-26 09:42:24,107.084779266398,0.0126968099999999993465760184108148678205907344818115234375,0.000000456992473287,6506215,2019-01-26 09:42:24,btc,106.96449034116833,1.10352526,0.0126968099999999993465760184108148678205907344818115234375,btc,13.714876154331002,0.0,0.1524652091147815,1
1,[],4,[],2019-01-26 09:42:26,25073.06057517,0.01267902,0.000000456352163154,6506216,2019-01-26 09:42:26,btc,0.9162505620037565,0.0,0.01267902,btc,64.77635438,0.48566084,1.1798485044531393,1
1,[],5,[],2019-01-26 09:42:28,0.21090666,0.01252225,0.00000045070958757500003,6506217,2019-01-26 09:42:28,btc,14578.4671476,0.02744525,0.01252225,btc,35555556.29096336,0.0,1.44366756,1
1,[],10,[],2019-01-26 09:42:30,271508.91578269,0.01259017,0.000000453154211759,6506218,2019-01-26 09:42:30,btc,6536.392707732501,1199.25178494,0.01259017,btc,897.81490786,0.0,3.563051227972047,1
1,[],12,[],2019-01-26 09:42:32,10414.21232656,0.01141999999999999959587881903644301928579807281494140625,0.00000041103663399999997,6506219,2019-01-26 09:42:32,btc,0.5498409891662001,0.0,0.01141999999999999959587881903644301928579807281494140625,btc,37.18302111,0.1766750515112,0.078453948327,1
1,[],20,[],2019-01-26 09:42:37,1350.4193,0.011000001,0.0000003959197359927,6506220,2019-01-26 09:42:37,btc,0.0832401101406,0.0,0.011000001,btc,4.0102,0.0,0.1082969636751,1
1,[],21,[],2019-01-26 09:42:38,2723.4308393,0.01273337000000000079902306993,0.00000045830836639900004,6506221,2019-01-26 09:42:38,btc,31.540482255267552,8229.89695545,0.012733370000000000799023069930626661516726016998291015625,"btc,eth",2973.1032262,79.30743658412099,27.636640166253475,1
1,[],22,[],2019-01-26 09:42:47,0.0363776,0.01400000,0.0000005038978,6506222,2019-01-26 09:42:47,BTC,0.31387019,0.0,0.01400000,BTC,0.09333966666666667,0.0,0.00048472,1
1,[],24,[],2019-01-26 09:42:47,0.0,0.000000000000,0,6506223,2019-01-26 09:42:47,btc,0.0,0.0,0.000000000000,btc,0.0,0.0,0.0,1
0.0,[],25,[],2019-01-26 09:42:48,0.0,0,0,6506224,2019-01-26 09:42:48,btc,11.199599999060299,325.268596,0.0,btc,853.1331114,4.1897,0.0,1
1,[],26,[],2019-01-26 09:43:06,0.0,0,0,6506225,2019-01-26 09:43:06,,0.0,0.0,0,,0.0,0.0,0.0,1
1,[],28,[],2019-01-26 09:43:08,987.9,0.01131000,0.000000407077437,6506226,2019-01-26 09:43:08,btc,0.162839806,18359.3,0.01131000,btc,8.9,0.0,0.024551096,1
1,[],5,[],2019-01-26 09:43:11,1.688e-05,0.00000069,0.000000000024834963000000002,6506227,2019-01-26 09:43:11,btc,0.17331741,0.01328982,0.00000069,btc,7.714e-05,0.0,0.52151601,2
1,[],22,[],2019-01-26 09:43:15,2224.625335862178,0.0000004,0.00000000001439708,6506228,2019-01-26 09:43:15,BTC,0.0231601,0.0,0.0000004,"BTC,XMR",14562.72385,0.0,0.00130482,2
1,[],5,[],2019-01-26 09:43:16,1.25e-06,0.00000016,0.000000000005758832,6506229,2019-01-26 09:43:16,btc,4.02476493,0.90441266,0.00000016,btc,2.204e-05,0.0,1.9831621,3
1,[],12,[],2019-01-26 09:43:17,12357799.33149884,0.000000172,0.0000000000061907444,6506230,2019-01-26 09:43:17,btc,921359.5365283402,0.0,0.000000172,btc,7998122.06140564,0.02769990671462355,0.5323468426203743,3
0,[],28,[],2019-01-26 09:43:18,0.0,0,0,6506231,2019-01-26 09:43:18,,0.0,0.0,0,,0.0,0.0,0.0,3
0,[],2,[],2019-01-20 23:31:32,0.0,0,0,6477077,2019-01-20 23:31:32,,0.0,0.0,0,,0.0,0.0,0.0,4
1,[],4,[],2019-01-26 09:43:19,324838.59085992,0.00000037,0.000000000013317299,6506232,2019-01-26 09:43:19,btc,0.47512277049751,0.0,0.00000037,btc,322164.75876776,0.04008016,0.0454573347233123,4
1,[],12,[],2019-01-25 15:53:49,1222127.5219999999,0.00000003,0.000000000001069017,6499609,2019-01-25 15:53:49,btc,11013867.817925906,0.0,0.00000003,btc,969763.77092902,0.0,0.01617509044,5
0,[],2,[],2019-01-20 23:31:51,0.0,0,0,6477087,2019-01-20 23:31:51,,0.0,0.0,0,,0.0,0.0,0.0,6
1,[],11,[],2019-01-26 09:43:21,3384831.0,0.00000001,0.000000000000359927,6506233,2019-01-26 09:43:21,btc,9432.823004747594,890188.0,0.00000001,btc,41643859.63059839,0.0,0.03384831,6
1,[],3,[],2019-01-26 09:43:21,1051.093167918516,0.00015051999999999998865705952422189284334308467805385589599609375,0.000000005417621204,6506234,2019-01-26 09:43:21,btc,30.108593419388622,0.0,0.00015051999999999998865705952422189284334308467805385589599609375,btc,231.077492617847,0.0,0.028198323718741553,7
1,[],4,[],2019-01-26 09:43:22,18303.97892493,0.00015927,0.0000000057325573290000005,6506235,2019-01-26 09:43:22,btc,1.9088927914971818,0.0,0.00015927,btc,10570.32543244,2.48928108,2.679265000225726,7
1,[],5,[],2019-01-26 09:43:24,0.00526713,0.00016060,0.00000000578042762,6506236,2019-01-26 09:43:24,btc,1.26457862,0.05668503,0.00016060,btc,0.01117555,0.0,1.5103872,7
1,[],20,[],2019-01-26 09:43:26,61771509.8802,0.000000001,0.0000000000000359927,6506237,2019-01-26 09:43:26,btc,121.193338259396,0.0,0.000000001,btc,26031125.3262,0.0,0.0617715098802,8
1,[],28,[],2019-01-26 09:43:29,34585.0,0.00000170,0.00000000006118759,6506240,2019-01-26 09:43:29,btc,2708.7536406632,3559575.892,0.00000170,btc,8861.21,0.0,0.0286845,9
0,[],2,[],2019-01-20 23:22:42,0.0,0,0,6476876,2019-01-20 23:22:42,,0.0,0.0,0,,0.0,0.0,0.0,9
0,[],23,[],2019-01-20 23:22:48,0.0,0,0,6476878,2019-01-20 23:22:48,,0.0,0.0,0,,0.0,0.0,0.0,9
1,[],1,[],2019-01-26 09:43:27,2642966.5100000002,0.00000191999999999999982841307998027158276954651228152215480804443359375,0.00000000006910598399999999,6506238,2019-01-26 09:43:27,btc,8.0881721969,14067661.86,0.00000191999999999999982841307998027158276954651228152215480804443359375,btc,4138363.73,27.1667737,5.0139463967,9
1,[],4,[],2019-01-26 09:43:28,365399.63203379,0.00000189,0.000000000068026203,6506239,2019-01-26 09:43:28,btc,1.0118584257105152,0.0,0.00000189,btc,511734.02032809,0.89327743,0.6335914223128367,9
1,[],4,[],2019-01-26 09:43:31,7156047.09026053,0.00000002,0.000000000000719854,6506241,2019-01-26 09:43:31,btc,0.2135370022856993,0.0,0.00000002,btc,4189461.70572456,0.0009802,0.0749503461052106,10
1,[],4,[],2019-01-26 09:43:32,1962840.47144462,0.00000145,0.000000000052189415,6506242,2019-01-26 09:43:32,btc,1.0982112615561788,0.0,0.00000145,btc,729031.52249224,1.44128643,2.634909001548164,12
1,[],5,[],2019-01-26 09:43:33,1.669e-05,0.00000141,0.000000000050749707,6506243,2019-01-26 09:43:33,btc,0.26509742,0.69059242,0.00000141,btc,0.00011208,0.0,0.08089529,12
0.0,[],25,[],2019-01-26 09:43:34,0.0,0,0,6506244,2019-01-26 09:43:34,,0.0,0.0,0.0,btc,0.0,0.0,0.0,12
0,[],2,[],2019-01-20 23:23:08,0.0,0,0,6476890,2019-01-20 23:23:08,,0.0,0.0,0,,0.0,0.0,0.0,12
1,[],4,[],2019-01-26 09:43:34,314562.55874393,0.00000686,0.000000000246909922,6506245,2019-01-26 09:43:34,btc,0.2538219965466721,0.0,0.00000686,btc,34687.23137706,0.58262016,1.4354340848908622,13
1,[],10,[],2019-01-26 09:43:37,565435.60017789,0.00000682,0.000000000245470214,6506246,2019-01-26 09:43:37,btc,666807.8815980115,15522.3388874,0.00000682,btc,832564.13554184,0.0,0.7573793785314962,13
1,[],21,[],2019-01-26 09:43:38,1930677.13304704,0.000006970000000000000182226195938,0.000000000250869119,6506247,2019-01-26 09:43:38,btc,6.079833027846402,489041.60492124,0.0000069700000000000001822261959383286722413686220534145832061767578125,btc,788437.06123771,3.45519739,8.143616455179757,13
1,[],4,[],2019-01-26 09:43:39,747786.76782295,0.00000189,0.000000000068026203,6506248,2019-01-26 09:43:39,btc,0.1636756343623537,0.0,0.00000189,btc,64651.92692586,0.16733131,0.2157744981914098,14
1,[],12,[],2019-01-26 09:43:40,89949.47933816,0.00000181000000000000003456111265232042484285557293333113193511962890625,0.000000000065146787,6506249,2019-01-26 09:43:40,btc,1.7864771554020809,0.0,0.00000181000000000000003456111265232042484285557293333113193511962890625,btc,37907.62220723,0.0004551868397796,0.020854946483833202,14
1,[],26,[],2019-01-26 09:43:40,0.0,0.00000020,0.00000000000719854,6506250,2019-01-26 09:43:40,btc,0.0,0.0,0.00000020,btc,0.0,0.0,0.0,14
0,[],17,[],2019-01-25 15:48:21,0.0,0,0,6499443,2019-01-25 15:48:21,btc,0.0,0.0,0,btc,0.0,0.0,0.0,14
0,[],4,[],2019-01-26 09:43:41,0.0,0,0,6506251,2019-01-26 09:43:41,,0.0,0.0,0,,0.0,0.0,0.0,15
,[],12,[],2018-12-01 15:15:48,204241.84496,0.00000489,0.000000000202473384,5260204,2018-12-01 15:15:48,btc,49.5475654835,0.0,,btc,35763.2193806,0.0163153972027625,0.0203389899998,15
1,[],4,[],2019-01-26 09:43:43,25755.64635669,0.00001782,0.000000000641389914,6506252,2019-01-26 09:43:43,btc,1.209827915219873,0.0,0.00001782,btc,6521.42513486,0.01091688,0.0851045738812901,18
1,[],10,[],2019-01-26 09:43:45,390899.14807956,0.000018,0.0000000006478686,6506253,2019-01-26 09:43:45,btc,15.55639647945007,312.40831283,0.000018,btc,10500.54211908,0.0,0.19673973282139,18
1,[],12,[],2019-01-26 09:43:46,200126.5439649,0.00001741000000000000102269755164474673847507801838219165802001953125,0.000000000626632907,6506254,2019-01-26 09:43:46,btc,0.1969286816701292,0.0,0.00001741000000000000102269755164474673847507801838219165802001953125,btc,2086.90663457,0.0,0.0158000929518574,18
0,[],2,[],2019-01-20 23:23:38,0.0,0,0,6476906,2019-01-20 23:23:38,,0.0,0.0,0,,0.0,0.0,0.0,18
0,[],17,[],2019-01-25 15:48:32,0.0,0,0,6499450,2019-01-25 15:48:32,btc,0.0,0.0,0,btc,0.0,0.0,0.0,18
1,[],3,[],2019-01-26 09:43:47,108853.37236620068,0.0000381099999999999993448296375930794965825043618679046630859375,0.000000001371681797,6506255,2019-01-26 09:43:47,btc,1.2539162075320083,0.80529903053,0.0000381099999999999993448296375930794965825043618679046630859375,btc,8295.293215847507,0.0,0.11583438793169817,19
1,[],4,[],2019-01-26 09:43:48,69813.3271128,0.00003757,0.000000001352245739,6506256,2019-01-26 09:43:48,btc,1.6825095594238086,0.0,0.00003757,btc,35201.69501779,0.80825577,1.5365621214012648,19
1,[],5,[],2019-01-26 09:43:50,0.00029437,0.00003057,0.000000001100296839,6506257,2019-01-26 09:43:50,btc,0.30948984,0.0,0.00003057,btc,0.00350452,0.0,0.19117301,19
1,[],12,[],2019-01-26 09:43:51,129522.42312129,0.0000368500000000000012441436769705660481122322380542755126953125,0.000000001326330995,6506258,2019-01-26 09:43:51,btc,1.9920402817121774,0.0,0.0000368500000000000012441436769705660481122322380542755126953125,btc,419.49251023,0.0,0.0382205220195365,19
0,[],27,[],2019-01-26 09:43:53,0.0,0,0,6506259,2019-01-26 09:43:53,,0.0,0.0,0,btc,0.0,0.0,0.0,19
0,[],2,[],2019-01-20 23:24:19,0.0,0,0,6476924,2019-01-20 23:24:19,,0.0,0.0,0,,0.0,0.0,0.0,19
1,[],4,[],2019-01-26 09:43:53,9443925.3670658,0.00000014,0.000000000005038978,6506260,2019-01-26 09:43:53,btc,0.8214117970258921,0.0,0.00000014,btc,1592904.2697911,0.00027197,0.3951825877258471,20
1,[],4,[],2019-01-26 09:43:54,127964659.11601596,0.00000002,0.000000000000719854,6506261,2019-01-26 09:43:54,btc,0.8160559776454455,0.0,0.00000002,btc,18428789.06840254,0.12594568,1.5690727665301596,21
1,[],12,[],2019-01-26 09:43:55,19817294.0,0.00000002,0.000000000000719854,6506262,2019-01-26 09:43:55,btc,668.0269141637974,0.0,0.00000002,btc,7961939.67233039,0.0141920851548457,0.26928240000000003,21
0,[],17,[],2019-01-25 15:49:42,0.0,0,0,6499491,2019-01-25 15:49:42,btc,0.0,0.0,0,btc,0.0,0.0,0.0,21
1,[],12,[],2019-01-26 09:43:57,4561148132.531896,0.0000000001,0.00000000000000359927,6506263,2019-01-26 09:43:57,btc,721663608789.0621,0.0,0.0000000001,btc,6502194131.345885,0.024182014396403592,0.4561148132531896,23
0,[],27,[],2019-01-26 09:43:59,0.0,0,0,6506264,2019-01-26 09:43:59,,0.424699,0.0,0,eth,424699.0,0.0,0.0,23
1,[],4,[],2019-01-26 09:44:00,2229904.48967248,0.00000084,0.000000000030233868,6506265,2019-01-26 09:44:00,btc,0.118084754066753,0.0,0.00000084,btc,89864.53157378,0.00461751,0.4394556470859006,24
1,[],22,[],2019-01-26 09:44:03,11.76,0.00000100,0.0000000000359927,6506266,2019-01-26 09:44:03,BTC,7.415e-05,0.0,0.00000100,BTC,23.919354838709676,0.0,1.176e-05,24
0.0,[],25,[],2019-01-26 09:44:04,0.0,0,0,6506267,2019-01-26 09:44:04,,0.0,0.0,0.0,btc,0.0,0.0,0.0,24
1,[],4,[],2019-01-26 09:44:05,10025098.90350423,0.00000723,0.000000000260227221,6506268,2019-01-26 09:44:05,btc,0.4467668214803417,0.0,0.00000723,btc,37239.26988288,0.15471054,0.213832397933872,26
1,[],10,[],2019-01-26 09:44:07,729672.85251422,0.0000073,0.00000000026274671,6506269,2019-01-26 09:44:07,btc,27.975847705677495,0.0,0.0000073,btc,12715.42087038,0.0,0.2115373590941351,26
0,[],2,[],2019-01-20 23:25:56,0.0,0,0,6476976,2019-01-20 23:25:56,,0.0,0.0,0,,0.0,0.0,0.0,26
1,[],3,[],2019-01-26 09:44:08,8045385.51415143,0.00000001,0.000000000000359927,6506270,2019-01-26 09:44:08,btc,3.1195760572205957,29996.8149298,0.00000001,btc,17904770.9735503,0.0,0.0804538551415143,27
1,[],5,[],2019-01-26 09:44:09,1e-08,0.00000001,0.000000000000359927,6506271,2019-01-26 09:44:09,btc,2.61407479,0.0,0.00000001,btc,4.13e-05,0.0,0.02479358,27
1,[],11,[],2019-01-26 09:44:10,10597882.41182718,0.00000005,0.000000000001799635,6506272,2019-01-26 09:44:10,btc,370.53275036350783,1000.0,0.00000005,btc,8220964.80991447,0.0,0.4932896594767663,27
1,[],4,[],2019-01-26 09:44:11,276231522.1174718,0.00000003,0.000000000001079781,6506273,2019-01-26 09:44:11,btc,2.9184077075119794,0.0,0.00000003,"btc,ltc",103736253.21855713,0.53951679,3.2718976229862684,29
1,[],7,[],2019-01-26 09:44:12,40168246.48558804,0.00000003,0.0000000000010797809999999998,6506274,2019-01-26 09:44:12,btc,44465226.99257809,71282.3893223,0.00000003,btc,38837740.51076072,0.0,0.7366003376382232,29
1,[],4,[],2019-01-26 09:44:13,1251139.06938457,0.00000036,0.000000000012957372,6506275,2019-01-26 09:44:13,btc,0.2981954701426451,0.0,0.00000036,btc,482463.18835142,0.01109489,0.0622909472704631,30
0,[],17,[],2019-01-25 15:50:57,0.0,0,0,6499534,2019-01-25 15:50:57,btc,0.0,0.0,0,btc,0.0,0.0,0.0,30
1,[],4,[],2019-01-26 09:44:15,41026.08187523,0.00009258,0.000000003332204166,6506276,2019-01-26 09:44:15,btc,1.4583497992875687,0.0,0.00009258,btc,13814.27151203,2.46947946,3.044692516471343,31
1,[],21,[],2019-01-26 09:44:17,99512.67777084,0.00009166999999999999476120449149,0.0000000032994508089999998,6506277,2019-01-26 09:44:17,btc,10.966706508660637,601402.9032861,0.00009166999999999999476120449148908164715976454317569732666015625,btc,108456.43059669,56.65259761,8.88910121817857,31
0,[],2,[],2019-01-20 23:28:43,0.0,0,0,6477009,2019-01-20 23:28:43,,0.0,0.0,0,,0.0,0.0,0.0,32
1,[],4,[],2019-01-26 09:44:18,135296688.25347292,0.00000005,0.000000000001799635,6506278,2019-01-26 09:44:18,btc,0.4861149822685975,0.0,0.00000005,"btc,ltc",12800151.56730119,0.34836747,2.1150122990267897,33
1,[],12,[],2019-01-26 09:44:19,24270494.0,0.00000006,0.0000000000021595619999999997,6506279,2019-01-26 09:44:19,btc,17261783.050848585,0.0,0.00000006,btc,87398724.27072918,0.1202401875524481,0.9653727999999999,33
1,[],4,[],2019-01-25 15:51:47,121436519.49535657,0.00000002,0.000000000000712664,6499565,2019-01-25 15:51:47,btc,0.7770388655030004,0.0,0.00000002,btc,25623680.84561682,0.04566956,1.2289232726234858,34
1,[],5,[],2019-01-25 15:51:48,3e-08,0.00000002,0.000000000000712664,6499566,2019-01-25 15:51:48,btc,3.15691075,0.01219489,0.00000002,btc,1.394e-05,0.0,0.77186813,34
0.0000000000928962,[],4,[],2019-01-26 09:44:20,2481877670.91481,3.715848e-18,1.3374340230960001e-22,6506280,2019-01-26 09:44:20,ltc,3.6942559152072775e-09,0.0,0.00000004,ltc,639392109.4951832,0.0,6.905124833742912e-09,36
1,[],5,[],2019-01-26 09:44:22,0.0,0,0,6506281,2019-01-26 09:44:22,btc,202.44189641,0.0,0,btc,1.295e-05,0.0,0.0,36
0.0000000000928962,[],27,[],2019-01-26 09:44:25,1000000.0,9.28962e-19,3.3435850577400003e-23,6506282,2019-01-26 09:44:25,ltc,448.55669329,0.0,0.00000001,"ltc,eth",3581972.58,0.0,9.28962e-13,36
0,[],17,[],2019-01-25 15:49:25,0.0,0,0,6499481,2019-01-25 15:49:25,btc,0.08200904495920741,0.0,0,btc,5842697.91583647,0.0,0.0,36
1,[],4,[],2019-01-26 09:44:26,430195.38031732,0.00000142,0.000000000051109634,6506283,2019-01-26 09:44:26,btc,0.4396029181009773,0.0,0.00000142,btc,233448.52011628,0.01285677,0.3767764795613019,37
1,[],12,[],2019-01-26 09:44:27,455042.54960874,0.000001439999999999999977188928391991229460700196796096861362457275390625,0.000000000051829488,6506284,2019-01-26 09:44:27,btc,1330.9015926220422,0.0,0.000001439999999999999977188928391991229460700196796096861362457275390625,btc,759210.04032189,0.205839006383595,0.3479930715402183,37
1,[],27,[],2019-01-26 09:44:30,3640.0609574,0.00569910,0.00000020512599657000001,6506285,2019-01-26 09:44:30,btc,22.37095737308125,0.001833,0.00569910,btc,2948.884381,1.045e-05,0.000368193331273,37
1,[],17,[],2019-01-25 15:49:17,1752.74075282,0.00000025,0.0000000000089083,6499476,2019-01-25 15:49:17,btc,0.05548731397418299,0.0,0.00000025,btc,1388.79251806,0.0,0.00043818518820499993,37
1,[],5,[],2019-01-26 09:44:31,1.515e-05,0.00000128,0.000000000046070656,6506286,2019-01-26 09:44:31,btc,0.1732051,0.05557822,0.00000128,btc,0.00014245,0.0,0.05447339,42
1,[],12,[],2019-01-26 09:44:32,105090.89892119,0.000001300000000000000047051663780439678674838432925753295421600341796875,0.000000000046790510000000004,6506287,2019-01-26 09:44:32,btc,109.11458462935504,0.0,0.000001300000000000000047051663780439678674838432925753295421600341796875,btc,89069.30391709,0.0644973235142101,0.0410681893316738,42
0,[],27,[],2019-01-26 09:44:34,0.0,0,0,6506288,2019-01-26 09:44:34,,0.00315028,0.0,0,"btc,eth",11.007,0.0,0.0,42
1,[],5,[],2019-01-26 09:44:35,3e-08,0.00000002,0.000000000000719854,6506289,2019-01-26 09:44:35,btc,6.15404046,1.08e-05,0.00000002,btc,1.425e-05,0.0,0.56542323,43
1,[],12,[],2019-01-26 09:44:36,5997133.0,0.00000002,0.000000000000719854,6506290,2019-01-26 09:44:36,btc,20007433.392920952,0.0,0.00000002,btc,40307546.40899101,0.0005714895004998,0.06004422,43
0,[],17,[],2019-01-25 15:47:37,0.0,0,0,6499419,2019-01-25 15:47:37,btc,0.0,0.0,0,btc,0.0,0.0,0.0,43
1,[],12,[],2019-01-26 09:44:38,762010.0,0.00000007,0.000000000002519489,6506291,2019-01-26 09:44:38,btc,11114761.219588628,0.0,0.00000007,btc,955800.89867649,0.0004808220179832,0.02039401,44
1,[],4,[],2019-01-26 09:44:39,237329237.6242539,0.00000003,0.000000000001079781,6506292,2019-01-26 09:44:39,btc,0.2197530956947076,0.0,0.00000003,"btc,ltc",6554842.53344355,0.00028696,0.6030549410751991,49
0.0000000000928962,[],4,[],2019-01-26 09:44:39,4081448355.855305,1.857924e-18,6.687170115480001e-23,6506293,2019-01-26 09:44:39,ltc,5.044116688151502,0.0,0.00000002,ltc,1636775983.8310626,0.0,4.74892914587314e-09,52
0,[],22,[],2019-01-26 09:44:42,0.0,0,0,6506294,2019-01-26 09:44:42,,3693.6459851,0.0,0,,270187342.90882355,0.0,0.0,57
0,[],27,[],2019-01-26 09:44:43,0.0,0,0,6506295,2019-01-26 09:44:43,,0.0,0.0,0,"btc,eth",0.0,0.0,0.0,57
0,[],17,[],2019-01-25 15:52:59,0.0,0,0,6499584,2019-01-25 15:52:59,btc,1e+24,0.0,0,btc,41616695.958325684,0.0,0.0,58
0.0000000000928962,[],4,[],2019-01-26 09:44:44,1456709865.0777113,6.5027340000000004e-18,2.3405095404180003e-22,6506296,2019-01-26 09:44:44,ltc,3.3366770116357785,0.0,0.00000007,ltc,992955177.7177526,0.09991,6.5990381883133796e-09,58
1,[],12,[],2019-01-26 09:44:46,2389433068.282997,0.0000000006,0.00000000000002159562,6506297,2019-01-26 09:44:46,btc,124018817925.39096,0.0,0.0000000006,btc,2971693181.9681315,0.09930800710029973,0.9395052420645632,58
0.0000000001276181,[],22,[],2019-01-26 09:44:50,137438.0,1.276181e-18,4.59331998787e-23,6506298,2019-01-26 09:44:50,XMR,69.8835922,0.0,0.00000001,XMR,9887963.0,0.0,0.00137438,58
1,[],5,[],2019-01-26 09:44:51,8.14e-06,0.00000064,0.000000000023035328,6506299,2019-01-26 09:44:51,btc,0.44625331,0.06627968,0.00000064,btc,0.00012207,0.0,0.04624862,61
1,[],22,[],2019-01-26 09:44:54,5111.5,0.00000011,0.000000000003959197,6506300,2019-01-26 09:44:54,BTC,1002.29606732,0.0,0.00000011,BTC,15028.700278135757,0.0,0.00051178,61
1,[],26,[],2019-01-26 09:44:54,0.0,0.00000800,0.0000000002879416,6506301,2019-01-26 09:44:54,btc,0.0,0.0,0.00000800,btc,0.0,0.0,0.0,61
0,[],27,[],2019-01-26 09:44:56,0.0,0,0,6506302,2019-01-26 09:44:56,,0.0,0.0,0,"btc,eth",0.0,0.0,0.0,61
1,[],28,[],2019-01-26 09:44:58,1923.782,0.00000023,0.000000000008278321,6506303,2019-01-26 09:44:58,btc,2.065678837430106,772.0,0.00000023,btc,11618.08240005,0.0,0.00017391298,61
1,[],4,[],2019-01-26 09:44:59,1358478.50679751,0.00000165,0.000000000059387955,6506304,2019-01-26 09:44:59,btc,0.5144026656739926,0.0,0.00000165,btc,191865.14944216,0.3459973,1.036548055897257,67
0.0,[],25,[],2019-01-26 09:45:00,0.0,0,0,6506305,2019-01-26 09:45:00,,0.0,0.0,0.0,btc,0.0,0.0,0.0,67
1,[],12,[],2019-01-26 09:45:02,2836006.55555556,0.00000009,0.000000000003239343,6506306,2019-01-26 09:45:02,btc,16893709.218042877,0.0,0.00000009,btc,2073973.62597398,0.005984376883118,0.0787156800000004,71
,[],5,[],2018-11-20 23:02:39,1.5e-07,0.00000005,0.000000000002128045,4862160,2018-11-20 23:02:39,btc,2.84511358,0.0,,btc,0.00036572,0.0,0.07381892,74
1,[],5,[],2019-01-25 15:53:51,3.303e-05,0.00000156,0.000000000055588884,6499610,2019-01-25 15:53:51,btc,1.42844212,0.0,0.00000156,btc,0.00015937,0.0,0.49487621,75
1,[],4,[],2019-01-26 09:45:02,63482976.34002812,0.00000001,0.000000000000359927,6506307,2019-01-26 09:45:02,btc,0.824203685969356,0.0,0.00000001,btc,16012866.74301408,0.0,0.6348297634002812,81
0,[],20,[],2019-01-25 09:30:31,0.0,0,0,6495923,2019-01-25 09:30:31,btc,0.0,0.0,0,btc,0.0,0.0,0.0,81
1,[],4,[],2019-01-26 09:45:04,24380.95138564,0.00007751,0.000000002789794177,6506308,2019-01-26 09:45:04,btc,1.5252481696651996,0.0,0.00007751,btc,13180.84647392,0.01291263,0.1331266469043911,82
1,[],21,[],2019-01-26 09:45:05,84044.34934744,0.00008100000000000000374613534637,0.0000000029154087000000004,6506309,2019-01-26 09:45:05,btc,3.6300128789050774,10821.14243961,0.000081000000000000003746135346371914920382550917565822601318359375,btc,41342.64697294,0.87602054,5.254429499335614,82
0,[],17,[],2019-01-25 15:48:27,0.0,0,0,6499446,2019-01-25 15:48:27,btc,0.0447233088476774,0.0,0,btc,999127.19588126,0.0,0.0,84
0.0000000000928962,[],4,[],2019-01-26 09:45:06,154458618.32655227,1.393443e-17,5.01537758661e-22,6506310,2019-01-26 09:45:06,ltc,0.1975418253441019,0.0,0.00000015,ltc,81071649.82679015,0.0,1.525191572238468e-09,85
,[],22,[],2018-11-20 23:09:34,3408.1,0.0000001,0.0000000000041895,4862324,2018-11-20 23:09:34,BTC,0.04624735,0.0,,BTC,4990.0,0.0,0.00033081,86
0,[],22,[],2019-01-26 09:45:09,0.0,0,0,6506311,2019-01-26 09:45:09,,2.07810912,0.0,0,,154826.94736842104,0.0,0.0,87
0,[],27,[],2019-01-26 09:45:10,0.0,0,0,6506312,2019-01-26 09:45:10,,0.0,0.0,0,btc,0.0,0.0,0.0,87
,[],2,[],2018-11-20 23:10:47,0.0,0,0,4862359,2018-11-20 23:10:47,,0.0,0.0,,,0.0,0.0,0.0,88
1,[],11,[],2019-01-26 09:45:12,105040.22912875,0.00019801000000000001000262372929938692323048599064350128173828125,0.000000007126914527000001,6506313,2019-01-26 09:45:12,btc,235.1170682298581,637.69793,0.00019801000000000001000262372929938692323048599064350128173828125,btc,182707.40913358,0.0,8.33876910866653,89
0,[],2,[],2019-01-20 23:31:45,0.0,0,0,6477083,2019-01-20 23:31:45,,0.0,0.0,0,,0.0,0.0,0.0,91
0,[],17,[],2019-01-25 15:53:53,0.0,0,0,6499612,2019-01-25 15:53:53,btc,0.0,0.0,0,btc,0.0,0.0,0.0,91
1,[],12,[],2019-01-26 09:45:14,354374.51537301,0.000002280000000000000193287226502025788477112655527889728546142578125,0.00000000008206335600000001,6506314,2019-01-26 09:45:14,btc,0.2251228039231688,0.0,0.000002280000000000000193287226502025788477112655527889728546142578125,btc,21696.68438565,0.1674046815663974,0.21617342640001377,91
0.0000000000928962,[],22,[],2019-01-26 09:45:18,31170424.666666668,5.573772e-18,2.0061510346440002e-22,6506315,2019-01-26 09:45:18,LTC,8.97477495,0.0,0.00000006,LTC,75272634.1,3.23791563024e-13,1.20185727,95
0.0000000000928962,[],4,[],2019-01-26 09:45:19,133071841.32373343,9.5683086e-17,3.4438926094722005e-21,6506316,2019-01-26 09:45:19,ltc,1.4002258603610753,0.0,0.00000103,ltc,68667697.45383172,0.00752203,7.224459926845643e-10,96
1,[],12,[],2019-01-26 09:45:20,1204309.0,0.00000001,0.000000000000359927,6506317,2019-01-26 09:45:20,btc,255059.2635896603,0.0,0.00000001,btc,7846613.56674301,3.73e-06,0.012043090000000001,96
0,[],17,[],2019-01-25 15:48:18,0.0,0,0,6499440,2019-01-25 15:48:18,btc,0.0,0.0,0,btc,0.0,0.0,0.0,96
1,[],4,[],2019-01-26 09:45:21,1578550.97358501,0.00000041,0.000000000014757007,6506318,2019-01-26 09:45:21,btc,0.3200474696214272,0.0,0.00000041,btc,482148.20564646,0.02389976,0.1751248479748464,99
1,[],4,[],2019-01-26 09:45:22,109201.58753448,0.00004396,0.000000001582239092,6506319,2019-01-26 09:45:22,btc,1.5351443353091057,0.0,0.00004396,btc,28293.37798052,0.99461865,2.044430658689058,100
0,[],2,[],2019-01-20 23:23:55,0.0,0,0,6476914,2019-01-20 23:23:55,,0.0,0.0,0,,0.0,0.0,0.0,100
1,[],22,[],2019-01-26 09:45:25,50000.0,0.00000001,0.000000000000359927,6506320,2019-01-26 09:45:25,BTC,23.49896609,0.0,0.00000001,BTC,10277.22,0.0,0.0005,101
1,[],4,[],2019-01-26 09:45:26,115496.47069134,0.00000110,0.00000000003959197,6506321,2019-01-26 09:45:26,btc,0.4006182517452352,0.0,0.00000110,btc,137457.41591229,0.01646638,0.0542607023128317,103
0,[],22,[],2019-01-26 09:45:30,0.0,0,0,6506322,2019-01-26 09:45:30,,1.07253299,0.0,0,,94300.0,0.0,0.0,107
1,[],26,[],2019-01-26 09:45:30,0.0,0.00000000,0,6506323,2019-01-26 09:45:30,btc,0.0,0.0,0.00000000,btc,0.0,0.0,0.0,107
1,[],5,[],2019-01-26 09:45:31,3e-08,0.00000002,0.000000000000719854,6506324,2019-01-26 09:45:31,btc,3.24100467,0.0496688,0.00000002,btc,1.589e-05,0.0,0.09630368,112
1,[],22,[],2019-01-26 09:45:34,43782.0,0.00000001,0.000000000000359927,6506325,2019-01-26 09:45:34,BTC,2.84243449,0.0,0.00000001,BTC,977103.5833333334,0.0,0.00043782,112
0,[],27,[],2019-01-26 09:45:36,0.0,0,0,6506326,2019-01-26 09:45:36,,1.25356065,0.0,0,"btc,eth",1328.0,0.0,0.0,112
1,[],4,[],2019-01-26 09:45:37,454640.69735472,0.00000450,0.00000000016196715,6506327,2019-01-26 09:45:37,btc,0.4480113633905472,0.0,0.00000450,btc,74283.58873161,0.06571533,0.4516163587575226,113
1,[],5,[],2019-01-26 09:45:38,2.506e-05,0.00000417,0.000000000150089559,6506328,2019-01-26 09:45:38,btc,2.32006804,0.0,0.00000417,btc,0.00347045,0.0,0.20372362,113
0,[],27,[],2019-01-26 09:45:40,0.0,0,0,6506329,2019-01-26 09:45:40,,0.0,0.0,0,btc,0.0,0.0,0.0,116
1,[],17,[],2019-01-25 15:48:03,233369.0,0.00000004,0.0000000000014253280000000002,6499431,2019-01-25 15:48:03,btc,1.337629057597492,0.0,0.00000004,btc,72546.975,0.0,0.00543476,116
1,[],4,[],2019-01-26 09:45:42,67517.76420267,0.00002471,0.000000000889379617,6506330,2019-01-26 09:45:42,btc,0.6987161147398351,0.0,0.00002471,btc,24075.53283723,2.07635645,1.3049970308284302,120
1,[],7,[],2019-01-26 09:45:43,4044.72736355,0.000020020000000000001444573627384926339800585992634296417236328125,0.0000000007205738540000001,6506331,2019-01-26 09:45:43,btc,95.01981056692063,62.5577699,0.000020020000000000001444573627384926339800585992634296417236328125,btc,26084.10517962,0.00112609,0.0467569216496366,120
1,[],20,[],2019-01-26 09:45:45,1211987.8588,0.000000013,0.0000000000004679051,6506332,2019-01-26 09:45:45,btc,31.4064986826774,0.0,0.000000013,btc,1110340.5464,0.0,0.0067998317606,125
1,[],22,[],2019-01-26 09:45:48,68433.0,0.00000001,0.000000000000359927,6506333,2019-01-26 09:45:48,BTC,0.01415863,0.0,0.00000001,BTC,293039.4,0.0,0.00068433,126
1,[],4,[],2019-01-26 09:45:49,310642.92492537,0.00001500,0.0000000005398905,6506334,2019-01-26 09:45:49,btc,0.6554771894818759,0.0,0.00001500,btc,34208.55117188,0.21109785,0.291466249768078,131
0,[],2,[],2019-01-20 23:25:46,0.0,0,0,6476969,2019-01-20 23:25:46,,0.0,0.0,0,,0.0,0.0,0.0,131
0,[],17,[],2019-01-25 15:50:14,0.0,0,0,6499505,2019-01-25 15:50:14,btc,0.0008451375975800001,0.0,0,btc,30.89614684,0.0,0.0,131
1,[],4,[],2019-01-26 09:45:50,6060.79279985,0.00020024,0.000000007207178248,6506335,2019-01-26 09:45:50,btc,1.6263552933341472,0.0,0.00020024,btc,203.60257325,0.00056797,0.010257652904917,135
1,[],3,[],2019-01-26 09:45:51,638656.80018509,0.00000005,0.000000000001799635,6506336,2019-01-26 09:45:51,btc,0.2642096972609369,217580.697814,0.00000005,btc,982244.68036222,0.0,0.020339987337035,136
1,[],4,[],2019-01-26 09:45:52,79853.21057735,0.00000178,0.000000000064067006,6506337,2019-01-26 09:45:52,btc,0.6059441348313237,0.0,0.00000178,btc,219863.88213285,0.09098826,0.0884181952106216,137
1,[],12,[],2019-01-26 09:45:53,303272.67393904,0.00000181000000000000003456111265232042484285557293333113193511962890625,0.000000000065146787,6506338,2019-01-26 09:45:53,btc,11798.819670633447,0.0,0.00000181000000000000003456111265232042484285557293333113193511962890625,btc,131571.25973822,0.066083636898227,0.036925096000003,137
1,[],17,[],2019-01-25 15:53:39,12500.0,0.0000001,0.00000000000356339,6499603,2019-01-25 15:53:39,btc,0.5782815519287362,0.0,0.0000001,btc,4834.207754,0.0,0.00125,142
1,[],5,[],2019-01-26 09:45:54,0.00106626,0.00003451,0.000000001242108077,6506339,2019-01-26 09:45:54,btc,13.66694097,3.60139683,0.00003451,btc,0.00405894,0.0,1.99140247,142
1,[],20,[],2019-01-26 09:45:57,156384.5004,0.00003005,0.000000001081580635,6506340,2019-01-26 09:45:57,btc,2.5054093662292,34.5328,0.00003005,btc,5107.195,0.0013141919623,0.2867917256758,142
1,[],22,[],2019-01-26 09:46:00,990.0,0.00001880,0.00000000067666276,6506341,2019-01-26 09:46:00,BTC,0.00069415,0.0,0.00001880,BTC,9.0,0.0,0.00022106,142
0.0,[],25,[],2019-01-26 09:46:01,0.0,0,0,6506342,2019-01-26 09:46:01,,0.0,0.0,0.0,btc,0.0,0.0,0.0,142
1,[],28,[],2019-01-26 09:46:03,82971.032,0.00003155,0.000000001135569685,6506343,2019-01-26 09:46:03,btc,0.15592806278,50850.5723,0.00003155,btc,3277.722,0.0,0.16745585576,142
0,[],22,[],2019-01-25 15:57:33,0.0,0,0,6499726,2019-01-25 15:57:33,,59.04258297,0.0,0,,718491265.8,0.0,0.0,143
1,[],21,[],2019-01-26 09:46:05,49449686.71591962,0.0000003,0.00000000001079781,6506344,2019-01-26 09:46:05,btc,37.060117763697754,7402005.38367014,0.0000003,btc,73103461.54007661,2.22813732,9.288225410747636,145
0,[],22,[],2019-01-26 09:46:07,0.0,0,0,6506345,2019-01-26 09:46:07,,4.31668284,0.0,0,,1427838.5,0.0,0.0,146
,[],22,[],2018-11-20 23:01:11,0.0,0,0,4862114,2018-11-20 23:01:11,,2.56807021,0.0,,,61828.4988236,0.0,0.0,147
1,[],12,[],2019-01-26 09:46:09,8702259.6291615,0.00000269999999999999998369902033668044083469794713892042636871337890625,0.00000000009718029000000001,6506346,2019-01-26 09:46:09,btc,17.073592109963364,0.0,0.00000269999999999999998369902033668044083469794713892042636871337890625,btc,111210.72407238,0.01255734,0.1221621999999905,148
1,[],4,[],2019-01-26 09:46:10,113516.4976487,0.00000037,0.000000000013317299,6506347,2019-01-26 09:46:10,btc,0.6903655380733367,0.0,0.00000037,btc,513873.1719915,0.0,0.0318037643534905,152
0,[],22,[],2019-01-26 09:46:12,0.0,0,0,6506348,2019-01-26 09:46:12,,0.0,0.0,0,,0.0,0.0,0.0,152
1,[],5,[],2019-01-26 09:46:13,0.0,0,0,6506349,2019-01-26 09:46:13,btc,4.33995855,6.928e-05,0,btc,0.00161275,0.0,0.0,153
,[],16,[],2019-01-11 15:38:59,0.0,0,0,6366141,2019-01-11 15:38:59,btc,0.0,0.0,,btc,0.0,0.0,0.0,155
0,[],22,[],2019-01-26 09:46:17,0.0,0,0,6506350,2019-01-26 09:46:17,,6.79078781,0.0,0,,4337721.742592593,0.0,0.0,156
0,[],23,[],2019-01-20 23:24:29,0.0,0,0,6476932,2019-01-20 23:24:29,,0.0,0.0,0,,0.0,0.0,0.0,156
1,[],22,[],2019-01-26 09:46:20,7906.0,0.00000801,0.000000000288301527,6506351,2019-01-26 09:46:20,BTC,43.78612537,0.0,0.00000801,BTC,1033.584498154164,0.0293087,0.00743836,157
0,[],22,[],2019-01-26 09:46:23,0.0,0,0,6506352,2019-01-26 09:46:23,,50175.67300261,0.0,0,,53770788.04179466,0.0,0.0,158
,[],17,[],2018-11-20 22:56:10,0.0,0,0,4861976,2018-11-20 22:56:10,btc,1.1265625,0.0,,btc,1000.0,0.0,0.0,159
,[],20,[],2018-11-20 22:56:12,0.0,0,0,4861977,2018-11-20 22:56:12,btc,11912.7940471,0.0,,btc,34413894.3617,0.0,0.0,159
1,[],12,[],2019-01-26 09:46:24,185667.04719768,0.000009929999999999999794170722766661896230289130471646785736083984375,0.000000000357407511,6506353,2019-01-26 09:46:24,btc,6.650606245798949,0.0,0.000009929999999999999794170722766661896230289130471646785736083984375,btc,13918.21908934,0.0032527701,0.1029565750999844,168
1,[],17,[],2019-01-25 15:48:46,29784.95,0.000001,0.0000000000356332,6499458,2019-01-25 15:48:46,btc,0.0353989844335,0.0,0.000001,btc,196.82520268,0.0,0.00716147,168
1,[],22,[],2019-01-26 09:46:28,1433447.0,0.00000001,0.000000000000359927,6506354,2019-01-26 09:46:28,BTC,1.13388286,0.0,0.00000001,BTC,690107.5537281231,4.516e-05,0.01433447,169
1,[],22,[],2019-01-26 09:46:31,103963.15,0.0000004,0.00000000001439708,6506355,2019-01-26 09:46:31,BTC,2.47179761,0.0,0.0000004,BTC,71579.56439849624,0.00817585,0.01913033,171
1,[],22,[],2019-01-26 09:46:34,74825.98245614035,0.00000019,0.000000000006838613,6506356,2019-01-26 09:46:34,BTC,2.8460379,0.0,0.00000019,BTC,242212.34097764152,0.00018177,0.00367173,173
1,[],5,[],2019-01-26 09:46:36,6.253e-05,0.00000432,0.000000000155488464,6506357,2019-01-26 09:46:36,btc,0.40754607,0.02840399,0.00000432,btc,0.00037511,0.0,0.85334197,175
1,[],22,[],2019-01-26 09:46:39,54591.0,0.00000131,0.000000000047150437,6506358,2019-01-26 09:46:39,BTC,0.61033599,0.0,0.00000131,BTC,107746.01752081183,0.02803614,0.04648818,176
1,[],7,[],2019-01-26 09:46:40,0.0,0,0,6506359,2019-01-26 09:46:40,btc,10967.435888587925,1399.0,0,btc,122070154.8834731,1.399e-05,0.0,178
0,[],22,[],2019-01-26 09:46:42,0.0,0,0,6506360,2019-01-26 09:46:42,,1.00242428,0.0,0,,57512.0,0.0,0.0,178
0,[],2,[],2019-01-20 23:28:34,0.0,0,0,6477001,2019-01-20 23:28:34,,0.0,0.0,0,,0.0,0.0,0.0,178
1,[],5,[],2019-01-26 09:46:45,6e-08,0.00000003,0.000000000001079781,6506361,2019-01-26 09:46:45,btc,15.89825998,0.09092205,0.00000003,btc,2.114e-05,0.0,2.45541885,179
1,[],22,[],2019-01-26 09:46:49,9086992.5,0.00000002,0.000000000000719854,6506362,2019-01-26 09:46:49,BTC,5.54964467,0.0,0.00000002,"BTC,LTC",17849523.318656635,0.01340245,0.39987798,179
0,[],23,[],2019-01-20 23:25:08,0.0,0,0,6476952,2019-01-20 23:25:08,,0.0,0.0,0,,0.0,0.0,0.0,179
1,[],22,[],2019-01-26 09:46:54,1011.8709677419355,0.00000031,0.000000000011157737,6506363,2019-01-26 09:46:54,BTC,0.01978668,0.0,0.00000031,"BTC,LTC",15746.816254853482,0.0,0.00026202,180
1,[],26,[],2019-01-26 09:46:54,0.0,0.00000020,0.00000000000719854,6506364,2019-01-26 09:46:54,btc,0.0,5985.4684,0.00000020,btc,0.0,0.0,0.0,180
1,[],17,[],2019-01-25 15:52:29,10504.725,0.0000001,0.00000000000356339,6499572,2019-01-25 15:52:29,btc,5.207116757528441,0.0,0.0000001,btc,7944.1527587,0.0,0.0010504725,180
,[],7,[],2018-11-20 22:58:01,562227.975654,0.00000085,0.000000000036176765,4862015,2018-11-20 22:58:01,btc,21836.6059674,2491.87645172,,btc,749999.041456,0.00211021,0.127565380455,183
,[],5,[],2019-01-10 08:11:41,0.0,0,0,6347036,2019-01-10 08:11:41,btc,82.15055501,0.00261,,btc,1.19002445,0.0,0.0,187
1,[],24,[],2019-01-26 09:46:54,0.0,0.000000000001,3.59927e-17,6506365,2019-01-26 09:46:54,btc,0.0,0.0,0.000000000001,btc,0.0,0.0,0.0,187
,[],17,[],2018-11-16 20:58:10,4062536.27273,0.00000001,0.000000000000550501,4708775,2018-11-16 20:58:10,btc,3.36492563466,0.195460381006,,"btc,eth",110697919.549,0.0,0.0157628953496,187
0,[],22,[],2019-01-26 09:46:57,0.0,0,0,6506366,2019-01-26 09:46:57,,1.19413437,0.0,0,,14499.956201072173,0.0,0.0,191
0,[],22,[],2019-01-26 09:47:01,0.0,0,0,6506367,2019-01-26 09:47:01,,0.0,0.0,0,,0.0,0.0,0.0,197
0,[],23,[],2019-01-20 23:31:41,0.0,0,0,6477079,2019-01-20 23:31:41,,0.0,0.0,0,,0.0,0.0,0.0,199
1,[],26,[],2019-01-26 09:47:02,0.0,0.00000000,0,6506368,2019-01-26 09:47:02,btc,0.0,768484.0,0.00000000,btc,0.0,0.0,0.0,199
0,[],17,[],2019-01-25 15:51:02,0.0,0,0,6499537,2019-01-25 15:51:02,btc,6.802544163851783,0.0,0,btc,105897.55575295,0.0,0.0,200
0,[],2,[],2019-01-20 23:30:49,0.0,0,0,6477059,2019-01-20 23:30:49,,0.0,0.0,0,,0.0,0.0,0.0,201
1,[],4,[],2019-01-25 15:51:35,2084389.58565343,0.00000936,0.000000000333526752,6499557,2019-01-25 15:51:35,btc,2.0092503037378524,0.0,0.00000936,btc,160195.80207885,0.19272417,1.242687955921835,211
1,[],7,[],2019-01-26 09:47:05,19082002.505862158,0.000001179999999999999925426948273188276772316385176964104175567626953125,0.000000000042471385999999995,6506369,2019-01-26 09:47:05,btc,16317791.354394076,292459.916982,0.000001179999999999999925426948273188276772316385176964104175567626953125,btc,12741052.80347452,0.34797879,8.97760408810286,212
1,[],12,[],2019-01-25 02:44:32,207462.42853209,0.000001080000000000000035831255497387193287295303889550268650054931640625,0.000000000038610756000000006,6493050,2019-01-25 02:44:32,btc,85023.03793723314,0.0,0.000001080000000000000035831255497387193287295303889550268650054931640625,btc,43675.73520027,0.000146250909087,0.0348620860622024,213
1,[],5,[],2019-01-26 09:47:06,4.51e-06,0.00000030,0.00000000001079781,6506370,2019-01-26 09:47:06,btc,0.87423676,0.0267719,0.00000030,btc,2.886e-05,0.0,0.23115372,213
1,[],24,[],2019-01-26 09:47:06,0.0,0.000000050000,0.000000000001799635,6506371,2019-01-26 09:47:06,btc,0.0,0.0,0.000000050000,btc,0.0,0.0,0.0,213
1,[],26,[],2019-01-26 09:47:07,0.0,0.00000003,0.000000000001079781,6506372,2019-01-26 09:47:07,btc,0.0,0.0,0.00000003,btc,0.0,0.0,0.0,213
1,[],22,[],2019-01-26 09:47:16,303952.2,0.00000005,0.000000000001799635,6506373,2019-01-26 09:47:16,BTC,70.21637514,0.0,0.00000005,BTC,198489.86129395306,0.0,0.00594161,216
1,[],27,[],2019-01-26 09:47:18,5087945.0,0.00000015,0.000000000005398905,6506374,2019-01-26 09:47:18,btc,619.87938651916,0.0,0.00000015,"btc,ltc",268416.09411,0.0,0.0535075,216
1,[],22,[],2019-01-26 09:47:22,295912.8247499803,0.00000224,0.000000000080623648,6506375,2019-01-26 09:47:22,BTC,12677.79459356,0.0,0.00000224,BTC,338644.40131833754,0.01091891,0.41937032,217
1,[],7,[],2019-01-26 09:47:23,0.0,0,0,6506376,2019-01-26 09:47:23,btc,302.59303086911063,0.0,0,btc,135155897.1214003,0.0,0.0,219
0,[],27,[],2019-01-26 09:47:25,0.0,0,0,6506377,2019-01-26 09:47:25,,0.0747309448198,0.0,0,btc,1605140.29226592,0.0,0.0,219
0.0000000000000057999999999999996,[],28,[],2019-01-26 09:47:27,203816286.198,2.3200579999999998e-18,8.35051515766e-23,6506378,2019-01-26 09:47:27,doge,79804.0288717675,187640.839,0.00040001,"btc,doge",4119437.84751,0.0,1.746213195967455e-11,219
1,[],22,[],2019-01-26 09:47:35,211991.0,0.00000085,0.000000000030593795,6506379,2019-01-26 09:47:35,BTC,2.09044433,0.0,0.00000085,BTC,21440.55212317522,0.00204165,0.02777168,221
1,[],24,[],2019-01-26 09:47:35,0.0,0.000000550000,0.000000000019795985,6506380,2019-01-26 09:47:35,btc,0.0,10699.71229,0.000000550000,btc,0.0,0.0071656,0.0,221
1,[],26,[],2019-01-26 09:47:35,0.0,0.00000020,0.00000000000719854,6506381,2019-01-26 09:47:35,btc,0.0,11229.0,0.00000020,btc,0.0,0.0,0.0,231
1,[],26,[],2019-01-26 09:47:36,0.0,0.00000004,0.000000000001439708,6506382,2019-01-26 09:47:36,btc,0.0,0.0,0.00000004,btc,0.0,0.0,0.0,234
0,[],27,[],2019-01-26 09:47:38,0.0,0,0,6506383,2019-01-26 09:47:38,,0.001146299618,0.0,0,"btc,eth",11462.99618,0.0,0.0,234
0,[],22,[],2019-01-25 20:35:43,0.0,0,0,6501978,2019-01-25 20:35:43,,3.07852116,0.0,0,,90316025.08996265,0.0,0.0,235
1,[],4,[],2019-01-26 09:47:40,604689.88210682,0.00000102,0.000000000036712554,6506384,2019-01-26 09:47:40,btc,0.1714789757348342,0.0,0.00000102,btc,133874.02141488,0.03618521,0.123861171227401,236
1,[],24,[],2019-01-26 09:47:40,0.0,0.000000010000,0.000000000000359927,6506385,2019-01-26 09:47:40,btc,0.0,0.0,0.000000010000,btc,0.0,0.0,0.0,236
1,[],20,[],2019-01-26 09:47:42,34624681.907,0.000000068,0.0000000000024475036,6506386,2019-01-26 09:47:42,btc,14.3504423937039,10564707.7741,0.000000068,btc,25297233.3288,0.7096879353621,1.2422682118459,237
0,[],22,[],2019-01-26 09:47:44,0.0,0,0,6506387,2019-01-26 09:47:44,,0.04083605,0.0,0,,4179.0,0.0,0.0,237
1,[],4,[],2019-01-26 09:47:45,5166910.83756786,0.00000031,0.000000000011157737,6506388,2019-01-26 09:47:45,btc,0.5083336988791409,0.0,0.00000031,btc,1500368.78734016,0.19873594,1.429251128025339,238
1,[],5,[],2019-01-26 09:47:46,3.64e-06,0.00000031,0.000000000011157737,6506389,2019-01-26 09:47:46,btc,0.70228769,0.02237025,0.00000031,btc,2.855e-05,0.0,0.18426282,238
1,[],22,[],2019-01-26 09:47:50,273399.45,0.00000005,0.000000000001799635,6506390,2019-01-26 09:47:50,BTC,15.411509,0.0,0.00000005,BTC,242708.79643307184,0.00093612,0.00912152,249
0.0000000000928962,[],22,[],2019-01-26 09:47:53,2565300.8,4.64481e-18,1.67179252887e-22,6506391,2019-01-26 09:47:53,LTC,0.43661897,0.0,0.00000005,LTC,12803035.29,5.05658169612e-13,0.05186212,252
1,[],28,[],2019-01-26 09:47:55,3107121.392,0.00000008,0.000000000002879416,6506392,2019-01-26 09:47:55,btc,164692.82775123123,18666.2,0.00000008,btc,1142592.6695,0.0,0.04603724994,256
0,[],27,[],2019-01-26 09:47:57,0.0,0,0,6506393,2019-01-26 09:47:57,,4.96668,0.0,0,"btc,eth",90.59,0.0,0.0,257
1,[],22,[],2019-01-26 09:48:01,53941.0,0.00000007,0.000000000002519489,6506394,2019-01-26 09:48:01,BTC,35605.68137805,0.0,0.00000007,BTC,715807.3310213444,0.00036497,0.00061014,258
1,[],22,[],2019-01-26 09:48:04,9656.454666666667,0.00000750,0.00000000026994525,6506395,2019-01-26 09:48:04,BTC,4.68656113,0.0,0.00000750,BTC,6062.297238095238,0.00810215,0.03985227,262
1,[],5,[],2019-01-26 09:48:06,4.599e-05,0.00000251,0.000000000090341677,6506396,2019-01-26 09:48:06,btc,34448.29799404,0.02914186,0.00000251,btc,11111.11519586,0.0,0.25041536,264
1,[],20,[],2019-01-26 09:48:07,1776488.2942,0.0000038,0.00000000013677226,6506397,2019-01-26 09:48:07,btc,5.0372125975021,55943.5123,0.0000038,btc,82873.7408,0.2652551717699,0.0281841692697,264
1,[],22,[],2019-01-26 09:48:10,165743.0,0.00000003,0.000000000001079781,6506398,2019-01-26 09:48:10,BTC,6.33566388,0.0,0.00000003,BTC,223968.3801039501,0.00054909,0.00397663,271
0,[],22,[],2019-01-26 09:48:13,0.0,0,0,6506399,2019-01-26 09:48:13,,115.26889939,0.0,0,,11518774649.0,0.0,0.0,272
0.0000000000000057999999999999996,[],28,[],2019-01-26 09:48:22,375877471613.0,3.48e-21,1.2525459599999999e-25,6506400,2019-01-26 09:48:22,doge,23237399.178245068,29846940697.388,0.0000006,doge,130484677782.9724,0.0,6.827057248241459e-10,272
