pairValue,buyBook,exchangeId,sellBook,updated,buyTotal,satoshiPrice,usdPrice,exchangeLogId,created,bestPair,sellTotalBtc,volume,pairPrice,activePairs,sellTotal,volumeBtc,buyTotalBtc,coinId
1,[],3,[],2019-05-14 07:09:25,30856.363911466335,0.01039302999999999928271154914227736298926174640655517578125,0.000000840834581211,7627089,2019-05-14 07:09:25,btc,3.5186858192853543,130.406354189,0.01039302999999999928271154914227736298926174640655517578125,btc,20.969303747493,0.0,0.2567347797158957,1
1,[],4,[],2019-05-14 07:09:27,251119.46860812,0.01034550,0.00000083698922835,7627090,2019-05-14 07:09:27,btc,7.612624435278597,0.0,0.01034550,btc,322.85557314,2.40956782,0.3360591265151302,1
1,[],5,[],2019-05-14 07:09:29,0.0,0,0,7627091,2019-05-14 07:09:29,btc,0.0,0.07953144,0,btc,0.0,0.0,0.0,1
1,[],10,[],2019-05-14 07:09:31,256667.29769023,0.00850007,0.0000006876871132590001,7627092,2019-05-14 07:09:31,btc,6522.045242148698,1660.644399,0.00850007,btc,1193.16391913,0.0,2.7765820011176845,1
1,[],12,[],2019-05-14 07:09:33,82.75350824,0.0105699999999999995348165526820594095624983310699462890625,0.000000855152109,7627093,2019-05-14 07:09:33,btc,0.11677765256980001,0.0,0.0105699999999999995348165526820594095624983310699462890625,btc,6.87789442,0.4742384500968,0.4001012766438,1
1,[],20,[],2019-05-14 07:09:35,969.1402,0.009001002,0.0000007282143655074,7627094,2019-05-14 07:09:35,btc,0.2300452305837,5.9067,0.009001002,btc,17.4153,0.0630474656033,0.1117678834434,1
1,[],21,[],2019-05-14 07:09:36,1706.57273401,0.01031195000000000028261837315,0.0000008342749092150001,7627095,2019-05-14 07:09:36,btc,10.35101625985748,11479.589316110001,0.01031195000000000028261837314857984893023967742919921875,"btc,eth",1355.59420777,115.8001457818267,10.595142745503097,1
0,[],22,[],2019-05-14 07:09:40,0.0,0,0,7627096,2019-05-14 07:09:40,,0.31629903,0.0,0,,0.2505752479991019,0.0,0.0,1
1,[],24,[],2019-05-14 07:09:41,0.0,0.000000000000,0,7627097,2019-05-14 07:09:41,btc,0.0,0.0,0.000000000000,btc,0.0,0.0,0.0,1
0.0,[],25,[],2019-05-14 07:09:42,0.0,0,0,7627098,2019-05-14 07:09:42,btc,36.734999998389156,7027.59337886,0.0,btc,3470.86914403,72.8852,0.0,1
1,[],26,[],2019-05-14 07:09:43,0.0,0,0,7627099,2019-05-14 07:09:43,,0.0,0.0,0,,0.0,0.0,0.0,1
1,[],28,[],2019-05-14 07:09:45,986.4,0.00031124,0.000000025180467588,7627100,2019-05-14 07:09:45,btc,0.160832048,354677.7,0.00031124,btc,8.7307,0.0,0.015586096,1
0,[],2,[],2019-01-20 23:28:45,0.0,0,0,6477011,2019-01-20 23:28:45,,0.0,0.0,0,,0.0,0.0,0.0,1
1,[],5,[],2019-05-14 07:09:46,0.0,0,0,7627101,2019-05-14 07:09:46,btc,0.0,0.00065507,0,btc,0.0,0.0,0.0,2
0,[],22,[],2019-05-14 07:09:49,0.0,0,0,7627102,2019-05-14 07:09:49,,0.0,0.0,0,,0.0,0.0,0.0,2
1,[],5,[],2019-05-14 07:09:51,0.0,0,0,7627103,2019-05-14 07:09:51,btc,0.0,0.18920214,0,btc,0.0,0.0,0.0,3
1,[],12,[],2019-05-14 07:09:53,3483542.92281,0.000000124,0.0000000000100320588,7627104,2019-05-14 07:09:53,btc,11597.398255908036,0.0,0.000000124,btc,3493140.47516914,0.00637879446025189,0.3324305325102,3
0,[],28,[],2019-05-14 07:09:56,0.0,0,0,7627105,2019-05-14 07:09:56,,0.0,0.0,0,,0.0,0.0,0.0,3
0,[],2,[],2019-01-20 23:31:32,0.0,0,0,6477077,2019-01-20 23:31:32,,0.0,0.0,0,,0.0,0.0,0.0,4
1,[],4,[],2019-04-26 19:14:12,610911.70993152,0.00000026,0.000000000013566046,7471614,2019-04-26 19:14:12,btc,31.457742656463164,0.0,0.00000026,btc,718733.71307795,0.00142695,0.0638464483338706,4
0,[],12,[],2019-04-25 23:08:22,0.0,0,0,7459310,2019-04-25 23:08:22,btc,1111851.94727753,0.0,0,btc,953412.0,0.0,0.0,5
0,[],2,[],2019-01-20 23:31:51,0.0,0,0,6477087,2019-01-20 23:31:51,,0.0,0.0,0,,0.0,0.0,0.0,6
1,[],11,[],2019-05-12 00:02:31,5042415.307535999,0.00000001,0.00000000000072476,7617400,2019-05-12 00:02:31,btc,9576.518911699495,10000.0,0.00000001,btc,47478529.75253575,0.0,0.05042415307536,6
1,[],3,[],2019-05-14 07:09:57,11148.06827125058,0.00012842999999999998839671222494729363461374305188655853271484375,0.000000010390462191,7627106,2019-05-14 07:09:57,btc,1025.0853903301484,103.699727413,0.00012842999999999998839671222494729363461374305188655853271484375,btc,280.647731203276,0.0,0.03434687076615194,7
1,[],4,[],2019-05-14 07:09:58,49769.93015455,0.00013359,0.000000010807925283,7627107,2019-05-14 07:09:58,btc,8.205736220370182,0.0,0.00013359,btc,39196.70498105,3.14913947,2.947482598740271,7
1,[],5,[],2019-05-14 07:10:00,0.0,0,0,7627108,2019-05-14 07:10:00,btc,0.0,0.44086513,0,btc,0.0,0.0,0.0,7
1,[],20,[],2019-04-07 22:06:50,3201475.0482,0.000000001,0.000000000000051590000000000004,7213932,2019-04-07 22:06:50,btc,30.8005781811902,0.0,0.000000001,btc,23077405.3926,0.0,0.0032014750482,8
0,[],2,[],2019-01-20 23:22:42,0.0,0,0,6476876,2019-01-20 23:22:42,,0.0,0.0,0,,0.0,0.0,0.0,9
0,[],23,[],2019-01-20 23:22:48,0.0,0,0,6476878,2019-01-20 23:22:48,,0.0,0.0,0,,0.0,0.0,0.0,9
1,[],4,[],2019-05-14 07:10:03,21718748.67201173,0.00000049,0.000000000039642813,7627109,2019-05-14 07:10:03,btc,3.6250551818471397,0.0,0.00000049,btc,3074221.35175139,1.49748481,0.7034001800854768,9
1,[],28,[],2019-05-14 07:10:06,18055.0,0.00000021,0.000000000016989777,7627110,2019-05-14 07:10:06,btc,2708.775233808764,3492130.0,0.00000021,btc,25766.3492,0.0,0.00186155,9
1,[],1,[],2019-02-17 23:31:42,1822507.21,0.00000181000000000000003456111265232042484285557293333113193511962890625,0.000000000066086901,6701244,2019-02-17 23:31:42,btc,3.6990969245,17153386.5,0.00000181000000000000003456111265232042484285557293333113193511962890625,btc,1997391.71,31.11772986,3.2610482446,9
1,[],4,[],2019-02-17 11:22:43,4341674.27126056,0.00000002,0.0000000000007272960000000001,6696112,2019-02-17 11:22:43,btc,0.1997230937751353,0.0,0.00000002,btc,4109766.79808031,0.00215132,0.0479381022052112,10
0,[],2,[],2019-01-20 23:23:08,0.0,0,0,6476890,2019-01-20 23:23:08,,0.0,0.0,0,,0.0,0.0,0.0,12
1,[],4,[],2019-05-14 07:10:07,7336029.30733196,0.00000092,0.000000000074431404,7627111,2019-05-14 07:10:07,btc,5.78412395437481,0.0,0.00000092,btc,3988553.03660923,4.53570885,3.374084349752283,12
1,[],5,[],2019-05-14 07:10:09,0.0,0,0,7627112,2019-05-14 07:10:09,btc,0.0,0.08811509,0,btc,0.0,0.0,0.0,12
0.0,[],25,[],2019-05-14 07:10:11,0.0,0,0,7627113,2019-05-14 07:10:11,,0.0,0.0,0.0,btc,0.0,0.0,0.0,12
1,[],10,[],2019-05-14 04:04:50,690130.09763397,0.0000058,0.00000000046117424000000004,7626774,2019-05-14 04:04:50,btc,666793.5359792244,6904.96293545,0.0000058,btc,723222.52320544,0.0,0.4327686033115198,13
1,[],4,[],2019-05-14 07:10:13,32686896.4043533,0.00000713,0.0000000005768433810000001,7627114,2019-05-14 07:10:13,btc,2.782711993437571,0.0,0.00000713,btc,268902.11529399,2.39802024,1.2118784200177006,13
1,[],21,[],2019-05-14 07:10:16,1475166.56703558,0.000006999999999999999894995019595,0.0000000005663259,7627115,2019-05-14 07:10:16,btc,5.648450640243829,3204367.60291454,0.0000069999999999999998949950195947788955663781962357461452484130859375,btc,707169.0922326,20.02829147,8.449583423044768,13
1,[],4,[],2019-05-14 07:10:18,985285.62709723,0.00000142,0.000000000114883254,7627116,2019-05-14 07:10:18,btc,649.1078057118514,0.0,0.00000142,btc,1299627.49460087,0.59134095,0.2909998005379479,14
1,[],12,[],2019-05-14 07:10:19,154961.42650275,0.00000075,0.000000000060677775,7627117,2019-05-14 07:10:19,btc,0.1224978801415771,0.0,0.00000075,btc,16862.53626621,0.0025177757742282,0.0137118199999794,14
1,[],26,[],2019-05-14 07:12:20,0.0,0.00000050,0.00000000004045185,7627118,2019-05-14 07:12:20,btc,0.0,0.0,0.00000050,btc,0.0,0.0,0.0,14
0,[],17,[],2019-05-03 00:53:32,0.0,0,0,7558876,2019-05-03 00:53:32,btc,0.0,0.0,0,btc,0.0,0.0,0.0,14
0,[],4,[],2019-05-14 07:12:22,0.0,0,0,7627119,2019-05-14 07:12:22,,0.0,0.0,0,,0.0,0.0,0.0,15
,[],12,[],2018-12-01 15:15:48,204241.84496,0.00000489,0.000000000202473384,5260204,2018-12-01 15:15:48,btc,49.5475654835,0.0,,btc,35763.2193806,0.0163153972027625,0.0203389899998,15
0,[],2,[],2019-01-20 23:23:38,0.0,0,0,6476906,2019-01-20 23:23:38,,0.0,0.0,0,,0.0,0.0,0.0,18
1,[],4,[],2019-05-14 07:12:25,532067.49001422,0.00001069,0.0000000008648605530000001,7627120,2019-05-14 07:12:25,btc,1.1087571415230937,0.0,0.00001069,btc,14215.3031849,0.04960003,0.0802507768798103,18
1,[],10,[],2019-05-14 07:12:27,334330.77663963,0.00001498,0.000000001211937426,7627121,2019-05-14 07:12:27,btc,15.412705513707092,2473.89920982,0.00001498,btc,10152.44674971,0.0,0.4894740681933276,18
1,[],12,[],2019-05-14 07:12:29,222515.03667258,0.00001099999999999999971398746689832393030883395113050937652587890625,0.0000000008899406999999999,7627122,2019-05-14 07:12:29,btc,33215.12351558552,0.0,0.00001099999999999999971398746689832393030883395113050937652587890625,btc,1449.0987956,0.0082409422511149,0.016291330141678,18
0,[],17,[],2019-05-03 00:53:39,0.0,0,0,7558882,2019-05-03 00:53:39,btc,0.0,0.0,0,btc,0.0,0.0,0.0,18
1,[],3,[],2019-05-14 07:14:30,155739.17372974954,0.000013200000000000000673224496983149123252587742172181606292724609375,0.00000000106792884,7627123,2019-05-14 07:14:30,btc,0.19029740555292776,981.057780323,0.000013200000000000000673224496983149123252587742172181606292724609375,btc,3922.462057771255,0.0,0.04857755955374529,19
1,[],4,[],2019-05-14 07:14:31,200476.81016324,0.00001253,0.000000001013723361,7627124,2019-05-14 07:14:31,btc,4.6472339492289505,0.0,0.00001253,btc,138175.16110597,0.299545,1.2165738466054228,19
1,[],5,[],2019-05-14 07:14:33,0.0,0,0,7627125,2019-05-14 07:14:33,btc,0.0,0.00013547,0,btc,0.0,0.0,0.0,19
1,[],12,[],2019-05-14 07:14:34,205378.6359001,0.000010129999999999999573362108318264063200331293046474456787109375,0.000000000819554481,7627126,2019-05-14 07:14:34,btc,0.3003646460610764,0.0,0.000010129999999999999573362108318264063200331293046474456787109375,btc,3065.34453584,0.0,0.0814098099995449,19
1,[],27,[],2019-05-14 07:14:43,100.0,0.0000001,0.00000000000809037,7627127,2019-05-14 07:14:43,btc,0.0,0.0,0.0000001,btc,0.0,0.0,1e-05,19
0,[],2,[],2019-01-20 23:24:19,0.0,0,0,6476924,2019-01-20 23:24:19,,0.0,0.0,0,,0.0,0.0,0.0,19
1,[],4,[],2019-05-14 07:14:45,1833878.57391266,0.00000009,0.000000000007281333,7627128,2019-05-14 07:14:45,btc,5.274309685630553,0.0,0.00000009,btc,2259170.28595418,0.0,0.0607385352282092,20
1,[],4,[],2019-05-14 07:14:46,73023881.51551692,0.00000001,0.000000000000809037,7627129,2019-05-14 07:14:46,btc,1720.2870061784843,0.0,0.00000001,btc,59624087.48263973,0.00095328,0.7302388151551692,21
1,[],12,[],2019-05-14 07:14:47,5098087.0,0.00000001,0.000000000000809037,7627130,2019-05-14 07:14:47,btc,2895.6606994458243,0.0,0.00000001,btc,7179937.54845151,3.476998002e-05,0.050980870000000005,21
0,[],17,[],2019-05-03 00:53:51,0.0,0,0,7558891,2019-05-03 00:53:51,btc,0.0,0.0,0,btc,0.0,0.0,0.0,21
1,[],12,[],2019-05-14 07:16:49,7741227104.316,0.0000000005,0.00000000000004045185,7627131,2019-05-14 07:16:49,btc,311118500725.07916,0.0,0.0000000005,btc,3559190680.510894,0.09843102907861735,1.8707432177580001,23
0.0000000002611447,[],27,[],2019-05-14 07:17:03,58836581.0,5.222894e-18,4.225514493078e-22,7627132,2019-05-14 07:17:03,eth,1193.7568475016672,2056656604.879663,0.00000002,eth,36022606.88270088,1.6112549163472305e-08,1.83960722850507e-10,23
1,[],4,[],2019-05-14 07:17:06,773922.43687404,0.00000027,0.000000000021843999,7627133,2019-05-14 07:17:06,btc,14.454048924524413,0.0,0.00000027,btc,2046189.98930842,0.00394088,0.0215736445140776,24
1,[],22,[],2019-05-14 07:17:09,21.76,0.00000100,0.0000000000809037,7627134,2019-05-14 07:17:09,BTC,7.415e-05,0.0,0.00000100,BTC,23.919354838709676,0.0,1.186e-05,24
0.0,[],25,[],2019-05-14 07:17:12,0.0,0,0,7627135,2019-05-14 07:17:12,,0.0,0.0,0.0,btc,0.0,0.0,0.0,24
0,[],2,[],2019-01-20 23:25:56,0.0,0,0,6476976,2019-01-20 23:25:56,,0.0,0.0,0,,0.0,0.0,0.0,26
1,[],4,[],2019-05-14 06:40:51,26945628.57307867,0.00000374,0.000000000298815902,7626988,2019-05-14 06:40:51,btc,11.341653593463981,0.0,0.00000374,btc,359432.40909301,0.09232531,0.3911919999795422,26
1,[],10,[],2019-05-14 06:40:54,161107.80667254,0.00000836,0.0000000006679414279999999,7626989,2019-05-14 06:40:54,btc,25.256079780176492,2961.49210018,0.00000836,btc,18813.28788709,0.0,0.0871571785319074,26
1,[],11,[],2019-04-30 04:16:17,7094566.83690364,0.00000006,0.000000000003115554,7518027,2019-04-30 04:16:17,btc,67504.138725751,6116.07566417,0.00000006,btc,6591680.7351637,0.0,0.38529422037817224,27
1,[],5,[],2019-04-26 09:47:06,0.0,0,0,7465326,2019-04-26 09:47:06,btc,0.0,0.0,0,btc,0.0,0.0,0.0,27
1,[],3,[],2019-04-28 02:38:55,141621.60361514,0.00000001,0.0000000000005253330000000001,7491060,2019-04-28 02:38:55,btc,2.501704004580372,921815.184511,0.00000001,btc,21091882.2176418,0.0,0.0014162160361513999,27
1,[],4,[],2019-05-14 07:17:14,1297520495.0592546,0.00000001,0.000000000000809037,7627136,2019-05-14 07:17:14,btc,4.456195431336036,0.0,0.00000001,"btc,ltc",270014926.38076204,0.21203693,8.878080926636297,29
1,[],7,[],2019-05-14 07:17:15,113331245.61148065,0.00000001,0.000000000000809037,7627137,2019-05-14 07:17:15,btc,46550610.570206225,2196.11144664,0.00000001,btc,42539464.89006518,2.196e-05,1.1333124561148065,29
1,[],4,[],2019-05-14 07:17:15,1626260.28061907,0.00000009,0.000000000007281333,7627138,2019-05-14 07:17:15,btc,2.6646986945576048,0.0,0.00000009,btc,2045107.67835046,0.0006626,0.0280271294400012,30
0,[],17,[],2019-05-03 01:11:25,0.0,0,0,7559066,2019-05-03 01:11:25,btc,0.0,0.0,0,btc,0.0,0.0,0.0,30
1,[],4,[],2019-05-14 07:19:17,1202819.6147278,0.00004213,0.000000003408472881,7627139,2019-05-14 07:19:17,btc,5.941958474814534,0.0,0.00004213,btc,59700.09915858,1.01769595,0.8998238629825296,31
1,[],21,[],2019-05-14 07:19:18,72768.52492121,0.00004212999999999999812530168675,0.000000003408472881,7627140,2019-05-14 07:19:18,btc,4.97068584442439,190806.90220213,0.0000421299999999999981253016867466243411399773322045803070068359375,btc,96147.95476013,8.44425649,2.5905613960445364,31
0,[],2,[],2019-01-20 23:28:43,0.0,0,0,6477009,2019-01-20 23:28:43,,0.0,0.0,0,,0.0,0.0,0.0,32
0,[],4,[],2019-05-14 07:19:20,0.0,0,0,7627141,2019-05-14 07:19:20,,0.0,0.0,0,,0.0,0.0,0.0,33
1,[],12,[],2019-03-30 07:55:10,40641173.964,0.00000003,0.000000000001228359,7108785,2019-03-30 07:55:10,btc,4233210.82356125,0.0,0.00000003,btc,28378394.68333462,0.0126927883965248,0.90752895892,33
0,[],4,[],2019-05-14 07:19:22,0.0,0,0,7627142,2019-05-14 07:19:22,,3.103860424182074,0.0,0,,139409074.4280388,0.0,0.0,34
1,[],5,[],2019-05-14 07:19:23,0.0,0,0,7627143,2019-05-14 07:19:23,btc,0.0,0.03278153,0,btc,0.0,0.0,0.0,34
0.000000000133684,[],4,[],2019-05-02 18:17:45,3384239970.6360936,1.3368400000000002e-18,7.293946092400001e-23,7556428,2019-05-02 18:17:45,ltc,5.381102735485169e-08,0.0,0.00000001,ltc,6862894551.7408495,0.0,4.524187362345155e-09,36
1,[],5,[],2019-05-02 18:17:46,0.0,0,0,7556429,2019-05-02 18:17:46,btc,0.0,0.0,0,btc,0.0,0.0,0.0,36
0.0000000002926451,[],17,[],2019-05-02 18:17:47,200000.0,2.9264510000000002e-18,1.596703856561e-22,7556430,2019-05-02 18:17:47,eth,0.20942468735267253,0.0,0.00000001,"btc,eth",1018272.20243647,0.0,5.852902e-13,36
0.000000000133684,[],27,[],2019-05-02 18:17:55,7883196.008,1.3368400000000002e-18,7.293946092400001e-23,7556431,2019-05-02 18:17:55,ltc,25567.4086131264,0.0,0.00000001,"ltc,eth",21753551.64,0.0,1.0538571751334722e-11,36
1,[],4,[],2019-05-14 07:19:25,209812.78308012,0.00000019,0.000000000015371703,7627144,2019-05-14 07:19:25,btc,19772.67202640332,0.0,0.00000019,btc,825126.36310902,0.00939938,0.0085726669974124,37
1,[],12,[],2019-05-14 07:19:27,1863233.48019046,0.00000021,0.000000000016989777,7627145,2019-05-14 07:19:27,btc,19604.288325418012,0.0,0.00000021,btc,390297.50615713,0.0367429793406574,0.1970934208399966,37
1,[],27,[],2019-05-14 07:21:37,1600.0,0.00000015,0.000000000012135555,7627146,2019-05-14 07:21:37,btc,24.12547123602533,0.0,0.00000015,btc,5824.04443503,0.0,3e-05,37
1,[],17,[],2019-05-03 01:11:36,211752.74075282,0.00000025,0.000000000013700074999999998,7559074,2019-05-03 01:11:36,btc,0.055484923955058496,0.0,0.00000025,"btc,eth",1387.19918473,0.0,0.0005381851887916605,37
1,[],5,[],2019-05-14 07:21:38,0.0,0,0,7627147,2019-05-14 07:21:38,btc,0.0,0.1625034,0,btc,0.0,0.0,0.0,42
1,[],12,[],2019-05-14 07:21:40,346784.32236757,0.000001830000000000000054831898570195658493275914224795997142791748046875,0.000000000148053771,7627148,2019-05-14 07:21:40,btc,2227606.2767569777,0.0,0.000001830000000000000054831898570195658493275914224795997142791748046875,btc,103931.85702715,0.1212468701896622,0.0604783298030155,42
1,[],27,[],2019-05-14 07:21:52,506.0,0.00000002,0.000000000001618074,7627149,2019-05-14 07:21:52,btc,1.1837845831768,0.0027843,0.00000002,"btc,eth",1283.4448157,7e-08,3.0000004062366954e-06,42
1,[],12,[],2019-03-13 09:13:29,1112112.0,0.00000001,0.000000000000386531,6919902,2019-03-13 09:13:29,btc,29058.00478931866,0.0,0.00000001,btc,5967681.93306694,9.99000999e-07,0.01112112,43
1,[],5,[],2019-04-26 22:38:52,0.0,0,0,7474154,2019-04-26 22:38:52,btc,0.0,0.02638891,0,btc,0.0,0.0,0.0,43
0,[],17,[],2019-04-26 22:38:53,0.0,0,0,7474155,2019-04-26 22:38:53,btc,0.0,0.0,0,btc,0.0,0.0,0.0,43
1,[],12,[],2019-03-05 01:54:08,639326.02,0.00000004,0.000000000001486676,6845775,2019-03-05 01:54:08,btc,11116042.728239931,0.0,0.00000004,btc,1103841.4595604,0.0003330765234764,0.014975410599999999,44
1,[],4,[],2019-05-14 07:21:53,118405124.33007993,0.00000001,0.000000000000809037,7627150,2019-05-14 07:21:53,btc,1345.9457871557158,0.0,0.00000001,"btc,ltc",24061054.21562173,0.00078437,0.18020897916583897,49
0.000000000113919,[],4,[],2019-05-14 07:21:53,125259582.8582569,8.430006e-17,6.820186764222e-21,7627151,2019-05-14 07:21:53,ltc,21868.1257952926,0.0,0.00000074,ltc,109430346.19414559,0.00274421,2.0417481388414578e-09,52
0,[],22,[],2019-05-14 06:45:42,0.0,0,0,7627006,2019-05-14 06:45:42,,10289.59427673,0.0,0,,308568058.4566013,0.0,0.0,57
0,[],27,[],2019-05-14 06:45:54,0.0,0,0,7627007,2019-05-14 06:45:54,,0.0,0.0,0,"btc,eth",0.0,0.0,0.0,57
0.000000000113919,[],4,[],2019-05-14 07:21:54,816690876.5561304,1.13919e-18,9.2164686003e-23,7627152,2019-05-14 07:21:54,ltc,19.11066046497605,0.0,0.00000001,ltc,6162865566.935694,0.0,9.303660796639782e-10,58
1,[],12,[],2019-05-14 07:21:56,1481964770.0,0.0000000001,0.00000000000000809037,7627153,2019-05-14 07:21:56,btc,118396233.31380449,0.0,0.0000000001,btc,4672160995.281728,0.005944544304195804,0.148196477,58
0.0000000001034182,[],22,[],2019-05-14 07:23:59,126877.0,1.034182e-18,8.36691502734e-23,7627154,2019-05-14 07:23:59,XMR,69.17853806,0.0,0.00000001,XMR,9877401.6,1.0803065172e-14,0.00126877,58
1,[],17,[],2019-05-03 01:12:09,1200000.0,0.0000000001,0.00000000000000548003,7559085,2019-05-03 01:12:09,btc,1e+24,0.0,0.0000000001,"btc,eth",39516342.31952568,0.0,0.00010000000058666061,58
1,[],5,[],2019-05-14 06:48:02,0.0,0,0,7627011,2019-05-14 06:48:02,btc,0.0,0.03174235,0,btc,0.0,0.0,0.0,61
1,[],22,[],2019-05-14 06:48:05,13613.833333333334,0.00000012,0.000000000009587676,7627012,2019-05-14 06:48:05,BTC,1002.33190883,0.0,0.00000012,BTC,15392.180177125656,0.0,0.00153269,61
1,[],26,[],2019-05-14 06:48:05,0.0,0.00000050,0.00000000003994865,7627013,2019-05-14 06:48:05,btc,0.0,0.0,0.00000050,btc,0.0,0.0,0.0,61
1,[],27,[],2019-05-14 06:48:19,101000.0,0.00000001,0.000000000000798973,7627014,2019-05-14 06:48:19,btc,1.9482732497246655,0.0,0.00000001,"btc,eth",13266.51663696,0.0,1.00000002618969e-05,61
1,[],28,[],2019-05-14 06:49:01,1039.304,0.00000008,0.000000000006391784,7627015,2019-05-14 06:49:01,btc,2.056501795415105,739.0,0.00000008,btc,10022.46650005,0.0,2.439304e-05,61
1,[],4,[],2019-05-14 06:49:02,1214001.14547204,0.00000096,0.000000000076701408,7627016,2019-05-14 06:49:02,btc,2.1227050354512382,0.0,0.00000096,btc,716674.74784856,0.07440273,0.7776470432971461,67
0.0,[],25,[],2019-05-14 06:49:04,0.0,0,0,7627017,2019-05-14 06:49:04,,0.0,0.0,0.0,btc,0.0,0.0,0.0,67
1,[],12,[],2019-05-14 07:24:00,1434314.0,0.00000008,0.000000000006472296,7627155,2019-05-14 07:24:00,btc,55556353.3470741,0.0,0.00000008,btc,1439260.655369,0.0003304544055963,0.02066775,71
,[],5,[],2018-11-20 23:02:39,1.5e-07,0.00000005,0.000000000002128045,4862160,2018-11-20 23:02:39,btc,2.84511358,0.0,,btc,0.00036572,0.0,0.07381892,74
1,[],5,[],2019-05-14 07:24:02,0.0,0,0,7627156,2019-05-14 07:24:02,btc,0.0,0.02606303,0,btc,0.0,0.0,0.0,75
0,[],4,[],2019-05-14 07:24:02,0.0,0,0,7627157,2019-05-14 07:24:02,,133647.33484763815,0.0,0,,34202270.07546142,0.0,0.0,81
0,[],20,[],2019-01-25 09:30:31,0.0,0,0,6495923,2019-01-25 09:30:31,btc,0.0,0.0,0,btc,0.0,0.0,0.0,81
1,[],4,[],2019-05-14 07:24:06,24463.81911267,0.00006069,0.000000004910045553,7627158,2019-05-14 07:24:06,btc,18.95819702986096,0.0,0.00006069,btc,31892.86268047,0.83977129,0.2415288810711729,82
1,[],21,[],2019-05-14 07:24:06,312482.3078767,0.00005403000000000000277488101941,0.000000004371226911,7627159,2019-05-14 07:24:06,btc,4.065222154986217,37568.10820747,0.0000540300000000000027748810194072603962922585196793079376220703125,btc,56195.59280255,2.22635252,1.9167499394840133,82
0,[],17,[],2019-03-25 22:42:34,0.0,0,0,7038780,2019-03-25 22:42:34,btc,0.0445064681804024,0.0,0,btc,995513.18476001,0.0,0.0,84
0.00000000013644,[],4,[],2019-05-01 19:17:39,299701867.376,1.3644e-18,7.259508504e-23,7542161,2019-05-01 19:17:39,ltc,1.6769037726995486,0.0,0.00000001,ltc,427823536.87452894,0.00010978,4.089132278478144e-10,85
,[],22,[],2018-11-20 23:09:34,3408.1,0.0000001,0.0000000000041895,4862324,2018-11-20 23:09:34,BTC,0.04624735,0.0,,BTC,4990.0,0.0,0.00033081,86
1,[],22,[],2019-05-14 06:51:14,85999.0,0.00000001,0.000000000000798973,7627022,2019-05-14 06:51:14,BTC,3.66445213,0.0,0.00000001,BTC,336978.29736842104,0.0,0.00085999,87
0,[],27,[],2019-05-14 06:51:26,0.0,0,0,7627023,2019-05-14 06:51:26,,4.961702540736,24.0,0,btc,19924.62841,4.8e-07,0.0,87
,[],2,[],2018-11-20 23:10:47,0.0,0,0,4862359,2018-11-20 23:10:47,,0.0,0.0,,,0.0,0.0,0.0,88
1,[],11,[],2019-05-14 04:50:54,67153.50062278,0.00012129999999999999398155037244606546664726920425891876220703125,0.00000000964008703,7626875,2019-05-14 04:50:54,btc,175.08268453420422,1099.0,0.00012129999999999999398155037244606546664726920425891876220703125,btc,181298.54793410999,0.0,2.977512388044759,89
1,[],12,[],2019-05-14 06:53:27,459483.80744184,0.00000043,0.000000000034355839,7627024,2019-05-14 06:53:27,btc,89.86859606278963,0.0,0.00000043,btc,185948.57551563,0.000162272421679,0.0502324760999912,91
1,[],22,[],2019-05-14 06:55:31,75900.55,0.0000002,0.00000000001597946,7627025,2019-05-14 06:55:31,BTC,0.495,0.0,0.0000002,"BTC,LTC",4.95,5.439e-05,0.00165911,91
0,[],2,[],2019-01-20 23:31:45,0.0,0,0,6477083,2019-01-20 23:31:45,,0.0,0.0,0,,0.0,0.0,0.0,91
0,[],17,[],2019-05-03 01:12:26,0.0,0,0,7559096,2019-05-03 01:12:26,btc,0.0,0.0,0,btc,0.0,0.0,0.0,91
1,[],22,[],2019-04-09 20:17:52,374949.73333333334,0.00000015,0.000000000007771935,7235704,2019-04-09 20:17:52,BTC,6.87372503,0.0,0.00000015,"BTC,LTC",159980.01196797504,1.1e-05,0.80510266,95
0.00000000011456620000000001,[],4,[],2019-05-14 06:55:33,544907414.6164178,7.103104400000001e-17,5.6751886317812005e-21,7627026,2019-05-14 06:55:33,ltc,11.31467724786201,0.0,0.00000062,ltc,137100218.14378652,0.0,1.1159692246724236e-09,96
0,[],12,[],2019-05-14 06:55:35,0.0,0,0,7627027,2019-05-14 06:55:35,btc,25054.270923736472,0.0,0,btc,7550281.46658341,0.0,0.0,96
0,[],17,[],2019-05-03 01:12:32,0.0,0,0,7559100,2019-05-03 01:12:32,btc,0.0,0.0,0,btc,0.0,0.0,0.0,96
1,[],4,[],2019-04-14 03:32:46,1039404.33283278,0.00000038,0.000000000019245518,7293458,2019-04-14 03:32:46,btc,4.170086055365747,0.0,0.00000038,btc,3097704.34561074,0.06260606,0.1859928211030784,99
1,[],4,[],2019-05-14 06:57:37,398989.33871882,0.00002778,0.000000002219546994,7627028,2019-05-14 06:57:37,btc,7.138590783865743,0.0,0.00002778,btc,125913.84774639,0.40564739,0.6721702742070917,100
0,[],2,[],2019-01-20 23:23:55,0.0,0,0,6476914,2019-01-20 23:23:55,,0.0,0.0,0,,0.0,0.0,0.0,100
1,[],22,[],2019-05-14 06:57:41,130000.0,0.00000001,0.000000000000798973,7627029,2019-05-14 06:57:41,BTC,24.83526409,0.0,0.00000001,BTC,11187.719,0.0,0.0013,101
1,[],4,[],2019-05-14 06:57:42,530386.76955941,0.00000397,0.000000000317192281,7627030,2019-05-14 06:57:42,btc,253.91855730052993,0.0,0.00000397,btc,460822.76205639,2.224519,0.3227478481781769,103
1,[],12,[],2019-05-14 06:57:45,95536699.76392001,0.000000006,0.0000000000004793838,7627031,2019-05-14 06:57:45,btc,468538266.76592577,0.0,0.000000006,btc,95813179.77272847,0.0179105561838167,0.26511535296776007,105
0,[],27,[],2019-05-14 06:57:50,0.0,0,0,7627032,2019-05-14 06:57:50,,0.0580090451331397,0.0,0,btc,588608.63747933,0.0,0.0,105
1,[],22,[],2019-04-21 00:17:26,21333.0,0.00000001,0.000000000000532493,7385819,2019-04-21 00:17:26,BTC,51.38182867,0.0,0.00000001,BTC,470435.0,0.0,0.00021333,107
1,[],26,[],2019-04-21 00:17:26,0.0,0.00000000,0,7385820,2019-04-21 00:17:26,btc,0.0,0.0,0.00000000,btc,0.0,0.0,0.0,107
1,[],5,[],2019-05-14 06:57:53,0.0,0,0,7627033,2019-05-14 06:57:53,btc,0.0,0.0,0,btc,0.0,0.0,0.0,112
1,[],22,[],2019-05-14 06:57:57,79003.0,0.00000001,0.000000000000798973,7627034,2019-05-14 06:57:57,BTC,2.79232726,0.0,0.00000001,BTC,1380942.0833333333,0.0,0.00079003,112
1,[],27,[],2019-05-14 06:58:04,1.0,0.00000001,0.000000000000798973,7627035,2019-05-14 06:58:04,btc,1.25032588,0.0,0.00000001,"btc,eth",1819.0,0.0,1e-08,112
1,[],4,[],2019-05-14 06:58:06,357974.58841008,0.00000161,0.000000000128634653,7627036,2019-05-14 06:58:06,btc,4.676992971134712,0.0,0.00000161,btc,506388.03747132,0.06020569,0.1998081100871396,113
1,[],5,[],2019-05-14 06:58:09,0.0,0,0,7627037,2019-05-14 06:58:09,btc,0.0,0.0,0,btc,0.0,0.0,0.0,113
1,[],17,[],2019-04-26 02:17:47,162738.278,0.00000004,0.0000000000021069000000000002,7461287,2019-04-26 02:17:47,btc,1.3331140273775473,0.0,0.00000004,btc,51796.221,0.0,0.00230953112,116
0,[],27,[],2019-04-26 02:19:51,0.0,0,0,7461288,2019-04-26 02:19:51,,0.0,0.0,0,,0.0,0.0,0.0,116
1,[],4,[],2019-05-07 20:09:28,131822.85721655,0.00001022,0.00000000060230548,7572994,2019-05-07 20:09:28,btc,132.18460413545117,0.0,0.00001022,btc,268070.13193351,0.06918336,1.0489745103085106,120
1,[],7,[],2019-05-07 20:09:30,9501.79941055,0.000011699999999999999788190263583231853772304020822048187255859375,0.0000000006895277999999999,7572995,2019-05-07 20:09:30,btc,231185.88817567716,62.23644451,0.000011699999999999999788190263583231853772304020822048187255859375,btc,4076.97424313,0.00072692,0.018013380795019,120
1,[],20,[],2019-04-07 18:42:29,1914137.0852,0.000000035,0.0000000000017871910000000002,7211992,2019-04-07 18:42:29,btc,32.2497668025648,25528.85,0.000000035,btc,1001975.4986,0.00089350975,0.0152723574729,125
1,[],22,[],2019-05-14 06:58:13,10000.0,0.00000001,0.000000000000798973,7627038,2019-05-14 06:58:13,BTC,0.032061,0.0,0.00000001,BTC,299316.7611111111,0.0,0.0001,126
1,[],4,[],2019-05-14 06:58:14,2259140.87266777,0.00000632,0.000000000504950936,7627039,2019-05-14 06:58:14,btc,3.3306428631566027,0.0,0.00000632,btc,168067.53140586,0.10616844,0.8520714039180055,131
0,[],2,[],2019-01-20 23:25:46,0.0,0,0,6476969,2019-01-20 23:25:46,,0.0,0.0,0,,0.0,0.0,0.0,131
1,[],17,[],2019-05-03 01:13:10,10000.0,0.00000001,0.000000000000548003,7559115,2019-05-03 01:13:10,btc,0.0953976503951408,0.0,0.00000001,btc,5037.62507334,0.0,0.0001,131
1,[],4,[],2019-05-14 07:00:15,4743.2322547,0.00026616,0.000000021265465368,7627040,2019-05-14 07:00:15,btc,5.036311366667054,0.0,0.00026616,btc,209.8410079,0.0040003,0.0119616421879642,135
1,[],3,[],2019-05-14 07:00:16,229965.7525,0.00000002,0.000000000001597946,7627041,2019-05-14 07:00:16,btc,0.20777108262735938,999762.048647,0.00000002,btc,1674357.25372,0.0,0.002491607525,136
1,[],4,[],2019-05-14 07:00:17,2622590.93594119,0.00000187,0.000000000149407951,7627042,2019-05-14 07:00:17,btc,318.7511601194055,0.0,0.00000187,btc,525371.06172388,0.00759537,0.579571557069223,137
1,[],12,[],2019-05-14 07:00:18,324291.24691637,0.000001870000000000000095373470405946125794116596807725727558135986328125,0.000000000149407951,7627043,2019-05-14 07:00:18,btc,48531.25399126227,0.0,0.000001870000000000000095373470405946125794116596807725727558135986328125,btc,42353.65309615,0.000721708731278,0.0237226657271149,137
1,[],4,[],2019-05-14 07:00:19,48253.01768842,0.00002522,0.000000002015009906,7627044,2019-05-14 07:00:19,btc,5.8840812773005675,0.0,0.00002522,btc,82088.34921443,0.49197526,0.1605512783189839,142
1,[],5,[],2019-05-14 07:00:20,0.0,0,0,7627045,2019-05-14 07:00:20,btc,0.0,0.02956114,0,btc,0.0,0.0,0.0,142
1,[],20,[],2019-05-14 07:02:22,162672.2634,0.00002856,0.000000002281866888,7627046,2019-05-14 07:02:22,btc,1.7315226660413,0.02,0.00002856,btc,8790.68,5.714e-07,0.046361157854,142
1,[],22,[],2019-05-14 07:02:26,1370.0,0.00000200,0.0000000001597946,7627047,2019-05-14 07:02:26,BTC,3.2756588,0.0,0.00000200,BTC,1135.5948275773155,0.0,0.0003632,142
0.0,[],25,[],2019-05-14 07:02:27,0.0,0,0,7627048,2019-05-14 07:02:27,,0.0,0.0,0.0,btc,0.0,0.0,0.0,142
1,[],28,[],2019-05-14 07:02:38,79102.0,0.00003311,0.000000002645399603,7627049,2019-05-14 07:02:38,btc,0.0555251924,229370.9674,0.00003311,btc,438.37303,0.0,0.07347342,142
1,[],17,[],2019-05-03 01:13:16,32967.38636364,0.00000088,0.000000000048224264,7559122,2019-05-03 01:13:16,btc,20.06976206696776,0.0,0.00000088,btc,2746.079105,0.0,0.0105613000000032,142
0,[],22,[],2019-05-14 07:02:40,0.0,0,0,7627050,2019-05-14 07:02:40,,64.21505383,0.0,0,,691775795.8,0.0,0.0,143
0,[],22,[],2019-02-25 15:42:22,0.0,0,0,6783783,2019-02-25 15:42:22,,4.2131946,0.0,0,,2322156.0,0.0,0.0,146
,[],22,[],2018-11-20 23:01:11,0.0,0,0,4862114,2018-11-20 23:01:11,,2.56807021,0.0,,,61828.4988236,0.0,0.0,147
1,[],12,[],2019-04-21 06:38:04,193091.5971266,0.00000071,0.000000000037635183,7388679,2019-04-21 06:38:04,btc,2.301232411611175,0.0,0.00000071,btc,9957.48302385,0.00023528,0.0313308199999888,148
1,[],4,[],2019-03-19 21:31:25,255810.0415942,0.00000029,0.000000000011615747,6982695,2019-03-19 21:31:25,btc,218.94922712414143,0.0,0.00000029,btc,793529.37642722,0.00117,0.0608347789473395,152
0,[],22,[],2019-03-19 21:31:27,0.0,0,0,6982696,2019-03-19 21:31:27,,0.0,0.0,0,,0.0,0.0,0.0,152
1,[],5,[],2019-04-26 09:36:59,0.0,0,0,7465040,2019-04-26 09:36:59,btc,0.0,0.0,0,btc,0.0,0.0,0.0,153
,[],16,[],2019-01-11 15:38:59,0.0,0,0,6366141,2019-01-11 15:38:59,btc,0.0,0.0,,btc,0.0,0.0,0.0,155
0,[],22,[],2019-05-11 16:24:45,0.0,0,0,7616280,2019-05-11 16:24:45,,6.80191271,0.0,0,,4673448.342592592,0.0,0.0,156
0,[],23,[],2019-01-20 23:24:29,0.0,0,0,6476932,2019-01-20 23:24:29,,0.0,0.0,0,,0.0,0.0,0.0,156
1,[],22,[],2019-05-14 07:02:44,7066.0,0.00000800,0.0000000006391784,7627051,2019-05-14 07:02:44,BTC,1.79802465,0.0,0.00000800,BTC,802.6461988741639,0.0,0.00062996,157
0,[],22,[],2019-05-07 22:25:46,0.0,0,0,7574238,2019-05-07 22:25:46,,50234.60468402,0.0,0,,54786159.03179465,0.0,0.0,158
,[],17,[],2018-11-20 22:56:10,0.0,0,0,4861976,2018-11-20 22:56:10,btc,1.1265625,0.0,,btc,1000.0,0.0,0.0,159
,[],20,[],2018-11-20 22:56:12,0.0,0,0,4861977,2018-11-20 22:56:12,btc,11912.7940471,0.0,,btc,34413894.3617,0.0,0.0,159
1,[],12,[],2019-05-14 07:02:46,267515.07411062,0.00000302999999999999978877139594768408414893201552331447601318359375,0.00000000024208881899999996,7627052,2019-05-14 07:02:46,btc,26.155573077871978,0.0,0.00000302999999999999978877139594768408414893201552331447601318359375,btc,13168.42635479,0.0025210297151824,0.0499181928999325,168
1,[],17,[],2019-05-03 01:13:36,42852.0,0.00000002,0.000000000001096006,7559132,2019-05-03 01:13:36,btc,0.04279856251542,0.0,0.00000002,btc,274.46171372,0.0,0.00052852,168
1,[],22,[],2019-05-07 03:57:18,743122.0,0.00000001,0.000000000000593596,7562020,2019-05-07 03:57:18,BTC,41.40912107,0.0,0.00000001,BTC,1593401.2737547632,0.00342649,0.00743122,169
1,[],22,[],2019-05-14 07:04:50,303135.0,0.00000009,0.000000000007190757,7627053,2019-05-14 07:04:50,BTC,27.85916012,0.0,0.00000009,BTC,435157.49483480485,0.0007096,0.00657675,171
1,[],22,[],2019-05-14 07:04:54,187357.0,0.00000012,0.000000000009587676,7627054,2019-05-14 07:04:54,BTC,10824.11750264,0.0,0.00000012,"BTC,LTC",802694.68184906,0.00811637,0.00493157,173
1,[],5,[],2019-05-06 19:49:32,0.0,0,0,7559281,2019-05-06 19:49:32,btc,0.0,0.00023336,0,btc,0.0,0.0,0.0,175
1,[],22,[],2019-05-14 07:04:57,90671.0,0.00000001,0.000000000000798973,7627055,2019-05-14 07:04:57,BTC,394.35459412,0.0,0.00000001,BTC,136275.61833431243,0.0,0.00090671,176
1,[],7,[],2019-05-14 07:04:58,0.0,0,0,7627056,2019-05-14 07:04:58,btc,520274.2899934695,0.0,0,btc,27974007.27789554,0.0,0.0,178
0,[],22,[],2019-05-14 07:05:00,0.0,0,0,7627057,2019-05-14 07:05:00,,1.00242428,0.0,0,,57512.0,0.0,0.0,178
0,[],2,[],2019-01-20 23:28:34,0.0,0,0,6477001,2019-01-20 23:28:34,,0.0,0.0,0,,0.0,0.0,0.0,178
1,[],5,[],2019-05-14 07:05:05,0.0,0,0,7627058,2019-05-14 07:05:05,btc,0.0,0.06497404,0,btc,0.0,0.0,0.0,179
1,[],22,[],2019-05-14 07:05:08,2000776.0,0.00000001,0.000000000000798973,7627059,2019-05-14 07:05:08,BTC,5.3375539,0.0,0.00000001,BTC,14270381.911946677,0.0,0.02000776,179
0,[],23,[],2019-01-20 23:25:08,0.0,0,0,6476952,2019-01-20 23:25:08,,0.0,0.0,0,,0.0,0.0,0.0,179
1,[],22,[],2019-05-14 07:07:14,665532.982953083,0.00000117,0.000000000093479841,7627060,2019-05-14 07:07:14,BTC,41.99829044,0.0,0.00000117,"BTC,LTC",65563.18907071218,0.00047806,0.56532963,180
1,[],26,[],2019-05-14 07:07:14,0.0,0.00000250,0.00000000019974325,7627061,2019-05-14 07:07:14,btc,0.0,0.0,0.00000250,btc,0.0,0.0,0.0,180
1,[],17,[],2019-05-03 01:13:56,20504.725000000002,0.0000001,0.00000000000548003,7559141,2019-05-03 01:13:56,btc,5.2010695838400265,0.0,0.0000001,btc,5033.45945,0.0,0.0011504725,180
,[],7,[],2018-11-20 22:58:01,562227.975654,0.00000085,0.000000000036176765,4862015,2018-11-20 22:58:01,btc,21836.6059674,2491.87645172,,btc,749999.041456,0.00211021,0.127565380455,183
,[],5,[],2019-01-10 08:11:41,0.0,0,0,6347036,2019-01-10 08:11:41,btc,82.15055501,0.00261,,btc,1.19002445,0.0,0.0,187
1,[],24,[],2019-04-30 17:34:05,0.0,0.000000000014,7.396256000000001e-16,7526291,2019-04-30 17:34:05,btc,0.0,0.0,0.000000000014,btc,0.0,0.0,0.0,187
,[],17,[],2018-11-16 20:58:10,4062536.27273,0.00000001,0.000000000000550501,4708775,2018-11-16 20:58:10,btc,3.36492563466,0.195460381006,,"btc,eth",110697919.549,0.0,0.0157628953496,187
0,[],22,[],2019-04-25 02:54:07,0.0,0,0,7447896,2019-04-25 02:54:07,,7.54794454,0.0,0,,76361.7243344055,0.0,0.0,191
0,[],22,[],2019-05-14 07:07:18,0.0,0,0,7627062,2019-05-14 07:07:18,,0.0,0.0,0,,0.0,0.0,0.0,197
0,[],23,[],2019-01-20 23:31:41,0.0,0,0,6477079,2019-01-20 23:31:41,,0.0,0.0,0,,0.0,0.0,0.0,199
0.00000000011456620000000001,[],22,[],2019-05-14 07:07:24,53056789.0,2.291324e-18,1.830706010252e-22,7627063,2019-05-14 07:07:24,LTC,7.64571369,0.0,0.00000002,LTC,35310436.0,0.0,0.60713197,199
1,[],26,[],2019-05-14 07:07:24,0.0,0.00000000,0,7627064,2019-05-14 07:07:24,btc,0.0,0.0,0.00000000,btc,0.0,0.0,0.0,199
0,[],2,[],2019-01-20 23:30:49,0.0,0,0,6477059,2019-01-20 23:30:49,,0.0,0.0,0,,0.0,0.0,0.0,201
1,[],4,[],2019-01-25 15:51:35,2084389.58565343,0.00000936,0.000000000333526752,6499557,2019-01-25 15:51:35,btc,2.0092503037378524,0.0,0.00000936,btc,160195.80207885,0.19272417,1.242687955921835,211
1,[],7,[],2019-05-14 07:07:27,14098343.737391949,0.00000083,0.000000000066314759,7627065,2019-05-14 07:07:27,btc,15200778.342886643,116952.867662,0.00000083,btc,11753921.36718024,0.0,1.2643426643873557,212
1,[],5,[],2019-05-07 13:02:51,0.0,0,0,7566706,2019-05-07 13:02:51,btc,0.0,0.43032184,0,btc,0.0,0.0,0.0,213
1,[],24,[],2019-05-07 13:02:52,0.0,0.000000050000,0.000000000002968865,7566707,2019-05-07 13:02:52,btc,0.0,0.0,0.000000050000,btc,0.0,0.0,0.0,213
1,[],26,[],2019-05-07 13:02:52,0.0,0.00000040,0.00000000002375092,7566708,2019-05-07 13:02:52,btc,0.0,0.0,0.00000040,btc,0.0,0.0,0.0,213
1,[],12,[],2019-01-25 02:44:32,207462.42853209,0.000001080000000000000035831255497387193287295303889550268650054931640625,0.000000000038610756000000006,6493050,2019-01-25 02:44:32,btc,85023.03793723314,0.0,0.000001080000000000000035831255497387193287295303889550268650054931640625,btc,43675.73520027,0.000146250909087,0.0348620860622024,213
0,[],22,[],2019-05-14 07:07:31,0.0,0,0,7627066,2019-05-14 07:07:31,,9.58264616,0.0,0,,2560817.094064925,0.0,0.0,216
0,[],27,[],2019-05-14 07:07:39,0.0,0,0,7627067,2019-05-14 07:07:39,,65.70318540867709,0.0,0,"btc,ltc",240560.447308,0.0,0.0,216
1,[],22,[],2019-05-14 07:07:42,1026078.6941525823,0.00000074,0.000000000059124002,7627068,2019-05-14 07:07:42,BTC,12054.94487223,0.0,0.00000074,BTC,439412.11935225356,0.00984632,0.13768022,217
1,[],7,[],2019-05-14 07:07:44,0.0,0,0,7627069,2019-05-14 07:07:44,btc,122413.67975462937,1000.0,0,btc,137781098.61523312,1e-05,0.0,219
0,[],27,[],2019-05-14 07:07:50,0.0,0,0,7627070,2019-05-14 07:07:50,,0.06997067,0.0,0,btc,1753528.0,0.0,0.0,219
0.000000000000003561,[],28,[],2019-05-14 07:08:05,475599792.392,2.3146500000000002e-18,1.8493428544500001e-22,7627071,2019-05-14 07:08:05,doge,3571086.3904998554,41904.209,0.00065000,"btc,doge",46853905.214,0.0,1.9431604097120468e-11,219
1,[],22,[],2019-05-14 07:08:09,372950.0,0.00000004,0.000000000003195892,7627072,2019-05-14 07:08:09,BTC,56.7649867,0.0,0.00000004,BTC,131552.84827387411,8.8e-06,0.011972,221
1,[],24,[],2019-05-14 07:08:09,0.0,0.000000010000,0.000000000000798973,7627073,2019-05-14 07:08:09,btc,0.0,0.0,0.000000010000,btc,0.0,0.0,0.0,221
1,[],20,[],2019-05-14 07:08:12,7919428.5971,0.000000009,0.0000000000007190756999999999,7627074,2019-05-14 07:08:12,btc,100081.15422324731,1143393.7158,0.000000009,btc,27604156.5398,0.0141373308738,0.0251742442985,224
0,[],22,[],2019-05-14 07:08:14,0.0,0,0,7627075,2019-05-14 07:08:14,,0.0,0.0,0,,0.0,0.0,0.0,224
1,[],26,[],2019-05-14 07:08:14,0.0,0.00000026,0.000000000020773298,7627076,2019-05-14 07:08:14,btc,0.0,0.0,0.00000026,btc,0.0,0.0,0.0,231
1,[],26,[],2019-05-14 07:08:15,0.0,0.00000005,0.000000000003994865,7627077,2019-05-14 07:08:15,btc,0.0,0.0,0.00000005,btc,0.0,0.0,0.0,234
0,[],27,[],2019-05-14 07:08:29,0.0,0,0,7627078,2019-05-14 07:08:29,,0.01134836604,0.0,0,"btc,eth",11462.996,0.0,0.0,234
1,[],4,[],2019-04-29 21:02:20,217188.93193785,0.00000080,0.00000000004151584,7514327,2019-04-29 21:02:20,btc,5.239800103892936,0.0,0.00000080,btc,797346.30008933,0.0,0.0590549781555679,236
1,[],24,[],2019-04-29 21:02:20,0.0,0.000000100000,0.00000000000518948,7514328,2019-04-29 21:02:20,btc,0.0,0.0,0.000000100000,btc,0.0,0.0,0.0,236
1,[],5,[],2019-05-06 20:53:15,0.0,0,0,7559637,2019-05-06 20:53:15,btc,0.0,0.20253514,0,btc,0.0,0.0,0.0,237
1,[],20,[],2019-05-06 20:53:18,38173217.6136,0.000000083,0.0000000000047460728,7559638,2019-05-06 20:53:18,btc,21342.514614200165,8832375.7238,0.000000083,btc,27701499.3386,0.7554403456107,1.3621107610479,237
1,[],22,[],2019-05-06 20:53:20,343938.0,0.00000009,0.000000000005146344,7559639,2019-05-06 20:53:20,BTC,1.20267422,0.0,0.00000009,BTC,17930.94871794872,0.0,0.01017442,237
1,[],4,[],2019-05-14 07:08:32,10371136.24518813,0.00000012,0.000000000009587676,7627079,2019-05-14 07:08:32,btc,2.5532626242230965,0.0,0.00000012,btc,8111520.34849741,0.14808438,0.784750264260003,238
1,[],5,[],2019-05-14 07:08:33,0.0,0,0,7627080,2019-05-14 07:08:33,btc,0.0,0.0140825,0,btc,0.0,0.0,0.0,238
0,[],22,[],2019-03-12 16:49:32,0.0,0,0,6914458,2019-03-12 16:49:32,,0.40415746,0.0,0,,526736.5639027493,0.0,0.0,249
0,[],22,[],2019-05-14 07:08:36,0.0,0,0,7627081,2019-05-14 07:08:36,,4.50924384,0.0,0,,38675894.69978836,0.0,0.0,252
1,[],28,[],2019-05-14 07:08:44,5004400.0,0.00000009,0.000000000007190757,7627082,2019-05-14 07:08:44,btc,43893.036746830396,258985.652,0.00000009,btc,2910797.3092,0.0,0.05016,256
1,[],22,[],2019-05-14 07:08:48,1088993.5,0.00000002,0.000000000001597946,7627083,2019-05-14 07:08:48,BTC,21.86085896,0.0,0.00000002,BTC,501508.63333384093,0.0,0.01124633,258
1,[],22,[],2019-03-13 00:07:30,47146.0,0.00000001,0.000000000000387233,6917028,2019-03-13 00:07:30,BTC,2.415167,0.0,0.00000001,BTC,157.0,0.0,0.00047146,259
1,[],5,[],2019-05-14 07:08:50,0.0,0,0,7627084,2019-05-14 07:08:50,btc,0.0,0.21740077,0,btc,0.0,0.0,0.0,264
1,[],20,[],2019-05-14 07:08:52,1330077.4316,0.00000052,0.000000000041546596,7627085,2019-05-14 07:08:52,btc,5.0479687111787,119402.4098,0.00000052,btc,96775.4975,0.103782227342,0.0418942323619,264
0,[],22,[],2019-04-12 17:57:27,0.0,0,0,7278186,2019-04-12 17:57:27,,66.37522201,0.0,0,,677842.4169881374,0.0,0.0,271
0,[],22,[],2019-05-14 04:03:16,0.0,0,0,7626753,2019-05-14 04:03:16,,33050467.4724609,0.0,0,,14361462970.7,0.0,0.0,272
0.00000000000000356,[],28,[],2019-05-14 04:03:45,310879238682.584,2.1004e-21,1.6586942816000001e-25,7626754,2019-05-14 04:03:45,doge,25516528.6710473,1372178409.39,0.00000059,doge,363399960660.476,0.0,2.23620560165344e-10,272
1,[],22,[],2019-05-14 07:08:57,120051.0,0.00000003,0.000000000002396919,7627086,2019-05-14 07:08:57,BTC,427.3655131,0.0,0.00000003,BTC,252696.2383588878,0.00052139,0.00340091,281
1,[],22,[],2019-05-14 07:09:01,347548.1,0.00000003,0.000000000002396919,7627087,2019-05-14 07:09:01,BTC,1.49322159,0.0,0.00000003,"BTC,LTC",507658.11558817176,0.00980092,0.01451574,286
0,[],22,[],2019-05-14 07:09:04,0.0,0,0,7627088,2019-05-14 07:09:04,,7337884.04871657,0.0,0,,1337070379.7797825,0.0,0.0,294
