pairValue,buyBook,exchangeId,sellBook,updated,buyTotal,satoshiPrice,usdPrice,exchangeLogId,created,bestPair,sellTotalBtc,volume,pairPrice,activePairs,sellTotal,volumeBtc,buyTotalBtc,coinId
1,[],3,[],2019-06-20 23:40:59,32260.709100961256,0.010502759999999999873665501581854186952114105224609375,0.000001004253955955999955439354165,7746656,2019-06-20 23:40:59,btc,10.13205146789084,58.9282298672,0.010502759999999999873665501581854186952114105224609375,btc,19.834307538421,0.0,0.4601223386075727,1
1,[],4,[],2019-06-20 23:41:00,207885.48701681,0.01120000,0.000001070922719999999965362938058,7746657,2019-06-20 23:41:00,btc,12.426765865104397,0.0,0.01120000,btc,702.34819063,58.7776477,1.6430946493833396,1
1,[],5,[],2019-06-20 23:41:03,0.0,0,0,7746658,2019-06-20 23:41:03,btc,0.0,0.08770135,0,btc,0.0,0.0,0.0,1
1,[],10,[],2019-06-20 23:41:05,314570.04457199,0.0045252,0.00000043269102612,7746659,2019-06-20 23:41:05,btc,6511.538957430364,1563.51402429,0.0045252,btc,1249.27087367,0.0,1.9716376961461408,1
1,[],12,[],2019-06-20 23:41:08,96.73600627,0.010970000000000000583977310952832340262830257415771484375,0.000001048930557000000021913035782,7746660,2019-06-20 23:41:08,btc,0.2662653156545,0.0,0.010970000000000000583977310952832340262830257415771484375,btc,23.205834929999998,1.865152428973,0.2852317429852,1
1,[],20,[],2019-06-20 23:41:10,919.1912,0.01111,0.000001062317090999999965641271592,7746661,2019-06-20 23:41:10,btc,0.1794653658043,0.2666,0.01111,btc,13.3794,0.0030359388,0.1357632512959,1
1,[],21,[],2019-06-20 23:41:11,1770.8594413399999,0.01100000999999999930223371081,0.000001051800056180999899262339279,7746662,2019-06-20 23:41:11,btc,12.099627613328966,4351.81885325,0.01100000999999999930223371080728611559607088565826416015625,"btc,eth",1520.02420862,44.84056294488131,15.304399697510357,1
1,[],22,[],2019-06-20 23:41:16,0.0395979803020197,0.01000001,0.000000956181956181,7746663,2019-06-20 23:41:16,BTC,0.01666796,0.0,0.01000001,BTC,0.25318100557485945,0.0,0.00021887,1
1,[],24,[],2019-06-20 23:41:17,0.0,0.000000000000,0,7746664,2019-06-20 23:41:17,btc,0.0,0.0,0.000000000000,btc,0.0,0.0,0.0,1
0.0,[],25,[],2019-06-20 23:41:18,0.0,0,0,7746665,2019-06-20 23:41:18,btc,35.599999998730176,4023.18939251,0.0,btc,3171.12235815,44.49,0.0,1
1,[],26,[],2019-06-20 23:41:20,0.0,0,0,7746666,2019-06-20 23:41:20,,0.0,0.0,0,,0.0,0.0,0.0,1
0,[],28,[],2019-06-20 23:41:22,0.0,0,0,7746667,2019-06-20 23:41:22,,0.0,0.0,0,,0.0,0.0,0.0,1
0,[],2,[],2019-01-20 23:28:45,0.0,0,0,6477011,2019-01-20 23:28:45,,0.0,0.0,0,,0.0,0.0,0.0,1
1,[],5,[],2019-06-17 14:29:02,0.0,0,0,7740076,2019-06-17 14:29:02,btc,0.0,2.72e-05,0,btc,0.0,0.0,0.0,2
1,[],22,[],2019-06-17 14:29:06,11550.3,0.0000002,0.0000000000185828,7740077,2019-06-17 14:29:06,BTC,21.00897301,0.0,0.0000002,"BTC,XMR",20678.87287795317,1.754e-05,0.00143681,2
1,[],5,[],2019-06-03 14:48:58,0.0,0,0,7731126,2019-06-03 14:48:58,btc,0.0,0.05905545,0,btc,0.0,0.0,0.0,3
1,[],12,[],2019-06-03 14:48:59,3468623.70302,0.000000116,0.000000000009823402000000002,7731127,2019-06-03 14:48:59,btc,169531.0336573751,0.0,0.000000116,btc,2361209.62379607,0.041350953071,0.33764769154428,3
0,[],28,[],2019-06-03 14:49:00,0.0,0,0,7731128,2019-06-03 14:49:00,,0.0,0.0,0,,0.0,0.0,0.0,3
0,[],2,[],2019-01-20 23:31:32,0.0,0,0,6477077,2019-01-20 23:31:32,,0.0,0.0,0,,0.0,0.0,0.0,4
1,[],4,[],2019-05-18 21:29:50,562734.9206932,0.00000010,0.000000000007298720000000001,7650946,2019-05-18 21:29:50,btc,41.9347137769675,0.0,0.00000010,btc,1123702.32192634,0.00052462,0.029254593370966,4
0,[],12,[],2019-06-02 05:03:43,0.0,0,0,7724919,2019-06-02 05:03:43,btc,625.901992874995,0.0,0,btc,1211362.4995005,0.0,0.0,5
0,[],2,[],2019-01-20 23:31:51,0.0,0,0,6477087,2019-01-20 23:31:51,,0.0,0.0,0,,0.0,0.0,0.0,6
1,[],11,[],2019-06-20 23:41:24,5375894.076736,0.00000002,0.000000000001912362,7746668,2019-06-20 23:41:24,btc,9583.531581907093,1009530.66667,0.00000002,btc,73308645.95688245,0.0,0.06758688876736,6
1,[],3,[],2019-06-20 23:41:26,12131.783518790013,0.000085240000000000003808377224689962758930050767958164215087890625,0.000000008150486844,7746669,2019-06-20 23:41:26,btc,2027.829326144465,383.237283558,0.000085240000000000003808377224689962758930050767958164215087890625,btc,394.626217825782,0.0,0.03274212845650805,7
1,[],4,[],2019-06-20 23:41:27,304024.34887788,0.00009000,0.000000008605629,7746670,2019-06-20 23:41:27,btc,8.065397732105852,0.0,0.00009000,btc,58194.37881779,1.5315288,2.3335937118819765,7
1,[],5,[],2019-06-20 23:41:28,0.0,0,0,7746671,2019-06-20 23:41:28,btc,0.0,0.0100606,0,btc,0.0,0.0,0.0,7
1,[],20,[],2019-04-07 22:06:50,3201475.0482,0.000000001,0.000000000000051590000000000004,7213932,2019-04-07 22:06:50,btc,30.8005781811902,0.0,0.000000001,btc,23077405.3926,0.0,0.0032014750482,8
0,[],2,[],2019-01-20 23:22:42,0.0,0,0,6476876,2019-01-20 23:22:42,,0.0,0.0,0,,0.0,0.0,0.0,9
0,[],23,[],2019-01-20 23:22:48,0.0,0,0,6476878,2019-01-20 23:22:48,,0.0,0.0,0,,0.0,0.0,0.0,9
1,[],4,[],2019-06-20 23:41:29,1625200.36959433,0.00000060,0.00000000005737086,7746672,2019-06-20 23:41:29,btc,3.5933194700437334,0.0,0.00000060,btc,2917104.05364295,0.57535896,0.4251637688538745,9
0,[],28,[],2019-06-20 23:41:32,0.0,0,0,7746673,2019-06-20 23:41:32,,0.0,0.0,0,,0.0,0.0,0.0,9
1,[],1,[],2019-02-17 23:31:42,1822507.21,0.00000181000000000000003456111265232042484285557293333113193511962890625,0.000000000066086901,6701244,2019-02-17 23:31:42,btc,3.6990969245,17153386.5,0.00000181000000000000003456111265232042484285557293333113193511962890625,btc,1997391.71,31.11772986,3.2610482446,9
1,[],4,[],2019-02-17 11:22:43,4341674.27126056,0.00000002,0.0000000000007272960000000001,6696112,2019-02-17 11:22:43,btc,0.1997230937751353,0.0,0.00000002,btc,4109766.79808031,0.00215132,0.0479381022052112,10
0,[],2,[],2019-01-20 23:23:08,0.0,0,0,6476890,2019-01-20 23:23:08,,0.0,0.0,0,,0.0,0.0,0.0,12
1,[],4,[],2019-06-20 23:41:33,40696260.64172821,0.00000029,0.000000000027729249,7746674,2019-06-20 23:41:33,btc,7.623376694021696,0.0,0.00000029,btc,9018856.30198287,1.08632941,1.45257507252546,12
1,[],5,[],2019-06-20 23:41:34,0.0,0,0,7746675,2019-06-20 23:41:34,btc,0.0,0.01048536,0,btc,0.0,0.0,0.0,12
0.0,[],25,[],2019-06-20 23:41:36,0.0,0,0,7746676,2019-06-20 23:41:36,,0.0,0.0,0.0,btc,0.0,0.0,0.0,12
1,[],10,[],2019-06-20 23:05:17,658369.61637829,0.00000369,0.00000000035337506399999997,7746633,2019-06-20 23:05:17,btc,666797.346958465,28502.3886039,0.00000369,btc,881503.98281036,0.0,0.3521897047969004,13
1,[],4,[],2019-06-20 23:41:37,440844.13648527,0.00000381,0.000000000364304961,7746677,2019-06-20 23:41:37,btc,1.905895781417835,0.0,0.00000381,btc,299151.38987485,0.50846183,0.2703307191889906,13
1,[],21,[],2019-06-20 23:41:41,3080611.54364152,0.000003769999999999999903515764468,0.000000000360480237,7746678,2019-06-20 23:41:41,btc,3.261282586231748,622267.68998638,0.00000376999999999999990351576446834247491324276779778301715850830078125,btc,686391.71748117,2.43866553,2.748271365246845,13
1,[],4,[],2019-06-20 23:41:42,961895.51314086,0.00000070,0.00000000006693267,7746679,2019-06-20 23:41:42,btc,11.249108034389026,0.0,0.00000070,btc,872399.51987707,0.2302737,0.0762101146187641,14
1,[],12,[],2019-06-20 23:41:44,215551.20369689,0.00000054,0.000000000051633774,7746680,2019-06-20 23:41:44,btc,184.25335663023483,0.0,0.00000054,btc,26709.76056848,0.000233555245,0.0153791999999845,14
1,[],26,[],2019-06-20 23:43:44,0.0,0.00000050,0.000000000047809049999999995,7746681,2019-06-20 23:43:44,btc,0.0,0.0,0.00000050,btc,0.0,0.0,0.0,14
0,[],17,[],2019-05-03 00:53:32,0.0,0,0,7558876,2019-05-03 00:53:32,btc,0.0,0.0,0,btc,0.0,0.0,0.0,14
0,[],4,[],2019-06-20 23:43:45,0.0,0,0,7746682,2019-06-20 23:43:45,,0.0,0.0,0,,0.0,0.0,0.0,15
,[],12,[],2018-12-01 15:15:48,204241.84496,0.00000489,0.000000000202473384,5260204,2018-12-01 15:15:48,btc,49.5475654835,0.0,,btc,35763.2193806,0.0163153972027625,0.0203389899998,15
0,[],2,[],2019-01-20 23:23:38,0.0,0,0,6476906,2019-01-20 23:23:38,,0.0,0.0,0,,0.0,0.0,0.0,18
1,[],4,[],2019-06-20 23:43:46,33591.35282828,0.00000992,0.000000000948531552,7746683,2019-06-20 23:43:46,btc,2.480526794221331,0.0,0.00000992,btc,19159.99327661,0.0321261,0.0642228088285896,18
1,[],10,[],2019-06-20 23:43:49,275213.24432175,0.00001016,0.0000000009714798959999998,7746684,2019-06-20 23:43:49,btc,14.864202561263918,11373.7355985,0.00001016,btc,8534.21490476,0.0,0.1254951607028231,18
1,[],12,[],2019-06-20 23:43:50,2621.25898348,0.000011029999999999999426756290554774153633843525312840938568115234375,0.000000001054667643,7746685,2019-06-20 23:43:50,btc,0.536830538236182,0.0,0.000011029999999999999426756290554774153633843525312840938568115234375,btc,1909.21651369,1.764753e-06,0.0066234993229031,18
0,[],17,[],2019-05-03 00:53:39,0.0,0,0,7558882,2019-05-03 00:53:39,btc,0.0,0.0,0,btc,0.0,0.0,0.0,18
0,[],2,[],2019-01-20 23:24:19,0.0,0,0,6476924,2019-01-20 23:24:19,,0.0,0.0,0,,0.0,0.0,0.0,19
1,[],3,[],2019-06-20 23:45:51,156136.55532547735,0.000009379999999999999977877938872605767528511933051049709320068359375,0.0000000008968977779999999,7746686,2019-06-20 23:45:51,btc,193.75477930221126,13763.6655173,0.000009379999999999999977877938872605767528511933051049709320068359375,btc,21143.74020995027,0.0,0.07712349446891978,19
1,[],4,[],2019-06-20 23:45:52,311542.8986496,0.00001064,0.0000000010173765839999999,7746687,2019-06-20 23:45:52,btc,7.194560362879919,0.0,0.00001064,btc,277933.22569348,1.0550827,1.35316304859629,19
1,[],5,[],2019-06-20 23:45:53,0.0,0,0,7746688,2019-06-20 23:45:53,btc,0.0,0.0,0,btc,0.0,0.0,0.0,19
1,[],12,[],2019-06-20 23:45:54,109058.78314038,0.0000070199999999999997035075686990790444497179123573005199432373046875,0.000000000671239062,7746689,2019-06-20 23:45:54,btc,0.3664264292281382,0.0,0.0000070199999999999997035075686990790444497179123573005199432373046875,btc,2973.67008334,0.0,0.020057431376345098,19
0,[],27,[],2019-06-20 23:45:59,0.0,0,0,7746690,2019-06-20 23:45:59,,0.0,0.0,0,btc,0.0,0.0,0.0,19
1,[],4,[],2019-06-20 23:46:00,10239243.09567885,0.00000007,0.000000000006693267,7746691,2019-06-20 23:46:00,btc,6.348245540882756,0.0,0.00000007,btc,2170107.62874019,0.00249125,0.1267815882711659,20
0,[],4,[],2019-06-20 23:46:01,0.0,0,0,7746692,2019-06-20 23:46:01,,5361.606618313019,0.0,0,,83480438.74358559,0.0,0.0,21
0,[],12,[],2019-06-20 23:46:03,0.0,0,0,7746693,2019-06-20 23:46:03,btc,2603.6032069346156,0.0,0,btc,7331487.25974023,7.056943e-05,0.0,21
0,[],17,[],2019-05-03 00:53:51,0.0,0,0,7558891,2019-05-03 00:53:51,btc,0.0,0.0,0,btc,0.0,0.0,0.0,21
1,[],12,[],2019-06-20 23:48:04,5177882832.277,0.0000000004,0.00000000000003824724,7746694,2019-06-20 23:48:04,btc,1426620268556.6677,0.0,0.0000000004,btc,2419016140.113889,0.052340853995,1.2305514729108002,23
0.0000000002844084,[],27,[],2019-06-20 23:48:11,62327134.0257543,8.532251999999999e-18,8.158377249612e-22,7746695,2019-06-20 23:48:11,eth,1049.003485311948,358942412.94295377,0.00000003,eth,5046371.24779221,3.062587121204076e-09,2.2474941922053238e-10,23
1,[],4,[],2019-06-20 23:48:12,6067562.90663314,0.00000016,0.000000000015298896,7746696,2019-06-20 23:48:12,btc,10.261955443926185,0.0,0.00000016,btc,1772185.0239843,0.0,0.1294603275800017,24
0,[],22,[],2019-06-20 23:48:14,0.0,0,0,7746697,2019-06-20 23:48:14,,6.22e-05,0.0,0,,517.4264705882352,0.0,0.0,24
0.0,[],25,[],2019-06-20 23:48:16,0.0,0,0,7746698,2019-06-20 23:48:16,,0.0,0.0,0.0,btc,0.0,0.0,0.0,24
1,[],4,[],2019-06-20 23:48:16,26946701.17454774,0.00000452,0.000000000432193812,7746699,2019-06-20 23:48:16,btc,11.59041466570657,0.0,0.00000452,btc,215182.45657825,0.16293004,0.4856165412540906,26
1,[],10,[],2019-06-20 23:48:18,222510.01685012,0.00000359,0.000000000343268979,7746700,2019-06-20 23:48:18,btc,25.266682092678238,8091.58780784,0.00000359,btc,19881.28046896,0.0,0.0510247238430687,26
0,[],2,[],2019-01-20 23:25:56,0.0,0,0,6476976,2019-01-20 23:25:56,,0.0,0.0,0,,0.0,0.0,0.0,26
1,[],5,[],2019-04-26 09:47:06,0.0,0,0,7465326,2019-04-26 09:47:06,btc,0.0,0.0,0,btc,0.0,0.0,0.0,27
1,[],3,[],2019-06-17 14:30:26,13571825.64059417,0.00000001,0.00000000000092914,7740112,2019-06-17 14:30:26,btc,3.485049956644059,4264730.43754,0.00000001,btc,23500048.28518193,0.0,0.1357182564059417,27
1,[],11,[],2019-06-17 14:30:28,2031833.58157834,0.00000001,0.00000000000092914,7740113,2019-06-17 14:30:28,btc,67502.92060589766,32677.9652116,0.00000001,btc,6487362.95640949,0.0,0.0203183358157834,27
1,[],4,[],2019-06-20 23:48:19,1000513542.2326481,0.00000001,0.000000000000956181,7746701,2019-06-20 23:48:19,btc,6.1634600728842805,0.0,0.00000001,"btc,ltc",406534772.82536817,0.02040983,6.32842928937619,29
1,[],7,[],2019-06-20 23:48:20,88246545.39145988,0.00000001,0.000000000000956181,7746702,2019-06-20 23:48:20,btc,46548272.35423474,0.0,0.00000001,btc,44569950.98844044,0.0,0.8824654539145989,29
1,[],4,[],2019-06-20 23:48:21,15675720.15331459,0.00000005,0.000000000004780905,7746703,2019-06-20 23:48:21,btc,2.578806938267112,0.0,0.00000005,btc,2183293.30971629,0.00066943,0.1778346919910235,30
0,[],17,[],2019-05-03 01:11:25,0.0,0,0,7559066,2019-05-03 01:11:25,btc,0.0,0.0,0,btc,0.0,0.0,0.0,30
1,[],4,[],2019-06-20 23:50:22,214493.21862177,0.00004589,0.000000004387914609,7746704,2019-06-20 23:50:22,btc,4.214536252746335,0.0,0.00004589,btc,56134.25722205,0.49446343,0.9141618200097547,31
1,[],21,[],2019-06-20 23:50:23,80438.5888607,0.00004675999999999999953573595612,0.0000000044711023559999996,7746705,2019-06-20 23:50:23,btc,4.85980547523164,181807.07493988,0.0000467599999999999995357359561243271173225366510450839996337890625,btc,90751.08635333,8.563029,3.2558620765669093,31
0,[],2,[],2019-01-20 23:28:43,0.0,0,0,6477009,2019-01-20 23:28:43,,0.0,0.0,0,,0.0,0.0,0.0,32
0,[],4,[],2019-06-20 23:50:24,0.0,0,0,7746706,2019-06-20 23:50:24,,0.0,0.0,0,,0.0,0.0,0.0,33
1,[],12,[],2019-03-30 07:55:10,40641173.964,0.00000003,0.000000000001228359,7108785,2019-03-30 07:55:10,btc,4233210.82356125,0.0,0.00000003,btc,28378394.68333462,0.0126927883965248,0.90752895892,33
0.0000000001415639,[],4,[],2019-06-20 23:50:26,149370870.334378,7.3613228e-17,7.0387569962268e-21,7746707,2019-06-20 23:50:26,ltc,4.1660986154581625,0.0,0.00000052,ltc,160968021.39251488,0.0,9.389249686638578e-10,34
1,[],5,[],2019-06-20 23:50:27,0.0,0,0,7746708,2019-06-20 23:50:27,btc,0.0,0.04108428,0,btc,0.0,0.0,0.0,34
0.0000000002926451,[],17,[],2019-05-02 18:17:47,200000.0,2.9264510000000002e-18,1.596703856561e-22,7556430,2019-05-02 18:17:47,eth,0.20942468735267253,0.0,0.00000001,"btc,eth",1018272.20243647,0.0,5.852902e-13,36
0.0000000001311821,[],4,[],2019-05-31 13:28:19,2417517744.0607657,1.311821e-18,1.105058333085e-22,7717483,2019-05-31 13:28:19,ltc,5.019900492391546e-08,0.0,0.00000001,ltc,7102398142.262129,0.0,3.171350544531538e-09,36
1,[],5,[],2019-05-31 13:28:21,0.0,0,0,7717484,2019-05-31 13:28:21,btc,0.0,0.0,0,btc,0.0,0.0,0.0,36
0.0000000003108179,[],27,[],2019-05-31 13:30:34,10388811.226876,6.216358000000001e-18,5.236566733830001e-22,7717485,2019-05-31 13:30:34,eth,1569.8708019850988,761866.634299,0.00000002,"ltc,eth",5084024.2511555,4.736034912207001e-12,3.3251980286483705e-11,36
1,[],4,[],2019-06-20 23:50:28,10417982.59492267,0.00000013,0.000000000012430353,7746709,2019-06-20 23:50:28,btc,19772.154297960005,0.0,0.00000013,btc,660159.48615073,0.00415041,0.1472501296194798,37
1,[],12,[],2019-06-20 23:50:29,4571825.21400003,0.00000013,0.000000000012430353,7746710,2019-06-20 23:50:29,btc,7.378196973106903,0.0,0.00000013,btc,1710788.40140693,0.006521901555,0.1908036221100036,37
1,[],27,[],2019-06-20 23:52:35,11304.0,0.00000019,0.000000000018167439,7746711,2019-06-20 23:52:35,btc,22.62970013895233,0.0,0.00000019,btc,4298.824295,0.0,0.00168776,37
1,[],17,[],2019-05-03 01:11:36,211752.74075282,0.00000025,0.000000000013700074999999998,7559074,2019-05-03 01:11:36,btc,0.055484923955058496,0.0,0.00000025,"btc,eth",1387.19918473,0.0,0.0005381851887916605,37
1,[],5,[],2019-06-20 23:52:36,0.0,0,0,7746712,2019-06-20 23:52:36,btc,0.0,0.72257735,0,btc,0.0,0.0,0.0,42
1,[],12,[],2019-06-20 23:52:37,173781.57107665,0.0000020200000000000001415252463832228357887288439087569713592529296875,0.000000000193148562,7746713,2019-06-20 23:52:37,btc,480.79325032231174,0.0,0.0000020200000000000001415252463832228357887288439087569713592529296875,btc,122107.73753157,0.122795008722,0.0529800675901261,42
1,[],27,[],2019-06-20 23:52:44,1581.0,0.0000005,0.000000000047809049999999995,7746714,2019-06-20 23:52:44,btc,0.07600425,0.0,0.0000005,"btc,eth",18.0,0.0,0.0005435000002987994,42
1,[],12,[],2019-03-13 09:13:29,1112112.0,0.00000001,0.000000000000386531,6919902,2019-03-13 09:13:29,btc,29058.00478931866,0.0,0.00000001,btc,5967681.93306694,9.99000999e-07,0.01112112,43
1,[],5,[],2019-04-26 22:38:52,0.0,0,0,7474154,2019-04-26 22:38:52,btc,0.0,0.02638891,0,btc,0.0,0.0,0.0,43
0,[],17,[],2019-04-26 22:38:53,0.0,0,0,7474155,2019-04-26 22:38:53,btc,0.0,0.0,0,btc,0.0,0.0,0.0,43
1,[],12,[],2019-03-05 01:54:08,639326.02,0.00000004,0.000000000001486676,6845775,2019-03-05 01:54:08,btc,11116042.728239931,0.0,0.00000004,btc,1103841.4595604,0.0003330765234764,0.014975410599999999,44
0.0000000001415639,[],4,[],2019-06-20 23:52:45,106195344.47385685,4.6716087e-17,4.4669034783747e-21,7746715,2019-06-20 23:52:45,ltc,1601.9244820367928,0.0,0.00000033,ltc,26801428.4904745,0.0001,6.584089008804004e-10,49
0.0000000001415639,[],4,[],2019-06-20 23:52:46,313888178.6168062,2.8312779999999997e-17,2.7072142293179998e-21,7746716,2019-06-20 23:52:46,ltc,26727.84580807116,0.0,0.0000002,ltc,174921470.91566768,0.0,2.6136969376853793e-09,52
0,[],22,[],2019-06-20 23:52:48,0.0,0,0,7746717,2019-06-20 23:52:48,,10289.79884133,0.0,0,,286158287.4566013,0.0,0.0,57
0,[],27,[],2019-06-20 23:52:55,0.0,0,0,7746718,2019-06-20 23:52:55,,0.0,0.0,0,"btc,eth",0.0,0.0,0.0,57
0,[],4,[],2019-06-20 23:52:55,0.0,0,0,7746719,2019-06-20 23:52:55,,19.71781796132337,0.0,0,,5746549042.941043,0.0001,0.0,58
1,[],12,[],2019-06-20 23:52:56,885320746.1,0.0000000001,0.00000000000000956181,7746720,2019-06-20 23:52:56,btc,34236913.23678929,0.0,0.0000000001,btc,2686239442.6233335,0.000888753047,0.08853207461000001,58
0.00000000011078630000000001,[],22,[],2019-06-20 23:54:59,126877.0,1.107863e-18,1.059317551203e-22,7746721,2019-06-20 23:54:59,XMR,68.17454206,0.0,0.00000001,XMR,9626402.6,0.0,0.00126877,58
1,[],17,[],2019-05-03 01:12:09,1200000.0,0.0000000001,0.00000000000000548003,7559085,2019-05-03 01:12:09,btc,1e+24,0.0,0.0000000001,"btc,eth",39516342.31952568,0.0,0.00010000000058666061,58
1,[],5,[],2019-06-17 14:31:27,0.0,0,0,7740135,2019-06-17 14:31:27,btc,0.0,0.00079154,0,btc,0.0,0.0,0.0,61
1,[],22,[],2019-06-17 14:31:30,13612.833333333334,0.00000012,0.00000000001114968,7740136,2019-06-17 14:31:30,BTC,1002.29123003,0.0,0.00000012,BTC,15014.200177125656,0.0,0.00153257,61
1,[],26,[],2019-06-17 14:31:30,0.0,0.00000050,0.000000000046457,7740137,2019-06-17 14:31:30,btc,0.0,0.0,0.00000050,btc,0.0,0.0,0.0,61
1,[],27,[],2019-06-17 14:31:36,8400.0,0.00000018,0.00000000001672452,7740138,2019-06-17 14:31:36,btc,1.9742539297246655,0.0,0.00000018,"btc,eth",10953.51663696,0.0,0.001512,61
0,[],28,[],2019-06-17 14:31:38,0.0,0,0,7740139,2019-06-17 14:31:38,,0.0,0.0,0,,0.0,0.0,0.0,61
1,[],4,[],2019-06-20 23:55:00,900940.7968715,0.00000080,0.00000000007649448,7746722,2019-06-20 23:55:00,btc,3.440450727897843,0.0,0.00000080,btc,1212796.38623473,0.44163811,0.5197192157732071,67
0.0,[],25,[],2019-06-20 23:55:02,0.0,0,0,7746723,2019-06-20 23:55:02,,0.0,0.0,0.0,btc,0.0,0.0,0.0,67
1,[],12,[],2019-06-02 06:23:14,910048.355,0.00000006,0.000000000005154929999999999,7725270,2019-06-02 06:23:14,btc,5.167005424215783,0.0,0.00000006,btc,738530.60239759,0.003159757462,0.0187188113,71
,[],5,[],2018-11-20 23:02:39,1.5e-07,0.00000005,0.000000000002128045,4862160,2018-11-20 23:02:39,btc,2.84511358,0.0,,btc,0.00036572,0.0,0.07381892,74
1,[],5,[],2019-06-20 23:55:03,0.0,0,0,7746724,2019-06-20 23:55:03,btc,0.0,0.01088055,0,btc,0.0,0.0,0.0,75
1,[],4,[],2019-06-04 03:25:15,715281.46076168,0.00000001,0.000000000000803619,7734085,2019-06-04 03:25:15,btc,581089.6218469425,0.0,0.00000001,btc,37692563.61091116,0.0,0.0071528146076168,81
0,[],20,[],2019-01-25 09:30:31,0.0,0,0,6495923,2019-01-25 09:30:31,btc,0.0,0.0,0,btc,0.0,0.0,0.0,81
1,[],4,[],2019-06-20 23:55:04,224757.62441394,0.00009900,0.0000000094661919,7746725,2019-06-20 23:55:04,btc,56.932562336008495,0.0,0.00009900,btc,111455.44525619,1.5271839,0.2594691083276213,82
1,[],21,[],2019-06-20 23:55:05,73504.21059678,0.00009639999999999999860233329541,0.00000000921758484,7746726,2019-06-20 23:55:05,btc,7.12513845937746,38344.26428958,0.000096399999999999998602333295405486524032312445342540740966796875,btc,57395.13930359,3.77517035,5.3647883473694735,82
0,[],17,[],2019-03-25 22:42:34,0.0,0,0,7038780,2019-03-25 22:42:34,btc,0.0445064681804024,0.0,0,btc,995513.18476001,0.0,0.0,84
0.0000000001161485,[],4,[],2019-05-20 13:09:39,216715621.0206096,1.161485e-18,9.0533806701e-23,7657228,2019-05-20 13:09:39,ltc,1.6511566870244727,0.0,0.00000001,ltc,471032407.9048656,0.0,2.5171194308112273e-10,85
,[],22,[],2018-11-20 23:09:34,3408.1,0.0000001,0.0000000000041895,4862324,2018-11-20 23:09:34,BTC,0.04624735,0.0,,BTC,4990.0,0.0,0.00033081,86
1,[],22,[],2019-06-20 23:55:08,117294.0,0.00000006,0.000000000005737086,7746727,2019-06-20 23:55:08,BTC,1.81020153,0.0,0.00000006,BTC,196224.94736842104,0.0,0.00390484,87
1,[],27,[],2019-06-20 23:55:14,313713.0,0.00000012,0.000000000011474172,7746728,2019-06-20 23:55:14,btc,1.94218418326,0.0,0.00000012,btc,500743.402,0.0,0.01197659,87
,[],2,[],2018-11-20 23:10:47,0.0,0,0,4862359,2018-11-20 23:10:47,,0.0,0.0,,,0.0,0.0,0.0,88
1,[],11,[],2019-06-17 14:31:59,193715.3529613,0.000073310000000000001140094962881477158589405007660388946533203125,0.00000000681152534,7740147,2019-06-17 14:31:59,btc,168.35454702024953,5791.70569014,0.000073310000000000001140094962881477158589405007660388946533203125,btc,196971.41170107,0.0,1.1996165759440112,89
0,[],2,[],2019-01-20 23:31:45,0.0,0,0,6477083,2019-01-20 23:31:45,,0.0,0.0,0,,0.0,0.0,0.0,91
1,[],12,[],2019-06-18 02:35:48,427715.74,0.00000015,0.000000000013911045000000001,7746087,2019-06-18 02:35:48,btc,116.61022144471085,0.0,0.00000015,btc,193315.55943968,0.000180759303,0.0129558314,91
1,[],22,[],2019-06-20 20:27:07,75910.0,0.00000002,0.000000000001914908,7746207,2019-06-20 20:27:07,BTC,0.49565371,0.0,0.00000002,"BTC,LTC",6.384990670617935,0.0,0.0016592,91
0,[],17,[],2019-05-03 01:12:26,0.0,0,0,7559096,2019-05-03 01:12:26,btc,0.0,0.0,0,btc,0.0,0.0,0.0,91
1,[],22,[],2019-06-20 22:54:33,106655.66666666667,0.00000003,0.000000000002867592,7746559,2019-06-20 22:54:33,BTC,11.32322936,0.0,0.00000003,"BTC,LTC",291048.0280038263,0.0,0.06917967,95
0.0000000001415639,[],4,[],2019-06-20 23:55:15,538893254.9301962,1.9818946e-17,1.8950499605226e-21,7746729,2019-06-20 23:55:15,ltc,11.329597826111323,0.0,0.00000014,ltc,157236696.9913311,0.0,9.022297488969789e-10,96
0,[],12,[],2019-06-20 23:55:16,0.0,0,0,7746730,2019-06-20 23:55:16,btc,36.35627881071928,0.0,0,btc,9846523.071928069,0.0,0.0,96
0,[],17,[],2019-05-03 01:12:32,0.0,0,0,7559100,2019-05-03 01:12:32,btc,0.0,0.0,0,btc,0.0,0.0,0.0,96
1,[],4,[],2019-04-14 03:32:46,1039404.33283278,0.00000038,0.000000000019245518,7293458,2019-04-14 03:32:46,btc,4.170086055365747,0.0,0.00000038,btc,3097704.34561074,0.06260606,0.1859928211030784,99
0,[],2,[],2019-01-20 23:23:55,0.0,0,0,6476914,2019-01-20 23:23:55,,0.0,0.0,0,,0.0,0.0,0.0,100
1,[],4,[],2019-06-20 23:57:17,321814.79044347,0.00001338,0.000000001279370178,7746731,2019-06-20 23:57:17,btc,7.332959395367211,0.0,0.00001338,btc,166772.74388301,0.47012669,0.8905377807933061,100
1,[],22,[],2019-06-05 06:30:35,150000.0,0.00000002,0.000000000001558192,7740007,2019-06-05 06:30:35,BTC,28.56386409,0.0,0.00000002,BTC,12787.719,0.0,0.0017,101
1,[],4,[],2019-06-20 23:57:17,470010.66553253,0.00000159,0.000000000152032779,7746732,2019-06-20 23:57:17,btc,553.4306770977397,0.0,0.00000159,btc,646014.29156268,0.04517375,0.1479995502055276,103
1,[],12,[],2019-06-17 14:32:14,179201505.10870332,0.000000005,0.00000000000046457,7740154,2019-06-17 14:32:14,btc,113577.79366343976,0.0,0.000000005,btc,79148141.67831126,0.019059029059,0.27280986350611003,105
1,[],27,[],2019-06-17 14:32:19,18306828.03496503,0.00000002,0.00000000000185828,7740155,2019-06-17 14:32:19,btc,180.7198218385489,1083.96503497,0.00000002,btc,276513.60142659,7.588e-05,0.3661365606993006,105
1,[],22,[],2019-04-21 00:17:26,21333.0,0.00000001,0.000000000000532493,7385819,2019-04-21 00:17:26,BTC,51.38182867,0.0,0.00000001,BTC,470435.0,0.0,0.00021333,107
1,[],26,[],2019-04-21 00:17:26,0.0,0.00000000,0,7385820,2019-04-21 00:17:26,btc,0.0,0.0,0.00000000,btc,0.0,0.0,0.0,107
1,[],5,[],2019-06-20 23:57:20,0.0,0,0,7746733,2019-06-20 23:57:20,btc,0.0,0.02512414,0,btc,0.0,0.0,0.0,112
0,[],22,[],2019-06-20 23:57:22,0.0,0,0,7746734,2019-06-20 23:57:22,,6.79500102,0.0,0,,3375892.0833333335,0.0,0.0,112
1,[],27,[],2019-06-20 23:57:29,1.0,0.00000001,0.000000000000956181,7746735,2019-06-20 23:57:29,btc,1.14885,0.0,0.00000001,"btc,eth",39.0,0.0,1e-08,112
1,[],4,[],2019-06-20 23:57:30,1129489.04111069,0.00000069,0.000000000065976489,7746736,2019-06-20 23:57:30,btc,4.83075984656539,0.0,0.00000069,btc,817424.63569134,0.11670499,0.26437722648855,113
1,[],5,[],2019-06-20 23:57:30,0.0,0,0,7746737,2019-06-20 23:57:30,btc,0.0,0.0,0,btc,0.0,0.0,0.0,113
1,[],17,[],2019-04-26 02:17:47,162738.278,0.00000004,0.0000000000021069000000000002,7461287,2019-04-26 02:17:47,btc,1.3331140273775473,0.0,0.00000004,btc,51796.221,0.0,0.00230953112,116
1,[],27,[],2019-05-22 05:13:01,210000.0,0.00000001,0.00000000000079145,7666372,2019-05-22 05:13:01,btc,3919.0005001478,0.0,0.00000001,btc,128660.871,0.0,0.0021,116
1,[],4,[],2019-05-21 22:31:11,138169.03963019,0.00000701,0.000000000558364025,7664793,2019-05-21 22:31:11,btc,150.95388250938234,0.0,0.00000701,btc,344631.17141974,0.07552974,0.4288357684941946,120
1,[],7,[],2019-05-21 22:31:12,3901.07750076,0.000010679999999999999389654892212320191902108490467071533203125,0.0000000008506887,7664794,2019-05-21 22:31:12,btc,231188.94669936574,0.0,0.000010679999999999999389654892212320191902108490467071533203125,btc,4133.83151364,0.0,0.0113888422364489,120
1,[],20,[],2019-04-07 18:42:29,1914137.0852,0.000000035,0.0000000000017871910000000002,7211992,2019-04-07 18:42:29,btc,32.2497668025648,25528.85,0.000000035,btc,1001975.4986,0.00089350975,0.0152723574729,125
1,[],22,[],2019-06-17 14:32:38,10000.0,0.00000001,0.00000000000092914,7740161,2019-06-17 14:32:38,BTC,0.032061,0.0,0.00000001,BTC,299316.7611111111,0.0,0.0001,126
0,[],2,[],2019-01-20 23:25:46,0.0,0,0,6476969,2019-01-20 23:25:46,,0.0,0.0,0,,0.0,0.0,0.0,131
1,[],4,[],2019-06-20 23:57:31,2954792.38640189,0.00000483,0.000000000461835423,7746738,2019-06-20 23:57:31,btc,2.439907314476993,0.0,0.00000483,btc,169925.72570926,0.21477706,0.5286126439699615,131
1,[],17,[],2019-05-03 01:13:10,10000.0,0.00000001,0.000000000000548003,7559115,2019-05-03 01:13:10,btc,0.0953976503951408,0.0,0.00000001,btc,5037.62507334,0.0,0.0001,131
1,[],4,[],2019-06-17 14:32:42,4848.49465417,0.00007919,0.00000000735785966,7740163,2019-06-17 14:32:42,btc,0.9905723729472744,0.0,0.00007919,btc,202.13055914,0.0,0.0061509344290166,135
1,[],3,[],2019-06-05 06:33:11,40600.27748212,0.00000001,0.000000000000779096,7740019,2019-06-05 06:33:11,btc,0.2308097808993716,2146378.52189,0.00000001,btc,2477992.76904676,0.0,0.0004060027748212,136
1,[],4,[],2019-06-20 23:59:33,583713.85576791,0.00000176,0.000000000168287856,7746739,2019-06-20 23:59:33,btc,110.30660473101,0.0,0.00000176,btc,583938.4576303,0.02672497,0.5164616336785915,137
1,[],12,[],2019-06-20 23:59:34,66126.05794919,0.000001599999999999999927596978921418013896982301957905292510986328125,0.00000000015298896,7746740,2019-06-20 23:59:34,btc,84.6265672610969,0.0,0.000001599999999999999927596978921418013896982301957905292510986328125,btc,82856.24240518,0.000123815406,0.0140266999999333,137
1,[],4,[],2019-06-20 23:59:36,267507.44275555,0.00001626,0.000000001554750306,7746741,2019-06-20 23:59:36,btc,11.184185904765934,0.0,0.00001626,btc,161376.54586479,0.52337327,0.5476031397319211,142
1,[],5,[],2019-06-20 23:59:37,0.0,0,0,7746742,2019-06-20 23:59:37,btc,0.0,0.01624042,0,btc,0.0,0.0,0.0,142
1,[],20,[],2019-06-21 00:01:38,271056.812,0.00001501,0.000000001435227681,7746743,2019-06-21 00:01:38,btc,1.606382101666,0.0,0.00001501,btc,9785.9993,0.0,0.0192895849073,142
1,[],22,[],2019-06-21 00:01:42,10715.0,0.00001299,0.000000001242079119,7746744,2019-06-21 00:01:42,BTC,2.99759384,0.0,0.00001299,BTC,835.7198755539798,0.0,0.00540125,142
0.0,[],25,[],2019-06-21 00:01:43,0.0,0,0,7746745,2019-06-21 00:01:43,,0.0,0.0,0.0,btc,0.0,0.0,0.0,142
0,[],28,[],2019-06-21 00:01:44,0.0,0,0,7746746,2019-06-21 00:01:44,,0.0,0.0,0,,0.0,0.0,0.0,142
1,[],17,[],2019-05-03 01:13:16,32967.38636364,0.00000088,0.000000000048224264,7559122,2019-05-03 01:13:16,btc,20.06976206696776,0.0,0.00000088,btc,2746.079105,0.0,0.0105613000000032,142
0,[],22,[],2019-06-21 00:01:47,0.0,0,0,7746747,2019-06-21 00:01:47,,1635.98618676,0.0,0,,788450755.3,0.0,0.0,143
0,[],22,[],2019-02-25 15:42:22,0.0,0,0,6783783,2019-02-25 15:42:22,,4.2131946,0.0,0,,2322156.0,0.0,0.0,146
,[],22,[],2018-11-20 23:01:11,0.0,0,0,4862114,2018-11-20 23:01:11,,2.56807021,0.0,,,61828.4988236,0.0,0.0,147
1,[],12,[],2019-04-21 06:38:04,193091.5971266,0.00000071,0.000000000037635183,7388679,2019-04-21 06:38:04,btc,2.301232411611175,0.0,0.00000071,btc,9957.48302385,0.00023528,0.0313308199999888,148
1,[],4,[],2019-03-19 21:31:25,255810.0415942,0.00000029,0.000000000011615747,6982695,2019-03-19 21:31:25,btc,218.94922712414143,0.0,0.00000029,btc,793529.37642722,0.00117,0.0608347789473395,152
0,[],22,[],2019-03-19 21:31:27,0.0,0,0,6982696,2019-03-19 21:31:27,,0.0,0.0,0,,0.0,0.0,0.0,152
1,[],5,[],2019-04-26 09:36:59,0.0,0,0,7465040,2019-04-26 09:36:59,btc,0.0,0.0,0,btc,0.0,0.0,0.0,153
,[],16,[],2019-01-11 15:38:59,0.0,0,0,6366141,2019-01-11 15:38:59,btc,0.0,0.0,,btc,0.0,0.0,0.0,155
0,[],23,[],2019-01-20 23:24:29,0.0,0,0,6476932,2019-01-20 23:24:29,,0.0,0.0,0,,0.0,0.0,0.0,156
0,[],22,[],2019-06-04 06:02:09,0.0,0,0,7734688,2019-06-04 06:02:09,,7.43375324,0.0,0,,5955762.942592593,0.0,0.0,156
1,[],22,[],2019-06-21 00:01:51,6996.0,0.00000001,0.000000000000956181,7746748,2019-06-21 00:01:51,BTC,1.7543039,0.0,0.00000001,BTC,57.0,0.0,6.996e-05,157
0,[],22,[],2019-05-21 23:40:32,0.0,0,0,7665049,2019-05-21 23:40:32,,50234.60468402,0.0,0,,54786159.03179465,0.0,0.0,158
,[],17,[],2018-11-20 22:56:10,0.0,0,0,4861976,2018-11-20 22:56:10,btc,1.1265625,0.0,,btc,1000.0,0.0,0.0,159
,[],20,[],2018-11-20 22:56:12,0.0,0,0,4861977,2018-11-20 22:56:12,btc,11912.7940471,0.0,,btc,34413894.3617,0.0,0.0,159
1,[],12,[],2019-05-24 02:51:20,9178.522006449999,0.00000191999999999999982841307998027158276954651228152215480804443359375,0.000000000151222656,7676256,2019-05-24 02:51:20,btc,149.80414728631675,0.0,0.00000191999999999999982841307998027158276954651228152215480804443359375,btc,1115.7451448499999,0.01783167678326,0.0120075778999181,168
1,[],17,[],2019-05-03 01:13:36,42852.0,0.00000002,0.000000000001096006,7559132,2019-05-03 01:13:36,btc,0.04279856251542,0.0,0.00000002,btc,274.46171372,0.0,0.00052852,168
1,[],22,[],2019-05-17 03:01:52,10.0,0.00000001,0.000000000000778341,7642059,2019-05-17 03:01:52,BTC,41.95893009,0.0,0.00000001,BTC,1753972.7737547632,0.0,1e-07,169
1,[],22,[],2019-05-30 08:38:18,202834.0,0.00000002,0.0000000000017416160000000001,7711049,2019-05-30 08:38:18,BTC,27.87002826,0.0,0.00000002,BTC,462189.5410507793,0.0,0.00211768,171
1,[],22,[],2019-05-29 08:05:18,349870.0,0.00000002,0.000000000001705894,7705265,2019-05-29 08:05:18,BTC,24.05907723,0.0,0.00000002,"BTC,LTC",1224285.4355616204,0.0,0.0039847,173
1,[],5,[],2019-06-21 00:01:53,0.0,0,0,7746749,2019-06-21 00:01:53,btc,0.0,0.04759965,0,btc,0.0,0.0,0.0,175
1,[],22,[],2019-06-17 14:33:12,90671.0,0.00000001,0.00000000000092914,7740175,2019-06-17 14:33:12,BTC,394.35459412,0.0,0.00000001,BTC,136275.61833431243,0.0,0.00090671,176
1,[],7,[],2019-06-21 00:01:54,0.0,0,0,7746750,2019-06-21 00:01:54,btc,522272.5938942698,0.0,0,btc,27854037.73829655,0.0,0.0,178
0,[],22,[],2019-06-21 00:01:56,0.0,0,0,7746751,2019-06-21 00:01:56,,1.00242428,0.0,0,,57512.0,0.0,0.0,178
0,[],2,[],2019-01-20 23:28:34,0.0,0,0,6477001,2019-01-20 23:28:34,,0.0,0.0,0,,0.0,0.0,0.0,178
0,[],23,[],2019-01-20 23:25:08,0.0,0,0,6476952,2019-01-20 23:25:08,,0.0,0.0,0,,0.0,0.0,0.0,179
1,[],5,[],2019-06-21 00:01:57,0.0,0,0,7746752,2019-06-21 00:01:57,btc,0.0,0.04208749,0,btc,0.0,0.0,0.0,179
0,[],22,[],2019-06-21 00:02:00,0.0,0,0,7746753,2019-06-21 00:02:00,,5.17403917,0.0,0,,13450788.311946675,0.0,0.0,179
1,[],22,[],2019-06-21 00:04:03,738327.3168514413,0.00000041,0.000000000039203421,7746754,2019-06-21 00:04:03,BTC,40.61506315,0.0,0.00000041,"BTC,LTC",168344.879930538,0.00033789,0.57326612,180
1,[],26,[],2019-06-21 00:04:03,0.0,0.00000010,0.00000000000956181,7746755,2019-06-21 00:04:03,btc,0.0,0.0,0.00000010,btc,0.0,0.0,0.0,180
1,[],17,[],2019-05-03 01:13:56,20504.725000000002,0.0000001,0.00000000000548003,7559141,2019-05-03 01:13:56,btc,5.2010695838400265,0.0,0.0000001,btc,5033.45945,0.0,0.0011504725,180
,[],7,[],2018-11-20 22:58:01,562227.975654,0.00000085,0.000000000036176765,4862015,2018-11-20 22:58:01,btc,21836.6059674,2491.87645172,,btc,749999.041456,0.00211021,0.127565380455,183
,[],5,[],2019-01-10 08:11:41,0.0,0,0,6347036,2019-01-10 08:11:41,btc,82.15055501,0.00261,,btc,1.19002445,0.0,0.0,187
,[],17,[],2018-11-16 20:58:10,4062536.27273,0.00000001,0.000000000000550501,4708775,2018-11-16 20:58:10,btc,3.36492563466,0.195460381006,,"btc,eth",110697919.549,0.0,0.0157628953496,187
1,[],24,[],2019-05-22 21:04:52,0.0,0.000000000014,0.0000000000000010960978,7670219,2019-05-22 21:04:52,btc,0.0,0.0,0.000000000014,btc,0.0,0.0,0.0,187
0,[],22,[],2019-04-25 02:54:07,0.0,0,0,7447896,2019-04-25 02:54:07,,7.54794454,0.0,0,,76361.7243344055,0.0,0.0,191
0,[],22,[],2019-06-17 14:33:34,0.0,0,0,7740182,2019-06-17 14:33:34,,0.0,0.0,0,,0.0,0.0,0.0,197
0,[],23,[],2019-01-20 23:31:41,0.0,0,0,6477079,2019-01-20 23:31:41,,0.0,0.0,0,,0.0,0.0,0.0,199
0,[],22,[],2019-06-21 00:04:06,0.0,0,0,7746756,2019-06-21 00:04:06,,10.58263174,0.0,0,,84280969.0,0.0,0.0,199
1,[],26,[],2019-06-21 00:04:06,0.0,0.00000000,0,7746757,2019-06-21 00:04:06,btc,0.0,0.0,0.00000000,btc,0.0,0.0,0.0,199
0,[],2,[],2019-01-20 23:30:49,0.0,0,0,6477059,2019-01-20 23:30:49,,0.0,0.0,0,,0.0,0.0,0.0,201
1,[],4,[],2019-01-25 15:51:35,2084389.58565343,0.00000936,0.000000000333526752,6499557,2019-01-25 15:51:35,btc,2.0092503037378524,0.0,0.00000936,btc,160195.80207885,0.19272417,1.242687955921835,211
1,[],7,[],2019-06-21 00:04:09,1170054124.6898527,0.00000018,0.000000000017211258,7746758,2019-06-21 00:04:09,btc,1346840.2653139164,0.0,0.00000018,btc,6166479.26464841,0.0,11.954344045954047,212
1,[],12,[],2019-01-25 02:44:32,207462.42853209,0.000001080000000000000035831255497387193287295303889550268650054931640625,0.000000000038610756000000006,6493050,2019-01-25 02:44:32,btc,85023.03793723314,0.0,0.000001080000000000000035831255497387193287295303889550268650054931640625,btc,43675.73520027,0.000146250909087,0.0348620860622024,213
1,[],5,[],2019-05-30 00:07:46,0.0,0,0,7709357,2019-05-30 00:07:46,btc,0.0,0.06425239,0,btc,0.0,0.0,0.0,213
1,[],24,[],2019-05-30 00:07:46,0.0,0.000000399202,0.0000000000344859829346,7709358,2019-05-30 00:07:46,btc,0.0,0.0,0.000000399202,btc,0.0,0.0,0.0,213
1,[],26,[],2019-05-30 00:07:47,0.0,0.00000040,0.000000000034554919999999996,7709359,2019-05-30 00:07:47,btc,0.0,0.0,0.00000040,btc,0.0,0.0,0.0,213
0,[],22,[],2019-06-21 00:04:12,0.0,0,0,7746759,2019-06-21 00:04:12,,9.56923849,0.0,0,,3661587.2040649247,0.0,0.0,216
0,[],27,[],2019-06-21 00:04:19,0.0,0,0,7746760,2019-06-21 00:04:19,,95.90145652917752,0.0,0,"btc,ltc",643925.407688,0.0,0.0,216
1,[],22,[],2019-06-21 00:04:22,580126.4852813852,0.0000003,0.00000000002868543,7746761,2019-06-21 00:04:22,BTC,12055.91372118,0.0,0.0000003,BTC,488597.3626290264,0.00797504,0.0345805,217
1,[],7,[],2019-06-21 00:04:22,0.0,0,0,7746762,2019-06-21 00:04:22,btc,1234861.108894509,1073.92607392,0,btc,100943774.305454,1.074e-05,0.0,219
0,[],27,[],2019-06-21 00:04:27,0.0,0,0,7746763,2019-06-21 00:04:27,,250.36597143533322,0.0,0,btc,7934668.36581025,0.0,0.0,219
0,[],28,[],2019-06-21 00:04:29,0.0,0,0,7746764,2019-06-21 00:04:29,,0.0,0.0,0,,0.0,0.0,0.0,219
1,[],22,[],2019-05-23 16:41:05,172069.0,0.00000004,0.0000000000031167080000000004,7674065,2019-05-23 16:41:05,BTC,56.76466137,0.0,0.00000004,BTC,127061.6482738741,0.0,0.00393676,221
1,[],24,[],2019-05-23 16:41:05,0.0,0.000000010000,0.0000000000007791770000000001,7674066,2019-05-23 16:41:05,btc,0.0,0.0,0.000000010000,btc,0.0,0.0,0.0,221
1,[],20,[],2019-06-17 14:34:11,26882155.8301,0.000000003,0.000000000000278742,7740192,2019-06-17 14:34:11,btc,100050.81956632523,233521.3529,0.000000003,btc,38769742.8604,0.0007925640587,0.0306863532672,224
0,[],22,[],2019-06-17 14:34:13,0.0,0,0,7740193,2019-06-17 14:34:13,,0.0,0.0,0,,0.0,0.0,0.0,224
1,[],26,[],2019-06-21 00:04:29,0.0,0.00000022,0.000000000021035982,7746765,2019-06-21 00:04:29,btc,0.0,0.0,0.00000022,btc,0.0,0.0,0.0,231
1,[],26,[],2019-06-21 00:04:30,0.0,0.00000005,0.000000000004780905,7746766,2019-06-21 00:04:30,btc,0.0,100.0,0.00000005,btc,0.0,0.0,0.0,234
0.0000000002844084,[],27,[],2019-06-21 00:04:36,100.0,2.844084e-18,2.719459083204e-22,7746767,2019-06-21 00:04:36,eth,0.0,0.0,0.00000001,"btc,eth",0.0,0.0,2.844084e-16,234
1,[],4,[],2019-05-22 17:06:12,91780.56053785,0.00000078,0.000000000061977552,7669277,2019-05-22 17:06:12,btc,5.573372450018177,0.0,0.00000078,btc,729173.93529783,0.0,0.0307060663355679,236
1,[],24,[],2019-05-22 17:06:12,0.0,0.000000010000,0.000000000000794584,7669278,2019-05-22 17:06:12,btc,0.0,0.0,0.000000010000,btc,0.0,0.0,0.0,236
1,[],5,[],2019-06-21 00:04:38,0.0,0,0,7746768,2019-06-21 00:04:38,btc,0.0,1.47961932,0,btc,0.0,0.0,0.0,237
1,[],20,[],2019-06-21 00:04:39,49784372.844,0.000000088,0.0000000000084143928,7746769,2019-06-21 00:04:39,btc,8172548.0746321855,23136842.0142,0.000000088,btc,32992089.1814,2.1736625129798,1.2610812919359,237
1,[],22,[],2019-06-21 00:04:43,2084614.0,0.00000004,0.000000000003824724,7746770,2019-06-21 00:04:43,BTC,1.20112207,0.0,0.00000004,"BTC,LTC",14507.148717948718,0.0,0.02587451,237
1,[],4,[],2019-06-21 00:04:45,41148573.46578478,0.00000006,0.000000000005737086,7746771,2019-06-21 00:04:45,btc,2.5995172285632986,0.0,0.00000006,btc,11631818.97986153,0.28541274,0.7591451757070854,238
1,[],5,[],2019-06-21 00:04:46,0.0,0,0,7746772,2019-06-21 00:04:46,btc,0.0,0.03708957,0,btc,0.0,0.0,0.0,238
0,[],22,[],2019-03-12 16:49:32,0.0,0,0,6914458,2019-03-12 16:49:32,,0.40415746,0.0,0,,526736.5639027493,0.0,0.0,249
0,[],22,[],2019-05-28 23:53:45,0.0,0,0,7703643,2019-05-28 23:53:45,,13.44714864,0.0,0,,43777534.3426455,0.0,0.0,252
0,[],28,[],2019-06-21 00:04:47,0.0,0,0,7746773,2019-06-21 00:04:47,,0.0,0.0,0,,0.0,0.0,0.0,256
1,[],22,[],2019-06-21 00:04:50,592468.0,0.00000001,0.000000000000956181,7746774,2019-06-21 00:04:50,BTC,31464.57242089,0.0,0.00000001,BTC,1034643.2230878276,1.191e-05,0.00592468,258
1,[],22,[],2019-05-19 18:12:02,400.0,0.00000001,0.0000000000007957800000000001,7653905,2019-05-19 18:12:02,BTC,2.415167,0.0,0.00000001,BTC,157.0,0.0,4e-06,259
1,[],5,[],2019-06-21 00:04:52,0.0,0,0,7746775,2019-06-21 00:04:52,btc,0.0,0.06544008,0,btc,0.0,0.0,0.0,264
1,[],20,[],2019-06-21 00:04:53,912797.8483,0.000000977,0.0000000000934188837,7746776,2019-06-21 00:04:53,btc,0.9881886838956,18002.7021,0.000000977,btc,57064.0612,0.0105995535426,0.0084328120337,264
0,[],22,[],2019-04-12 17:57:27,0.0,0,0,7278186,2019-04-12 17:57:27,,66.37522201,0.0,0,,677842.4169881374,0.0,0.0,271
0,[],22,[],2019-06-21 00:04:56,0.0,0,0,7746777,2019-06-21 00:04:56,,33050469.74148113,0.0,0,,14261527780.7,0.0,0.0,272
0,[],28,[],2019-06-21 00:04:58,0.0,0,0,7746778,2019-06-21 00:04:58,,0.0,0.0,0,,0.0,0.0,0.0,272
1,[],22,[],2019-05-23 07:12:29,219930.0,0.00000004,0.000000000003048688,7671985,2019-05-23 07:12:29,BTC,426.77835217,0.0,0.00000004,BTC,248664.3325962929,0.0,0.00739728,281
1,[],22,[],2019-06-21 00:05:03,43336.1,0.00000002,0.000000000001912362,7746779,2019-06-21 00:05:03,BTC,2.67512943,0.0,0.00000002,"BTC,LTC",984550.9093393277,0.00301836,0.00511784,286
0,[],22,[],2019-06-17 14:34:53,0.0,0,0,7740207,2019-06-17 14:34:53,,7337915.80475575,0.0,0,,2078527309.6797826,0.0,0.0,294
