pairValue,buyBook,exchangeId,sellBook,updated,buyTotal,satoshiPrice,usdPrice,exchangeLogId,created,bestPair,sellTotalBtc,volume,pairPrice,activePairs,sellTotal,volumeBtc,buyTotalBtc,coinId
0,[],2,[],2019-01-20 23:28:45,0.0,0,0,6477011,2019-01-20 23:28:45,,0.0,0.0,0,,0.0,0.0,0.0,1
1,[],3,[],2019-05-12 08:43:14,32410.14623279936,0.01090683999999999924390703398557889158837497234344482421875,0.0000008029888278999999,7619055,2019-05-12 08:43:14,btc,3.1938888087502,92.7196936866,0.01090683999999999924390703398557889158837497234344482421875,btc,16.264772577493,0.0,0.6255817001100599,1
1,[],4,[],2019-05-12 08:43:15,251100.50732941,0.01065262,0.0000007842725159500001,7619056,2019-05-12 08:43:15,btc,8.690564672753142,0.0,0.01065262,btc,394.70780553,3.42837707,0.3388825879984411,1
1,[],5,[],2019-05-12 08:43:17,0.0,0,0,7619057,2019-05-12 08:43:17,btc,0.0,0.15029673,0,btc,0.0,0.0,0.0,1
1,[],10,[],2019-05-12 08:43:19,256482.05610426,0.00903973,0.000000665527521925,7619058,2019-05-12 08:43:19,btc,6525.415836887573,1702.91649718,0.00903973,btc,1484.56302707,0.0,3.5466036966724475,1
1,[],12,[],2019-05-12 08:43:22,70.68039631,0.0106599999999999993371968542987815453670918941497802734375,0.00000078481585,7619059,2019-05-12 08:43:22,btc,0.308230418179,0.0,0.0106599999999999993371968542987815453670918941497802734375,btc,24.91716733,0.9990889522488,0.3042358557786,1
1,[],20,[],2019-05-12 08:43:23,974.1258,0.010700265,0.0000007877802599625,7619060,2019-05-12 08:43:23,btc,0.0772238284287,0.3437,0.010700265,btc,5.0718,0.0039672334444,0.17107186464,1
1,[],21,[],2019-05-12 08:43:24,1867.51085139,0.01069999999999999944211293013,0.0000007877607499999999,7619061,2019-05-12 08:43:24,btc,15.81125832030887,8539.51945588,0.01069999999999999944211293012585883843712508678436279296875,"btc,eth",1830.09312393,84.82229392658374,12.336208180301961,1
0,[],22,[],2019-05-12 08:43:27,0.0,0,0,7619062,2019-05-12 08:43:27,,0.3163308,0.0,0,,0.2527518593615956,0.0,0.0,1
1,[],24,[],2019-05-12 08:43:28,0.0,0.000000000000,0,7619063,2019-05-12 08:43:28,btc,0.0,0.0,0.000000000000,btc,0.0,0.0,0.0,1
0.0,[],25,[],2019-05-12 08:43:29,0.0,0,0,7619064,2019-05-12 08:43:29,btc,31.169999999078744,599.40589817,0.0,btc,2841.95843208,6.6411,0.0,1
1,[],26,[],2019-05-12 08:43:30,0.0,0,0,7619065,2019-05-12 08:43:30,,0.0,0.0,0,,0.0,0.0,0.0,1
1,[],28,[],2019-05-12 08:43:32,987.9,0.01131000,0.000000832670475,7619066,2019-05-12 08:43:32,btc,0.160832048,349011.7798,0.01131000,btc,8.7307,0.0,0.024551096,1
1,[],5,[],2019-05-12 08:43:33,0.0,0,0,7619067,2019-05-12 08:43:33,btc,0.0,0.00047108,0,btc,0.0,0.0,0.0,2
1,[],22,[],2019-05-12 08:43:36,12625.0,0.00000018,0.00000000001325205,7619068,2019-05-12 08:43:36,BTC,21.00846647,0.0,0.00000018,"BTC,XMR",24148.96059725142,0.0,0.00158221,2
1,[],5,[],2019-05-12 08:43:38,0.0,0,0,7619069,2019-05-12 08:43:38,btc,0.0,0.11296961,0,btc,0.0,0.0,0.0,3
1,[],12,[],2019-05-12 08:43:39,3154480.35754,0.000000139,0.000000000010233527499999999,7619070,2019-05-12 08:43:39,btc,2237597.360947955,0.0,0.000000139,btc,3457268.29818154,0.10750674395947275,0.33678425767606,3
0,[],28,[],2019-05-12 08:43:40,0.0,0,0,7619071,2019-05-12 08:43:40,,0.0,0.0,0,,0.0,0.0,0.0,3
0,[],2,[],2019-01-20 23:31:32,0.0,0,0,6477077,2019-01-20 23:31:32,,0.0,0.0,0,,0.0,0.0,0.0,4
1,[],4,[],2019-04-26 19:14:12,610911.70993152,0.00000026,0.000000000013566046,7471614,2019-04-26 19:14:12,btc,31.457742656463164,0.0,0.00000026,btc,718733.71307795,0.00142695,0.0638464483338706,4
0,[],12,[],2019-04-25 23:08:22,0.0,0,0,7459310,2019-04-25 23:08:22,btc,1111851.94727753,0.0,0,btc,953412.0,0.0,0.0,5
0,[],2,[],2019-01-20 23:31:51,0.0,0,0,6477087,2019-01-20 23:31:51,,0.0,0.0,0,,0.0,0.0,0.0,6
1,[],11,[],2019-05-12 00:02:31,5042415.307535999,0.00000001,0.00000000000072476,7617400,2019-05-12 00:02:31,btc,9576.518911699495,10000.0,0.00000001,btc,47478529.75253575,0.0,0.05042415307536,6
1,[],3,[],2019-05-12 08:43:41,11173.47561676774,0.0001397600000000000035858815916611774810007773339748382568359375,0.0000000102894806,7619072,2019-05-12 08:43:41,btc,14.361211568066604,72.2557011207,0.0001397600000000000035858815916611774810007773339748382568359375,btc,346.225549964109,0.0,0.039096605165865925,7
1,[],4,[],2019-05-12 08:43:42,56146.87318695,0.00012659,0.000000009319872275,7619073,2019-05-12 08:43:42,btc,8.033347298217679,0.0,0.00012659,btc,36644.11260391,3.84989055,3.698787157300375,7
1,[],5,[],2019-05-12 08:43:44,0.0,0,0,7619074,2019-05-12 08:43:44,btc,0.0,0.63378407,0,btc,0.0,0.0,0.0,7
1,[],20,[],2019-04-07 22:06:50,3201475.0482,0.000000001,0.000000000000051590000000000004,7213932,2019-04-07 22:06:50,btc,30.8005781811902,0.0,0.000000001,btc,23077405.3926,0.0,0.0032014750482,8
1,[],4,[],2019-05-12 08:43:46,23851516.08104853,0.00000059,0.000000000043437275,7619075,2019-05-12 08:43:46,btc,4.284743353274147,0.0,0.00000059,btc,3298105.04928238,1.31425286,0.9514647918196643,9
1,[],28,[],2019-05-12 08:43:49,18055.0,0.00000021,0.000000000015460725,7619076,2019-05-12 08:43:49,btc,2708.775233808764,3677698.0,0.00000021,btc,25766.3492,0.0,0.00186155,9
0,[],2,[],2019-01-20 23:22:42,0.0,0,0,6476876,2019-01-20 23:22:42,,0.0,0.0,0,,0.0,0.0,0.0,9
0,[],23,[],2019-01-20 23:22:48,0.0,0,0,6476878,2019-01-20 23:22:48,,0.0,0.0,0,,0.0,0.0,0.0,9
1,[],1,[],2019-02-17 23:31:42,1822507.21,0.00000181000000000000003456111265232042484285557293333113193511962890625,0.000000000066086901,6701244,2019-02-17 23:31:42,btc,3.6990969245,17153386.5,0.00000181000000000000003456111265232042484285557293333113193511962890625,btc,1997391.71,31.11772986,3.2610482446,9
1,[],4,[],2019-02-17 11:22:43,4341674.27126056,0.00000002,0.0000000000007272960000000001,6696112,2019-02-17 11:22:43,btc,0.1997230937751353,0.0,0.00000002,btc,4109766.79808031,0.00215132,0.0479381022052112,10
1,[],4,[],2019-05-12 08:43:51,9675874.3811236,0.00000077,0.000000000056689325,7619077,2019-05-12 08:43:51,btc,5.910705327833433,0.0,0.00000077,btc,4353159.18090185,1.01136299,3.984326844609693,12
1,[],5,[],2019-05-12 08:43:52,0.0,0,0,7619078,2019-05-12 08:43:52,btc,0.0,0.04800722,0,btc,0.0,0.0,0.0,12
0.0,[],25,[],2019-05-12 08:43:54,0.0,0,0,7619079,2019-05-12 08:43:54,,0.0,0.0,0.0,btc,0.0,0.0,0.0,12
0,[],2,[],2019-01-20 23:23:08,0.0,0,0,6476890,2019-01-20 23:23:08,,0.0,0.0,0,,0.0,0.0,0.0,12
1,[],4,[],2019-05-12 08:43:55,32165369.95974305,0.00000590,0.00000000043437275,7619080,2019-05-12 08:43:55,btc,2.665200292864344,0.0,0.00000590,btc,320944.23352997,0.86518107,0.9598307674545653,13
1,[],21,[],2019-05-12 08:44:00,2814447.8531250698,0.000005969999999999999592203373672,0.000000000439526325,7619081,2019-05-12 08:44:00,btc,3.3543470477033965,1313249.82548365,0.0000059699999999999995922033736717171592545128078199923038482666015625,btc,498969.63888147,8.0115622,14.463364696453699,13
1,[],10,[],2019-05-12 08:03:05,691949.08909385,0.00000581,0.00000000043469664700000004,7618928,2019-05-12 08:03:05,btc,666793.645784264,27159.5526192,0.00000581,btc,738200.14850565,0.0,0.4431470916081163,13
1,[],4,[],2019-05-12 08:44:01,1011132.5043382,0.00000087,0.000000000064051575,7619082,2019-05-12 08:44:01,btc,8.149370468298677,0.0,0.00000087,btc,1245680.53136923,0.01015076,0.1692812254720198,14
1,[],12,[],2019-05-12 08:44:01,246146.82836492,0.00000085,0.000000000062579125,7619083,2019-05-12 08:44:01,btc,0.1187481700632496,0.0,0.00000085,btc,14931.03903504,0.0,0.024263009999975202,14
1,[],26,[],2019-05-12 08:46:02,0.0,0.00000050,0.00000000003681125,7619084,2019-05-12 08:46:02,btc,0.0,0.0,0.00000050,btc,0.0,0.0,0.0,14
0,[],17,[],2019-05-03 00:53:32,0.0,0,0,7558876,2019-05-03 00:53:32,btc,0.0,0.0,0,btc,0.0,0.0,0.0,14
0,[],4,[],2019-05-12 08:46:03,0.0,0,0,7619085,2019-05-12 08:46:03,,0.0,0.0,0,,0.0,0.0,0.0,15
,[],12,[],2018-12-01 15:15:48,204241.84496,0.00000489,0.000000000202473384,5260204,2018-12-01 15:15:48,btc,49.5475654835,0.0,,btc,35763.2193806,0.0163153972027625,0.0203389899998,15
1,[],4,[],2019-05-12 08:46:04,31940.93663622,0.00001235,0.000000000909237875,7619086,2019-05-12 08:46:04,btc,1.092803193299569,0.0,0.00001235,btc,13054.27354916,0.09280823,0.0578500921157954,18
1,[],10,[],2019-05-12 08:46:07,334110.04538561,0.00001498,0.00000000110286505,7619087,2019-05-12 08:46:07,btc,15.409051604542404,2024.44315384,0.00001498,btc,9963.70135075,0.0,0.5008976251750122,18
1,[],12,[],2019-05-12 08:46:07,221430.04283754,0.000012049999999999999825291661925685815504039055667817592620849609375,0.000000000887151125,7619088,2019-05-12 08:46:07,btc,33215.327314064445,0.0,0.000012049999999999999825291661925685815504039055667817592620849609375,btc,1734.8058711400001,0.0044912128225091,0.0160857226564467,18
0,[],2,[],2019-01-20 23:23:38,0.0,0,0,6476906,2019-01-20 23:23:38,,0.0,0.0,0,,0.0,0.0,0.0,18
0,[],17,[],2019-05-03 00:53:39,0.0,0,0,7558882,2019-05-03 00:53:39,btc,0.0,0.0,0,btc,0.0,0.0,0.0,18
1,[],3,[],2019-05-12 08:48:08,163725.70907562078,0.0000128900000000000002531481968492954592875321395695209503173828125,0.000000000948994025,7619089,2019-05-12 08:48:08,btc,0.2563246847362947,877.526669329,0.0000128900000000000002531481968492954592875321395695209503173828125,btc,7252.566877867577,0.0,0.1016418488145931,19
1,[],4,[],2019-05-12 08:48:08,448655.38332726,0.00001221,0.000000000898930725,7619090,2019-05-12 08:48:08,btc,3.4912796769449956,0.0,0.00001221,btc,117316.51889373,0.32606717,0.8138436929726287,19
1,[],5,[],2019-05-12 08:48:10,0.0,0,0,7619091,2019-05-12 08:48:10,btc,0.0,0.00540182,0,btc,0.0,0.0,0.0,19
1,[],12,[],2019-05-12 08:48:11,205685.13496596,0.000011080000000000000642103557824125203978837816976010799407958984375,0.0000000008157373000000001,7619092,2019-05-12 08:48:11,btc,0.3007754884888824,0.0,0.000011080000000000000642103557824125203978837816976010799407958984375,btc,3064.34453584,0.0007320056451908,0.08347259999953151,19
1,[],27,[],2019-05-12 08:48:21,100.0,0.0000001,0.000000000007362250000000001,7619093,2019-05-12 08:48:21,btc,0.0,0.0,0.0000001,btc,0.0,0.0,1e-05,19
0,[],2,[],2019-01-20 23:24:19,0.0,0,0,6476924,2019-01-20 23:24:19,,0.0,0.0,0,,0.0,0.0,0.0,19
1,[],4,[],2019-05-12 08:48:22,1835078.57391266,0.00000009,0.000000000006626025,7619094,2019-05-12 08:48:22,btc,5.279309685630553,0.0,0.00000009,btc,2279170.28595418,0.0,0.0608465352282092,20
1,[],4,[],2019-05-12 08:48:23,73278153.00551692,0.00000001,0.000000000000736225,7619095,2019-05-12 08:48:23,btc,1779.0893766580075,0.0,0.00000001,btc,56052388.84778949,0.00040999,0.7327815300551692,21
1,[],12,[],2019-05-12 08:48:24,5195602.0,0.00000001,0.000000000000736225,7619096,2019-05-12 08:48:24,btc,2895.661719010819,0.0,0.00000001,btc,7235925.79820176,0.00014799,0.05195602,21
0,[],17,[],2019-05-03 00:53:51,0.0,0,0,7558891,2019-05-03 00:53:51,btc,0.0,0.0,0,btc,0.0,0.0,0.0,21
1,[],12,[],2019-05-12 08:50:25,7567400103.296512,0.0000000005,0.000000000000036811250000000005,7619097,2019-05-12 08:50:25,btc,311118500157.6518,0.0,0.0000000005,btc,2682291400.2771277,0.10991250670779223,1.7499127332482558,23
0.0000000002657244,[],27,[],2019-05-12 08:50:34,40411772.0,5.314488e-18,3.9126589278e-22,7619098,2019-05-12 08:50:34,eth,183.894331927312,543338157.6400001,0.00000002,eth,4892661.9664,7.218910296268272e-09,1.83320329962624e-10,23
0,[],4,[],2019-05-12 08:52:35,0.0,0,0,7619099,2019-05-12 08:52:35,,0.0,0.0,0,,0.0,0.02459298,0.0,24
1,[],22,[],2019-05-12 08:52:39,21.76,0.00000100,0.0000000000736225,7619100,2019-05-12 08:52:39,BTC,7.415e-05,0.0,0.00000100,BTC,23.919354838709676,0.0,1.186e-05,24
0.0,[],25,[],2019-05-12 08:52:40,0.0,0,0,7619101,2019-05-12 08:52:40,,0.0,0.0,0.0,btc,0.0,0.0,0.0,24
1,[],4,[],2019-05-12 08:52:41,26987985.4800701,0.00000411,0.000000000302588475,7619102,2019-05-12 08:52:41,btc,11.25474412288238,0.0,0.00000411,btc,340617.54962264,0.11083419,0.4810831614783386,26
1,[],10,[],2019-05-12 08:52:44,158403.01675213,0.00000802,0.00000000059045245,7619103,2019-05-12 08:52:44,btc,25.846093534609825,3480.88943769,0.00000802,btc,19849.69690304,0.0,0.0644974652522065,26
0,[],2,[],2019-01-20 23:25:56,0.0,0,0,6476976,2019-01-20 23:25:56,,0.0,0.0,0,,0.0,0.0,0.0,26
1,[],11,[],2019-04-30 04:16:17,7094566.83690364,0.00000006,0.000000000003115554,7518027,2019-04-30 04:16:17,btc,67504.138725751,6116.07566417,0.00000006,btc,6591680.7351637,0.0,0.38529422037817224,27
1,[],5,[],2019-04-26 09:47:06,0.0,0,0,7465326,2019-04-26 09:47:06,btc,0.0,0.0,0,btc,0.0,0.0,0.0,27
1,[],3,[],2019-04-28 02:38:55,141621.60361514,0.00000001,0.0000000000005253330000000001,7491060,2019-04-28 02:38:55,btc,2.501704004580372,921815.184511,0.00000001,btc,21091882.2176418,0.0,0.0014162160361513999,27
1,[],4,[],2019-05-12 08:52:45,1479097854.5491567,0.00000001,0.000000000000736225,7619104,2019-05-12 08:52:45,btc,5.237184645543475,0.0,0.00000001,"btc,ltc",313193379.9548637,0.16934089,9.541932780388757,29
1,[],7,[],2019-05-12 08:52:47,113385941.7229273,0.00000001,0.000000000000736225,7619105,2019-05-12 08:52:47,btc,46550610.59710795,0.0,0.00000001,btc,43191601.94843787,0.0,1.133859417229273,29
1,[],4,[],2019-05-12 08:52:48,1641646.21107525,0.00000011,0.000000000008098475,7619106,2019-05-12 08:52:48,btc,2.6021586831123864,0.0,0.00000011,btc,2065074.61180797,0.0001954,0.0387042324122797,30
0,[],17,[],2019-05-03 01:11:25,0.0,0,0,7559066,2019-05-03 01:11:25,btc,0.0,0.0,0,btc,0.0,0.0,0.0,30
1,[],4,[],2019-05-12 08:54:48,203320.87717411,0.00004600,0.0000000033866350000000003,7619107,2019-05-12 08:54:48,btc,6.939303387032944,0.0,0.00004600,btc,68342.61507245,1.96791853,0.4629441056557011,31
1,[],21,[],2019-05-12 08:54:49,103352.837954,0.00004521999999999999733961073001,0.0000000033292094499999997,7619108,2019-05-12 08:54:49,btc,3.6151523068288927,307960.46307414,0.0000452199999999999973396107300072088719389284960925579071044921875,btc,68117.95778169,15.517333,2.970319713408895,31
0,[],2,[],2019-01-20 23:28:43,0.0,0,0,6477009,2019-01-20 23:28:43,,0.0,0.0,0,,0.0,0.0,0.0,32
0,[],4,[],2019-05-12 08:54:51,0.0,0,0,7619109,2019-05-12 08:54:51,,0.0,0.0,0,,0.0,0.0,0.0,33
1,[],12,[],2019-03-30 07:55:10,40641173.964,0.00000003,0.000000000001228359,7108785,2019-03-30 07:55:10,btc,4233210.82356125,0.0,0.00000003,btc,28378394.68333462,0.0126927883965248,0.90752895892,33
0,[],4,[],2019-05-12 08:54:53,0.0,0,0,7619110,2019-05-12 08:54:53,,3.1319064384283384,0.0,0,,138651084.68517295,0.01443096,0.0,34
1,[],5,[],2019-05-12 08:54:54,0.0,0,0,7619111,2019-05-12 08:54:54,btc,0.0,0.0017958,0,btc,0.0,0.0,0.0,34
0.000000000133684,[],4,[],2019-05-02 18:17:45,3384239970.6360936,1.3368400000000002e-18,7.293946092400001e-23,7556428,2019-05-02 18:17:45,ltc,5.381102735485169e-08,0.0,0.00000001,ltc,6862894551.7408495,0.0,4.524187362345155e-09,36
1,[],5,[],2019-05-02 18:17:46,0.0,0,0,7556429,2019-05-02 18:17:46,btc,0.0,0.0,0,btc,0.0,0.0,0.0,36
0.0000000002926451,[],17,[],2019-05-02 18:17:47,200000.0,2.9264510000000002e-18,1.596703856561e-22,7556430,2019-05-02 18:17:47,eth,0.20942468735267253,0.0,0.00000001,"btc,eth",1018272.20243647,0.0,5.852902e-13,36
0.000000000133684,[],27,[],2019-05-02 18:17:55,7883196.008,1.3368400000000002e-18,7.293946092400001e-23,7556431,2019-05-02 18:17:55,ltc,25567.4086131264,0.0,0.00000001,"ltc,eth",21753551.64,0.0,1.0538571751334722e-11,36
1,[],4,[],2019-05-12 08:54:55,256147.07893174,0.00000021,0.000000000015460725,7619112,2019-05-12 08:54:55,btc,19772.871286771497,0.0,0.00000021,btc,952051.77150569,0.00591974,0.0179824886774792,37
1,[],12,[],2019-05-12 08:54:57,2069988.7142856999,0.00000021,0.000000000015460725,7619113,2019-05-12 08:54:57,btc,19604.336611079016,0.0,0.00000021,btc,404502.89143952,0.0178678908089721,0.23800865999999699,37
1,[],27,[],2019-05-12 08:57:07,1600.0,0.00000015,0.000000000011043375,7619114,2019-05-12 08:57:07,btc,24.12824334291843,0.0,0.00000015,btc,5839.49448498,0.0,3e-05,37
1,[],17,[],2019-05-03 01:11:36,211752.74075282,0.00000025,0.000000000013700074999999998,7559074,2019-05-03 01:11:36,btc,0.055484923955058496,0.0,0.00000025,"btc,eth",1387.19918473,0.0,0.0005381851887916605,37
1,[],5,[],2019-05-12 08:57:08,0.0,0,0,7619115,2019-05-12 08:57:08,btc,0.0,0.04421527,0,btc,0.0,0.0,0.0,42
1,[],12,[],2019-05-12 08:57:10,356472.19208139,0.00000243000000000000002768076566572741370464427745901048183441162109375,0.000000000178902675,7619116,2019-05-12 08:57:10,btc,2227607.6841616086,0.0,0.00000243000000000000002768076566572741370464427745901048183441162109375,btc,89390.38206071,0.3387642000481419,0.0771276998027374,42
1,[],27,[],2019-05-12 08:57:19,506.0,0.00000002,0.00000000000147245,7619117,2019-05-12 08:57:19,btc,1.22636089793465,0.0,0.00000002,"btc,eth",1336.4475157,0.0,3.0000004133608765e-06,42
1,[],12,[],2019-03-13 09:13:29,1112112.0,0.00000001,0.000000000000386531,6919902,2019-03-13 09:13:29,btc,29058.00478931866,0.0,0.00000001,btc,5967681.93306694,9.99000999e-07,0.01112112,43
1,[],5,[],2019-04-26 22:38:52,0.0,0,0,7474154,2019-04-26 22:38:52,btc,0.0,0.02638891,0,btc,0.0,0.0,0.0,43
0,[],17,[],2019-04-26 22:38:53,0.0,0,0,7474155,2019-04-26 22:38:53,btc,0.0,0.0,0,btc,0.0,0.0,0.0,43
1,[],12,[],2019-03-05 01:54:08,639326.02,0.00000004,0.000000000001486676,6845775,2019-03-05 01:54:08,btc,11116042.728239931,0.0,0.00000004,btc,1103841.4595604,0.0003330765234764,0.014975410599999999,44
1,[],4,[],2019-05-12 08:57:20,123983645.21093708,0.00000001,0.000000000000736225,7619118,2019-05-12 08:57:20,btc,436.84191123907675,0.0,0.00000001,"btc,ltc",23807222.99342435,0.00016625,0.22250205674101414,49
1,[],4,[],2019-05-12 08:57:21,80419545.5769547,0.00000001,0.000000000000736225,7619119,2019-05-12 08:57:21,btc,21662.672422669653,0.0,0.00000001,"btc,ltc",119728606.69731528,0.02588378,0.013190097155433981,52
0,[],22,[],2019-05-12 08:57:24,0.0,0,0,7619120,2019-05-12 08:57:24,,10289.64343849,0.0,0,,311140042.4566013,0.0,0.0,57
0,[],27,[],2019-05-12 08:57:30,0.0,0,0,7619121,2019-05-12 08:57:30,,0.0,0.0,0,"btc,eth",0.0,0.0,0.0,57
0.0000000001222229,[],4,[],2019-05-12 08:57:31,813466899.2421304,1.222229e-18,8.99835545525e-23,7619122,2019-05-12 08:57:31,ltc,19.110262053050583,0.0,0.00000001,ltc,6161638755.671694,0.0,9.9424283479381e-10,58
1,[],12,[],2019-05-12 08:57:31,1485403909.0,0.0000000001,0.00000000000000736225,7619123,2019-05-12 08:57:31,btc,118395120.69499725,0.0,0.0000000001,btc,4579125384.95905,0.009519878989310688,0.1485403909,58
0.00000000010787790000000001,[],22,[],2019-05-12 08:59:35,137323.0,1.078779e-18,7.94224069275e-23,7619124,2019-05-12 08:59:35,XMR,69.17947824,0.0,0.00000001,XMR,9887848.044444444,0.0,0.00137323,58
1,[],17,[],2019-05-03 01:12:09,1200000.0,0.0000000001,0.00000000000000548003,7559085,2019-05-03 01:12:09,btc,1e+24,0.0,0.0000000001,"btc,eth",39516342.31952568,0.0,0.00010000000058666061,58
1,[],5,[],2019-05-12 08:59:36,0.0,0,0,7619125,2019-05-12 08:59:36,btc,0.0,0.04438298,0,btc,0.0,0.0,0.0,61
1,[],22,[],2019-05-12 08:59:40,13613.833333333334,0.00000012,0.0000000000088347,7619126,2019-05-12 08:59:40,BTC,1002.29626883,0.0,0.00000012,BTC,15392.180177125656,0.0,0.00153269,61
1,[],26,[],2019-05-12 08:59:40,0.0,0.00000050,0.00000000003681125,7619127,2019-05-12 08:59:40,btc,0.0,0.0,0.00000050,btc,0.0,0.0,0.0,61
1,[],27,[],2019-05-12 08:59:47,101000.0,0.00000001,0.000000000000736225,7619128,2019-05-12 08:59:47,btc,1.9482732497246655,0.0,0.00000001,"btc,eth",13266.51663696,0.0,1.00000002657244e-05,61
1,[],28,[],2019-05-12 08:59:49,1039.304,0.00000008,0.0000000000058898,7619129,2019-05-12 08:59:49,btc,2.056501795415105,743.0,0.00000008,btc,10022.46650005,0.0,2.439304e-05,61
1,[],4,[],2019-05-12 08:59:50,1200722.19607658,0.00000099,0.00000000007288627500000001,7619130,2019-05-12 08:59:50,btc,2.176803701752656,0.0,0.00000099,btc,719148.91047658,0.08206276,0.7812231956654456,67
0.0,[],25,[],2019-05-12 08:59:52,0.0,0,0,7619131,2019-05-12 08:59:52,,0.0,0.0,0.0,btc,0.0,0.0,0.0,67
1,[],12,[],2019-05-12 08:59:54,1442889.0,0.00000009,0.000000000006626025,7619132,2019-05-12 08:59:54,btc,55556353.350497745,0.0,0.00000009,btc,1479350.7532711,0.0025229953546457,0.02184871,71
,[],5,[],2018-11-20 23:02:39,1.5e-07,0.00000005,0.000000000002128045,4862160,2018-11-20 23:02:39,btc,2.84511358,0.0,,btc,0.00036572,0.0,0.07381892,74
1,[],5,[],2019-05-12 08:59:55,0.0,0,0,7619133,2019-05-12 08:59:55,btc,0.0,0.00968631,0,btc,0.0,0.0,0.0,75
0,[],4,[],2019-05-12 08:59:56,0.0,0,0,7619134,2019-05-12 08:59:56,,133647.3445887475,0.0,0,,34200062.02546142,0.00116741,0.0,81
0,[],20,[],2019-01-25 09:30:31,0.0,0,0,6495923,2019-01-25 09:30:31,btc,0.0,0.0,0,btc,0.0,0.0,0.0,81
1,[],4,[],2019-05-12 08:59:59,25718.98471867,0.00006817,0.000000005018845825,7619135,2019-05-12 08:59:59,btc,18.44260485931184,0.0,0.00006817,btc,23918.30238824,1.07377703,0.1850400007541365,82
1,[],21,[],2019-05-12 09:00:00,250001.64654146,0.00006551000000000000128130145383,0.000000004823009975,7619136,2019-05-12 09:00:00,btc,3.5972280557700818,21219.52088084,0.000065510000000000001281301453825989256074535660445690155029296875,btc,48011.30616943,1.38155717,1.4906242918223243,82
0,[],17,[],2019-03-25 22:42:34,0.0,0,0,7038780,2019-03-25 22:42:34,btc,0.0445064681804024,0.0,0,btc,995513.18476001,0.0,0.0,84
0.00000000013644,[],4,[],2019-05-01 19:17:39,299701867.376,1.3644e-18,7.259508504e-23,7542161,2019-05-01 19:17:39,ltc,1.6769037726995486,0.0,0.00000001,ltc,427823536.87452894,0.00010978,4.089132278478144e-10,85
,[],22,[],2018-11-20 23:09:34,3408.1,0.0000001,0.0000000000041895,4862324,2018-11-20 23:09:34,BTC,0.04624735,0.0,,BTC,4990.0,0.0,0.00033081,86
1,[],22,[],2019-05-12 09:00:06,85999.0,0.00000001,0.000000000000736225,7619137,2019-05-12 09:00:06,BTC,3.66445213,0.0,0.00000001,BTC,336978.29736842104,4e-05,0.00085999,87
0,[],27,[],2019-05-12 09:00:19,0.0,0,0,7619138,2019-05-12 09:00:19,,4.960708560736,10674.0,0,btc,10217.62841,0.00010674,0.0,87
,[],2,[],2018-11-20 23:10:47,0.0,0,0,4862359,2018-11-20 23:10:47,,0.0,0.0,,,0.0,0.0,0.0,88
1,[],11,[],2019-05-12 09:00:21,76605.20100525,0.00013622999999999998825550573400278153712861239910125732421875,0.000000010029593175,7619139,2019-05-12 09:00:21,btc,176.8940452138928,1391.800142,0.00013622999999999998825550573400278153712861239910125732421875,btc,191676.33527634,0.0,4.259629676972039,89
0,[],2,[],2019-01-20 23:31:45,0.0,0,0,6477083,2019-01-20 23:31:45,,0.0,0.0,0,,0.0,0.0,0.0,91
1,[],12,[],2019-05-12 09:00:22,456415.2620728,0.00000027,0.000000000019878075,7619140,2019-05-12 09:00:22,btc,89.85119619393964,0.0,0.00000027,btc,177228.7674415,0.0134176750399168,0.0413756243722612,91
1,[],22,[],2019-05-12 09:02:26,76014.0,0.0000008,0.00000000005889800000000001,7619141,2019-05-12 09:02:26,BTC,0.1,0.0,0.0000008,"BTC,LTC",1.0,0.0,0.0017135,91
0,[],17,[],2019-05-03 01:12:26,0.0,0,0,7559096,2019-05-03 01:12:26,btc,0.0,0.0,0,btc,0.0,0.0,0.0,91
1,[],22,[],2019-04-09 20:17:52,374949.73333333334,0.00000015,0.000000000007771935,7235704,2019-04-09 20:17:52,BTC,6.87372503,0.0,0.00000015,"BTC,LTC",159980.01196797504,1.1e-05,0.80510266,95
0.0000000001222229,[],4,[],2019-05-12 09:02:28,547797088.4564878,7.333374e-17,5.39901327315e-21,7619142,2019-05-12 09:02:28,ltc,11.305483743504846,0.0,0.0000006,ltc,136986709.9794925,0.0,1.3454270260399344e-09,96
0,[],12,[],2019-05-12 09:02:29,0.0,0,0,7619143,2019-05-12 09:02:29,btc,25054.270821736474,0.0,0,btc,7546879.46658341,2.3576423576e-06,0.0,96
0,[],17,[],2019-05-03 01:12:32,0.0,0,0,7559100,2019-05-03 01:12:32,btc,0.0,0.0,0,btc,0.0,0.0,0.0,96
1,[],4,[],2019-04-14 03:32:46,1039404.33283278,0.00000038,0.000000000019245518,7293458,2019-04-14 03:32:46,btc,4.170086055365747,0.0,0.00000038,btc,3097704.34561074,0.06260606,0.1859928211030784,99
1,[],4,[],2019-05-12 09:04:30,382770.41472524,0.00003449,0.000000002539240025,7619144,2019-05-12 09:04:30,btc,6.950380276281837,0.0,0.00003449,btc,119012.29320026,0.50241253,0.4777245837389874,100
0,[],2,[],2019-01-20 23:23:55,0.0,0,0,6476914,2019-01-20 23:23:55,,0.0,0.0,0,,0.0,0.0,0.0,100
1,[],22,[],2019-05-12 09:04:34,130000.0,0.00000001,0.000000000000736225,7619145,2019-05-12 09:04:34,BTC,24.83526409,0.0,0.00000001,BTC,11187.719,0.0,0.0013,101
1,[],4,[],2019-05-12 09:04:35,601506.63897684,0.00000550,0.00000000040492375,7619146,2019-05-12 09:04:35,btc,255.10013938037875,0.0,0.00000550,btc,381680.82251977,1.79608381,0.7286619951353752,103
1,[],12,[],2019-05-12 09:04:38,101706138.76392001,0.000000005,0.0000000000003681125,7619147,2019-05-12 09:04:38,btc,468525272.75971115,0.0,0.000000005,btc,110659298.54471982,0.05168978666250803,0.24735995896776006,105
0,[],27,[],2019-05-12 09:04:48,0.0,0,0,7619148,2019-05-12 09:04:48,,0.0584885651331397,0.0,0,btc,600596.63747933,0.0,0.0,105
1,[],22,[],2019-04-21 00:17:26,21333.0,0.00000001,0.000000000000532493,7385819,2019-04-21 00:17:26,BTC,51.38182867,0.0,0.00000001,BTC,470435.0,0.0,0.00021333,107
1,[],26,[],2019-04-21 00:17:26,0.0,0.00000000,0,7385820,2019-04-21 00:17:26,btc,0.0,0.0,0.00000000,btc,0.0,0.0,0.0,107
1,[],5,[],2019-05-12 09:04:49,0.0,0,0,7619149,2019-05-12 09:04:49,btc,0.0,0.0,0,btc,0.0,0.0,0.0,112
1,[],22,[],2019-05-12 09:04:52,79003.0,0.00000001,0.000000000000736225,7619150,2019-05-12 09:04:52,BTC,2.78774668,0.0,0.00000001,BTC,1151913.0833333333,0.00229029,0.00079003,112
1,[],27,[],2019-05-12 09:05:05,1.0,0.00000001,0.000000000000736225,7619151,2019-05-12 09:05:05,btc,1.25032588,0.0,0.00000001,"btc,eth",1819.0,0.0,1e-08,112
1,[],4,[],2019-05-12 09:05:06,358833.14507311,0.00000153,0.00000000011264242500000001,7619152,2019-05-12 09:05:06,btc,4.836497057887273,0.0,0.00000153,btc,522656.55224264,0.01334717,0.197637335803453,113
1,[],5,[],2019-05-12 09:05:08,0.0,0,0,7619153,2019-05-12 09:05:08,btc,0.0,1.77e-06,0,btc,0.0,0.0,0.0,113
1,[],17,[],2019-04-26 02:17:47,162738.278,0.00000004,0.0000000000021069000000000002,7461287,2019-04-26 02:17:47,btc,1.3331140273775473,0.0,0.00000004,btc,51796.221,0.0,0.00230953112,116
0,[],27,[],2019-04-26 02:19:51,0.0,0,0,7461288,2019-04-26 02:19:51,,0.0,0.0,0,,0.0,0.0,0.0,116
1,[],4,[],2019-05-07 20:09:28,131822.85721655,0.00001022,0.00000000060230548,7572994,2019-05-07 20:09:28,btc,132.18460413545117,0.0,0.00001022,btc,268070.13193351,0.06918336,1.0489745103085106,120
1,[],7,[],2019-05-07 20:09:30,9501.79941055,0.000011699999999999999788190263583231853772304020822048187255859375,0.0000000006895277999999999,7572995,2019-05-07 20:09:30,btc,231185.88817567716,62.23644451,0.000011699999999999999788190263583231853772304020822048187255859375,btc,4076.97424313,0.00072692,0.018013380795019,120
1,[],20,[],2019-04-07 18:42:29,1914137.0852,0.000000035,0.0000000000017871910000000002,7211992,2019-04-07 18:42:29,btc,32.2497668025648,25528.85,0.000000035,btc,1001975.4986,0.00089350975,0.0152723574729,125
1,[],22,[],2019-05-12 09:05:13,10000.0,0.00000001,0.000000000000736225,7619154,2019-05-12 09:05:13,BTC,0.032061,0.0,0.00000001,BTC,299316.7611111111,0.0,0.0001,126
1,[],4,[],2019-05-12 09:05:14,1854922.32077811,0.00000637,0.000000000468975325,7619155,2019-05-12 09:05:14,btc,3.3376588361945414,0.0,0.00000637,btc,169021.13700306,0.06805253,0.3237210181957422,131
0,[],2,[],2019-01-20 23:25:46,0.0,0,0,6476969,2019-01-20 23:25:46,,0.0,0.0,0,,0.0,0.0,0.0,131
1,[],17,[],2019-05-03 01:13:10,10000.0,0.00000001,0.000000000000548003,7559115,2019-05-03 01:13:10,btc,0.0953976503951408,0.0,0.00000001,btc,5037.62507334,0.0,0.0001,131
1,[],4,[],2019-05-12 08:28:54,4713.51909573,0.00010321,0.000000007722038027000001,7619004,2019-05-12 08:28:54,btc,6.011839234540249,0.0,0.00010321,btc,195.61424306,0.0,0.0074317379534427,135
1,[],3,[],2019-05-12 08:28:54,30005.0,0.00000001,0.0000000000007481870000000001,7619005,2019-05-12 08:28:54,btc,0.2039354059486088,749616.391393,0.00000001,btc,1718704.31412391,0.0,0.00030005,136
1,[],4,[],2019-05-12 09:07:17,2398402.81188144,0.00000186,0.00000000013693785,7619158,2019-05-12 09:07:17,btc,318.4373899506677,0.0,0.00000186,btc,516189.17234979,0.07340689,0.5883492032251327,137
1,[],12,[],2019-05-12 08:28:56,324745.82417549,0.00000199999999999999990949622365177251737122787744738161563873291015625,0.00000000014963739999999999,7619007,2019-05-12 08:28:56,btc,48531.23116106996,0.0,0.00000199999999999999990949622365177251737122787744738161563873291015625,btc,39593.6066523,0.0019155431245104,0.0244727857271304,137
1,[],4,[],2019-05-12 09:07:20,56121.88065867,0.00002958,0.00000000217775355,7619160,2019-05-12 09:07:20,btc,5.188188982119742,0.0,0.00002958,btc,72556.52712438,0.3279055,0.2225509900972933,142
1,[],5,[],2019-05-12 09:07:21,0.0,0,0,7619161,2019-05-12 09:07:21,btc,0.0,0.03759621,0,btc,0.0,0.0,0.0,142
1,[],20,[],2019-05-12 08:31:00,162675.5021,0.00002857,0.000000002137570259,7619010,2019-05-12 08:31:00,btc,1.7319027373447,324.8647,0.00002857,btc,8790.6601,0.010558257533,0.04653115748,142
1,[],22,[],2019-05-12 08:31:04,1370.0,0.00000200,0.0000000001496374,7619011,2019-05-12 08:31:04,BTC,3.2756588,0.0,0.00000200,BTC,1135.5948275773155,0.0,0.0003632,142
0.0,[],25,[],2019-05-12 08:31:05,0.0,0,0,7619012,2019-05-12 08:31:05,,0.0,0.0,0.0,btc,0.0,0.0,0.0,142
1,[],28,[],2019-05-12 08:31:41,79102.0,0.00003311,0.000000002477247157,7619013,2019-05-12 08:31:41,btc,0.0555251924,233684.6893,0.00003311,btc,438.37303,0.0,0.07347342,142
1,[],17,[],2019-05-03 01:13:16,32967.38636364,0.00000088,0.000000000048224264,7559122,2019-05-03 01:13:16,btc,20.06976206696776,0.0,0.00000088,btc,2746.079105,0.0,0.0105613000000032,142
0,[],22,[],2019-05-12 08:31:43,0.0,0,0,7619014,2019-05-12 08:31:43,,64.16505383,0.0,0,,688775795.8,0.0,0.0,143
0,[],22,[],2019-02-25 15:42:22,0.0,0,0,6783783,2019-02-25 15:42:22,,4.2131946,0.0,0,,2322156.0,0.0,0.0,146
,[],22,[],2018-11-20 23:01:11,0.0,0,0,4862114,2018-11-20 23:01:11,,2.56807021,0.0,,,61828.4988236,0.0,0.0,147
1,[],12,[],2019-04-21 06:38:04,193091.5971266,0.00000071,0.000000000037635183,7388679,2019-04-21 06:38:04,btc,2.301232411611175,0.0,0.00000071,btc,9957.48302385,0.00023528,0.0313308199999888,148
1,[],4,[],2019-03-19 21:31:25,255810.0415942,0.00000029,0.000000000011615747,6982695,2019-03-19 21:31:25,btc,218.94922712414143,0.0,0.00000029,btc,793529.37642722,0.00117,0.0608347789473395,152
0,[],22,[],2019-03-19 21:31:27,0.0,0,0,6982696,2019-03-19 21:31:27,,0.0,0.0,0,,0.0,0.0,0.0,152
1,[],5,[],2019-04-26 09:36:59,0.0,0,0,7465040,2019-04-26 09:36:59,btc,0.0,0.0,0,btc,0.0,0.0,0.0,153
,[],16,[],2019-01-11 15:38:59,0.0,0,0,6366141,2019-01-11 15:38:59,btc,0.0,0.0,,btc,0.0,0.0,0.0,155
0,[],22,[],2019-05-11 16:24:45,0.0,0,0,7616280,2019-05-11 16:24:45,,6.80191271,0.0,0,,4673448.342592592,0.0,0.0,156
0,[],23,[],2019-01-20 23:24:29,0.0,0,0,6476932,2019-01-20 23:24:29,,0.0,0.0,0,,0.0,0.0,0.0,156
1,[],22,[],2019-05-12 08:31:47,7066.0,0.00000800,0.0000000005985496,7619015,2019-05-12 08:31:47,BTC,1.79802465,0.0,0.00000800,BTC,802.6461988741639,0.0,0.00062996,157
0,[],22,[],2019-05-07 22:25:46,0.0,0,0,7574238,2019-05-07 22:25:46,,50234.60468402,0.0,0,,54786159.03179465,0.0,0.0,158
,[],17,[],2018-11-20 22:56:10,0.0,0,0,4861976,2018-11-20 22:56:10,btc,1.1265625,0.0,,btc,1000.0,0.0,0.0,159
,[],20,[],2018-11-20 22:56:12,0.0,0,0,4861977,2018-11-20 22:56:12,btc,11912.7940471,0.0,,btc,34413894.3617,0.0,0.0,159
1,[],12,[],2019-05-12 08:31:48,260629.76446973,0.000002810000000000000201067461291781768295550136826932430267333984375,0.00000000021024054700000003,7619016,2019-05-12 08:31:48,btc,23.175147617915638,0.0,0.000002810000000000000201067461291781768295550136826932430267333984375,btc,12626.91716398,0.0,0.0365383974998958,168
1,[],17,[],2019-05-03 01:13:36,42852.0,0.00000002,0.000000000001096006,7559132,2019-05-03 01:13:36,btc,0.04279856251542,0.0,0.00000002,btc,274.46171372,0.0,0.00052852,168
1,[],22,[],2019-05-07 03:57:18,743122.0,0.00000001,0.000000000000593596,7562020,2019-05-07 03:57:18,BTC,41.40912107,0.0,0.00000001,BTC,1593401.2737547632,0.00342649,0.00743122,169
1,[],22,[],2019-05-12 08:33:51,255790.0,0.00000003,0.000000000002244561,7619017,2019-05-12 08:33:51,BTC,27.85826033,0.0,0.00000003,BTC,430558.99483480485,4e-06,0.0037957,171
1,[],22,[],2019-05-12 08:33:55,215028.2,0.00000014,0.000000000010474618,7619018,2019-05-12 08:33:55,BTC,823.68619212,0.0,0.00000014,"BTC,LTC",703246.1427935044,0.0049411,0.01305882,173
1,[],5,[],2019-05-06 19:49:32,0.0,0,0,7559281,2019-05-06 19:49:32,btc,0.0,0.00023336,0,btc,0.0,0.0,0.0,175
1,[],22,[],2019-05-12 08:33:58,90671.0,0.00000001,0.0000000000007481870000000001,7619019,2019-05-12 08:33:58,BTC,394.35459412,0.0,0.00000001,BTC,136275.61833431243,0.0,0.00090671,176
0,[],2,[],2019-01-20 23:28:34,0.0,0,0,6477001,2019-01-20 23:28:34,,0.0,0.0,0,,0.0,0.0,0.0,178
1,[],7,[],2019-05-12 08:33:59,0.0,0,0,7619020,2019-05-12 08:33:59,btc,520274.2870788149,0.0,0,btc,27457332.23673972,0.0,0.0,178
0,[],22,[],2019-05-12 08:34:02,0.0,0,0,7619021,2019-05-12 08:34:02,,1.00242428,0.0,0,,57512.0,0.0,0.0,178
0,[],23,[],2019-01-20 23:25:08,0.0,0,0,6476952,2019-01-20 23:25:08,,0.0,0.0,0,,0.0,0.0,0.0,179
1,[],5,[],2019-05-12 08:36:02,0.0,0,0,7619022,2019-05-12 08:36:02,btc,0.0,0.11270598,0,btc,0.0,0.0,0.0,179
1,[],22,[],2019-05-12 08:36:05,2002703.0,0.00000001,0.0000000000007481870000000001,7619023,2019-05-12 08:36:05,BTC,5.33706243,0.0,0.00000001,BTC,14245808.411946677,4.813e-05,0.02002703,179
1,[],22,[],2019-05-12 08:38:09,640760.221048321,0.00000175,0.000000000130932725,7619024,2019-05-12 08:38:09,BTC,39.25368144,0.0,0.00000175,"BTC,LTC",38608.875422314835,0.03812759,0.55502989,180
1,[],26,[],2019-05-12 08:38:09,0.0,0.00000250,0.00000000018704675000000001,7619025,2019-05-12 08:38:09,btc,0.0,250.0,0.00000250,btc,0.0,0.0,0.0,180
1,[],17,[],2019-05-03 01:13:56,20504.725000000002,0.0000001,0.00000000000548003,7559141,2019-05-03 01:13:56,btc,5.2010695838400265,0.0,0.0000001,btc,5033.45945,0.0,0.0011504725,180
,[],7,[],2018-11-20 22:58:01,562227.975654,0.00000085,0.000000000036176765,4862015,2018-11-20 22:58:01,btc,21836.6059674,2491.87645172,,btc,749999.041456,0.00211021,0.127565380455,183
,[],5,[],2019-01-10 08:11:41,0.0,0,0,6347036,2019-01-10 08:11:41,btc,82.15055501,0.00261,,btc,1.19002445,0.0,0.0,187
1,[],24,[],2019-04-30 17:34:05,0.0,0.000000000014,7.396256000000001e-16,7526291,2019-04-30 17:34:05,btc,0.0,0.0,0.000000000014,btc,0.0,0.0,0.0,187
,[],17,[],2018-11-16 20:58:10,4062536.27273,0.00000001,0.000000000000550501,4708775,2018-11-16 20:58:10,btc,3.36492563466,0.195460381006,,"btc,eth",110697919.549,0.0,0.0157628953496,187
0,[],22,[],2019-04-25 02:54:07,0.0,0,0,7447896,2019-04-25 02:54:07,,7.54794454,0.0,0,,76361.7243344055,0.0,0.0,191
0,[],22,[],2019-05-12 08:38:13,0.0,0,0,7619026,2019-05-12 08:38:13,,0.0,0.0,0,,0.0,0.0,0.0,197
0,[],23,[],2019-01-20 23:31:41,0.0,0,0,6477079,2019-01-20 23:31:41,,0.0,0.0,0,,0.0,0.0,0.0,199
0.00000000012387779999999999,[],22,[],2019-05-12 08:38:16,53056789.0,2.4775559999999997e-18,1.853675190972e-22,7619027,2019-05-12 08:38:16,LTC,7.64521369,0.0,0.00000002,LTC,35260436.0,6.656057012574e-12,0.60713197,199
1,[],26,[],2019-05-12 08:38:16,0.0,0.00000000,0,7619028,2019-05-12 08:38:16,btc,0.0,0.0,0.00000000,btc,0.0,0.0,0.0,199
0,[],2,[],2019-01-20 23:30:49,0.0,0,0,6477059,2019-01-20 23:30:49,,0.0,0.0,0,,0.0,0.0,0.0,201
1,[],4,[],2019-01-25 15:51:35,2084389.58565343,0.00000936,0.000000000333526752,6499557,2019-01-25 15:51:35,btc,2.0092503037378524,0.0,0.00000936,btc,160195.80207885,0.19272417,1.242687955921835,211
1,[],7,[],2019-05-12 08:38:18,13705698.751467109,0.00000082,0.000000000061351334,7619029,2019-05-12 08:38:18,btc,15200781.781175211,187387.464815,0.00000082,btc,13691297.58688425,0.0,1.0788581805773996,212
1,[],5,[],2019-05-07 13:02:51,0.0,0,0,7566706,2019-05-07 13:02:51,btc,0.0,0.43032184,0,btc,0.0,0.0,0.0,213
1,[],24,[],2019-05-07 13:02:52,0.0,0.000000050000,0.000000000002968865,7566707,2019-05-07 13:02:52,btc,0.0,0.0,0.000000050000,btc,0.0,0.0,0.0,213
1,[],26,[],2019-05-07 13:02:52,0.0,0.00000040,0.00000000002375092,7566708,2019-05-07 13:02:52,btc,0.0,0.0,0.00000040,btc,0.0,0.0,0.0,213
1,[],12,[],2019-01-25 02:44:32,207462.42853209,0.000001080000000000000035831255497387193287295303889550268650054931640625,0.000000000038610756000000006,6493050,2019-01-25 02:44:32,btc,85023.03793723314,0.0,0.000001080000000000000035831255497387193287295303889550268650054931640625,btc,43675.73520027,0.000146250909087,0.0348620860622024,213
0,[],22,[],2019-05-12 08:38:21,0.0,0,0,7619030,2019-05-12 08:38:21,,9.58164616,0.0,0,,2460817.094064925,0.0,0.0,216
0,[],27,[],2019-05-12 08:38:32,0.0,0,0,7619031,2019-05-12 08:38:32,,59.75512910367708,515.0,0,"btc,ltc",227180.947308,5.15e-06,0.0,216
1,[],22,[],2019-05-12 08:38:36,389174.4324324324,0.00000074,0.000000000055365838,7619032,2019-05-12 08:38:36,BTC,12055.62654244,0.0,0.00000074,BTC,776923.8284866377,0.01477786,0.04118996,217
1,[],7,[],2019-05-12 08:38:37,0.0,0,0,7619033,2019-05-12 08:38:37,btc,111302.56865462937,0.0,0,btc,137781098.61523312,0.0,0.0,219
0,[],27,[],2019-05-12 08:38:44,0.0,0,0,7619034,2019-05-12 08:38:44,,0.06997067,0.0,0,btc,1753528.0,0.0,0.0,219
0.0000000000000038,[],28,[],2019-05-12 08:39:27,553313944.674,2.622e-18,1.9617463140000002e-22,7619035,2019-05-12 08:39:27,doge,3652200.465451157,14142.0,0.00069000,"btc,doge",45929123.3823,0.0,2.1622701151671718e-11,219
1,[],22,[],2019-05-12 08:39:30,373170.0,0.00000004,0.0000000000029927480000000002,7619036,2019-05-12 08:39:30,BTC,56.7649867,0.0,0.00000004,BTC,131552.84827387411,0.00032,0.0119808,221
1,[],24,[],2019-05-12 08:39:30,0.0,0.000000010000,0.0000000000007481870000000001,7619037,2019-05-12 08:39:30,btc,0.0,0.0,0.000000010000,btc,0.0,0.0,0.0,221
1,[],20,[],2019-05-12 08:39:32,15272614.2555,0.000000012,0.0000000000008978244,7619038,2019-05-12 08:39:32,btc,100092.47832737175,787838.6111,0.000000012,btc,27228780.1054,0.0124602289998,0.1076400850246,224
0,[],22,[],2019-05-12 08:39:35,0.0,0,0,7619039,2019-05-12 08:39:35,,0.0,0.0,0,,0.0,0.0,0.0,224
1,[],26,[],2019-05-12 08:39:35,0.0,0.00000026,0.000000000019452862,7619040,2019-05-12 08:39:35,btc,0.0,0.0,0.00000026,btc,0.0,0.0,0.0,231
1,[],26,[],2019-05-12 08:39:35,0.0,0.00000005,0.000000000003740935,7619041,2019-05-12 08:39:35,btc,0.0,0.0,0.00000005,btc,0.0,0.0,0.0,234
0,[],27,[],2019-05-12 08:39:42,0.0,0,0,7619042,2019-05-12 08:39:42,,0.01134836604,0.0,0,"btc,eth",11462.996,0.0,0.0,234
1,[],4,[],2019-04-29 21:02:20,217188.93193785,0.00000080,0.00000000004151584,7514327,2019-04-29 21:02:20,btc,5.239800103892936,0.0,0.00000080,btc,797346.30008933,0.0,0.0590549781555679,236
1,[],24,[],2019-04-29 21:02:20,0.0,0.000000100000,0.00000000000518948,7514328,2019-04-29 21:02:20,btc,0.0,0.0,0.000000100000,btc,0.0,0.0,0.0,236
1,[],5,[],2019-05-06 20:53:15,0.0,0,0,7559637,2019-05-06 20:53:15,btc,0.0,0.20253514,0,btc,0.0,0.0,0.0,237
1,[],20,[],2019-05-06 20:53:18,38173217.6136,0.000000083,0.0000000000047460728,7559638,2019-05-06 20:53:18,btc,21342.514614200165,8832375.7238,0.000000083,btc,27701499.3386,0.7554403456107,1.3621107610479,237
1,[],22,[],2019-05-06 20:53:20,343938.0,0.00000009,0.000000000005146344,7559639,2019-05-06 20:53:20,BTC,1.20267422,0.0,0.00000009,BTC,17930.94871794872,0.0,0.01017442,237
1,[],4,[],2019-05-12 08:39:42,8806743.38696443,0.00000014,0.000000000010474618,7619043,2019-05-12 08:39:42,btc,3.4349109740938077,0.0,0.00000014,btc,9468781.82388838,0.22551799,0.770777620681409,238
1,[],5,[],2019-05-12 08:39:44,0.0,0,0,7619044,2019-05-12 08:39:44,btc,0.0,0.00254827,0,btc,0.0,0.0,0.0,238
0,[],22,[],2019-03-12 16:49:32,0.0,0,0,6914458,2019-03-12 16:49:32,,0.40415746,0.0,0,,526736.5639027493,0.0,0.0,249
0,[],22,[],2019-05-12 08:39:46,0.0,0,0,7619045,2019-05-12 08:39:46,,4.50924384,0.0,0,,38675894.69978836,0.0,0.0,252
1,[],28,[],2019-05-12 08:40:19,46170154.152,0.00000025,0.000000000018704675,7619046,2019-05-12 08:40:19,btc,43892.95963813267,386383.2212,0.00000025,btc,2884819.5268,0.0,0.62709171804,256
1,[],22,[],2019-05-12 08:40:21,1088993.5,0.00000002,0.0000000000014963740000000001,7619047,2019-05-12 08:40:21,BTC,21.88116616,0.0,0.00000002,BTC,522884.63333384093,0.0,0.01124633,258
1,[],22,[],2019-03-13 00:07:30,47146.0,0.00000001,0.000000000000387233,6917028,2019-03-13 00:07:30,BTC,2.415167,0.0,0.00000001,BTC,157.0,0.0,0.00047146,259
1,[],5,[],2019-05-12 08:40:23,0.0,0,0,7619048,2019-05-12 08:40:23,btc,0.0,0.04187189,0,btc,0.0,0.0,0.0,264
1,[],20,[],2019-05-12 08:40:25,1276817.6192,0.000000252,0.0000000000188543124,7619049,2019-05-12 08:40:25,btc,4.9317926734667,62627.0111,0.000000252,btc,90390.4945,0.0729544627752,0.0211105279594,264
0,[],22,[],2019-04-12 17:57:27,0.0,0,0,7278186,2019-04-12 17:57:27,,66.37522201,0.0,0,,677842.4169881374,0.0,0.0,271
0,[],22,[],2019-05-12 08:40:28,0.0,0,0,7619050,2019-05-12 08:40:28,,33051802.3172899,0.0,0,,15696307799.7,0.0,0.0,272
0.0000000000000038,[],28,[],2019-05-12 08:42:42,310879238682.584,2.242e-21,1.677435254e-25,7619051,2019-05-12 08:42:42,doge,26560231.895507704,20693553434.0699,0.00000059,doge,365272193029.476,0.0,2.386961035472773e-10,272
1,[],22,[],2019-05-12 08:42:45,127364.9,0.0000001,0.00000000000748187,7619052,2019-05-12 08:42:45,BTC,427.36497297,0.0,0.0000001,BTC,251562.95264460208,1.3e-05,0.0039223,281
1,[],22,[],2019-05-12 08:42:49,315579.1,0.00000002,0.0000000000014963740000000001,7619053,2019-05-12 08:42:49,BTC,1.50055865,0.0,0.00000002,"BTC,LTC",526248.5756135201,0.00805238,0.0114629,286
0,[],22,[],2019-05-12 08:42:51,0.0,0,0,7619054,2019-05-12 08:42:51,,7337893.19360497,0.0,0,,1388519263.7797825,0.0,0.0,294
