pairValue,buyBook,exchangeId,sellBook,updated,buyTotal,satoshiPrice,usdPrice,exchangeLogId,created,bestPair,sellTotalBtc,volume,pairPrice,activePairs,sellTotal,volumeBtc,buyTotalBtc,coinId
1,[],3,[],2019-05-07 17:19:25,30883.742107119157,0.01148485999999999951359797023542341776192188262939453125,0.00000068097754641,7570974,2019-05-07 17:19:25,btc,3.865299379621031,12.429132948,0.01148485999999999951359797023542341776192188262939453125,btc,26.660689807063,0.0,0.33173035175629034,1
1,[],4,[],2019-05-07 17:19:25,207728.54408762,0.01130005,0.000000670019514675,7570975,2019-05-07 17:19:25,btc,8.952395049269283,0.0,0.01130005,btc,390.4484839,3.24839049,0.4898573511941029,1
1,[],5,[],2019-05-07 17:19:28,0.0,0,0,7570976,2019-05-07 17:19:28,btc,0.0,0.01492605,0,btc,0.0,0.0,0.0,1
1,[],10,[],2019-05-07 17:19:30,185019.42691304,0.01006,0.00000059649261,7570977,2019-05-07 17:19:30,btc,6524.858580182391,1047.92586932,0.01006,btc,1438.8964807,0.0,4.006787295758643,1
1,[],12,[],2019-05-07 17:19:33,70.79570715,0.0112499999999999995836663657655662973411381244659423828125,0.0000006670518750000001,7570978,2019-05-07 17:19:33,btc,0.2317026263037,0.0,0.0112499999999999995836663657655662973411381244659423828125,btc,16.84053184,0.1710476106965,0.2737630754076,1
1,[],20,[],2019-05-07 17:19:34,976.5588,0.010710341,0.0000006350536040835001,7570979,2019-05-07 17:19:34,btc,0.0780600583409,0.0364,0.010710341,btc,5.1403,0.0004457912088,0.179094131523,1
1,[],21,[],2019-05-07 17:19:35,1798.90360237,0.01130408999999999927754679163,0.000000670259060415,7570980,2019-05-07 17:19:35,btc,17.276593946144303,7866.01363886,0.0113040899999999992775467916317211347632110118865966796875,"btc,eth",1866.35700287,25.784709254662385,13.156546860966179,1
0,[],22,[],2019-05-07 17:19:38,0.0,0,0,7570981,2019-05-07 17:19:38,,0.3163308,0.0,0,,0.2527518593615956,0.0,0.0,1
1,[],24,[],2019-05-07 17:19:39,0.0,0.000000000000,0,7570982,2019-05-07 17:19:39,btc,0.0,0.0,0.000000000000,btc,0.0,0.0,0.0,1
0.0,[],25,[],2019-05-07 17:19:39,0.0,0,0,7570983,2019-05-07 17:19:39,btc,44.74999999843663,780.25671286,0.0,btc,3890.78153108,8.8286,0.0,1
1,[],26,[],2019-05-07 17:19:41,0.0,0,0,7570984,2019-05-07 17:19:41,,0.0,0.0,0,,0.0,0.0,0.0,1
1,[],28,[],2019-05-07 17:19:43,987.9,0.01131000,0.0000006706094850000001,7570985,2019-05-07 17:19:43,btc,0.160832048,352329.8,0.01131000,btc,8.7307,0.0,0.024551096,1
0,[],2,[],2019-01-20 23:28:45,0.0,0,0,6477011,2019-01-20 23:28:45,,0.0,0.0,0,,0.0,0.0,0.0,1
1,[],5,[],2019-05-07 17:29:17,0.0,0,0,7571118,2019-05-07 17:29:17,btc,0.0,0.05992774,0,btc,0.0,0.0,0.0,2
1,[],22,[],2019-05-07 17:29:20,60848.0,0.00000002,0.0000000000011841700000000002,7571119,2019-05-07 17:29:20,BTC,21.00846647,0.0,0.00000002,"BTC,XMR",24148.96059725142,0.0,0.00199035,2
1,[],5,[],2019-05-07 17:29:22,0.0,0,0,7571120,2019-05-07 17:29:22,btc,0.0,0.10133716,0,btc,0.0,0.0,0.0,3
1,[],12,[],2019-05-07 17:29:23,2565399.36350821,0.000000162,0.000000000009591777000000001,7571121,2019-05-07 17:29:23,btc,2714596.6133795255,0.0,0.000000162,btc,3864757.5413948,0.04843595788347524,0.2868732852544407,3
0,[],28,[],2019-05-07 17:29:24,0.0,0,0,7571122,2019-05-07 17:29:24,,0.0,0.0,0,,0.0,0.0,0.0,3
0,[],2,[],2019-01-20 23:31:32,0.0,0,0,6477077,2019-01-20 23:31:32,,0.0,0.0,0,,0.0,0.0,0.0,4
1,[],4,[],2019-04-26 19:14:12,610911.70993152,0.00000026,0.000000000013566046,7471614,2019-04-26 19:14:12,btc,31.457742656463164,0.0,0.00000026,btc,718733.71307795,0.00142695,0.0638464483338706,4
0,[],12,[],2019-04-25 23:08:22,0.0,0,0,7459310,2019-04-25 23:08:22,btc,1111851.94727753,0.0,0,btc,953412.0,0.0,0.0,5
0,[],2,[],2019-01-20 23:31:51,0.0,0,0,6477087,2019-01-20 23:31:51,,0.0,0.0,0,,0.0,0.0,0.0,6
1,[],11,[],2019-05-07 17:29:25,5195209.307535999,0.00000001,0.0000000000005920850000000001,7571123,2019-05-07 17:29:25,btc,9576.542781859494,717767.0,0.00000001,btc,47218201.75253575,0.0,0.05195209307536,6
1,[],3,[],2019-05-07 17:29:26,11064.0169634803,0.000197550000000000004242439732848879430093802511692047119140625,0.000000011696639175,7571124,2019-05-07 17:29:26,btc,24.96121739199037,32.0018895808,0.000197550000000000004242439732848879430093802511692047119140625,btc,309.781605034214,0.0,0.029363715165392625,7
1,[],4,[],2019-05-07 17:29:27,42137.58432679,0.00018703,0.000000011073765755,7571125,2019-05-07 17:29:27,btc,8.481643724065027,0.0,0.00018703,btc,36147.69419829,4.43370713,3.865517277126116,7
1,[],5,[],2019-05-07 17:29:28,0.0,0,0,7571126,2019-05-07 17:29:28,btc,0.0,0.18039929,0,btc,0.0,0.0,0.0,7
1,[],20,[],2019-04-07 22:06:50,3201475.0482,0.000000001,0.000000000000051590000000000004,7213932,2019-04-07 22:06:50,btc,30.8005781811902,0.0,0.000000001,btc,23077405.3926,0.0,0.0032014750482,8
0,[],2,[],2019-01-20 23:22:42,0.0,0,0,6476876,2019-01-20 23:22:42,,0.0,0.0,0,,0.0,0.0,0.0,9
0,[],23,[],2019-01-20 23:22:48,0.0,0,0,6476878,2019-01-20 23:22:48,,0.0,0.0,0,,0.0,0.0,0.0,9
1,[],4,[],2019-05-07 17:29:29,22664041.6313652,0.00000084,0.000000000049735140000000007,7571127,2019-05-07 17:29:29,btc,4.669620251380172,0.0,0.00000084,btc,3444022.98981006,0.61745466,0.9114152166665997,9
1,[],28,[],2019-05-07 17:29:37,18055.0,0.00000021,0.000000000012433785000000002,7571128,2019-05-07 17:29:37,btc,2708.774353000864,3521573.0,0.00000021,btc,24560.2792,0.0,0.00186155,9
1,[],1,[],2019-02-17 23:31:42,1822507.21,0.00000181000000000000003456111265232042484285557293333113193511962890625,0.000000000066086901,6701244,2019-02-17 23:31:42,btc,3.6990969245,17153386.5,0.00000181000000000000003456111265232042484285557293333113193511962890625,btc,1997391.71,31.11772986,3.2610482446,9
1,[],4,[],2019-02-17 11:22:43,4341674.27126056,0.00000002,0.0000000000007272960000000001,6696112,2019-02-17 11:22:43,btc,0.1997230937751353,0.0,0.00000002,btc,4109766.79808031,0.00215132,0.0479381022052112,10
0,[],2,[],2019-01-20 23:23:08,0.0,0,0,6476890,2019-01-20 23:23:08,,0.0,0.0,0,,0.0,0.0,0.0,12
1,[],4,[],2019-05-07 17:29:38,2954943.53949835,0.00000098,0.00000000005802433,7571129,2019-05-07 17:29:38,btc,5.976501743118568,0.0,0.00000098,btc,4251939.9042298,2.288569,0.6158368057973319,12
1,[],5,[],2019-05-07 17:29:40,0.0,0,0,7571130,2019-05-07 17:29:40,btc,0.0,0.18655025,0,btc,0.0,0.0,0.0,12
0.0,[],25,[],2019-05-07 17:29:41,0.0,0,0,7571131,2019-05-07 17:29:41,,0.0,0.0,0.0,btc,0.0,0.0,0.0,12
1,[],10,[],2019-05-07 17:13:17,463533.72171916,0.0000063,0.00000000037361835,7570845,2019-05-07 17:13:17,btc,666793.5804042184,5216.6676238,0.0000063,btc,742947.22648832,0.0,0.425877076910244,13
1,[],4,[],2019-05-07 17:29:43,32015431.06628911,0.00000655,0.00000000038781567500000003,7571132,2019-05-07 17:29:43,btc,3.2499028807890764,0.0,0.00000655,btc,361716.6480318,0.48611532,0.9585205492672279,13
1,[],21,[],2019-05-07 17:29:46,1891541.43493751,0.000006569999999999999776810477581,0.00000000038899984500000003,7571133,2019-05-07 17:29:46,btc,9.4588927119946,559621.32922923,0.000006569999999999999776810477580823999232961796224117279052734375,btc,1224511.71227405,3.79348339,10.153293128790603,13
1,[],4,[],2019-05-07 17:29:48,1141187.00395465,0.00000088,0.000000000052103480000000005,7571134,2019-05-07 17:29:48,btc,5.503283187611419,0.0,0.00000088,btc,1174030.23495049,0.01848739,0.2458262660703442,14
1,[],12,[],2019-05-07 17:29:49,254943.5195458,0.00000083,0.000000000049143055000000004,7571135,2019-05-07 17:29:49,btc,0.1182411820278674,0.0,0.00000083,btc,14480.86895597,0.0003530899100899,0.028446239999961,14
1,[],26,[],2019-05-07 17:29:51,0.0,0.00000050,0.000000000029604250000000004,7571136,2019-05-07 17:29:51,btc,0.0,0.0,0.00000050,btc,0.0,0.0,0.0,14
0,[],17,[],2019-05-03 00:53:32,0.0,0,0,7558876,2019-05-03 00:53:32,btc,0.0,0.0,0,btc,0.0,0.0,0.0,14
,[],12,[],2018-12-01 15:15:48,204241.84496,0.00000489,0.000000000202473384,5260204,2018-12-01 15:15:48,btc,49.5475654835,0.0,,btc,35763.2193806,0.0163153972027625,0.0203389899998,15
0,[],4,[],2019-05-07 17:29:52,0.0,0,0,7571137,2019-05-07 17:29:52,,0.0,0.0,0,,0.0,0.0,0.0,15
0,[],2,[],2019-01-20 23:23:38,0.0,0,0,6476906,2019-01-20 23:23:38,,0.0,0.0,0,,0.0,0.0,0.0,18
1,[],4,[],2019-05-07 17:29:53,32240.32026081,0.00001331,0.0000000007880651350000001,7571138,2019-05-07 17:29:53,btc,1.1032817138504403,0.0,0.00001331,btc,13780.09206113,0.02794021,0.1142475450484235,18
1,[],10,[],2019-05-07 17:29:56,169461.00049082,0.00001373,0.0000000008129327050000001,7571139,2019-05-07 17:29:56,btc,15.879960479820904,3082.3395242,0.00001373,btc,33611.03419056,0.0,0.5181641199345823,18
1,[],12,[],2019-05-07 17:29:57,221279.45030251,0.000013200000000000000673224496983149123252587742172181606292724609375,0.0000000007815522000000001,7571140,2019-05-07 17:29:57,btc,33215.31841323066,0.0,0.000013200000000000000673224496983149123252587742172181606292724609375,btc,1107.6964876,0.0013627211906321,0.0161588158802294,18
0,[],17,[],2019-05-03 00:53:39,0.0,0,0,7558882,2019-05-03 00:53:39,btc,0.0,0.0,0,btc,0.0,0.0,0.0,18
0,[],2,[],2019-01-20 23:24:19,0.0,0,0,6476924,2019-01-20 23:24:19,,0.0,0.0,0,,0.0,0.0,0.0,19
1,[],3,[],2019-05-07 17:29:58,152823.66788127527,0.000014529999999999999797770273979313770951193873770534992218017578125,0.0000000008602995050000001,7571141,2019-05-07 17:29:58,btc,0.2560959989447878,629.976955908,0.000014529999999999999797770273979313770951193873770534992218017578125,btc,6430.289184939193,0.0,0.04390403401884438,19
1,[],4,[],2019-05-07 17:29:59,383928.69679502,0.00001391,0.0000000008235902350000001,7571142,2019-05-07 17:29:59,btc,3.6596687692166814,0.0,0.00001391,btc,118991.51335003,0.51431095,0.6784714997770627,19
1,[],5,[],2019-05-07 17:30:00,0.0,0,0,7571143,2019-05-07 17:30:00,btc,0.0,0.00016756,0,btc,0.0,0.0,0.0,19
1,[],12,[],2019-05-07 17:30:01,187024.42699003,0.00001516000000000000054217914879917117332297493703663349151611328125,0.0000000008976008600000001,7571144,2019-05-07 17:30:01,btc,0.2768419712636627,0.0,0.00001516000000000000054217914879917117332297493703663349151611328125,btc,2336.55381564,0.000563320797312,0.0933660192019895,19
0,[],27,[],2019-05-07 17:30:16,0.0,0,0,7571145,2019-05-07 17:30:16,,0.0,0.0,0,btc,0.0,0.0,0.0,19
1,[],4,[],2019-05-07 17:30:18,1889069.11944487,0.00000011,0.000000000006512935000000001,7571146,2019-05-07 17:30:18,btc,5.280175126319464,0.0,0.00000011,btc,2275880.8131896,0.00032894,0.0662675897814302,20
1,[],4,[],2019-05-07 17:30:19,75503423.10318358,0.00000001,0.0000000000005920850000000001,7571147,2019-05-07 17:30:19,btc,39333.275960112485,0.0,0.00000001,btc,54554651.93904999,0.00850144,0.7550342310318358,21
1,[],12,[],2019-05-07 17:30:20,3839997.0,0.00000001,0.0000000000005920850000000001,7571148,2019-05-07 17:30:20,btc,2895.6620719393504,0.0,0.00000001,btc,7239572.2247751895,0.0002136264735264,0.03839997,21
0,[],17,[],2019-05-03 00:53:51,0.0,0,0,7558891,2019-05-03 00:53:51,btc,0.0,0.0,0,btc,0.0,0.0,0.0,21
1,[],12,[],2019-05-07 17:30:22,8322119908.808,0.0000000005,0.000000000000029604250000000006,7571149,2019-05-07 17:30:22,btc,311119401335.86487,0.0,0.0000000005,btc,2845215473.9015036,0.2602551057301269,1.997886965104,23
0.0000000002926984,[],27,[],2019-05-07 17:30:34,6775591.0,5.853968e-18,3.4660466432800003e-22,7571150,2019-05-07 17:30:34,eth,10132.130040686012,371826701.65999997,0.00000002,eth,4515346.3444,2.176661612126552e-09,2.4057850327704e-11,23
1,[],4,[],2019-05-07 17:30:35,804113.76301747,0.00000033,0.000000000019538805000000003,7571151,2019-05-07 17:30:35,btc,13.922578369258845,0.0,0.00000033,btc,2123987.26952133,0.00861731,0.0890480678413905,24
1,[],22,[],2019-05-07 17:30:38,1021.76,0.00000100,0.00000000005920850000000001,7571152,2019-05-07 17:30:38,BTC,7.415e-05,0.0,0.00000100,BTC,23.919354838709676,0.0,0.00011186,24
0.0,[],25,[],2019-05-07 17:30:40,0.0,0,0,7571153,2019-05-07 17:30:40,,0.0,0.0,0.0,btc,0.0,0.0,0.0,24
0,[],4,[],2019-05-07 17:23:01,0.0,0,0,7571016,2019-05-07 17:23:01,,0.0,0.0,0,,0.0,0.15335083,0.0,26
1,[],10,[],2019-05-07 17:23:03,117828.29895375,0.00000857,0.000000000508145295,7571017,2019-05-07 17:23:03,btc,25.636891548991624,2870.96806852,0.00000857,btc,19621.34083086,0.0,0.0699267381068765,26
0,[],2,[],2019-01-20 23:25:56,0.0,0,0,6476976,2019-01-20 23:25:56,,0.0,0.0,0,,0.0,0.0,0.0,26
1,[],11,[],2019-04-30 04:16:17,7094566.83690364,0.00000006,0.000000000003115554,7518027,2019-04-30 04:16:17,btc,67504.138725751,6116.07566417,0.00000006,btc,6591680.7351637,0.0,0.38529422037817224,27
1,[],5,[],2019-04-26 09:47:06,0.0,0,0,7465326,2019-04-26 09:47:06,btc,0.0,0.0,0,btc,0.0,0.0,0.0,27
1,[],3,[],2019-04-28 02:38:55,141621.60361514,0.00000001,0.0000000000005253330000000001,7491060,2019-04-28 02:38:55,btc,2.501704004580372,921815.184511,0.00000001,btc,21091882.2176418,0.0,0.0014162160361513999,27
1,[],4,[],2019-05-07 17:30:42,1550782938.160513,0.00000001,0.0000000000005920850000000001,7571154,2019-05-07 17:30:42,btc,4.860334515517173,0.0,0.00000001,"btc,ltc",276204279.092358,0.85609724,9.813982905314088,29
1,[],7,[],2019-05-07 17:30:44,114157521.71668229,0.00000002,0.0000000000011841700000000002,7571155,2019-05-07 17:30:44,btc,46550610.465626255,623324.099671,0.00000002,btc,31586374.79457892,0.01246998,1.2645762557361302,29
0,[],17,[],2019-05-03 01:11:25,0.0,0,0,7559066,2019-05-03 01:11:25,btc,0.0,0.0,0,btc,0.0,0.0,0.0,30
1,[],4,[],2019-05-07 17:14:05,1699462.55563564,0.00000013,0.000000000007709585,7570871,2019-05-07 17:14:05,btc,2.4458799776386213,0.0,0.00000013,btc,1861213.30339978,0.07065829,0.062775676632251,30
1,[],4,[],2019-05-07 17:30:45,178926.66866523,0.00006085,0.0000000036028372250000003,7571156,2019-05-07 17:30:45,btc,6.3423657936128786,0.0,0.00006085,btc,60553.0715431,1.26821643,0.7547326757202971,31
1,[],21,[],2019-05-07 17:30:45,99184.97422525,0.00006182000000000000103535235940,0.0000000036602694700000006,7571157,2019-05-07 17:30:45,btc,2.877137015304038,248453.75095353,0.00006182000000000000103535235940199754622881300747394561767578125,btc,41036.41862366,15.7332312,5.5160949317284205,31
0,[],2,[],2019-01-20 23:28:43,0.0,0,0,6477009,2019-01-20 23:28:43,,0.0,0.0,0,,0.0,0.0,0.0,32
1,[],12,[],2019-03-30 07:55:10,40641173.964,0.00000003,0.000000000001228359,7108785,2019-03-30 07:55:10,btc,4233210.82356125,0.0,0.00000003,btc,28378394.68333462,0.0126927883965248,0.90752895892,33
0,[],4,[],2019-05-07 17:30:46,0.0,0,0,7571158,2019-05-07 17:30:46,,0.0,0.0,0,,0.0,0.0,0.0,33
0,[],4,[],2019-05-07 17:30:49,0.0,0,0,7571159,2019-05-07 17:30:49,,3.7431764667241234,0.0,0,,150509238.26985812,0.00291171,0.0,34
1,[],5,[],2019-05-07 17:30:50,0.0,0,0,7571160,2019-05-07 17:30:50,btc,0.0,0.01499093,0,btc,0.0,0.0,0.0,34
0.000000000133684,[],4,[],2019-05-02 18:17:45,3384239970.6360936,1.3368400000000002e-18,7.293946092400001e-23,7556428,2019-05-02 18:17:45,ltc,5.381102735485169e-08,0.0,0.00000001,ltc,6862894551.7408495,0.0,4.524187362345155e-09,36
1,[],5,[],2019-05-02 18:17:46,0.0,0,0,7556429,2019-05-02 18:17:46,btc,0.0,0.0,0,btc,0.0,0.0,0.0,36
0.0000000002926451,[],17,[],2019-05-02 18:17:47,200000.0,2.9264510000000002e-18,1.596703856561e-22,7556430,2019-05-02 18:17:47,eth,0.20942468735267253,0.0,0.00000001,"btc,eth",1018272.20243647,0.0,5.852902e-13,36
0.000000000133684,[],27,[],2019-05-02 18:17:55,7883196.008,1.3368400000000002e-18,7.293946092400001e-23,7556431,2019-05-02 18:17:55,ltc,25567.4086131264,0.0,0.00000001,"ltc,eth",21753551.64,0.0,1.0538571751334722e-11,36
1,[],17,[],2019-05-03 01:11:36,211752.74075282,0.00000025,0.000000000013700074999999998,7559074,2019-05-03 01:11:36,btc,0.055484923955058496,0.0,0.00000025,"btc,eth",1387.19918473,0.0,0.0005381851887916605,37
1,[],4,[],2019-05-07 17:30:51,258603.14585449,0.00000019,0.000000000011249615,7571161,2019-05-07 17:30:51,btc,19772.67650131722,0.0,0.00000019,btc,835259.47843023,0.0172141,0.0162283052200009,37
1,[],12,[],2019-05-07 17:30:53,1030837.3992982,0.00000025,0.000000000014802125000000002,7571162,2019-05-07 17:30:53,btc,61604.974974593235,0.0,0.00000025,btc,583730.58151889,0.0238948461838249,0.1071631235794917,37
1,[],27,[],2019-05-07 17:31:00,1600.0,0.00000015,0.000000000008881275,7571163,2019-05-07 17:31:00,btc,24.12824334291843,0.0,0.00000015,btc,5839.49448498,0.0,3e-05,37
1,[],5,[],2019-05-07 17:31:02,0.0,0,0,7571164,2019-05-07 17:31:02,btc,0.0,0.02815879,0,btc,0.0,0.0,0.0,42
1,[],12,[],2019-05-07 17:31:02,348399.84988936,0.0000007,0.000000000041445950000000004,7571165,2019-05-07 17:31:02,btc,210.42757460315167,0.0,0.0000007,btc,56363.97690721,0.024767450189858,0.0522731889999807,42
1,[],27,[],2019-05-07 17:31:13,3256.0,0.00000015,0.000000000008881275,7571166,2019-05-07 17:31:13,btc,1.8179904929696,0.0,0.00000015,"btc,eth",2428.82344975,0.0,0.00024750000060489054,42
1,[],12,[],2019-03-13 09:13:29,1112112.0,0.00000001,0.000000000000386531,6919902,2019-03-13 09:13:29,btc,29058.00478931866,0.0,0.00000001,btc,5967681.93306694,9.99000999e-07,0.01112112,43
1,[],5,[],2019-04-26 22:38:52,0.0,0,0,7474154,2019-04-26 22:38:52,btc,0.0,0.02638891,0,btc,0.0,0.0,0.0,43
0,[],17,[],2019-04-26 22:38:53,0.0,0,0,7474155,2019-04-26 22:38:53,btc,0.0,0.0,0,btc,0.0,0.0,0.0,43
1,[],12,[],2019-03-05 01:54:08,639326.02,0.00000004,0.000000000001486676,6845775,2019-03-05 01:54:08,btc,11116042.728239931,0.0,0.00000004,btc,1103841.4595604,0.0003330765234764,0.014975410599999999,44
1,[],4,[],2019-05-07 17:31:15,132591323.04758348,0.00000001,0.0000000000005920850000000001,7571167,2019-05-07 17:31:15,btc,436.77960966430487,0.0,0.00000001,"btc,ltc",22914217.59564506,0.00190427,0.29821447737814827,49
0.000000000126056,[],4,[],2019-05-07 17:23:34,132012334.83044124,7.689416e-17,4.5593238759600006e-21,7571032,2019-05-07 17:23:34,ltc,21616.25555740167,0.0,0.00000061,ltc,97788379.65344189,0.04123626,1.7207585305759142e-09,52
0,[],22,[],2019-05-07 15:53:23,0.0,0,0,7569545,2019-05-07 15:53:23,,10304.87709543,0.0,0,,310505736.4566013,0.0,0.0,57
0.00000000029218330000000004,[],27,[],2019-05-07 15:53:29,10000.0,2.921833e-18,1.7150195505110002e-22,7569546,2019-05-07 15:53:29,eth,0.0,0.0,0.00000001,"btc,eth",0.0,0.0,2.921833e-14,57
0.000000000126056,[],4,[],2019-05-07 17:23:35,1137495462.4045448,1.26056e-18,7.474301436000001e-23,7571033,2019-05-07 17:23:35,ltc,19.111262784679568,0.0,0.00000001,ltc,5681894345.99197,0.0,1.4338812800886729e-09,58
1,[],12,[],2019-05-07 17:23:37,1569861234.0,0.0000000001,0.000000000000005929350000000001,7571034,2019-05-07 17:23:37,btc,11896932.10059688,0.0,0.0000000001,btc,4291456694.879121,0.000805326924375632,0.1569861234,58
0.000000000111632,[],22,[],2019-05-07 17:23:41,137438.0,1.11632e-18,6.619051992e-23,7571035,2019-05-07 17:23:41,XMR,69.17854956,0.0,0.00000001,XMR,9877516.6,1.1661525248e-13,0.00137438,58
1,[],17,[],2019-05-03 01:12:09,1200000.0,0.0000000001,0.00000000000000548003,7559085,2019-05-03 01:12:09,btc,1e+24,0.0,0.0000000001,"btc,eth",39516342.31952568,0.0,0.00010000000058666061,58
1,[],5,[],2019-05-07 17:31:17,0.0,0,0,7571168,2019-05-07 17:31:17,btc,0.0,0.03074657,0,btc,0.0,0.0,0.0,61
1,[],22,[],2019-05-07 17:31:20,13613.833333333334,0.00000012,0.00000000000710502,7571169,2019-05-07 17:31:20,BTC,1002.29626883,0.0,0.00000012,BTC,15392.180177125656,0.0,0.00153269,61
1,[],26,[],2019-05-07 17:31:20,0.0,0.00000100,0.00000000005920850000000001,7571170,2019-05-07 17:31:20,btc,0.0,0.0,0.00000100,btc,0.0,0.0,0.0,61
0.0000000002926984,[],27,[],2019-05-07 17:31:32,100000.0,2.926984e-18,1.7330233216400001e-22,7571171,2019-05-07 17:31:32,eth,1.9482732497246655,0.0,0.00000001,"btc,eth",13266.51663696,0.0,2.926984e-13,61
1,[],28,[],2019-05-07 17:31:35,1039.304,0.00000008,0.000000000004736680000000001,7571172,2019-05-07 17:31:35,btc,2.056501795415105,558.0,0.00000008,btc,10022.46650005,0.0,2.439304e-05,61
1,[],4,[],2019-05-07 17:24:16,1213674.89427256,0.00000108,0.00000000006403698000000001,7571041,2019-05-07 17:24:16,btc,1.0578336549126308,0.0,0.00000108,btc,432752.22499936,0.08040268,0.8099812117525378,67
0.0,[],25,[],2019-05-07 17:24:18,0.0,0,0,7571042,2019-05-07 17:24:18,,0.0,0.0,0.0,btc,0.0,0.0,0.0,67
1,[],12,[],2019-05-07 17:31:36,735500.33333333,0.00000016,0.000000000009473360000000002,7571173,2019-05-07 17:31:36,btc,55556348.254764415,0.0,0.00000016,btc,1496409.48953485,0.0068649318981015,0.0243623499999996,71
,[],5,[],2018-11-20 23:02:39,1.5e-07,0.00000005,0.000000000002128045,4862160,2018-11-20 23:02:39,btc,2.84511358,0.0,,btc,0.00036572,0.0,0.07381892,74
1,[],5,[],2019-05-07 17:31:37,0.0,0,0,7571174,2019-05-07 17:31:37,btc,0.0,0.02177884,0,btc,0.0,0.0,0.0,75
0,[],20,[],2019-01-25 09:30:31,0.0,0,0,6495923,2019-01-25 09:30:31,btc,0.0,0.0,0,btc,0.0,0.0,0.0,81
0,[],4,[],2019-05-07 17:31:38,0.0,0,0,7571175,2019-05-07 17:31:38,,133703.44050792317,0.0,0,,35150289.66593586,0.0,0.0,81
1,[],4,[],2019-05-07 17:31:40,31220.71954037,0.00007012,0.0000000041517000200000005,7571176,2019-05-07 17:31:40,btc,18.62133811070544,0.0,0.00007012,btc,25291.51457494,0.46947762,0.6129507332030285,82
1,[],21,[],2019-05-07 17:31:41,257292.65066596,0.00006716000000000000073017980551,0.000000003976442860000001,7571177,2019-05-07 17:31:41,btc,3.3457367255609034,4497.44229592,0.00006716000000000000073017980550815764217986725270748138427734375,btc,43581.53879127,0.3084963,1.987363242526039,82
0,[],17,[],2019-03-25 22:42:34,0.0,0,0,7038780,2019-03-25 22:42:34,btc,0.0445064681804024,0.0,0,btc,995513.18476001,0.0,0.0,84
0.00000000013644,[],4,[],2019-05-01 19:17:39,299701867.376,1.3644e-18,7.259508504e-23,7542161,2019-05-01 19:17:39,ltc,1.6769037726995486,0.0,0.00000001,ltc,427823536.87452894,0.00010978,4.089132278478144e-10,85
,[],22,[],2018-11-20 23:09:34,3408.1,0.0000001,0.0000000000041895,4862324,2018-11-20 23:09:34,BTC,0.04624735,0.0,,BTC,4990.0,0.0,0.00033081,86
1,[],22,[],2019-05-07 17:31:44,89999.0,0.00000001,0.0000000000005920850000000001,7571178,2019-05-07 17:31:44,BTC,3.66432991,0.0,0.00000001,BTC,332904.29736842104,0.00032209,0.00089999,87
1,[],27,[],2019-05-07 17:31:51,10674.0,0.00000001,0.0000000000005920850000000001,7571179,2019-05-07 17:31:51,btc,4.960707720736,0.0,0.00000001,btc,10175.62841,0.0,0.00010674,87
,[],2,[],2018-11-20 23:10:47,0.0,0,0,4862359,2018-11-20 23:10:47,,0.0,0.0,,,0.0,0.0,0.0,88
1,[],11,[],2019-05-07 17:31:53,87962.57406845,0.00015498000000000001032986196580765181352035142481327056884765625,0.000000009176133330000001,7571180,2019-05-07 17:31:53,btc,170.3198458038358,4255.89044903,0.00015498000000000001032986196580765181352035142481327056884765625,btc,167911.38804088,0.0,5.636687300267989,89
0,[],2,[],2019-01-20 23:31:45,0.0,0,0,6477083,2019-01-20 23:31:45,,0.0,0.0,0,,0.0,0.0,0.0,91
1,[],12,[],2019-05-07 17:24:39,376380.26384306,0.00000075,0.000000000044470125000000004,7571049,2019-05-07 17:24:39,btc,73.20223434477603,0.0,0.00000075,btc,152441.23581625,1.65e-08,0.0430756199999756,91
1,[],22,[],2019-05-07 17:24:43,76014.0,0.0000008,0.0000000000474348,7571050,2019-05-07 17:24:43,BTC,0.1,0.0,0.0000008,"BTC,LTC",1.0,0.0,0.0017135,91
0,[],17,[],2019-05-03 01:12:26,0.0,0,0,7559096,2019-05-03 01:12:26,btc,0.0,0.0,0,btc,0.0,0.0,0.0,91
1,[],22,[],2019-04-09 20:17:52,374949.73333333334,0.00000015,0.000000000007771935,7235704,2019-04-09 20:17:52,BTC,6.87372503,0.0,0.00000015,"BTC,LTC",159980.01196797504,1.1e-05,0.80510266,95
0,[],17,[],2019-05-03 01:12:32,0.0,0,0,7559100,2019-05-03 01:12:32,btc,0.0,0.0,0,btc,0.0,0.0,0.0,96
0.0000000001259383,[],4,[],2019-05-07 17:31:54,553557906.8143064,7.934112900000001e-17,4.697669236396501e-21,7571181,2019-05-07 17:31:54,ltc,11.264579684229185,0.0,0.00000063,ltc,126532057.2626231,0.07206314,1.8684766480109742e-09,96
0,[],12,[],2019-05-07 17:31:56,0.0,0,0,7571182,2019-05-07 17:31:56,btc,25054.263518130076,0.0,0,btc,6821705.82664734,0.0,0.0,96
1,[],4,[],2019-04-14 03:32:46,1039404.33283278,0.00000038,0.000000000019245518,7293458,2019-04-14 03:32:46,btc,4.170086055365747,0.0,0.00000038,btc,3097704.34561074,0.06260606,0.1859928211030784,99
0,[],2,[],2019-01-20 23:23:55,0.0,0,0,6476914,2019-01-20 23:23:55,,0.0,0.0,0,,0.0,0.0,0.0,100
1,[],4,[],2019-05-07 17:31:58,328550.65897414,0.00003550,0.00000000210190175,7571183,2019-05-07 17:31:58,btc,6.622852595626664,0.0,0.00003550,btc,113782.52242823,0.23133288,0.4704362249469884,100
1,[],22,[],2019-05-07 17:32:01,130000.0,0.00000001,0.0000000000005920850000000001,7571184,2019-05-07 17:32:01,BTC,24.83526409,0.0,0.00000001,BTC,11187.719,0.0,0.0013,101
1,[],4,[],2019-05-07 17:32:02,573435.28871293,0.00000777,0.000000000460050045,7571185,2019-05-07 17:32:02,btc,336.4036252302104,0.0,0.00000777,btc,285272.55694023,4.32745921,0.6431703262166903,103
1,[],12,[],2019-05-07 17:32:05,116054215.51292,0.000000005,0.00000000000029604250000000005,7571186,2019-05-07 17:32:05,btc,468525102.22446895,0.0,0.000000005,btc,106811269.69605388,0.00355319753246758,0.24135276771276,105
1,[],27,[],2019-05-07 17:32:17,11976.0,0.00000001,0.0000000000005920850000000001,7571187,2019-05-07 17:32:17,btc,0.0689357688051137,0.0,0.00000001,btc,864584.59450753,0.0,0.00011976,105
1,[],22,[],2019-04-21 00:17:26,21333.0,0.00000001,0.000000000000532493,7385819,2019-04-21 00:17:26,BTC,51.38182867,0.0,0.00000001,BTC,470435.0,0.0,0.00021333,107
1,[],26,[],2019-04-21 00:17:26,0.0,0.00000000,0,7385820,2019-04-21 00:17:26,btc,0.0,0.0,0.00000000,btc,0.0,0.0,0.0,107
1,[],5,[],2019-05-07 17:32:19,0.0,0,0,7571188,2019-05-07 17:32:19,btc,0.0,0.0,0,btc,0.0,0.0,0.0,112
0,[],22,[],2019-05-07 17:32:21,0.0,0,0,7571189,2019-05-07 17:32:21,,2.79003697,0.0,0,,1380942.0833333333,0.0,0.0,112
1,[],27,[],2019-05-07 17:32:35,1.0,0.00000001,0.0000000000005920850000000001,7571190,2019-05-07 17:32:35,btc,1.25032588,0.0,0.00000001,"btc,eth",1819.0,0.0,1e-08,112
1,[],4,[],2019-05-07 17:32:35,350786.94180955,0.00000161,0.000000000095325685,7571191,2019-05-07 17:32:35,btc,5.226082509128911,0.0,0.00000161,btc,525949.01798668,0.06462398,0.23187399564183,113
1,[],5,[],2019-05-07 17:32:37,0.0,0,0,7571192,2019-05-07 17:32:37,btc,0.0,0.0,0,btc,0.0,0.0,0.0,113
1,[],17,[],2019-04-26 02:17:47,162738.278,0.00000004,0.0000000000021069000000000002,7461287,2019-04-26 02:17:47,btc,1.3331140273775473,0.0,0.00000004,btc,51796.221,0.0,0.00230953112,116
0,[],27,[],2019-04-26 02:19:51,0.0,0,0,7461288,2019-04-26 02:19:51,,0.0,0.0,0,,0.0,0.0,0.0,116
1,[],4,[],2019-05-07 17:32:38,132608.12667202,0.00001024,0.0000000006062950400000001,7571193,2019-05-07 17:32:38,btc,132.18161045750082,0.0,0.00001024,btc,267969.75562414,0.07150686,1.0574962092430176,120
1,[],7,[],2019-05-07 17:32:40,9492.00347597,0.000011689999999999999883933989031081779330634162761270999908447265625,0.0000000006921473650000001,7571194,2019-05-07 17:32:40,btc,231185.887408171,62.23644451,0.000011689999999999999883933989031081779330634162761270999908447265625,btc,4076.97424313,0.00072692,0.01798112729489,120
1,[],20,[],2019-04-07 18:42:29,1914137.0852,0.000000035,0.0000000000017871910000000002,7211992,2019-04-07 18:42:29,btc,32.2497668025648,25528.85,0.000000035,btc,1001975.4986,0.00089350975,0.0152723574729,125
1,[],22,[],2019-05-07 17:32:44,110000.0,0.00000001,0.0000000000005920850000000001,7571195,2019-05-07 17:32:44,BTC,0.032061,0.0,0.00000001,BTC,299316.7611111111,0.0,0.0011,126
0,[],2,[],2019-01-20 23:25:46,0.0,0,0,6476969,2019-01-20 23:25:46,,0.0,0.0,0,,0.0,0.0,0.0,131
1,[],17,[],2019-05-03 01:13:10,10000.0,0.00000001,0.000000000000548003,7559115,2019-05-03 01:13:10,btc,0.0953976503951408,0.0,0.00000001,btc,5037.62507334,0.0,0.0001,131
1,[],4,[],2019-05-07 17:32:45,1859694.1340805,0.00000958,0.0000000005672174300000001,7571196,2019-05-07 17:32:45,btc,3.7082395941508928,0.0,0.00000958,btc,167735.40390158,0.09165156,0.49876261821122,131
1,[],4,[],2019-05-07 17:32:47,4710.0551341,0.00012791,0.000000007573359235,7571197,2019-05-07 17:32:47,btc,6.0115198918466515,0.0,0.00012791,btc,191.61415747,0.0,0.0080068379598552,135
1,[],3,[],2019-05-07 17:32:47,530498.0,0.00000001,0.0000000000005920850000000001,7571198,2019-05-07 17:32:47,btc,0.0934057631805504,129896.5,0.00000001,btc,1024104.34967245,0.0,0.00530498,136
1,[],12,[],2019-05-07 17:32:49,331407.86495997,0.0000022000000000000001122040828305248538754312903620302677154541015625,0.00000000013025870000000002,7571200,2019-05-07 17:32:49,btc,48520.51758337328,0.0,0.0000022000000000000001122040828305248538754312903620302677154541015625,btc,43308.24229997,0.0035501685414225,0.0376383399999244,137
1,[],4,[],2019-05-07 17:32:48,3478009.39343561,0.00000209,0.00000000012374576500000002,7571199,2019-05-07 17:32:48,btc,319.57402626855037,0.0,0.00000209,btc,512791.67015361,0.14451717,0.7539591741440086,137
1,[],4,[],2019-05-07 17:32:51,46172.47076978,0.00003673,0.000000002174728205,7571201,2019-05-07 17:32:51,btc,5.08664771601177,0.0,0.00003673,btc,68998.44408216,0.293937,0.1753758273403774,142
1,[],5,[],2019-05-07 17:32:52,0.0,0,0,7571202,2019-05-07 17:32:52,btc,0.0,0.16659316,0,btc,0.0,0.0,0.0,142
1,[],20,[],2019-05-07 17:32:54,167601.666,0.00003401,0.000000002013681085,7571203,2019-05-07 17:32:54,btc,1.7086003245498,0.0,0.00003401,btc,8215.5399,0.0,0.059960580749,142
1,[],22,[],2019-05-07 17:32:57,1370.0,0.00000200,0.00000000011841700000000002,7571204,2019-05-07 17:32:57,BTC,3.2756588,0.0,0.00000200,BTC,1135.5948275773155,0.0,0.0003632,142
0.0,[],25,[],2019-05-07 17:32:59,0.0,0,0,7571205,2019-05-07 17:32:59,,0.0,0.0,0.0,btc,0.0,0.0,0.0,142
1,[],28,[],2019-05-07 17:33:00,79102.0,0.00003311,0.000000001960393435,7571206,2019-05-07 17:33:00,btc,0.0580251924,232826.0,0.00003311,btc,463.37303,0.0,0.07347342,142
1,[],17,[],2019-05-03 01:13:16,32967.38636364,0.00000088,0.000000000048224264,7559122,2019-05-03 01:13:16,btc,20.06976206696776,0.0,0.00000088,btc,2746.079105,0.0,0.0105613000000032,142
0,[],22,[],2019-05-07 17:33:03,0.0,0,0,7571207,2019-05-07 17:33:03,,66.66505393,0.0,0,,938775805.8,0.0,0.0,143
0,[],22,[],2019-02-25 15:42:22,0.0,0,0,6783783,2019-02-25 15:42:22,,4.2131946,0.0,0,,2322156.0,0.0,0.0,146
,[],22,[],2018-11-20 23:01:11,0.0,0,0,4862114,2018-11-20 23:01:11,,2.56807021,0.0,,,61828.4988236,0.0,0.0,147
1,[],12,[],2019-04-21 06:38:04,193091.5971266,0.00000071,0.000000000037635183,7388679,2019-04-21 06:38:04,btc,2.301232411611175,0.0,0.00000071,btc,9957.48302385,0.00023528,0.0313308199999888,148
1,[],4,[],2019-03-19 21:31:25,255810.0415942,0.00000029,0.000000000011615747,6982695,2019-03-19 21:31:25,btc,218.94922712414143,0.0,0.00000029,btc,793529.37642722,0.00117,0.0608347789473395,152
0,[],22,[],2019-03-19 21:31:27,0.0,0,0,6982696,2019-03-19 21:31:27,,0.0,0.0,0,,0.0,0.0,0.0,152
1,[],5,[],2019-04-26 09:36:59,0.0,0,0,7465040,2019-04-26 09:36:59,btc,0.0,0.0,0,btc,0.0,0.0,0.0,153
,[],16,[],2019-01-11 15:38:59,0.0,0,0,6366141,2019-01-11 15:38:59,btc,0.0,0.0,,btc,0.0,0.0,0.0,155
0,[],22,[],2019-05-07 17:33:06,0.0,0,0,7571208,2019-05-07 17:33:06,,6.80191271,0.0,0,,4673448.342592592,0.0,0.0,156
0,[],23,[],2019-01-20 23:24:29,0.0,0,0,6476932,2019-01-20 23:24:29,,0.0,0.0,0,,0.0,0.0,0.0,156
1,[],22,[],2019-05-07 17:33:09,7066.0,0.00000800,0.0000000004736680000000001,7571209,2019-05-07 17:33:09,BTC,1.79802465,0.0,0.00000800,BTC,802.6461988741639,0.0,0.00062996,157
0,[],22,[],2019-05-07 17:33:12,0.0,0,0,7571210,2019-05-07 17:33:12,,50234.60468402,0.0,0,,54786159.03179465,0.0,0.0,158
,[],17,[],2018-11-20 22:56:10,0.0,0,0,4861976,2018-11-20 22:56:10,btc,1.1265625,0.0,,btc,1000.0,0.0,0.0,159
,[],20,[],2018-11-20 22:56:12,0.0,0,0,4861977,2018-11-20 22:56:12,btc,11912.7940471,0.0,,btc,34413894.3617,0.0,0.0,159
1,[],12,[],2019-05-07 17:33:15,263224.1177444,0.000003719999999999999958717918080441933170732227154076099395751953125,0.00000000022025562000000003,7571211,2019-05-07 17:33:15,btc,13.563144273918736,0.0,0.000003719999999999999958717918080441933170732227154076099395751953125,btc,11473.94438736,0.0059073190543043,0.0478778292629493,168
1,[],17,[],2019-05-03 01:13:36,42852.0,0.00000002,0.000000000001096006,7559132,2019-05-03 01:13:36,btc,0.04279856251542,0.0,0.00000002,btc,274.46171372,0.0,0.00052852,168
1,[],22,[],2019-05-07 03:57:18,743122.0,0.00000001,0.000000000000593596,7562020,2019-05-07 03:57:18,BTC,41.40912107,0.0,0.00000001,BTC,1593401.2737547632,0.00342649,0.00743122,169
1,[],22,[],2019-05-07 17:33:19,193990.0,0.00000002,0.0000000000011841700000000002,7571212,2019-05-07 17:33:19,BTC,30.18907168,0.0,0.00000002,BTC,442417.35474695155,7.016e-05,0.0019408,171
1,[],22,[],2019-05-07 17:33:23,195000.0,0.0000001,0.00000000000592085,7571213,2019-05-07 17:33:23,BTC,22.16502333,0.0,0.0000001,"BTC,LTC",655554.9264972081,0.00152857,0.008886,173
1,[],5,[],2019-05-06 19:49:32,0.0,0,0,7559281,2019-05-06 19:49:32,btc,0.0,0.00023336,0,btc,0.0,0.0,0.0,175
1,[],22,[],2019-05-07 17:33:27,90671.0,0.00000001,0.0000000000005920850000000001,7571214,2019-05-07 17:33:27,BTC,394.0276142,0.0,0.00000001,BTC,136275.61833431243,3.68e-05,0.00090671,176
1,[],7,[],2019-05-07 17:33:29,0.0,0,0,7571215,2019-05-07 17:33:29,btc,520269.7696583165,999.000999,0,btc,19434827.69732702,9.99e-06,0.0,178
0,[],22,[],2019-05-07 17:33:32,0.0,0,0,7571216,2019-05-07 17:33:32,,1.00242428,0.0,0,,57512.0,0.0,0.0,178
0,[],2,[],2019-01-20 23:28:34,0.0,0,0,6477001,2019-01-20 23:28:34,,0.0,0.0,0,,0.0,0.0,0.0,178
1,[],5,[],2019-05-07 17:33:33,0.0,0,0,7571217,2019-05-07 17:33:33,btc,0.0,0.09064335,0,btc,0.0,0.0,0.0,179
1,[],22,[],2019-05-07 17:33:37,3038615.0,0.00000001,0.0000000000005920850000000001,7571218,2019-05-07 17:33:37,BTC,5.59026649,0.0,0.00000001,BTC,13978032.711946676,0.02304142,0.03038615,179
0,[],23,[],2019-01-20 23:25:08,0.0,0,0,6476952,2019-01-20 23:25:08,,0.0,0.0,0,,0.0,0.0,0.0,179
1,[],22,[],2019-05-07 17:33:41,641258.971048321,0.0000008,0.0000000000473668,7571219,2019-05-07 17:33:41,BTC,39.28291866,0.0,0.0000008,"BTC,LTC",153547.80311938145,7.986e-05,0.55417964,180
1,[],26,[],2019-05-07 17:33:42,0.0,0.00000120,0.0000000000710502,7571220,2019-05-07 17:33:42,btc,0.0,50.0,0.00000120,btc,0.0,0.0,0.0,180
1,[],17,[],2019-05-03 01:13:56,20504.725000000002,0.0000001,0.00000000000548003,7559141,2019-05-03 01:13:56,btc,5.2010695838400265,0.0,0.0000001,btc,5033.45945,0.0,0.0011504725,180
,[],7,[],2018-11-20 22:58:01,562227.975654,0.00000085,0.000000000036176765,4862015,2018-11-20 22:58:01,btc,21836.6059674,2491.87645172,,btc,749999.041456,0.00211021,0.127565380455,183
,[],5,[],2019-01-10 08:11:41,0.0,0,0,6347036,2019-01-10 08:11:41,btc,82.15055501,0.00261,,btc,1.19002445,0.0,0.0,187
1,[],24,[],2019-04-30 17:34:05,0.0,0.000000000014,7.396256000000001e-16,7526291,2019-04-30 17:34:05,btc,0.0,0.0,0.000000000014,btc,0.0,0.0,0.0,187
,[],17,[],2018-11-16 20:58:10,4062536.27273,0.00000001,0.000000000000550501,4708775,2018-11-16 20:58:10,btc,3.36492563466,0.195460381006,,"btc,eth",110697919.549,0.0,0.0157628953496,187
0,[],22,[],2019-04-25 02:54:07,0.0,0,0,7447896,2019-04-25 02:54:07,,7.54794454,0.0,0,,76361.7243344055,0.0,0.0,191
0,[],22,[],2019-05-07 17:33:47,0.0,0,0,7571221,2019-05-07 17:33:47,,0.0,0.0,0,,0.0,0.0,0.0,197
0.0000000001259383,[],22,[],2019-05-07 17:33:50,54734331.0,2.518766e-18,1.4913235671100003e-22,7571222,2019-05-07 17:33:50,LTC,18.75578347,0.0,0.00000002,LTC,35255414.0,0.0,0.64068281,199
1,[],26,[],2019-05-07 17:33:50,0.0,0.00000000,0,7571223,2019-05-07 17:33:50,btc,0.0,0.0,0.00000000,btc,0.0,0.0,0.0,199
0,[],23,[],2019-01-20 23:31:41,0.0,0,0,6477079,2019-01-20 23:31:41,,0.0,0.0,0,,0.0,0.0,0.0,199
0,[],2,[],2019-01-20 23:30:49,0.0,0,0,6477059,2019-01-20 23:30:49,,0.0,0.0,0,,0.0,0.0,0.0,201
1,[],4,[],2019-01-25 15:51:35,2084389.58565343,0.00000936,0.000000000333526752,6499557,2019-01-25 15:51:35,btc,2.0092503037378524,0.0,0.00000936,btc,160195.80207885,0.19272417,1.242687955921835,211
1,[],7,[],2019-05-07 17:33:53,13748136.756769579,0.00000087,0.00000000005151139500000001,7571224,2019-05-07 17:33:53,btc,15559126.12198091,303607.766555,0.00000087,btc,12018978.89419553,0.0,1.8830187701493173,212
1,[],5,[],2019-05-07 13:02:51,0.0,0,0,7566706,2019-05-07 13:02:51,btc,0.0,0.43032184,0,btc,0.0,0.0,0.0,213
1,[],24,[],2019-05-07 13:02:52,0.0,0.000000050000,0.000000000002968865,7566707,2019-05-07 13:02:52,btc,0.0,0.0,0.000000050000,btc,0.0,0.0,0.0,213
1,[],26,[],2019-05-07 13:02:52,0.0,0.00000040,0.00000000002375092,7566708,2019-05-07 13:02:52,btc,0.0,0.0,0.00000040,btc,0.0,0.0,0.0,213
1,[],12,[],2019-01-25 02:44:32,207462.42853209,0.000001080000000000000035831255497387193287295303889550268650054931640625,0.000000000038610756000000006,6493050,2019-01-25 02:44:32,btc,85023.03793723314,0.0,0.000001080000000000000035831255497387193287295303889550268650054931640625,btc,43675.73520027,0.000146250909087,0.0348620860622024,213
0,[],22,[],2019-05-07 17:33:56,0.0,0,0,7571225,2019-05-07 17:33:56,,11.27138522,0.0,0,,2287107.2040649247,0.0,0.0,216
1,[],27,[],2019-05-07 17:34:08,30596.0,0.00000001,0.0000000000005920850000000001,7571226,2019-05-07 17:34:08,btc,61.55672679203932,12500.0,0.00000001,"btc,ltc",215774.557308,0.000125,0.00030596,216
1,[],22,[],2019-05-07 17:34:12,314183.4044117647,0.00000136,0.00000000008052356000000001,7571227,2019-05-07 17:34:12,BTC,12055.01822868,0.0,0.00000136,BTC,443295.21703465853,0.01644652,0.0895257,217
1,[],7,[],2019-05-07 17:34:13,0.0,0,0,7571228,2019-05-07 17:34:13,btc,111302.56967336107,0.0,0,btc,137382971.78428552,0.0,0.0,219
0,[],27,[],2019-05-07 17:34:29,0.0,0,0,7571229,2019-05-07 17:34:29,,0.01810337,0.0,0,btc,1580037.0,0.0,0.0,219
0.0000000000000044000000000000005,[],28,[],2019-05-07 17:34:31,489172109.014,2.6400440000000003e-18,1.5631304517400002e-22,7571230,2019-05-07 17:34:31,doge,3650161.3072620197,27027.15,0.00060001,"btc,doge",44741760.5033,0.0,2.828481345591537e-11,219
1,[],22,[],2019-05-07 17:34:34,405857.0,0.00000005,0.000000000002960425,7571231,2019-05-07 17:34:34,BTC,56.83025662,0.0,0.00000005,BTC,168795.81494054076,0.0,0.01336485,221
1,[],24,[],2019-05-07 17:34:35,0.0,0.000000010000,0.0000000000005920850000000001,7571232,2019-05-07 17:34:35,btc,0.0,0.0,0.000000010000,btc,0.0,0.0,0.0,221
1,[],20,[],2019-05-07 17:34:36,12215979.1583,0.00000001,0.0000000000005920850000000001,7571233,2019-05-07 17:34:36,btc,100092.89446225954,0.0,0.00000001,btc,22929825.5625,0.0,0.0533295320409,224
0,[],22,[],2019-05-07 17:34:39,0.0,0,0,7571234,2019-05-07 17:34:39,,0.0,0.0,0,,0.0,0.0,0.0,224
1,[],26,[],2019-05-07 17:34:39,0.0,0.00000026,0.000000000015394210000000002,7571235,2019-05-07 17:34:39,btc,0.0,0.0,0.00000026,btc,0.0,0.0,0.0,231
1,[],26,[],2019-05-07 17:34:40,0.0,0.00000005,0.000000000002960425,7571236,2019-05-07 17:34:40,btc,0.0,0.0,0.00000005,btc,0.0,0.0,0.0,234
0.0000000002926984,[],27,[],2019-05-07 17:34:50,10000.0,2.926984e-18,1.7330233216400001e-22,7571237,2019-05-07 17:34:50,eth,0.01134836604,0.0,0.00000001,"btc,eth",11462.996,0.0,2.926984e-14,234
1,[],4,[],2019-04-29 21:02:20,217188.93193785,0.00000080,0.00000000004151584,7514327,2019-04-29 21:02:20,btc,5.239800103892936,0.0,0.00000080,btc,797346.30008933,0.0,0.0590549781555679,236
1,[],24,[],2019-04-29 21:02:20,0.0,0.000000100000,0.00000000000518948,7514328,2019-04-29 21:02:20,btc,0.0,0.0,0.000000100000,btc,0.0,0.0,0.0,236
1,[],5,[],2019-05-06 20:53:15,0.0,0,0,7559637,2019-05-06 20:53:15,btc,0.0,0.20253514,0,btc,0.0,0.0,0.0,237
1,[],20,[],2019-05-06 20:53:18,38173217.6136,0.000000083,0.0000000000047460728,7559638,2019-05-06 20:53:18,btc,21342.514614200165,8832375.7238,0.000000083,btc,27701499.3386,0.7554403456107,1.3621107610479,237
1,[],22,[],2019-05-06 20:53:20,343938.0,0.00000009,0.000000000005146344,7559639,2019-05-06 20:53:20,BTC,1.20267422,0.0,0.00000009,BTC,17930.94871794872,0.0,0.01017442,237
1,[],4,[],2019-05-07 17:34:51,35503707.93453585,0.00000015,0.000000000008881275,7571238,2019-05-07 17:34:51,btc,3.3159312113523827,0.0,0.00000015,btc,9396089.23163719,1.21225914,0.9651844486650618,238
1,[],5,[],2019-05-07 17:34:52,0.0,0,0,7571239,2019-05-07 17:34:52,btc,0.0,0.04381114,0,btc,0.0,0.0,0.0,238
0,[],22,[],2019-03-12 16:49:32,0.0,0,0,6914458,2019-03-12 16:49:32,,0.40415746,0.0,0,,526736.5639027493,0.0,0.0,249
0,[],22,[],2019-05-07 17:34:58,0.0,0,0,7571240,2019-05-07 17:34:58,,3.31610872,0.0,0,,28317807.771216933,0.0,0.0,252
1,[],28,[],2019-05-07 17:34:59,41561158.199,0.00000035,0.000000000020722975000000002,7571241,2019-05-07 17:34:59,btc,3.600827704419,376296.4062,0.00000035,btc,2970670.1521,0.0,0.6037740771,256
1,[],22,[],2019-05-07 17:35:05,1088993.5,0.00000002,0.0000000000011841700000000002,7571242,2019-05-07 17:35:05,BTC,21.88116616,0.0,0.00000002,BTC,522884.63333384093,2.75e-06,0.01124633,258
1,[],22,[],2019-03-13 00:07:30,47146.0,0.00000001,0.000000000000387233,6917028,2019-03-13 00:07:30,BTC,2.415167,0.0,0.00000001,BTC,157.0,0.0,0.00047146,259
1,[],5,[],2019-05-07 17:35:06,0.0,0,0,7571243,2019-05-07 17:35:06,btc,0.0,0.38273494,0,btc,0.0,0.0,0.0,264
1,[],20,[],2019-05-07 17:35:08,1263512.7704,0.000001064,0.00000000006299784400000001,7571244,2019-05-07 17:35:08,btc,4.8269570006036,60269.7202,0.000001064,btc,95751.7266,0.0765687566963,0.0269451692654,264
0,[],22,[],2019-04-12 17:57:27,0.0,0,0,7278186,2019-04-12 17:57:27,,66.37522201,0.0,0,,677842.4169881374,0.0,0.0,271
0,[],22,[],2019-05-07 17:35:11,0.0,0,0,7571245,2019-05-07 17:35:11,,33051802.3172899,0.0,0,,15696307799.7,0.0,0.0,272
0.0000000000000044000000000000005,[],28,[],2019-05-07 17:35:12,398637513768.5,1.056e-21,6.2524176e-26,7571246,2019-05-07 17:35:12,doge,26831809.841179468,1028669909.07,0.00000024,doge,353980979136.509,0.0,2.2468712724748402e-10,272
1,[],22,[],2019-05-07 17:35:17,168039.7,0.00000013,0.000000000007697105000000001,7571247,2019-05-07 17:35:17,BTC,427.42495672,0.0,0.00000013,BTC,249705.37764460206,0.0,0.00918978,281
1,[],22,[],2019-05-07 17:35:21,109871.1,0.00000002,0.0000000000011841700000000002,7571248,2019-05-07 17:35:21,BTC,536.90453142,0.0,0.00000002,"BTC,LTC",590775.6256135202,0.00111576,0.00734874,286
0,[],22,[],2019-05-07 17:37:22,0.0,0,0,7571249,2019-05-07 17:37:22,,101366.23679799,0.0,0,,609530652.5,0.0,0.0,294
