pairValue,buyBook,exchangeId,sellBook,updated,buyTotal,satoshiPrice,usdPrice,exchangeLogId,created,bestPair,sellTotalBtc,volume,pairPrice,activePairs,sellTotal,volumeBtc,buyTotalBtc,coinId
0,[],2,[],2019-01-20 23:28:45,0.0,0,0,6477011,2019-01-20 23:28:45,,0.0,0.0,0,,0.0,0.0,0.0,1
1,[],3,[],2019-02-06 02:28:02,119.421100237521,0.01235300999999999933820493680514118750579655170440673828125,0.00000042203441014499995,6596058,2019-02-06 02:28:02,btc,107.0665318334267,0.01001001,0.01235300999999999933820493680514118750579655170440673828125,btc,22.009159150772,0.0,0.3745028611805329,1
1,[],4,[],2019-02-06 02:28:03,120131.5541499,0.01250001,0.000000427056591645,6596059,2019-02-06 02:28:03,btc,0.8733139074261834,0.0,0.01250001,btc,66.0500934,2.41464703,1.324205496110868,1
1,[],5,[],2019-02-06 02:28:05,0.22997915,0.01230100,0.00000042025751449999996,6596060,2019-02-06 02:28:05,btc,14578.03720936,0.00719319,0.01230100,btc,35555556.1385793,0.0,1.43870323,1
1,[],10,[],2019-02-06 02:28:07,414822.2853214,0.01150925,0.000000393207771625,6596061,2019-02-06 02:28:07,btc,6533.778481347997,2505.75638768,0.01150925,btc,1088.83073746,0.0,4.602297219504536,1
1,[],12,[],2019-02-06 02:28:09,10429.27254949,0.0125000000000000006938893903907228377647697925567626953125,0.00000042705625,6596062,2019-02-06 02:28:09,btc,0.3575305108068,0.0,0.0125000000000000006938893903907228377647697925567626953125,btc,22.48964467,0.9343323728027,0.2643306940168,1
1,[],20,[],2019-02-06 02:28:11,1149.2576,0.01200001,0.000000409974341645,6596063,2019-02-06 02:28:11,btc,0.0580330504203,0.0,0.01200001,btc,2.5989,0.0,0.0851527389985,1
1,[],21,[],2019-02-06 02:28:12,2468.2631263,0.01247717999999999917426496410,0.00000042627661610999997,6596064,2019-02-06 02:28:12,btc,22.34403035365187,11614.18224237,0.01247717999999999917426496409689207212068140506744384765625,"btc,eth",2326.20537236,142.07026047716303,23.57566677514259,1
1,[],22,[],2019-02-06 02:28:16,0.0263776,0.01350000,0.00000046122074999999996,6596065,2019-02-06 02:28:16,BTC,0.31397231,0.0,0.01350000,BTC,0.10124366666666666,0.0,0.00034472,1
1,[],24,[],2019-02-06 02:28:16,0.0,0.000000000000,0,6596066,2019-02-06 02:28:16,btc,0.0,0.0,0.000000000000,btc,0.0,0.0,0.0,1
0.0,[],25,[],2019-02-06 02:28:17,0.0,0,0,6596067,2019-02-06 02:28:17,btc,9.543399998428214,1036.20288639,0.0,btc,727.96578912,13.1741,0.0,1
1,[],26,[],2019-02-06 02:28:35,0.0,0,0,6596068,2019-02-06 02:28:35,,0.0,0.0,0,,0.0,0.0,0.0,1
1,[],28,[],2019-02-06 02:28:37,987.9,0.01131000,0.00000038640049499999996,6596069,2019-02-06 02:28:37,btc,0.162839806,17502.9,0.01131000,btc,8.9,0.0,0.024551096,1
1,[],5,[],2019-02-06 02:35:20,2.074e-05,0.00000073,0.000000000024956145,6596250,2019-02-06 02:35:20,btc,0.15988189,0.00075729,0.00000073,btc,7.143e-05,0.0,0.5000773,2
1,[],22,[],2019-02-06 02:35:23,1648.0,0.0000004,0.0000000000136746,6596251,2019-02-06 02:35:23,BTC,4.22135011,0.0,0.0000004,"BTC,XMR",14604.712016896552,0.0,0.00107635,2
1,[],5,[],2019-02-06 02:35:25,1.25e-06,0.00000016,0.0000000000054698400000000005,6596252,2019-02-06 02:35:25,btc,3.47698015,0.25475222,0.00000016,btc,2.204e-05,0.0,3.0373888,3
1,[],12,[],2019-02-06 02:35:26,12312812.89795504,0.000000169,0.0000000000057775185,6596253,2019-02-06 02:35:26,btc,921361.5011809381,0.0,0.000000169,btc,7997895.38007599,0.0677844695077465,0.5186727881454096,3
0,[],28,[],2019-02-06 02:35:27,0.0,0,0,6596254,2019-02-06 02:35:27,,0.0,0.0,0,,0.0,0.0,0.0,3
0,[],2,[],2019-01-20 23:31:32,0.0,0,0,6477077,2019-01-20 23:31:32,,0.0,0.0,0,,0.0,0.0,0.0,4
1,[],4,[],2019-02-06 02:35:28,520363.4313197,0.00000033,0.000000000011281545,6596255,2019-02-06 02:35:28,btc,0.359429325572406,0.0,0.00000033,btc,344082.23008056,0.00108,0.0858262231999014,4
1,[],12,[],2019-02-05 13:21:12,1437531.5219999999,0.00000005,0.00000000000173026,6590135,2019-02-05 13:21:12,btc,11013878.263129916,0.0,0.00000005,btc,932226.39031991,0.0018816659240752,0.02941814044,5
0,[],2,[],2019-01-20 23:31:51,0.0,0,0,6477087,2019-01-20 23:31:51,,0.0,0.0,0,,0.0,0.0,0.0,6
1,[],11,[],2019-02-06 02:28:53,11390109.4999525,0.00000002,0.00000000000068329,6596076,2019-02-06 02:28:53,btc,9433.346120114096,395587.333333,0.00000002,btc,41273438.51836007,0.0,0.19147367499905,6
1,[],3,[],2019-02-06 02:28:53,1066.558051320279,0.000150559999999999995050348200464895853656344115734100341796875,0.00000000514380712,6596077,2019-02-06 02:28:53,btc,27.600142753279105,0.0,0.000150559999999999995050348200464895853656344115734100341796875,btc,234.145665820227,0.0,0.03053197781660925,7
1,[],4,[],2019-02-06 02:28:54,22855.53090704,0.00020367,0.000000006958283714999999,6596078,2019-02-06 02:28:54,btc,2.769574814036606,0.0,0.00020367,btc,12150.24114362,2.626065,3.9596201343967157,7
1,[],5,[],2019-02-06 02:28:55,0.00677604,0.00020055,0.000000006851690475,6596079,2019-02-06 02:28:55,btc,1.18664496,0.53807153,0.00020055,btc,0.01217226,0.0,1.7158996,7
1,[],20,[],2019-02-06 02:28:57,66461509.91,0.000000001,0.0000000000000341645,6596080,2019-02-06 02:28:57,btc,116.1315013062774,0.0,0.000000001,btc,28812144.5195,0.0,0.06646150991,8
0,[],2,[],2019-01-20 23:22:42,0.0,0,0,6476876,2019-01-20 23:22:42,,0.0,0.0,0,,0.0,0.0,0.0,9
0,[],23,[],2019-01-20 23:22:48,0.0,0,0,6476878,2019-01-20 23:22:48,,0.0,0.0,0,,0.0,0.0,0.0,9
1,[],1,[],2019-02-06 02:35:29,2623889.1,0.000001870000000000000095373470405946125794116596807725727558135986328125,0.000000000063928755,6596256,2019-02-06 02:35:29,btc,1.1895216774,14109353.63,0.000001870000000000000095373470405946125794116596807725727558135986328125,btc,629728.06,26.92986092,4.8580690649000005,9
1,[],4,[],2019-02-06 02:35:29,326926.48839793,0.00000188,0.00000000006427062,6596257,2019-02-06 02:35:29,btc,0.8886582188638337,0.0,0.00000188,btc,447345.23875497,1.60419967,0.5796878588656214,9
1,[],28,[],2019-02-06 02:35:31,34500.0,0.00000165,0.000000000056407725,6596258,2019-02-06 02:35:31,btc,2708.7727397804,3612923.0,0.00000165,btc,15437.14,0.0,0.02854,9
1,[],4,[],2019-02-04 22:10:59,7341799.37826053,0.00000002,0.000000000000693444,6584299,2019-02-04 22:10:59,btc,0.1999615409270056,0.0,0.00000002,btc,4135980.29534268,0.00062922,0.0786653918652106,10
0,[],2,[],2019-01-20 23:23:08,0.0,0,0,6476890,2019-01-20 23:23:08,,0.0,0.0,0,,0.0,0.0,0.0,12
1,[],4,[],2019-02-06 02:35:32,2859698.62679662,0.00000150,0.00000000005127975,6596259,2019-02-06 02:35:32,btc,1.1958209168816596,0.0,0.00000150,btc,758223.70670278,2.60133853,4.008208813012232,12
1,[],5,[],2019-02-06 02:35:33,2.633e-05,0.00000143,0.000000000048886695000000004,6596260,2019-02-06 02:35:33,btc,0.53354047,1.07257121,0.00000143,btc,0.00012638,0.0,0.30042339,12
0.0,[],25,[],2019-02-06 02:35:34,0.0,0,0,6596261,2019-02-06 02:35:34,,0.0,0.0,0.0,btc,0.0,0.0,0.0,12
1,[],4,[],2019-02-06 02:35:35,1258392.49272453,0.00000593,0.000000000202725945,6596262,2019-02-06 02:35:35,btc,0.2798463780386214,0.0,0.00000593,btc,42485.9099571,0.61206956,0.9669315684520055,13
1,[],21,[],2019-02-06 02:35:38,1596297.82908296,0.000006139999999999999658625935567,0.00000000020990511,6596263,2019-02-06 02:35:38,btc,3.4723739884995006,1892069.50825409,0.0000061399999999999996586259355668691028995453962124884128570556640625,btc,490045.07010043,11.49722978,8.564853833910991,13
1,[],10,[],2019-02-06 02:29:11,590632.54054517,0.00000579,0.000000000197812455,6596088,2019-02-06 02:29:11,btc,666809.6096040383,15612.6816856,0.00000579,btc,733712.88000607,0.0,0.8160480943987847,13
1,[],4,[],2019-02-06 02:35:39,1205449.88201953,0.00000155,0.000000000052989075000000005,6596264,2019-02-06 02:35:39,btc,0.1269730378649312,0.0,0.00000155,btc,55356.85432397,0.12767765,0.5164724099982657,14
1,[],12,[],2019-02-06 02:35:40,89227.67938931,0.000001560000000000000098813643899242631363222244544886052608489990234375,0.000000000053330940000000005,6596265,2019-02-06 02:35:40,btc,1.7638904531737392,0.0,0.000001560000000000000098813643899242631363222244544886052608489990234375,btc,28150.00592497,0.0027294392584408,0.0108615999999961,14
0,[],17,[],2019-02-06 02:35:42,0.0,0,0,6596266,2019-02-06 02:35:42,btc,0.0,0.0,0,btc,0.0,0.0,0.0,14
1,[],26,[],2019-02-06 02:35:52,0.0,0.00000049,0.000000000016751385000000002,6596267,2019-02-06 02:35:52,btc,0.0,0.0,0.00000049,btc,0.0,0.0,0.0,14
,[],12,[],2018-12-01 15:15:48,204241.84496,0.00000489,0.000000000202473384,5260204,2018-12-01 15:15:48,btc,49.5475654835,0.0,,btc,35763.2193806,0.0163153972027625,0.0203389899998,15
0,[],4,[],2019-02-06 02:35:54,0.0,0,0,6596268,2019-02-06 02:35:54,,0.0,0.0,0,,0.0,0.0,0.0,15
1,[],10,[],2019-02-06 02:29:21,790308.13018199,0.00001718,0.0000000005869461100000001,6596096,2019-02-06 02:29:21,btc,15.590949607956562,5882.51639317,0.00001718,btc,12676.16924127,0.0,0.3049834891658775,18
1,[],12,[],2019-02-06 02:29:23,200694.23196722,0.00001709999999999999890855535700229239637337741442024707794189453125,0.0000000005842129499999999,6596097,2019-02-06 02:29:23,btc,0.1856908012466319,0.0,0.00001709999999999999890855535700229239637337741442024707794189453125,btc,1708.32700711,1.701e-07,0.014943579776908,18
0,[],17,[],2019-02-06 02:29:24,0.0,0,0,6596098,2019-02-06 02:29:24,btc,0.0,0.0,0,btc,0.0,0.0,0.0,18
0,[],2,[],2019-01-20 23:23:38,0.0,0,0,6476906,2019-01-20 23:23:38,,0.0,0.0,0,,0.0,0.0,0.0,18
1,[],4,[],2019-02-06 02:29:19,25731.37047193,0.00001907,0.000000000651517015,6596095,2019-02-06 02:29:19,btc,2.2381255067045673,0.0,0.00001907,btc,8536.20770226,0.01509882,0.0941446820387281,18
1,[],3,[],2019-02-06 02:29:25,124755.56161304281,0.00003449999999999999833293073958628838227014057338237762451171875,0.0000000011786752499999998,6596099,2019-02-06 02:29:25,btc,0.4580209040765045,147.304525497,0.00003449999999999999833293073958628838227014057338237762451171875,btc,5313.52034332246,0.0,0.10141199169323478,19
1,[],4,[],2019-02-06 02:29:25,268001.00311017,0.00002589,0.0000000008845189049999999,6596100,2019-02-06 02:29:25,btc,0.2888968878421494,0.0,0.00002589,btc,9574.22255704,0.54900487,2.633760864708716,19
1,[],5,[],2019-02-06 02:29:26,0.00019838,0.00002560,0.0000000008746112,6596101,2019-02-06 02:29:26,btc,0.27478524,0.00109783,0.00002560,btc,0.00308243,0.0,0.17683341,19
1,[],12,[],2019-02-06 02:29:27,134778.63417891,0.0000224700000000000000102175212735033937860862351953983306884765625,0.000000000767676315,6596102,2019-02-06 02:29:27,btc,1.9956134176810116,0.0,0.0000224700000000000000102175212735033937860862351953983306884765625,btc,512.41105484,0.0004011737062934,0.0317467000001077,19
0,[],27,[],2019-02-06 02:29:29,0.0,0,0,6596103,2019-02-06 02:29:29,,0.0,0.0,0,btc,0.0,0.0,0.0,19
0,[],2,[],2019-01-20 23:24:19,0.0,0,0,6476924,2019-01-20 23:24:19,,0.0,0.0,0,,0.0,0.0,0.0,19
1,[],4,[],2019-02-06 02:35:56,8057697.45959016,0.00000013,0.000000000004444245,6596269,2019-02-06 02:35:56,btc,0.8115519375916198,0.0,0.00000013,btc,1594753.31171721,0.00011984,0.256911126491571,20
1,[],4,[],2019-02-06 02:29:31,122333504.84242225,0.00000002,0.00000000000068329,6596105,2019-02-06 02:29:31,btc,0.6385774235028484,0.0,0.00000002,btc,16136201.17052451,0.00481913,1.4562476810582854,21
1,[],12,[],2019-02-06 02:29:32,19034098.0,0.00000002,0.00000000000068329,6596106,2019-02-06 02:29:32,btc,669.5288089732579,0.0,0.00000002,btc,8530601.65434831,0.0015007214985015,0.25361431,21
0,[],17,[],2019-02-06 02:29:34,0.0,0,0,6596107,2019-02-06 02:29:34,btc,0.0,0.0,0,btc,0.0,0.0,0.0,21
1,[],12,[],2019-02-06 02:29:36,2158424847.531895,0.0000000002,0.0000000000000068329,6596108,2019-02-06 02:29:36,btc,1729404717709.3171,0.0,0.0000000002,btc,4201631656.3129005,0.009739759800999377,0.21584264975318954,23
0,[],27,[],2019-02-06 02:29:38,0.0,0,0,6596109,2019-02-06 02:29:38,,0.424699,0.0,0,eth,424699.0,0.0,0.0,23
1,[],4,[],2019-02-06 02:35:58,404008.36995424,0.00000080,0.0000000000273492,6596270,2019-02-06 02:35:58,btc,0.0715094505872157,0.0,0.00000080,btc,64758.11852336,0.01755398,0.2143581705052716,24
1,[],22,[],2019-02-06 02:36:05,11.76,0.00000100,0.0000000000341865,6596271,2019-02-06 02:36:05,BTC,7.415e-05,0.0,0.00000100,BTC,23.919354838709676,0.0,1.176e-05,24
0.0,[],25,[],2019-02-06 02:36:06,0.0,0,0,6596272,2019-02-06 02:36:06,,0.0,0.0,0.0,btc,0.0,0.0,0.0,24
0,[],2,[],2019-01-20 23:25:56,0.0,0,0,6476976,2019-01-20 23:25:56,,0.0,0.0,0,,0.0,0.0,0.0,26
1,[],4,[],2019-02-06 02:36:07,27892261.80324437,0.00000642,0.00000000021947733,6596273,2019-02-06 02:36:07,btc,0.4438225820675114,0.0,0.00000642,btc,38431.78868572,0.06036841,0.4760705176230469,26
1,[],10,[],2019-02-06 02:36:09,731063.84399312,0.00000589,0.00000000020135848500000001,6596274,2019-02-06 02:36:09,btc,25.976158771290635,13.78445605,0.00000589,btc,13175.68220723,0.0,0.2083750833237135,26
1,[],3,[],2019-02-06 02:22:13,5545978.03885143,0.00000001,0.000000000000341739,6595907,2019-02-06 02:22:13,btc,2.511010000782729,1277638.50713,0.00000001,btc,16179378.21420486,0.0,0.0554597803885143,27
1,[],5,[],2019-02-06 02:22:14,1e-08,0.00000001,0.000000000000341739,6595908,2019-02-06 02:22:14,btc,1.51475804,0.00025563,0.00000001,btc,4.69e-05,0.0,0.10908384,27
1,[],11,[],2019-02-06 02:22:15,10064996.7912115,0.00000005,0.000000000001708695,6595909,2019-02-06 02:22:15,btc,370.63310344475406,219.9,0.00000005,btc,8170877.7193934005,0.0,0.4661206184459823,27
1,[],4,[],2019-02-06 02:38:09,369761534.08910286,0.00000002,0.0000000000006837300000000001,6596275,2019-02-06 02:38:09,btc,3.532659576136862,0.0,0.00000002,btc,89155546.15542156,1.7198612,7.395230681782057,29
1,[],7,[],2019-02-06 02:38:10,39572091.23080665,0.00000003,0.000000000001025595,6596276,2019-02-06 02:38:10,btc,44465206.318328984,974706.575707,0.00000003,btc,43104565.89295752,0.0,0.7195243307740024,29
1,[],4,[],2019-02-06 02:38:11,1561526.12014739,0.00000032,0.000000000010939680000000001,6596277,2019-02-06 02:38:11,btc,0.2684390207989781,0.0,0.00000032,btc,550584.4955596,0.01552021,0.1287600383381866,30
0,[],17,[],2019-02-06 02:38:13,0.0,0,0,6596278,2019-02-06 02:38:13,btc,0.0,0.0,0,btc,0.0,0.0,0.0,30
1,[],4,[],2019-02-06 02:38:14,1142018.52371977,0.00006881,0.000000002352373065,6596279,2019-02-06 02:38:14,btc,1.42006981334483,0.0,0.00006881,btc,16990.91941698,0.92302098,2.460748442290168,31
1,[],21,[],2019-02-06 02:38:14,49071.06899449,0.00006993999999999999783034665413,0.00000000239100381,6596280,2019-02-06 02:38:14,btc,3.943594388091983,222079.11172655,0.000069939999999999997830346654126287830877117812633514404296875,btc,51310.68592349,15.63707205,3.1828511076121266,31
0,[],2,[],2019-01-20 23:28:43,0.0,0,0,6477009,2019-01-20 23:28:43,,0.0,0.0,0,,0.0,0.0,0.0,32
1,[],4,[],2019-02-06 02:38:15,150581696.2023068,0.00000005,0.000000000001709325,6596281,2019-02-06 02:38:15,btc,2.3777909861140056,0.0,0.00000005,"btc,ltc",46620277.00729186,1.61064028,2.7479586271067564,33
1,[],12,[],2019-02-06 02:38:17,17249420.0,0.00000005,0.000000000001709325,6596282,2019-02-06 02:38:17,btc,17261782.281973783,0.0,0.00000005,btc,89717993.82617365,0.0038024965234764,0.63170048,33
1,[],4,[],2019-02-06 02:38:18,131595759.58410583,0.00000002,0.0000000000006837300000000001,6596283,2019-02-06 02:38:18,btc,0.7719565075124847,0.0,0.00000002,btc,25731883.58374949,0.11387755,1.3660269195505372,34
1,[],5,[],2019-02-06 02:38:19,1e-08,0.00000001,0.00000000000034186500000000003,6596284,2019-02-06 02:38:19,btc,3.72201435,0.08155866,0.00000001,btc,1.343e-05,0.0,0.74015506,34
0.00000000009647120000000001,[],4,[],2019-02-06 02:29:56,1163638825.0149999,2.894136e-18,9.8876709372e-23,6596123,2019-02-06 02:29:56,ltc,7.520171471200473e-09,0.0,0.00000003,ltc,1588915547.2600186,0.0,2.299053067535568e-09,36
1,[],5,[],2019-02-06 02:29:57,0.0,0,0,6596124,2019-02-06 02:29:57,btc,194.29369847,0.0,0,btc,1.295e-05,0.0,0.0,36
0,[],17,[],2019-02-06 02:29:58,0.0,0,0,6596125,2019-02-06 02:29:58,btc,0.14185270822585663,0.0,0,btc,10826074.27743647,0.0,0.0,36
0.00000000009647120000000001,[],27,[],2019-02-06 02:30:01,1000000.0,1.929424e-18,6.591780624800001e-23,6596126,2019-02-06 02:30:01,ltc,447.7307980744,6.0,0.00000002,"ltc,eth",3711879.06,8.682408e-17,1.929424e-12,36
1,[],4,[],2019-02-06 02:38:20,340305.80024135,0.00000137,0.000000000046835505,6596285,2019-02-06 02:38:20,btc,0.4268437402328567,0.0,0.00000137,btc,234343.91475441,0.17756437,0.2612530328621805,37
1,[],12,[],2019-02-06 02:38:21,388915.50185239,0.000001390000000000000032391082004090687718189656152389943599700927734375,0.000000000047519235000000005,6596286,2019-02-06 02:38:21,btc,1337.852188410389,0.0,0.000001390000000000000032391082004090687718189656152389943599700927734375,btc,819276.00467652,0.4355864419200819,0.2425086000000124,37
1,[],17,[],2019-02-06 02:38:22,1752.74075282,0.00000025,0.000000000008546625,6596287,2019-02-06 02:38:22,btc,0.05548492396001214,0.0,0.00000025,btc,1387.19918473,0.0,0.00043818518820499993,37
1,[],27,[],2019-02-06 02:38:25,16833.0,0.00000052,0.00000000001777698,6596288,2019-02-06 02:38:25,btc,43.29621317030353,0.0,0.00000052,btc,29579.81438508,0.0,0.00570484,37
1,[],5,[],2019-02-06 02:38:26,1.508e-05,0.00000106,0.00000000003623769,6596289,2019-02-06 02:38:26,btc,0.10912607,0.02484208,0.00000106,btc,0.00011231,0.0,0.03922714,42
1,[],12,[],2019-02-06 02:38:27,145986.08602357,0.00000110999999999999996035831596741250137938550324179232120513916015625,0.000000000037947015,6596290,2019-02-06 02:38:27,btc,85.06969825884318,0.0,0.00000110999999999999996035831596741250137938550324179232120513916015625,btc,98933.42743482,0.0273795559818574,0.050970840000007296,42
0,[],27,[],2019-02-06 02:38:29,0.0,0,0,6596291,2019-02-06 02:38:29,,0.00315028,0.0,0,"btc,eth",11.007,0.0,0.0,42
1,[],5,[],2019-02-06 02:30:11,6e-08,0.00000003,0.000000000001024935,6596134,2019-02-06 02:30:11,btc,6.10740073,0.0,0.00000003,btc,1.425e-05,0.0,0.55728241,43
1,[],12,[],2019-02-06 02:30:12,6519946.0,0.00000002,0.00000000000068329,6596135,2019-02-06 02:30:12,btc,20007456.464672454,0.0,0.00000002,btc,38833161.74765234,0.0,0.06537777,43
0,[],17,[],2019-02-06 02:30:14,0.0,0,0,6596136,2019-02-06 02:30:14,btc,0.0,0.0,0,btc,0.0,0.0,0.0,43
1,[],12,[],2019-02-06 02:30:15,839588.0,0.00000006,0.0000000000020498699999999996,6596137,2019-02-06 02:30:15,btc,11115166.021784812,0.0,0.00000006,btc,989152.20179822,0.0007344698401591,0.02401114,44
1,[],4,[],2019-02-06 02:38:30,234614922.37239376,0.00000002,0.0000000000006837300000000001,6596292,2019-02-06 02:38:30,btc,0.18821099609188638,0.0,0.00000002,"btc,ltc",8492233.71947867,0.0,0.5347245788643861,49
0.00000000009647120000000001,[],4,[],2019-02-06 02:30:16,4914784221.2368965,1.929424e-18,6.591780624800001e-23,6596139,2019-02-06 02:30:16,ltc,4.645173503955888,0.0,0.00000002,ltc,1743620557.7379172,0.0,5.150885913177085e-09,52
0,[],22,[],2019-02-06 02:38:32,0.0,0,0,6596293,2019-02-06 02:38:32,,3693.16111,0.0,0,,247825727.90882352,0.0,0.0,57
0,[],27,[],2019-02-06 02:38:34,0.0,0,0,6596294,2019-02-06 02:38:34,,0.0,0.0,0,"btc,eth",0.0,0.0,0.0,57
0.0000000000965594,[],4,[],2019-02-06 02:38:35,1610876428.9059076,4.82797e-18,1.6505139640500002e-22,6596295,2019-02-06 02:38:35,ltc,3.2816298270902347,0.0,0.00000005,ltc,1148830316.8992732,0.00657951,5.083131048436673e-09,58
1,[],12,[],2019-02-06 02:38:37,2148205662.175957,0.0000000006,0.0000000000000205119,6596296,2019-02-06 02:38:37,btc,625181485533.3032,0.0,0.0000000006,btc,3374829797.9301696,0.007204587269230797,0.7947886831003391,58
0,[],17,[],2019-02-06 02:38:38,0.0,0,0,6596297,2019-02-06 02:38:38,btc,1e+24,0.0,0,btc,41616695.95832568,0.0,0.0,58
0.0000000001244323,[],22,[],2019-02-06 02:38:49,137438.0,1.244323e-18,4.25390482395e-23,6596298,2019-02-06 02:38:49,XMR,69.8835922,0.0,0.00000001,XMR,9887963.0,0.0,0.00137438,58
1,[],5,[],2019-02-06 02:38:51,6.42e-06,0.00000061,0.000000000020853765,6596299,2019-02-06 02:38:51,btc,0.28467001,0.00287562,0.00000061,btc,0.00012862,0.0,0.04465424,61
1,[],22,[],2019-02-06 02:38:54,5111.5,0.00000011,0.000000000003760515,6596300,2019-02-06 02:38:54,BTC,1002.29606732,0.0,0.00000011,BTC,15028.700278135757,0.0,0.00051178,61
1,[],26,[],2019-02-06 02:38:54,0.0,0.00000800,0.000000000273492,6596301,2019-02-06 02:38:54,btc,0.0,0.0,0.00000800,btc,0.0,0.0,0.0,61
1,[],27,[],2019-02-06 02:38:56,100.0,0.00000032,0.000000000010939680000000001,6596302,2019-02-06 02:38:56,btc,0.077778,0.0,0.00000032,"btc,eth",154.84,0.0,3.1e-05,61
1,[],28,[],2019-02-06 02:38:58,6884.304,0.0000006,0.0000000000205119,6596303,2019-02-06 02:38:58,btc,2.064613633700105,750.0,0.0000006,btc,11345.10450005,0.0,0.00216611304,61
1,[],4,[],2019-02-06 02:31:03,669627.62536015,0.00000188,0.00000000006422926,6596151,2019-02-06 02:31:03,btc,0.7485396685182646,0.0,0.00000188,btc,225926.66169801,0.32302904,0.7235823199574389,67
0.0,[],25,[],2019-02-06 02:31:05,0.0,0,0,6596152,2019-02-06 02:31:05,,0.0,0.0,0.0,btc,0.0,0.0,0.0,67
1,[],12,[],2019-02-06 02:38:59,2730685.44122222,0.00000021,0.000000000007179165000000001,6596304,2019-02-06 02:38:59,btc,11115995.64647924,0.0,0.00000021,btc,2362757.28231767,0.034336993072511,0.1018220564411112,71
,[],5,[],2018-11-20 23:02:39,1.5e-07,0.00000005,0.000000000002128045,4862160,2018-11-20 23:02:39,btc,2.84511358,0.0,,btc,0.00036572,0.0,0.07381892,74
1,[],5,[],2019-01-25 15:53:51,3.303e-05,0.00000156,0.000000000055588884,6499610,2019-01-25 15:53:51,btc,1.42844212,0.0,0.00000156,btc,0.00015937,0.0,0.49487621,75
1,[],4,[],2019-02-06 02:23:21,71007797.82492337,0.00000001,0.000000000000341739,6595951,2019-02-06 02:23:21,btc,0.8140611123105091,0.0,0.00000001,btc,15190754.69973608,0.0,0.7100779782492337,81
0,[],20,[],2019-01-25 09:30:31,0.0,0,0,6495923,2019-01-25 09:30:31,btc,0.0,0.0,0,btc,0.0,0.0,0.0,81
1,[],4,[],2019-02-06 02:31:07,23956.08635454,0.00007212,0.0000000024639437399999998,6596154,2019-02-06 02:31:07,btc,0.966252958614721,0.0,0.00007212,btc,8581.10210946,0.06249716,0.0988262449724931,82
1,[],21,[],2019-02-06 02:31:08,82067.30244038999,0.00007514999999999999707577663655,0.000000002567462175,6596155,2019-02-06 02:31:08,btc,3.2488202013090643,1440.70343324,0.000075149999999999997075776636545896280949818901717662811279296875,btc,37321.09356721,0.10939276,4.109571447748658,82
0,[],17,[],2019-02-06 02:39:01,0.0,0,0,6596305,2019-02-06 02:39:01,btc,0.0447233088476774,0.0,0,btc,999127.19588126,0.0,0.0,84
0.00000000009647120000000001,[],4,[],2019-02-06 02:31:09,333796372.84240305,1.1576544e-17,3.95506837488e-22,6596156,2019-02-06 02:31:09,ltc,0.19569063222861077,0.0,0.00000012,ltc,68591998.35119756,0.0001,1.2875253678617028e-09,85
,[],22,[],2018-11-20 23:09:34,3408.1,0.0000001,0.0000000000041895,4862324,2018-11-20 23:09:34,BTC,0.04624735,0.0,,BTC,4990.0,0.0,0.00033081,86
1,[],22,[],2019-02-06 02:39:05,740.0,0.00000005,0.000000000001709325,6596306,2019-02-06 02:39:05,BTC,2.07746772,0.0,0.00000005,BTC,141362.94736842104,0.0006732,3.7e-05,87
0,[],27,[],2019-02-06 02:39:07,0.0,0,0,6596307,2019-02-06 02:39:07,,0.0,0.0,0,btc,0.0,0.0,0.0,87
,[],2,[],2018-11-20 23:10:47,0.0,0,0,4862359,2018-11-20 23:10:47,,0.0,0.0,,,0.0,0.0,0.0,88
1,[],11,[],2019-02-06 02:31:17,97924.56971005,0.00017721999999999998713119675475269332309835590422153472900390625,0.000000006054632689999999,6596159,2019-02-06 02:31:17,btc,245.80704074768107,10.0,0.00017721999999999998713119675475269332309835590422153472900390625,btc,183974.81815036,0.0,6.889920559898634,89
0,[],2,[],2019-01-20 23:31:45,0.0,0,0,6477083,2019-01-20 23:31:45,,0.0,0.0,0,,0.0,0.0,0.0,91
1,[],12,[],2019-02-06 02:23:35,457139.86746673,0.00000375000000000000009500321536404232602990305167622864246368408203125,0.000000000128152125,6595959,2019-02-06 02:23:35,btc,1115.5050993810205,0.0,0.00000375000000000000009500321536404232602990305167622864246368408203125,btc,36741.56418934,0.0036492182476344,0.1106245086998809,91
0,[],17,[],2019-02-06 02:23:37,0.0,0,0,6595960,2019-02-06 02:23:37,btc,0.0,0.0,0,btc,0.0,0.0,0.0,91
0.0000000000965594,[],22,[],2019-02-06 02:39:12,28845304.0,5.793564e-18,1.9806167568600002e-22,6596308,2019-02-06 02:39:12,LTC,8.80758359,0.0,0.00000006,LTC,76429729.6,1.55929912684e-12,1.18962528,95
0.0000000000965594,[],4,[],2019-02-06 02:39:12,132703961.05495846,9.2697024e-17,3.1689868109760004e-21,6596309,2019-02-06 02:39:12,ltc,0.892259591943663,0.0,0.00000096,ltc,45424285.94796544,0.01383722,6.989264530215507e-10,96
0,[],12,[],2019-02-06 02:39:13,0.0,0,0,6596310,2019-02-06 02:39:13,btc,255063.4736769956,0.0,0,btc,8816650.33297676,0.00223403,0.0,96
0,[],17,[],2019-02-06 02:39:15,0.0,0,0,6596311,2019-02-06 02:39:15,btc,0.0,0.0,0,btc,0.0,0.0,0.0,96
1,[],4,[],2019-02-06 02:31:27,1428691.90889665,0.00000035,0.000000000011957574999999999,6596164,2019-02-06 02:31:27,btc,0.26030472060225,0.0,0.00000035,btc,452437.23531413,0.08210773,0.1128414753217173,99
1,[],4,[],2019-02-06 02:31:30,67085.08911528,0.00004270,0.00000000145882415,6596165,2019-02-06 02:31:30,btc,1.2671802922622113,0.0,0.00004270,btc,27034.8509212,0.90977044,2.6527878271335594,100
0,[],2,[],2019-01-20 23:23:55,0.0,0,0,6476914,2019-01-20 23:23:55,,0.0,0.0,0,,0.0,0.0,0.0,100
1,[],22,[],2019-02-06 02:31:35,50000.0,0.00000001,0.000000000000341645,6596166,2019-02-06 02:31:35,BTC,23.50383609,0.0,0.00000001,BTC,11277.22,0.0,0.0005,101
1,[],4,[],2019-02-06 02:31:35,161753.2656691,0.00000102,0.00000000003484779,6596167,2019-02-06 02:31:35,btc,0.3897807908529193,0.0,0.00000102,btc,145146.95907816,0.00821584,0.1107960322909203,103
1,[],12,[],2019-02-06 02:31:38,67256592.5303887,0.000000016,0.000000000000546632,6596168,2019-02-06 02:31:38,btc,138278918.82305768,0.0,0.000000016,btc,131214073.70404309,0.08493047088449132,0.4409578294862192,105
1,[],27,[],2019-02-06 02:31:39,10161405.89,0.00000001,0.000000000000341645,6596169,2019-02-06 02:31:39,btc,0.620832568896094,0.0,0.00000001,btc,708411.74181977,0.0,0.1016140589,105
0,[],22,[],2019-02-06 02:39:17,0.0,0,0,6596312,2019-02-06 02:39:17,,1.07253299,0.0,0,,94300.0,0.0,0.0,107
1,[],26,[],2019-02-06 02:39:17,0.0,0.00000000,0,6596313,2019-02-06 02:39:17,btc,0.0,0.0,0.00000000,btc,0.0,0.0,0.0,107
1,[],5,[],2019-02-06 02:31:41,3e-08,0.00000002,0.00000000000068329,6596170,2019-02-06 02:31:41,btc,2.8274763,0.02914772,0.00000002,btc,1.649e-05,0.0,0.12165088,112
1,[],22,[],2019-02-06 02:31:44,16833.0,0.00000001,0.000000000000341645,6596171,2019-02-06 02:31:44,BTC,2.81683288,0.0,0.00000001,BTC,808529.0833333334,0.0,0.00016833,112
0.0000000003015326,[],27,[],2019-02-06 02:31:46,500000.0,3.015326e-18,1.03017105127e-22,6596172,2019-02-06 02:31:46,eth,1.25132491849924,0.0,0.00000001,"btc,eth",1327.641654,0.0,1.5076630000000002e-12,112
1,[],4,[],2019-02-06 02:39:18,503159.98722172,0.00000426,0.00000000014563449,6596314,2019-02-06 02:39:18,btc,0.4313927959911628,0.0,0.00000426,btc,77780.04010928,0.03540857,0.4002137408707278,113
1,[],5,[],2019-02-06 02:39:20,2.983e-05,0.00000401,0.00000000013708786500000002,6596315,2019-02-06 02:39:20,btc,2.29629584,0.00012566,0.00000401,btc,0.00343904,0.0,0.28311944,113
1,[],17,[],2019-02-06 02:31:51,174538.724,0.00000004,0.00000000000136658,6596175,2019-02-06 02:31:51,btc,1.3368030273902778,0.0,0.00000004,btc,51896.221,0.0,0.00308154896,116
0,[],27,[],2019-02-06 02:31:53,0.0,0,0,6596176,2019-02-06 02:31:53,,0.0,0.0,0,btc,0.0,0.0,0.0,116
1,[],4,[],2019-02-06 02:39:21,33402.21558468,0.00002635,0.000000000900814275,6596316,2019-02-06 02:39:21,btc,0.4963283360422534,0.0,0.00002635,btc,16183.42808384,0.32846391,0.6421684585292854,120
1,[],7,[],2019-02-06 02:39:22,15073.987419430001,0.00001809000000000000128838779922535451305520837195217609405517578125,0.0000000006184337850000001,6596317,2019-02-06 02:39:22,btc,88979.22167053168,0.0,0.00001809000000000000128838779922535451305520837195217609405517578125,btc,29620.75504803,0.0,0.13500620953807982,120
1,[],20,[],2019-02-06 02:32:00,1624519.8906,0.000000014,0.000000000000478303,6596179,2019-02-06 02:32:00,btc,33.7483191531607,2508.3,0.000000014,btc,1052781.1766,3.51162e-05,0.0090170970172,125
1,[],22,[],2019-02-06 02:32:05,3053.0,0.00000001,0.000000000000341645,6596180,2019-02-06 02:32:05,BTC,0.01444889,0.0,0.00000001,BTC,296264.5111111111,0.0,3.053e-05,126
1,[],4,[],2019-02-06 02:32:06,164609.75979422,0.00001668,0.00000000056986386,6596181,2019-02-06 02:32:06,btc,0.5444627915906912,0.0,0.00001668,btc,26302.96339414,0.42189537,0.7204856703019786,131
0,[],17,[],2019-02-06 02:32:08,0.0,0,0,6596182,2019-02-06 02:32:08,btc,0.0009561751951600001,0.0,0,btc,35.42829368,0.0,0.0,131
0,[],2,[],2019-01-20 23:25:46,0.0,0,0,6476969,2019-01-20 23:25:46,,0.0,0.0,0,,0.0,0.0,0.0,131
1,[],4,[],2019-02-06 02:39:22,4710.74084008,0.00016000,0.000000005469840000000001,6596318,2019-02-06 02:39:22,btc,1.6407837262113614,0.0,0.00016000,btc,302.35845559,0.0,0.0183649833640423,135
1,[],3,[],2019-02-06 02:32:09,1848885.33745658,0.00000006,0.0000000000020498699999999996,6596184,2019-02-06 02:32:09,btc,0.1432382222684597,17255.5,0.00000006,btc,458699.77862585,0.0,0.0685179765733244,136
1,[],4,[],2019-02-06 02:32:10,90049.47220635,0.00000177,0.00000000006047116499999999,6596185,2019-02-06 02:32:10,btc,0.0756982125403313,0.0,0.00000177,btc,34302.80297434,0.01822779,0.1231429408425652,137
1,[],12,[],2019-02-06 02:32:11,317897.62730782,0.00000172000000000000004922169442866941579950434970669448375701904296875,0.00000000005876294,6596186,2019-02-06 02:32:11,btc,11982.945911542616,0.0,0.00000172000000000000004922169442866941579950434970669448375701904296875,btc,157797.11367318,0.0020900763249246,0.06331402433509101,137
1,[],5,[],2019-02-06 02:32:13,0.00183145,0.00004520,0.0000000015442354,6596187,2019-02-06 02:32:13,btc,2.43436612,2.5350831,0.00004520,btc,0.00263851,0.0,2.03690595,142
1,[],17,[],2019-02-06 02:32:15,12500.0,0.0000001,0.0000000000034164499999999996,6596188,2019-02-06 02:32:15,btc,20.261021578894834,0.0,0.0000001,btc,5931.99821453,0.0,0.00125,142
1,[],20,[],2019-02-06 02:32:17,149884.9734,0.00004055,0.0000000013853704749999999,6596189,2019-02-06 02:32:17,btc,3.117606365767,1177.5554,0.00004055,btc,6014.3882,0.05223396059,0.2560331058108,142
1,[],22,[],2019-02-06 02:32:20,962.0,0.00001800,0.000000000614961,6596190,2019-02-06 02:32:20,BTC,3.00449528,0.0,0.00001800,BTC,899.098,0.0,0.0001637,142
0.0,[],25,[],2019-02-06 02:32:21,0.0,0,0,6596191,2019-02-06 02:32:21,,0.0,0.0,0.0,btc,0.0,0.0,0.0,142
1,[],28,[],2019-02-06 02:32:23,79265.0,0.00004400,0.0000000015032379999999999,6596192,2019-02-06 02:32:23,btc,0.04554194,1122.9444,0.00004400,btc,921.772,0.0,0.0585837,142
0,[],22,[],2019-02-06 02:39:25,0.0,0,0,6596319,2019-02-06 02:39:25,,60.35647098,0.0,0,,815052049.8,0.0,0.0,143
1,[],21,[],2019-02-06 02:32:26,31308420.52735572,0.00000026,0.000000000008882769999999999,6596194,2019-02-06 02:32:26,btc,54.73108178569342,2779358.96973064,0.00000026,btc,95691435.55268487,0.73067381,4.3847503347471175,145
0,[],22,[],2019-02-06 02:24:58,0.0,0,0,6595998,2019-02-06 02:24:58,,3.33248929,0.0,0,,1970827.5,0.0,0.0,146
,[],22,[],2018-11-20 23:01:11,0.0,0,0,4862114,2018-11-20 23:01:11,,2.56807021,0.0,,,61828.4988236,0.0,0.0,147
1,[],12,[],2019-02-06 01:24:46,8691244.13608437,0.000003360000000000000017360245185837896997327334247529506683349609375,0.00000000011482833600000001,6595612,2019-02-06 01:24:46,btc,16.531051437899798,0.0,0.000003360000000000000017360245185837896997327334247529506683349609375,btc,116209.21522138,0.0104070513601741,0.1339853299996846,148
1,[],4,[],2019-02-06 02:32:28,308508.84203134,0.00000028,0.00000000000956606,6596195,2019-02-06 02:32:28,btc,0.9213102108322636,0.0,0.00000028,btc,819380.83819925,0.0,0.0682596103656023,152
0,[],22,[],2019-02-06 02:32:30,0.0,0,0,6596196,2019-02-06 02:32:30,,0.0,0.0,0,,0.0,0.0,0.0,152
1,[],5,[],2019-02-06 02:25:06,0.0,0,0,6596001,2019-02-06 02:25:06,btc,4.41894381,0.0,0,btc,0.00161275,0.0,0.0,153
,[],16,[],2019-01-11 15:38:59,0.0,0,0,6366141,2019-01-11 15:38:59,btc,0.0,0.0,,btc,0.0,0.0,0.0,155
0,[],22,[],2019-02-06 02:32:33,0.0,0,0,6596197,2019-02-06 02:32:33,,6.73312347,0.0,0,,4564272.742592593,0.0,0.0,156
0,[],23,[],2019-01-20 23:24:29,0.0,0,0,6476932,2019-01-20 23:24:29,,0.0,0.0,0,,0.0,0.0,0.0,156
1,[],22,[],2019-02-06 02:39:28,7906.0,0.00000801,0.00000000027383386500000003,6596320,2019-02-06 02:39:28,BTC,43.78801181,0.0,0.00000801,BTC,1067.5805334758436,0.0,0.00743836,157
0,[],22,[],2019-02-06 02:25:16,0.0,0,0,6596004,2019-02-06 02:25:16,,50175.6753658,0.0,0,,54007107.04179466,0.0,0.0,158
,[],17,[],2018-11-20 22:56:10,0.0,0,0,4861976,2018-11-20 22:56:10,btc,1.1265625,0.0,,btc,1000.0,0.0,0.0,159
,[],20,[],2018-11-20 22:56:12,0.0,0,0,4861977,2018-11-20 22:56:12,btc,11912.7940471,0.0,,btc,34413894.3617,0.0,0.0,159
1,[],12,[],2019-02-06 02:32:38,193968.61113651,0.000008559999999999999358533953053296272628358565270900726318359375,0.00000000029244811999999996,6596199,2019-02-06 02:32:38,btc,6.687239745561467,0.0,0.000008559999999999999358533953053296272628358565270900726318359375,btc,14824.94457607,0.0056973545679738,0.09112951950008799,168
1,[],17,[],2019-02-06 02:32:40,29784.95,0.000001,0.000000000034164499999999995,6596200,2019-02-06 02:32:40,btc,0.03026736251542,0.0,0.000001,btc,144.46171372,0.0,0.00716147,168
0,[],22,[],2019-02-06 02:32:42,0.0,0,0,6596201,2019-02-06 02:32:42,,1.14688224,0.0,0,,677302.5900917595,0.0,0.0,169
1,[],22,[],2019-02-06 02:25:26,208086.64375,0.00000032,0.000000000010935648,6596008,2019-02-06 02:25:26,BTC,10.3271135,0.0,0.00000032,BTC,119635.6743912725,0.0007135,0.02607533,171
1,[],22,[],2019-02-06 02:32:55,257388.31547619047,0.00000024,0.00000000000819948,6596202,2019-02-06 02:32:55,BTC,2.65581894,0.0,0.00000024,BTC,232438.90063751178,7.798e-05,0.02462061,173
1,[],5,[],2019-02-06 02:32:57,2.708e-05,0.00000332,0.00000000011342614,6596203,2019-02-06 02:32:57,btc,0.36495424,0.0344472,0.00000332,btc,0.00029262,0.0,0.73389925,175
1,[],22,[],2019-02-06 02:33:00,66449.25714285714,0.00000052,0.000000000017765539999999998,6596204,2019-02-06 02:33:00,BTC,0.63358303,0.0,0.00000052,BTC,155090.40184992214,0.0,0.02434957,176
1,[],7,[],2019-02-06 02:33:02,0.0,0,0,6596205,2019-02-06 02:33:02,btc,233187.8026514405,0.0,0,btc,115099540.36229606,0.0,0.0,178
0,[],22,[],2019-02-06 02:33:05,0.0,0,0,6596206,2019-02-06 02:33:05,,1.00242428,0.0,0,,57512.0,0.0,0.0,178
0,[],2,[],2019-01-20 23:28:34,0.0,0,0,6477001,2019-01-20 23:28:34,,0.0,0.0,0,,0.0,0.0,0.0,178
1,[],5,[],2019-02-06 02:33:06,3e-08,0.00000002,0.00000000000068329,6596207,2019-02-06 02:33:06,btc,17.04048668,0.03699477,0.00000002,btc,2.088e-05,0.0,1.04973138,179
1,[],22,[],2019-02-06 02:33:16,8340773.0,0.00000002,0.00000000000068329,6596208,2019-02-06 02:33:16,BTC,5.51464256,0.0,0.00000002,"BTC,LTC",18613207.7353233,0.0,0.3940753,179
0,[],23,[],2019-01-20 23:25:08,0.0,0,0,6476952,2019-01-20 23:25:08,,0.0,0.0,0,,0.0,0.0,0.0,179
1,[],17,[],2019-02-06 02:33:18,10504.725,0.0000001,0.0000000000034164499999999996,6596209,2019-02-06 02:33:18,btc,5.206166879876621,0.0,0.0000001,btc,6755.0074587,0.0,0.0010504725,180
1,[],22,[],2019-02-06 02:33:22,39271.94545454546,0.00000011,0.000000000003758095,6596210,2019-02-06 02:33:22,BTC,0.09645713,0.0,0.00000011,"BTC,LTC",17090.39315481,2.75e-05,0.00410637,180
1,[],26,[],2019-02-06 02:33:22,0.0,0.00000010,0.00000000000341645,6596211,2019-02-06 02:33:22,btc,0.0,0.0,0.00000010,btc,0.0,0.0,0.0,180
,[],7,[],2018-11-20 22:58:01,562227.975654,0.00000085,0.000000000036176765,4862015,2018-11-20 22:58:01,btc,21836.6059674,2491.87645172,,btc,749999.041456,0.00211021,0.127565380455,183
,[],5,[],2019-01-10 08:11:41,0.0,0,0,6347036,2019-01-10 08:11:41,btc,82.15055501,0.00261,,btc,1.19002445,0.0,0.0,187
1,[],24,[],2019-02-06 02:33:23,0.0,0.000000000001,3.41645e-17,6596212,2019-02-06 02:33:23,btc,0.0,0.0,0.000000000001,btc,0.0,0.0,0.0,187
,[],17,[],2018-11-16 20:58:10,4062536.27273,0.00000001,0.000000000000550501,4708775,2018-11-16 20:58:10,btc,3.36492563466,0.195460381006,,"btc,eth",110697919.549,0.0,0.0157628953496,187
0,[],22,[],2019-02-06 02:33:31,0.0,0,0,6596213,2019-02-06 02:33:31,,1.19383767,0.0,0,,14406.036201072173,0.0,0.0,191
0,[],22,[],2019-02-06 02:25:58,0.0,0,0,6596021,2019-02-06 02:25:58,,0.0,0.0,0,,0.0,0.0,0.0,197
0,[],23,[],2019-01-20 23:31:41,0.0,0,0,6477079,2019-01-20 23:31:41,,0.0,0.0,0,,0.0,0.0,0.0,199
1,[],26,[],2019-02-06 02:33:31,0.0,0.00000000,0,6596214,2019-02-06 02:33:31,btc,0.0,745642.0,0.00000000,btc,0.0,0.0,0.0,199
0,[],17,[],2019-01-30 16:32:01,0.0,0,0,6540827,2019-01-30 16:32:01,btc,6.802544163788159,0.0,0,btc,105897.55575295,0.0,0.0,200
0,[],2,[],2019-01-20 23:30:49,0.0,0,0,6477059,2019-01-20 23:30:49,,0.0,0.0,0,,0.0,0.0,0.0,201
1,[],4,[],2019-01-25 15:51:35,2084389.58565343,0.00000936,0.000000000333526752,6499557,2019-01-25 15:51:35,btc,2.0092503037378524,0.0,0.00000936,btc,160195.80207885,0.19272417,1.242687955921835,211
1,[],7,[],2019-02-06 02:33:34,12159482.10238097,0.00000141999999999999995691814247411599581027985550463199615478515625,0.000000000048513589999999994,6596215,2019-02-06 02:33:34,btc,16567795.64364031,664984.786673,0.00000141999999999999995691814247411599581027985550463199615478515625,btc,13019131.00387717,0.0,4.457877263416694,212
1,[],5,[],2019-02-06 02:33:35,4.6e-06,0.00000033,0.000000000011274285,6596216,2019-02-06 02:33:35,btc,1.21202332,0.15369552,0.00000033,btc,3.093e-05,0.0,0.19902949,213
1,[],24,[],2019-02-06 02:33:35,0.0,0.000000050000,0.000000000001708225,6596217,2019-02-06 02:33:35,btc,0.0,0.0,0.000000050000,btc,0.0,0.0,0.0,213
1,[],12,[],2019-01-25 02:44:32,207462.42853209,0.000001080000000000000035831255497387193287295303889550268650054931640625,0.000000000038610756000000006,6493050,2019-01-25 02:44:32,btc,85023.03793723314,0.0,0.000001080000000000000035831255497387193287295303889550268650054931640625,btc,43675.73520027,0.000146250909087,0.0348620860622024,213
1,[],26,[],2019-02-06 02:33:36,0.0,0.00000009,0.000000000003074805,6596218,2019-02-06 02:33:36,btc,0.0,0.0,0.00000009,btc,0.0,0.0,0.0,213
1,[],22,[],2019-02-06 02:33:45,298200.0,0.00000003,0.000000000001024935,6596219,2019-02-06 02:33:45,BTC,70.20492877,0.0,0.00000003,BTC,291693.63137942314,0.0,0.007318,216
1,[],27,[],2019-02-06 02:33:47,5049502.0,0.00000002,0.00000000000068329,6596220,2019-02-06 02:33:47,btc,313.98521709952,6901.0,0.00000002,"btc,ltc",290275.48811,0.00103515,0.05099104,216
1,[],22,[],2019-02-06 02:33:51,268720.40229008725,0.00000190,0.00000000006491255,6596221,2019-02-06 02:33:51,BTC,12677.50330548,0.0,0.00000190,BTC,461111.81940032623,0.03313971,0.34681597,217
1,[],7,[],2019-02-06 02:33:52,0.0,0,0,6596222,2019-02-06 02:33:52,btc,77970.02600413912,0.0,0,btc,134531561.1214003,0.0,0.0,219
0,[],27,[],2019-02-06 02:33:54,0.0,0,0,6596223,2019-02-06 02:33:54,,5.3418937883169715,0.0,0,btc,1605140.99226592,0.0,0.0,219
0.0000000000000054,[],28,[],2019-02-06 02:33:56,205435180.397,6.0210000000000005e-18,2.0570445450000001e-22,6596224,2019-02-06 02:33:56,doge,88554.0318717675,13879.0,0.00111500,"btc,doge",4969437.84751,0.0,2.8148107900920895e-11,219
1,[],22,[],2019-02-06 02:34:09,214454.0,0.00000065,0.000000000022206925,6596225,2019-02-06 02:34:09,BTC,3.00456253,0.0,0.00000065,BTC,36477.55212317522,0.00762404,0.02680819,221
1,[],24,[],2019-02-06 02:34:09,0.0,0.000000500000,0.00000000001708225,6596226,2019-02-06 02:34:09,btc,0.0,0.0,0.000000500000,btc,0.0,0.0,0.0,221
1,[],20,[],2019-02-06 02:34:11,6252535.8573,0.000000008,0.000000000000273316,6596227,2019-02-06 02:34:11,btc,5.991676722027,895854.9938,0.000000008,btc,7429241.6396,0.008921521619,0.014957640494,224
0,[],22,[],2019-02-06 02:34:13,0.0,0,0,6596228,2019-02-06 02:34:13,,0.0,0.0,0,,0.0,0.0,0.0,224
1,[],26,[],2019-02-06 02:34:14,0.0,0.00000022,0.00000000000751619,6596229,2019-02-06 02:34:14,btc,0.0,0.0,0.00000022,btc,0.0,0.0,0.0,231
1,[],26,[],2019-02-06 02:34:14,0.0,0.00000005,0.000000000001708225,6596230,2019-02-06 02:34:14,btc,0.0,0.0,0.00000005,btc,0.0,0.0,0.0,234
0,[],27,[],2019-02-06 02:34:16,0.0,0,0,6596231,2019-02-06 02:34:16,,0.0113483662182,0.0,0,"btc,eth",11462.99618,0.0,0.0,234
0,[],22,[],2019-02-06 02:34:19,0.0,0,0,6596232,2019-02-06 02:34:19,,2.74083176,0.0,0,,97181604.56349206,0.0,0.0,235
1,[],4,[],2019-02-06 02:34:20,776145.07658074,0.00000054,0.000000000018448829999999998,6596233,2019-02-06 02:34:20,btc,0.1586951293105488,0.0,0.00000054,btc,166769.12803575,0.05085647,0.1522981375671412,236
1,[],24,[],2019-02-06 02:34:20,0.0,0.000000010000,0.000000000000341645,6596234,2019-02-06 02:34:20,btc,0.0,0.0,0.000000010000,btc,0.0,0.0,0.0,236
1,[],20,[],2019-02-06 02:34:22,20317555.4524,0.000000058,0.000000000001981541,6596235,2019-02-06 02:34:22,btc,16.2923554690129,15675247.9284,0.000000058,btc,26614931.9662,0.9346249084518,0.3503141217215,237
1,[],22,[],2019-02-06 02:34:26,10000.0,0.00000001,0.000000000000341645,6596236,2019-02-06 02:34:26,BTC,0.04083605,0.0,0.00000001,BTC,4179.0,0.0,0.0001,237
1,[],4,[],2019-02-06 02:34:27,4500987.41363177,0.00000033,0.000000000011274285,6596237,2019-02-06 02:34:27,btc,0.537201762520291,0.0,0.00000033,btc,1388035.87876569,0.14476845,1.3918316606409953,238
1,[],5,[],2019-02-06 02:34:28,4.25e-06,0.00000033,0.000000000011274285,6596238,2019-02-06 02:34:28,btc,0.72834021,0.00449949,0.00000033,btc,2.957e-05,0.0,0.3234776,238
1,[],22,[],2019-02-06 02:34:33,143322.66666666666,0.00000003,0.000000000001024935,6596239,2019-02-06 02:34:33,BTC,15.41377576,0.0,0.00000003,BTC,297082.0639027493,0.00115939,0.00429968,249
0.00000000009647120000000001,[],22,[],2019-02-06 02:34:36,1258373.0,2.894136e-18,9.8876709372e-23,6596240,2019-02-06 02:34:36,LTC,4.03395063,0.0,0.00000003,LTC,14505871.09,1.52451507936e-13,0.03675421,252
1,[],28,[],2019-02-06 02:34:38,2361215.186,0.0000001,0.00000000000341645,6596241,2019-02-06 02:34:38,btc,164692.29823242893,72331.64,0.0000001,btc,666769.1485,0.0,0.0824220263,256
1,[],22,[],2019-02-06 02:34:41,116442.0,0.00000001,0.000000000000341645,6596242,2019-02-06 02:34:41,BTC,30.20680659,0.0,0.00000001,BTC,459125.98909895687,0.0,0.00116442,258
1,[],22,[],2019-01-26 20:58:41,368451.0,0.00000001,0.000000000000356135,6510120,2019-01-26 20:58:41,BTC,2.642917,0.0,0.00000001,"BTC,LTC",1862.0,0.0,0.02488451,259
1,[],22,[],2019-02-06 02:34:44,5588.601333333333,0.00000750,0.00000000025623375,6596243,2019-02-06 02:34:44,BTC,111115.78292159,0.0,0.00000750,BTC,5739.258627904206,0.02703022,0.03431891,262
1,[],5,[],2019-02-06 02:34:46,5.355e-05,0.00000316,0.00000000010795982,6596244,2019-02-06 02:34:46,btc,0.83190064,0.04559685,0.00000316,btc,0.00049735,0.0,0.20468692,264
1,[],20,[],2019-02-06 02:34:48,1167173.2539,0.00000256,0.00000000008746112,6596245,2019-02-06 02:34:48,btc,5.0445670099951,7868.9163,0.00000256,btc,95643.7948,0.0326902441624,0.023988667949,264
1,[],22,[],2019-02-06 02:34:51,124396.0,0.00000002,0.00000000000068329,6596246,2019-02-06 02:34:51,BTC,8.53178956,0.0,0.00000002,BTC,344537.1584647885,0.00014442,0.00199029,271
0,[],22,[],2019-02-06 02:34:53,0.0,0,0,6596247,2019-02-06 02:34:53,,369.95049049,0.0,0,,14650343738.9,0.0,0.0,272
0.0000000000000054,[],28,[],2019-02-06 02:34:55,250787049709.142,6.6420000000000006e-21,2.26920609e-25,6596248,2019-02-06 02:34:55,doge,298867350.1899389,16674895209.4997,0.00000123,doge,164895691118.44128,0.0,8.7081523164159e-10,272
1,[],22,[],2019-02-06 02:34:59,50530.0,0.00000003,0.000000000001024935,6596249,2019-02-06 02:34:59,BTC,0.022001,0.0,0.00000003,BTC,3.0,1e-06,0.0013159,281
