pairValue,buyBook,exchangeId,sellBook,updated,buyTotal,satoshiPrice,usdPrice,exchangeLogId,created,bestPair,sellTotalBtc,volume,pairPrice,activePairs,sellTotal,volumeBtc,buyTotalBtc,coinId
1,[],3,[],2019-07-16 16:45:19,31523.467134556002,0.0078667800000000003002309512112333322875201702117919921875,0.000000789764137794,7825773,2019-07-16 16:45:19,btc,9.344206846468806,52.8418571632,0.0078667800000000003002309512112333322875201702117919921875,btc,35.556475653810004,0.0,0.21204998117945412,1
1,[],4,[],2019-07-16 16:45:20,208267.58337129,0.00772458,0.000000775488352734,7825774,2019-07-16 16:45:20,btc,11.374930126724179,0.0,0.00772458,btc,505.78930864,0.8275875,0.6546890189949597,1
1,[],12,[],2019-07-16 16:45:25,87.45785327,0.00783999999999999974686915038546430878341197967529296875,0.000000787075632,7825775,2019-07-16 16:45:25,btc,0.6417719860587,0.0,0.00783999999999999974686915038546430878341197967529296875,btc,28.66151366,1.131891888664,0.1717324013846,1
1,[],20,[],2019-07-16 16:45:27,924.027,0.0082,0.00000082321686,7825776,2019-07-16 16:45:27,btc,0.2246641384167,1.2137,0.0082,btc,18.755,0.0102429390537,0.1149446057639,1
1,[],21,[],2019-07-16 16:45:28,2840.73418751,0.007860070000000000250972576055,0.000000789090505461,7825777,2019-07-16 16:45:28,btc,8.588953867863676,6122.63371366,0.0078600700000000002509725760546643869020044803619384765625,"btc,eth",1161.56029493,45.67305781873568,18.439163864883167,1
1,[],22,[],2019-07-16 16:45:32,1.1399,0.00800000,0.0000008031383999999999,7825778,2019-07-16 16:45:32,BTC,0.01739824,0.0,0.00800000,BTC,0.3195712944891207,0.0,0.00213189,1
1,[],24,[],2019-07-16 16:45:33,0.0,0.000000000000,0,7825779,2019-07-16 16:45:33,btc,0.0,0.0,0.000000000000,btc,0.0,0.0,0.0,1
0.0,[],25,[],2019-07-16 16:45:33,0.0,0,0,7825780,2019-07-16 16:45:33,btc,28.699999999064765,7626.36900291,0.0,btc,3529.32324653,62.2084,0.0,1
1,[],26,[],2019-07-16 16:45:36,0.0,0,0,7825781,2019-07-16 16:45:36,,0.0,0.0,0,,0.0,0.0,0.0,1
1,[],28,[],2019-07-16 16:45:48,1040.4,0.007836670000,0.000000786741325641,7825782,2019-07-16 16:45:48,btc,0.368917346,124462.821,0.007836670000,btc,23.9752,0.0,0.272022766,1
1,[],10,[],2019-07-13 08:58:05,251434.9725798,0.00271069,0.00000031407274150500003,7812232,2019-07-13 08:58:05,btc,6515.317158446701,1686.04548878,0.00271069,btc,2002.66956917,0.0,1.2639712180673435,1
1,[],5,[],2019-07-06 00:27:44,0.0,0,0,7800775,2019-07-06 00:27:44,btc,0.0,0.00190933,0,btc,0.0,0.0,0.0,1
0,[],2,[],2019-01-20 23:28:45,0.0,0,0,6477011,2019-01-20 23:28:45,,0.0,0.0,0,,0.0,0.0,0.0,1
0.0000000000791276,[],22,[],2019-07-16 16:47:53,11550.3,8.704036e-17,8.738181933228e-21,7825783,2019-07-16 16:47:53,XMR,21.00878619,0.0,0.00000110,XMR,19931.59287795317,0.0,0.00143681,2
1,[],5,[],2019-07-06 00:28:14,0.0,0,0,7800785,2019-07-06 00:28:14,btc,0.0,0.00208797,0,btc,0.0,0.0,0.0,2
1,[],12,[],2019-07-16 16:47:55,3406938.12586,0.00000007,0.000000000007027461,7825784,2019-07-16 16:47:55,btc,6945.3406461304785,0.0,0.00000007,btc,6861872.55317604,0.024074606527,0.16210620609028,3
0,[],28,[],2019-07-16 16:47:56,0.0,0,0,7825785,2019-07-16 16:47:56,,0.0,0.0,0,,0.0,0.0,0.0,3
1,[],5,[],2019-06-03 14:48:58,0.0,0,0,7731126,2019-06-03 14:48:58,btc,0.0,0.05905545,0,btc,0.0,0.0,0.0,3
0,[],2,[],2019-01-20 23:31:32,0.0,0,0,6477077,2019-01-20 23:31:32,,0.0,0.0,0,,0.0,0.0,0.0,4
1,[],4,[],2019-07-16 16:47:57,4524663.6443914,0.00000001,0.000000000001003923,7825786,2019-07-16 16:47:57,btc,51.97007593325121,0.0,0.00000001,btc,1306572.57573822,0.0,0.045246636443914,4
0,[],12,[],2019-07-10 21:32:46,0.0,0,0,7800866,2019-07-10 21:32:46,btc,641.7517620215584,0.0,0,btc,1208658.0779220702,0.0,0.0,5
0,[],2,[],2019-01-20 23:31:51,0.0,0,0,6477087,2019-01-20 23:31:51,,0.0,0.0,0,,0.0,0.0,0.0,6
1,[],11,[],2019-07-16 16:48:00,1358116.67673599,0.00000001,0.000000000001003923,7825787,2019-07-16 16:48:00,btc,9583.566734470252,420000.0,0.00000001,btc,78433032.80704153,0.0,0.0135811667673599,6
1,[],3,[],2019-07-16 16:48:00,11502.195119527165,0.0001091999999999999980231091267768306352081708610057830810546875,0.00000001096283916,7825788,2019-07-16 16:48:00,btc,1026.3106947882525,804.920324277,0.0001091999999999999980231091267768306352081708610057830810546875,btc,411.220474498193,0.0,0.03132261647915635,7
1,[],4,[],2019-07-16 16:48:01,328243.07946021,0.00011710,0.00000001175593833,7825789,2019-07-16 16:48:01,btc,12.595672785437996,0.0,0.00011710,btc,65054.56529371,2.78435083,3.8371766924571387,7
1,[],5,[],2019-07-06 00:28:21,0.0,0,0,7800789,2019-07-06 00:28:21,btc,0.0,0.38662001,0,btc,0.0,0.0,0.0,7
1,[],20,[],2019-04-07 22:06:50,3201475.0482,0.000000001,0.000000000000051590000000000004,7213932,2019-04-07 22:06:50,btc,30.8005781811902,0.0,0.000000001,btc,23077405.3926,0.0,0.0032014750482,8
0,[],2,[],2019-01-20 23:22:42,0.0,0,0,6476876,2019-01-20 23:22:42,,0.0,0.0,0,,0.0,0.0,0.0,9
0,[],23,[],2019-01-20 23:22:48,0.0,0,0,6476878,2019-01-20 23:22:48,,0.0,0.0,0,,0.0,0.0,0.0,9
1,[],4,[],2019-07-16 16:48:02,2350745.39473619,0.00000056,0.000000000056219688,7825790,2019-07-16 16:48:02,btc,3.1625420354190514,0.0,0.00000056,btc,2440357.63534344,0.29592202,0.5272742066059389,9
1,[],28,[],2019-07-16 16:48:11,151043.809,0.00000055,0.000000000055215764999999996,7825791,2019-07-16 16:48:11,btc,2708.795118223663,385207.03,0.00000055,btc,54420.1529,0.0,0.04055157978,9
1,[],1,[],2019-02-17 23:31:42,1822507.21,0.00000181000000000000003456111265232042484285557293333113193511962890625,0.000000000066086901,6701244,2019-02-17 23:31:42,btc,3.6990969245,17153386.5,0.00000181000000000000003456111265232042484285557293333113193511962890625,btc,1997391.71,31.11772986,3.2610482446,9
1,[],4,[],2019-02-17 11:22:43,4341674.27126056,0.00000002,0.0000000000007272960000000001,6696112,2019-02-17 11:22:43,btc,0.1997230937751353,0.0,0.00000002,btc,4109766.79808031,0.00215132,0.0479381022052112,10
1,[],5,[],2019-07-05 17:50:59,0.0,0,0,7799863,2019-07-05 17:50:59,btc,0.0,0.04857279,0,btc,0.0,0.0,0.0,12
0,[],2,[],2019-01-20 23:23:08,0.0,0,0,6476890,2019-01-20 23:23:08,,0.0,0.0,0,,0.0,0.0,0.0,12
1,[],4,[],2019-07-16 16:48:12,28325435.27598796,0.00000038,0.000000000038149074,7825792,2019-07-16 16:48:12,btc,6.1152091217391735,0.0,0.00000038,btc,6273730.89616948,0.97928906,3.031618933067865,12
0.0,[],25,[],2019-07-16 16:48:14,0.0,0,0,7825793,2019-07-16 16:48:14,,0.0,0.0,0.0,btc,0.0,0.0,0.0,12
1,[],4,[],2019-07-16 16:48:15,704154.83722511,0.00000234,0.000000000234917982,7825794,2019-07-16 16:48:15,btc,1.8036325543084528,0.0,0.00000234,btc,372705.583904,0.71578371,0.5543583865343896,13
1,[],10,[],2019-07-16 16:48:17,663151.98495839,0.00000207,0.000000000207812061,7825795,2019-07-16 16:48:17,btc,666797.9461883093,20363.3585597,0.00000207,btc,1043298.38224888,0.0,0.1108705141763364,13
1,[],21,[],2019-07-16 16:48:19,9402656.87714783,0.000002219999999999999920716631935,0.000000000222870906,7825796,2019-07-16 16:48:19,btc,3.8178430880158447,1373639.2359989,0.0000022199999999999999207166319348250027587710064835846424102783203125,btc,1376639.87527459,3.00760216,5.181578566627312,13
1,[],4,[],2019-07-16 16:48:19,1104354.90260021,0.00000069,0.000000000069270687,7825797,2019-07-16 16:48:19,btc,6.394342110992145,0.0,0.00000069,btc,986762.41761293,0.09800226,0.1447828160084345,14
1,[],12,[],2019-07-16 16:48:21,266820.59830541,0.00000066,0.00000000006625891800000001,7825798,2019-07-16 16:48:21,btc,189.67983447870606,0.0,0.00000066,btc,24591.57920781,0.002827043824,0.0270730999999751,14
1,[],26,[],2019-07-16 16:50:21,0.0,0.00000050,0.00000000005019615,7825799,2019-07-16 16:50:21,btc,0.0,0.0,0.00000050,btc,0.0,0.0,0.0,14
0,[],17,[],2019-05-03 00:53:32,0.0,0,0,7558876,2019-05-03 00:53:32,btc,0.0,0.0,0,btc,0.0,0.0,0.0,14
0,[],4,[],2019-07-16 16:50:21,0.0,0,0,7825800,2019-07-16 16:50:21,,0.0,0.0,0,,0.0,0.0,0.0,15
,[],12,[],2018-12-01 15:15:48,204241.84496,0.00000489,0.000000000202473384,5260204,2018-12-01 15:15:48,btc,49.5475654835,0.0,,btc,35763.2193806,0.0163153972027625,0.0203389899998,15
0,[],2,[],2019-01-20 23:23:38,0.0,0,0,6476906,2019-01-20 23:23:38,,0.0,0.0,0,,0.0,0.0,0.0,18
1,[],4,[],2019-07-16 16:50:23,32763.21548756,0.00000771,0.000000000774024633,7825801,2019-07-16 16:50:23,btc,2.3890296239104485,0.0,0.00000771,btc,18617.27687652,0.02839284,0.0477955570328526,18
1,[],10,[],2019-07-16 16:50:25,366355.91174529,0.00000803,0.0000000008061501689999999,7825802,2019-07-16 16:50:25,btc,15.237028731624996,3112.45357585,0.00000803,btc,25166.79632792,0.0,0.1092072244643897,18
1,[],12,[],2019-07-16 16:50:25,4163.26254693,0.0000073200000000000002193275942807826339731036568991839885711669921875,0.0000000007348716360000001,7825803,2019-07-16 16:50:25,btc,0.5288927613858676,0.0,0.0000073200000000000002193275942807826339731036568991839885711669921875,btc,2017.52230919,3.763e-07,0.010963223117682,18
0,[],17,[],2019-05-03 00:53:39,0.0,0,0,7558882,2019-05-03 00:53:39,btc,0.0,0.0,0,btc,0.0,0.0,0.0,18
0,[],2,[],2019-01-20 23:24:19,0.0,0,0,6476924,2019-01-20 23:24:19,,0.0,0.0,0,,0.0,0.0,0.0,19
1,[],3,[],2019-07-16 16:52:26,159412.01389439413,0.000007920000000000000403934698189889473951552645303308963775634765625,0.000000000795107016,7825804,2019-07-16 16:52:26,btc,190.29652894944843,16672.454221,0.000007920000000000000403934698189889473951552645303308963775634765625,btc,17590.565215520634,0.0,0.09198581735517145,19
1,[],4,[],2019-07-16 16:52:27,371139.22005443,0.00000597,0.000000000599342031,7825805,2019-07-16 16:52:27,btc,2.6020011734615793,0.0,0.00000597,btc,198139.80648946,0.33037251,0.9066916287580166,19
1,[],12,[],2019-07-16 16:52:29,110151.44842022,0.000004060000000000000091563041870745820460797403939068317413330078125,0.000000000407592738,7825806,2019-07-16 16:52:29,btc,0.36584247172506057,0.0,0.000004060000000000000091563041870745820460797403939068317413330078125,btc,3017.42994847,0.0,0.0094772559998503,19
0,[],27,[],2019-07-16 16:52:34,0.0,0,0,7825807,2019-07-16 16:52:34,,0.0,0.0,0,btc,0.0,0.0,0.0,19
1,[],5,[],2019-07-06 02:01:19,0.0,0,0,7800799,2019-07-06 02:01:19,btc,0.0,0.0,0,btc,0.0,0.0,0.0,19
1,[],4,[],2019-07-16 16:52:34,10090773.53811808,0.00000005,0.000000000005019615,7825808,2019-07-16 16:52:34,btc,5.154219034211588,0.0,0.00000005,btc,2206928.97591765,0.00105208,0.1116935744071706,20
0,[],4,[],2019-07-16 16:52:36,0.0,0,0,7825809,2019-07-16 16:52:36,,48832.93070819794,0.0,0,,164830891.21072474,0.0,0.0,21
0,[],12,[],2019-07-16 16:52:37,0.0,0,0,7825810,2019-07-16 16:52:37,btc,2616.9279748123076,0.0,0,btc,11275399.02897099,0.0,0.0,21
0,[],17,[],2019-05-03 00:53:51,0.0,0,0,7558891,2019-05-03 00:53:51,btc,0.0,0.0,0,btc,0.0,0.0,0.0,21
1,[],12,[],2019-07-16 16:54:38,5107127041.489066,0.0000000017,0.00000000000017066690999999998,7825811,2019-07-16 16:54:38,btc,1615660806074.0725,0.0,0.0000000017,btc,2657266686.267885,1.716682926115,2.9586885795712834,23
0.00000000020891940000000003,[],27,[],2019-07-16 16:54:42,73150398.33966026,4.178388e-17,4.1947798161240004e-21,7825812,2019-07-16 16:54:42,eth,1056.1234013896158,0.0,0.0000002,eth,1316175.8012028,0.0,1.6456737001347832e-09,23
1,[],4,[],2019-07-16 16:54:43,5849325.82401222,0.00000018,0.000000000018070614,7825813,2019-07-16 16:54:43,btc,11.122407818639905,0.0,0.00000018,btc,1631878.53062975,0.00167852,0.0978910043309683,24
0,[],22,[],2019-07-16 16:54:45,0.0,0,0,7825814,2019-07-16 16:54:45,,0.0,0.0,0,,0.0,0.0,0.0,24
0.0,[],25,[],2019-07-16 16:54:47,0.0,0,0,7825815,2019-07-16 16:54:47,,0.0,0.0,0.0,btc,0.0,0.0,0.0,24
1,[],4,[],2019-07-16 16:54:48,26942689.49518828,0.00000293,0.000000000294149439,7825816,2019-07-16 16:54:48,btc,7.727913018215442,0.0,0.00000293,btc,198869.87668772,0.07753072,0.3794407696194902,26
1,[],10,[],2019-07-16 16:54:50,231686.71820765,0.00000251,0.000000000251984673,7825817,2019-07-16 16:54:50,btc,26.26623304991638,11359.0382615,0.00000251,btc,21820.4633351,0.0,0.0477957676983477,26
0,[],2,[],2019-01-20 23:25:56,0.0,0,0,6476976,2019-01-20 23:25:56,,0.0,0.0,0,,0.0,0.0,0.0,26
1,[],5,[],2019-04-26 09:47:06,0.0,0,0,7465326,2019-04-26 09:47:06,btc,0.0,0.0,0,btc,0.0,0.0,0.0,27
1,[],3,[],2019-06-17 14:30:26,13571825.64059417,0.00000001,0.00000000000092914,7740112,2019-06-17 14:30:26,btc,3.485049956644059,4264730.43754,0.00000001,btc,23500048.28518193,0.0,0.1357182564059417,27
1,[],11,[],2019-07-15 06:07:59,993045.80216525,0.00000001,0.000000000001021634,7819506,2019-07-15 06:07:59,btc,67502.92060589766,178.77941309,0.00000001,btc,6487362.95640949,0.0,0.0099304580216525,27
0.0000000000831994,[],4,[],2019-07-16 16:54:51,586730081.9244107,9.151934e-17,9.187837037082e-21,7825818,2019-07-16 16:54:51,ltc,11.198782292873975,0.0,0.00000110,ltc,656923924.6001828,0.0,1.3275357991997262e-08,29
1,[],7,[],2019-07-16 16:54:52,0.0,0,0,7825819,2019-07-16 16:54:52,btc,1236880.7514644358,0.0,0,btc,36965513.662080236,0.0,0.0,29
0,[],17,[],2019-05-03 01:11:25,0.0,0,0,7559066,2019-05-03 01:11:25,btc,0.0,0.0,0,btc,0.0,0.0,0.0,30
1,[],4,[],2019-07-16 16:54:53,15131291.86497379,0.00000006,0.000000000006023538,7825820,2019-07-16 16:54:53,btc,2.5693020194304816,0.0,0.00000006,btc,2169473.13741341,0.00213657,0.1642648155216771,30
1,[],4,[],2019-07-16 16:56:54,229623.12527317,0.00002714,0.000000002724647022,7825821,2019-07-16 16:56:54,btc,4.075401809873796,0.0,0.00002714,btc,64258.83012625,0.20916739,0.380441906290359,31
1,[],21,[],2019-07-16 16:56:55,738642.35875422,0.00002695000000000000116274177786,0.000000002705572485,7825822,2019-07-16 16:56:55,btc,5.215025278298236,111069.75929043,0.00002695000000000000116274177786035437520695268176496028900146484375,btc,134291.67976071002,3.10331452,3.038557493996561,31
0,[],2,[],2019-01-20 23:28:43,0.0,0,0,6477009,2019-01-20 23:28:43,,0.0,0.0,0,,0.0,0.0,0.0,32
0,[],4,[],2019-07-16 16:56:56,0.0,0,0,7825823,2019-07-16 16:56:56,,0.0,0.0,0,,0.0,0.0,0.0,33
1,[],12,[],2019-03-30 07:55:10,40641173.964,0.00000003,0.000000000001228359,7108785,2019-03-30 07:55:10,btc,4233210.82356125,0.0,0.00000003,btc,28378394.68333462,0.0126927883965248,0.90752895892,33
0.0000000000831994,[],4,[],2019-07-16 16:56:57,67604205.29930247,2.9951783999999997e-17,3.0069284848632e-21,7825824,2019-07-16 16:56:57,ltc,4.148870735350474,0.0,0.00000036,ltc,169959105.8276833,0.0,6.938367129044071e-10,34
1,[],5,[],2019-07-06 02:03:46,0.0,0,0,7800811,2019-07-06 02:03:46,btc,0.0,0.0,0,btc,0.0,0.0,0.0,34
0,[],4,[],2019-07-11 00:07:02,0.0,0,0,7801420,2019-07-11 00:07:02,,3.68295914902898e-08,0.0,0,,6667385825.224262,0.0,0.0,36
0.0000000002385992,[],27,[],2019-07-11 00:09:09,11642390.307056,6.9193768e-17,8.4302504017872e-21,7801421,2019-07-11 00:09:09,eth,1120.18186,0.0,0.00000029,"ltc,eth",2270631.0,0.0,1.3601704595377105e-10,36
0.0000000002926451,[],17,[],2019-05-02 18:17:47,200000.0,2.9264510000000002e-18,1.596703856561e-22,7556430,2019-05-02 18:17:47,eth,0.20942468735267253,0.0,0.00000001,"btc,eth",1018272.20243647,0.0,5.852902e-13,36
1,[],5,[],2019-05-31 13:28:21,0.0,0,0,7717484,2019-05-31 13:28:21,btc,0.0,0.0,0,btc,0.0,0.0,0.0,36
1,[],4,[],2019-07-16 16:56:58,13230606.39671628,0.00000005,0.000000000005019615,7825825,2019-07-16 16:56:58,btc,19772.116373203637,0.0,0.00000005,btc,810721.21326012,0.005817,0.2335274371965307,37
1,[],17,[],2019-05-03 01:11:36,211752.74075282,0.00000025,0.000000000013700074999999998,7559074,2019-05-03 01:11:36,btc,0.055484923955058496,0.0,0.00000025,"btc,eth",1387.19918473,0.0,0.0005381851887916605,37
1,[],12,[],2019-07-16 16:56:59,9303837.18957402,0.00000005,0.000000000005019615,7825826,2019-07-16 16:56:59,btc,135.92918254348345,0.0,0.00000005,btc,2981931.4110974898,0.008256577103,0.196996809478701,37
1,[],27,[],2019-07-16 16:59:04,10792.0,0.00000019,0.000000000019074537,7825827,2019-07-16 16:59:04,btc,22.62000024371233,0.0,0.00000019,btc,4248.824835,0.0,0.00164037,37
1,[],12,[],2019-07-16 16:59:06,192528.72085969,0.00000093,0.000000000093364839,7825828,2019-07-16 16:59:06,btc,650.0929185614598,0.0,0.00000093,btc,142503.73503612,0.022746634625,0.0432194430290081,42
1,[],27,[],2019-07-16 16:59:11,11.0,0.00000003,0.000000000003011769,7825829,2019-07-16 16:59:11,btc,0.07600425,0.0,0.00000003,"btc,eth",18.0,0.0,3.3e-07,42
1,[],5,[],2019-07-06 02:03:47,0.0,0,0,7800812,2019-07-06 02:03:47,btc,0.0,0.14382058,0,btc,0.0,0.0,0.0,42
1,[],12,[],2019-03-13 09:13:29,1112112.0,0.00000001,0.000000000000386531,6919902,2019-03-13 09:13:29,btc,29058.00478931866,0.0,0.00000001,btc,5967681.93306694,9.99000999e-07,0.01112112,43
1,[],5,[],2019-04-26 22:38:52,0.0,0,0,7474154,2019-04-26 22:38:52,btc,0.0,0.02638891,0,btc,0.0,0.0,0.0,43
0,[],17,[],2019-04-26 22:38:53,0.0,0,0,7474155,2019-04-26 22:38:53,btc,0.0,0.0,0,btc,0.0,0.0,0.0,43
1,[],12,[],2019-03-05 01:54:08,639326.02,0.00000004,0.000000000001486676,6845775,2019-03-05 01:54:08,btc,11116042.728239931,0.0,0.00000004,btc,1103841.4595604,0.0003330765234764,0.014975410599999999,44
0.0000000000831994,[],4,[],2019-07-16 17:01:12,118217846.11186875,1.9967856e-17,2.0046189899088e-21,7825830,2019-07-16 17:01:12,ltc,4098.5018693898655,0.0,0.00000024,ltc,27570011.4673703,0.0,4.355067519899948e-10,49
0.0000000000831994,[],4,[],2019-07-16 17:01:13,313303389.38554114,2.1631844e-17,2.1716705724012e-21,7825831,2019-07-16 17:01:13,ltc,28821.159216800723,0.0,0.00000026,ltc,238565470.3471969,0.0,1.5398012739680682e-09,52
0,[],22,[],2019-07-16 17:01:16,0.0,0,0,7825832,2019-07-16 17:01:16,,10289.83185391,0.0,0,,287184669.4566013,0.0,0.0,57
0,[],27,[],2019-07-16 17:01:29,0.0,0,0,7825833,2019-07-16 17:01:29,,0.0,0.0,0,"btc,eth",0.0,0.0,0.0,57
0,[],4,[],2019-07-16 17:01:30,0.0,0,0,7825834,2019-07-16 17:01:30,,19.722103141080154,0.0,0,,5868706910.89014,0.0,0.0,58
1,[],12,[],2019-07-16 17:01:31,294027814.63399965,0.0000000001,0.00000000000001003923,7825835,2019-07-16 17:01:31,btc,671217764.7068179,0.0,0.0000000001,btc,3225407638.1078887,0.041676413765,0.029402781463399967,58
0.0000000000791276,[],22,[],2019-07-16 17:03:34,126877.0,7.9127599999999995e-19,7.94380175748e-23,7825836,2019-07-16 17:03:34,XMR,68.17454206,0.0,0.00000001,XMR,9626402.6,0.0,0.00126877,58
1,[],17,[],2019-05-03 01:12:09,1200000.0,0.0000000001,0.00000000000000548003,7559085,2019-05-03 01:12:09,btc,1e+24,0.0,0.0000000001,"btc,eth",39516342.31952568,0.0,0.00010000000058666061,58
0,[],22,[],2019-07-16 17:03:39,0.0,0,0,7825837,2019-07-16 17:03:39,,1000.95215461,0.0,0,,8934.866843792322,0.0,0.0,61
1,[],26,[],2019-07-16 17:03:39,0.0,0.00000013,0.000000000013050999,7825838,2019-07-16 17:03:39,btc,0.0,0.0,0.00000013,btc,0.0,0.0,0.0,61
1,[],27,[],2019-07-16 17:03:45,8400.0,0.00000018,0.000000000018070614,7825839,2019-07-16 17:03:45,btc,1.97314195,0.0,0.00000018,"btc,eth",10936.9,0.0,0.001512,61
1,[],28,[],2019-07-16 17:03:47,40101.0,0.00000004,0.000000000004015692,7825840,2019-07-16 17:03:47,btc,0.242436445415105,453.0,0.00000004,btc,9316.46650005,0.0,0.00100202,61
1,[],5,[],2019-06-17 14:31:27,0.0,0,0,7740135,2019-06-17 14:31:27,btc,0.0,0.00079154,0,btc,0.0,0.0,0.0,61
1,[],4,[],2019-07-16 17:03:48,3648885.93083637,0.00000045,0.000000000045176534999999996,7825841,2019-07-16 17:03:48,btc,3.5854365388458422,0.0,0.00000045,btc,1400539.09791134,0.02215661,1.2461907368126997,67
0.0,[],25,[],2019-07-16 17:03:50,0.0,0,0,7825842,2019-07-16 17:03:50,,0.0,0.0,0.0,btc,0.0,0.0,0.0,67
1,[],12,[],2019-06-02 06:23:14,910048.355,0.00000006,0.000000000005154929999999999,7725270,2019-06-02 06:23:14,btc,5.167005424215783,0.0,0.00000006,btc,738530.60239759,0.003159757462,0.0187188113,71
,[],5,[],2018-11-20 23:02:39,1.5e-07,0.00000005,0.000000000002128045,4862160,2018-11-20 23:02:39,btc,2.84511358,0.0,,btc,0.00036572,0.0,0.07381892,74
1,[],5,[],2019-07-06 00:15:01,0.0,0,0,7800749,2019-07-06 00:15:01,btc,0.0,0.01883861,0,btc,0.0,0.0,0.0,75
0,[],4,[],2019-07-10 21:51:38,0.0,0,0,7800925,2019-07-10 21:51:38,,581890.2410093442,0.0,0,,38279594.33970312,0.0,0.0,81
0,[],20,[],2019-01-25 09:30:31,0.0,0,0,6495923,2019-01-25 09:30:31,btc,0.0,0.0,0,btc,0.0,0.0,0.0,81
1,[],4,[],2019-07-16 17:03:52,166911.2698613,0.00006074,0.0000000060978283019999996,7825843,2019-07-16 17:03:52,btc,58.246769722658044,0.0,0.00006074,btc,122325.12271193,0.27352795,0.3987195296857874,82
1,[],21,[],2019-07-16 17:03:53,301417.69293356,0.00006021000000000000120349910593,0.000000006044620383,7825844,2019-07-16 17:03:53,btc,5.059427365536227,2409.09013423,0.0000602100000000000012034991059284294578901608474552631378173828125,btc,55878.79145449,0.1475483,1.7277161476398357,82
0,[],17,[],2019-03-25 22:42:34,0.0,0,0,7038780,2019-03-25 22:42:34,btc,0.0445064681804024,0.0,0,btc,995513.18476001,0.0,0.0,84
0,[],4,[],2019-07-16 17:03:54,0.0,0,0,7825845,2019-07-16 17:03:54,,1.6446419738029714,0.0,0,,603846849.1337396,0.0,0.0,85
,[],22,[],2018-11-20 23:09:34,3408.1,0.0000001,0.0000000000041895,4862324,2018-11-20 23:09:34,BTC,0.04624735,0.0,,BTC,4990.0,0.0,0.00033081,86
0,[],22,[],2019-07-16 17:03:57,0.0,0,0,7825846,2019-07-16 17:03:57,,1.87802138,0.0,0,,616186.447368421,0.0,0.0,87
1,[],27,[],2019-07-16 17:04:01,17591.0,0.00000005,0.000000000005019615,7825847,2019-07-16 17:04:01,btc,6.250621422774,250.0,0.00000005,btc,300278.29336,1.25e-05,0.00047955,87
,[],2,[],2018-11-20 23:10:47,0.0,0,0,4862359,2018-11-20 23:10:47,,0.0,0.0,,,0.0,0.0,0.0,88
1,[],11,[],2019-07-13 06:40:01,299353.97557583,0.0000369999999999999981139219007442164866006351076066493988037109375,0.0000000043049315,7811813,2019-07-13 06:40:01,btc,156.70253706438987,1923.2,0.0000369999999999999981139219007442164866006351076066493988037109375,btc,146186.36192325,0.0,0.8075395878505254,89
0,[],2,[],2019-01-20 23:31:45,0.0,0,0,6477083,2019-01-20 23:31:45,,0.0,0.0,0,,0.0,0.0,0.0,91
0,[],17,[],2019-05-03 01:12:26,0.0,0,0,7559096,2019-05-03 01:12:26,btc,0.0,0.0,0,btc,0.0,0.0,0.0,91
1,[],12,[],2019-07-16 17:04:02,407099.10978281,0.00000039,0.000000000039152997,7825848,2019-07-16 17:04:02,btc,414.99260193318975,0.0,0.00000039,btc,234348.82553607,0.0035697253,0.0301165631538292,91
1,[],22,[],2019-07-16 17:06:05,75900.0,0.00000001,0.000000000001003923,7825849,2019-07-16 17:06:05,BTC,0.495,0.0,0.00000001,"BTC,LTC",4.95,0.0,0.001659,91
1,[],22,[],2019-07-10 21:56:00,91614.0,0.00000002,0.000000000002352202,7800934,2019-07-10 21:56:00,BTC,11.8980079,0.0,0.00000002,"BTC,LTC",347503.789747713,0.0,0.06622228,95
0.0000000000831994,[],4,[],2019-07-16 17:06:06,562359026.8531575,1.8303868e-17,1.8375674074163998e-21,7825850,2019-07-16 17:06:06,ltc,11.650800251211965,0.0,0.00000022,ltc,174607821.10646632,0.0,5.995129925285116e-10,96
0,[],12,[],2019-07-16 17:06:08,0.0,0,0,7825851,2019-07-16 17:06:08,btc,38.02611422753247,0.0,0,btc,10906536.753246741,1.998e-08,0.0,96
0,[],17,[],2019-05-03 01:12:32,0.0,0,0,7559100,2019-05-03 01:12:32,btc,0.0,0.0,0,btc,0.0,0.0,0.0,96
1,[],4,[],2019-04-14 03:32:46,1039404.33283278,0.00000038,0.000000000019245518,7293458,2019-04-14 03:32:46,btc,4.170086055365747,0.0,0.00000038,btc,3097704.34561074,0.06260606,0.1859928211030784,99
0,[],2,[],2019-01-20 23:23:55,0.0,0,0,6476914,2019-01-20 23:23:55,,0.0,0.0,0,,0.0,0.0,0.0,100
1,[],4,[],2019-07-16 17:08:08,209876.08864466,0.00001729,0.000000001735782867,7825852,2019-07-16 17:08:08,btc,9.52937147353579,0.0,0.00001729,btc,168495.31694033,0.81833994,0.7675287407931889,100
1,[],22,[],2019-07-16 17:08:12,146000.0,0.00000002,0.000000000002007846,7825853,2019-07-16 17:08:12,BTC,26.50623849,0.0,0.00000002,BTC,10383.92,0.0,0.00162,101
1,[],4,[],2019-07-16 14:33:47,547933.05083038,0.00000126,0.000000000131120388,7825334,2019-07-16 14:33:47,btc,634.8524452924697,0.0,0.00000126,btc,812393.56021757,0.00301441,0.079245871140487,103
1,[],12,[],2019-07-16 17:08:14,59778500.72342638,0.000000004,0.0000000000004015692,7825854,2019-07-16 17:08:14,btc,349463.0830009185,0.0,0.000000004,btc,112631556.45295703,0.008764983212,0.10760865989370552,105
1,[],27,[],2019-07-16 17:08:18,108592.74999998,0.00000002,0.000000000002007846,7825855,2019-07-16 17:08:18,btc,208.9479291019637,22499.1505001,0.00000002,btc,646360.44359946,0.00044998,0.0014524799999997,105
1,[],22,[],2019-07-10 21:58:18,21333.0,0.00000001,0.000000000001176101,7800942,2019-07-10 21:58:18,BTC,51.38182867,0.0,0.00000001,BTC,470435.0,0.0,0.00021333,107
1,[],26,[],2019-07-10 21:58:18,0.0,0.00000000,0,7800943,2019-07-10 21:58:18,btc,0.0,0.0,0.00000000,btc,0.0,0.0,0.0,107
1,[],5,[],2019-07-06 00:19:31,0.0,0,0,7800761,2019-07-06 00:19:31,btc,0.0,0.0,0,btc,0.0,0.0,0.0,112
0,[],22,[],2019-07-16 17:08:21,0.0,0,0,7825856,2019-07-16 17:08:21,,6.79500102,0.0,0,,3375892.0833333335,0.0,0.0,112
1,[],27,[],2019-07-16 17:08:25,1.0,0.00000001,0.000000000001003923,7825857,2019-07-16 17:08:25,btc,0.0,0.0,0.00000001,"btc,eth",0.0,0.0,1e-08,112
1,[],4,[],2019-07-16 16:34:25,1042673.95406711,0.00000034,0.000000000034511802000000005,7825726,2019-07-16 16:34:25,btc,6.668562729532617,0.0,0.00000034,btc,1037284.76164878,0.00672791,0.0918283825000129,113
1,[],5,[],2019-07-06 00:19:43,0.0,0,0,7800765,2019-07-06 00:19:43,btc,0.0,0.0,0,btc,0.0,0.0,0.0,113
1,[],27,[],2019-07-16 16:36:31,175525.16595526,0.00000002,0.0000000000020301060000000002,7825727,2019-07-16 16:36:31,btc,3918.96457409,100.0,0.00000002,btc,82757.69,4e-06,0.0025552516595526,116
1,[],17,[],2019-04-26 02:17:47,162738.278,0.00000004,0.0000000000021069000000000002,7461287,2019-04-26 02:17:47,btc,1.3331140273775473,0.0,0.00000004,btc,51796.221,0.0,0.00230953112,116
1,[],4,[],2019-07-16 17:10:30,1170957.40591081,0.00000199,0.000000000199780677,7825859,2019-07-16 17:10:30,btc,96.70316176705306,0.0,0.00000199,btc,442098.69033003,0.31227112,0.1751369723625267,120
1,[],7,[],2019-07-16 17:10:31,3849.42012552,0.0000075100000000000000942627052802347265014759614132344722747802734375,0.000000000753946173,7825860,2019-07-16 17:10:31,btc,231231.55798586333,0.0,0.0000075100000000000000942627052802347265014759614132344722747802734375,btc,4231.17134715,0.0,0.0097044800930709,120
1,[],20,[],2019-04-07 18:42:29,1914137.0852,0.000000035,0.0000000000017871910000000002,7211992,2019-04-07 18:42:29,btc,32.2497668025648,25528.85,0.000000035,btc,1001975.4986,0.00089350975,0.0152723574729,125
1,[],22,[],2019-06-17 14:32:38,10000.0,0.00000001,0.00000000000092914,7740161,2019-06-17 14:32:38,BTC,0.032061,0.0,0.00000001,BTC,299316.7611111111,0.0,0.0001,126
0,[],2,[],2019-01-20 23:25:46,0.0,0,0,6476969,2019-01-20 23:25:46,,0.0,0.0,0,,0.0,0.0,0.0,131
1,[],4,[],2019-07-16 17:10:33,227735.58806406,0.00000286,0.000000000287121978,7825861,2019-07-16 17:10:33,btc,2.5520920910253637,0.0,0.00000286,btc,237953.05011202,0.06408123,0.1636552409170755,131
1,[],17,[],2019-05-03 01:13:10,10000.0,0.00000001,0.000000000000548003,7559115,2019-05-03 01:13:10,btc,0.0953976503951408,0.0,0.00000001,btc,5037.62507334,0.0,0.0001,131
1,[],4,[],2019-07-16 16:38:36,4336.89786799,0.00007009,0.000000007114506477000001,7825731,2019-07-16 16:38:36,btc,0.5130180915625464,0.0,0.00007009,btc,259.27955961,0.0,0.0054323046069998,135
1,[],3,[],2019-07-13 16:51:20,187.26592867,0.00000001,0.000000000001140965,7813490,2019-07-13 16:51:20,btc,419.77407087449336,1935513.62324,0.00000001,btc,3179086.72005867,0.0,1.8726592866999999e-06,136
1,[],4,[],2019-07-16 16:38:37,729844.54434723,0.00000100,0.00000000010150530000000001,7825732,2019-07-16 16:38:37,btc,16.655546086666796,0.0,0.00000100,btc,596108.25696859,0.00788314,0.0700678799797516,137
1,[],12,[],2019-07-16 16:38:38,31591.40761758,0.00000099,0.00000000010049024700000001,7825733,2019-07-16 16:38:38,btc,25.494673908100083,0.0,0.00000099,btc,76578.02250503,4.4084915e-05,0.0049209099999906,137
1,[],4,[],2019-07-16 16:38:39,326306.09489498,0.00000923,0.000000000936893919,7825734,2019-07-16 16:38:39,btc,5.698513311136033,0.0,0.00000923,btc,170570.98534235,0.65798617,0.4463662965276563,142
1,[],20,[],2019-07-16 16:40:41,193933.486,0.000005961,0.0000000006050730933,7825735,2019-07-16 16:40:41,btc,1.5858218355917,0.0,0.000005961,btc,9885.6594,0.0,0.0023711540745,142
1,[],22,[],2019-07-16 16:40:45,10619.88,0.00000200,0.00000000020301060000000002,7825736,2019-07-16 16:40:45,BTC,2.99759384,0.0,0.00000200,BTC,835.7198755539798,0.0,0.00416696,142
0.0,[],25,[],2019-07-16 16:40:47,0.0,0,0,7825737,2019-07-16 16:40:47,,0.0,0.0,0.0,btc,0.0,0.0,0.0,142
1,[],28,[],2019-07-16 16:40:48,76710.0,0.000011100000,0.00000000112670883,7825738,2019-07-16 16:40:48,btc,0.438587390411,3287.0,0.000011100000,btc,1381.1951,0.0,0.0043322,142
1,[],17,[],2019-05-03 01:13:16,32967.38636364,0.00000088,0.000000000048224264,7559122,2019-05-03 01:13:16,btc,20.06976206696776,0.0,0.00000088,btc,2746.079105,0.0,0.0105613000000032,142
1,[],5,[],2019-07-06 02:06:10,0.0,0,0,7800822,2019-07-06 02:06:10,btc,0.0,0.00140707,0,btc,0.0,0.0,0.0,142
0,[],22,[],2019-07-16 16:40:51,0.0,0,0,7825739,2019-07-16 16:40:51,,68.37063373,0.0,0,,760031684.3744589,0.0,0.0,143
0,[],22,[],2019-02-25 15:42:22,0.0,0,0,6783783,2019-02-25 15:42:22,,4.2131946,0.0,0,,2322156.0,0.0,0.0,146
,[],22,[],2018-11-20 23:01:11,0.0,0,0,4862114,2018-11-20 23:01:11,,2.56807021,0.0,,,61828.4988236,0.0,0.0,147
1,[],12,[],2019-04-21 06:38:04,193091.5971266,0.00000071,0.000000000037635183,7388679,2019-04-21 06:38:04,btc,2.301232411611175,0.0,0.00000071,btc,9957.48302385,0.00023528,0.0313308199999888,148
1,[],4,[],2019-03-19 21:31:25,255810.0415942,0.00000029,0.000000000011615747,6982695,2019-03-19 21:31:25,btc,218.94922712414143,0.0,0.00000029,btc,793529.37642722,0.00117,0.0608347789473395,152
0,[],22,[],2019-03-19 21:31:27,0.0,0,0,6982696,2019-03-19 21:31:27,,0.0,0.0,0,,0.0,0.0,0.0,152
1,[],5,[],2019-04-26 09:36:59,0.0,0,0,7465040,2019-04-26 09:36:59,btc,0.0,0.0,0,btc,0.0,0.0,0.0,153
,[],16,[],2019-01-11 15:38:59,0.0,0,0,6366141,2019-01-11 15:38:59,btc,0.0,0.0,,btc,0.0,0.0,0.0,155
0,[],22,[],2019-07-16 16:40:55,0.0,0,0,7825740,2019-07-16 16:40:55,,7.42843365,0.0,0,,5840816.592592592,0.0,0.0,156
0,[],23,[],2019-01-20 23:24:29,0.0,0,0,6476932,2019-01-20 23:24:29,,0.0,0.0,0,,0.0,0.0,0.0,156
1,[],22,[],2019-07-16 16:40:58,6996.0,0.00000001,0.0000000000010150530000000001,7825741,2019-07-16 16:40:58,BTC,1.7543039,0.0,0.00000001,BTC,57.0,0.0,6.996e-05,157
0,[],22,[],2019-07-16 16:41:01,0.0,0,0,7825742,2019-07-16 16:41:01,,50234.60468402,0.0,0,,54786159.03179465,0.0,0.0,158
,[],17,[],2018-11-20 22:56:10,0.0,0,0,4861976,2018-11-20 22:56:10,btc,1.1265625,0.0,,btc,1000.0,0.0,0.0,159
,[],20,[],2018-11-20 22:56:12,0.0,0,0,4861977,2018-11-20 22:56:12,btc,11912.7940471,0.0,,btc,34413894.3617,0.0,0.0,159
1,[],12,[],2019-07-10 22:05:17,232905.70345548,0.0000063199999999999996293047720141711209862478426657617092132568359375,0.000000000743295832,7800964,2019-07-10 22:05:17,btc,9.923963040252861,0.0,0.0000063199999999999996293047720141711209862478426657617092132568359375,btc,15215.45465465,0.0062861,0.033379940599723996,168
1,[],17,[],2019-05-03 01:13:36,42852.0,0.00000002,0.000000000001096006,7559132,2019-05-03 01:13:36,btc,0.04279856251542,0.0,0.00000002,btc,274.46171372,0.0,0.00052852,168
1,[],22,[],2019-05-17 03:01:52,10.0,0.00000001,0.000000000000778341,7642059,2019-05-17 03:01:52,BTC,41.95893009,0.0,0.00000001,BTC,1753972.7737547632,0.0,1e-07,169
1,[],22,[],2019-07-16 16:41:05,71224.0,0.00000005,0.000000000005075265,7825743,2019-07-16 16:41:05,BTC,27.84098007,0.0,0.00000005,"BTC,LTC",263585.9828070517,0.0003386,0.00090284,171
1,[],22,[],2019-07-16 16:41:11,435641.0,0.00000001,0.0000000000010150530000000001,7825744,2019-07-16 16:41:11,BTC,21.25995863,0.0,0.00000001,"BTC,LTC",1441168.2469384319,7.761e-05,0.00731843,173
1,[],5,[],2019-07-06 02:08:45,0.0,0,0,7800830,2019-07-06 02:08:45,btc,0.0,0.00700197,0,btc,0.0,0.0,0.0,175
1,[],22,[],2019-07-16 16:41:19,10000.0,0.00000001,0.0000000000010150530000000001,7825745,2019-07-16 16:41:19,BTC,393.97654772,0.0,0.00000001,BTC,136275.61833431243,0.0,0.0001,176
1,[],22,[],2019-07-16 16:41:23,30.0,0.00000001,0.0000000000010150530000000001,7825746,2019-07-16 16:41:23,BTC,1.00242428,0.0,0.00000001,BTC,57512.0,0.0,3e-07,178
1,[],7,[],2019-07-01 10:15:32,0.0,0,0,7783526,2019-07-01 10:15:32,btc,521516.2326888725,0.0,0,btc,26809253.73522063,0.0,0.0,178
0,[],2,[],2019-01-20 23:28:34,0.0,0,0,6477001,2019-01-20 23:28:34,,0.0,0.0,0,,0.0,0.0,0.0,178
1,[],5,[],2019-07-06 02:08:50,0.0,0,0,7800832,2019-07-06 02:08:50,btc,0.0,6.904e-05,0,btc,0.0,0.0,0.0,179
0,[],22,[],2019-07-16 16:41:27,0.0,0,0,7825747,2019-07-16 16:41:27,,9.36843169,0.0,0,,14852735.311946675,0.0,0.0,179
0,[],23,[],2019-01-20 23:25:08,0.0,0,0,6476952,2019-01-20 23:25:08,,0.0,0.0,0,,0.0,0.0,0.0,179
1,[],22,[],2019-07-16 16:43:32,739863.5988636364,0.00000039,0.000000000039587067,7825748,2019-07-16 16:43:32,BTC,40.60130188,0.0,0.00000039,"BTC,LTC",159049.4107012939,0.00038,0.58435943,180
1,[],26,[],2019-07-16 16:43:32,0.0,0.00000010,0.00000000001015053,7825749,2019-07-16 16:43:32,btc,0.0,0.0,0.00000010,btc,0.0,0.0,0.0,180
1,[],17,[],2019-05-03 01:13:56,20504.725000000002,0.0000001,0.00000000000548003,7559141,2019-05-03 01:13:56,btc,5.2010695838400265,0.0,0.0000001,btc,5033.45945,0.0,0.0011504725,180
,[],7,[],2018-11-20 22:58:01,562227.975654,0.00000085,0.000000000036176765,4862015,2018-11-20 22:58:01,btc,21836.6059674,2491.87645172,,btc,749999.041456,0.00211021,0.127565380455,183
,[],5,[],2019-01-10 08:11:41,0.0,0,0,6347036,2019-01-10 08:11:41,btc,82.15055501,0.00261,,btc,1.19002445,0.0,0.0,187
,[],17,[],2018-11-16 20:58:10,4062536.27273,0.00000001,0.000000000000550501,4708775,2018-11-16 20:58:10,btc,3.36492563466,0.195460381006,,"btc,eth",110697919.549,0.0,0.0157628953496,187
1,[],24,[],2019-05-22 21:04:52,0.0,0.000000000014,0.0000000000000010960978,7670219,2019-05-22 21:04:52,btc,0.0,0.0,0.000000000014,btc,0.0,0.0,0.0,187
0,[],22,[],2019-07-13 22:02:15,0.0,0,0,7814314,2019-07-13 22:02:15,,7.54794454,0.0,0,,76361.7243344055,0.0,0.0,191
0,[],22,[],2019-06-17 14:33:34,0.0,0,0,7740182,2019-06-17 14:33:34,,0.0,0.0,0,,0.0,0.0,0.0,197
0,[],23,[],2019-01-20 23:31:41,0.0,0,0,6477079,2019-01-20 23:31:41,,0.0,0.0,0,,0.0,0.0,0.0,199
0,[],22,[],2019-07-16 16:43:35,0.0,0,0,7825750,2019-07-16 16:43:35,,10.5844317,0.0,0,,84460965.0,0.0,0.0,199
1,[],26,[],2019-07-16 16:43:35,0.0,0.00000000,0,7825751,2019-07-16 16:43:35,btc,0.0,0.0,0.00000000,btc,0.0,0.0,0.0,199
0,[],2,[],2019-01-20 23:30:49,0.0,0,0,6477059,2019-01-20 23:30:49,,0.0,0.0,0,,0.0,0.0,0.0,201
1,[],4,[],2019-01-25 15:51:35,2084389.58565343,0.00000936,0.000000000333526752,6499557,2019-01-25 15:51:35,btc,2.0092503037378524,0.0,0.00000936,btc,160195.80207885,0.19272417,1.242687955921835,211
1,[],7,[],2019-07-01 02:21:28,1170054124.6898527,0.00000018,0.000000000019815389999999997,7782694,2019-07-01 02:21:28,btc,1346735.6331920293,0.0,0.00000018,btc,5516233.71348162,0.0,11.954344045954047,212
1,[],12,[],2019-01-25 02:44:32,207462.42853209,0.000001080000000000000035831255497387193287295303889550268650054931640625,0.000000000038610756000000006,6493050,2019-01-25 02:44:32,btc,85023.03793723314,0.0,0.000001080000000000000035831255497387193287295303889550268650054931640625,btc,43675.73520027,0.000146250909087,0.0348620860622024,213
1,[],24,[],2019-07-14 17:01:36,0.0,0.000000200000,0.00000000002082346,7817375,2019-07-14 17:01:36,btc,0.0,0.0,0.000000200000,btc,0.0,0.0,0.0,213
1,[],26,[],2019-07-14 17:01:36,0.0,0.00000040,0.00000000004164692,7817376,2019-07-14 17:01:36,btc,0.0,0.0,0.00000040,btc,0.0,0.0,0.0,213
1,[],5,[],2019-05-30 00:07:46,0.0,0,0,7709357,2019-05-30 00:07:46,btc,0.0,0.06425239,0,btc,0.0,0.0,0.0,213
0,[],22,[],2019-07-16 16:43:42,0.0,0,0,7825752,2019-07-16 16:43:42,,9.54552254,0.0,0,,3658585.214064925,0.0,0.0,216
0,[],27,[],2019-07-16 16:44:01,0.0,0,0,7825753,2019-07-16 16:44:01,,174.1455070140976,0.0,0,"btc,ltc",469967.12534794,0.0,0.0,216
1,[],22,[],2019-07-16 16:44:04,1063933.0,0.00000006,0.000000000006090318,7825754,2019-07-16 16:44:04,BTC,12055.84531524,0.0,0.00000006,BTC,624125.9750633198,1.86e-06,0.0256178,217
0,[],27,[],2019-07-16 16:44:11,0.0,0,0,7825755,2019-07-16 16:44:11,,250.20642758069673,0.0,0,btc,46772.535837,0.0,0.0,219
0,[],28,[],2019-07-16 16:44:13,0.0,0,0,7825756,2019-07-16 16:44:13,,0.0,0.0,0,,0.0,0.0,0.0,219
1,[],7,[],2019-06-27 19:02:35,0.0,0,0,7772298,2019-06-27 19:02:35,btc,2123800.2774640615,0.0,0,btc,82333746.4752352,0.0,0.0,219
0,[],22,[],2019-07-16 16:44:16,0.0,0,0,7825757,2019-07-16 16:44:16,,57.73116496,0.0,0,,182427.70709740353,0.0,0.0,221
1,[],24,[],2019-07-16 16:44:16,0.0,0.000000010000,0.0000000000010150530000000001,7825758,2019-07-16 16:44:16,btc,0.0,0.0,0.000000010000,btc,0.0,0.0,0.0,221
1,[],20,[],2019-06-17 14:34:11,26882155.8301,0.000000003,0.000000000000278742,7740192,2019-06-17 14:34:11,btc,100050.81956632523,233521.3529,0.000000003,btc,38769742.8604,0.0007925640587,0.0306863532672,224
0,[],22,[],2019-06-17 14:34:13,0.0,0,0,7740193,2019-06-17 14:34:13,,0.0,0.0,0,,0.0,0.0,0.0,224
1,[],26,[],2019-07-16 16:44:17,0.0,0.00000022,0.000000000022331166000000003,7825759,2019-07-16 16:44:17,btc,0.0,0.0,0.00000022,btc,0.0,0.0,0.0,231
1,[],26,[],2019-07-16 16:44:17,0.0,0.00000005,0.000000000005075265,7825760,2019-07-16 16:44:17,btc,0.0,0.0,0.00000005,btc,0.0,0.0,0.0,234
0.0000000002088189,[],27,[],2019-07-16 16:44:21,100.0,2.088189e-18,2.119622509017e-22,7825761,2019-07-16 16:44:21,eth,0.0,0.0,0.00000001,"btc,eth",0.0,0.0,2.088189e-16,234
1,[],4,[],2019-05-22 17:06:12,91780.56053785,0.00000078,0.000000000061977552,7669277,2019-05-22 17:06:12,btc,5.573372450018177,0.0,0.00000078,btc,729173.93529783,0.0,0.0307060663355679,236
1,[],24,[],2019-05-22 17:06:12,0.0,0.000000010000,0.000000000000794584,7669278,2019-05-22 17:06:12,btc,0.0,0.0,0.000000010000,btc,0.0,0.0,0.0,236
1,[],5,[],2019-07-06 02:11:21,0.0,0,0,7800842,2019-07-06 02:11:21,btc,0.0,0.10652887,0,btc,0.0,0.0,0.0,237
1,[],20,[],2019-07-16 16:44:23,141235707.6143,0.000000045,0.0000000000045677385,7825762,2019-07-16 16:44:23,btc,539.9204977064587,11795802.3734,0.000000045,btc,34602427.1547,0.5696785289577,0.7030463034269,237
1,[],22,[],2019-07-16 16:44:29,2131868.0,0.00000004,0.0000000000040602120000000005,7825763,2019-07-16 16:44:29,BTC,1.20109922,0.0,0.00000004,"BTC,LTC",14430.948717948719,0.0,0.0281597,237
1,[],5,[],2019-07-06 02:11:32,0.0,0,0,7800846,2019-07-06 02:11:32,btc,0.0,0.05525444,0,btc,0.0,0.0,0.0,238
1,[],4,[],2019-07-16 16:44:30,24168285.80284395,0.00000004,0.0000000000040602120000000005,7825764,2019-07-16 16:44:30,btc,2.4976715381172956,0.0,0.00000004,btc,12875142.75249062,0.01281206,0.3695350863537577,238
0.00000000008431579999999999,[],22,[],2019-07-16 16:44:35,419253.0,8.43158e-19,8.55850057374e-23,7825765,2019-07-16 16:44:35,LTC,0.40428224,0.0,0.00000001,LTC,497363.0639027493,0.0,0.00419253,249
0,[],22,[],2019-07-16 16:44:38,0.0,0,0,7825766,2019-07-16 16:44:38,,13.44711564,0.0,0,,43776457.3426455,0.0,0.0,252
1,[],28,[],2019-07-16 16:44:39,3234233.716,0.00000005,0.000000000005075265,7825767,2019-07-16 16:44:39,btc,205.71258411198,1402258.4334,0.00000005,btc,4258018.5319,0.0,0.06571152998,256
0.00000000008431579999999999,[],22,[],2019-07-16 16:44:43,1517.0,8.43158e-19,8.55850057374e-23,7825768,2019-07-16 16:44:43,LTC,31472.74811374,0.0,0.00000001,LTC,783636.028948892,0.0,1.517e-05,258
1,[],22,[],2019-05-19 18:12:02,400.0,0.00000001,0.0000000000007957800000000001,7653905,2019-05-19 18:12:02,BTC,2.415167,0.0,0.00000001,BTC,157.0,0.0,4e-06,259
1,[],5,[],2019-07-02 14:44:15,0.0,0,0,7788374,2019-07-02 14:44:15,btc,0.0,0.02775788,0,btc,0.0,0.0,0.0,264
1,[],20,[],2019-07-16 16:44:47,1018259.3009,0.000000162,0.0000000000164438586,7825769,2019-07-16 16:44:47,btc,0.527333329084,35313.8334,0.000000162,btc,46308.724,0.0126170118419,0.0104723232559,264
0,[],22,[],2019-04-12 17:57:27,0.0,0,0,7278186,2019-04-12 17:57:27,,66.37522201,0.0,0,,677842.4169881374,0.0,0.0,271
0,[],22,[],2019-07-16 16:44:50,0.0,0,0,7825770,2019-07-16 16:44:50,,33050469.74148113,0.0,0,,14261527780.7,0.0,0.0,272
0.000000000000002895,[],28,[],2019-07-16 16:44:51,335745409884.0,2.6055e-22,2.6447205915e-26,7825771,2019-07-16 16:44:51,doge,57532733.791789,5528940840.0,0.00000009,doge,104880800428.75565,0.0,3.03293626554327e-11,272
1,[],22,[],2019-05-23 07:12:29,219930.0,0.00000004,0.000000000003048688,7671985,2019-05-23 07:12:29,BTC,426.77835217,0.0,0.00000004,BTC,248664.3325962929,0.0,0.00739728,281
1,[],22,[],2019-07-16 16:44:55,864242.4,0.00000002,0.0000000000020301060000000002,7825772,2019-07-16 16:44:55,BTC,6.83879134,0.0,0.00000002,"BTC,LTC",1148577.7620311212,0.00183511,0.02292401,286
0,[],22,[],2019-07-12 21:46:03,0.0,0,0,7810176,2019-07-12 21:46:03,,7337942.20855518,0.0,0,,2077158967.6797826,0.0,0.0,294
