pairValue,buyBook,exchangeId,sellBook,updated,buyTotal,satoshiPrice,usdPrice,exchangeLogId,created,bestPair,sellTotalBtc,volume,pairPrice,activePairs,sellTotal,volumeBtc,buyTotalBtc,coinId
1,[],3,[],2019-06-18 00:48:07,355.805444491333,0.01046988000000000085254470150175620801746845245361328125,0.000000973670571324,7745288,2019-06-18 00:48:07,btc,12.59822990878462,64.229516739,0.01046988000000000085254470150175620801746845245361328125,btc,20.652197578421003,0.0,0.3976568099428145,1
1,[],4,[],2019-06-18 00:48:08,207696.87122477,0.01045708,0.0000009724802058839999,7745289,2019-06-18 00:48:08,btc,5.8043577912231585,0.0,0.01045708,btc,338.13829687,1.29606856,0.7617211348175144,1
1,[],5,[],2019-06-18 00:48:12,0.0,0,0,7745290,2019-06-18 00:48:12,btc,0.0,0.00453361,0,btc,0.0,0.0,0.0,1
1,[],10,[],2019-06-18 00:48:14,311697.21852071,0.00521345,0.000000484836773685,7745291,2019-06-18 00:48:14,btc,6510.760330561601,1150.90176395,0.00521345,btc,1164.13464628,0.0,2.2828831024863674,1
1,[],12,[],2019-06-18 00:48:17,98.59883513,0.0105699999999999995348165526820594095624983310699462890625,0.000000982981461,7745292,2019-06-18 00:48:17,btc,0.3196945740753,0.0,0.0105699999999999995348165526820594095624983310699462890625,btc,28.56165675,2.07527486926,0.31869151387530004,1
1,[],20,[],2019-06-18 00:48:18,918.397,0.01111,0.000001033200002999999973115656456,7745293,2019-06-18 00:48:18,btc,0.1822780852031,0.7983,0.01111,btc,13.6166,0.008997764958,0.1316173173579,1
1,[],21,[],2019-06-18 00:48:20,1881.51943242,0.01063517999999999928684157879,0.0000009890430250139998,7745294,2019-06-18 00:48:20,btc,15.929112961023046,2418.69452537,0.01063517999999999928684157879388294531963765621185302734375,"btc,eth",2039.34944829,25.087272645763196,15.765785918907019,1
1,[],22,[],2019-06-18 00:48:23,0.0395979803020197,0.01000001,0.000000929973929973,7745295,2019-06-18 00:48:23,BTC,0.01662946,0.0,0.01000001,BTC,0.2506143389081928,0.0,0.00021887,1
1,[],24,[],2019-06-18 00:48:24,0.0,0.000000000000,0,7745296,2019-06-18 00:48:24,btc,0.0,0.0,0.000000000000,btc,0.0,0.0,0.0,1
0.0,[],25,[],2019-06-18 00:48:25,0.0,0,0,7745297,2019-06-18 00:48:25,btc,15.399999999336544,8344.1705028,0.0,btc,1414.76047745,89.29,0.0,1
1,[],26,[],2019-06-18 00:48:29,0.0,0,0,7745298,2019-06-18 00:48:29,,0.0,0.0,0,,0.0,0.0,0.0,1
0,[],28,[],2019-06-18 00:48:30,0.0,0,0,7745299,2019-06-18 00:48:30,,0.0,0.0,0,,0.0,0.0,0.0,1
0,[],2,[],2019-01-20 23:28:45,0.0,0,0,6477011,2019-01-20 23:28:45,,0.0,0.0,0,,0.0,0.0,0.0,1
1,[],5,[],2019-06-17 14:29:02,0.0,0,0,7740076,2019-06-17 14:29:02,btc,0.0,2.72e-05,0,btc,0.0,0.0,0.0,2
1,[],22,[],2019-06-17 14:29:06,11550.3,0.0000002,0.0000000000185828,7740077,2019-06-17 14:29:06,BTC,21.00897301,0.0,0.0000002,"BTC,XMR",20678.87287795317,1.754e-05,0.00143681,2
1,[],5,[],2019-06-03 14:48:58,0.0,0,0,7731126,2019-06-03 14:48:58,btc,0.0,0.05905545,0,btc,0.0,0.0,0.0,3
1,[],12,[],2019-06-03 14:48:59,3468623.70302,0.000000116,0.000000000009823402000000002,7731127,2019-06-03 14:48:59,btc,169531.0336573751,0.0,0.000000116,btc,2361209.62379607,0.041350953071,0.33764769154428,3
0,[],28,[],2019-06-03 14:49:00,0.0,0,0,7731128,2019-06-03 14:49:00,,0.0,0.0,0,,0.0,0.0,0.0,3
0,[],2,[],2019-01-20 23:31:32,0.0,0,0,6477077,2019-01-20 23:31:32,,0.0,0.0,0,,0.0,0.0,0.0,4
1,[],4,[],2019-05-18 21:29:50,562734.9206932,0.00000010,0.000000000007298720000000001,7650946,2019-05-18 21:29:50,btc,41.9347137769675,0.0,0.00000010,btc,1123702.32192634,0.00052462,0.029254593370966,4
0,[],12,[],2019-06-02 05:03:43,0.0,0,0,7724919,2019-06-02 05:03:43,btc,625.901992874995,0.0,0,btc,1211362.4995005,0.0,0.0,5
0,[],2,[],2019-01-20 23:31:51,0.0,0,0,6477087,2019-01-20 23:31:51,,0.0,0.0,0,,0.0,0.0,0.0,6
1,[],11,[],2019-06-18 01:17:00,5884057.076736,0.00000002,0.0000000000018547,7745406,2019-06-18 01:17:00,btc,9583.472600226667,478000.0,0.00000002,btc,73058976.62354945,0.0,0.07775014876736,6
1,[],3,[],2019-06-18 01:17:03,12131.101786468365,0.000085149999999999996199741281177608698271797038614749908447265625,0.00000000789638525,7745407,2019-06-18 01:17:03,btc,0.3023468649835639,383.235938255,0.000085149999999999996199741281177608698271797038614749908447265625,btc,277.199639423849,0.0,0.03262256477500013,7
1,[],4,[],2019-06-18 01:17:04,337312.55642325,0.00009631,0.00000000893130785,7745408,2019-06-18 01:17:04,btc,11.52689352358836,0.0,0.00009631,btc,65824.86727527,3.08117374,3.416278590975046,7
1,[],5,[],2019-06-18 01:17:06,0.0,0,0,7745409,2019-06-18 01:17:06,btc,0.0,0.05276754,0,btc,0.0,0.0,0.0,7
1,[],20,[],2019-04-07 22:06:50,3201475.0482,0.000000001,0.000000000000051590000000000004,7213932,2019-04-07 22:06:50,btc,30.8005781811902,0.0,0.000000001,btc,23077405.3926,0.0,0.0032014750482,8
0,[],2,[],2019-01-20 23:22:42,0.0,0,0,6476876,2019-01-20 23:22:42,,0.0,0.0,0,,0.0,0.0,0.0,9
0,[],23,[],2019-01-20 23:22:48,0.0,0,0,6476878,2019-01-20 23:22:48,,0.0,0.0,0,,0.0,0.0,0.0,9
1,[],4,[],2019-06-18 01:17:16,1672237.53567203,0.00000068,0.0000000000630598,7745410,2019-06-18 01:17:16,btc,3.9248881320676534,0.0,0.00000068,btc,2711588.16977736,1.05497931,0.3227576096453206,9
0,[],28,[],2019-06-18 01:17:18,0.0,0,0,7745411,2019-06-18 01:17:18,,0.0,0.0,0,,0.0,0.0,0.0,9
1,[],1,[],2019-02-17 23:31:42,1822507.21,0.00000181000000000000003456111265232042484285557293333113193511962890625,0.000000000066086901,6701244,2019-02-17 23:31:42,btc,3.6990969245,17153386.5,0.00000181000000000000003456111265232042484285557293333113193511962890625,btc,1997391.71,31.11772986,3.2610482446,9
1,[],4,[],2019-02-17 11:22:43,4341674.27126056,0.00000002,0.0000000000007272960000000001,6696112,2019-02-17 11:22:43,btc,0.1997230937751353,0.0,0.00000002,btc,4109766.79808031,0.00215132,0.0479381022052112,10
0,[],4,[],2019-06-18 00:50:40,0.0,0,0,7745306,2019-06-18 00:50:40,,0.0,0.0,0,,0.0,1.23055906,0.0,12
1,[],5,[],2019-06-18 00:50:41,0.0,0,0,7745307,2019-06-18 00:50:41,btc,0.0,0.01475716,0,btc,0.0,0.0,0.0,12
0.0,[],25,[],2019-06-18 00:50:42,0.0,0,0,7745308,2019-06-18 00:50:42,,0.0,0.0,0.0,btc,0.0,0.0,0.0,12
0,[],2,[],2019-01-20 23:23:08,0.0,0,0,6476890,2019-01-20 23:23:08,,0.0,0.0,0,,0.0,0.0,0.0,12
1,[],4,[],2019-06-18 00:50:43,446172.72092295,0.00000409,0.000000000380358957,7745309,2019-06-18 00:50:43,btc,2.1884742595123816,0.0,0.00000409,btc,334878.14485879,0.65039894,0.2952630542101468,13
1,[],21,[],2019-06-18 00:50:47,1534037.25228757,0.000004159999999999999981158734647,0.000000000386868768,7745310,2019-06-18 00:50:47,btc,3.9206839293983258,380030.43853313,0.0000041599999999999999811587346465469039458184852264821529388427734375,btc,771166.05391493,1.63657115,3.733258946005869,13
1,[],10,[],2019-06-18 00:42:28,667909.54005456,0.00000408,0.00000000037908014400000003,7745122,2019-06-18 00:42:28,btc,666798.7600522831,58424.9024398,0.00000408,btc,886069.23217989,0.0,0.3999552646099078,13
1,[],4,[],2019-06-18 00:50:47,977645.67434611,0.00000061,0.000000000056728353,7745311,2019-06-18 00:50:47,btc,9.782660507965744,0.0,0.00000061,btc,864047.56446625,0.04779675,0.0814808945992931,14
1,[],12,[],2019-06-18 00:50:49,159711.3087574,0.00000065,0.000000000060448245,7745312,2019-06-18 00:50:49,btc,184.2571623237544,0.0,0.00000065,btc,24283.75717093,0.0002208,0.0180117799999489,14
1,[],26,[],2019-06-18 00:50:49,0.0,0.00000050,0.00000000004649865,7745313,2019-06-18 00:50:49,btc,0.0,0.0,0.00000050,btc,0.0,0.0,0.0,14
0,[],17,[],2019-05-03 00:53:32,0.0,0,0,7558876,2019-05-03 00:53:32,btc,0.0,0.0,0,btc,0.0,0.0,0.0,14
0,[],4,[],2019-06-18 00:50:50,0.0,0,0,7745314,2019-06-18 00:50:50,,0.0,0.0,0,,0.0,0.0,0.0,15
,[],12,[],2018-12-01 15:15:48,204241.84496,0.00000489,0.000000000202473384,5260204,2018-12-01 15:15:48,btc,49.5475654835,0.0,,btc,35763.2193806,0.0163153972027625,0.0203389899998,15
1,[],4,[],2019-06-18 00:50:51,31540.4371716,0.00001040,0.00000000096717192,7745315,2019-06-18 00:50:51,btc,2.4437699839526905,0.0,0.00001040,btc,15619.05412245,0.06057945,0.0490779918885057,18
1,[],10,[],2019-06-18 00:50:54,291716.62165259,0.00000963,0.0000000008955639989999999,7745316,2019-06-18 00:50:54,btc,15.2089892440963,4136.11041192,0.00000963,btc,10606.38698377,0.0,0.2755448975576355,18
1,[],12,[],2019-06-18 00:50:55,3063.7566278,0.000011120000000000000259128656032725501745517249219119548797607421875,0.000000001034129976,7745317,2019-06-18 00:50:55,btc,0.5374409902710612,0.0,0.000011120000000000000259128656032725501745517249219119548797607421875,btc,1930.74656394,0.0013918492,0.0084295811038838,18
0,[],2,[],2019-01-20 23:23:38,0.0,0,0,6476906,2019-01-20 23:23:38,,0.0,0.0,0,,0.0,0.0,0.0,18
0,[],17,[],2019-05-03 00:53:39,0.0,0,0,7558882,2019-05-03 00:53:39,btc,0.0,0.0,0,btc,0.0,0.0,0.0,18
1,[],3,[],2019-06-18 00:50:56,153359.94643646354,0.0000085199999999999997415088548446959748616791330277919769287109375,0.000000000792336996,7745318,2019-06-18 00:50:56,btc,0.2374375428314753,12770.5064592,0.0000085199999999999997415088548446959748616791330277919769287109375,btc,5736.582704522152,0.0,0.07015371679993129,19
1,[],4,[],2019-06-18 00:50:57,328129.70316959,0.00001202,0.000000001117827546,7745319,2019-06-18 00:50:57,btc,6.754763698175808,0.0,0.00001202,btc,241743.9192744,1.98515095,1.349884123064847,19
1,[],5,[],2019-06-18 00:50:59,0.0,0,0,7745320,2019-06-18 00:50:59,btc,0.0,0.00154959,0,btc,0.0,0.0,0.0,19
1,[],12,[],2019-06-18 00:51:00,109125.05182828,0.000008529999999999999645765129396846049303348991088569164276123046875,0.000000000793266969,7745321,2019-06-18 00:51:00,btc,1.5488099378183122,0.0,0.000008529999999999999645765129396846049303348991088569164276123046875,btc,2954.84809466,0.00398435623,0.0216529313761658,19
0,[],27,[],2019-06-18 00:51:03,0.0,0,0,7745322,2019-06-18 00:51:03,,0.0,0.0,0,btc,0.0,0.0,0.0,19
0,[],2,[],2019-01-20 23:24:19,0.0,0,0,6476924,2019-01-20 23:24:19,,0.0,0.0,0,,0.0,0.0,0.0,19
1,[],4,[],2019-06-18 00:51:06,10221593.13604769,0.00000008,0.000000000007439784,7745323,2019-06-18 00:51:06,btc,6.3705248709913365,0.0,0.00000008,btc,2198053.57744236,0.0007,0.126972924430318,20
0,[],4,[],2019-06-18 00:51:07,0.0,0,0,7745324,2019-06-18 00:51:07,,53919.27083740718,0.0,0,,79402105.62574267,0.0,0.0,21
1,[],12,[],2019-06-18 00:51:08,872524.0,0.00000001,0.000000000000929973,7745325,2019-06-18 00:51:08,btc,2601.6155554424276,0.0,0.00000001,btc,6832670.12087911,0.0008111469,0.00872524,21
0,[],17,[],2019-05-03 00:53:51,0.0,0,0,7558891,2019-05-03 00:53:51,btc,0.0,0.0,0,btc,0.0,0.0,0.0,21
1,[],12,[],2019-06-18 00:45:35,5572424723.0,0.0000000003,0.000000000000027909330000000002,7745219,2019-06-18 00:45:35,btc,1420730267382.676,0.0,0.0000000003,btc,2614211359.019983,0.002665003356,1.3007497383,23
0.0000000002925953,[],27,[],2019-06-18 00:45:39,47185278.59912233,5.851906e-18,5.444092522766001e-22,7745220,2019-06-18 00:45:39,eth,1051.639203119881,116332.09290722,0.00000002,eth,26028018.42487581,6.80763928792e-13,1.5923981952015055e-10,23
1,[],4,[],2019-06-18 00:45:39,6154062.83851807,0.00000016,0.000000000014884976,7745221,2019-06-18 00:45:39,btc,10.325745210888638,0.0,0.00000016,btc,1744000.82708034,0.00260713,0.1366992284400025,24
0,[],22,[],2019-06-18 00:45:42,0.0,0,0,7745222,2019-06-18 00:45:42,,6.22e-05,0.0,0,,517.4264705882352,0.0,0.0,24
0.0,[],25,[],2019-06-18 00:45:43,0.0,0,0,7745223,2019-06-18 00:45:43,,0.0,0.0,0.0,btc,0.0,0.0,0.0,24
1,[],4,[],2019-06-18 00:51:09,26992679.13858277,0.00000501,0.000000000465916473,7745326,2019-06-18 00:51:09,btc,59.11020786323894,0.0,0.00000501,btc,253720.27573864,0.16330017,0.7141955276058306,26
1,[],10,[],2019-06-18 00:51:12,221042.74380282,0.00000368,0.000000000342230064,7745327,2019-06-18 00:51:12,btc,25.269382383289017,6911.84609876,0.00000368,btc,19888.73557319,0.0,0.049605314265131,26
0,[],2,[],2019-01-20 23:25:56,0.0,0,0,6476976,2019-01-20 23:25:56,,0.0,0.0,0,,0.0,0.0,0.0,26
1,[],5,[],2019-04-26 09:47:06,0.0,0,0,7465326,2019-04-26 09:47:06,btc,0.0,0.0,0,btc,0.0,0.0,0.0,27
1,[],3,[],2019-06-17 14:30:26,13571825.64059417,0.00000001,0.00000000000092914,7740112,2019-06-17 14:30:26,btc,3.485049956644059,4264730.43754,0.00000001,btc,23500048.28518193,0.0,0.1357182564059417,27
1,[],11,[],2019-06-17 14:30:28,2031833.58157834,0.00000001,0.00000000000092914,7740113,2019-06-17 14:30:28,btc,67502.92060589766,32677.9652116,0.00000001,btc,6487362.95640949,0.0,0.0203183358157834,27
1,[],4,[],2019-06-18 00:51:13,1112844795.238818,0.00000001,0.000000000000929973,7745328,2019-06-18 00:51:13,btc,6.082816017321161,0.0,0.00000001,"btc,ltc",432015042.55744815,0.20519579,7.968092206436889,29
1,[],7,[],2019-06-18 00:51:14,88385545.39145987,0.00000001,0.000000000000929973,7745329,2019-06-18 00:51:14,btc,46548272.3610738,3522.25,0.00000001,btc,44642562.52182614,3.522e-05,0.8838554539145987,29
1,[],4,[],2019-06-18 00:51:14,15472032.52820042,0.00000004,0.000000000003719892,7745330,2019-06-18 00:51:14,btc,2.6049082369320584,0.0,0.00000004,btc,2174081.02892934,0.00207486,0.1680169860256752,30
0,[],17,[],2019-05-03 01:11:25,0.0,0,0,7559066,2019-05-03 01:11:25,btc,0.0,0.0,0,btc,0.0,0.0,0.0,30
1,[],4,[],2019-06-18 00:51:16,213723.26472807,0.00004906,0.000000004562447538,7745331,2019-06-18 00:51:16,btc,4.3671751519907325,0.0,0.00004906,btc,55870.7120596,0.92620416,0.8710337441411204,31
1,[],21,[],2019-06-18 00:51:17,82589.63348401,0.00004849999999999999981698667328,0.00000000451036905,7745332,2019-06-18 00:51:17,btc,5.7321694266344245,754077.49206404,0.000048499999999999999816986673284446851539541967213153839111328125,btc,102562.22759288999,37.82034325,3.7334921260876395,31
0,[],2,[],2019-01-20 23:28:43,0.0,0,0,6477009,2019-01-20 23:28:43,,0.0,0.0,0,,0.0,0.0,0.0,32
0,[],4,[],2019-06-18 00:51:18,0.0,0,0,7745333,2019-06-18 00:51:18,,0.0,0.0,0,,0.0,0.0,0.0,33
1,[],12,[],2019-03-30 07:55:10,40641173.964,0.00000003,0.000000000001228359,7108785,2019-03-30 07:55:10,btc,4233210.82356125,0.0,0.00000003,btc,28378394.68333462,0.0126927883965248,0.90752895892,33
0.0000000001437103,[],4,[],2019-06-18 00:51:20,155278888.2232736,9.197459200000001e-17,8.5533887246016e-21,7745334,2019-06-18 00:51:20,ltc,3.718088940885086,0.0,0.00000064,ltc,157994123.926061,0.0,1.6155312108309862e-09,34
1,[],5,[],2019-06-18 00:51:21,0.0,0,0,7745335,2019-06-18 00:51:21,btc,0.0,0.0,0,btc,0.0,0.0,0.0,34
0.0000000002926451,[],17,[],2019-05-02 18:17:47,200000.0,2.9264510000000002e-18,1.596703856561e-22,7556430,2019-05-02 18:17:47,eth,0.20942468735267253,0.0,0.00000001,"btc,eth",1018272.20243647,0.0,5.852902e-13,36
0.0000000001311821,[],4,[],2019-05-31 13:28:19,2417517744.0607657,1.311821e-18,1.105058333085e-22,7717483,2019-05-31 13:28:19,ltc,5.019900492391546e-08,0.0,0.00000001,ltc,7102398142.262129,0.0,3.171350544531538e-09,36
1,[],5,[],2019-05-31 13:28:21,0.0,0,0,7717484,2019-05-31 13:28:21,btc,0.0,0.0,0,btc,0.0,0.0,0.0,36
0.0000000003108179,[],27,[],2019-05-31 13:30:34,10388811.226876,6.216358000000001e-18,5.236566733830001e-22,7717485,2019-05-31 13:30:34,eth,1569.8708019850988,761866.634299,0.00000002,"ltc,eth",5084024.2511555,4.736034912207001e-12,3.3251980286483705e-11,36
1,[],4,[],2019-06-18 00:40:56,10212298.25312233,0.00000013,0.000000000012071579,7745084,2019-06-18 00:40:56,btc,19772.14806699958,0.0,0.00000013,btc,695843.76456297,0.00026026,0.1276277838608256,37
1,[],12,[],2019-06-18 00:40:58,4407042.0,0.00000013,0.000000000012071579,7745085,2019-06-18 00:40:58,btc,7.366997347470795,0.0,0.00000013,btc,1633757.87093737,0.007480559449,0.15190098,37
1,[],27,[],2019-06-18 00:41:01,11304.0,0.00000019,0.000000000017643077,7745086,2019-06-18 00:41:01,btc,22.62970013895233,0.0,0.00000019,btc,4298.824295,0.0,0.00168776,37
1,[],17,[],2019-05-03 01:11:36,211752.74075282,0.00000025,0.000000000013700074999999998,7559074,2019-05-03 01:11:36,btc,0.055484923955058496,0.0,0.00000025,"btc,eth",1387.19918473,0.0,0.0005381851887916605,37
1,[],5,[],2019-06-18 00:51:25,0.0,0,0,7745336,2019-06-18 00:51:25,btc,0.0,4.969e-05,0,btc,0.0,0.0,0.0,42
1,[],12,[],2019-06-18 00:51:26,120881.00208412,0.00000200999999999999981375249820392259181289773550815880298614501953125,0.00000000018692457299999998,7745337,2019-06-18 00:51:26,btc,490.6687292842126,0.0,0.00000200999999999999981375249820392259181289773550815880298614501953125,btc,147539.40102448,0.078606794366,0.0444791763999085,42
1,[],27,[],2019-06-18 00:51:30,1581.0,0.0000005,0.00000000004649865,7745338,2019-06-18 00:51:30,btc,0.07600425,0.0,0.0000005,"btc,eth",18.0,0.0,0.0005435000003073425,42
1,[],12,[],2019-03-13 09:13:29,1112112.0,0.00000001,0.000000000000386531,6919902,2019-03-13 09:13:29,btc,29058.00478931866,0.0,0.00000001,btc,5967681.93306694,9.99000999e-07,0.01112112,43
1,[],5,[],2019-04-26 22:38:52,0.0,0,0,7474154,2019-04-26 22:38:52,btc,0.0,0.02638891,0,btc,0.0,0.0,0.0,43
0,[],17,[],2019-04-26 22:38:53,0.0,0,0,7474155,2019-04-26 22:38:53,btc,0.0,0.0,0,btc,0.0,0.0,0.0,43
1,[],12,[],2019-03-05 01:54:08,639326.02,0.00000004,0.000000000001486676,6845775,2019-03-05 01:54:08,btc,11116042.728239931,0.0,0.00000004,btc,1103841.4595604,0.0003330765234764,0.014975410599999999,44
1,[],4,[],2019-06-18 00:51:30,104764966.08192517,0.00000001,0.000000000000929973,7745339,2019-06-18 00:51:30,btc,6411.977070122587,0.0,0.00000001,"btc,ltc",27018895.64233967,0.00586512,0.020088589255062714,49
0.0000000001437103,[],4,[],2019-06-18 00:51:31,323821513.206733,3.0179163e-17,2.8065806752599e-21,7745340,2019-06-18 00:51:31,ltc,26637.374508750516,0.0,0.00000021,ltc,166029122.80381605,0.0,2.939774517546373e-09,52
0,[],22,[],2019-06-18 00:46:01,0.0,0,0,7745235,2019-06-18 00:46:01,,10289.93125131,0.0,0,,299399285.4566013,0.0,0.0,57
0,[],27,[],2019-06-18 00:46:06,0.0,0,0,7745236,2019-06-18 00:46:06,,0.0,0.0,0,"btc,eth",0.0,0.0,0.0,57
0.0000000001437103,[],4,[],2019-06-18 00:51:32,152494000.0,1.4371030000000001e-18,1.336466988219e-22,7745341,2019-06-18 00:51:32,ltc,19.717918371355125,0.0,0.00000001,ltc,5642195730.449376,0.0,2.19149584882e-10,58
1,[],12,[],2019-06-18 00:51:33,1050379494.5,0.0000000001,0.00000000000000929973,7745342,2019-06-18 00:51:33,btc,10159557.778015433,0.0,0.0000000001,btc,2681353642.274682,0.00543979174,0.10503794945,58
0.0000000001050343,[],22,[],2019-06-18 00:51:36,126877.0,1.050343e-18,9.767906307389999e-23,7745343,2019-06-18 00:51:36,XMR,68.17454206,0.0,0.00000001,XMR,9626402.6,0.0,0.00126877,58
1,[],17,[],2019-05-03 01:12:09,1200000.0,0.0000000001,0.00000000000000548003,7559085,2019-05-03 01:12:09,btc,1e+24,0.0,0.0000000001,"btc,eth",39516342.31952568,0.0,0.00010000000058666061,58
1,[],5,[],2019-06-17 14:31:27,0.0,0,0,7740135,2019-06-17 14:31:27,btc,0.0,0.00079154,0,btc,0.0,0.0,0.0,61
1,[],22,[],2019-06-17 14:31:30,13612.833333333334,0.00000012,0.00000000001114968,7740136,2019-06-17 14:31:30,BTC,1002.29123003,0.0,0.00000012,BTC,15014.200177125656,0.0,0.00153257,61
1,[],26,[],2019-06-17 14:31:30,0.0,0.00000050,0.000000000046457,7740137,2019-06-17 14:31:30,btc,0.0,0.0,0.00000050,btc,0.0,0.0,0.0,61
1,[],27,[],2019-06-17 14:31:36,8400.0,0.00000018,0.00000000001672452,7740138,2019-06-17 14:31:36,btc,1.9742539297246655,0.0,0.00000018,"btc,eth",10953.51663696,0.0,0.001512,61
0,[],28,[],2019-06-17 14:31:38,0.0,0,0,7740139,2019-06-17 14:31:38,,0.0,0.0,0,,0.0,0.0,0.0,61
1,[],4,[],2019-06-18 00:51:38,931320.09353942,0.00000074,0.000000000068818002,7745344,2019-06-18 00:51:38,btc,2.9645486525887668,0.0,0.00000074,btc,1049413.25886242,0.06380514,0.5136924009179338,67
0.0,[],25,[],2019-06-18 00:51:39,0.0,0,0,7745345,2019-06-18 00:51:39,,0.0,0.0,0.0,btc,0.0,0.0,0.0,67
1,[],12,[],2019-06-02 06:23:14,910048.355,0.00000006,0.000000000005154929999999999,7725270,2019-06-02 06:23:14,btc,5.167005424215783,0.0,0.00000006,btc,738530.60239759,0.003159757462,0.0187188113,71
,[],5,[],2018-11-20 23:02:39,1.5e-07,0.00000005,0.000000000002128045,4862160,2018-11-20 23:02:39,btc,2.84511358,0.0,,btc,0.00036572,0.0,0.07381892,74
1,[],5,[],2019-06-18 00:51:41,0.0,0,0,7745346,2019-06-18 00:51:41,btc,0.0,0.03258432,0,btc,0.0,0.0,0.0,75
1,[],4,[],2019-06-04 03:25:15,715281.46076168,0.00000001,0.000000000000803619,7734085,2019-06-04 03:25:15,btc,581089.6218469425,0.0,0.00000001,btc,37692563.61091116,0.0,0.0071528146076168,81
0,[],20,[],2019-01-25 09:30:31,0.0,0,0,6495923,2019-01-25 09:30:31,btc,0.0,0.0,0,btc,0.0,0.0,0.0,81
1,[],4,[],2019-06-18 01:22:23,293593.17732719,0.00009448,0.000000008751814672,7745481,2019-06-18 01:22:23,btc,56.82601338512423,0.0,0.00009448,btc,109965.75342983,0.911296,0.6120073142577187,82
1,[],21,[],2019-06-18 00:46:15,72179.33121873,0.00009925000000000000011449174941,0.000000009233336675,7745242,2019-06-18 00:46:15,btc,7.4092733055017215,18592.5946121,0.0000992500000000000001144917494144692682311870157718658447265625,btc,57924.1952178,1.8761462,5.818929250522328,82
0,[],17,[],2019-03-25 22:42:34,0.0,0,0,7038780,2019-03-25 22:42:34,btc,0.0445064681804024,0.0,0,btc,995513.18476001,0.0,0.0,84
0.0000000001161485,[],4,[],2019-05-20 13:09:39,216715621.0206096,1.161485e-18,9.0533806701e-23,7657228,2019-05-20 13:09:39,ltc,1.6511566870244727,0.0,0.00000001,ltc,471032407.9048656,0.0,2.5171194308112273e-10,85
,[],22,[],2018-11-20 23:09:34,3408.1,0.0000001,0.0000000000041895,4862324,2018-11-20 23:09:34,BTC,0.04624735,0.0,,BTC,4990.0,0.0,0.00033081,86
1,[],22,[],2019-06-18 01:22:29,124294.0,0.00000014,0.000000000012968396,7745483,2019-06-18 01:22:29,BTC,1.81285153,0.0,0.00000014,BTC,203224.94736842104,6e-05,0.00443684,87
1,[],27,[],2019-06-18 01:22:35,313713.0,0.00000012,0.000000000011115768,7745484,2019-06-18 01:22:35,btc,1.81223578326,8460.0,0.00000012,btc,484743.402,0.0009306,0.01197659,87
,[],2,[],2018-11-20 23:10:47,0.0,0,0,4862359,2018-11-20 23:10:47,,0.0,0.0,,,0.0,0.0,0.0,88
1,[],11,[],2019-06-17 14:31:59,193715.3529613,0.000073310000000000001140094962881477158589405007660388946533203125,0.00000000681152534,7740147,2019-06-17 14:31:59,btc,168.35454702024953,5791.70569014,0.000073310000000000001140094962881477158589405007660388946533203125,btc,196971.41170107,0.0,1.1996165759440112,89
0,[],2,[],2019-01-20 23:31:45,0.0,0,0,6477083,2019-01-20 23:31:45,,0.0,0.0,0,,0.0,0.0,0.0,91
0,[],17,[],2019-05-03 01:12:26,0.0,0,0,7559096,2019-05-03 01:12:26,btc,0.0,0.0,0,btc,0.0,0.0,0.0,91
1,[],12,[],2019-06-18 01:22:36,427715.74,0.00000015,0.000000000013894709999999998,7745485,2019-06-18 01:22:36,btc,116.61024988503611,0.0,0.00000015,btc,193315.55943968,0.000180759303,0.0129558314,91
1,[],22,[],2019-06-18 01:22:40,75910.0,0.00000002,0.000000000001852628,7745486,2019-06-18 01:22:40,BTC,0.49565371,0.0,0.00000002,"BTC,LTC",6.384990670617935,0.0,0.0016592,91
1,[],22,[],2019-04-09 20:17:52,374949.73333333334,0.00000015,0.000000000007771935,7235704,2019-04-09 20:17:52,BTC,6.87372503,0.0,0.00000015,"BTC,LTC",159980.01196797504,1.1e-05,0.80510266,95
0,[],17,[],2019-05-03 01:12:32,0.0,0,0,7559100,2019-05-03 01:12:32,btc,0.0,0.0,0,btc,0.0,0.0,0.0,96
0.0000000001435839,[],4,[],2019-06-18 01:22:42,536210829.0275802,2.1537585e-17,1.995056651169e-21,7745487,2019-06-18 01:22:42,ltc,11.365571626941456,0.0,0.00000015,ltc,160869418.30456752,0.0,8.644784861027536e-10,96
0,[],12,[],2019-06-18 01:22:43,0.0,0,0,7745488,2019-06-18 01:22:43,btc,40.2852944206993,0.0,0,btc,10625572.06993007,0.0,0.0,96
1,[],4,[],2019-04-14 03:32:46,1039404.33283278,0.00000038,0.000000000019245518,7293458,2019-04-14 03:32:46,btc,4.170086055365747,0.0,0.00000038,btc,3097704.34561074,0.06260606,0.1859928211030784,99
0,[],2,[],2019-01-20 23:23:55,0.0,0,0,6476914,2019-01-20 23:23:55,,0.0,0.0,0,,0.0,0.0,0.0,100
1,[],4,[],2019-06-18 01:22:45,302308.95262777,0.00001191,0.0000000011032399739999999,7745489,2019-06-18 01:22:45,btc,4.063706462464179,0.0,0.00001191,btc,135559.31194655,0.64948005,0.8457842513092332,100
1,[],22,[],2019-06-05 06:30:35,150000.0,0.00000002,0.000000000001558192,7740007,2019-06-05 06:30:35,BTC,28.56386409,0.0,0.00000002,BTC,12787.719,0.0,0.0017,101
1,[],4,[],2019-06-18 01:22:46,530909.98918753,0.00000173,0.000000000160252322,7745490,2019-06-18 01:22:46,btc,553.7091213244396,0.0,0.00000173,btc,673285.42327404,0.01431633,0.2192817525738846,103
1,[],12,[],2019-06-17 14:32:14,179201505.10870332,0.000000005,0.00000000000046457,7740154,2019-06-17 14:32:14,btc,113577.79366343976,0.0,0.000000005,btc,79148141.67831126,0.019059029059,0.27280986350611003,105
1,[],27,[],2019-06-17 14:32:19,18306828.03496503,0.00000002,0.00000000000185828,7740155,2019-06-17 14:32:19,btc,180.7198218385489,1083.96503497,0.00000002,btc,276513.60142659,7.588e-05,0.3661365606993006,105
1,[],22,[],2019-04-21 00:17:26,21333.0,0.00000001,0.000000000000532493,7385819,2019-04-21 00:17:26,BTC,51.38182867,0.0,0.00000001,BTC,470435.0,0.0,0.00021333,107
1,[],26,[],2019-04-21 00:17:26,0.0,0.00000000,0,7385820,2019-04-21 00:17:26,btc,0.0,0.0,0.00000000,btc,0.0,0.0,0.0,107
1,[],5,[],2019-06-18 01:22:49,0.0,0,0,7745491,2019-06-18 01:22:49,btc,0.0,0.0,0,btc,0.0,0.0,0.0,112
0,[],22,[],2019-06-18 01:22:52,0.0,0,0,7745492,2019-06-18 01:22:52,,6.79500102,0.0,0,,3375892.0833333335,0.0,0.0,112
1,[],27,[],2019-06-18 01:22:56,1.0,0.00000001,0.000000000000926314,7745493,2019-06-18 01:22:56,btc,1.14885,0.0,0.00000001,"btc,eth",39.0,0.0,1e-08,112
1,[],4,[],2019-06-18 01:22:58,2187697.04381414,0.00000069,0.000000000063915666,7745494,2019-06-18 01:22:58,btc,4.816176288500783,0.0,0.00000069,btc,763026.84518783,0.01261656,0.3495042517106729,113
1,[],5,[],2019-06-18 01:22:59,0.0,0,0,7745495,2019-06-18 01:22:59,btc,0.0,0.0,0,btc,0.0,0.0,0.0,113
1,[],17,[],2019-04-26 02:17:47,162738.278,0.00000004,0.0000000000021069000000000002,7461287,2019-04-26 02:17:47,btc,1.3331140273775473,0.0,0.00000004,btc,51796.221,0.0,0.00230953112,116
1,[],27,[],2019-05-22 05:13:01,210000.0,0.00000001,0.00000000000079145,7666372,2019-05-22 05:13:01,btc,3919.0005001478,0.0,0.00000001,btc,128660.871,0.0,0.0021,116
1,[],4,[],2019-05-21 22:31:11,138169.03963019,0.00000701,0.000000000558364025,7664793,2019-05-21 22:31:11,btc,150.95388250938234,0.0,0.00000701,btc,344631.17141974,0.07552974,0.4288357684941946,120
1,[],7,[],2019-05-21 22:31:12,3901.07750076,0.000010679999999999999389654892212320191902108490467071533203125,0.0000000008506887,7664794,2019-05-21 22:31:12,btc,231188.94669936574,0.0,0.000010679999999999999389654892212320191902108490467071533203125,btc,4133.83151364,0.0,0.0113888422364489,120
1,[],20,[],2019-04-07 18:42:29,1914137.0852,0.000000035,0.0000000000017871910000000002,7211992,2019-04-07 18:42:29,btc,32.2497668025648,25528.85,0.000000035,btc,1001975.4986,0.00089350975,0.0152723574729,125
1,[],22,[],2019-06-17 14:32:38,10000.0,0.00000001,0.00000000000092914,7740161,2019-06-17 14:32:38,BTC,0.032061,0.0,0.00000001,BTC,299316.7611111111,0.0,0.0001,126
0,[],2,[],2019-01-20 23:25:46,0.0,0,0,6476969,2019-01-20 23:25:46,,0.0,0.0,0,,0.0,0.0,0.0,131
1,[],17,[],2019-05-03 01:13:10,10000.0,0.00000001,0.000000000000548003,7559115,2019-05-03 01:13:10,btc,0.0953976503951408,0.0,0.00000001,btc,5037.62507334,0.0,0.0001,131
1,[],4,[],2019-06-18 01:23:00,860553.39910117,0.00000565,0.00000000052336741,7745496,2019-06-18 01:23:00,btc,2.571635607363622,0.0,0.00000565,btc,166305.80116577,0.16636379,0.2991097122932897,131
1,[],4,[],2019-06-17 14:32:42,4848.49465417,0.00007919,0.00000000735785966,7740163,2019-06-17 14:32:42,btc,0.9905723729472744,0.0,0.00007919,btc,202.13055914,0.0,0.0061509344290166,135
1,[],3,[],2019-06-05 06:33:11,40600.27748212,0.00000001,0.000000000000779096,7740019,2019-06-05 06:33:11,btc,0.2308097808993716,2146378.52189,0.00000001,btc,2477992.76904676,0.0,0.0004060027748212,136
1,[],4,[],2019-06-18 01:23:03,569397.20146235,0.00000169,0.000000000156547066,7745497,2019-06-18 01:23:03,btc,110.34189059109706,0.0,0.00000169,btc,586757.39794662,0.13372118,0.4641408684142901,137
1,[],12,[],2019-06-18 01:23:04,65824.57375582,0.00000154000000000000007854285798136739771280190325342118740081787109375,0.000000000142652356,7745498,2019-06-18 01:23:04,btc,84.63181714331164,0.0,0.00000154000000000000007854285798136739771280190325342118740081787109375,btc,84359.18845913,0.000570266242,0.0134021437578698,137
1,[],17,[],2019-05-03 01:13:16,32967.38636364,0.00000088,0.000000000048224264,7559122,2019-05-03 01:13:16,btc,20.06976206696776,0.0,0.00000088,btc,2746.079105,0.0,0.0105613000000032,142
1,[],4,[],2019-06-18 01:23:05,91183.37926609,0.00001621,0.000000001501554994,7745499,2019-06-18 01:23:05,btc,6.209601125508071,0.0,0.00001621,btc,176971.85352973,0.4868434,0.799328054550411,142
1,[],5,[],2019-06-18 01:23:06,0.0,0,0,7745500,2019-06-18 01:23:06,btc,0.0,0.00376377,0,btc,0.0,0.0,0.0,142
1,[],20,[],2019-06-18 01:23:08,270964.4426,0.00001425,0.00000000131999745,7745501,2019-06-18 01:23:08,btc,1.6069232172908,0.2308,0.00001425,btc,9782.7691,3.2889e-06,0.0178495854756,142
1,[],22,[],2019-06-18 01:23:11,10715.0,0.00001299,0.000000001203281886,7745502,2019-06-18 01:23:11,BTC,2.99759384,0.0,0.00001299,BTC,835.7198755539798,0.0,0.00540125,142
0.0,[],25,[],2019-06-18 01:23:13,0.0,0,0,7745503,2019-06-18 01:23:13,,0.0,0.0,0.0,btc,0.0,0.0,0.0,142
0,[],28,[],2019-06-18 01:23:15,0.0,0,0,7745504,2019-06-18 01:23:15,,0.0,0.0,0,,0.0,0.0,0.0,142
0,[],22,[],2019-06-18 01:23:17,0.0,0,0,7745505,2019-06-18 01:23:17,,1635.98618676,0.0,0,,788450755.3,0.0,0.0,143
0,[],22,[],2019-02-25 15:42:22,0.0,0,0,6783783,2019-02-25 15:42:22,,4.2131946,0.0,0,,2322156.0,0.0,0.0,146
,[],22,[],2018-11-20 23:01:11,0.0,0,0,4862114,2018-11-20 23:01:11,,2.56807021,0.0,,,61828.4988236,0.0,0.0,147
1,[],12,[],2019-04-21 06:38:04,193091.5971266,0.00000071,0.000000000037635183,7388679,2019-04-21 06:38:04,btc,2.301232411611175,0.0,0.00000071,btc,9957.48302385,0.00023528,0.0313308199999888,148
1,[],4,[],2019-03-19 21:31:25,255810.0415942,0.00000029,0.000000000011615747,6982695,2019-03-19 21:31:25,btc,218.94922712414143,0.0,0.00000029,btc,793529.37642722,0.00117,0.0608347789473395,152
0,[],22,[],2019-03-19 21:31:27,0.0,0,0,6982696,2019-03-19 21:31:27,,0.0,0.0,0,,0.0,0.0,0.0,152
1,[],5,[],2019-04-26 09:36:59,0.0,0,0,7465040,2019-04-26 09:36:59,btc,0.0,0.0,0,btc,0.0,0.0,0.0,153
,[],16,[],2019-01-11 15:38:59,0.0,0,0,6366141,2019-01-11 15:38:59,btc,0.0,0.0,,btc,0.0,0.0,0.0,155
0,[],23,[],2019-01-20 23:24:29,0.0,0,0,6476932,2019-01-20 23:24:29,,0.0,0.0,0,,0.0,0.0,0.0,156
0,[],22,[],2019-06-04 06:02:09,0.0,0,0,7734688,2019-06-04 06:02:09,,7.43375324,0.0,0,,5955762.942592593,0.0,0.0,156
1,[],22,[],2019-06-18 01:23:23,6996.0,0.00000001,0.000000000000926314,7745506,2019-06-18 01:23:23,BTC,1.7543039,0.0,0.00000001,BTC,57.0,0.0,6.996e-05,157
0,[],22,[],2019-05-21 23:40:32,0.0,0,0,7665049,2019-05-21 23:40:32,,50234.60468402,0.0,0,,54786159.03179465,0.0,0.0,158
,[],17,[],2018-11-20 22:56:10,0.0,0,0,4861976,2018-11-20 22:56:10,btc,1.1265625,0.0,,btc,1000.0,0.0,0.0,159
,[],20,[],2018-11-20 22:56:12,0.0,0,0,4861977,2018-11-20 22:56:12,btc,11912.7940471,0.0,,btc,34413894.3617,0.0,0.0,159
1,[],12,[],2019-05-24 02:51:20,9178.522006449999,0.00000191999999999999982841307998027158276954651228152215480804443359375,0.000000000151222656,7676256,2019-05-24 02:51:20,btc,149.80414728631675,0.0,0.00000191999999999999982841307998027158276954651228152215480804443359375,btc,1115.7451448499999,0.01783167678326,0.0120075778999181,168
1,[],17,[],2019-05-03 01:13:36,42852.0,0.00000002,0.000000000001096006,7559132,2019-05-03 01:13:36,btc,0.04279856251542,0.0,0.00000002,btc,274.46171372,0.0,0.00052852,168
1,[],22,[],2019-05-17 03:01:52,10.0,0.00000001,0.000000000000778341,7642059,2019-05-17 03:01:52,BTC,41.95893009,0.0,0.00000001,BTC,1753972.7737547632,0.0,1e-07,169
1,[],22,[],2019-05-30 08:38:18,202834.0,0.00000002,0.0000000000017416160000000001,7711049,2019-05-30 08:38:18,BTC,27.87002826,0.0,0.00000002,BTC,462189.5410507793,0.0,0.00211768,171
1,[],22,[],2019-05-29 08:05:18,349870.0,0.00000002,0.000000000001705894,7705265,2019-05-29 08:05:18,BTC,24.05907723,0.0,0.00000002,"BTC,LTC",1224285.4355616204,0.0,0.0039847,173
1,[],5,[],2019-06-18 01:23:24,0.0,0,0,7745507,2019-06-18 01:23:24,btc,0.0,0.00074391,0,btc,0.0,0.0,0.0,175
1,[],22,[],2019-06-17 14:33:12,90671.0,0.00000001,0.00000000000092914,7740175,2019-06-17 14:33:12,BTC,394.35459412,0.0,0.00000001,BTC,136275.61833431243,0.0,0.00090671,176
0,[],2,[],2019-01-20 23:28:34,0.0,0,0,6477001,2019-01-20 23:28:34,,0.0,0.0,0,,0.0,0.0,0.0,178
1,[],7,[],2019-06-18 01:23:26,0.0,0,0,7745508,2019-06-18 01:23:26,btc,522272.5605242169,0.0,0,btc,27079942.750126578,0.0,0.0,178
0,[],22,[],2019-06-18 01:23:28,0.0,0,0,7745509,2019-06-18 01:23:28,,1.00242428,0.0,0,,57512.0,0.0,0.0,178
0,[],23,[],2019-01-20 23:25:08,0.0,0,0,6476952,2019-01-20 23:25:08,,0.0,0.0,0,,0.0,0.0,0.0,179
1,[],5,[],2019-06-18 01:23:30,0.0,0,0,7745510,2019-06-18 01:23:30,btc,0.0,0.00060517,0,btc,0.0,0.0,0.0,179
0,[],22,[],2019-06-18 01:23:33,0.0,0,0,7745511,2019-06-18 01:23:33,,5.17403306,0.0,0,,13450177.311946675,0.0,0.0,179
1,[],17,[],2019-05-03 01:13:56,20504.725000000002,0.0000001,0.00000000000548003,7559141,2019-05-03 01:13:56,btc,5.2010695838400265,0.0,0.0000001,btc,5033.45945,0.0,0.0011504725,180
1,[],22,[],2019-06-18 01:23:37,676748.5363636364,0.00000061,0.000000000056505153999999995,7745512,2019-06-18 01:23:37,BTC,40.72189975,0.0,0.00000061,"BTC,LTC",182283.81477808973,0.01018582,0.57115742,180
1,[],26,[],2019-06-18 01:23:38,0.0,0.00000010,0.000000000009263139999999999,7745513,2019-06-18 01:23:38,btc,0.0,0.0,0.00000010,btc,0.0,0.0,0.0,180
,[],7,[],2018-11-20 22:58:01,562227.975654,0.00000085,0.000000000036176765,4862015,2018-11-20 22:58:01,btc,21836.6059674,2491.87645172,,btc,749999.041456,0.00211021,0.127565380455,183
,[],5,[],2019-01-10 08:11:41,0.0,0,0,6347036,2019-01-10 08:11:41,btc,82.15055501,0.00261,,btc,1.19002445,0.0,0.0,187
,[],17,[],2018-11-16 20:58:10,4062536.27273,0.00000001,0.000000000000550501,4708775,2018-11-16 20:58:10,btc,3.36492563466,0.195460381006,,"btc,eth",110697919.549,0.0,0.0157628953496,187
1,[],24,[],2019-05-22 21:04:52,0.0,0.000000000014,0.0000000000000010960978,7670219,2019-05-22 21:04:52,btc,0.0,0.0,0.000000000014,btc,0.0,0.0,0.0,187
0,[],22,[],2019-04-25 02:54:07,0.0,0,0,7447896,2019-04-25 02:54:07,,7.54794454,0.0,0,,76361.7243344055,0.0,0.0,191
0,[],22,[],2019-06-17 14:33:34,0.0,0,0,7740182,2019-06-17 14:33:34,,0.0,0.0,0,,0.0,0.0,0.0,197
0,[],23,[],2019-01-20 23:31:41,0.0,0,0,6477079,2019-01-20 23:31:41,,0.0,0.0,0,,0.0,0.0,0.0,199
0,[],22,[],2019-06-18 01:23:42,0.0,0,0,7745514,2019-06-18 01:23:42,,10.58263174,0.0,0,,84280969.0,0.0,0.0,199
1,[],26,[],2019-06-18 01:23:42,0.0,0.00000000,0,7745515,2019-06-18 01:23:42,btc,0.0,0.0,0.00000000,btc,0.0,0.0,0.0,199
0,[],2,[],2019-01-20 23:30:49,0.0,0,0,6477059,2019-01-20 23:30:49,,0.0,0.0,0,,0.0,0.0,0.0,201
1,[],4,[],2019-01-25 15:51:35,2084389.58565343,0.00000936,0.000000000333526752,6499557,2019-01-25 15:51:35,btc,2.0092503037378524,0.0,0.00000936,btc,160195.80207885,0.19272417,1.242687955921835,211
1,[],7,[],2019-06-18 01:23:45,1170056173.6409016,0.00000018,0.000000000016673652,7745516,2019-06-18 01:23:45,btc,1346840.283527339,0.0,0.00000018,btc,6172986.84713015,0.0,11.954364535464535,212
1,[],12,[],2019-01-25 02:44:32,207462.42853209,0.000001080000000000000035831255497387193287295303889550268650054931640625,0.000000000038610756000000006,6493050,2019-01-25 02:44:32,btc,85023.03793723314,0.0,0.000001080000000000000035831255497387193287295303889550268650054931640625,btc,43675.73520027,0.000146250909087,0.0348620860622024,213
1,[],5,[],2019-05-30 00:07:46,0.0,0,0,7709357,2019-05-30 00:07:46,btc,0.0,0.06425239,0,btc,0.0,0.0,0.0,213
1,[],24,[],2019-05-30 00:07:46,0.0,0.000000399202,0.0000000000344859829346,7709358,2019-05-30 00:07:46,btc,0.0,0.0,0.000000399202,btc,0.0,0.0,0.0,213
1,[],26,[],2019-05-30 00:07:47,0.0,0.00000040,0.000000000034554919999999996,7709359,2019-05-30 00:07:47,btc,0.0,0.0,0.00000040,btc,0.0,0.0,0.0,213
0,[],22,[],2019-06-17 14:33:45,0.0,0,0,7740186,2019-06-17 14:33:45,,9.56923849,0.0,0,,3661587.2040649247,0.0,0.0,216
0,[],27,[],2019-06-17 14:33:51,0.0,0,0,7740187,2019-06-17 14:33:51,,98.39583902917752,0.0,0,"btc,ltc",590425.407688,0.0,0.0,216
1,[],22,[],2019-06-18 01:23:49,615458.7424242424,0.00000033,0.000000000030568361999999996,7745517,2019-06-18 01:23:49,BTC,12055.91516852,0.0,0.00000033,BTC,488197.3626290264,0.02759956,0.04648249,217
1,[],7,[],2019-06-18 01:23:50,0.0,0,0,7745518,2019-06-18 01:23:50,btc,1234861.1728473483,0.0,0,btc,101424858.23152792,0.0,0.0,219
0,[],27,[],2019-06-18 01:23:54,0.0,0,0,7745519,2019-06-18 01:23:54,,250.36597143533322,0.0,0,btc,7934668.36581025,0.0,0.0,219
0,[],28,[],2019-06-18 01:23:55,0.0,0,0,7745520,2019-06-18 01:23:55,,0.0,0.0,0,,0.0,0.0,0.0,219
1,[],22,[],2019-05-23 16:41:05,172069.0,0.00000004,0.0000000000031167080000000004,7674065,2019-05-23 16:41:05,BTC,56.76466137,0.0,0.00000004,BTC,127061.6482738741,0.0,0.00393676,221
1,[],24,[],2019-05-23 16:41:05,0.0,0.000000010000,0.0000000000007791770000000001,7674066,2019-05-23 16:41:05,btc,0.0,0.0,0.000000010000,btc,0.0,0.0,0.0,221
1,[],20,[],2019-06-17 14:34:11,26882155.8301,0.000000003,0.000000000000278742,7740192,2019-06-17 14:34:11,btc,100050.81956632523,233521.3529,0.000000003,btc,38769742.8604,0.0007925640587,0.0306863532672,224
0,[],22,[],2019-06-17 14:34:13,0.0,0,0,7740193,2019-06-17 14:34:13,,0.0,0.0,0,,0.0,0.0,0.0,224
1,[],26,[],2019-06-17 14:34:14,0.0,0.00000022,0.00000000002044108,7740194,2019-06-17 14:34:14,btc,0.0,0.0,0.00000022,btc,0.0,0.0,0.0,231
1,[],26,[],2019-06-18 01:23:56,0.0,0.00000006,0.000000000005557884,7745521,2019-06-18 01:23:56,btc,0.0,100.0,0.00000006,btc,0.0,0.0,0.0,234
0.0000000002926018,[],27,[],2019-06-18 01:24:01,100.0,2.926018e-18,2.710411437652e-22,7745522,2019-06-18 01:24:01,eth,0.0,0.0,0.00000001,"btc,eth",0.0,0.0,2.9260180000000003e-16,234
1,[],4,[],2019-05-22 17:06:12,91780.56053785,0.00000078,0.000000000061977552,7669277,2019-05-22 17:06:12,btc,5.573372450018177,0.0,0.00000078,btc,729173.93529783,0.0,0.0307060663355679,236
1,[],24,[],2019-05-22 17:06:12,0.0,0.000000010000,0.000000000000794584,7669278,2019-05-22 17:06:12,btc,0.0,0.0,0.000000010000,btc,0.0,0.0,0.0,236
1,[],5,[],2019-06-18 01:24:02,0.0,0,0,7745523,2019-06-18 01:24:02,btc,0.0,0.52252961,0,btc,0.0,0.0,0.0,237
1,[],20,[],2019-06-18 01:24:04,151417777.0202,0.000000047,0.0000000000043536758,7745524,2019-06-18 01:24:04,btc,8172549.316641038,13583535.0077,0.000000047,btc,42877787.7826,0.7180977571345,1.0917053546084,237
1,[],22,[],2019-06-18 01:24:08,2072335.0,0.00000003,0.000000000002778942,7745525,2019-06-18 01:24:08,BTC,1.20112207,0.0,0.00000003,"BTC,LTC",14507.148717948718,0.0,0.02538335,237
1,[],4,[],2019-06-18 01:24:08,40048021.61798846,0.00000008,0.000000000007410512,7745526,2019-06-18 01:24:08,btc,2.5752511151999937,0.0,0.00000008,btc,11603338.36822242,0.18935738,0.8246156484163545,238
1,[],5,[],2019-06-18 01:24:10,0.0,0,0,7745527,2019-06-18 01:24:10,btc,0.0,0.01529688,0,btc,0.0,0.0,0.0,238
0,[],22,[],2019-03-12 16:49:32,0.0,0,0,6914458,2019-03-12 16:49:32,,0.40415746,0.0,0,,526736.5639027493,0.0,0.0,249
0,[],22,[],2019-05-28 23:53:45,0.0,0,0,7703643,2019-05-28 23:53:45,,13.44714864,0.0,0,,43777534.3426455,0.0,0.0,252
0,[],28,[],2019-06-18 01:24:12,0.0,0,0,7745528,2019-06-18 01:24:12,,0.0,0.0,0,,0.0,0.0,0.0,256
1,[],22,[],2019-06-18 01:24:17,605580.0,0.00000001,0.000000000000926314,7745529,2019-06-18 01:24:17,BTC,31464.55006285,0.0,0.00000001,BTC,587691.2230878276,0.0003431,0.0060558,258
1,[],22,[],2019-05-19 18:12:02,400.0,0.00000001,0.0000000000007957800000000001,7653905,2019-05-19 18:12:02,BTC,2.415167,0.0,0.00000001,BTC,157.0,0.0,4e-06,259
1,[],5,[],2019-06-18 01:24:20,0.0,0,0,7745530,2019-06-18 01:24:20,btc,0.0,0.13644115,0,btc,0.0,0.0,0.0,264
1,[],20,[],2019-06-18 01:24:22,920845.5513,0.000000425,0.000000000039368344999999997,7745531,2019-06-18 01:24:22,btc,0.9734576414375,10362.367,0.000000425,btc,46632.1987,0.01336745343,0.0100819932383,264
0,[],22,[],2019-04-12 17:57:27,0.0,0,0,7278186,2019-04-12 17:57:27,,66.37522201,0.0,0,,677842.4169881374,0.0,0.0,271
0,[],22,[],2019-05-29 08:10:20,0.0,0,0,7705301,2019-05-29 08:10:20,,33050470.74998113,0.0,0,,14361377780.7,0.0,0.0,272
0,[],28,[],2019-05-29 08:10:54,0.0,0,0,7705302,2019-05-29 08:10:54,,0.0,22189957216.5758,0,,0.0,0.0,0.0,272
1,[],22,[],2019-05-23 07:12:29,219930.0,0.00000004,0.000000000003048688,7671985,2019-05-23 07:12:29,BTC,426.77835217,0.0,0.00000004,BTC,248664.3325962929,0.0,0.00739728,281
1,[],22,[],2019-06-18 01:24:29,296727.76666666666,0.00000003,0.000000000002778942,7745532,2019-06-18 01:24:29,BTC,2.67498538,0.0,0.00000003,"BTC,LTC",972366.3498155182,0.0009931,0.01339338,286
0,[],22,[],2019-06-17 14:34:53,0.0,0,0,7740207,2019-06-17 14:34:53,,7337915.80475575,0.0,0,,2078527309.6797826,0.0,0.0,294
