pairValue,buyBook,exchangeId,sellBook,updated,buyTotal,satoshiPrice,usdPrice,exchangeLogId,created,bestPair,sellTotalBtc,volume,pairPrice,activePairs,sellTotal,volumeBtc,buyTotalBtc,coinId
1,[],3,[],2019-03-19 19:19:12,31044.61431346008,0.01323692999999999918292470368896829313598573207855224609375,0.0000005295738295889999,6981977,2019-03-19 19:19:12,btc,60.1383346819718,0.0,0.01323692999999999918292470368896829313598573207855224609375,btc,23.709598762684,0.0,0.3890378728031052,1
1,[],4,[],2019-03-19 19:19:13,207751.70791856,0.01318044,0.000000527313817212,6981978,2019-03-19 19:19:13,btc,13.14339480210376,0.0,0.01318044,btc,230.17355128,1.65165559,1.1367427094756049,1
1,[],5,[],2019-03-19 19:19:15,0.0,0,0,6981979,2019-03-19 19:19:15,btc,0.0,0.01301791,0,btc,0.0,0.0,0.0,1
1,[],10,[],2019-03-19 19:19:18,413687.17963671,0.01115257,0.00000044618421376100005,6981980,2019-03-19 19:19:18,btc,6523.284360869981,1550.05238815,0.01115257,btc,1010.92731905,0.0,4.690692496901315,1
1,[],12,[],2019-03-19 19:19:20,43.65222263,0.013190000000000000335287353436797275207936763763427734375,0.000000527696287,6981981,2019-03-19 19:19:20,btc,0.1781865788952,0.0,0.013190000000000000335287353436797275207936763763427734375,btc,12.91236278,0.0381142773413,0.2799755598436,1
1,[],20,[],2019-03-19 19:19:22,1152.6091,0.01070001,0.000000428078510073,6981982,2019-03-19 19:19:22,btc,0.0423738248054,0.0,0.01070001,btc,1.8879,0.0,0.0974289203441,1
1,[],21,[],2019-03-19 19:19:24,2886.3872605,0.01325635000000000007780442957,0.0000005303507713550001,6981983,2019-03-19 19:19:24,btc,50.15666294580825,10209.23362113,0.0132563500000000000778044295657309703528881072998046875,"btc,eth",4747.9232138,121.9051651356581,29.595906326383407,1
1,[],22,[],2019-03-19 19:19:27,0.07686088253968254,0.01260000,0.00000050409198,6981984,2019-03-19 19:19:27,BTC,0.31439419,0.0,0.01260000,BTC,0.12751438772928525,0.0,0.00096785,1
1,[],24,[],2019-03-19 19:19:28,0.0,0.000000000000,0,6981985,2019-03-19 19:19:28,btc,0.0,0.0,0.000000000000,btc,0.0,0.0,0.0,1
0.0,[],25,[],2019-03-19 19:19:29,0.0,0,0,6981986,2019-03-19 19:19:29,btc,43.29519999768648,255.47509393,0.0,btc,3191.40516063,3.35,0.0,1
1,[],26,[],2019-03-19 19:19:30,0.0,0,0,6981987,2019-03-19 19:19:30,,0.0,0.0,0,,0.0,0.0,0.0,1
1,[],28,[],2019-03-19 19:19:32,994.123,0.01250000,0.00000050009125,6981988,2019-03-19 19:19:32,btc,0.151703079,18084.15,0.01250000,btc,8.184,0.0,0.101388596,1
0,[],2,[],2019-01-20 23:28:45,0.0,0,0,6477011,2019-01-20 23:28:45,,0.0,0.0,0,,0.0,0.0,0.0,1
1,[],5,[],2019-03-19 19:19:34,0.0,0,0,6981989,2019-03-19 19:19:34,btc,0.0,0.03078796,0,btc,0.0,0.0,0.0,2
0.0000000001315643,[],22,[],2019-03-19 19:19:37,1148.0,1.4472073e-16,5.789885661329e-21,6981990,2019-03-19 19:19:37,XMR,21.02425527,0.0,0.00000110,XMR,24942.398537272726,0.0,0.00087635,2
1,[],5,[],2019-03-19 19:19:39,0.0,0,0,6981991,2019-03-19 19:19:39,btc,0.0,0.48851928,0,btc,0.0,0.0,0.0,3
1,[],12,[],2019-03-19 19:19:40,2343033.58604332,0.000000191,0.000000000007641394300000001,6981992,2019-03-19 19:19:40,btc,23468.959138534756,0.0,0.000000191,btc,1499645.25374641,0.10108817634092249,0.3234069599421876,3
0,[],28,[],2019-03-19 19:19:42,0.0,0,0,6981993,2019-03-19 19:19:42,,0.0,0.0,0,,0.0,0.0,0.0,3
0,[],2,[],2019-01-20 23:31:32,0.0,0,0,6477077,2019-01-20 23:31:32,,0.0,0.0,0,,0.0,0.0,0.0,4
1,[],4,[],2019-03-19 19:19:43,346131.8077875,0.00000030,0.00000000001200219,6981994,2019-03-19 19:19:43,btc,32.06421238719001,0.0,0.00000030,btc,689879.59827663,0.00640155,0.0326977554037978,4
1,[],12,[],2019-03-19 19:19:44,395175.0,0.00000002,0.000000000000800146,6981995,2019-03-19 19:19:44,btc,1111853.28863852,0.0,0.00000002,btc,793260.33266733,0.0,0.00436224,5
0,[],2,[],2019-01-20 23:31:51,0.0,0,0,6477087,2019-01-20 23:31:51,,0.0,0.0,0,,0.0,0.0,0.0,6
1,[],11,[],2019-03-19 19:19:46,3387507.66422,0.00000001,0.000000000000400073,6981996,2019-03-19 19:19:46,btc,9574.354910298487,882000.0,0.00000001,btc,43549534.90528502,0.0,0.0338750766422,6
1,[],3,[],2019-03-19 19:19:47,1111.874925057246,0.00016001000000000000791054721727135756736970506608486175537109375,0.000000006401568073000001,6981997,2019-03-19 19:19:47,btc,29.634654231634162,0.0,0.00016001000000000000791054721727135756736970506608486175537109375,btc,241.020514578101,0.0,0.03830597781778914,7
1,[],4,[],2019-03-19 19:19:48,102063.73983091,0.00023310,0.00000000932570163,6981998,2019-03-19 19:19:48,btc,11.59019777182597,0.0,0.00023310,btc,40576.55324437,5.53865639,10.350953754025232,7
1,[],5,[],2019-03-19 19:19:50,0.0,0,0,6981999,2019-03-19 19:19:50,btc,0.0,0.47740718,0,btc,0.0,0.0,0.0,7
1,[],20,[],2019-02-20 02:16:17,39399275.8418,0.000000001,0.0000000000000390183,6728586,2019-02-20 02:16:17,btc,116.9737569154545,525.0,0.000000001,btc,56932965.8895,5.25e-07,0.0393992758418,8
0,[],2,[],2019-01-20 23:22:42,0.0,0,0,6476876,2019-01-20 23:22:42,,0.0,0.0,0,,0.0,0.0,0.0,9
0,[],23,[],2019-01-20 23:22:48,0.0,0,0,6476878,2019-01-20 23:22:48,,0.0,0.0,0,,0.0,0.0,0.0,9
1,[],4,[],2019-03-19 19:19:51,2308911.18351848,0.00000158,0.000000000063211534,6982000,2019-03-19 19:19:51,btc,7.110425698060314,0.0,0.00000158,btc,3203889.76243013,0.88666204,2.495944212506925,9
1,[],28,[],2019-03-19 19:19:53,26783.0,0.00000160,0.00000000006401168000000001,6982001,2019-03-19 19:19:53,btc,2708.766379464023,3564274.13,0.00000160,btc,14696.5673,0.0,0.0154175,9
1,[],1,[],2019-02-17 23:31:42,1822507.21,0.00000181000000000000003456111265232042484285557293333113193511962890625,0.000000000066086901,6701244,2019-02-17 23:31:42,btc,3.6990969245,17153386.5,0.00000181000000000000003456111265232042484285557293333113193511962890625,btc,1997391.71,31.11772986,3.2610482446,9
1,[],4,[],2019-02-17 11:22:43,4341674.27126056,0.00000002,0.0000000000007272960000000001,6696112,2019-02-17 11:22:43,btc,0.1997230937751353,0.0,0.00000002,btc,4109766.79808031,0.00215132,0.0479381022052112,10
0,[],2,[],2019-01-20 23:23:08,0.0,0,0,6476890,2019-01-20 23:23:08,,0.0,0.0,0,,0.0,0.0,0.0,12
1,[],4,[],2019-03-19 19:19:54,4704000.41188355,0.00000154,0.000000000061611242,6982002,2019-03-19 19:19:54,btc,12.60282020532463,0.0,0.00000154,btc,5141618.01452641,4.41803098,5.005721306480986,12
1,[],5,[],2019-03-19 19:19:57,0.0,0,0,6982003,2019-03-19 19:19:57,btc,0.0,0.11237506,0,btc,0.0,0.0,0.0,12
0.0,[],25,[],2019-03-19 19:19:58,0.0,0,0,6982004,2019-03-19 19:19:58,,0.0,0.0,0.0,btc,0.0,0.0,0.0,12
1,[],4,[],2019-03-19 19:20:00,32899472.41336826,0.00001096,0.000000000438480008,6982005,2019-03-19 19:20:00,btc,3.5283812245241246,0.0,0.00001096,btc,265930.75530123,2.09887911,1.1416750131547666,13
1,[],10,[],2019-03-19 19:20:02,474843.81601862,0.0000107,0.00000000042807811,6982006,2019-03-19 19:20:02,btc,666776.3423866694,22676.8796623,0.0000107,btc,641015.85373341,0.0,0.597277745518092,13
1,[],21,[],2019-03-19 19:20:04,1851333.04707822,0.00001127000000000000051703866882,0.000000000450882271,6982007,2019-03-19 19:20:04,btc,14.219894141573205,1793486.05224554,0.000011270000000000000517038668823577296507210121490061283111572265625,btc,1142975.61531529,19.6837218,18.422669990747675,13
1,[],4,[],2019-03-19 19:20:06,1095855.28355881,0.00000080,0.000000000032005840000000004,6982008,2019-03-19 19:20:06,btc,5.395605008990354,0.0,0.00000080,btc,994503.60841289,0.01182326,0.1814560567013476,14
1,[],12,[],2019-03-19 19:20:07,303561.0,0.00000069,0.000000000027605037,6982009,2019-03-19 19:20:07,btc,0.0560460472702452,0.0,0.00000069,btc,13799.95186185,0.0,0.032130399999999996,14
1,[],26,[],2019-03-19 19:20:18,0.0,0.00000050,0.00000000002000365,6982010,2019-03-19 19:20:18,btc,0.0,0.0,0.00000050,btc,0.0,0.0,0.0,14
0,[],17,[],2019-03-19 18:55:15,0.0,0,0,6981617,2019-03-19 18:55:15,btc,0.0,0.0,0,btc,0.0,0.0,0.0,14
0,[],4,[],2019-03-19 19:20:18,0.0,0,0,6982011,2019-03-19 19:20:18,,0.0,0.0,0,,0.0,0.0,0.0,15
,[],12,[],2018-12-01 15:15:48,204241.84496,0.00000489,0.000000000202473384,5260204,2018-12-01 15:15:48,btc,49.5475654835,0.0,,btc,35763.2193806,0.0163153972027625,0.0203389899998,15
0,[],2,[],2019-01-20 23:23:38,0.0,0,0,6476906,2019-01-20 23:23:38,,0.0,0.0,0,,0.0,0.0,0.0,18
1,[],4,[],2019-03-19 19:20:20,74474.45958733,0.00001512,0.000000000604910376,6982012,2019-03-19 19:20:20,btc,1.1153925324442306,0.0,0.00001512,btc,18825.29415493,0.05138705,0.0513961641691413,18
1,[],10,[],2019-03-19 19:20:22,786767.2362798,0.00001574,0.000000000629714902,6982013,2019-03-19 19:20:22,btc,15.393977269440738,18854.1873505,0.00001574,btc,12693.72187098,0.0,0.1786075496582846,18
1,[],12,[],2019-03-19 19:20:23,338313.22800825,0.00001548999999999999907670210352872430803472525440156459808349609375,0.000000000619713077,6982014,2019-03-19 19:20:23,btc,33214.730276713104,0.0,0.00001548999999999999907670210352872430803472525440156459808349609375,btc,955.26745122,0.0154276962221403,0.0586902277727168,18
0,[],17,[],2019-03-19 19:08:41,0.0,0,0,6981818,2019-03-19 19:08:41,btc,0.0,0.0,0,btc,0.0,0.0,0.0,18
0,[],2,[],2019-01-20 23:24:19,0.0,0,0,6476924,2019-01-20 23:24:19,,0.0,0.0,0,,0.0,0.0,0.0,19
1,[],3,[],2019-03-19 19:20:36,119946.00712402817,0.00001819999999999999854114092479040465377693180926144123077392578125,0.00000000072813286,6982015,2019-03-19 19:20:36,btc,0.6473018627828636,0.0,0.00001819999999999999854114092479040465377693180926144123077392578125,btc,13054.055445313174,0.0,0.049251540998739164,19
1,[],4,[],2019-03-19 19:20:36,225936.63513876,0.00002111,0.000000000844554103,6982016,2019-03-19 19:20:36,btc,4.761067994951783,0.0,0.00002111,btc,114788.92075317,1.16353337,2.4178305249361554,19
1,[],5,[],2019-03-19 19:20:38,0.0,0,0,6982017,2019-03-19 19:20:38,btc,0.0,0.00326975,0,btc,0.0,0.0,0.0,19
1,[],12,[],2019-03-19 19:20:39,388338.80380556,0.00001851000000000000065528311943285899587863241322338581085205078125,0.000000000740535123,6982018,2019-03-19 19:20:39,btc,0.2055117592227558,0.0,0.00001851000000000000065528311943285899587863241322338581085205078125,btc,1953.61293599,0.0108814994109485,0.0911383199995329,19
0,[],27,[],2019-03-19 19:20:47,0.0,0,0,6982019,2019-03-19 19:20:47,,0.0,0.0,0,btc,0.0,0.0,0.0,19
1,[],4,[],2019-03-19 19:20:48,2830088.59634985,0.00000013,0.000000000005200949,6982020,2019-03-19 19:20:48,btc,7.379342187426975,0.0,0.00000013,btc,2861180.63183601,0.0001014,0.0844716666487598,20
0,[],17,[],2019-03-19 18:55:48,0.0,0,0,6981632,2019-03-19 18:55:48,btc,0.0,0.0,0,btc,0.0,0.0,0.0,21
1,[],4,[],2019-03-19 19:20:49,90573630.17693596,0.00000001,0.000000000000400073,6982021,2019-03-19 19:20:49,btc,39580.107109576355,0.0,0.00000001,btc,58472256.91491303,0.00226894,0.9057363017693596,21
1,[],12,[],2019-03-19 19:20:50,2155405.0,0.00000001,0.000000000000400073,6982022,2019-03-19 19:20:50,btc,2870.5387463704897,0.0,0.00000001,btc,2983683.52447552,0.0002392798001998,0.02155405,21
1,[],12,[],2019-03-19 19:21:02,3194625161.0,0.0000000002,0.000000000000008001460000000001,6982023,2019-03-19 19:21:02,btc,3161672.8177223685,0.0,0.0000000002,btc,1404481757.5454545,0.30238232048201796,0.3729834171,23
0,[],27,[],2019-03-19 19:21:10,0.0,0,0,6982024,2019-03-19 19:21:10,,0.0,0.0,0,,0.0,0.0,0.0,23
1,[],4,[],2019-03-19 19:21:11,666203.54198627,0.00000046,0.000000000018403358,6982025,2019-03-19 19:21:11,btc,10.572971245140211,0.0,0.00000046,btc,1628874.69209282,0.00468059,0.1694932942387098,24
1,[],22,[],2019-03-19 19:21:35,11.76,0.00000100,0.0000000000400073,6982026,2019-03-19 19:21:35,BTC,7.415e-05,0.0,0.00000100,BTC,23.919354838709676,0.0,1.176e-05,24
0.0,[],25,[],2019-03-19 19:21:36,0.0,0,0,6982027,2019-03-19 19:21:36,,0.0,0.0,0.0,btc,0.0,0.0,0.0,24
1,[],4,[],2019-03-19 19:21:37,26798488.90617464,0.00000648,0.000000000259247304,6982028,2019-03-19 19:21:37,btc,57.452635577132426,0.0,0.00000648,btc,258224.42469653,0.28253339,0.6788152626764065,26
1,[],10,[],2019-03-19 19:21:39,603251.78289451,0.00000577,0.000000000230842121,6982029,2019-03-19 19:21:39,btc,25.23701445294761,4522.44880672,0.00000577,btc,14702.66420715,0.0,0.1469897173618276,26
0,[],2,[],2019-01-20 23:25:56,0.0,0,0,6476976,2019-01-20 23:25:56,,0.0,0.0,0,,0.0,0.0,0.0,26
1,[],3,[],2019-03-19 19:21:41,10182978.48184747,0.00000001,0.000000000000400073,6982030,2019-03-19 19:21:41,btc,2.065848128323861,555.0,0.00000001,btc,16183483.75409294,0.0,0.10182978481847471,27
1,[],5,[],2019-03-19 19:21:43,0.0,0,0,6982031,2019-03-19 19:21:43,btc,0.0,5.56e-06,0,btc,0.0,0.0,0.0,27
1,[],11,[],2019-03-19 19:21:44,8483599.24590115,0.00000006,0.000000000002400438,6982032,2019-03-19 19:21:44,btc,67506.1891365516,10079.0,0.00000006,btc,7956117.08369704,0.0,0.4685351649180229,27
1,[],4,[],2019-03-19 19:21:45,2175710155.204994,0.00000001,0.000000000000400073,6982033,2019-03-19 19:21:45,btc,3.385318255536242,0.0,0.00000001,"btc,ltc",274708174.6699032,0.09403164,9.784203232998129,29
1,[],7,[],2019-03-19 19:21:46,35609430.88543586,0.00000001,0.000000000000400073,6982034,2019-03-19 19:21:46,btc,44461604.29847082,1088.0,0.00000001,btc,52463874.458633214,0.0,0.35609430885435855,29
1,[],4,[],2019-03-19 19:21:47,4157245.44353414,0.00000018,0.000000000007201314,6982035,2019-03-19 19:21:47,btc,2.780191391327999,0.0,0.00000018,btc,2184126.06250038,0.04231359,0.1201929743507692,30
0,[],17,[],2019-03-19 19:21:49,0.0,0,0,6982036,2019-03-19 19:21:49,btc,0.0,0.0,0,btc,0.0,0.0,0.0,30
1,[],4,[],2019-03-19 19:21:50,217881.19022202,0.00006097,0.000000002439245081,6982037,2019-03-19 19:21:50,btc,5.790194402536322,0.0,0.00006097,btc,61232.14347082,0.8975456,3.869259781061907,31
1,[],21,[],2019-03-19 19:21:52,69544.30718599001,0.00006103999999999999833896757728,0.000000002442045592,6982038,2019-03-19 19:21:52,btc,2.71568993444922,198225.19635047,0.0000610399999999999983389675772826876709586940705776214599609375,btc,39789.68819437,12.12124432,3.8963836480656946,31
0,[],2,[],2019-01-20 23:28:43,0.0,0,0,6477009,2019-01-20 23:28:43,,0.0,0.0,0,,0.0,0.0,0.0,32
1,[],4,[],2019-03-19 19:21:53,388054268.1331694,0.00000004,0.000000000001600292,6982039,2019-03-19 19:21:53,btc,8.69524167294508,0.0,0.00000004,"btc,ltc",173342413.01912695,0.66188638,8.16858206836754,33
1,[],12,[],2019-03-19 19:21:55,30707816.99233333,0.00000004,0.000000000001600292,6982040,2019-03-19 19:21:55,btc,4233126.521642127,0.0,0.00000004,btc,21718313.63636363,0.0006805262337665,0.7295598767199999,33
1,[],4,[],2019-03-19 19:21:56,89453763.86117007,0.00000001,0.000000000000400073,6982041,2019-03-19 19:21:56,btc,3.232471889079121,0.0,0.00000001,btc,103122701.1511004,0.00242624,0.8945376386117007,34
1,[],5,[],2019-03-19 19:21:58,0.0,0,0,6982042,2019-03-19 19:21:58,btc,0.0,0.06255651,0,btc,0.0,0.0,0.0,34
0.0000000001475284,[],4,[],2019-03-19 19:21:59,5063561970.826218,1.475284e-18,5.90221295732e-23,6982043,2019-03-19 19:21:59,ltc,4.8957985450060077e-08,0.0,0.00000001,ltc,6178374752.5490465,0.0,7.470191958568386e-09,36
1,[],5,[],2019-03-19 19:22:01,0.0,0,0,6982044,2019-03-19 19:22:01,btc,0.0,0.0,0,btc,0.0,0.0,0.0,36
0.00000000034449880000000003,[],27,[],2019-03-19 19:22:22,992184.46325,3.4449880000000002e-18,1.378246684124e-22,6982045,2019-03-19 19:22:22,eth,223.74951049924783,0.0,0.00000001,"ltc,eth",12177368.61058689,0.0,1.463754185235491e-12,36
0,[],17,[],2019-03-19 19:11:54,0.0,0,0,6981849,2019-03-19 19:11:54,btc,0.14155809404650171,0.0,0,btc,10794800.77743647,0.0,0.0,36
1,[],4,[],2019-03-19 19:22:23,277782.52042967,0.00000060,0.00000000002400438,6982046,2019-03-19 19:22:23,btc,19772.462321179944,0.0,0.00000060,btc,576447.83327071,0.01755644,0.1243957935815751,37
1,[],12,[],2019-03-19 19:22:25,741954.46141661,0.00000059,0.000000000023604307,6982047,2019-03-19 19:22:25,btc,21.69064961384947,0.0,0.00000059,btc,425197.53563318,0.0960735508943437,0.2128394352268677,37
1,[],17,[],2019-03-19 19:22:27,1752.74075282,0.00000025,0.000000000010001825,6982048,2019-03-19 19:22:27,btc,0.05548492398610243,0.0,0.00000025,btc,1387.19918473,0.0,0.00043818518820499993,37
1,[],27,[],2019-03-19 19:22:36,14685.567,0.00000045,0.000000000018003285,6982049,2019-03-19 19:22:36,btc,24.25536383611233,0.0,0.00000045,btc,6518.38138508,0.0,0.00480032515,37
1,[],5,[],2019-03-19 19:22:38,0.0,0,0,6982050,2019-03-19 19:22:38,btc,0.0,0.00181945,0,btc,0.0,0.0,0.0,42
1,[],12,[],2019-03-19 19:22:39,258180.23812476,0.00000091,0.000000000036406643,6982051,2019-03-19 19:22:39,btc,5.581015834645982,0.0,0.00000091,btc,30275.64211951,0.0083044148148582,0.019692259999989598,42
0.00000000034449880000000003,[],27,[],2019-03-19 19:22:51,2000.0,3.4449880000000002e-18,1.378246684124e-22,6982052,2019-03-19 19:22:51,eth,0.00315028,0.0,0.00000001,"btc,eth",11.007,0.0,6.889976000000001e-15,42
1,[],5,[],2019-03-19 19:22:53,0.0,0,0,6982053,2019-03-19 19:22:53,btc,0.0,0.01254781,0,btc,0.0,0.0,0.0,43
0,[],17,[],2019-03-19 19:23:06,0.0,0,0,6982054,2019-03-19 19:23:06,btc,0.0,0.0,0,btc,0.0,0.0,0.0,43
1,[],12,[],2019-03-13 09:13:29,1112112.0,0.00000001,0.000000000000386531,6919902,2019-03-13 09:13:29,btc,29058.00478931866,0.0,0.00000001,btc,5967681.93306694,9.99000999e-07,0.01112112,43
1,[],12,[],2019-03-05 01:54:08,639326.02,0.00000004,0.000000000001486676,6845775,2019-03-05 01:54:08,btc,11116042.728239931,0.0,0.00000004,btc,1103841.4595604,0.0003330765234764,0.014975410599999999,44
1,[],4,[],2019-03-19 19:23:06,298129338.73267287,0.00000002,0.000000000000800146,6982055,2019-03-19 19:23:06,btc,473.9031464781395,0.0,0.00000002,"btc,ltc",12877772.38193272,0.001099,0.28357841991297295,49
0.0000000001475284,[],4,[],2019-03-19 19:23:07,448043482.62466913,1.475284e-18,5.90221295732e-23,6982056,2019-03-19 19:23:07,ltc,25.901654673616566,0.0,0.00000001,ltc,8598823678.009727,0.0,6.609913812204524e-10,52
0,[],22,[],2019-03-19 19:23:11,0.0,0,0,6982057,2019-03-19 19:23:11,,4428.59026215,0.0,0,,305937213.5359664,0.0,0.0,57
0,[],27,[],2019-03-19 19:23:18,0.0,0,0,6982058,2019-03-19 19:23:18,,0.0,0.0,0,btc,0.0,0.0,0.0,57
0.0000000001475284,[],4,[],2019-03-19 19:23:20,758703760.9328182,2.950568e-18,1.180442591464e-22,6982059,2019-03-19 19:23:20,ltc,18.65761726411372,0.0,0.00000002,ltc,4665021416.967522,0.0,1.680289878350405e-09,58
1,[],12,[],2019-03-19 19:23:22,1415568531.0,0.0000000003,0.00000000000001200219,6982060,2019-03-19 19:23:22,btc,5376425.009980481,0.0,0.0000000003,btc,1795393974.7272727,0.000990037097003004,0.3634192594,58
0.0000000001315643,[],22,[],2019-03-19 19:23:36,137438.0,1.315643e-18,5.26353241939e-23,6982061,2019-03-19 19:23:36,XMR,69.1795942,0.0,0.00000001,XMR,9887963.0,0.0,0.00137438,58
0,[],17,[],2019-03-19 19:13:01,0.0,0,0,6981864,2019-03-19 19:13:01,btc,1e+24,0.0,0,btc,49306342.21952568,0.0,0.0,58
1,[],5,[],2019-03-19 19:23:38,0.0,0,0,6982062,2019-03-19 19:23:38,btc,0.0,0.02420854,0,btc,0.0,0.0,0.0,61
1,[],22,[],2019-03-19 19:23:41,13656.0,0.00000012,0.000000000004800876,6982063,2019-03-19 19:23:41,BTC,1002.2960049,0.0,0.00000012,BTC,14976.68361146909,0.0,0.00153775,61
1,[],26,[],2019-03-19 19:23:41,0.0,0.00000800,0.0000000003200584,6982064,2019-03-19 19:23:41,btc,0.0,0.0,0.00000800,btc,0.0,0.0,0.0,61
0.00000000034459219999999997,[],27,[],2019-03-19 19:13:19,1716.568,0.00000000000000168850178,6.760997517369199e-20,6981869,2019-03-19 19:13:19,eth,0.0681586003646656,0.0,0.00000490,eth,1166.41263696,0.0,2.89842812349104e-12,61
1,[],28,[],2019-03-19 19:13:26,13880.304,0.0000005,0.0000000000200207,6981870,2019-03-19 19:13:26,btc,2.056812978300105,900.0,0.0000005,btc,10230.59500005,0.0,0.00566391304,61
1,[],4,[],2019-03-19 19:13:27,1257327.78832756,0.00000240,0.00000000009609936,6981871,2019-03-19 19:13:27,btc,8.89484809604008,0.0,0.00000240,btc,766819.34458353,0.33137244,0.9327889606451634,67
0.0,[],25,[],2019-03-19 19:13:28,0.0,0,0,6981872,2019-03-19 19:13:28,,0.0,0.0,0.0,btc,0.0,0.0,0.0,67
1,[],12,[],2019-03-19 19:13:29,760034.49942732,0.00000016,0.000000000006406624,6981873,2019-03-19 19:13:29,btc,1111615.2198384656,0.0,0.00000016,btc,958964.94617533,0.0129033102847487,0.0563309241918155,71
,[],5,[],2018-11-20 23:02:39,1.5e-07,0.00000005,0.000000000002128045,4862160,2018-11-20 23:02:39,btc,2.84511358,0.0,,btc,0.00036572,0.0,0.07381892,74
1,[],5,[],2019-03-19 19:13:31,0.0,0,0,6981874,2019-03-19 19:13:31,btc,0.0,0.0,0,btc,0.0,0.0,0.0,75
0,[],20,[],2019-01-25 09:30:31,0.0,0,0,6495923,2019-01-25 09:30:31,btc,0.0,0.0,0,btc,0.0,0.0,0.0,81
1,[],4,[],2019-03-19 19:24:02,13382103.94481309,0.00000001,0.000000000000400073,6982071,2019-03-19 19:24:02,btc,11370.017332820591,0.0,0.00000001,btc,39841845.35132191,0.00148983,0.1338210394481309,81
1,[],4,[],2019-03-19 19:24:04,23434.51786136,0.00007977,0.000000003191382321,6982072,2019-03-19 19:24:04,btc,17.89350157900986,0.0,0.00007977,btc,12141.51574048,0.06410841,0.0654122243543179,82
1,[],21,[],2019-03-19 19:13:34,911625.76461034,0.00007503999999999999982302351098,0.000000003004706656,6981877,2019-03-19 19:13:34,btc,2.6130791798810042,2740.9307637,0.000075039999999999999823023510980846140228095464408397674560546875,btc,29462.97590744,0.2085147,3.124654174463175,82
0,[],17,[],2019-03-19 19:24:07,0.0,0,0,6982074,2019-03-19 19:24:07,btc,0.0447233088476774,0.0,0,btc,999127.19588126,0.0,0.0,84
0.0000000001475284,[],4,[],2019-03-19 19:24:08,147889140.09334978,4.425852e-18,1.770663887196e-22,6982075,2019-03-19 19:24:08,ltc,1.6750569443750756,0.0,0.00000003,ltc,367579842.3067035,0.0,3.144817824499833e-10,85
,[],22,[],2018-11-20 23:09:34,3408.1,0.0000001,0.0000000000041895,4862324,2018-11-20 23:09:34,BTC,0.04624735,0.0,,BTC,4990.0,0.0,0.00033081,86
1,[],22,[],2019-03-19 19:24:11,110870.0,0.00000005,0.0000000000020003650000000002,6982076,2019-03-19 19:24:11,BTC,2.07796841,0.0,0.00000005,BTC,164278.94736842104,6e-05,0.0017035,87
1,[],27,[],2019-03-19 19:13:55,50.0,0.00000001,0.000000000000400414,6981880,2019-03-19 19:13:55,btc,5.061790002021791,0.0,0.00000001,btc,27725.90385964,0.0,5e-07,87
,[],2,[],2018-11-20 23:10:47,0.0,0,0,4862359,2018-11-20 23:10:47,,0.0,0.0,,,0.0,0.0,0.0,88
1,[],11,[],2019-03-19 19:24:18,106285.29887459,0.0001502200000000000084700302327433973914594389498233795166015625,0.000000006009896606000001,6982078,2019-03-19 19:24:18,btc,613.1459596909684,841.55855205,0.0001502200000000000084700302327433973914594389498233795166015625,btc,105279.70001111,0.0,8.259797573747996,89
0,[],2,[],2019-01-20 23:31:45,0.0,0,0,6477083,2019-01-20 23:31:45,,0.0,0.0,0,,0.0,0.0,0.0,91
0,[],17,[],2019-03-19 18:35:48,0.0,0,0,6981434,2019-03-19 18:35:48,btc,0.0,0.0,0,btc,0.0,0.0,0.0,91
1,[],12,[],2019-03-19 19:24:19,312213.11497948,0.00000091,0.000000000036406643,6982079,2019-03-19 19:24:19,btc,58.44319722783946,0.0,0.00000091,btc,87676.39121051,0.0009361540459524,0.0308060486678565,91
1,[],22,[],2019-03-19 19:14:03,65900.0,0.00000001,0.000000000000400414,6981883,2019-03-19 19:14:03,BTC,3e-06,0.0,0.00000001,BTC,1.0,0.0,0.000659,91
0,[],22,[],2019-03-19 19:14:07,0.0,0,0,6981884,2019-03-19 19:14:07,,3.44097116,0.0,0,,46768900.1,0.0,0.0,95
0.0000000001476457,[],4,[],2019-03-19 19:14:08,543436447.814371,7.0869936e-17,2.8377314553504e-21,6981885,2019-03-19 19:14:08,ltc,11.887660055257726,0.0,0.00000048,ltc,134385540.3522542,0.0001,1.3098836695286014e-09,96
0,[],12,[],2019-03-19 19:14:09,0.0,0,0,6981886,2019-03-19 19:14:09,btc,20.929217578651347,0.0,0,btc,3213629.86513483,3.9160839161e-06,0.0,96
0,[],17,[],2019-03-19 19:14:10,0.0,0,0,6981887,2019-03-19 19:14:10,btc,0.0,0.0,0,btc,0.0,0.0,0.0,96
1,[],4,[],2019-03-19 19:14:12,2791003.89745331,0.00000045,0.00000000001801863,6981888,2019-03-19 19:14:12,btc,5.773993326184801,0.0,0.00000045,btc,3111712.81880797,0.01509872,0.6721204972766558,99
1,[],4,[],2019-03-19 19:14:13,287287.9370092,0.00003512,0.000000001406253968,6981889,2019-03-19 19:14:13,btc,12.292637466312204,0.0,0.00003512,btc,184475.84495198,0.6146219,1.2463565634299942,100
0,[],2,[],2019-01-20 23:23:55,0.0,0,0,6476914,2019-01-20 23:23:55,,0.0,0.0,0,,0.0,0.0,0.0,100
1,[],22,[],2019-03-19 19:14:16,120000.0,0.00000002,0.000000000000800828,6981890,2019-03-19 19:14:16,BTC,24.82891609,0.0,0.00000002,BTC,11877.22,0.0,0.0014,101
1,[],4,[],2019-03-19 19:14:18,1274188.37164729,0.00000084,0.000000000033634776,6981891,2019-03-19 19:14:18,btc,292.30307987331145,0.0,0.00000084,btc,560695.43679029,0.0100007,0.22396748335109,103
1,[],12,[],2019-03-19 19:14:21,33651900.0,0.000000007,0.0000000000002802898,6981892,2019-03-19 19:14:21,btc,3219028.6464141933,0.0,0.000000007,btc,68672097.49165553,0.03143703466856345,0.052319789000000005,105
1,[],27,[],2019-03-19 19:14:28,64954.7253,0.00000001,0.000000000000400414,6981893,2019-03-19 19:14:28,btc,36.61004578767041,159561.2747,0.00000001,btc,1418725.01561724,0.00159561,0.000649547253,105
1,[],22,[],2019-03-19 19:14:30,9328.0,0.00000001,0.000000000000400414,6981894,2019-03-19 19:14:30,BTC,51.10837004,0.0,0.00000001,BTC,470435.0,0.0,9.328e-05,107
1,[],26,[],2019-03-19 19:14:31,0.0,0.00000000,0,6981895,2019-03-19 19:14:31,btc,0.0,0.0,0.00000000,btc,0.0,0.0,0.0,107
1,[],5,[],2019-03-19 19:14:32,0.0,0,0,6981896,2019-03-19 19:14:32,btc,0.0,0.00065897,0,btc,0.0,0.0,0.0,112
0,[],22,[],2019-03-19 19:14:34,0.0,0,0,6981897,2019-03-19 19:14:34,,2.7812366,0.0,0,,926409.0833333334,0.0,0.0,112
0.00000000034459219999999997,[],27,[],2019-03-19 19:14:47,2000.0,3.445922e-18,1.3797954117079999e-22,6981898,2019-03-19 19:14:47,eth,1.24996908,0.0,0.00000001,"btc,eth",1289.0,0.0,6.891844e-15,112
1,[],4,[],2019-03-19 19:14:48,791664.04037587,0.00000192,0.000000000076879488,6981899,2019-03-19 19:14:48,btc,4.038156548195975,0.0,0.00000192,btc,411710.49157246,0.11674686,0.7932337984473918,113
1,[],5,[],2019-03-19 19:14:50,0.0,0,0,6981900,2019-03-19 19:14:50,btc,0.0,0.00118915,0,btc,0.0,0.0,0.0,113
0,[],27,[],2019-03-19 19:15:08,0.0,0,0,6981901,2019-03-19 19:15:08,,0.0,0.0,0,btc,0.0,0.0,0.0,116
1,[],17,[],2019-03-19 19:00:02,152738.278,0.00000004,0.0000000000016037040000000002,6981707,2019-03-19 19:00:02,btc,1.3368030274774954,0.0,0.00000004,btc,51896.221,0.0,0.0022095311199999998,116
1,[],4,[],2019-03-19 19:15:09,58587.89646423,0.00004746,0.000000001900364844,6981902,2019-03-19 19:15:09,btc,184.23209578557962,0.0,0.00004746,btc,57250.45987489,0.63246578,1.0664953314439178,120
1,[],7,[],2019-03-19 19:15:10,23281.65295948,0.000031010000000000002948370714239700873804395087063312530517578125,0.0000000012416838140000002,6981903,2019-03-19 19:15:10,btc,115655.54655502037,0.0,0.000031010000000000002948370714239700873804395087063312530517578125,btc,33280.80719437,0.0,0.0592219370940563,120
1,[],20,[],2019-03-19 19:15:13,1562430.1285,0.000000034,0.0000000000013614076,6981904,2019-03-19 19:15:13,btc,32.3019190406648,9355.159,0.000000034,btc,1028084.0986,0.000318075406,0.0118051535596,125
1,[],22,[],2019-03-19 19:15:16,3053.0,0.00000001,0.000000000000400414,6981905,2019-03-19 19:15:16,BTC,0.01444887,0.0,0.00000001,BTC,296263.5111111111,0.0,3.053e-05,126
1,[],4,[],2019-03-19 19:15:17,1330282.63111756,0.00001091,0.000000000436851674,6981906,2019-03-19 19:15:17,btc,2.9966594712916446,0.0,0.00001091,btc,125588.55199031,0.21907232,0.3527601260738431,131
0,[],17,[],2019-03-19 19:15:29,0.0,0,0,6981907,2019-03-19 19:15:29,btc,0.0953976503951408,0.0,0,btc,5037.62507334,0.0,0.0,131
0,[],2,[],2019-01-20 23:25:46,0.0,0,0,6476969,2019-01-20 23:25:46,,0.0,0.0,0,,0.0,0.0,0.0,131
1,[],4,[],2019-03-19 19:15:30,4827.48543366,0.00010295,0.00000000412226213,6981908,2019-03-19 19:15:30,btc,7.85891698336735,0.0,0.00010295,btc,268.02019984,0.04929581,0.0183401942194011,135
1,[],3,[],2019-03-07 00:20:44,877702.73244099,0.00000004,0.00000000000154846,6863392,2019-03-07 00:20:44,btc,0.119366241821405,0.0,0.00000004,btc,760637.99421222,0.0,0.023771231960604298,136
1,[],4,[],2019-03-19 19:15:30,278310.31226682,0.00000126,0.000000000050452164,6981909,2019-03-19 19:15:30,btc,38.752789247450636,0.0,0.00000126,btc,575722.03977283,0.80826759,0.081614670233485,137
1,[],12,[],2019-03-19 19:15:32,150773.51248478,0.000001250000000000000102253817392539136932327892282046377658843994140625,0.000000000050051750000000006,6981910,2019-03-19 19:15:32,btc,37.497497902282156,0.0,0.000001250000000000000102253817392539136932327892282046377658843994140625,btc,3960.64029654,0.0054278525691362,0.0113029914311262,137
1,[],4,[],2019-03-19 19:15:33,36413.64415365,0.00003940,0.00000000157763116,6981911,2019-03-19 19:15:33,btc,28.744746989810057,0.0,0.00003940,btc,51185.07184103,0.72102041,0.3113992999118941,142
1,[],5,[],2019-03-19 19:15:35,0.0,0,0,6981912,2019-03-19 19:15:35,btc,0.0,0.04459459,0,btc,0.0,0.0,0.0,142
1,[],17,[],2019-03-19 19:15:46,22967.386363640002,0.00000088,0.000000000035236432,6981913,2019-03-19 19:15:46,btc,20.0699133484,0.0,0.00000088,btc,405.079105,0.0,0.0104613000000032,142
1,[],20,[],2019-03-19 19:15:48,141975.1164,0.000036001,0.0000000014415304414,6981914,2019-03-19 19:15:48,btc,0.3357914473812,3.0797,0.000036001,btc,2239.1774,0.00011365926,0.3122540475259,142
1,[],22,[],2019-03-19 19:15:51,1470.2803921568627,0.00001020,0.00000000040842228,6981915,2019-03-19 19:15:51,BTC,3.0054103,0.0,0.00001020,BTC,910.5995,0.0,0.00121106,142
0.0,[],25,[],2019-03-19 19:15:52,0.0,0,0,6981916,2019-03-19 19:15:52,,0.0,0.0,0.0,btc,0.0,0.0,0.0,142
1,[],28,[],2019-03-19 19:16:00,82320.0,0.00001450,0.0000000005806003,6981917,2019-03-19 19:16:00,btc,0.0725844444,604.0,0.00001450,btc,479.55993,0.0,0.0718054,142
0,[],22,[],2019-03-19 19:16:03,0.0,0,0,6981918,2019-03-19 19:16:03,,65.73454167,0.0,0,,1043215670.8,0.0,0.0,143
0,[],22,[],2019-02-25 15:42:22,0.0,0,0,6783783,2019-02-25 15:42:22,,4.2131946,0.0,0,,2322156.0,0.0,0.0,146
,[],22,[],2018-11-20 23:01:11,0.0,0,0,4862114,2018-11-20 23:01:11,,2.56807021,0.0,,,61828.4988236,0.0,0.0,147
1,[],12,[],2019-03-19 19:16:05,356783.21412708,0.00000224000000000000015274565466627532117627197294495999813079833984375,0.000000000089692736,6981919,2019-03-19 19:16:05,btc,9.689115830524743,0.0,0.00000224000000000000015274565466627532117627197294495999813079833984375,btc,107766.52426484,0.0,0.1733192278146311,148
1,[],4,[],2019-03-19 19:16:06,255657.0201517,0.00000029,0.000000000011612006,6981920,2019-03-19 19:16:06,btc,218.94922712414143,0.0,0.00000029,btc,793529.37642722,0.00117,0.0608347789473381,152
0,[],22,[],2019-03-19 19:16:09,0.0,0,0,6981921,2019-03-19 19:16:09,,0.0,0.0,0,,0.0,0.0,0.0,152
1,[],5,[],2019-03-19 19:16:11,0.0,0,0,6981922,2019-03-19 19:16:11,btc,0.0,0.0,0,btc,0.0,0.0,0.0,153
,[],16,[],2019-01-11 15:38:59,0.0,0,0,6366141,2019-01-11 15:38:59,btc,0.0,0.0,,btc,0.0,0.0,0.0,155
0,[],22,[],2019-03-19 19:16:13,0.0,0,0,6981923,2019-03-19 19:16:13,,6.74640151,0.0,0,,4675792.242592593,0.0,0.0,156
0,[],23,[],2019-01-20 23:24:29,0.0,0,0,6476932,2019-01-20 23:24:29,,0.0,0.0,0,,0.0,0.0,0.0,156
1,[],22,[],2019-03-19 19:16:16,7073.8,0.00005300,0.0000000021221941999999998,6981924,2019-03-19 19:16:16,BTC,1.79802465,0.0,0.00005300,BTC,802.6461988741639,0.0,0.00104336,157
0,[],22,[],2019-03-19 19:16:20,0.0,0,0,6981925,2019-03-19 19:16:20,,50175.67608608,0.0,0,,54079135.04179466,0.0,0.0,158
,[],17,[],2018-11-20 22:56:10,0.0,0,0,4861976,2018-11-20 22:56:10,btc,1.1265625,0.0,,btc,1000.0,0.0,0.0,159
,[],20,[],2018-11-20 22:56:12,0.0,0,0,4861977,2018-11-20 22:56:12,btc,11912.7940471,0.0,,btc,34413894.3617,0.0,0.0,159
1,[],12,[],2019-03-19 19:16:22,247014.94116011998,0.0000073100000000000003150713197286325595314337988384068012237548828125,0.000000000292702634,6981926,2019-03-19 19:16:22,btc,12.665217596698232,0.0,0.0000073100000000000003150713197286325595314337988384068012237548828125,btc,7636.34129068,0.0117131187220938,0.1171980277320735,168
1,[],17,[],2019-03-19 19:16:24,29784.95,0.000001,0.0000000000400414,6981927,2019-03-19 19:16:24,btc,0.03026736251542,0.0,0.000001,btc,144.46171372,0.0,0.00716147,168
0,[],22,[],2019-03-19 19:16:27,0.0,0,0,6981928,2019-03-19 19:16:27,,45.65709131,0.0,0,,516897.19471078104,0.0,0.0,169
1,[],22,[],2019-03-19 19:16:30,216521.0,0.00000003,0.000000000001201242,6981929,2019-03-19 19:16:30,BTC,14.35309206,0.0,0.00000003,BTC,170481.20365968585,0.0,0.00260443,171
1,[],22,[],2019-03-19 19:16:34,224134.0,0.0000001,0.00000000000400414,6981930,2019-03-19 19:16:34,BTC,1.95499789,0.0,0.0000001,"BTC,LTC",309489.149459263,0.00138069,0.01094206,173
1,[],5,[],2019-03-19 19:16:35,0.0,0,0,6981931,2019-03-19 19:16:35,btc,0.0,0.15375395,0,btc,0.0,0.0,0.0,175
1,[],22,[],2019-03-19 19:16:39,130186.74545454545,0.00000011,0.000000000004404554,6981932,2019-03-19 19:16:39,BTC,0.6265795,0.0,0.00000011,BTC,151921.20308941446,0.00032962,0.01107594,176
1,[],7,[],2019-03-19 19:16:42,441780.14512312,0.00000001,0.000000000000400414,6981933,2019-03-19 19:16:42,btc,410194.0892531133,7162867.36165,0.00000001,btc,42562200.52822901,0.0719978,0.0044178014512312,178
0,[],22,[],2019-03-19 19:16:44,0.0,0,0,6981934,2019-03-19 19:16:44,,1.00242438,0.0,0,,57522.0,0.0,0.0,178
0,[],2,[],2019-01-20 23:28:34,0.0,0,0,6477001,2019-01-20 23:28:34,,0.0,0.0,0,,0.0,0.0,0.0,178
1,[],5,[],2019-03-19 19:16:46,0.0,0,0,6981935,2019-03-19 19:16:46,btc,0.0,0.04294352,0,btc,0.0,0.0,0.0,179
1,[],22,[],2019-03-19 19:16:50,6505928.0,0.00000001,0.000000000000400414,6981936,2019-03-19 19:16:50,BTC,5.64119724,0.0,0.00000001,"BTC,LTC",17665669.489868753,0.00397474,0.36505928,179
0,[],23,[],2019-01-20 23:25:08,0.0,0,0,6476952,2019-01-20 23:25:08,,0.0,0.0,0,,0.0,0.0,0.0,179
1,[],22,[],2019-03-19 19:17:04,665504.7090909091,0.00000160,0.00000000006406624,6981937,2019-03-19 19:17:04,BTC,38.00996914,0.0,0.00000160,"BTC,LTC",109245.09613087121,0.002556,0.57071238,180
1,[],26,[],2019-03-19 19:17:04,0.0,0.00000125,0.00000000005005175,6981938,2019-03-19 19:17:04,btc,0.0,0.0,0.00000125,btc,0.0,0.0,0.0,180
1,[],17,[],2019-03-19 19:02:09,10504.725,0.0000001,0.00000000000400926,6981741,2019-03-19 19:02:09,btc,5.2010695838440535,0.0,0.0000001,btc,5033.45945,0.0,0.0010504725,180
,[],7,[],2018-11-20 22:58:01,562227.975654,0.00000085,0.000000000036176765,4862015,2018-11-20 22:58:01,btc,21836.6059674,2491.87645172,,btc,749999.041456,0.00211021,0.127565380455,183
,[],5,[],2019-01-10 08:11:41,0.0,0,0,6347036,2019-01-10 08:11:41,btc,82.15055501,0.00261,,btc,1.19002445,0.0,0.0,187
1,[],24,[],2019-03-19 19:17:04,0.0,0.000000000001,4.00414e-17,6981939,2019-03-19 19:17:04,btc,0.0,0.0,0.000000000001,btc,0.0,0.0,0.0,187
,[],17,[],2018-11-16 20:58:10,4062536.27273,0.00000001,0.000000000000550501,4708775,2018-11-16 20:58:10,btc,3.36492563466,0.195460381006,,"btc,eth",110697919.549,0.0,0.0157628953496,187
1,[],22,[],2019-03-18 18:17:00,13812.0,0.00000001,0.00000000000039819,6968124,2019-03-18 18:17:00,BTC,7.56699454,0.0,0.00000001,BTC,79361.7243344055,0.0,0.00013812,191
0,[],22,[],2019-03-19 19:17:09,0.0,0,0,6981940,2019-03-19 19:17:09,,0.0,0.0,0,,0.0,0.0,0.0,197
0,[],23,[],2019-01-20 23:31:41,0.0,0,0,6477079,2019-01-20 23:31:41,,0.0,0.0,0,,0.0,0.0,0.0,199
0,[],22,[],2019-03-19 19:17:12,0.0,0,0,6981941,2019-03-19 19:17:12,,5.2941966,0.0,0,,24038399.0,0.0,0.0,199
1,[],26,[],2019-03-19 19:17:12,0.0,0.00000000,0,6981942,2019-03-19 19:17:12,btc,0.0,131698.0,0.00000000,btc,0.0,0.0,0.0,199
0,[],2,[],2019-01-20 23:30:49,0.0,0,0,6477059,2019-01-20 23:30:49,,0.0,0.0,0,,0.0,0.0,0.0,201
1,[],4,[],2019-01-25 15:51:35,2084389.58565343,0.00000936,0.000000000333526752,6499557,2019-01-25 15:51:35,btc,2.0092503037378524,0.0,0.00000936,btc,160195.80207885,0.19272417,1.242687955921835,211
1,[],7,[],2019-03-19 19:17:16,4199793.72195386,0.0000010600000000000000155604695795119596368749625980854034423828125,0.000000000042443884,6981943,2019-03-19 19:17:16,btc,15476707.411449395,244987.771952,0.0000010600000000000000155604695795119596368749625980854034423828125,btc,13417461.33245529,0.0,3.3586345358189513,212
1,[],5,[],2019-03-19 19:17:18,0.0,0,0,6981944,2019-03-19 19:17:18,btc,0.0,0.06005412,0,btc,0.0,0.0,0.0,213
1,[],24,[],2019-03-19 19:17:18,0.0,0.000000220000,0.000000000008809108,6981945,2019-03-19 19:17:18,btc,0.0,0.0,0.000000220000,btc,0.0,0.0,0.0,213
1,[],26,[],2019-03-19 19:17:18,0.0,0.00000040,0.00000000001601656,6981946,2019-03-19 19:17:18,btc,0.0,0.0,0.00000040,btc,0.0,0.0,0.0,213
1,[],12,[],2019-01-25 02:44:32,207462.42853209,0.000001080000000000000035831255497387193287295303889550268650054931640625,0.000000000038610756000000006,6493050,2019-01-25 02:44:32,btc,85023.03793723314,0.0,0.000001080000000000000035831255497387193287295303889550268650054931640625,btc,43675.73520027,0.000146250909087,0.0348620860622024,213
1,[],22,[],2019-03-19 19:17:22,3660.0,0.00000001,0.000000000000400414,6981947,2019-03-19 19:17:22,BTC,2.32345803,0.0,0.00000001,BTC,725573.3373982582,0.00025049,3.66e-05,216
1,[],27,[],2019-03-19 19:17:34,1233122.0,0.00000003,0.000000000001201242,6981948,2019-03-19 19:17:34,btc,316.9730370247724,0.0,0.00000003,"btc,ltc",239308.924324,0.0,0.03375764000007382,216
1,[],22,[],2019-03-19 19:17:37,204261.0,0.00000180,0.00000000007207452,6981949,2019-03-19 19:17:37,BTC,12543.57691248,0.0,0.00000180,BTC,409716.08593835315,0.11385444,0.20199807,217
1,[],7,[],2019-03-19 19:17:38,0.0,0,0,6981950,2019-03-19 19:17:38,btc,77969.38155952141,1450.0,0,btc,136810478.93791,1.45e-05,0.0,219
0,[],27,[],2019-03-19 19:17:46,0.0,0,0,6981951,2019-03-19 19:17:46,,0.03997288,0.0,0,btc,2007233.0,0.0,0.0,219
0.0000000000000052,[],28,[],2019-03-19 19:17:49,170813849.72,2.60104e-18,1.04149283056e-22,6981952,2019-03-19 19:17:49,doge,147882.12182513502,26763.0,0.00050020,"btc,doge",10030448.03261,0.0,1.759082485860804e-11,219
1,[],22,[],2019-03-19 19:17:52,400665.0,0.00000007,0.000000000002802898,6981953,2019-03-19 19:17:52,BTC,18.12597145,0.0,0.00000007,BTC,100266.74459740352,0.0,0.01880665,221
1,[],24,[],2019-03-19 19:17:53,0.0,0.000000200000,0.00000000000800828,6981954,2019-03-19 19:17:53,btc,0.0,0.0,0.000000200000,btc,0.0,0.0,0.0,221
1,[],20,[],2019-03-19 19:17:55,46750604.2169,0.000000006,0.0000000000002402484,6981955,2019-03-19 19:17:55,btc,506.0558975946776,697342.7063,0.000000006,btc,18453557.4169,0.0087780791392,0.0638884705351,224
0,[],22,[],2019-03-19 19:17:57,0.0,0,0,6981956,2019-03-19 19:17:57,,0.0,0.0,0,,0.0,0.0,0.0,224
1,[],26,[],2019-03-19 19:17:57,0.0,0.00000022,0.000000000008809108,6981957,2019-03-19 19:17:57,btc,0.0,0.0,0.00000022,btc,0.0,0.0,0.0,231
1,[],26,[],2019-03-19 19:17:57,0.0,0.00000005,0.00000000000200207,6981958,2019-03-19 19:17:57,btc,0.0,0.0,0.00000005,btc,0.0,0.0,0.0,234
0.00000000034459219999999997,[],27,[],2019-03-19 19:18:08,2000.0,3.445922e-18,1.3797954117079999e-22,6981959,2019-03-19 19:18:08,eth,0.01134836604,0.0,0.00000001,"btc,eth",11462.996,0.0,6.891844e-15,234
1,[],4,[],2019-03-19 19:18:09,975378.03297473,0.00000106,0.000000000042443884,6981960,2019-03-19 19:18:09,btc,4.514551377734675,0.0,0.00000106,btc,1065355.00263331,0.17568669,0.4130758723612901,236
1,[],24,[],2019-03-19 19:18:09,0.0,0.000000500000,0.0000000000200207,6981961,2019-03-19 19:18:09,btc,0.0,0.0,0.000000500000,btc,0.0,0.0,0.0,236
1,[],20,[],2019-03-19 19:18:11,276092101.9374,0.000000047,0.0000000000018819458,6981962,2019-03-19 19:18:11,btc,94.0508284999233,31896427.5832,0.000000047,btc,27411951.2729,1.2324320163858,0.3889384500787,237
0.0000000001476457,[],22,[],2019-03-19 19:18:15,751594.9,2.5099769e-17,1.0050298904365999e-21,6981963,2019-03-19 19:18:15,LTC,1.20370855,0.0,0.00000017,LTC,18673.0,0.0,0.12541949,237
1,[],4,[],2019-03-19 19:18:16,10565384.57285871,0.00000039,0.000000000015616145999999998,6981964,2019-03-19 19:18:16,btc,5.446761199043961,0.0,0.00000039,btc,8087313.75634274,0.31274839,3.0379304814820363,238
1,[],5,[],2019-03-19 19:18:17,0.0,0,0,6981965,2019-03-19 19:18:17,btc,0.0,0.10240472,0,btc,0.0,0.0,0.0,238
0,[],22,[],2019-03-12 16:49:32,0.0,0,0,6914458,2019-03-12 16:49:32,,0.40415746,0.0,0,,526736.5639027493,0.0,0.0,249
0.0000000001476457,[],22,[],2019-03-19 19:18:21,48086691.666666664,4.429371e-18,1.773582159594e-22,6981966,2019-03-19 19:18:21,LTC,0.95711324,0.0,0.00000003,LTC,18565111.353636365,0.0,1.04160377,252
1,[],28,[],2019-03-19 19:18:23,1849204.661,0.00000071,0.000000000028429393999999998,6981967,2019-03-19 19:18:23,btc,164753.6338854547,195047.6,0.00000071,btc,477949.8352,0.0,0.5588914855,256
1,[],22,[],2019-03-19 19:18:27,1308903.3333333333,0.00000003,0.000000000001201242,6981968,2019-03-19 19:18:27,BTC,33.99719602,0.0,0.00000003,BTC,765670.602203122,0.00048,0.01820002,258
1,[],22,[],2019-03-13 00:07:30,47146.0,0.00000001,0.000000000000387233,6917028,2019-03-13 00:07:30,BTC,2.415167,0.0,0.00000001,BTC,157.0,0.0,0.00047146,259
1,[],5,[],2019-03-19 19:18:30,0.0,0,0,6981969,2019-03-19 19:18:30,btc,0.0,0.254084,0,btc,0.0,0.0,0.0,264
1,[],20,[],2019-03-19 19:18:32,1270717.3719,0.00000151,0.000000000060462514,6981970,2019-03-19 19:18:32,btc,4.7934370430135,4487.7046,0.00000151,btc,96808.4621,0.008357911886,0.023032922719,264
0,[],22,[],2019-03-19 19:18:36,0.0,0,0,6981971,2019-03-19 19:18:36,,8.75641439,0.0,0,,455745.2241309945,0.0,0.0,271
0,[],22,[],2019-03-19 19:18:38,0.0,0,0,6981972,2019-03-19 19:18:38,,111841.37121834,0.0,0,,14248217297.692,0.0,0.0,272
0.0000000000000052,[],28,[],2019-03-19 19:18:40,197006973790.671,3.744e-21,1.499150016e-25,6981973,2019-03-19 19:18:40,doge,146101320.22593078,4306380037.6358,0.00000072,doge,247926254244.0246,0.0,4.965046908701975e-10,272
1,[],22,[],2019-03-19 19:18:44,189445.74,0.0000006,0.00000000002402484,6981974,2019-03-19 19:18:44,BTC,276.1961879,0.0,0.0000006,"BTC,LTC",193137.27372169192,5.959e-05,0.04811946,281
1,[],22,[],2019-03-19 19:18:49,314350.0,0.00000006,0.000000000002402484,6981975,2019-03-19 19:18:49,BTC,1.32490333,0.0,0.00000006,BTC,427468.9105343139,0.00046763,0.01007302,286
0,[],22,[],2019-03-19 19:18:51,0.0,0,0,6981976,2019-03-19 19:18:51,,1044639.47241442,0.0,0,,766976285.0,0.0,0.0,294
