pairValue,buyBook,exchangeId,sellBook,updated,buyTotal,satoshiPrice,usdPrice,exchangeLogId,created,bestPair,sellTotalBtc,volume,pairPrice,activePairs,sellTotal,volumeBtc,buyTotalBtc,coinId
1,[],3,[],2019-02-07 21:27:22,117.989912849721,0.01275018999999999978756104468402554630301892757415771484375,0.000000433554910722,6617771,2019-02-07 21:27:22,btc,107.08770230568419,0.011,0.01275018999999999978756104468402554630301892757415771484375,btc,23.317712075972,0.0,0.3675394005209565,1
1,[],4,[],2019-02-07 21:27:23,100055.56515417,0.01282518,0.00000043610485568400005,6617772,2019-02-07 21:27:23,btc,0.7965870396948957,0.0,0.01282518,btc,59.15046726,0.71981663,1.3709501847048853,1
1,[],5,[],2019-02-07 21:27:25,0.26573816,0.01231146,0.000000418636423548,6617773,2019-02-07 21:27:25,btc,14577.95933806,0.1465273,0.01231146,btc,35555556.02066389,0.0,1.44724319,1
1,[],10,[],2019-02-07 21:27:27,414735.70050631,0.01161016,0.000000394789558608,6617774,2019-02-07 21:27:27,btc,6532.427040551272,1781.4919722,0.01161016,btc,974.8969816,0.0,4.225847425562177,1
1,[],12,[],2019-02-07 21:27:29,10440.28134019,0.01274999999999999918121051933894705143757164478302001953125,0.00000043354845,6617775,2019-02-07 21:27:29,btc,0.4161167815077,0.0,0.01274999999999999918121051933894705143757164478302001953125,btc,26.90800595,0.5219263736751,0.40689656932130003,1
1,[],20,[],2019-02-07 21:27:31,1149.4911,0.01200002,0.00000040804628007600004,6617776,2019-02-07 21:27:31,btc,0.0566246204203,0.1109,0.01200002,btc,2.488,0.001330801109,0.0880753462247,1
1,[],21,[],2019-02-07 21:27:33,2799.68699436,0.01275261999999999923405269442,0.000000433637539956,6617777,2019-02-07 21:27:33,btc,18.265702125442797,2111.39222208,0.012752619999999999234052694419006002135574817657470703125,"btc,eth",1934.14430787,24.626755571912735,28.96728452340702,1
1,[],22,[],2019-02-07 21:27:37,0.0263776,0.01350000,0.00000045905130000000003,6617778,2019-02-07 21:27:37,BTC,0.31397231,0.0,0.01350000,BTC,0.10124366666666666,0.0,0.00034472,1
1,[],24,[],2019-02-07 21:27:38,0.0,0.000000000000,0,6617779,2019-02-07 21:27:38,btc,0.0,0.0,0.000000000000,btc,0.0,0.0,0.0,1
0.0,[],25,[],2019-02-07 21:27:38,0.0,0,0,6617780,2019-02-07 21:27:38,btc,14.036199998100287,1391.71038935,0.0,btc,1060.49781815,17.9252,0.0,1
1,[],26,[],2019-02-07 21:27:48,0.0,0,0,6617781,2019-02-07 21:27:48,,0.0,0.0,0,,0.0,0.0,0.0,1
1,[],28,[],2019-02-07 21:27:50,987.9,0.01131000,0.000000384582978,6617782,2019-02-07 21:27:50,btc,0.162839806,10140.2,0.01131000,btc,8.9,0.0,0.024551096,1
0,[],2,[],2019-01-20 23:28:45,0.0,0,0,6477011,2019-01-20 23:28:45,,0.0,0.0,0,,0.0,0.0,0.0,1
1,[],5,[],2019-02-07 21:27:52,2.139e-05,0.00000074,0.000000000025162812,6617783,2019-02-07 21:27:52,btc,0.14214634,0.01329369,0.00000074,btc,7.229e-05,0.0,0.44553477,2
1,[],22,[],2019-02-07 21:27:56,1348.0,0.00000018,0.0000000000061206840000000004,6617784,2019-02-07 21:27:56,BTC,4.22139261,0.0,0.00000018,"BTC,XMR",14654.712016896552,0.0,0.00091235,2
1,[],5,[],2019-02-07 21:27:58,1.25e-06,0.00000016,0.000000000005440608000000001,6617785,2019-02-07 21:27:58,btc,3.46240082,0.02539239,0.00000016,btc,2.204e-05,0.0,2.90394825,3
1,[],12,[],2019-02-07 21:27:59,12275136.43523276,0.000000168,0.0000000000057126384,6617786,2019-02-07 21:27:59,btc,921343.429483441,0.0,0.000000168,btc,8120938.10396406,0.11764234326681416,0.5094417333452564,3
0,[],28,[],2019-02-07 21:28:00,0.0,0,0,6617787,2019-02-07 21:28:00,,0.0,0.0,0,,0.0,0.0,0.0,3
0,[],2,[],2019-01-20 23:31:32,0.0,0,0,6477077,2019-01-20 23:31:32,,0.0,0.0,0,,0.0,0.0,0.0,4
1,[],4,[],2019-02-07 21:28:01,572519.98838474,0.00000034,0.000000000011561292000000001,6617788,2019-02-07 21:28:01,btc,0.409451980486615,0.0,0.00000034,btc,362537.43918927,0.00110897,0.1042923200398953,4
1,[],12,[],2019-02-06 17:43:51,1519183.5219999999,0.00000004,0.000000000001361944,6605019,2019-02-06 17:43:51,btc,11013878.268140282,0.0,0.00000004,btc,964899.39031991,0.0009933149650351,0.02495011044,5
0,[],2,[],2019-01-20 23:31:51,0.0,0,0,6477087,2019-01-20 23:31:51,,0.0,0.0,0,,0.0,0.0,0.0,6
1,[],11,[],2019-02-07 21:13:36,8818409.4999525,0.00000002,0.0000000000006798120000000001,6617585,2019-02-07 21:13:36,btc,9433.372915232096,59800.0,0.00000002,btc,41732319.78502706,0.0,0.14003967499905,6
1,[],3,[],2019-02-07 21:28:04,1066.558051320279,0.000150559999999999995050348200464895853656344115734100341796875,0.000000005119612128,6617789,2019-02-07 21:28:04,btc,27.600142753279105,0.0,0.000150559999999999995050348200464895853656344115734100341796875,btc,234.145665820227,0.0,0.03053197781660925,7
1,[],4,[],2019-02-07 21:28:04,17846.51097639,0.00019003,0.000000006461742114,6617790,2019-02-07 21:28:04,btc,1.3080279343544927,0.0,0.00019003,btc,6120.24879514,2.01615308,2.9502640878117643,7
1,[],5,[],2019-02-07 21:28:06,0.00647572,0.00019910,0.00000000677015658,6617791,2019-02-07 21:28:06,btc,1.54493231,0.56213545,0.00019910,btc,0.01209437,0.0,1.63235893,7
1,[],20,[],2019-02-07 21:28:08,66461509.91,0.000000001,0.000000000000034003800000000004,6617792,2019-02-07 21:28:08,btc,116.1438201078162,0.0,0.000000001,btc,34971545.2889,0.0,0.06646150991,8
0,[],2,[],2019-01-20 23:22:42,0.0,0,0,6476876,2019-01-20 23:22:42,,0.0,0.0,0,,0.0,0.0,0.0,9
0,[],23,[],2019-01-20 23:22:48,0.0,0,0,6476878,2019-01-20 23:22:48,,0.0,0.0,0,,0.0,0.0,0.0,9
1,[],1,[],2019-02-07 21:28:09,2136356.6,0.00000190999999999999992415680542812150832787665422074496746063232421875,0.000000000064947258,6617793,2019-02-07 21:28:09,btc,3.1791712677999997,11147489.84,0.00000190999999999999992415680542812150832787665422074496746063232421875,btc,1630055.22,21.12690482,4.0146485901,9
1,[],4,[],2019-02-07 21:28:10,430313.38768678,0.00000189,0.000000000064267182,6617794,2019-02-07 21:28:10,btc,0.9013811175748584,0.0,0.00000189,btc,459224.19312678,1.37098837,0.779574924116435,9
1,[],28,[],2019-02-07 21:28:12,34500.0,0.00000165,0.000000000056106270000000006,6617795,2019-02-07 21:28:12,btc,2708.7727397804,1892013.0,0.00000165,btc,15437.14,0.0,0.02854,9
1,[],4,[],2019-02-04 22:10:59,7341799.37826053,0.00000002,0.000000000000693444,6584299,2019-02-04 22:10:59,btc,0.1999615409270056,0.0,0.00000002,btc,4135980.29534268,0.00062922,0.0786653918652106,10
0,[],2,[],2019-01-20 23:23:08,0.0,0,0,6476890,2019-01-20 23:23:08,,0.0,0.0,0,,0.0,0.0,0.0,12
1,[],4,[],2019-02-07 21:28:13,2132044.72497545,0.00000155,0.000000000052705890000000004,6617796,2019-02-07 21:28:13,btc,1.331153048256683,0.0,0.00000155,btc,826389.22731537,1.56414606,2.9993121308063784,12
1,[],5,[],2019-02-07 21:28:14,2.421e-05,0.00000148,0.000000000050325624,6617797,2019-02-07 21:28:14,btc,0.60439151,0.74998117,0.00000148,btc,0.00011725,0.0,0.17667365,12
0.0,[],25,[],2019-02-07 21:28:16,0.0,0,0,6617798,2019-02-07 21:28:16,,0.0,0.0,0.0,btc,0.0,0.0,0.0,12
1,[],4,[],2019-02-07 21:28:17,1296269.01130057,0.00000701,0.000000000238366638,6617799,2019-02-07 21:28:17,btc,0.988259099552204,0.0,0.00000701,btc,133689.79203839,2.81923982,1.245089979019708,13
1,[],21,[],2019-02-07 21:28:51,1073691.07321088,0.000007150000000000000152905032386,0.00000000024312717,6617800,2019-02-07 21:28:51,btc,15.576902508932106,9657199.14703158,0.0000071500000000000001529050323856306903280710685066878795623779296875,btc,1803503.6292042,72.53194175,7.018238920310287,13
1,[],10,[],2019-02-07 21:13:53,464688.87792379,0.0000071,0.00000000024133326,6617597,2019-02-07 21:13:53,btc,666810.4081300241,21677.0149468,0.0000071,btc,743805.25375458,0.0,0.3491186139280094,13
1,[],4,[],2019-02-07 21:28:52,1188246.09037947,0.00000165,0.000000000056106270000000006,6617801,2019-02-07 21:28:52,btc,0.1040332089733493,0.0,0.00000165,btc,47856.66571846,0.00151841,0.504269553830082,14
1,[],12,[],2019-02-07 21:28:53,90744.05405405,0.000001560000000000000098813643899242631363222244544886052608489990234375,0.00000000005304592800000001,6617802,2019-02-07 21:28:53,btc,1.7631282731737392,0.0,0.000001560000000000000098813643899242631363222244544886052608489990234375,btc,28186.00592497,0.0,0.013022769999994,14
0,[],17,[],2019-02-07 21:28:55,0.0,0,0,6617803,2019-02-07 21:28:55,btc,0.0,0.0,0,btc,0.0,0.0,0.0,14
1,[],26,[],2019-02-07 21:28:55,0.0,0.00000049,0.000000000016661862,6617804,2019-02-07 21:28:55,btc,0.0,0.0,0.00000049,btc,0.0,0.0,0.0,14
,[],12,[],2018-12-01 15:15:48,204241.84496,0.00000489,0.000000000202473384,5260204,2018-12-01 15:15:48,btc,49.5475654835,0.0,,btc,35763.2193806,0.0163153972027625,0.0203389899998,15
0,[],4,[],2019-02-07 21:28:56,0.0,0,0,6617805,2019-02-07 21:28:56,,0.0,0.0,0,,0.0,0.0,0.0,15
0,[],2,[],2019-01-20 23:23:38,0.0,0,0,6476906,2019-01-20 23:23:38,,0.0,0.0,0,,0.0,0.0,0.0,18
1,[],4,[],2019-02-07 21:28:58,23960.22837611,0.00001800,0.0000000006120684,6617806,2019-02-07 21:28:58,btc,2.3069259939285063,0.0,0.00001800,btc,12086.42910739,0.00364783,0.0635362699032598,18
1,[],10,[],2019-02-07 21:29:02,788605.47838925,0.00001731,0.000000000588605778,6617807,2019-02-07 21:29:02,btc,15.587376606920968,2649.59117425,0.00001731,btc,12689.92731352,0.0,0.2776026614420371,18
1,[],12,[],2019-02-07 21:29:03,200534.15627242,0.0000171699999999999999324151733759435956017114222049713134765625,0.0000000005838452460000001,6617808,2019-02-07 21:29:03,btc,0.1853421365955296,0.0,0.0000171699999999999999324151733759435956017114222049713134765625,btc,1690.0944549399999,0.0263300780297698,0.0128242557261038,18
0,[],17,[],2019-02-07 21:29:05,0.0,0,0,6617809,2019-02-07 21:29:05,btc,0.0,0.0,0,btc,0.0,0.0,0.0,18
0,[],2,[],2019-01-20 23:24:19,0.0,0,0,6476924,2019-01-20 23:24:19,,0.0,0.0,0,,0.0,0.0,0.0,19
1,[],3,[],2019-02-07 21:29:06,124758.14365308046,0.0000219200000000000001939247373794472650843090377748012542724609375,0.000000000745363296,6617810,2019-02-07 21:29:06,btc,0.45819172890907994,0.309986088953,0.0000219200000000000001939247373794472650843090377748012542724609375,btc,5317.793100515442,0.0,0.10119951923151552,19
1,[],4,[],2019-02-07 21:29:06,276541.77530739,0.00002430,0.00000000082629234,6617811,2019-02-07 21:29:06,btc,0.2856308186935644,0.0,0.00002430,btc,10186.07068754,0.81823074,3.470950357673648,19
1,[],5,[],2019-02-07 21:29:08,0.00016682,0.00002500,0.000000000850095,6617812,2019-02-07 21:29:08,btc,0.29767442,0.10569237,0.00002500,btc,0.00305848,0.0,0.06713285,19
1,[],12,[],2019-02-07 21:29:09,134826.02793296,0.000023269999999999999126983063479912061666254885494709014892578125,0.0000000007912684260000001,6617813,2019-02-07 21:29:09,btc,0.0297919375087121,0.0,0.000023269999999999999126983063479912061666254885494709014892578125,btc,315.41105484,0.00012896,0.0320274299999792,19
0,[],27,[],2019-02-07 21:29:11,0.0,0,0,6617814,2019-02-07 21:29:11,,0.0,0.0,0,btc,0.0,0.0,0.0,19
1,[],4,[],2019-02-07 21:29:11,8042346.97209016,0.00000013,0.000000000004420494,6617815,2019-02-07 21:29:11,btc,0.8115322781103699,0.0,0.00000013,btc,1594753.31171721,0.0,0.255683087491571,20
1,[],4,[],2019-02-07 21:29:12,115582000.07142225,0.00000002,0.0000000000006800760000000001,6617816,2019-02-07 21:29:12,btc,0.588471245271128,0.0,0.00000002,btc,15554138.16805677,0.01230271,1.3712175856382853,21
1,[],12,[],2019-02-07 21:29:13,19032664.0,0.00000002,0.0000000000006800760000000001,6617817,2019-02-07 21:29:13,btc,669.9801302933179,0.0,0.00000002,btc,8605897.65634631,5.994006e-08,0.25358563,21
0,[],17,[],2019-02-07 21:29:15,0.0,0,0,6617818,2019-02-07 21:29:15,btc,0.0,0.0,0,btc,0.0,0.0,0.0,21
1,[],12,[],2019-02-07 21:29:16,2432590214.043896,0.0000000002,0.0000000000000068007600000000005,6617819,2019-02-07 21:29:16,btc,625864717664.1691,0.0,0.0000000002,btc,4317543529.600611,0.010614141281618543,0.2659669754555898,23
0,[],27,[],2019-02-07 21:29:17,0.0,0,0,6617820,2019-02-07 21:29:17,,0.426429,0.0,0,eth,426429.0,0.0,0.0,23
1,[],4,[],2019-02-07 21:29:18,380583.39700573,0.00000075,0.000000000025502850000000003,6617821,2019-02-07 21:29:18,btc,0.0773967585198976,0.0,0.00000075,btc,69816.96127955,0.00525719,0.1948346733906892,24
1,[],22,[],2019-02-07 21:29:22,11.76,0.00000100,0.0000000000340038,6617822,2019-02-07 21:29:22,BTC,7.415e-05,0.0,0.00000100,BTC,23.919354838709676,0.0,1.176e-05,24
0.0,[],25,[],2019-02-07 21:29:23,0.0,0,0,6617823,2019-02-07 21:29:23,,0.0,0.0,0.0,btc,0.0,0.0,0.0,24
0,[],2,[],2019-01-20 23:25:56,0.0,0,0,6476976,2019-01-20 23:25:56,,0.0,0.0,0,,0.0,0.0,0.0,26
1,[],4,[],2019-02-07 21:29:24,27833740.26894542,0.00000627,0.00000000021320382600000002,6617824,2019-02-07 21:29:24,btc,0.3899461792434665,0.0,0.00000627,btc,32306.73572468,0.08555553,0.4153479126530116,26
1,[],10,[],2019-02-07 21:29:30,731229.59560374,0.00000594,0.000000000201982572,6617825,2019-02-07 21:29:30,btc,25.973410881745263,26.05242634,0.00000594,btc,12929.64354258,0.0,0.2093669812698613,26
1,[],3,[],2019-02-07 21:29:31,5904271.03885143,0.00000001,0.00000000000034003800000000004,6617826,2019-02-07 21:29:31,btc,2.5103497819250213,231858.369916,0.00000001,btc,16146334.30431945,0.0,0.059042710388514295,27
1,[],5,[],2019-02-07 21:29:32,3e-08,0.00000002,0.0000000000006800760000000001,6617827,2019-02-07 21:29:32,btc,1.52387055,0.0,0.00000002,btc,4.606e-05,0.0,0.11603357,27
1,[],11,[],2019-02-07 21:29:35,10064996.7912115,0.00000005,0.00000000000170019,6617828,2019-02-07 21:29:35,btc,370.63310344475406,219.9,0.00000005,btc,8170877.7193934005,0.0,0.4661206184459823,27
1,[],4,[],2019-02-07 21:29:36,557109500.77794,0.00000002,0.0000000000006800760000000001,6617829,2019-02-07 21:29:36,btc,3.637787705033321,0.0,0.00000002,"btc,ltc",119678756.53439862,0.82542676,7.393929729975883,29
1,[],7,[],2019-02-07 21:29:37,67928743.66449128,0.00000003,0.0000000000010201139999999999,6617830,2019-02-07 21:29:37,btc,44465206.09671149,6818761.68073,0.00000003,btc,50059448.99345494,0.2044878,0.9404473916859253,29
1,[],4,[],2019-02-07 21:29:37,1573345.8817661,0.00000030,0.00000000001020114,6617831,2019-02-07 21:29:37,btc,0.2428834174954829,0.0,0.00000030,btc,533641.64805398,0.00385349,0.1326862560870903,30
0,[],17,[],2019-02-07 21:29:39,0.0,0,0,6617832,2019-02-07 21:29:39,btc,0.0,0.0,0,btc,0.0,0.0,0.0,30
1,[],4,[],2019-02-07 21:29:40,1145432.98277517,0.00006680,0.00000000227145384,6617833,2019-02-07 21:29:40,btc,0.8209361502717616,0.0,0.00006680,btc,10321.74915266,1.23493959,2.6510975409450115,31
1,[],21,[],2019-02-07 21:29:41,79641.10566405,0.00006755000000000000207837219657,0.0000000022969566900000002,6617834,2019-02-07 21:29:41,btc,5.432547113708131,157266.96599217,0.000067550000000000002078372196567812579814926721155643463134765625,btc,72962.47431781,10.62188215,4.86371977665997,31
0,[],2,[],2019-01-20 23:28:43,0.0,0,0,6477009,2019-01-20 23:28:43,,0.0,0.0,0,,0.0,0.0,0.0,32
1,[],4,[],2019-02-07 21:29:42,157076556.8114405,0.00000005,0.00000000000170019,6617835,2019-02-07 21:29:42,btc,2.114901358392444,0.0,0.00000005,"btc,ltc",42414555.69931247,1.20090039,3.0753517720106616,33
1,[],12,[],2019-02-07 21:29:43,16466077.0,0.00000005,0.00000000000170019,6617836,2019-02-07 21:29:43,btc,34508783.65646535,0.0,0.00000005,btc,89382621.57642335,0.0136544986513506,0.57515474,33
1,[],4,[],2019-02-07 21:14:44,127899002.61915793,0.00000002,0.0000000000006798120000000001,6617635,2019-02-07 21:14:44,btc,0.664889689605143,0.0,0.00000002,btc,22162989.65350477,4.34332767,1.2857028391415792,34
1,[],5,[],2019-02-07 21:14:45,3e-08,0.00000002,0.0000000000006798120000000001,6617636,2019-02-07 21:14:45,btc,3.84796006,1.34261222,0.00000002,btc,1.394e-05,0.0,0.83330531,34
0.000000000097588,[],4,[],2019-02-07 21:14:46,1330281207.882,2.92764e-18,9.9512240184e-23,6617637,2019-02-07 21:14:46,ltc,7.882570197485132e-09,0.0,0.00000003,ltc,1618913557.4188836,0.0,2.5978813146679907e-09,36
1,[],5,[],2019-02-07 21:14:48,0.0,0,0,6617638,2019-02-07 21:14:48,btc,193.43223695,0.0,0,btc,1.295e-05,0.0,0.0,36
0,[],17,[],2019-02-07 21:14:49,0.0,0,0,6617639,2019-02-07 21:14:49,btc,0.14174362831272652,0.00010908,0,btc,10815166.27743647,0.0,0.0,36
0.000000000097588,[],27,[],2019-02-07 21:14:52,1000000.0,1.95176e-18,6.6341493456e-23,6617640,2019-02-07 21:14:52,ltc,252.8263276744,0.0,0.00000002,"ltc,eth",3711879.06,0.0,1.95176e-12,36
1,[],4,[],2019-02-07 21:14:53,274225.14186655,0.00000131,0.000000000044527686,6617641,2019-02-07 21:14:53,btc,0.4375388983890207,0.0,0.00000131,btc,244425.16026104,0.06347934,0.1737512497144735,37
1,[],12,[],2019-02-07 21:14:54,396870.17953834,0.000001349999999999999991849510168340220417348973569460213184356689453125,0.00000000004588731,6617642,2019-02-07 21:14:54,btc,1338.9120704687737,0.0,0.000001349999999999999991849510168340220417348973569460213184356689453125,btc,793588.14323925,0.0656734859746537,0.1831571400000119,37
1,[],17,[],2019-02-07 21:14:55,1752.74075282,0.00000025,0.00000000000849765,6617643,2019-02-07 21:14:55,btc,0.05548492396383732,0.0,0.00000025,btc,1387.19918473,0.0,0.00043818518820499993,37
1,[],27,[],2019-02-07 21:14:57,16833.0,0.00000052,0.000000000017675112,6617644,2019-02-07 21:14:57,btc,51.75602025030353,0.0,0.00000052,btc,29579.81438508,0.0,0.00570484,37
1,[],5,[],2019-02-07 21:29:44,1.649e-05,0.00000095,0.000000000032303610000000004,6617837,2019-02-07 21:29:44,btc,0.10342196,0.07571787,0.00000095,btc,0.00010105,0.0,0.03834823,42
1,[],12,[],2019-02-07 21:29:45,147928.93867332,0.000001039999999999999995289683661636725986454621306620538234710693359375,0.000000000035363952,6617838,2019-02-07 21:29:45,btc,88.52065077050784,0.0,0.000001039999999999999995289683661636725986454621306620538234710693359375,btc,104498.87212094,0.0203603180136714,0.051563829398075196,42
0,[],27,[],2019-02-07 21:29:48,0.0,0,0,6617839,2019-02-07 21:29:48,,0.00315028,0.0,0,"btc,eth",11.007,0.0,0.0,42
1,[],5,[],2019-02-07 21:29:50,6e-08,0.00000003,0.000000000001020114,6617840,2019-02-07 21:29:50,btc,6.02525735,0.00013935,0.00000003,btc,1.425e-05,0.0,0.55347086,43
1,[],12,[],2019-02-07 21:29:50,6732568.0,0.00000002,0.0000000000006800760000000001,6617841,2019-02-07 21:29:50,btc,20007456.46050323,0.0,0.00000002,btc,38790280.08731268,0.0002689798401598,0.06736914000000001,43
0,[],17,[],2019-02-07 21:29:52,0.0,0,0,6617842,2019-02-07 21:29:52,btc,0.0,0.0,0,btc,0.0,0.0,0.0,43
1,[],12,[],2019-02-07 21:15:08,847066.0,0.00000006,0.0000000000020394359999999998,6617651,2019-02-07 21:15:08,btc,11115166.988299485,0.0,0.00000006,btc,1020925.79120877,0.0008630741258747,0.02445982,44
1,[],4,[],2019-02-07 21:29:53,224562239.6859452,0.00000002,0.0000000000006800760000000001,6617843,2019-02-07 21:29:53,btc,0.18953499455771378,0.0,0.00000002,"btc,ltc",4813519.79374585,0.00922704,0.42659764646966336,49
0.00000000009764810000000001,[],4,[],2019-02-07 21:29:53,4375312400.49457,9.76481e-19,3.3204064627800007e-23,6617844,2019-02-07 21:29:53,ltc,4.645173504132597,0.0,0.00000001,ltc,1960704056.6497076,0.0,4.272409428147338e-09,52
0,[],22,[],2019-02-07 11:01:20,0.0,0,0,6611885,2019-02-07 11:01:20,,3693.16121,0.0,0,,247835727.90882352,0.0,0.0,57
0,[],27,[],2019-02-07 11:01:24,0.0,0,0,6611886,2019-02-07 11:01:24,,0.0,0.0,0,"btc,eth",0.0,0.0,0.0,57
0.00000000009764810000000001,[],4,[],2019-02-07 21:29:55,1398232235.1373076,4.882405e-18,1.6602032313900002e-22,6617845,2019-02-07 21:29:55,ltc,3.2796441958686455,0.0,0.00000005,ltc,1054376704.1033432,0.00198563,5.06477356297245e-09,58
1,[],12,[],2019-02-07 21:29:56,2019989626.843957,0.0000000005,0.000000000000017001900000000002,6617846,2019-02-07 21:29:56,btc,224005484921.84018,0.0,0.0000000005,btc,3036516617.8651047,0.032364873126151855,0.7250343270011391,58
0,[],17,[],2019-02-07 21:29:58,0.0,0,0,6617847,2019-02-07 21:29:58,btc,1e+24,0.0,0,btc,41616695.95832568,0.0,0.0,58
0.00000000012786230000000002,[],22,[],2019-02-07 21:30:04,137438.0,1.278623e-18,4.3478040767400007e-23,6617848,2019-02-07 21:30:04,XMR,69.8835922,0.0,0.00000001,XMR,9887963.0,0.0,0.00137438,58
1,[],5,[],2019-02-07 21:30:05,5.59e-06,0.00000062,0.000000000021082356,6617849,2019-02-07 21:30:05,btc,0.25121764,0.00035286,0.00000062,btc,0.00010001,0.0,0.03009972,61
1,[],22,[],2019-02-07 21:30:08,5111.5,0.00000011,0.000000000003740418,6617850,2019-02-07 21:30:08,BTC,1002.29606732,0.0,0.00000011,BTC,15028.700278135757,0.0,0.00051178,61
1,[],26,[],2019-02-07 21:30:09,0.0,0.00000800,0.0000000002720304,6617851,2019-02-07 21:30:09,btc,0.0,0.0,0.00000800,btc,0.0,0.0,0.0,61
1,[],27,[],2019-02-07 21:30:11,100.0,0.00000032,0.000000000010881216000000001,6617852,2019-02-07 21:30:11,btc,0.168858184,12.58,0.00000032,"btc,eth",188.1888,0.0055352,3.1e-05,61
1,[],28,[],2019-02-07 21:32:11,6884.304,0.0000006,0.00000000002040228,6617853,2019-02-07 21:32:11,btc,2.059333633700105,430.0,0.0000006,btc,10745.10450005,0.0,0.00216611304,61
1,[],4,[],2019-02-07 21:15:51,376757.27254995,0.00000204,0.000000000069340824,6617663,2019-02-07 21:15:51,btc,0.9872614324187357,0.0,0.00000204,btc,259502.87976856,0.21253423,0.4972618193650716,67
0.0,[],25,[],2019-02-07 21:15:53,0.0,0,0,6617664,2019-02-07 21:15:53,,0.0,0.0,0.0,btc,0.0,0.0,0.0,67
1,[],12,[],2019-02-07 21:15:55,2738138.14113842,0.00000027,0.000000000009177462000000001,6617665,2019-02-07 21:15:55,btc,11115896.561343534,0.0,0.00000027,btc,2079897.89731881,0.0865830450336869,0.0956373504411102,71
,[],5,[],2018-11-20 23:02:39,1.5e-07,0.00000005,0.000000000002128045,4862160,2018-11-20 23:02:39,btc,2.84511358,0.0,,btc,0.00036572,0.0,0.07381892,74
1,[],5,[],2019-01-25 15:53:51,3.303e-05,0.00000156,0.000000000055588884,6499610,2019-01-25 15:53:51,btc,1.42844212,0.0,0.00000156,btc,0.00015937,0.0,0.49487621,75
0,[],20,[],2019-01-25 09:30:31,0.0,0,0,6495923,2019-01-25 09:30:31,btc,0.0,0.0,0,btc,0.0,0.0,0.0,81
1,[],4,[],2019-02-07 21:32:13,52733582.89692337,0.00000001,0.00000000000034003800000000004,6617854,2019-02-07 21:32:13,btc,0.7643178127338421,0.0,0.00000001,btc,14463797.09306941,0.0,0.5273358289692337,81
1,[],21,[],2019-02-07 21:32:15,54051.4683143,0.00007514999999999999707577663655,0.00000000255538557,6617856,2019-02-07 21:32:15,btc,3.4920137404201554,2503.3930112,0.000075149999999999997075776636545896280949818901717662811279296875,btc,40015.81580287,0.18902069,2.9452210733435256,82
1,[],4,[],2019-02-07 21:32:14,23950.99077395,0.00007400,0.0000000025162812000000003,6617855,2019-02-07 21:32:14,btc,0.7936655875942701,0.0,0.00007400,btc,7282.15796724,0.00428345,0.0983677459763588,82
0,[],17,[],2019-02-07 10:02:39,0.0,0,0,6611495,2019-02-07 10:02:39,btc,0.0447233088476774,0.0,0,btc,999127.19588126,0.0,0.0,84
0.000000000097588,[],4,[],2019-02-07 21:15:59,340533966.3650464,1.073468e-17,3.64878214008e-22,6617669,2019-02-07 21:15:59,ltc,0.19569063222591382,0.0,0.00000011,ltc,68497066.89212465,0.0,1.356010344113166e-09,85
,[],22,[],2018-11-20 23:09:34,3408.1,0.0000001,0.0000000000041895,4862324,2018-11-20 23:09:34,BTC,0.04624735,0.0,,BTC,4990.0,0.0,0.00033081,86
1,[],22,[],2019-02-07 21:32:19,740.0,0.00000005,0.00000000000170019,6617857,2019-02-07 21:32:19,BTC,2.07746772,0.0,0.00000005,BTC,141362.94736842104,0.0,3.7e-05,87
0,[],27,[],2019-02-07 21:32:20,0.0,0,0,6617858,2019-02-07 21:32:20,,0.0,0.0,0,btc,0.0,0.0,0.0,87
,[],2,[],2018-11-20 23:10:47,0.0,0,0,4862359,2018-11-20 23:10:47,,0.0,0.0,,,0.0,0.0,0.0,88
1,[],11,[],2019-02-07 21:16:07,96572.53297594,0.0001700000000000000122124532708767219446599483489990234375,0.0000000057784020000000005,6617672,2019-02-07 21:16:07,btc,246.74817632166992,1545.51224534,0.0001700000000000000122124532708767219446599483489990234375,btc,188672.97658038,0.0,6.599537793199619,89
1,[],12,[],2019-02-07 21:32:22,447241.34173988,0.0000045100000000000000182601329890008656775535200722515583038330078125,0.00000000015335713800000002,6617859,2019-02-07 21:32:22,btc,1115.2483420793114,0.0,0.0000045100000000000000182601329890008656775535200722515583038330078125,btc,38190.44885695,0.0152839740821017,0.0911405062000268,91
0,[],17,[],2019-02-07 21:32:23,0.0,0,0,6617860,2019-02-07 21:32:23,btc,0.0,0.0,0,btc,0.0,0.0,0.0,91
0,[],2,[],2019-01-20 23:31:45,0.0,0,0,6477083,2019-01-20 23:31:45,,0.0,0.0,0,,0.0,0.0,0.0,91
0.00000000009764810000000001,[],22,[],2019-02-07 21:32:27,21183133.5,5.858886e-18,1.9922438776680002e-22,6617861,2019-02-07 21:32:27,LTC,8.42831395,0.0,0.00000006,LTC,72035734.1,5.5526161520335006e-11,1.02941253,95
1,[],4,[],2019-02-07 21:32:28,138373728.67637226,0.00000001,0.00000000000034003800000000004,6617862,2019-02-07 21:32:28,btc,0.850930991180857,0.0,0.00000001,"btc,ltc",43273320.67814324,0.02340585,0.07128562745030159,96
1,[],12,[],2019-02-07 21:32:29,510311.0,0.00000001,0.00000000000034003800000000004,6617863,2019-02-07 21:32:29,btc,255063.4738565456,0.0,0.00000001,btc,8815502.33297676,0.0019121639360639,0.00510311,96
0,[],17,[],2019-02-07 21:32:30,0.0,0,0,6617864,2019-02-07 21:32:30,btc,0.0,0.0,0,btc,0.0,0.0,0.0,96
1,[],4,[],2019-02-07 21:16:18,1718929.99552166,0.00000032,0.000000000010876992000000001,6617679,2019-02-07 21:16:18,btc,0.1729266485305415,0.0,0.00000032,btc,333178.95096399,0.05392474,0.2075482852176739,99
1,[],4,[],2019-02-07 21:32:31,211709.57650512,0.00004203,0.0000000014291797140000002,6617865,2019-02-07 21:32:31,btc,1.2013095935085158,0.0,0.00004203,btc,24860.65607705,1.65070472,2.253801774514096,100
0,[],2,[],2019-01-20 23:23:55,0.0,0,0,6476914,2019-01-20 23:23:55,,0.0,0.0,0,,0.0,0.0,0.0,100
1,[],22,[],2019-02-07 21:32:35,50000.0,0.00000001,0.00000000000034003800000000004,6617866,2019-02-07 21:32:35,BTC,23.50383609,0.0,0.00000001,BTC,11277.22,0.0,0.0005,101
1,[],4,[],2019-02-07 21:32:35,153701.32073275,0.00000105,0.00000000003570399,6617867,2019-02-07 21:32:35,btc,0.3960104745533928,0.0,0.00000105,btc,144831.34510613,0.02669112,0.1026805026779717,103
1,[],12,[],2019-02-07 21:32:42,62949391.4663887,0.000000016,0.0000000000005440608000000001,6617868,2019-02-07 21:32:42,btc,138279415.50070703,0.0,0.000000016,btc,128848684.48900384,0.07133765965768593,0.3974355194622192,105
1,[],27,[],2019-02-07 21:32:44,10116259.936,0.00000001,0.00000000000034003800000000004,6617869,2019-02-07 21:32:44,btc,0.6352165878692299,22.954,0.00000001,btc,710746.93660553,2.3e-07,0.10116259936,105
0,[],22,[],2019-02-07 21:20:39,0.0,0,0,6617685,2019-02-07 21:20:39,,1.07253299,0.0,0,,94300.0,0.0,0.0,107
1,[],26,[],2019-02-07 21:20:39,0.0,0.00000000,0,6617686,2019-02-07 21:20:39,btc,0.0,0.0,0.00000000,btc,0.0,0.0,0.0,107
1,[],5,[],2019-02-07 21:20:41,3e-08,0.00000002,0.0000000000006798120000000001,6617687,2019-02-07 21:20:41,btc,2.83599813,0.00631484,0.00000002,btc,1.649e-05,0.0,0.11470613,112
1,[],22,[],2019-02-07 21:20:44,16972.0,0.00000002,0.0000000000006798120000000001,6617688,2019-02-07 21:20:44,BTC,2.85883288,0.0,0.00000002,BTC,1508529.0833333333,0.0,0.00016978,112
0.0000000003078001,[],27,[],2019-02-07 21:20:46,500000.0,3.078001e-18,1.046231007906e-22,6617689,2019-02-07 21:20:46,eth,1.25132491849924,0.0,0.00000001,"btc,eth",1327.641654,0.0,1.5390005e-12,112
1,[],4,[],2019-02-07 21:32:45,440742.33944328,0.00000351,0.000000000119353338,6617870,2019-02-07 21:32:45,btc,0.4266321629354873,0.0,0.00000351,btc,89747.444892,0.82287572,0.1722533192938496,113
1,[],5,[],2019-02-07 21:32:47,1.929e-05,0.00000309,0.000000000105071742,6617871,2019-02-07 21:32:47,btc,2.12998695,0.00629307,0.00000309,btc,0.0027994,0.0,0.20955844,113
1,[],17,[],2019-02-07 21:20:50,174538.724,0.00000004,0.0000000000013596240000000001,6617692,2019-02-07 21:20:50,btc,1.3368030274029628,0.0,0.00000004,btc,51896.221,0.0,0.00308154896,116
0,[],27,[],2019-02-07 21:20:51,0.0,0,0,6617693,2019-02-07 21:20:51,,0.0,0.0,0,btc,0.0,0.0,0.0,116
1,[],4,[],2019-02-07 21:32:47,45140.07082655,0.00002857,0.000000000971488566,6617872,2019-02-07 21:32:47,btc,0.7235544035677436,0.0,0.00002857,btc,20862.62389791,1.97476359,1.0599970024276542,120
1,[],7,[],2019-02-07 21:32:48,14721.06813603,0.00001796000000000000083899033553880286717685521580278873443603515625,0.000000000610708248,6617873,2019-02-07 21:32:48,btc,88979.71385639865,0.28810141,0.00001796000000000000083899033553880286717685521580278873443603515625,btc,29645.82061464,1e-05,0.12644321534000752,120
1,[],20,[],2019-02-07 21:20:55,1549391.8094,0.000000015,0.000000000000509859,6617696,2019-02-07 21:20:55,btc,33.8684403501599,91693.2653,0.000000015,btc,1120882.3764,0.0014535127101,0.0081106482167,125
1,[],22,[],2019-02-07 21:20:59,3053.0,0.00000001,0.00000000000033990600000000003,6617697,2019-02-07 21:20:59,BTC,0.01444889,0.0,0.00000001,BTC,296264.5111111111,0.0,3.053e-05,126
1,[],4,[],2019-02-07 21:32:49,137517.96110971,0.00001702,0.000000000578744676,6617874,2019-02-07 21:32:49,btc,0.484514785941766,0.0,0.00001702,btc,24352.64444932,0.23231634,0.6171624958572679,131
0,[],17,[],2019-02-07 21:32:51,0.0,0,0,6617875,2019-02-07 21:32:51,btc,0.0009561751951600001,0.0,0,btc,35.42829368,0.0,0.0,131
0,[],2,[],2019-01-20 23:25:46,0.0,0,0,6476969,2019-01-20 23:25:46,,0.0,0.0,0,,0.0,0.0,0.0,131
1,[],4,[],2019-02-07 21:21:02,4687.49502056,0.00016029,0.000000005448353274,6617700,2019-02-07 21:21:02,btc,1.6395296023099823,0.0,0.00016029,btc,296.13066201,0.0,0.0200977146561752,135
1,[],3,[],2019-02-07 21:21:03,1854831.05895659,0.00000006,0.0000000000020394359999999998,6617701,2019-02-07 21:21:03,btc,0.1414428029086046,16284.2761905,0.00000006,btc,454305.18589646,0.0,0.0688621911089433,136
1,[],4,[],2019-02-07 21:32:51,68710.34377125,0.00000171,0.000000000058146498,6617876,2019-02-07 21:32:51,btc,0.0743741571851794,0.0,0.00000171,btc,35012.63912355,0.03061204,0.0863858612947273,137
1,[],12,[],2019-02-07 21:32:53,311135.52270374,0.00000172000000000000004922169442866941579950434970669448375701904296875,0.000000000058486536,6617877,2019-02-07 21:32:53,btc,11982.945733168299,0.0,0.00000172000000000000004922169442866941579950434970669448375701904296875,btc,157711.09369316,0.0065358520597728,0.0509936022753117,137
1,[],4,[],2019-02-07 21:32:53,61324.50444139,0.00005204,0.000000001769557752,6617878,2019-02-07 21:32:53,btc,12.395874949057616,0.0,0.00005204,btc,25459.9526351,2.75320734,0.4221047761265345,142
1,[],5,[],2019-02-07 21:32:55,0.0019094,0.00006500,0.000000002210247,6617879,2019-02-07 21:32:55,btc,11.56024818,6.06617505,0.00006500,btc,0.00553532,0.0,1.32947025,142
1,[],17,[],2019-02-07 21:32:56,12500.0,0.0000001,0.00000000000340038,6617880,2019-02-07 21:32:56,btc,20.1623975569742,0.0986240219997747,0.0000001,btc,4288.181512,0.0,0.00125,142
1,[],20,[],2019-02-07 21:32:58,150101.2739,0.00005247,0.0000000017841793860000001,6617881,2019-02-07 21:32:58,btc,2.611865527674,13684.0003,0.00005247,btc,5111.3674,0.810667776933,0.2680133739648,142
1,[],22,[],2019-02-07 21:33:21,1028.9,0.00001011,0.00000000034377841800000003,6617882,2019-02-07 21:33:21,BTC,3.0087007,0.0,0.00001011,BTC,897.0985020382753,0.00023804,0.00082428,142
0.0,[],25,[],2019-02-07 21:33:23,0.0,0,0,6617883,2019-02-07 21:33:23,,0.0,0.0,0.0,btc,0.0,0.0,0.0,142
1,[],28,[],2019-02-07 21:34:26,79065.0,0.00004400,0.0000000014961672000000002,6617884,2019-02-07 21:34:26,btc,0.0389372,1544.5953,0.00004400,btc,775.0,0.0,0.0535837,142
0,[],22,[],2019-02-07 21:34:29,0.0,0,0,6617885,2019-02-07 21:34:29,,60.29967435,0.0,0,,812206579.8,0.0,0.0,143
1,[],21,[],2019-02-07 21:34:30,35276001.79916462,0.00000027,0.000000000009181026,6617886,2019-02-07 21:34:30,btc,52.22467352038277,4624004.9619165,0.00000027,btc,89550016.4911954,1.25910616,5.5522894687502475,145
0,[],22,[],2019-02-07 19:35:54,0.0,0,0,6616921,2019-02-07 19:35:54,,3.33248929,0.0,0,,1970827.5,0.0,0.0,146
,[],22,[],2018-11-20 23:01:11,0.0,0,0,4862114,2018-11-20 23:01:11,,2.56807021,0.0,,,61828.4988236,0.0,0.0,147
1,[],12,[],2019-02-07 21:34:32,8687212.2165947,0.000003360000000000000017360245185837896997327334247529506683349609375,0.000000000114252768,6617887,2019-02-07 21:34:32,btc,16.53008331997982,0.0,0.000003360000000000000017360245185837896997327334247529506683349609375,btc,115886.52191469,6.006e-05,0.1220855100000006,148
1,[],4,[],2019-02-07 21:21:21,308508.84203134,0.00000028,0.000000000009517368,6617712,2019-02-07 21:21:21,btc,0.921305284002992,0.0,0.00000028,btc,819414.43021698,0.0,0.0682596103656023,152
0,[],22,[],2019-02-07 21:21:23,0.0,0,0,6617713,2019-02-07 21:21:23,,0.0,0.0,0,,0.0,0.0,0.0,152
1,[],5,[],2019-02-07 21:21:24,0.0,0,0,6617714,2019-02-07 21:21:24,btc,4.42293222,0.0,0,btc,0.00161275,0.0,0.0,153
,[],16,[],2019-01-11 15:38:59,0.0,0,0,6366141,2019-01-11 15:38:59,btc,0.0,0.0,,btc,0.0,0.0,0.0,155
0,[],22,[],2019-02-07 21:34:35,0.0,0,0,6617888,2019-02-07 21:34:35,,6.74512347,0.0,0,,4576272.742592593,0.0,0.0,156
0,[],23,[],2019-01-20 23:24:29,0.0,0,0,6476932,2019-01-20 23:24:29,,0.0,0.0,0,,0.0,0.0,0.0,156
1,[],22,[],2019-02-07 21:34:38,7906.0,0.00000801,0.000000000272370438,6617889,2019-02-07 21:34:38,BTC,43.78801181,0.0,0.00000801,BTC,1067.5805334758436,0.0,0.00743836,157
0,[],22,[],2019-02-07 21:21:32,0.0,0,0,6617717,2019-02-07 21:21:32,,50175.6753658,0.0,0,,54007107.04179466,0.0,0.0,158
,[],17,[],2018-11-20 22:56:10,0.0,0,0,4861976,2018-11-20 22:56:10,btc,1.1265625,0.0,,btc,1000.0,0.0,0.0,159
,[],20,[],2018-11-20 22:56:12,0.0,0,0,4861977,2018-11-20 22:56:12,btc,11912.7940471,0.0,,btc,34413894.3617,0.0,0.0,159
1,[],12,[],2019-02-07 21:34:40,194568.88058272,0.000008379999999999999387855116605994254541656118817627429962158203125,0.000000000284951844,6617890,2019-02-07 21:34:40,btc,6.688086350470808,0.0,0.000008379999999999999387855116605994254541656118817627429962158203125,btc,14937.35582472,0.0016367329206475,0.094832951310915,168
1,[],17,[],2019-02-07 21:34:41,29784.95,0.000001,0.0000000000340038,6617891,2019-02-07 21:34:41,btc,0.03026736251542,0.0,0.000001,btc,144.46171372,0.0,0.00716147,168
0,[],22,[],2019-02-07 21:34:45,0.0,0,0,6617892,2019-02-07 21:34:45,,1.14688224,0.0,0,,677302.5900917595,0.0,0.0,169
1,[],22,[],2019-02-07 21:21:41,223488.45833333334,0.00000024,0.000000000008157744,6617721,2019-02-07 21:21:41,BTC,10.33143925,0.0,0.00000024,BTC,130400.7641395126,0.00120277,0.02243723,171
1,[],22,[],2019-02-07 21:21:44,254738.5638095238,0.00000025,0.00000000000849765,6617722,2019-02-07 21:21:44,BTC,2.65416514,0.0,0.00000025,BTC,234152.17029413482,3.6e-05,0.02464509,173
1,[],5,[],2019-02-07 21:34:46,2.04e-05,0.00000314,0.000000000106771932,6617893,2019-02-07 21:34:46,btc,0.33110054,0.01037717,0.00000314,btc,0.00028052,0.0,0.71960112,175
1,[],22,[],2019-02-07 21:34:50,56092.44047619047,0.0000006,0.00000000002040228,6617894,2019-02-07 21:34:50,BTC,0.6012336,0.0,0.0000006,BTC,138463.1764969593,0.0064609,0.02013948,176
1,[],7,[],2019-02-07 21:34:51,0.0,0,0,6617895,2019-02-07 21:34:51,btc,233187.71500949297,1130.0,0,btc,114404160.23150693,1.13e-05,0.0,178
0,[],22,[],2019-02-07 21:34:54,0.0,0,0,6617896,2019-02-07 21:34:54,,1.00242428,0.0,0,,57512.0,0.0,0.0,178
0,[],2,[],2019-01-20 23:28:34,0.0,0,0,6477001,2019-01-20 23:28:34,,0.0,0.0,0,,0.0,0.0,0.0,178
1,[],5,[],2019-02-07 21:34:55,3e-08,0.00000002,0.0000000000006800760000000001,6617897,2019-02-07 21:34:55,btc,16.86707099,0.0994803,0.00000002,btc,2.088e-05,0.0,0.93827018,179
1,[],22,[],2019-02-07 21:34:59,8322534.0,0.00000002,0.0000000000006800760000000001,6617898,2019-02-07 21:34:59,BTC,5.47074158,0.0,0.00000002,"BTC,LTC",17544007.068656635,0.0,0.39371052,179
0,[],23,[],2019-01-20 23:25:08,0.0,0,0,6476952,2019-01-20 23:25:08,,0.0,0.0,0,,0.0,0.0,0.0,179
1,[],17,[],2019-02-07 21:35:00,10504.725,0.0000001,0.00000000000340038,6617899,2019-02-07 21:35:00,btc,5.206166879877118,0.0,0.0000001,btc,6755.0074587,0.0,0.0010504725,180
1,[],22,[],2019-02-07 21:35:07,30971.945454545454,0.00000011,0.000000000003740418,6617900,2019-02-07 21:35:07,BTC,0.09735554,0.0,0.00000011,"BTC,LTC",18112.07093258778,0.0,0.00327637,180
1,[],26,[],2019-02-07 21:35:07,0.0,0.00000010,0.00000000000340038,6617901,2019-02-07 21:35:07,btc,0.0,50.0,0.00000010,btc,0.0,0.0,0.0,180
,[],7,[],2018-11-20 22:58:01,562227.975654,0.00000085,0.000000000036176765,4862015,2018-11-20 22:58:01,btc,21836.6059674,2491.87645172,,btc,749999.041456,0.00211021,0.127565380455,183
,[],5,[],2019-01-10 08:11:41,0.0,0,0,6347036,2019-01-10 08:11:41,btc,82.15055501,0.00261,,btc,1.19002445,0.0,0.0,187
1,[],24,[],2019-02-07 21:35:08,0.0,0.000000000001,3.4003800000000004e-17,6617902,2019-02-07 21:35:08,btc,0.0,0.0,0.000000000001,btc,0.0,0.0,0.0,187
,[],17,[],2018-11-16 20:58:10,4062536.27273,0.00000001,0.000000000000550501,4708775,2018-11-16 20:58:10,btc,3.36492563466,0.195460381006,,"btc,eth",110697919.549,0.0,0.0157628953496,187
0,[],22,[],2019-02-07 21:22:19,0.0,0,0,6617733,2019-02-07 21:22:19,,1.19383767,0.0,0,,14406.036201072173,0.0,0.0,191
0,[],22,[],2019-02-07 21:22:34,0.0,0,0,6617734,2019-02-07 21:22:34,,0.0,0.0,0,,0.0,0.0,0.0,197
0,[],23,[],2019-01-20 23:31:41,0.0,0,0,6477079,2019-01-20 23:31:41,,0.0,0.0,0,,0.0,0.0,0.0,199
1,[],26,[],2019-02-07 21:35:08,0.0,0.00000000,0,6617903,2019-02-07 21:35:08,btc,0.0,801741.0,0.00000000,btc,0.0,0.0,0.0,199
0,[],17,[],2019-01-30 16:32:01,0.0,0,0,6540827,2019-01-30 16:32:01,btc,6.802544163788159,0.0,0,btc,105897.55575295,0.0,0.0,200
0,[],2,[],2019-01-20 23:30:49,0.0,0,0,6477059,2019-01-20 23:30:49,,0.0,0.0,0,,0.0,0.0,0.0,201
1,[],4,[],2019-01-25 15:51:35,2084389.58565343,0.00000936,0.000000000333526752,6499557,2019-01-25 15:51:35,btc,2.0092503037378524,0.0,0.00000936,btc,160195.80207885,0.19272417,1.242687955921835,211
1,[],7,[],2019-02-07 21:35:14,7372982.469709,0.000001619999999999999947867764839293247547402643249370157718658447265625,0.000000000055086156,6617904,2019-02-07 21:35:14,btc,16567787.624143237,1015765.00672,0.000001619999999999999947867764839293247547402643249370157718658447265625,btc,9744488.36874045,1.60921944,6.593804866124658,212
1,[],12,[],2019-01-25 02:44:32,207462.42853209,0.000001080000000000000035831255497387193287295303889550268650054931640625,0.000000000038610756000000006,6493050,2019-01-25 02:44:32,btc,85023.03793723314,0.0,0.000001080000000000000035831255497387193287295303889550268650054931640625,btc,43675.73520027,0.000146250909087,0.0348620860622024,213
1,[],5,[],2019-02-07 21:22:38,4.57e-06,0.00000034,0.000000000011556804,6617737,2019-02-07 21:22:38,btc,1.24667223,0.2073802,0.00000034,btc,3.19e-05,0.0,0.44056235,213
1,[],24,[],2019-02-07 21:22:38,0.0,0.000000050000,0.00000000000169953,6617738,2019-02-07 21:22:38,btc,0.0,0.0,0.000000050000,btc,0.0,0.0,0.0,213
1,[],26,[],2019-02-07 21:22:38,0.0,0.00000009,0.000000000003059154,6617739,2019-02-07 21:22:38,btc,0.0,0.0,0.00000009,btc,0.0,0.0,0.0,213
1,[],22,[],2019-02-07 21:35:18,276400.0,0.00000002,0.0000000000006800760000000001,6617905,2019-02-07 21:35:18,BTC,70.20368422,0.0,0.00000002,BTC,291693.63137942314,0.00015,0.004714,216
1,[],27,[],2019-02-07 21:35:20,5049502.0,0.00000002,0.0000000000006800760000000001,6617906,2019-02-07 21:35:20,btc,313.99019029952,29880.0,0.00000002,"btc,ltc",305669.48811,0.00747,0.05099104,216
1,[],22,[],2019-02-07 21:35:24,323933.3247499803,0.00000272,0.00000000009249033600000001,6617907,2019-02-07 21:35:24,BTC,12677.07000355,0.0,0.00000272,BTC,392532.39093132265,0.10396554,0.48710355,217
1,[],7,[],2019-02-07 21:35:25,0.0,0,0,6617908,2019-02-07 21:35:25,btc,77970.02600413912,0.0,0,btc,134531561.1214003,0.0,0.0,219
0,[],27,[],2019-02-07 21:35:26,0.0,0,0,6617909,2019-02-07 21:35:26,,5.3418937883169715,0.0,0,btc,1605140.99226592,0.0,0.0,219
0.0000000000000054,[],28,[],2019-02-07 21:37:00,203812515.944,6.0210000000000005e-18,2.0473687980000002e-22,6617910,2019-02-07 21:37:00,doge,88584.0309717675,8394.0,0.00111500,"btc,doge",4974437.69751,0.0,2.1221910181779644e-11,219
1,[],22,[],2019-02-07 21:37:05,243463.61111111112,0.00000129,0.000000000043864902000000003,6617911,2019-02-07 21:37:05,BTC,2.83383437,0.0,0.00000129,BTC,29611.833301708713,0.09163766,0.05599725,221
1,[],24,[],2019-02-07 21:37:05,0.0,0.000000610000,0.000000000020742318,6617912,2019-02-07 21:37:05,btc,0.0,0.09837,0.000000610000,btc,0.0,6e-08,0.0,221
1,[],20,[],2019-02-07 21:37:07,4149381.2367,0.000000007,0.0000000000002380266,6617913,2019-02-07 21:37:07,btc,5.9961041812266,4028.18,0.000000007,btc,7861924.3394,2.819726e-05,0.0083415039811,224
0,[],22,[],2019-02-07 21:37:10,0.0,0,0,6617914,2019-02-07 21:37:10,,0.0,0.0,0,,0.0,0.0,0.0,224
1,[],26,[],2019-02-07 21:37:10,0.0,0.00000022,0.000000000007480836,6617915,2019-02-07 21:37:10,btc,0.0,0.0,0.00000022,btc,0.0,0.0,0.0,231
1,[],26,[],2019-02-07 21:37:10,0.0,0.00000005,0.00000000000170019,6617916,2019-02-07 21:37:10,btc,0.0,0.0,0.00000005,btc,0.0,0.0,0.0,234
0,[],27,[],2019-02-07 21:37:13,0.0,0,0,6617917,2019-02-07 21:37:13,,0.0113483662182,0.0,0,"btc,eth",11462.99618,0.0,0.0,234
0,[],22,[],2019-02-07 21:37:16,0.0,0,0,6617918,2019-02-07 21:37:16,,3.02469477,0.0,0,,99242433.81349206,0.0,0.0,235
1,[],4,[],2019-02-07 21:37:16,799587.99176856,0.00000057,0.000000000019382166000000002,6617919,2019-02-07 21:37:16,btc,0.1059457168088717,0.0,0.00000057,btc,111849.23667972,0.02002189,0.1613763917311768,236
1,[],24,[],2019-02-07 21:37:16,0.0,0.000000010000,0.00000000000034003800000000004,6617920,2019-02-07 21:37:16,btc,0.0,0.0,0.000000010000,btc,0.0,0.0,0.0,236
1,[],20,[],2019-02-07 21:37:18,17402106.6557,0.00000006,0.000000000002040228,6617921,2019-02-07 21:37:18,btc,14.478177667164,3500312.641,0.00000006,btc,26498089.4963,0.2186841570026,0.2042743960855,237
0.00000000009764810000000001,[],22,[],2019-02-07 21:37:22,14400.0,9.76481e-18,3.3204064627800005e-22,6617922,2019-02-07 21:37:22,LTC,0.04083605,0.0,0.0000001,LTC,4179.0,0.0,0.00144,237
1,[],4,[],2019-02-07 21:37:22,4441261.32019359,0.00000035,0.000000000011901330000000001,6617923,2019-02-07 21:37:22,btc,0.5340978127872645,0.0,0.00000035,btc,1293982.86548912,0.14473355,1.4061308918959767,238
1,[],5,[],2019-02-07 21:37:24,4.25e-06,0.00000033,0.000000000011221254000000001,6617924,2019-02-07 21:37:24,btc,0.82316815,0.00664524,0.00000033,btc,3.008e-05,0.0,0.26213092,238
1,[],22,[],2019-02-07 21:37:28,98382.5,0.00000002,0.0000000000006800760000000001,6617925,2019-02-07 21:37:28,BTC,15.41581039,0.0,0.00000002,BTC,347947.8139027493,0.00060131,0.00196765,249
0.00000000009764810000000001,[],22,[],2019-02-07 21:37:31,1258373.0,2.929443e-18,9.961219388340001e-23,6617926,2019-02-07 21:37:31,LTC,4.03395063,0.0,0.00000003,LTC,14505871.09,0.0,0.03675421,252
1,[],28,[],2019-02-07 21:37:32,2334057.286,0.0000001,0.00000000000340038,6617927,2019-02-07 21:37:32,btc,164693.52378536493,90405.9,0.0000001,btc,632384.3485,0.0,0.0817026963,256
1,[],22,[],2019-02-07 21:37:36,114807.0,0.00000001,0.00000000000034003800000000004,6617928,2019-02-07 21:37:36,BTC,30.20642972,0.0,0.00000001,BTC,456390.02135702135,0.0,0.00114807,258
1,[],22,[],2019-01-26 20:58:41,368451.0,0.00000001,0.000000000000356135,6510120,2019-01-26 20:58:41,BTC,2.642917,0.0,0.00000001,"BTC,LTC",1862.0,0.0,0.02488451,259
1,[],22,[],2019-02-07 21:37:40,22386.00125,0.00000850,0.0000000002890323,6617929,2019-02-07 21:37:40,BTC,111297.64951092,0.0,0.00000850,"BTC,LTC",12539.910031502568,0.00797075,0.10350341,262
1,[],5,[],2019-02-07 21:37:42,6.661e-05,0.00000365,0.00000000012411387,6617930,2019-02-07 21:37:42,btc,0.80878657,0.71308135,0.00000365,btc,0.00045818,0.0,0.25744915,264
1,[],20,[],2019-02-07 21:37:44,1172631.2463,0.00000281,0.000000000095550678,6617931,2019-02-07 21:37:44,btc,5.0403447120103,13994.0036,0.00000281,btc,94320.5732,0.0553856423942,0.0292676525264,264
1,[],22,[],2019-02-07 21:37:47,103386.5,0.00000002,0.0000000000006800760000000001,6617932,2019-02-07 21:37:47,BTC,8.50694335,0.0,0.00000002,BTC,362726.0382647885,0.00036819,0.0015701,271
0,[],22,[],2019-02-07 21:37:50,0.0,0,0,6617933,2019-02-07 21:37:50,,373.27551184,0.0,0,,14990961154.9,0.0,0.0,272
0.0000000000000054,[],28,[],2019-02-07 21:38:19,220152764082.644,5.778e-21,1.9647395640000002e-25,6617934,2019-02-07 21:38:19,doge,298982834.59967935,6638185067.7047,0.00000107,doge,242551152431.4897,0.0,6.908723495639519e-10,272
1,[],22,[],2019-02-07 21:38:41,31664.0,0.00002500,0.000000000850095,6617935,2019-02-07 21:38:41,BTC,273.87035461,0.0,0.00002500,"BTC,LTC",1528.739,0.00136721,0.0210903,281
