pairValue,buyBook,exchangeId,sellBook,updated,buyTotal,satoshiPrice,usdPrice,exchangeLogId,created,bestPair,sellTotalBtc,volume,pairPrice,activePairs,sellTotal,volumeBtc,buyTotalBtc,coinId
1,[],3,[],2019-02-21 03:53:44,30555.002200814764,0.01280082999999999915363702029935666359961032867431640625,0.000000507376258046,6746896,2019-02-21 03:53:44,btc,61.12291649050623,0.188819750523,0.01280082999999999915363702029935666359961032867431640625,btc,25.944306230037,0.0,0.2515566613192681,1
1,[],4,[],2019-02-21 03:53:47,120063.2153437,0.01288337,0.000000510647829994,6746897,2019-02-21 03:53:47,btc,1.440169016230357,0.0,0.01288337,btc,102.78067317,1.03420137,1.2306813134016887,1
1,[],5,[],2019-02-21 03:53:48,0.0,0,0,6746898,2019-02-21 03:53:48,btc,0.0,0.27288638,0,btc,0.0,0.0,0.0,1
1,[],10,[],2019-02-21 03:53:50,414286.74491518,0.011,0.00000043599819999999997,6746899,2019-02-21 03:53:50,btc,6523.756071247125,1710.15731689,0.011,btc,1139.64216375,0.0,5.070328636998711,1
1,[],12,[],2019-02-21 03:53:53,10428.7994854,0.0127899999999999992861265951660243445076048374176025390625,0.000000506946998,6746900,2019-02-21 03:53:53,btc,0.3234577900564,0.0,0.0127899999999999992861265951660243445076048374176025390625,btc,17.85477382,0.0822387046964,0.2467688232436,1
1,[],20,[],2019-02-21 03:53:55,1151.7392,0.010500212,0.0000004161885028744,6746901,2019-02-21 03:53:55,btc,0.0589710786722,0.0,0.010500212,btc,2.6451,0.0,0.0961856329543,1
1,[],21,[],2019-02-21 03:53:56,2261.40055717,0.01282120999999999955143437091,0.000000508184043802,6746902,2019-02-21 03:53:56,btc,23.8378510545581,8353.03122693,0.0128212099999999995514343709146487526595592498779296875,"btc,eth",2326.12602947,92.28422704236007,22.02512434089313,1
1,[],22,[],2019-02-21 03:54:00,0.0163776,0.01300000,0.0000005152706,6746903,2019-02-21 03:54:00,BTC,0.31423927,0.0,0.01300000,BTC,0.11751954901960784,0.0,0.00020972,1
1,[],24,[],2019-02-21 03:54:01,0.0,0.000000000000,0,6746904,2019-02-21 03:54:01,btc,0.0,0.0,0.000000000000,btc,0.0,0.0,0.0,1
0.0,[],25,[],2019-02-21 03:54:02,0.0,0,0,6746905,2019-02-21 03:54:02,btc,25.04149999769306,2010.0585474,0.0,btc,1911.33837307,26.2206,0.0,1
1,[],26,[],2019-02-21 03:54:11,0.0,0,0,6746906,2019-02-21 03:54:11,,0.0,0.0,0,,0.0,0.0,0.0,1
1,[],28,[],2019-02-21 03:54:13,993.21,0.01323000,0.000000524386926,6746907,2019-02-21 03:54:13,btc,0.162839806,17727.15,0.01323000,btc,8.9,0.0,0.090071836,1
0,[],2,[],2019-01-20 23:28:45,0.0,0,0,6477011,2019-01-20 23:28:45,,0.0,0.0,0,,0.0,0.0,0.0,1
1,[],5,[],2019-02-21 03:54:14,0.0,0,0,6746908,2019-02-21 03:54:14,btc,0.0,0.03479686,0,btc,0.0,0.0,0.0,2
0.0000000001266165,[],22,[],2019-02-21 03:54:17,1148.0,1.3927815e-16,5.52045660903e-21,6746909,2019-02-21 03:54:17,XMR,21.01373823,0.0,0.00000110,XMR,14319.12581,0.0,0.00087635,2
1,[],5,[],2019-02-21 03:10:17,0.0,0,0,6746704,2019-02-21 03:10:17,btc,0.0,1.21836963,0,btc,0.0,0.0,0.0,3
1,[],12,[],2019-02-21 03:10:20,12715834.7852142,0.000000176,0.0000000000069585296,6746705,2019-02-21 03:10:20,btc,924397.6315533571,0.0,0.000000176,btc,8913463.40525966,0.02553514506191218,0.58559822614183,3
0,[],28,[],2019-02-21 03:10:21,0.0,0,0,6746706,2019-02-21 03:10:21,,0.0,0.0,0,,0.0,0.0,0.0,3
0,[],2,[],2019-01-20 23:31:32,0.0,0,0,6477077,2019-01-20 23:31:32,,0.0,0.0,0,,0.0,0.0,0.0,4
1,[],4,[],2019-02-21 03:10:22,403296.85037519,0.00000032,0.000000000012651872000000001,6746707,2019-02-21 03:10:22,btc,0.384385387488259,0.0,0.00000032,btc,337830.34099658,0.0,0.0555125982429933,4
1,[],12,[],2019-02-21 03:54:18,1288327.5219999999,0.00000003,0.0000000000011890859999999998,6746910,2019-02-21 03:54:18,btc,11013879.586117072,0.0,0.00000003,btc,1201196.11892464,0.0019409805631168,0.01952567044,5
0,[],2,[],2019-01-20 23:31:51,0.0,0,0,6477087,2019-01-20 23:31:51,,0.0,0.0,0,,0.0,0.0,0.0,6
1,[],11,[],2019-02-21 03:54:21,2331052.967,0.00000002,0.000000000000792724,6746911,2019-02-21 03:54:21,btc,9432.783415064225,110000.533,0.00000002,btc,40765831.42047657,0.0,0.02863075434,6
1,[],3,[],2019-02-21 03:54:21,1098.575014446364,0.00015133000000000000292467439155785768889472819864749908447265625,0.000000005998146146,6746912,2019-02-21 03:54:21,btc,27.605796873748474,0.0,0.00015133000000000000292467439155785768889472819864749908447265625,btc,249.144760639695,0.0,0.03520025409945171,7
1,[],4,[],2019-02-21 03:54:22,13468.8664909,0.00021680,0.00000000859312816,6746913,2019-02-21 03:54:22,btc,2.2123952788051096,0.0,0.00021680,btc,9306.73964139,2.3822951,2.5573378236090445,7
1,[],5,[],2019-02-21 03:54:24,0.0,0,0,6746914,2019-02-21 03:54:24,btc,0.0,1.15567251,0,btc,0.0,0.0,0.0,7
1,[],20,[],2019-02-20 02:16:17,39399275.8418,0.000000001,0.0000000000000390183,6728586,2019-02-20 02:16:17,btc,116.9737569154545,525.0,0.000000001,btc,56932965.8895,5.25e-07,0.0393992758418,8
1,[],4,[],2019-02-21 03:54:26,383586.40510607,0.00000181,0.000000000071741522,6746915,2019-02-21 03:54:26,btc,0.6573931095637104,0.0,0.00000181,btc,353523.00788284,2.34154,0.6501552969170954,9
1,[],28,[],2019-02-21 03:54:28,43948.0,0.00000175,0.00000000006936335,6746916,2019-02-21 03:54:28,btc,2708.762412957195,3664290.0,0.00000175,btc,12356.2201,0.0,0.044282,9
0,[],2,[],2019-01-20 23:22:42,0.0,0,0,6476876,2019-01-20 23:22:42,,0.0,0.0,0,,0.0,0.0,0.0,9
0,[],23,[],2019-01-20 23:22:48,0.0,0,0,6476878,2019-01-20 23:22:48,,0.0,0.0,0,,0.0,0.0,0.0,9
1,[],1,[],2019-02-17 23:31:42,1822507.21,0.00000181000000000000003456111265232042484285557293333113193511962890625,0.000000000066086901,6701244,2019-02-17 23:31:42,btc,3.6990969245,17153386.5,0.00000181000000000000003456111265232042484285557293333113193511962890625,btc,1997391.71,31.11772986,3.2610482446,9
1,[],4,[],2019-02-17 11:22:43,4341674.27126056,0.00000002,0.0000000000007272960000000001,6696112,2019-02-17 11:22:43,btc,0.1997230937751353,0.0,0.00000002,btc,4109766.79808031,0.00215132,0.0479381022052112,10
1,[],4,[],2019-02-21 03:54:29,1859333.01076738,0.00000152,0.000000000060247024,6746917,2019-02-21 03:54:29,btc,2.7952544159316797,0.0,0.00000152,btc,1627586.42393977,6.33204777,2.7292587490064744,12
1,[],5,[],2019-02-21 03:54:30,0.0,0,0,6746918,2019-02-21 03:54:30,btc,0.0,0.88955199,0,btc,0.0,0.0,0.0,12
0.0,[],25,[],2019-02-21 03:54:31,0.0,0,0,6746919,2019-02-21 03:54:31,,0.0,0.0,0.0,btc,0.0,0.0,0.0,12
0,[],2,[],2019-01-20 23:23:08,0.0,0,0,6476890,2019-01-20 23:23:08,,0.0,0.0,0,,0.0,0.0,0.0,12
1,[],4,[],2019-02-21 03:54:32,1261115.5925209,0.00000586,0.000000000232268132,6746920,2019-02-21 03:54:32,btc,0.3820166139108,0.0,0.00000586,btc,59152.87819742,0.9954868,1.067031613177363,13
1,[],10,[],2019-02-21 03:54:34,507688.2285645,0.00000586,0.000000000232268132,6746921,2019-02-21 03:54:34,btc,666802.4629571232,5462.9570078,0.00000586,btc,722653.96523161,0.0,0.4430607555346885,13
1,[],21,[],2019-02-21 03:54:35,643132.3321778,0.000006080000000000000233088288254,0.000000000240988096,6746922,2019-02-21 03:54:35,btc,5.5185350431116325,478490.99725025,0.0000060800000000000002330882882539686562495262478478252887725830078125,btc,815148.1324437,2.95014529,3.596844734108533,13
1,[],4,[],2019-02-21 03:54:36,1027359.85876719,0.00000136,0.000000000053905232,6746923,2019-02-21 03:54:36,btc,0.1534245159720551,0.0,0.00000136,btc,86811.84147388,0.00848549,0.4416210121027112,14
1,[],12,[],2019-02-21 03:54:38,108124.2231405,0.000001239999999999999986239306026813977723577409051358699798583984375,0.000000000049148888,6746924,2019-02-21 03:54:38,btc,5.310839653902599,0.0,0.000001239999999999999986239306026813977723577409051358699798583984375,btc,33507.59724138,0.0,0.014197440000005,14
1,[],26,[],2019-02-21 03:54:39,0.0,0.00000050,0.0000000000198181,6746925,2019-02-21 03:54:39,btc,0.0,0.0,0.00000050,btc,0.0,0.0,0.0,14
0,[],17,[],2019-02-21 03:10:44,0.0,0,0,6746723,2019-02-21 03:10:44,btc,0.0,0.0,0,btc,0.0,0.0,0.0,14
0,[],4,[],2019-02-21 03:54:39,0.0,0,0,6746926,2019-02-21 03:54:39,,0.0,0.0,0,,0.0,0.0,0.0,15
,[],12,[],2018-12-01 15:15:48,204241.84496,0.00000489,0.000000000202473384,5260204,2018-12-01 15:15:48,btc,49.5475654835,0.0,,btc,35763.2193806,0.0163153972027625,0.0203389899998,15
1,[],4,[],2019-02-21 03:54:41,26570.24844645,0.00001828,0.0000000007245497359999999,6746927,2019-02-21 03:54:41,btc,1.2173512044929755,0.0,0.00001828,btc,7163.39026722,0.02782949,0.0941715789414825,18
1,[],10,[],2019-02-21 03:54:43,781329.96724406,0.00001875,0.0000000007431787499999999,6746928,2019-02-21 03:54:43,btc,15.526600698548085,5836.18268016,0.00001875,btc,10077.63596276,0.0,0.1601653646484154,18
1,[],12,[],2019-02-21 03:54:44,199483.33070972,0.00001800000000000000045601543374740316494353464804589748382568359375,0.0000000007134516,6746929,2019-02-21 03:54:44,btc,21.979812010605137,0.0,0.00001800000000000000045601543374740316494353464804589748382568359375,btc,1745.35120256,5.31345e-06,0.0363826436326504,18
0,[],17,[],2019-02-21 03:54:46,0.0,0,0,6746930,2019-02-21 03:54:46,btc,0.0,0.0,0,btc,0.0,0.0,0.0,18
0,[],2,[],2019-01-20 23:23:38,0.0,0,0,6476906,2019-01-20 23:23:38,,0.0,0.0,0,,0.0,0.0,0.0,18
1,[],3,[],2019-02-21 03:54:47,120762.78067982079,0.00002203999999999999904500003200524815838434733450412750244140625,0.000000000873581848,6746931,2019-02-21 03:54:47,btc,0.547699425731895,495.350140056,0.00002203999999999999904500003200524815838434733450412750244140625,btc,7506.8081980548495,0.0,0.07948294845635694,19
1,[],4,[],2019-02-21 03:54:47,308772.16855739,0.00002220,0.00000000087992364,6746932,2019-02-21 03:54:47,btc,0.4964692812277117,0.0,0.00002220,btc,19264.21223223,0.43292357,3.3894286989757476,19
1,[],5,[],2019-02-21 03:54:49,0.0,0,0,6746933,2019-02-21 03:54:49,btc,0.0,0.00012654,0,btc,0.0,0.0,0.0,19
1,[],12,[],2019-02-21 03:54:50,128860.0,0.0000224700000000000000102175212735033937860862351953983306884765625,0.000000000890625414,6746934,2019-02-21 03:54:50,btc,1.282972567162445,0.0,0.0000224700000000000000102175212735033937860862351953983306884765625,btc,370.16286621,0.0,0.031024319999999998,19
0,[],27,[],2019-02-21 03:54:52,0.0,0,0,6746935,2019-02-21 03:54:52,,0.0,0.0,0,btc,0.0,0.0,0.0,19
0,[],2,[],2019-01-20 23:24:19,0.0,0,0,6476924,2019-01-20 23:24:19,,0.0,0.0,0,,0.0,0.0,0.0,19
1,[],4,[],2019-02-21 03:54:53,8070160.95424551,0.00000013,0.000000000005152706,6746936,2019-02-21 03:54:53,btc,0.7491198104842316,0.0,0.00000013,btc,1601058.86471503,0.00079999,0.2584025451781454,20
1,[],4,[],2019-02-21 03:54:54,109313939.10837024,0.00000002,0.000000000000792724,6746937,2019-02-21 03:54:54,btc,0.5525681326446987,0.0,0.00000002,btc,15474325.2803107,0.01252598,1.2240006836080453,21
1,[],12,[],2019-02-21 03:54:55,18719048.0,0.00000002,0.000000000000792724,6746938,2019-02-21 03:54:55,btc,670.5910009215066,0.0,0.00000002,btc,8569477.26263923,0.0,0.2466212,21
0,[],17,[],2019-02-21 03:55:07,0.0,0,0,6746939,2019-02-21 03:55:07,btc,0.0,0.0,0,btc,0.0,0.0,0.0,21
1,[],12,[],2019-02-21 03:55:07,3073251555.531895,0.0000000001,0.00000000000000396362,6746940,2019-02-21 03:55:07,btc,880865842881.7614,0.0,0.0000000001,btc,5091268828.901546,0.009902417312488318,0.3073251555531895,23
0,[],27,[],2019-02-21 03:55:10,0.0,0,0,6746941,2019-02-21 03:55:10,,1.3429826565934113,0.0,0,eth,1964879.85514486,0.0,0.0,23
1,[],4,[],2019-02-21 03:55:11,300614.98798616,0.00000063,0.000000000024970806,6746942,2019-02-21 03:55:11,btc,0.1783944423583728,0.0,0.00000063,btc,186057.49466929,0.00595783,0.151046657299414,24
1,[],22,[],2019-02-21 03:55:14,11.76,0.00000100,0.0000000000396362,6746943,2019-02-21 03:55:14,BTC,7.415e-05,0.0,0.00000100,BTC,23.919354838709676,0.0,1.176e-05,24
0.0,[],25,[],2019-02-21 03:55:15,0.0,0,0,6746944,2019-02-21 03:55:15,,0.0,0.0,0.0,btc,0.0,0.0,0.0,24
1,[],4,[],2019-02-21 03:55:16,26858707.32822869,0.00000580,0.00000000022988996,6746945,2019-02-21 03:55:16,btc,0.5318235304579114,0.0,0.00000580,btc,44441.64508539,0.07774843,0.4368538703991468,26
1,[],10,[],2019-02-21 03:55:18,689341.32083799,0.00000541,0.000000000214431842,6746946,2019-02-21 03:55:18,btc,25.927263995072682,5546.45485747,0.00000541,btc,14351.41452713,0.0,0.2129846254779207,26
0,[],2,[],2019-01-20 23:25:56,0.0,0,0,6476976,2019-01-20 23:25:56,,0.0,0.0,0,,0.0,0.0,0.0,26
1,[],3,[],2019-02-21 03:55:18,6534777.70213569,0.00000001,0.000000000000396362,6746947,2019-02-21 03:55:18,btc,2.8266545168189467,760140.5,0.00000001,btc,17988397.38837931,0.0,0.0653477770213569,27
1,[],5,[],2019-02-21 03:55:20,0.0,0,0,6746948,2019-02-21 03:55:20,btc,0.0,0.00123124,0,btc,0.0,0.0,0.0,27
1,[],11,[],2019-02-21 03:55:21,9803584.35433359,0.00000005,0.00000000000198181,6746949,2019-02-21 03:55:21,btc,67506.53097482225,8080.0,0.00000005,btc,8171781.9463934,0.0,0.458287845339645,27
1,[],4,[],2019-02-21 03:55:23,482893393.3795367,0.00000002,0.000000000000792724,6746950,2019-02-21 03:55:23,btc,0.12247798574050599,0.0,0.00000002,"btc,ltc",22888550.30269872,5.90376244,3.1904634758370394,29
1,[],7,[],2019-02-21 03:55:25,35608213.12534204,0.00000001,0.000000000000396362,6746951,2019-02-21 03:55:25,btc,44465227.23999978,10023.9,0.00000001,btc,58762920.76923861,0.0,0.3560821312534204,29
1,[],4,[],2019-02-21 03:55:25,1486469.2726184,0.00000032,0.000000000012683584,6746952,2019-02-21 03:55:25,btc,0.265708316107549,0.0,0.00000032,btc,510915.95884044,0.01742197,0.1196584675917603,30
0,[],17,[],2019-02-21 03:55:27,0.0,0,0,6746953,2019-02-21 03:55:27,btc,0.0,0.0,0,btc,0.0,0.0,0.0,30
1,[],4,[],2019-02-21 03:55:28,62718.26166354,0.00005815,0.00000000230484503,6746954,2019-02-21 03:55:28,btc,1.6706158404811473,0.0,0.00005815,btc,25410.89918649,2.13236945,2.169314481877647,31
1,[],21,[],2019-02-21 03:55:28,43784.06690429,0.00005751999999999999815944104475,0.000000002279874224,6746955,2019-02-21 03:55:28,btc,2.137126343204739,119435.66122503,0.0000575199999999999981594410447538479047580040059983730316162109375,btc,33532.9959998,6.96326271,2.2105009970053167,31
0,[],2,[],2019-01-20 23:28:43,0.0,0,0,6477009,2019-01-20 23:28:43,,0.0,0.0,0,,0.0,0.0,0.0,32
1,[],4,[],2019-02-21 03:55:29,171477611.55558744,0.00000004,0.000000000001585448,6746956,2019-02-21 03:55:29,btc,2.249451420039682,0.0,0.00000004,"btc,ltc",54177742.37074759,1.02130116,3.499939002885317,33
1,[],12,[],2019-02-21 03:55:31,15120144.0,0.00000004,0.000000000001585448,6746957,2019-02-21 03:55:31,btc,35620491.58755469,0.0,0.00000004,btc,89491837.67732242,0.034818326773227,0.49392115,33
1,[],4,[],2019-02-21 03:55:32,131243949.29872508,0.00000001,0.000000000000396362,6746958,2019-02-21 03:55:32,btc,0.969787911788849,0.0,0.00000001,btc,40894691.62489838,0.00114107,1.312439492987251,34
1,[],5,[],2019-02-21 03:55:33,0.0,0,0,6746959,2019-02-21 03:55:33,btc,0.0,0.00043876,0,btc,0.0,0.0,0.0,34
0.0000000001283027,[],4,[],2019-02-21 03:55:34,965186107.4743805,2.566054e-18,1.017086295548e-22,6746960,2019-02-21 03:55:34,ltc,9.333223678268424e-09,0.0,0.00000002,ltc,1727264549.824816,0.0,1.97791399858148e-09,36
1,[],5,[],2019-02-21 03:55:35,0.0,0,0,6746961,2019-02-21 03:55:35,btc,0.0,0.0001,0,btc,0.0,0.0,0.0,36
0,[],17,[],2019-02-21 03:55:38,0.0,0,0,6746962,2019-02-21 03:55:38,btc,0.0746458232965017,0.0,0,btc,4103573.70243647,0.0,0.0,36
0,[],27,[],2019-02-21 03:55:41,0.0,0,0,6746963,2019-02-21 03:55:41,,114.1676941557863,0.0,0,"ltc,eth",4107666.4875004,0.0,0.0,36
1,[],4,[],2019-02-21 03:55:42,300841.84692242,0.00000077,0.000000000030519874,6746964,2019-02-21 03:55:42,btc,0.2490508185603033,0.0,0.00000077,btc,189903.06798588,0.0158557,0.1440773503644131,37
1,[],12,[],2019-02-21 03:55:43,517667.65992541,0.0000008,0.00000000003170896,6746965,2019-02-21 03:55:43,btc,1363.1660962452988,0.0,0.0000008,btc,948658.02778803,0.2216500653581325,0.15284927,37
1,[],17,[],2019-02-21 03:55:45,1752.74075282,0.00000025,0.000000000009909049999999999,6746966,2019-02-21 03:55:45,btc,0.05548492400268833,0.0,0.00000025,btc,1387.19918473,0.0,0.00043818518820499993,37
1,[],27,[],2019-02-21 03:55:47,14752.0,0.00000045,0.00000000001783629,6746967,2019-02-21 03:55:47,btc,26.16582016954233,0.0,0.00000045,btc,6830.24738508,0.0,0.00483022,37
1,[],5,[],2019-02-21 03:55:48,0.0,0,0,6746968,2019-02-21 03:55:48,btc,0.0,0.05342147,0,btc,0.0,0.0,0.0,42
1,[],12,[],2019-02-21 03:55:49,132321.70038105999,0.00000075,0.00000000002972715,6746969,2019-02-21 03:55:49,btc,94.6846933864802,0.0,0.00000075,btc,104267.17844246,0.0036077600000011,0.0395663500000048,42
0,[],27,[],2019-02-21 03:55:50,0.0,0,0,6746970,2019-02-21 03:55:50,,0.00315028,0.0,0,"btc,eth",11.007,0.0,0.0,42
1,[],5,[],2019-02-21 03:55:51,0.0,0,0,6746971,2019-02-21 03:55:51,btc,0.0,0.18161947,0,btc,0.0,0.0,0.0,43
1,[],12,[],2019-02-21 03:55:52,4025835.0,0.00000002,0.000000000000792724,6746972,2019-02-21 03:55:52,btc,20007435.274506606,0.0,0.00000002,btc,38974229.21618381,0.0,0.04025858,43
0,[],17,[],2019-02-21 03:56:04,0.0,0,0,6746973,2019-02-21 03:56:04,btc,0.0,0.0,0,btc,0.0,0.0,0.0,43
1,[],12,[],2019-02-21 03:56:05,694470.0,0.00000005,0.00000000000198181,6746974,2019-02-21 03:56:05,btc,11115177.726607732,0.0,0.00000005,btc,1077648.31470526,0.0003337,0.01804238,44
1,[],4,[],2019-02-21 03:56:06,304401695.12117445,0.00000002,0.000000000000792724,6746975,2019-02-21 03:56:06,btc,0.18867959303034929,0.0,0.00000002,"btc,ltc",4555651.05245401,0.00070567,0.21780285785770312,49
0,[],4,[],2019-02-21 03:56:08,0.0,0,0,6746976,2019-02-21 03:56:08,,4.633523909955465,0.0,0,,4473761293.383993,0.0,0.0,52
0.0000000001266165,[],22,[],2019-02-21 03:56:11,88142979.0,1.266165e-18,5.0185969173e-23,6746977,2019-02-21 03:56:11,XMR,4366.37024183,0.0,0.00000001,XMR,249074057.67882353,0.0,0.88142979,57
0,[],27,[],2019-02-21 03:56:14,0.0,0,0,6746978,2019-02-21 03:56:14,,0.0,0.0,0,"btc,eth",0.0,0.0,0.0,57
0.0000000001283027,[],4,[],2019-02-21 03:56:15,742381180.1493205,3.849081e-18,1.525629443322e-22,6746979,2019-02-21 03:56:15,ltc,3.2721090060310805,0.0,0.00000003,ltc,1420870019.6844804,0.0001,1.7241446159383965e-09,58
1,[],12,[],2019-02-21 03:56:16,1704226141.843957,0.0000000004,0.00000000000001585448,6746980,2019-02-21 03:56:16,btc,224005479430.96014,0.0,0.0000000004,btc,3836800768.6686325,0.014066226740059945,0.5568709941011392,58
0,[],17,[],2019-02-21 03:56:29,0.0,0,0,6746981,2019-02-21 03:56:29,btc,1e+24,0.0,0,btc,41401875.8285055,0.0,0.0,58
0.0000000001266165,[],22,[],2019-02-21 03:56:33,137438.0,1.266165e-18,5.0185969173e-23,6746982,2019-02-21 03:56:33,XMR,69.8835922,0.0,0.00000001,XMR,9887963.0,0.0,0.00137438,58
1,[],5,[],2019-02-21 03:56:34,0.0,0,0,6746983,2019-02-21 03:56:34,btc,0.0,0.04049784,0,btc,0.0,0.0,0.0,61
1,[],22,[],2019-02-21 03:56:38,5149.5,0.00000011,0.000000000004359982,6746984,2019-02-21 03:56:38,BTC,1002.29597012,0.0,0.00000011,BTC,14947.700278135757,0.0,0.00051596,61
1,[],26,[],2019-02-21 03:56:38,0.0,0.00000800,0.0000000003170896,6746985,2019-02-21 03:56:38,btc,0.0,0.0,0.00000800,btc,0.0,0.0,0.0,61
1,[],27,[],2019-02-21 03:56:40,4782.64,0.00000045,0.00000000001783629,6746986,2019-02-21 03:56:40,btc,2.9662721968330614,0.0,0.00000045,"btc,eth",19197.38399471,0.0,0.0009709972036439997,61
1,[],28,[],2019-02-21 03:56:42,13882.304,0.0000005,0.0000000000198181,6746987,2019-02-21 03:56:42,btc,2.056350785685105,783.0,0.0000005,btc,9766.52450005,0.0,0.00566491304,61
1,[],4,[],2019-02-21 03:56:44,703996.56515123,0.00000308,0.000000000122079496,6746988,2019-02-21 03:56:44,btc,1.3142568666530645,0.0,0.00000308,btc,303366.52168895,0.204846,0.9030005650651407,67
0.0,[],25,[],2019-02-21 03:56:45,0.0,0,0,6746989,2019-02-21 03:56:45,,0.0,0.0,0.0,btc,0.0,0.0,0.0,67
1,[],12,[],2019-02-21 03:56:48,3015986.55921328,0.00000019,0.000000000007530878,6746990,2019-02-21 03:56:48,btc,11115996.102543639,0.0,0.00000019,btc,1983982.6710868601,0.0059403574547695,0.10326481644111189,71
,[],5,[],2018-11-20 23:02:39,1.5e-07,0.00000005,0.000000000002128045,4862160,2018-11-20 23:02:39,btc,2.84511358,0.0,,btc,0.00036572,0.0,0.07381892,74
1,[],5,[],2019-02-21 03:56:49,0.0,0,0,6746991,2019-02-21 03:56:49,btc,0.0,0.0,0,btc,0.0,0.0,0.0,75
1,[],4,[],2019-02-21 03:56:51,17954943.30892337,0.00000001,0.000000000000396362,6746992,2019-02-21 03:56:51,btc,0.8634517537739842,0.0,0.00000001,btc,15391342.79181637,0.0,0.1795494330892337,81
0,[],20,[],2019-01-25 09:30:31,0.0,0,0,6495923,2019-01-25 09:30:31,btc,0.0,0.0,0,btc,0.0,0.0,0.0,81
1,[],4,[],2019-02-21 03:56:53,33578.59121999,0.00007641,0.000000003028602042,6746993,2019-02-21 03:56:53,btc,1.2434645285345447,0.0,0.00007641,btc,10669.89264486,0.00288281,0.5312618877529613,82
1,[],21,[],2019-02-21 03:56:54,166270.88755841998,0.00007731000000000000350018625195,0.000000003064274622,6746994,2019-02-21 03:56:54,btc,2.8010687309312625,6022.75194772,0.00007731000000000000350018625194792321053682826459407806396484375,btc,27552.34071956,0.48485255,3.2043094079048733,82
0,[],17,[],2019-02-20 09:25:39,0.0,0,0,6732736,2019-02-20 09:25:39,btc,0.0447233088476774,0.0,0,btc,999127.19588126,0.0,0.0,84
0.0000000001283027,[],4,[],2019-02-21 03:56:55,180336426.20919546,7.698162e-18,3.051258886644e-22,6746995,2019-02-21 03:56:55,ltc,0.19541526460944927,0.0,0.00000006,ltc,118060803.6513207,0.0,6.695185333163889e-10,85
,[],22,[],2018-11-20 23:09:34,3408.1,0.0000001,0.0000000000041895,4862324,2018-11-20 23:09:34,BTC,0.04624735,0.0,,BTC,4990.0,0.0,0.00033081,86
0,[],22,[],2019-02-21 03:56:57,0.0,0,0,6746996,2019-02-21 03:56:57,,2.0760781,0.0,0,,140622.94736842104,0.0,0.0,87
0,[],27,[],2019-02-21 03:56:59,0.0,0,0,6746997,2019-02-21 03:56:59,,0.0,0.0,0,btc,0.0,0.0,0.0,87
,[],2,[],2018-11-20 23:10:47,0.0,0,0,4862359,2018-11-20 23:10:47,,0.0,0.0,,,0.0,0.0,0.0,88
1,[],11,[],2019-02-21 03:57:01,95334.87186861,0.00014594000000000000201449967818234654259867966175079345703125,0.000000005784507028,6746998,2019-02-21 03:57:01,btc,608.9944654056844,192.5,0.00014594000000000000201449967818234654259867966175079345703125,btc,88862.58624549,0.0,6.3992821381603235,89
0,[],2,[],2019-01-20 23:31:45,0.0,0,0,6477083,2019-01-20 23:31:45,,0.0,0.0,0,,0.0,0.0,0.0,91
1,[],12,[],2019-02-21 03:57:02,431307.78093571,0.000001959999999999999868954651816022050070387194864451885223388671875,0.00000000007768695199999999,6746999,2019-02-21 03:57:02,btc,4.298424928234069,0.0,0.000001959999999999999868954651816022050070387194864451885223388671875,btc,52824.6523838,0.0011012841699116,0.0458992123999199,91
0,[],17,[],2019-02-21 03:57:04,0.0,0,0,6747000,2019-02-21 03:57:04,btc,0.0,0.0,0,btc,0.0,0.0,0.0,91
1,[],22,[],2019-02-21 03:57:07,151.0,0.00000001,0.000000000000396362,6747001,2019-02-21 03:57:07,BTC,3.1e-06,0.0,0.00000001,BTC,2.0,0.0,1.51e-06,91
0.0000000001283027,[],22,[],2019-02-21 03:57:11,3506520.0,5.132108e-18,2.034172591096e-22,6747002,2019-02-21 03:57:11,LTC,8.54811591,0.0,0.00000004,LTC,72080461.1,0.0,0.1050108,95
0.0000000001283027,[],4,[],2019-02-21 03:57:13,139253243.95006025,9.3660971e-17,3.7123649787502e-21,6747003,2019-02-21 03:57:13,ltc,0.6315361834451545,0.0,0.00000073,ltc,47960280.14818497,0.00223138,1.1170510299087182e-09,96
1,[],12,[],2019-02-21 03:57:14,173116.0,0.00000001,0.000000000000396362,6747004,2019-02-21 03:57:14,btc,255075.89573359487,0.0,0.00000001,btc,8791052.79551422,0.00144143,0.00173116,96
0,[],17,[],2019-02-21 03:05:19,0.0,0,0,6746602,2019-02-21 03:05:19,btc,0.0,0.0,0,btc,0.0,0.0,0.0,96
1,[],4,[],2019-02-21 03:57:16,1389901.82345633,0.00000033,0.000000000013079946,6747005,2019-02-21 03:57:16,btc,0.4948972536580554,0.0,0.00000033,btc,863499.11194481,0.00926716,0.1331381023690405,99
0,[],2,[],2019-01-20 23:23:55,0.0,0,0,6476914,2019-01-20 23:23:55,,0.0,0.0,0,,0.0,0.0,0.0,100
1,[],4,[],2019-02-21 03:57:17,209677.68528438,0.00003680,0.0000000014586121599999999,6747006,2019-02-21 03:57:17,btc,0.8038572893277935,0.0,0.00003680,btc,19648.06747966,1.5962866,1.6419186486657291,100
1,[],22,[],2019-02-21 03:57:20,50000.0,0.00000001,0.000000000000396362,6747007,2019-02-21 03:57:20,BTC,23.49896609,0.0,0.00000001,BTC,10277.22,0.0,0.0005,101
1,[],4,[],2019-02-21 03:57:21,455202.76853792,0.00000088,0.000000000034879856,6747008,2019-02-21 03:57:21,btc,0.3962230011649392,0.0,0.00000088,btc,163712.88480352,0.01299787,0.2288827098283635,103
1,[],12,[],2019-02-21 03:57:23,58672832.0,0.000000014,0.0000000000005549068,6747009,2019-02-21 03:57:23,btc,137279928.55688542,0.0,0.000000014,btc,118748152.23151138,0.02153057160339628,0.21077142000000001,105
1,[],27,[],2019-02-21 03:57:26,470497.89,0.00000001,0.000000000000396362,6747010,2019-02-21 03:57:26,btc,0.1938898355560939,0.0,0.00000001,btc,289795.05581977,0.0,0.0047049789,105
1,[],22,[],2019-02-21 03:57:29,9328.0,0.00000001,0.000000000000396362,6747011,2019-02-21 03:57:29,BTC,51.11025004,0.0,0.00000001,BTC,493935.0,0.0,9.328e-05,107
1,[],26,[],2019-02-21 03:57:29,0.0,0.00000000,0,6747012,2019-02-21 03:57:29,btc,0.0,0.0,0.00000000,btc,0.0,0.0,0.0,107
1,[],5,[],2019-02-21 03:57:30,0.0,0,0,6747013,2019-02-21 03:57:30,btc,0.0,1.502e-05,0,btc,0.0,0.0,0.0,112
1,[],22,[],2019-02-21 03:57:34,1966.0,0.00000001,0.000000000000396362,6747014,2019-02-21 03:57:34,BTC,2.81183288,0.0,0.00000001,BTC,808524.0833333334,0.0,1.966e-05,112
0,[],27,[],2019-02-21 03:57:37,0.0,0,0,6747015,2019-02-21 03:57:37,,1.35132491849924,0.0,0,"btc,eth",1328.641654,0.0,0.0,112
1,[],4,[],2019-02-21 03:57:38,450908.46296057,0.00000311,0.000000000123268582,6747016,2019-02-21 03:57:38,btc,0.3122372322035806,0.0,0.00000311,btc,80355.10004044,0.02220104,0.1924465513687451,113
1,[],5,[],2019-02-21 03:57:39,0.0,0,0,6747017,2019-02-21 03:57:39,btc,0.0,0.00337655,0,btc,0.0,0.0,0.0,113
1,[],17,[],2019-02-21 03:57:40,152738.278,0.00000004,0.000000000001585448,6747018,2019-02-21 03:57:40,btc,1.3368030275325677,0.0,0.00000004,btc,51896.221,0.0,0.0022095311199999998,116
0,[],27,[],2019-02-21 03:57:42,0.0,0,0,6747019,2019-02-21 03:57:42,,0.0,0.0,0,btc,0.0,0.0,0.0,116
1,[],4,[],2019-02-21 03:57:43,22245.6794666,0.00003060,0.00000000121286772,6747020,2019-02-21 03:57:43,btc,0.5717991881494835,0.0,0.00003060,btc,16817.0757462,0.59926432,0.5056180998521839,120
1,[],7,[],2019-02-21 03:57:44,17885.82664222,0.0000295399999999999983879735154790324713758309371769428253173828125,0.0000000011708533479999999,6747021,2019-02-21 03:57:44,btc,115647.12781934804,89.35184728,0.0000295399999999999983879735154790324713758309371769428253173828125,btc,27774.677370190002,0.00267242,0.07287282609576501,120
1,[],20,[],2019-02-21 03:57:47,956527.6397,0.000000012,0.0000000000004756344,6747022,2019-02-21 03:57:47,btc,31.9239877861223,116467.75,0.000000012,btc,1149876.605,0.0015913461102,0.0034788329072,125
1,[],22,[],2019-02-21 03:57:50,3053.0,0.00000001,0.000000000000396362,6747023,2019-02-21 03:57:50,BTC,0.01444887,0.0,0.00000001,BTC,296263.5111111111,0.0,3.053e-05,126
1,[],4,[],2019-02-21 03:57:52,110620.99590773,0.00001627,0.000000000644880974,6747024,2019-02-21 03:57:52,btc,0.9944361241856096,0.0,0.00001627,btc,48307.34363059,0.52796908,0.7952953968767768,131
0,[],2,[],2019-01-20 23:25:46,0.0,0,0,6476969,2019-01-20 23:25:46,,0.0,0.0,0,,0.0,0.0,0.0,131
0,[],17,[],2019-02-21 03:15:51,0.0,0,0,6746820,2019-02-21 03:15:51,btc,0.0009561751951600001,0.0,0,btc,35.42829368,0.0,0.0,131
1,[],4,[],2019-02-21 03:58:04,4557.81248704,0.00016528,0.000000006551071136,6747025,2019-02-21 03:58:04,btc,1.647401424516374,0.0,0.00016528,btc,334.44418488,0.0,0.0091178453534316,135
1,[],3,[],2019-02-21 03:58:05,1504192.97238508,0.00000005,0.00000000000198181,6747026,2019-02-21 03:58:05,btc,0.1327063703869728,23872.1666667,0.00000005,btc,568498.30008313,0.0,0.0552929817803677,136
1,[],4,[],2019-02-21 03:58:05,84566.36619833,0.00000158,0.000000000062625196,6747027,2019-02-21 03:58:05,btc,0.1104239793000627,0.0,0.00000158,btc,53129.52517833,0.10002991,0.0728419074438991,137
1,[],12,[],2019-02-21 03:58:06,295724.53537558,0.000001570000000000000003069918451392705804892102605663239955902099609375,0.000000000062228834,6747028,2019-02-21 03:58:06,btc,11807.700465271128,0.0,0.000001570000000000000003069918451392705804892102605663239955902099609375,btc,157767.91382478,0.0010364756708275,0.02540844000002,137
1,[],4,[],2019-02-21 03:58:07,207320.27465912,0.00004835,0.00000000191641027,6747029,2019-02-21 03:58:07,btc,1.7321838841391537,0.0,0.00004835,btc,28116.72415178,0.50200472,0.3808504238795555,142
1,[],5,[],2019-02-21 03:58:08,0.0,0,0,6747030,2019-02-21 03:58:08,btc,0.0,0.15655285,0,btc,0.0,0.0,0.0,142
1,[],20,[],2019-02-21 03:58:21,133738.7268,0.0000451,0.00000000178759262,6747031,2019-02-21 03:58:21,btc,0.5705263784914,10.0672,0.0000451,btc,4947.9927,0.00045403072,0.2475574409193,142
1,[],22,[],2019-02-21 03:58:25,1814.379466498526,0.00005011,0.000000001986169982,6747032,2019-02-21 03:58:25,BTC,3.00424677,0.0,0.00005011,BTC,896.9785515239478,0.00029467,0.01134919,142
0.0,[],25,[],2019-02-21 03:58:26,0.0,0,0,6747033,2019-02-21 03:58:26,,0.0,0.0,0.0,btc,0.0,0.0,0.0,142
1,[],28,[],2019-02-21 03:58:28,76883.0,0.00004500,0.000000001783629,6747034,2019-02-21 03:58:28,btc,0.060714749,718.0,0.00004500,btc,406.4319,0.0,0.0388422,142
1,[],17,[],2019-02-21 03:15:59,22967.386363640002,0.00000088,0.000000000034792648,6746827,2019-02-21 03:15:59,btc,20.0699133484,0.0,0.00000088,btc,405.079105,0.0,0.0104613000000032,142
0,[],22,[],2019-02-21 03:58:30,0.0,0,0,6747035,2019-02-21 03:58:30,,61.30443376,0.0,0,,751363658.3,0.0,0.0,143
1,[],21,[],2019-02-21 03:58:31,32390810.56854439,0.00000025,0.000000000009909049999999999,6747036,2019-02-21 03:58:31,btc,59.93723479076982,9360983.85803436,0.00000025,btc,106674433.38345765,2.35955958,4.892871771172116,145
0,[],22,[],2019-02-21 03:58:34,0.0,0,0,6747037,2019-02-21 03:58:34,,4.24946284,0.0,0,,1812156.0,0.0,0.0,146
,[],22,[],2018-11-20 23:01:11,0.0,0,0,4862114,2018-11-20 23:01:11,,2.56807021,0.0,,,61828.4988236,0.0,0.0,147
1,[],12,[],2019-02-21 03:58:35,8680756.12000625,0.00000287999999999999995437785678398245892140039359219372272491455078125,0.000000000114152256,6747038,2019-02-21 03:58:35,btc,16.5645563604978,0.0,0.00000287999999999999995437785678398245892140039359219372272491455078125,btc,118323.3460165,0.0,0.11040832799999051,148
1,[],4,[],2019-02-21 03:58:38,241613.36796929,0.00000029,0.000000000011494498,6747039,2019-02-21 03:58:38,btc,0.7777851624876424,0.0,0.00000029,btc,593167.18068715,0.0,0.0568147890840236,152
0,[],22,[],2019-02-21 03:58:46,0.0,0,0,6747040,2019-02-21 03:58:46,,0.0,0.0,0,,0.0,0.0,0.0,152
1,[],5,[],2019-02-21 03:58:46,0.0,0,0,6747041,2019-02-21 03:58:46,btc,0.0,1e-05,0,btc,0.0,0.0,0.0,153
,[],16,[],2019-01-11 15:38:59,0.0,0,0,6366141,2019-01-11 15:38:59,btc,0.0,0.0,,btc,0.0,0.0,0.0,155
0,[],23,[],2019-01-20 23:24:29,0.0,0,0,6476932,2019-01-20 23:24:29,,0.0,0.0,0,,0.0,0.0,0.0,156
0,[],22,[],2019-02-21 03:58:49,0.0,0,0,6747042,2019-02-21 03:58:49,,6.74608761,0.0,0,,4644402.242592593,0.0,0.0,156
1,[],22,[],2019-02-21 03:58:52,7073.8,0.00005300,0.0000000021007186,6747043,2019-02-21 03:58:52,BTC,43.78801181,0.0,0.00005300,BTC,1067.5805334758436,0.0,0.00104336,157
0,[],22,[],2019-02-21 03:58:55,0.0,0,0,6747044,2019-02-21 03:58:55,,50175.68008609,0.0,0,,54479136.04179466,0.0,0.0,158
,[],17,[],2018-11-20 22:56:10,0.0,0,0,4861976,2018-11-20 22:56:10,btc,1.1265625,0.0,,btc,1000.0,0.0,0.0,159
,[],20,[],2018-11-20 22:56:12,0.0,0,0,4861977,2018-11-20 22:56:12,btc,11912.7940471,0.0,,btc,34413894.3617,0.0,0.0,159
1,[],12,[],2019-02-21 03:58:57,183017.51781851,0.0000068000000000000001158036340431767285963360336609184741973876953125,0.00000000026952616,6747045,2019-02-21 03:58:57,btc,6.657178450833592,0.0,0.0000068000000000000001158036340431767285963360336609184741973876953125,btc,14477.025213750001,0.014502732081377,0.0985829452407415,168
1,[],17,[],2019-02-21 03:16:32,29784.95,0.000001,0.0000000000395371,6746842,2019-02-21 03:16:32,btc,0.03026736251542,0.0,0.000001,btc,144.46171372,0.0,0.00716147,168
0,[],22,[],2019-02-21 03:59:01,0.0,0,0,6747046,2019-02-21 03:59:01,,1.14674792,0.0,0,,778972.8900917594,0.0,0.0,169
1,[],22,[],2019-02-21 03:59:05,134800.0,0.00000032,0.000000000012683584,6747047,2019-02-21 03:59:05,BTC,13.25529322,0.0,0.00000032,BTC,150957.28134785083,0.00610099,0.021598,171
1,[],22,[],2019-02-21 03:59:08,211925.70833333334,0.00000008,0.000000000003170896,6747048,2019-02-21 03:59:08,BTC,2.67588818,0.0,0.00000008,BTC,287329.5268510294,8.093e-05,0.01172036,173
1,[],5,[],2019-02-21 03:59:09,0.0,0,0,6747049,2019-02-21 03:59:09,btc,0.0,0.01127783,0,btc,0.0,0.0,0.0,175
1,[],22,[],2019-02-21 03:59:13,45784.0,0.0000003,0.00000000001189086,6747050,2019-02-21 03:59:13,BTC,0.5289391,0.0,0.0000003,BTC,142708.91384013777,0.0,0.0052016,176
1,[],7,[],2019-02-21 03:59:14,0.0,0,0,6747051,2019-02-21 03:59:14,btc,410918.6314435938,1062692.30769,0,btc,114990502.7606976,0.01062692,0.0,178
0,[],22,[],2019-02-21 03:59:17,0.0,0,0,6747052,2019-02-21 03:59:17,,1.00242428,0.0,0,,57512.0,0.0,0.0,178
0,[],2,[],2019-01-20 23:28:34,0.0,0,0,6477001,2019-01-20 23:28:34,,0.0,0.0,0,,0.0,0.0,0.0,178
0,[],23,[],2019-01-20 23:25:08,0.0,0,0,6476952,2019-01-20 23:25:08,,0.0,0.0,0,,0.0,0.0,0.0,179
1,[],5,[],2019-02-21 03:59:17,0.0,0,0,6747053,2019-02-21 03:59:17,btc,0.0,0.03830667,0,btc,0.0,0.0,0.0,179
1,[],22,[],2019-02-21 03:59:21,7091197.0,0.00000002,0.000000000000792724,6747054,2019-02-21 03:59:21,BTC,5.48914188,0.0,0.00000002,"BTC,LTC",17362807.968656633,0.00614733,0.37676466,179
1,[],22,[],2019-02-21 03:59:35,159549.52,0.00000025,0.00000000000990905,6747055,2019-02-21 03:59:35,BTC,0.18627753,0.0,0.00000025,"BTC,LTC",53244.59095726243,1.397e-05,0.00469147,180
1,[],26,[],2019-02-21 03:59:35,0.0,0.00000100,0.0000000000396362,6747056,2019-02-21 03:59:35,btc,0.0,0.0,0.00000100,btc,0.0,0.0,0.0,180
1,[],17,[],2019-02-21 03:16:57,10504.725,0.0000001,0.00000000000395371,6746852,2019-02-21 03:16:57,btc,5.201069583846075,0.0,0.0000001,btc,5033.45945,0.0,0.0010504725,180
,[],7,[],2018-11-20 22:58:01,562227.975654,0.00000085,0.000000000036176765,4862015,2018-11-20 22:58:01,btc,21836.6059674,2491.87645172,,btc,749999.041456,0.00211021,0.127565380455,183
,[],5,[],2019-01-10 08:11:41,0.0,0,0,6347036,2019-01-10 08:11:41,btc,82.15055501,0.00261,,btc,1.19002445,0.0,0.0,187
,[],17,[],2018-11-16 20:58:10,4062536.27273,0.00000001,0.000000000000550501,4708775,2018-11-16 20:58:10,btc,3.36492563466,0.195460381006,,"btc,eth",110697919.549,0.0,0.0157628953496,187
1,[],24,[],2019-02-21 03:59:35,0.0,0.000000000001,3.96362e-17,6747057,2019-02-21 03:59:35,btc,0.0,0.0,0.000000000001,btc,0.0,0.0,0.0,187
0,[],22,[],2019-02-20 11:32:17,0.0,0,0,6734414,2019-02-20 11:32:17,,1.19374396,0.0,0,,16308.869534405507,0.0,0.0,191
0,[],22,[],2019-02-21 03:59:42,0.0,0,0,6747058,2019-02-21 03:59:42,,0.0,0.0,0,,0.0,0.0,0.0,197
0,[],23,[],2019-01-20 23:31:41,0.0,0,0,6477079,2019-01-20 23:31:41,,0.0,0.0,0,,0.0,0.0,0.0,199
0,[],22,[],2019-02-21 03:59:44,0.0,0,0,6747059,2019-02-21 03:59:44,,5.17330081,0.0,0,,21824453.0,0.0,0.0,199
1,[],26,[],2019-02-21 03:59:44,0.0,0.00000000,0,6747060,2019-02-21 03:59:44,btc,0.0,0.0,0.00000000,btc,0.0,0.0,0.0,199
0,[],17,[],2019-01-30 16:32:01,0.0,0,0,6540827,2019-01-30 16:32:01,btc,6.802544163788159,0.0,0,btc,105897.55575295,0.0,0.0,200
0,[],2,[],2019-01-20 23:30:49,0.0,0,0,6477059,2019-01-20 23:30:49,,0.0,0.0,0,,0.0,0.0,0.0,201
1,[],4,[],2019-01-25 15:51:35,2084389.58565343,0.00000936,0.000000000333526752,6499557,2019-01-25 15:51:35,btc,2.0092503037378524,0.0,0.00000936,btc,160195.80207885,0.19272417,1.242687955921835,211
1,[],7,[],2019-02-21 03:59:48,3682745.28813623,0.000001359999999999999896105784720490294859018831630237400531768798828125,0.000000000053905232,6747061,2019-02-21 03:59:48,btc,15475876.407449258,1276622.71426,0.000001359999999999999896105784720490294859018831630237400531768798828125,btc,13100085.72023163,1.75721909,2.49698942966939,212
1,[],12,[],2019-01-25 02:44:32,207462.42853209,0.000001080000000000000035831255497387193287295303889550268650054931640625,0.000000000038610756000000006,6493050,2019-01-25 02:44:32,btc,85023.03793723314,0.0,0.000001080000000000000035831255497387193287295303889550268650054931640625,btc,43675.73520027,0.000146250909087,0.0348620860622024,213
1,[],5,[],2019-02-21 03:59:50,0.0,0,0,6747062,2019-02-21 03:59:50,btc,0.0,0.15800437,0,btc,0.0,0.0,0.0,213
1,[],24,[],2019-02-21 03:59:50,0.0,0.000000050000,0.00000000000198181,6747063,2019-02-21 03:59:50,btc,0.0,0.0,0.000000050000,btc,0.0,0.0,0.0,213
1,[],26,[],2019-02-21 03:59:50,0.0,0.00000009,0.000000000003567258,6747064,2019-02-21 03:59:50,btc,0.0,0.0,0.00000009,btc,0.0,0.0,0.0,213
1,[],22,[],2019-02-21 03:59:54,80000.0,0.00000001,0.000000000000396362,6747065,2019-02-21 03:59:54,BTC,2.19671377,0.0,0.00000001,BTC,271112.59081706154,0.0,0.0008,216
1,[],27,[],2019-02-21 03:59:56,5217804.5615,0.00000008,0.000000000003170896,6747066,2019-02-21 03:59:56,btc,362.10028997418,21754.0,0.00000008,"btc,ltc",295029.241,0.00174032,0.05527756246,216
1,[],22,[],2019-02-21 04:00:00,172392.27078936592,0.00000194,0.000000000076894228,6747067,2019-02-21 04:00:00,BTC,12673.57318599,0.0,0.00000194,BTC,398665.7674048424,0.01887669,0.18485283,217
1,[],7,[],2019-02-21 04:00:03,0.0,0,0,6747068,2019-02-21 04:00:03,btc,77969.6156418105,0.0,0,btc,137055636.5050253,0.0,0.0,219
0,[],27,[],2019-02-21 04:00:05,0.0,0,0,6747069,2019-02-21 04:00:05,,0.0740438339680921,0.0,0,btc,1536429.20709513,0.0,0.0,219
0.0000000000000052,[],28,[],2019-02-21 04:00:07,168217223.956,1.56e-17,6.1832472e-22,6747070,2019-02-21 04:00:07,doge,83904.6548154895,19332.8488,0.00300000,"btc,doge",4758656.59531,0.0,1.230910438323488e-11,219
1,[],22,[],2019-02-21 04:00:11,231316.6,0.00000015,0.00000000000594543,6747071,2019-02-21 04:00:11,BTC,2.99360692,0.0,0.00000015,BTC,89550.18152986986,1.17e-05,0.02553636,221
1,[],24,[],2019-02-21 04:00:11,0.0,0.000000180000,0.000000000007134516,6747072,2019-02-21 04:00:11,btc,0.0,0.0,0.000000180000,btc,0.0,0.0,0.0,221
1,[],20,[],2019-02-21 04:00:14,43244181.8578,0.000000001,0.0000000000000396362,6747073,2019-02-21 04:00:14,btc,47.9968636290187,877542.6823,0.000000001,btc,11147457.9984,0.0016136029071,0.0432441818578,224
0,[],22,[],2019-02-21 04:00:17,0.0,0,0,6747074,2019-02-21 04:00:17,,0.0,0.0,0,,0.0,0.0,0.0,224
1,[],26,[],2019-02-21 04:00:17,0.0,0.00000036,0.000000000014269032,6747075,2019-02-21 04:00:17,btc,0.0,0.0,0.00000036,btc,0.0,0.0,0.0,231
1,[],26,[],2019-02-21 04:00:17,0.0,0.00000006,0.000000000002378172,6747076,2019-02-21 04:00:17,btc,0.0,0.0,0.00000006,btc,0.0,0.0,0.0,234
0,[],27,[],2019-02-21 04:00:21,0.0,0,0,6747077,2019-02-21 04:00:21,,0.0113483662182,0.0,0,"btc,eth",11462.99618,0.0,0.0,234
0,[],22,[],2019-02-21 04:00:23,0.0,0,0,6747078,2019-02-21 04:00:23,,4.79787432,0.0,0,,108574057.81349206,0.0,0.0,235
1,[],4,[],2019-02-21 04:00:25,959455.47190158,0.00000081,0.000000000032105322,6747079,2019-02-21 04:00:25,btc,0.2852120321631909,0.0,0.00000081,btc,229511.81061746,0.04341716,0.320154875841433,236
1,[],24,[],2019-02-21 04:00:25,0.0,0.000000020010,0.000000000000793120362,6747080,2019-02-21 04:00:25,btc,0.0,0.0,0.000000020010,btc,0.0,0.0,0.0,236
1,[],20,[],2019-02-21 04:00:27,66621122.7685,0.000000059,0.0000000000023385358,6747081,2019-02-21 04:00:27,btc,17.0260772423931,19375953.249,0.000000059,btc,44236052.3192,1.2566730377,0.3264896296302,237
1,[],22,[],2019-02-21 04:00:33,116403.0,0.00000004,0.000000000001585448,6747082,2019-02-21 04:00:33,BTC,0.0405823,0.0,0.00000004,"BTC,LTC",3164.0,0.0,0.00482009,237
1,[],4,[],2019-02-21 04:00:33,4816498.15605382,0.00000033,0.000000000013079946,6747083,2019-02-21 04:00:33,btc,0.4554585201986821,0.0,0.00000033,btc,1198135.0125275,0.1052846,1.5142179017004802,238
1,[],5,[],2019-02-21 04:00:34,0.0,0,0,6747084,2019-02-21 04:00:34,btc,0.0,0.14884216,0,btc,0.0,0.0,0.0,238
0,[],22,[],2019-02-20 05:29:38,0.0,0,0,6730663,2019-02-20 05:29:38,,27.41701007,0.0,0,,370860.0639027493,0.0,0.0,249
0.0000000001283027,[],22,[],2019-02-21 04:00:38,7021097.666666667,3.849081e-18,1.525629443322e-22,6747085,2019-02-21 04:00:38,LTC,0.56670218,0.0,0.00000003,LTC,15147487.09,0.0,0.20963595,252
1,[],28,[],2019-02-21 04:00:40,4391956.698,0.0000001,0.00000000000396362,6747086,2019-02-21 04:00:40,btc,164693.72223419085,38704.6,0.0000001,btc,1230574.0351,0.0,0.2663411375,256
1,[],22,[],2019-02-21 04:00:44,2473373.6666666665,0.00000003,0.000000000001189086,6747087,2019-02-21 04:00:44,BTC,31.40136946,0.0,0.00000003,BTC,455878.4505485993,0.0003,0.05305593,258
1,[],22,[],2019-02-21 04:00:47,49651.0,0.00000002,0.000000000000792724,6747088,2019-02-21 04:00:47,BTC,2.629917,0.0,0.00000002,BTC,1762.0,0.0,0.00050551,259
1,[],22,[],2019-02-21 04:00:52,11050.98375,0.00000852,0.000000000337700424,6747089,2019-02-21 04:00:52,BTC,1373.10560076,0.0,0.00000852,"BTC,LTC",9236.932236787003,0.01573165,0.01458436,262
1,[],5,[],2019-02-21 04:00:54,0.0,0,0,6747090,2019-02-21 04:00:54,btc,0.0,0.09727849,0,btc,0.0,0.0,0.0,264
1,[],20,[],2019-02-21 04:00:56,1215487.8177,0.000001531,0.0000000000606830222,6747091,2019-02-21 04:00:56,btc,7.7042099138688,3874.587,0.000001531,btc,112393.9956,0.01205583823,0.0191327531431,264
1,[],22,[],2019-02-21 04:01:05,38414.0,0.00000001,0.000000000000396362,6747092,2019-02-21 04:01:05,BTC,8.4442135,0.0,0.00000001,BTC,427909.69136002666,7e-05,0.00038414,271
0,[],22,[],2019-02-21 04:01:08,0.0,0,0,6747093,2019-02-21 04:01:08,,390.78678703,0.0,0,,15707597515.9,0.0,0.0,272
0.0000000000000052,[],28,[],2019-02-21 04:01:11,214225923867.522,4.264e-21,1.6900875680000001e-25,6747094,2019-02-21 04:01:11,doge,441016263.98539716,33715351969.533,0.00000082,doge,210342950750.12253,0.0,5.656662863273663e-10,272
1,[],22,[],2019-02-21 04:01:21,18265.695,0.00000420,0.00000000016647204,6747095,2019-02-21 04:01:21,BTC,74.2304743,0.0,0.00000420,"BTC,LTC",4800.143827123463,0.01150019,0.05558594,281
1,[],22,[],2019-02-21 04:01:30,7200.0,0.00000001,0.000000000000396362,6747096,2019-02-21 04:01:30,BTC,1.33361957,0.0,0.00000001,BTC,134422.11741316717,0.0,7.2e-05,286
0,[],22,[],2019-02-21 04:01:33,0.0,0,0,6747097,2019-02-21 04:01:33,,43633.13129399,0.0,0,,280194242.0,0.0,0.0,294
