pairValue,buyBook,exchangeId,sellBook,updated,buyTotal,satoshiPrice,usdPrice,exchangeLogId,created,bestPair,sellTotalBtc,volume,pairPrice,activePairs,sellTotal,volumeBtc,buyTotalBtc,coinId
1,[],4,[],2019-05-24 00:19:57,207663.62127721,0.01071581,0.000000842259451257,7675981,2019-05-24 00:19:57,btc,8.288214611107849,0.0,0.01071581,btc,349.22372891,0.52666224,0.4091888703337919,1
1,[],5,[],2019-05-24 00:19:59,0.0,0,0,7675982,2019-05-24 00:19:59,btc,0.0,0.00381213,0,btc,0.0,0.0,0.0,1
1,[],10,[],2019-05-24 00:20:01,255912.0679707,0.00760773,0.000000597965295681,7675983,2019-05-24 00:20:01,btc,6524.080050543045,1160.81025483,0.00760773,btc,1440.89151337,0.0,2.490008984341793,1
1,[],12,[],2019-05-24 00:20:05,49.62339081,0.01081000000000000016431300764452316798269748687744140625,0.0000008496627570000001,7675984,2019-05-24 00:20:05,btc,0.1989096232358,0.0,0.01081000000000000016431300764452316798269748687744140625,btc,17.70410141,0.2904717675831,0.3424696658737,1
1,[],20,[],2019-05-24 00:20:07,972.7472,0.01026283,0.000000806655359151,7675985,2019-05-24 00:20:07,btc,0.2208330233753,0.193,0.01026283,btc,16.9051,0.002185435486,0.1003933540669,1
1,[],21,[],2019-05-24 00:20:08,1762.45135057,0.01076045999999999946972195630,0.000000845768927862,7675986,2019-05-24 00:20:08,btc,11.272480778765317,2911.55748674,0.0107604599999999994697219563022372312843799591064453125,"btc,eth",1436.77584223,29.87257144790901,16.32226336350288,1
1,[],22,[],2019-05-24 00:20:12,0.0025666666666666667,0.00900000,0.0000007073973,7675987,2019-05-24 00:20:12,BTC,0.31629903,0.0,0.00900000,BTC,0.2505752479991019,0.0,2.31e-05,1
1,[],24,[],2019-05-24 00:20:12,0.0,0.000000000000,0,7675988,2019-05-24 00:20:12,btc,0.0,0.0,0.000000000000,btc,0.0,0.0,0.0,1
0.0,[],25,[],2019-05-24 00:20:13,0.0,0,0,7675989,2019-05-24 00:20:13,btc,18.94999999907534,4780.41541629,0.0,btc,1719.28863001,52.3,0.0,1
1,[],26,[],2019-05-24 00:20:14,0.0,0,0,7675990,2019-05-24 00:20:14,,0.0,0.0,0,,0.0,0.0,0.0,1
0,[],28,[],2019-05-24 00:21:03,0.0,0,0,7675991,2019-05-24 00:21:03,,0.0,359842.8414,0,,0.0,0.0,0.0,1
1,[],3,[],2019-05-22 18:07:34,1123.259330580089,0.01114142000000000083670403938640447449870407581329345703125,0.0000008809019430100001,7669457,2019-05-22 18:07:34,btc,1.846938727610729,30.8730799403,0.01114142000000000083670403938640447449870407581329345703125,btc,27.179280298868,0.0,0.2238721862652316,1
0,[],2,[],2019-01-20 23:28:45,0.0,0,0,6477011,2019-01-20 23:28:45,,0.0,0.0,0,,0.0,0.0,0.0,1
1,[],5,[],2019-05-24 00:21:06,0.0,0,0,7675992,2019-05-24 00:21:06,btc,0.0,2.003e-05,0,btc,0.0,0.0,0.0,2
1,[],22,[],2019-05-24 00:21:10,11638.0,0.0000002,0.00000000001571994,7675993,2019-05-24 00:21:10,BTC,21.00897301,0.0,0.0000002,"BTC,XMR",20678.87287795317,0.0,0.00145435,2
1,[],5,[],2019-05-24 00:21:12,0.0,0,0,7675994,2019-05-24 00:21:12,btc,0.0,0.01112714,0,btc,0.0,0.0,0.0,3
1,[],12,[],2019-05-24 00:21:13,3121974.24306,0.000000119,0.0000000000093533643,7675995,2019-05-24 00:21:13,btc,4645.227039866739,0.0,0.000000119,btc,1763772.56245625,0.01251008352784495,0.28283018692414,3
0,[],28,[],2019-05-24 00:21:14,0.0,0,0,7675996,2019-05-24 00:21:14,,0.0,0.0,0,,0.0,0.0,0.0,3
0,[],2,[],2019-01-20 23:31:32,0.0,0,0,6477077,2019-01-20 23:31:32,,0.0,0.0,0,,0.0,0.0,0.0,4
1,[],4,[],2019-05-18 21:29:50,562734.9206932,0.00000010,0.000000000007298720000000001,7650946,2019-05-18 21:29:50,btc,41.9347137769675,0.0,0.00000010,btc,1123702.32192634,0.00052462,0.029254593370966,4
0,[],12,[],2019-05-23 22:32:24,0.0,0,0,7675520,2019-05-23 22:32:24,btc,0.38590189,0.0,0,btc,951910.0,0.0,0.0,5
0,[],2,[],2019-01-20 23:31:51,0.0,0,0,6477087,2019-01-20 23:31:51,,0.0,0.0,0,,0.0,0.0,0.0,6
1,[],11,[],2019-05-24 00:21:18,7800289.776736,0.00000002,0.0000000000015719940000000001,7675997,2019-05-24 00:21:18,btc,9578.346912068535,2143927.0,0.00000002,btc,57136629.70519443,0.0,0.10437137276736,6
1,[],4,[],2019-05-24 00:21:21,3195811.38714837,0.00010704,0.000000008413311888,7675998,2019-05-24 00:21:21,btc,9.300572971789222,0.0,0.00010704,btc,53066.43251711,0.95569953,2.2317337861525255,7
1,[],5,[],2019-05-24 00:21:23,0.0,0,0,7675999,2019-05-24 00:21:23,btc,0.0,0.04553739,0,btc,0.0,0.0,0.0,7
1,[],3,[],2019-05-22 18:08:48,11992.400030575094,0.00011500000000000000347812056933349822429590858519077301025390625,0.0000000090925325,7669475,2019-05-22 18:08:48,btc,1.1612001845741802,131.533509258,0.00011500000000000000347812056933349822429590858519077301025390625,btc,282.094355724518,0.0,0.024071946207221296,7
1,[],20,[],2019-04-07 22:06:50,3201475.0482,0.000000001,0.000000000000051590000000000004,7213932,2019-04-07 22:06:50,btc,30.8005781811902,0.0,0.000000001,btc,23077405.3926,0.0,0.0032014750482,8
0,[],2,[],2019-01-20 23:22:42,0.0,0,0,6476876,2019-01-20 23:22:42,,0.0,0.0,0,,0.0,0.0,0.0,9
0,[],23,[],2019-01-20 23:22:48,0.0,0,0,6476878,2019-01-20 23:22:48,,0.0,0.0,0,,0.0,0.0,0.0,9
1,[],4,[],2019-05-24 00:21:25,21060138.67476636,0.00000056,0.000000000044015832000000005,7676000,2019-05-24 00:21:25,btc,4.254351049205491,0.0,0.00000056,btc,3855199.43481772,0.4371263,0.7364042388627686,9
0,[],28,[],2019-05-24 00:22:07,0.0,0,0,7676001,2019-05-24 00:22:07,,0.0,3460324.0,0,,0.0,0.0,0.0,9
1,[],1,[],2019-02-17 23:31:42,1822507.21,0.00000181000000000000003456111265232042484285557293333113193511962890625,0.000000000066086901,6701244,2019-02-17 23:31:42,btc,3.6990969245,17153386.5,0.00000181000000000000003456111265232042484285557293333113193511962890625,btc,1997391.71,31.11772986,3.2610482446,9
1,[],4,[],2019-02-17 11:22:43,4341674.27126056,0.00000002,0.0000000000007272960000000001,6696112,2019-02-17 11:22:43,btc,0.1997230937751353,0.0,0.00000002,btc,4109766.79808031,0.00215132,0.0479381022052112,10
0,[],2,[],2019-01-20 23:23:08,0.0,0,0,6476890,2019-01-20 23:23:08,,0.0,0.0,0,,0.0,0.0,0.0,12
1,[],4,[],2019-05-24 00:22:08,4795642.08567021,0.00000074,0.000000000058163778000000006,7676002,2019-05-24 00:22:08,btc,5.100212802600193,0.0,0.00000074,btc,4458631.086053,2.04695048,1.5563265923475202,12
1,[],5,[],2019-05-24 00:22:10,0.0,0,0,7676003,2019-05-24 00:22:10,btc,0.0,0.04368788,0,btc,0.0,0.0,0.0,12
0.0,[],25,[],2019-05-24 00:22:11,0.0,0,0,7676004,2019-05-24 00:22:11,,0.0,0.0,0.0,btc,0.0,0.0,0.0,12
1,[],4,[],2019-05-24 00:22:13,353639.42101919,0.00000620,0.00000000048731814,7676005,2019-05-24 00:22:13,btc,2.099104321623184,0.0,0.00000620,btc,251555.35130618,0.34579408,0.5791923897509991,13
1,[],10,[],2019-05-24 00:22:15,573920.57542491,0.00000621,0.000000000488104137,7676006,2019-05-24 00:22:15,btc,666802.6499797927,6256.7821836,0.00000621,btc,849155.43597601,0.0,0.3093701415168847,13
1,[],21,[],2019-05-24 00:22:16,837607.43388771,0.000006379999999999999901875366581,0.000000000501466086,7676007,2019-05-24 00:22:16,btc,4.364701401195375,703147.09095486,0.00000637999999999999990187536658137190670458949171006679534912109375,btc,586661.98045357,4.63188291,4.654930555269896,13
1,[],4,[],2019-05-24 00:22:17,920983.13993182,0.00000075,0.00000000005894977500000001,7676008,2019-05-24 00:22:17,btc,4.219046759863783,0.0,0.00000075,btc,816480.23343123,0.00635427,0.1374009023609472,14
1,[],12,[],2019-05-24 00:22:18,132555.59189419,0.00000066,0.000000000051875802000000006,7676009,2019-05-24 00:22:18,btc,0.0147326541497891,0.0,0.00000066,btc,3222.79953077,0.0,0.0136362299999827,14
1,[],26,[],2019-05-24 00:24:18,0.0,0.00000050,0.00000000003929985,7676010,2019-05-24 00:24:18,btc,0.0,0.0,0.00000050,btc,0.0,0.0,0.0,14
0,[],17,[],2019-05-03 00:53:32,0.0,0,0,7558876,2019-05-03 00:53:32,btc,0.0,0.0,0,btc,0.0,0.0,0.0,14
0,[],4,[],2019-05-24 00:24:21,0.0,0,0,7676011,2019-05-24 00:24:21,,0.0,0.0,0,,0.0,0.0,0.0,15
,[],12,[],2018-12-01 15:15:48,204241.84496,0.00000489,0.000000000202473384,5260204,2018-12-01 15:15:48,btc,49.5475654835,0.0,,btc,35763.2193806,0.0163153972027625,0.0203389899998,15
0,[],2,[],2019-01-20 23:23:38,0.0,0,0,6476906,2019-01-20 23:23:38,,0.0,0.0,0,,0.0,0.0,0.0,18
1,[],4,[],2019-05-24 00:24:23,38184.10822337,0.00001275,0.0000000010021461750000001,7676012,2019-05-24 00:24:23,btc,1.0862493086958216,0.0,0.00001275,btc,17409.11332744,0.02080921,0.1190839868348205,18
1,[],10,[],2019-05-24 00:24:26,308391.94739969,0.00001204,0.000000000946340388,7676013,2019-05-24 00:24:26,btc,15.301017799391074,5134.50673506,0.00001204,btc,10178.69953124,0.0,0.07177338621919,18
1,[],12,[],2019-05-24 00:24:27,5946.77601018,0.000010819999999999999743308630451021912222131504677236080169677734375,0.000000000850448754,7676014,2019-05-24 00:24:27,btc,0.0209617696882253,0.0,0.000010819999999999999743308630451021912222131504677236080169677734375,btc,1147.429485,0.000631509182,0.0111806472157319,18
0,[],17,[],2019-05-03 00:53:39,0.0,0,0,7558882,2019-05-03 00:53:39,btc,0.0,0.0,0,btc,0.0,0.0,0.0,18
1,[],3,[],2019-05-23 12:54:51,156766.51797800077,0.00000931000000000000064808401700755524643682292662560939788818359375,0.0000000007091966980000001,7673172,2019-05-23 12:54:51,btc,0.23320582175359217,3571.32820087,0.00000931000000000000064808401700755524643682292662560939788818359375,btc,5250.788950421293,0.0,0.04758336177432609,19
1,[],4,[],2019-05-24 00:26:28,168106.9943425,0.00000862,0.0000000006775294140000001,7676015,2019-05-24 00:26:28,btc,3.784889085145092,0.0,0.00000862,btc,166917.12686473,0.26312055,0.7099692047115174,19
1,[],5,[],2019-05-24 00:26:29,0.0,0,0,7676016,2019-05-24 00:26:29,btc,0.0,0.00019008,0,btc,0.0,0.0,0.0,19
1,[],12,[],2019-05-24 00:26:30,13282.19254089,0.0000069999999999999998949950195947788955663781962357461452484130859375,0.0000000005501979,7676017,2019-05-24 00:26:30,btc,0.0528635933992711,0.0,0.0000069999999999999998949950195947788955663781962357461452484130859375,btc,1798.22383734,0.00097348,0.013977629999711,19
0,[],27,[],2019-05-24 00:26:36,0.0,0,0,7676018,2019-05-24 00:26:36,,0.0,0.0,0,btc,0.0,0.0,0.0,19
0,[],2,[],2019-01-20 23:24:19,0.0,0,0,6476924,2019-01-20 23:24:19,,0.0,0.0,0,,0.0,0.0,0.0,19
1,[],4,[],2019-05-24 00:26:37,10228410.21811859,0.00000007,0.0000000000055019790000000006,7676019,2019-05-24 00:26:37,btc,6.4307072950777595,0.0,0.00000007,btc,2332215.60836933,0.00012031,0.1274738176872813,20
1,[],4,[],2019-05-24 00:26:38,73119316.72337481,0.00000001,0.0000000000007859970000000001,7676020,2019-05-24 00:26:38,btc,39092.88511707825,0.0,0.00000001,btc,61868315.12581323,0.000223,0.731193167233748,21
1,[],12,[],2019-05-24 00:26:39,1510333.0,0.00000001,0.0000000000007859970000000001,7676021,2019-05-24 00:26:39,btc,106.73711406002997,0.0,0.00000001,btc,2452801.000999,1.038997003e-05,0.01510333,21
0,[],17,[],2019-05-03 00:53:51,0.0,0,0,7558891,2019-05-03 00:53:51,btc,0.0,0.0,0,btc,0.0,0.0,0.0,21
1,[],12,[],2019-05-24 00:28:41,5845645954.0,0.0000000004,0.000000000000031439880000000006,7676022,2019-05-24 00:28:41,btc,859505.3190479669,0.0,0.0000000004,btc,1304852970.4055943,0.12891847753726274,1.14369897,23
0.0000000003114906,[],27,[],2019-05-24 00:28:46,73239448.0,6.229812e-18,4.896613542564e-22,7676023,2019-05-24 00:28:46,eth,1171.0125535250959,457564265.0588016,0.00000002,eth,42922587.4551984,4.27580902330227e-09,2.83229113930308e-10,23
1,[],4,[],2019-05-24 00:28:47,1848867.03431297,0.00000018,0.000000000014147946000000001,7676024,2019-05-24 00:28:47,btc,13.470275978321965,0.0,0.00000018,btc,2047975.1640717,0.00103558,0.0568174582044512,24
1,[],22,[],2019-05-24 00:28:50,21.76,0.00000100,0.0000000000785997,7676025,2019-05-24 00:28:50,BTC,7.415e-05,0.0,0.00000100,BTC,23.919354838709676,0.0,1.186e-05,24
0.0,[],25,[],2019-05-24 00:28:52,0.0,0,0,7676026,2019-05-24 00:28:52,,0.0,0.0,0.0,btc,0.0,0.0,0.0,24
1,[],4,[],2019-05-24 00:28:53,323587.50730544,0.00000432,0.000000000339550704,7676027,2019-05-24 00:28:53,btc,10.258300247658855,0.0,0.00000432,btc,272137.40490591,0.14198014,0.2300903545725627,26
1,[],10,[],2019-05-24 00:28:57,160062.33649209,0.00000441,0.000000000346624677,7676028,2019-05-24 00:28:57,btc,25.506386706996004,4445.68418544,0.00000441,btc,22230.19483964,0.0,0.0331138905321331,26
0,[],2,[],2019-01-20 23:25:56,0.0,0,0,6476976,2019-01-20 23:25:56,,0.0,0.0,0,,0.0,0.0,0.0,26
1,[],3,[],2019-05-23 12:57:31,7011104.62200389,0.00000001,0.000000000000761758,7673187,2019-05-23 12:57:31,btc,3.3214552111007274,4596166.57489,0.00000001,btc,24195530.02325085,0.0,0.0701110462200389,27
1,[],5,[],2019-04-26 09:47:06,0.0,0,0,7465326,2019-04-26 09:47:06,btc,0.0,0.0,0,btc,0.0,0.0,0.0,27
1,[],11,[],2019-05-24 00:29:02,1069867.58157834,0.00000001,0.0000000000007859970000000001,7676029,2019-05-24 00:29:02,btc,67503.038056662,12744.4184217,0.00000001,btc,6639900.67919713,0.0,0.0106986758157834,27
1,[],4,[],2019-05-24 00:29:03,1217434957.7197876,0.00000001,0.0000000000007859970000000001,7676030,2019-05-24 00:29:03,btc,4.666593371399959,0.0,0.00000001,"btc,ltc",289520262.15209883,0.01245819,8.34086438596194,29
1,[],7,[],2019-05-24 00:29:04,112446064.34806745,0.00000001,0.0000000000007859970000000001,7676031,2019-05-24 00:29:04,btc,46548272.132776015,0.0,0.00000001,btc,35213464.09888437,0.0,1.1244606434806745,29
1,[],4,[],2019-05-24 00:29:05,15296847.16613377,0.00000006,0.000000000004715982000000001,7676032,2019-05-24 00:29:05,btc,2.6501728708428205,0.0,0.00000006,btc,2155303.27704295,0.00212151,0.173017961265676,30
0,[],17,[],2019-05-03 01:11:25,0.0,0,0,7559066,2019-05-03 01:11:25,btc,0.0,0.0,0,btc,0.0,0.0,0.0,30
1,[],4,[],2019-05-24 00:31:07,114003.20630239,0.00004935,0.000000003878895195,7676033,2019-05-24 00:31:07,btc,3.750058398971634,0.0,0.00004935,btc,45143.98636591,1.58056294,0.3770265933465953,31
1,[],21,[],2019-05-24 00:31:08,89357.90443246,0.00005020000000000000048121229224,0.000000003945704940000001,7676034,2019-05-24 00:31:08,btc,3.9119988366930514,210650.37645397,0.00005020000000000000048121229223596628798986785113811492919921875,btc,69404.70187632,10.56132067,3.60984910889785,31
0,[],2,[],2019-01-20 23:28:43,0.0,0,0,6477009,2019-01-20 23:28:43,,0.0,0.0,0,,0.0,0.0,0.0,32
0,[],4,[],2019-05-24 00:31:09,0.0,0,0,7676035,2019-05-24 00:31:09,,0.0,0.0,0,,0.0,0.0,0.0,33
1,[],12,[],2019-03-30 07:55:10,40641173.964,0.00000003,0.000000000001228359,7108785,2019-03-30 07:55:10,btc,4233210.82356125,0.0,0.00000003,btc,28378394.68333462,0.0126927883965248,0.90752895892,33
0.00000000011300030000000002,[],4,[],2019-05-24 00:31:11,32630200.896127,2.260006e-17,1.776357935982e-21,7676036,2019-05-24 00:31:11,ltc,3.5068723044626076,0.0,0.0000002,ltc,156138122.4696902,0.0,1.261740715736979e-10,34
1,[],5,[],2019-05-24 00:31:13,0.0,0,0,7676037,2019-05-24 00:31:13,btc,0.0,0.0,0,btc,0.0,0.0,0.0,34
0.0000000002926451,[],17,[],2019-05-02 18:17:47,200000.0,2.9264510000000002e-18,1.596703856561e-22,7556430,2019-05-02 18:17:47,eth,0.20942468735267253,0.0,0.00000001,"btc,eth",1018272.20243647,0.0,5.852902e-13,36
0.00000000011300030000000002,[],4,[],2019-05-24 00:31:14,13738200.57311783,1.130003e-18,8.881789679910001e-23,7676038,2019-05-24 00:31:14,ltc,4.0938836100117396e-08,0.0,0.00000001,ltc,7493227762.067634,0.0,1.552420786222487e-11,36
1,[],5,[],2019-05-24 00:31:15,0.0,0,0,7676039,2019-05-24 00:31:15,btc,0.0,0.0,0,btc,0.0,0.0,0.0,36
0.0000000003114906,[],27,[],2019-05-24 00:33:23,127477081.004,6.229812e-18,4.896613542564e-22,7676040,2019-05-24 00:33:23,eth,1671.29985018,2541819017.163999,0.00000002,"ltc,eth",17425469.0,1.1250617039235912e-08,4.5679519803406004e-10,36
1,[],4,[],2019-05-24 00:33:24,10088265.74980793,0.00000017,0.000000000013361949,7676041,2019-05-24 00:33:24,btc,19772.596009299992,0.0,0.00000017,btc,787543.48121193,0.00473806,0.1492005602913709,37
1,[],12,[],2019-05-24 00:33:24,3962359.52500001,0.00000017,0.000000000013361949,7676042,2019-05-24 00:33:24,btc,5.451153267221814,0.0,0.00000017,btc,877945.88444487,0.0250119116735866,0.2026772492500017,37
1,[],27,[],2019-05-24 00:35:32,1600.0,0.00000015,0.000000000011789955,7676043,2019-05-24 00:35:32,btc,24.12156123602533,0.0,0.00000015,btc,5842.04443503,0.0,3e-05,37
1,[],17,[],2019-05-03 01:11:36,211752.74075282,0.00000025,0.000000000013700074999999998,7559074,2019-05-03 01:11:36,btc,0.055484923955058496,0.0,0.00000025,"btc,eth",1387.19918473,0.0,0.0005381851887916605,37
1,[],5,[],2019-05-24 00:35:34,0.0,0,0,7676044,2019-05-24 00:35:34,btc,0.0,0.00236347,0,btc,0.0,0.0,0.0,42
1,[],12,[],2019-05-24 00:35:35,25831.54925042,0.00000099,0.00000000007781370300000001,7676045,2019-05-24 00:35:35,btc,24.36511060960955,0.0,0.00000099,btc,43524.98091318,0.0243362955623802,0.0141695599999658,42
1,[],27,[],2019-05-24 00:35:44,806.0,0.00000100,0.0000000000785997,7676046,2019-05-24 00:35:44,btc,0.5699845831768,0.0,0.00000100,"btc,eth",1183.4448157,0.0,0.00020600000048455477,42
1,[],12,[],2019-03-13 09:13:29,1112112.0,0.00000001,0.000000000000386531,6919902,2019-03-13 09:13:29,btc,29058.00478931866,0.0,0.00000001,btc,5967681.93306694,9.99000999e-07,0.01112112,43
1,[],5,[],2019-04-26 22:38:52,0.0,0,0,7474154,2019-04-26 22:38:52,btc,0.0,0.02638891,0,btc,0.0,0.0,0.0,43
0,[],17,[],2019-04-26 22:38:53,0.0,0,0,7474155,2019-04-26 22:38:53,btc,0.0,0.0,0,btc,0.0,0.0,0.0,43
1,[],12,[],2019-03-05 01:54:08,639326.02,0.00000004,0.000000000001486676,6845775,2019-03-05 01:54:08,btc,11116042.728239931,0.0,0.00000004,btc,1103841.4595604,0.0003330765234764,0.014975410599999999,44
1,[],4,[],2019-05-24 00:35:45,117567678.43752708,0.00000001,0.0000000000007859970000000001,7676047,2019-05-24 00:35:45,btc,291324.2202379515,0.0,0.00000001,"btc,ltc",26162134.60369327,0.00010119,0.10764887715009261,49
0.00000000011300030000000002,[],4,[],2019-05-24 00:35:46,96070434.14689314,4.8590129000000004e-17,3.819169562361301e-21,7676048,2019-05-24 00:35:46,ltc,21909.46197154536,0.0,0.00000043,ltc,152295878.72077298,0.00011021,5.046932440619726e-10,52
0,[],22,[],2019-05-24 00:35:49,0.0,0,0,7676049,2019-05-24 00:35:49,,10289.55991011,0.0,0,,308568058.4566013,0.0,0.0,57
0,[],27,[],2019-05-24 00:35:56,0.0,0,0,7676050,2019-05-24 00:35:56,,0.0,0.0,0,"btc,eth",0.0,0.0,0.0,57
0.00000000011300030000000002,[],4,[],2019-05-24 00:35:57,3030928952.991031,1.130003e-18,8.881789679910001e-23,7676051,2019-05-24 00:35:57,ltc,19.263868074645096,0.0,0.00000001,ltc,6016416500.175698,0.0,3.4249588096667244e-09,58
1,[],12,[],2019-05-24 00:35:58,1241246808.0,0.0000000001,0.000000000000007859970000000001,7676052,2019-05-24 00:35:58,btc,734554.613838436,0.0,0.0000000001,btc,2106327996.8101897,0.013365036279520478,0.1241246808,58
0.00000000010819830000000001,[],22,[],2019-05-24 00:38:01,126877.0,1.0819830000000001e-18,8.504353920510001e-23,7676053,2019-05-24 00:38:01,XMR,68.17454206,0.0,0.00000001,XMR,9626402.6,0.0,0.00126877,58
1,[],17,[],2019-05-03 01:12:09,1200000.0,0.0000000001,0.00000000000000548003,7559085,2019-05-03 01:12:09,btc,1e+24,0.0,0.0000000001,"btc,eth",39516342.31952568,0.0,0.00010000000058666061,58
1,[],5,[],2019-05-24 00:38:03,0.0,0,0,7676054,2019-05-24 00:38:03,btc,0.0,3.1e-07,0,btc,0.0,0.0,0.0,61
1,[],22,[],2019-05-24 00:38:06,13613.833333333334,0.00000012,0.000000000009431964000000001,7676055,2019-05-24 00:38:06,BTC,1002.29590883,0.0,0.00000012,BTC,15092.180177125656,0.0,0.00153269,61
1,[],26,[],2019-05-24 00:38:07,0.0,0.00000050,0.00000000003929985,7676056,2019-05-24 00:38:07,btc,0.0,0.0,0.00000050,btc,0.0,0.0,0.0,61
1,[],27,[],2019-05-24 00:38:16,112138.0,0.0000002,0.00000000001571994,7676057,2019-05-24 00:38:16,btc,1.9501982264346656,0.0,0.0000002,"btc,eth",12657.40563696,0.0,0.0023812200003114907,61
0,[],28,[],2019-05-24 00:38:59,0.0,0,0,7676058,2019-05-24 00:38:59,,0.0,687.0,0,,0.0,0.0,0.0,61
1,[],4,[],2019-05-24 00:39:01,1165705.33128438,0.00000082,0.000000000064451754,7676059,2019-05-24 00:39:01,btc,2.5639085007388505,0.0,0.00000082,btc,839983.94575105,0.13824624,0.6975747418789447,67
0.0,[],25,[],2019-05-24 00:39:02,0.0,0,0,7676060,2019-05-24 00:39:02,,0.0,0.0,0.0,btc,0.0,0.0,0.0,67
1,[],12,[],2019-05-24 00:39:03,628609.0,0.00000007,0.0000000000055019790000000006,7676061,2019-05-24 00:39:03,btc,3.8114296048231835,0.0,0.00000007,btc,752083.17292716,0.0001844456843164,0.01224094,71
,[],5,[],2018-11-20 23:02:39,1.5e-07,0.00000005,0.000000000002128045,4862160,2018-11-20 23:02:39,btc,2.84511358,0.0,,btc,0.00036572,0.0,0.07381892,74
1,[],5,[],2019-05-24 00:39:05,0.0,0,0,7676062,2019-05-24 00:39:05,btc,0.0,0.03969417,0,btc,0.0,0.0,0.0,75
0,[],4,[],2019-05-24 00:39:06,0.0,0,0,7676063,2019-05-24 00:39:06,,133656.87703970782,0.0,0,,33424209.5909442,0.0,0.0,81
0,[],20,[],2019-01-25 09:30:31,0.0,0,0,6495923,2019-01-25 09:30:31,btc,0.0,0.0,0,btc,0.0,0.0,0.0,81
1,[],4,[],2019-05-24 00:39:07,29043.42828542,0.00006126,0.000000004815017622,7676064,2019-05-24 00:39:07,btc,18.598104966385744,0.0,0.00006126,btc,26468.43173674,0.11278538,0.525465840585869,82
1,[],21,[],2019-05-24 00:39:08,60977.01851245,0.00005983000000000000145362888393,0.000000004702620051000001,7676065,2019-05-24 00:39:08,btc,3.6518402828905807,5607.51357147,0.00005983000000000000145362888392952527283341623842716217041015625,btc,49781.3078876,0.342059,1.6019571132355808,82
0,[],17,[],2019-03-25 22:42:34,0.0,0,0,7038780,2019-03-25 22:42:34,btc,0.0445064681804024,0.0,0,btc,995513.18476001,0.0,0.0,84
0.0000000001161485,[],4,[],2019-05-20 13:09:39,216715621.0206096,1.161485e-18,9.0533806701e-23,7657228,2019-05-20 13:09:39,ltc,1.6511566870244727,0.0,0.00000001,ltc,471032407.9048656,0.0,2.5171194308112273e-10,85
,[],22,[],2018-11-20 23:09:34,3408.1,0.0000001,0.0000000000041895,4862324,2018-11-20 23:09:34,BTC,0.04624735,0.0,,BTC,4990.0,0.0,0.00033081,86
1,[],22,[],2019-05-24 00:39:12,65156.0,0.00000001,0.0000000000007859970000000001,7676066,2019-05-24 00:39:12,BTC,1.45608405,0.0,0.00000001,BTC,314587.29736842104,0.00020843,0.00065156,87
0,[],27,[],2019-05-24 00:39:17,0.0,0,0,7676067,2019-05-24 00:39:17,,4.961732754776,0.0,0,btc,24439.09041,0.0,0.0,87
,[],2,[],2018-11-20 23:10:47,0.0,0,0,4862359,2018-11-20 23:10:47,,0.0,0.0,,,0.0,0.0,0.0,88
1,[],11,[],2019-05-24 00:39:19,74972.15212044,0.000112440000000000000883459971845468317042104899883270263671875,0.000000008837750268000001,7676068,2019-05-24 00:39:19,btc,180.5268089774662,9.47600394,0.000112440000000000000883459971845468317042104899883270263671875,btc,201161.84600928,0.0,4.732122636113971,89
0,[],2,[],2019-01-20 23:31:45,0.0,0,0,6477083,2019-01-20 23:31:45,,0.0,0.0,0,,0.0,0.0,0.0,91
1,[],12,[],2019-05-24 00:39:20,187224.76,0.00000036,0.000000000028295892000000002,7676069,2019-05-24 00:39:20,btc,84.74115385742563,0.0,0.00000036,btc,51282.41151743,0.0004867637966503,0.0214820233,91
1,[],22,[],2019-05-24 00:41:26,75910.55,0.0000002,0.00000000001571994,7676070,2019-05-24 00:41:26,BTC,0.495,0.0,0.0000002,"BTC,LTC",4.95,0.0,0.00165931,91
0,[],17,[],2019-05-03 01:12:26,0.0,0,0,7559096,2019-05-03 01:12:26,btc,0.0,0.0,0,btc,0.0,0.0,0.0,91
1,[],22,[],2019-04-09 20:17:52,374949.73333333334,0.00000015,0.000000000007771935,7235704,2019-04-09 20:17:52,BTC,6.87372503,0.0,0.00000015,"BTC,LTC",159980.01196797504,1.1e-05,0.80510266,95
0.00000000011300030000000002,[],4,[],2019-05-24 00:41:27,541017126.3821362,4.2940114000000004e-17,3.3750800783658006e-21,7676071,2019-05-24 00:41:27,ltc,11.360096735933489,0.0,0.00000038,ltc,149170608.59070462,0.00014948,7.794687595496671e-10,96
0,[],12,[],2019-05-24 00:41:30,0.0,0,0,7676072,2019-05-24 00:41:30,btc,2.46420943,0.0,0,btc,4836990.0,0.0,0.0,96
0,[],17,[],2019-05-03 01:12:32,0.0,0,0,7559100,2019-05-03 01:12:32,btc,0.0,0.0,0,btc,0.0,0.0,0.0,96
1,[],4,[],2019-04-14 03:32:46,1039404.33283278,0.00000038,0.000000000019245518,7293458,2019-04-14 03:32:46,btc,4.170086055365747,0.0,0.00000038,btc,3097704.34561074,0.06260606,0.1859928211030784,99
0,[],2,[],2019-01-20 23:23:55,0.0,0,0,6476914,2019-01-20 23:23:55,,0.0,0.0,0,,0.0,0.0,0.0,100
1,[],4,[],2019-05-24 00:43:35,182881.50215917,0.00002251,0.000000001769279247,7676073,2019-05-24 00:43:35,btc,7.27753379882548,0.0,0.00002251,btc,140243.83008606,0.16451241,0.5740325527460078,100
1,[],22,[],2019-05-24 00:43:40,150000.0,0.00000002,0.0000000000015719940000000001,7676074,2019-05-24 00:43:40,BTC,24.83526409,0.0,0.00000002,BTC,11187.719,0.0,0.0017,101
1,[],4,[],2019-05-24 00:43:41,679216.35091385,0.00000176,0.000000000138335472,7676075,2019-05-24 00:43:41,btc,362.9868604330239,0.0,0.00000176,btc,653045.03877284,0.09202749,0.3343804815592289,103
1,[],12,[],2019-05-24 00:43:43,24036284.0,0.000000004,0.0000000000003143988,7676076,2019-05-24 00:43:43,btc,551.4602812839619,0.0,0.000000004,btc,43449140.60865134,0.0067569582937063,0.038602307,105
0,[],27,[],2019-05-24 00:43:48,0.0,0,0,7676077,2019-05-24 00:43:48,,0.2585948473531397,0.0,0,btc,622853.35947933,0.0,0.0,105
1,[],22,[],2019-04-21 00:17:26,21333.0,0.00000001,0.000000000000532493,7385819,2019-04-21 00:17:26,BTC,51.38182867,0.0,0.00000001,BTC,470435.0,0.0,0.00021333,107
1,[],26,[],2019-04-21 00:17:26,0.0,0.00000000,0,7385820,2019-04-21 00:17:26,btc,0.0,0.0,0.00000000,btc,0.0,0.0,0.0,107
1,[],5,[],2019-05-24 00:43:50,0.0,0,0,7676078,2019-05-24 00:43:50,btc,0.0,0.0,0,btc,0.0,0.0,0.0,112
0,[],22,[],2019-05-24 00:43:52,0.0,0,0,7676079,2019-05-24 00:43:52,,2.79635781,0.0,0,,3274992.0833333335,0.0,0.0,112
1,[],27,[],2019-05-24 00:43:58,1.0,0.00000001,0.0000000000007859970000000001,7676080,2019-05-24 00:43:58,btc,1.15032588,0.0,0.00000001,"btc,eth",1818.0,0.0,1e-08,112
1,[],4,[],2019-05-24 00:43:59,607277.33122019,0.00000106,0.000000000083315682,7676081,2019-05-24 00:43:59,btc,4.64899301590634,0.0,0.00000106,btc,588543.44963164,0.02083516,0.346794225282561,113
1,[],5,[],2019-05-24 00:44:00,0.0,0,0,7676082,2019-05-24 00:44:00,btc,0.0,0.0,0,btc,0.0,0.0,0.0,113
1,[],17,[],2019-04-26 02:17:47,162738.278,0.00000004,0.0000000000021069000000000002,7461287,2019-04-26 02:17:47,btc,1.3331140273775473,0.0,0.00000004,btc,51796.221,0.0,0.00230953112,116
1,[],27,[],2019-05-22 05:13:01,210000.0,0.00000001,0.00000000000079145,7666372,2019-05-22 05:13:01,btc,3919.0005001478,0.0,0.00000001,btc,128660.871,0.0,0.0021,116
1,[],4,[],2019-05-21 22:31:11,138169.03963019,0.00000701,0.000000000558364025,7664793,2019-05-21 22:31:11,btc,150.95388250938234,0.0,0.00000701,btc,344631.17141974,0.07552974,0.4288357684941946,120
1,[],7,[],2019-05-21 22:31:12,3901.07750076,0.000010679999999999999389654892212320191902108490467071533203125,0.0000000008506887,7664794,2019-05-21 22:31:12,btc,231188.94669936574,0.0,0.000010679999999999999389654892212320191902108490467071533203125,btc,4133.83151364,0.0,0.0113888422364489,120
1,[],20,[],2019-04-07 18:42:29,1914137.0852,0.000000035,0.0000000000017871910000000002,7211992,2019-04-07 18:42:29,btc,32.2497668025648,25528.85,0.000000035,btc,1001975.4986,0.00089350975,0.0152723574729,125
1,[],22,[],2019-05-24 00:44:04,10000.0,0.00000001,0.0000000000007859970000000001,7676083,2019-05-24 00:44:04,BTC,0.032061,0.0,0.00000001,BTC,299316.7611111111,0.0,0.0001,126
0,[],2,[],2019-01-20 23:25:46,0.0,0,0,6476969,2019-01-20 23:25:46,,0.0,0.0,0,,0.0,0.0,0.0,131
1,[],4,[],2019-05-24 00:44:05,2178136.09859795,0.00000570,0.00000000044801829,7676084,2019-05-24 00:44:05,btc,3.2501842504471563,0.0,0.00000570,btc,178674.993873,0.09192144,0.4136574734399411,131
1,[],17,[],2019-05-03 01:13:10,10000.0,0.00000001,0.000000000000548003,7559115,2019-05-03 01:13:10,btc,0.0953976503951408,0.0,0.00000001,btc,5037.62507334,0.0,0.0001,131
1,[],4,[],2019-05-24 00:46:06,4749.62486994,0.00007921,0.000000006225882237,7676085,2019-05-24 00:46:06,btc,5.032888981561924,0.0,0.00007921,btc,203.84599175,0.0,0.0081162159694561,135
1,[],3,[],2019-05-22 20:57:20,456341.0025,0.00000002,0.0000000000015658540000000001,7670196,2019-05-22 20:57:20,btc,0.2168360115270351,986846.107254,0.00000002,btc,1789524.65154488,0.0,0.004663410025,136
1,[],4,[],2019-05-24 00:46:08,2450985.89751555,0.00000188,0.00000000014776743600000002,7676086,2019-05-24 00:46:08,btc,106.77189575026854,0.0,0.00000188,btc,444015.54535713,0.00422208,0.5303508979149608,137
1,[],12,[],2019-05-24 00:46:10,70741.13978495,0.00000093,0.00000000007309772100000001,7676087,2019-05-24 00:46:10,btc,0.0223852533612822,0.0,0.00000093,btc,4339.70493632,4.655e-05,0.0059509100000035,137
1,[],4,[],2019-05-24 00:46:11,96404.72873511,0.00001671,0.000000001313400987,7676088,2019-05-24 00:46:11,btc,9.809818208037566,0.0,0.00001671,btc,141634.47840398,0.44697018,1.0415723029765753,142
1,[],5,[],2019-05-24 00:46:12,0.0,0,0,7676089,2019-05-24 00:46:12,btc,0.0,0.00668126,0,btc,0.0,0.0,0.0,142
1,[],20,[],2019-05-24 00:48:14,219653.186,0.000015,0.0000000011789955,7676090,2019-05-24 00:48:14,btc,1.6080680218324,0.05,0.000015,btc,9788.8796,7.6533e-07,0.0260340778957,142
1,[],22,[],2019-05-24 00:48:17,11028.645,0.00001000,0.0000000007859970000000001,7676091,2019-05-24 00:48:17,BTC,3.2754788,0.0,0.00001000,BTC,1133.9993657797618,0.0,0.00745365,142
0.0,[],25,[],2019-05-24 00:48:19,0.0,0,0,7676092,2019-05-24 00:48:19,,0.0,0.0,0.0,btc,0.0,0.0,0.0,142
0,[],28,[],2019-05-24 00:49:07,0.0,0,0,7676093,2019-05-24 00:49:07,,0.0,0.0,0,,0.0,0.0,0.0,142
1,[],17,[],2019-05-03 01:13:16,32967.38636364,0.00000088,0.000000000048224264,7559122,2019-05-03 01:13:16,btc,20.06976206696776,0.0,0.00000088,btc,2746.079105,0.0,0.0105613000000032,142
0,[],22,[],2019-05-24 00:49:11,0.0,0,0,7676094,2019-05-24 00:49:11,,65.7671051,0.0,0,,846980922.8,0.0,0.0,143
0,[],22,[],2019-02-25 15:42:22,0.0,0,0,6783783,2019-02-25 15:42:22,,4.2131946,0.0,0,,2322156.0,0.0,0.0,146
,[],22,[],2018-11-20 23:01:11,0.0,0,0,4862114,2018-11-20 23:01:11,,2.56807021,0.0,,,61828.4988236,0.0,0.0,147
1,[],12,[],2019-04-21 06:38:04,193091.5971266,0.00000071,0.000000000037635183,7388679,2019-04-21 06:38:04,btc,2.301232411611175,0.0,0.00000071,btc,9957.48302385,0.00023528,0.0313308199999888,148
1,[],4,[],2019-03-19 21:31:25,255810.0415942,0.00000029,0.000000000011615747,6982695,2019-03-19 21:31:25,btc,218.94922712414143,0.0,0.00000029,btc,793529.37642722,0.00117,0.0608347789473395,152
0,[],22,[],2019-03-19 21:31:27,0.0,0,0,6982696,2019-03-19 21:31:27,,0.0,0.0,0,,0.0,0.0,0.0,152
1,[],5,[],2019-04-26 09:36:59,0.0,0,0,7465040,2019-04-26 09:36:59,btc,0.0,0.0,0,btc,0.0,0.0,0.0,153
,[],16,[],2019-01-11 15:38:59,0.0,0,0,6366141,2019-01-11 15:38:59,btc,0.0,0.0,,btc,0.0,0.0,0.0,155
0,[],23,[],2019-01-20 23:24:29,0.0,0,0,6476932,2019-01-20 23:24:29,,0.0,0.0,0,,0.0,0.0,0.0,156
0,[],22,[],2019-05-24 00:49:15,0.0,0,0,7676095,2019-05-24 00:49:15,,6.80428744,0.0,0,,4677994.942592593,0.0,0.0,156
1,[],22,[],2019-05-24 00:49:18,7066.0,0.00000800,0.0000000006287976,7676096,2019-05-24 00:49:18,BTC,1.79802465,0.0,0.00000800,BTC,802.6461988741639,0.0,0.00062996,157
0,[],22,[],2019-05-21 23:40:32,0.0,0,0,7665049,2019-05-21 23:40:32,,50234.60468402,0.0,0,,54786159.03179465,0.0,0.0,158
,[],17,[],2018-11-20 22:56:10,0.0,0,0,4861976,2018-11-20 22:56:10,btc,1.1265625,0.0,,btc,1000.0,0.0,0.0,159
,[],20,[],2018-11-20 22:56:12,0.0,0,0,4861977,2018-11-20 22:56:12,btc,11912.7940471,0.0,,btc,34413894.3617,0.0,0.0,159
1,[],12,[],2019-05-24 00:49:20,9783.01774293,0.0000017799999999999998982758153687200319836847484111785888671875,0.000000000139907466,7676097,2019-05-24 00:49:20,btc,149.80415005554752,0.0,0.0000017799999999999998982758153687200319836847484111785888671875,btc,1116.07481518,0.017828907552488,0.0120151859999125,168
1,[],17,[],2019-05-03 01:13:36,42852.0,0.00000002,0.000000000001096006,7559132,2019-05-03 01:13:36,btc,0.04279856251542,0.0,0.00000002,btc,274.46171372,0.0,0.00052852,168
1,[],22,[],2019-05-17 03:01:52,10.0,0.00000001,0.000000000000778341,7642059,2019-05-17 03:01:52,BTC,41.95893009,0.0,0.00000001,BTC,1753972.7737547632,0.0,1e-07,169
1,[],22,[],2019-05-24 00:51:23,288172.6,0.00000005,0.000000000003929985,7676098,2019-05-24 00:51:23,BTC,27.86167578,0.0,0.00000005,BTC,450503.58519413596,0.00014242,0.00561483,171
1,[],22,[],2019-05-24 00:51:27,389395.0,0.00000002,0.0000000000015719940000000001,7676099,2019-05-24 00:51:27,BTC,24.3997339,0.0,0.00000002,"BTC,LTC",1038934.9936183414,0.0,0.0054799,173
1,[],5,[],2019-05-24 00:51:30,0.0,0,0,7676100,2019-05-24 00:51:30,btc,0.0,0.01067358,0,btc,0.0,0.0,0.0,175
1,[],22,[],2019-05-24 00:51:34,90671.0,0.00000001,0.0000000000007859970000000001,7676101,2019-05-24 00:51:34,BTC,394.35459412,0.0,0.00000001,BTC,136275.61833431243,0.0,0.00090671,176
1,[],7,[],2019-05-24 00:51:56,0.0,0,0,7676102,2019-05-24 00:51:56,btc,522274.2789885729,1000.0,0,btc,28589999.08886601,1e-05,0.0,178
0,[],22,[],2019-05-24 00:51:59,0.0,0,0,7676103,2019-05-24 00:51:59,,1.00242428,0.0,0,,57512.0,0.0,0.0,178
0,[],2,[],2019-01-20 23:28:34,0.0,0,0,6477001,2019-01-20 23:28:34,,0.0,0.0,0,,0.0,0.0,0.0,178
0,[],23,[],2019-01-20 23:25:08,0.0,0,0,6476952,2019-01-20 23:25:08,,0.0,0.0,0,,0.0,0.0,0.0,179
1,[],5,[],2019-05-24 00:52:01,0.0,0,0,7676104,2019-05-24 00:52:01,btc,0.0,0.02251995,0,btc,0.0,0.0,0.0,179
0,[],22,[],2019-05-24 00:52:04,0.0,0,0,7676105,2019-05-24 00:52:04,,5.31386491,0.0,0,,13362087.311946675,0.0,0.0,179
1,[],22,[],2019-05-24 00:54:08,660627.8612936083,0.00000119,0.000000000093533643,7676106,2019-05-24 00:54:08,BTC,39.28441946,0.0,0.00000119,"BTC,LTC",145518.2539508663,0.00597341,0.56011084,180
1,[],26,[],2019-05-24 00:54:08,0.0,0.00000250,0.00000000019649925000000001,7676107,2019-05-24 00:54:08,btc,0.0,50.0,0.00000250,btc,0.0,0.0,0.0,180
1,[],17,[],2019-05-03 01:13:56,20504.725000000002,0.0000001,0.00000000000548003,7559141,2019-05-03 01:13:56,btc,5.2010695838400265,0.0,0.0000001,btc,5033.45945,0.0,0.0011504725,180
,[],7,[],2018-11-20 22:58:01,562227.975654,0.00000085,0.000000000036176765,4862015,2018-11-20 22:58:01,btc,21836.6059674,2491.87645172,,btc,749999.041456,0.00211021,0.127565380455,183
,[],5,[],2019-01-10 08:11:41,0.0,0,0,6347036,2019-01-10 08:11:41,btc,82.15055501,0.00261,,btc,1.19002445,0.0,0.0,187
,[],17,[],2018-11-16 20:58:10,4062536.27273,0.00000001,0.000000000000550501,4708775,2018-11-16 20:58:10,btc,3.36492563466,0.195460381006,,"btc,eth",110697919.549,0.0,0.0157628953496,187
1,[],24,[],2019-05-22 21:04:52,0.0,0.000000000014,0.0000000000000010960978,7670219,2019-05-22 21:04:52,btc,0.0,0.0,0.000000000014,btc,0.0,0.0,0.0,187
0,[],22,[],2019-04-25 02:54:07,0.0,0,0,7447896,2019-04-25 02:54:07,,7.54794454,0.0,0,,76361.7243344055,0.0,0.0,191
0,[],22,[],2019-05-24 00:54:16,0.0,0,0,7676108,2019-05-24 00:54:16,,0.0,0.0,0,,0.0,0.0,0.0,197
0,[],23,[],2019-01-20 23:31:41,0.0,0,0,6477079,2019-01-20 23:31:41,,0.0,0.0,0,,0.0,0.0,0.0,199
0,[],22,[],2019-05-24 00:54:19,0.0,0,0,7676109,2019-05-24 00:54:19,,10.24020274,0.0,0,,85004504.0,0.0,0.0,199
1,[],26,[],2019-05-24 00:54:19,0.0,0.00000000,0,7676110,2019-05-24 00:54:19,btc,0.0,0.0,0.00000000,btc,0.0,0.0,0.0,199
0,[],2,[],2019-01-20 23:30:49,0.0,0,0,6477059,2019-01-20 23:30:49,,0.0,0.0,0,,0.0,0.0,0.0,201
1,[],4,[],2019-01-25 15:51:35,2084389.58565343,0.00000936,0.000000000333526752,6499557,2019-01-25 15:51:35,btc,2.0092503037378524,0.0,0.00000936,btc,160195.80207885,0.19272417,1.242687955921835,211
1,[],7,[],2019-05-24 00:54:23,22490388.35073659,0.00000026,0.000000000020435922,7676111,2019-05-24 00:54:23,btc,15200499.362743918,2454833.5231,0.00000026,btc,9893161.78106998,0.0,1.3555892163557939,212
1,[],12,[],2019-01-25 02:44:32,207462.42853209,0.000001080000000000000035831255497387193287295303889550268650054931640625,0.000000000038610756000000006,6493050,2019-01-25 02:44:32,btc,85023.03793723314,0.0,0.000001080000000000000035831255497387193287295303889550268650054931640625,btc,43675.73520027,0.000146250909087,0.0348620860622024,213
1,[],5,[],2019-05-24 00:54:24,0.0,0,0,7676112,2019-05-24 00:54:24,btc,0.0,0.04557,0,btc,0.0,0.0,0.0,213
1,[],24,[],2019-05-24 00:54:25,0.0,0.000000090000,0.0000000000070739730000000005,7676113,2019-05-24 00:54:25,btc,0.0,0.0,0.000000090000,btc,0.0,0.0,0.0,213
1,[],26,[],2019-05-24 00:54:25,0.0,0.00000040,0.00000000003143988,7676114,2019-05-24 00:54:25,btc,0.0,0.0,0.00000040,btc,0.0,0.0,0.0,213
0,[],22,[],2019-05-24 00:54:28,0.0,0,0,7676115,2019-05-24 00:54:28,,9.61235386,0.0,0,,3451587.094064925,0.0,0.0,216
0,[],27,[],2019-05-24 00:54:37,0.0,0,0,7676116,2019-05-24 00:54:37,,66.3989166180052,0.0,0,"btc,ltc",417200.40768,0.0,0.0,216
1,[],22,[],2019-05-24 00:54:40,287214.9,0.0000002,0.00000000001571994,7676117,2019-05-24 00:54:40,BTC,12054.79254866,0.0,0.0000002,BTC,428996.1724419661,0.00019255,0.03097322,217
1,[],7,[],2019-05-24 00:54:42,0.0,0,0,7676118,2019-05-24 00:54:42,btc,1234864.1744444147,0.0,0,btc,162514363.92083928,0.0,0.0,219
0,[],27,[],2019-05-24 00:54:50,0.0,0,0,7676119,2019-05-24 00:54:50,,0.105466823472,0.0,0,btc,3058319.8967,0.0,0.0,219
0,[],28,[],2019-05-24 00:55:41,0.0,0,0,7676120,2019-05-24 00:55:41,,0.0,16083.0,0,,0.0,0.0,0.0,219
1,[],22,[],2019-05-23 16:41:05,172069.0,0.00000004,0.0000000000031167080000000004,7674065,2019-05-23 16:41:05,BTC,56.76466137,0.0,0.00000004,BTC,127061.6482738741,0.0,0.00393676,221
1,[],24,[],2019-05-23 16:41:05,0.0,0.000000010000,0.0000000000007791770000000001,7674066,2019-05-23 16:41:05,btc,0.0,0.0,0.000000010000,btc,0.0,0.0,0.0,221
1,[],20,[],2019-05-24 00:55:44,3195268.4812,0.000000001,0.0000000000000785997,7676121,2019-05-24 00:55:44,btc,100049.79834986581,15285873.4,0.000000001,btc,36050697.7516,0.01890159979,0.0031952684812,224
0,[],22,[],2019-05-24 00:55:47,0.0,0,0,7676122,2019-05-24 00:55:47,,0.0,0.0,0,,0.0,0.0,0.0,224
1,[],26,[],2019-05-24 00:55:47,0.0,0.00000026,0.000000000020435922,7676123,2019-05-24 00:55:47,btc,0.0,0.0,0.00000026,btc,0.0,0.0,0.0,231
1,[],26,[],2019-05-24 00:55:48,0.0,0.00000006,0.000000000004715982000000001,7676124,2019-05-24 00:55:48,btc,0.0,0.0,0.00000006,btc,0.0,0.0,0.0,234
0,[],27,[],2019-05-24 00:55:56,0.0,0,0,7676125,2019-05-24 00:55:56,,0.01134836604,0.0,0,"btc,eth",11462.996,0.0,0.0,234
1,[],4,[],2019-05-22 17:06:12,91780.56053785,0.00000078,0.000000000061977552,7669277,2019-05-22 17:06:12,btc,5.573372450018177,0.0,0.00000078,btc,729173.93529783,0.0,0.0307060663355679,236
1,[],24,[],2019-05-22 17:06:12,0.0,0.000000010000,0.000000000000794584,7669278,2019-05-22 17:06:12,btc,0.0,0.0,0.000000010000,btc,0.0,0.0,0.0,236
1,[],5,[],2019-05-24 00:55:58,0.0,0,0,7676126,2019-05-24 00:55:58,btc,0.0,0.2588928,0,btc,0.0,0.0,0.0,237
1,[],20,[],2019-05-24 00:56:01,119795984.1172,0.000000043,0.0000000000033797871,7676127,2019-05-24 00:56:01,btc,58793.143838261254,16350750.6225,0.000000043,btc,41984855.7048,0.742496492678,0.428832163627,237
1,[],22,[],2019-05-24 00:56:05,363100.0,0.00000003,0.0000000000023579910000000003,7676128,2019-05-24 00:56:05,BTC,1.20267422,0.0,0.00000003,"BTC,LTC",17930.94871794872,0.0,0.009791,237
1,[],4,[],2019-05-24 00:56:07,27388697.03772501,0.00000012,0.000000000009431964000000001,7676129,2019-05-24 00:56:07,btc,2.957576205496604,0.0,0.00000012,btc,9761004.46024689,0.08219081,0.58929098866592,238
1,[],5,[],2019-05-24 00:56:08,0.0,0,0,7676130,2019-05-24 00:56:08,btc,0.0,0.00209403,0,btc,0.0,0.0,0.0,238
0,[],22,[],2019-03-12 16:49:32,0.0,0,0,6914458,2019-03-12 16:49:32,,0.40415746,0.0,0,,526736.5639027493,0.0,0.0,249
0,[],22,[],2019-05-24 00:56:11,0.0,0,0,7676131,2019-05-24 00:56:11,,13.39584725,0.0,0,,40977695.3426455,0.0,0.0,252
0,[],28,[],2019-05-24 00:56:46,0.0,0,0,7676132,2019-05-24 00:56:46,,0.0,171655.2665,0,,0.0,0.0,0.0,256
1,[],22,[],2019-05-24 00:56:49,1052904.0,0.00000001,0.0000000000007859970000000001,7676133,2019-05-24 00:56:49,BTC,21.85885958,0.0,0.00000001,BTC,542925.7509808998,0.0,0.01052904,258
1,[],22,[],2019-05-19 18:12:02,400.0,0.00000001,0.0000000000007957800000000001,7653905,2019-05-19 18:12:02,BTC,2.415167,0.0,0.00000001,BTC,157.0,0.0,4e-06,259
1,[],5,[],2019-05-24 00:56:51,0.0,0,0,7676134,2019-05-24 00:56:51,btc,0.0,0.00938815,0,btc,0.0,0.0,0.0,264
1,[],20,[],2019-05-24 00:56:53,903680.9643,0.000000387,0.0000000000304180839,7676135,2019-05-24 00:56:53,btc,1.0295095766546,1295.4,0.000000387,btc,122975.0288,0.0006258798,0.0079690633573,264
0,[],22,[],2019-04-12 17:57:27,0.0,0,0,7278186,2019-04-12 17:57:27,,66.37522201,0.0,0,,677842.4169881374,0.0,0.0,271
0,[],22,[],2019-05-24 00:56:58,0.0,0,0,7676136,2019-05-24 00:56:58,,33050467.4724609,0.0,0,,14361462970.7,0.0,0.0,272
0,[],28,[],2019-05-24 00:57:44,0.0,0,0,7676137,2019-05-24 00:57:44,,0.0,20616579780.0,0,,0.0,0.0,0.0,272
1,[],22,[],2019-05-23 07:12:29,219930.0,0.00000004,0.000000000003048688,7671985,2019-05-23 07:12:29,BTC,426.77835217,0.0,0.00000004,BTC,248664.3325962929,0.0,0.00739728,281
1,[],22,[],2019-05-24 00:57:52,1101926.4333333333,0.00000003,0.0000000000023579910000000003,7676138,2019-05-24 00:57:52,BTC,2.64913128,0.0,0.00000003,"BTC,LTC",842570.03032866,2.55e-06,0.0368192,286
0,[],22,[],2019-05-24 00:57:55,0.0,0,0,7676139,2019-05-24 00:57:55,,7337899.5475411,0.0,0,,1884356788.7797825,0.0,0.0,294
