pairValue,buyBook,exchangeId,sellBook,updated,buyTotal,satoshiPrice,usdPrice,exchangeLogId,created,bestPair,sellTotalBtc,volume,pairPrice,activePairs,sellTotal,volumeBtc,buyTotalBtc,coinId
1,[],3,[],2019-01-26 20:59:17,108.791719725828,0.0126968099999999993465760184108148678205907344818115234375,0.00000045193914290699994,6510127,2019-01-26 20:59:17,btc,106.95346425264145,0.0,0.0126968099999999993465760184108148678205907344818115234375,btc,12.864879154331001,0.0,0.12540148317828256,1
1,[],4,[],2019-01-26 20:59:18,25079.8900138,0.01273701,0.000000453370049847,6510128,2019-01-26 20:59:18,btc,0.8782785166397781,0.0,0.01273701,btc,62.16343171,0.25265449,1.2640113411992755,1
1,[],5,[],2019-01-26 20:59:20,0.20849832,0.01252177,0.000000445708646619,6510129,2019-01-26 20:59:20,btc,14578.47130877,0.00647586,0.01252177,btc,35555556.29096108,0.0,1.43168147,1
1,[],10,[],2019-01-26 20:59:22,271573.05462735,0.01240662,0.000000441609916914,6510130,2019-01-26 20:59:22,btc,6536.119488343483,1166.15826224,0.01240662,btc,876.61428974,0.0,3.890099743708792,1
1,[],12,[],2019-01-26 20:59:25,10414.30708548,0.01170000000000000033029134982598407077603042125701904296875,0.00000041645798999999997,6510131,2019-01-26 20:59:25,btc,0.4732562324977,0.0,0.01170000000000000033029134982598407077603042125701904296875,btc,31.27462077,0.0594646367574,0.079359301356,1
1,[],20,[],2019-01-26 20:59:27,1349.0193,0.0108,0.00000038442276,6510132,2019-01-26 20:59:27,btc,0.0559463483936,2.0,0.0108,btc,2.4781,0.02195100145,0.0927969622251,1
1,[],21,[],2019-01-26 20:59:28,2646.1805687,0.01275741000000000027747582010,0.000000454096181727,6510133,2019-01-26 20:59:28,btc,31.44977398873646,7540.2953485200005,0.0127574100000000002774758200985161238349974155426025390625,"btc,eth",2821.34758005,71.1381167257854,27.52165302297786,1
1,[],22,[],2019-01-26 20:59:32,0.0363776,0.01400000,0.0000004983258,6510134,2019-01-26 20:59:32,BTC,0.31387019,0.0,0.01400000,BTC,0.09333966666666667,0.0,0.00048472,1
1,[],24,[],2019-01-26 20:59:32,0.0,0.000000000000,0,6510135,2019-01-26 20:59:32,btc,0.0,0.0,0.000000000000,btc,0.0,0.0,0.0,1
0.0,[],25,[],2019-01-26 20:59:33,0.0,0,0,6510136,2019-01-26 20:59:33,btc,17.251699998290597,565.92531383,0.0,btc,1289.04146482,7.2967,0.0,1
1,[],26,[],2019-01-26 20:59:43,0.0,0,0,6510137,2019-01-26 20:59:43,,0.0,0.0,0,,0.0,0.0,0.0,1
1,[],28,[],2019-01-26 20:59:46,987.9,0.01131000,0.000000402576057,6510138,2019-01-26 20:59:46,btc,0.162839806,18014.25,0.01131000,btc,8.9,0.0,0.024551096,1
0,[],2,[],2019-01-20 23:28:45,0.0,0,0,6477011,2019-01-20 23:28:45,,0.0,0.0,0,,0.0,0.0,0.0,1
1,[],5,[],2019-01-26 21:55:23,0.0,0,0,6510329,2019-01-26 21:55:23,btc,0.0,0.00828397,0,btc,0.0,0.0,0.0,2
0,[],22,[],2019-01-26 21:55:26,0.0,0,0,6510330,2019-01-26 21:55:26,,0.0,0.0,0,,0.0,0.0,0.0,2
1,[],5,[],2019-01-26 21:55:27,1.25e-06,0.00000016,0.00000000000570176,6510331,2019-01-26 21:55:27,btc,3.91627136,0.65254244,0.00000016,btc,2.204e-05,0.0,1.98075992,3
1,[],12,[],2019-01-26 21:55:29,12626328.68991625,0.000000167,0.0000000000059512119999999996,6510332,2019-01-26 21:55:29,btc,921359.6046460917,0.0,0.000000167,btc,8212179.00358107,0.04262226922322383,0.569216906525435,3
0,[],28,[],2019-01-26 21:55:37,0.0,0,0,6510333,2019-01-26 21:55:37,,0.0,0.0,0,,0.0,0.0,0.0,3
0,[],2,[],2019-01-20 23:31:32,0.0,0,0,6477077,2019-01-20 23:31:32,,0.0,0.0,0,,0.0,0.0,0.0,4
1,[],4,[],2019-01-26 21:55:38,327382.07006486,0.00000039,0.00000000001389804,6510334,2019-01-26 21:55:38,btc,0.4521710626414568,0.0,0.00000039,btc,320347.40329112,0.04306174,0.0464097879263114,4
1,[],12,[],2019-01-25 15:53:49,1222127.5219999999,0.00000003,0.000000000001069017,6499609,2019-01-25 15:53:49,btc,11013867.817925906,0.0,0.00000003,btc,969763.77092902,0.0,0.01617509044,5
0,[],2,[],2019-01-20 23:31:51,0.0,0,0,6477087,2019-01-20 23:31:51,,0.0,0.0,0,,0.0,0.0,0.0,6
1,[],11,[],2019-01-26 21:55:40,3384831.0,0.00000001,0.00000000000035636,6510335,2019-01-26 21:55:40,btc,9432.823945997594,890188.0,0.00000001,btc,41675234.63059839,0.0,0.03384831,6
1,[],3,[],2019-01-26 21:55:40,1053.285082148516,0.00015054000000000000540623101841219977359287440776824951171875,0.00000000536464344,6510336,2019-01-26 21:55:40,btc,30.108593419388622,0.0,0.00015054000000000000540623101841219977359287440776824951171875,btc,231.077492617847,0.0,0.028528323718921555,7
1,[],4,[],2019-01-26 21:55:41,19129.15579823,0.00016200,0.000000005773032,6510337,2019-01-26 21:55:41,btc,1.9832535745491116,0.0,0.00016200,btc,11058.64108761,0.80259471,2.860259892728718,7
1,[],5,[],2019-01-26 21:55:42,0.00523344,0.00015709,0.00000000559805924,6510338,2019-01-26 21:55:42,btc,1.31337486,0.29507017,0.00015709,btc,0.01072955,0.0,1.47178756,7
1,[],20,[],2019-01-26 21:55:44,61771509.8802,0.000000001,0.000000000000035636,6510339,2019-01-26 21:55:44,btc,121.193338259396,0.0,0.000000001,btc,26031125.3262,0.0,0.0617715098802,8
1,[],1,[],2019-01-26 21:55:45,3815915.16,0.00000193000000000000015618582815957182674537762068212032318115234375,0.00000000006877748,6510340,2019-01-26 21:55:45,btc,10.8932534652,15495933.53,0.00000193000000000000015618582815957182674537762068212032318115234375,btc,5514497.33,29.89650276,7.2804326771,9
1,[],4,[],2019-01-26 21:55:45,477216.95999877,0.00000191,0.00000000006806476,6510341,2019-01-26 21:55:45,btc,1.0217432145301555,0.0,0.00000191,btc,514826.60929328,0.94989834,0.7291885500380259,9
1,[],28,[],2019-01-26 21:55:52,34500.0,0.00000165,0.0000000000587994,6510342,2019-01-26 21:55:52,btc,2708.7536406632,3649837.0,0.00000165,btc,8861.21,0.0,0.02854,9
0,[],2,[],2019-01-20 23:22:42,0.0,0,0,6476876,2019-01-20 23:22:42,,0.0,0.0,0,,0.0,0.0,0.0,9
0,[],23,[],2019-01-20 23:22:48,0.0,0,0,6476878,2019-01-20 23:22:48,,0.0,0.0,0,,0.0,0.0,0.0,9
1,[],4,[],2019-01-26 21:55:53,7150472.09026053,0.00000002,0.00000000000071272,6510343,2019-01-26 21:55:53,btc,0.2125378697456993,0.0,0.00000002,btc,4186157.28772456,0.00089994,0.0748388461052106,10
1,[],4,[],2019-01-26 21:55:54,2015119.23584457,0.00000143,0.00000000005095948,6510344,2019-01-26 21:55:54,btc,1.192732019680427,0.0,0.00000143,btc,792089.27990926,0.89916378,2.674262425226384,12
1,[],5,[],2019-01-26 21:55:55,1.803e-05,0.00000138,0.00000000004917768,6510345,2019-01-26 21:55:55,btc,0.17494709,0.49808071,0.00000138,btc,0.00011238,0.0,0.15975046,12
0.0,[],25,[],2019-01-26 21:55:56,0.0,0,0,6510346,2019-01-26 21:55:56,,0.0,0.0,0.0,btc,0.0,0.0,0.0,12
0,[],2,[],2019-01-20 23:23:08,0.0,0,0,6476890,2019-01-20 23:23:08,,0.0,0.0,0,,0.0,0.0,0.0,12
1,[],4,[],2019-01-26 21:55:56,309876.40198736,0.00000717,0.00000000025551012,6510347,2019-01-26 21:55:56,btc,0.5088632615811158,0.0,0.00000717,btc,65473.5966534,0.92942064,1.415974487241635,13
1,[],21,[],2019-01-26 21:56:00,1161064.21332057,0.000007469999999999999630204659817,0.00000000026620092,6510348,2019-01-26 21:56:00,btc,6.0576050925398786,1224996.60896434,0.000007469999999999999630204659817334089666474028490483760833740234375,btc,745850.47847581,8.84316525,7.687434412004769,13
1,[],10,[],2019-01-26 21:00:13,582954.12499838,0.00000685,0.00000000024382369499999996,6510158,2019-01-26 21:00:13,btc,666807.923528975,18907.1941204,0.00000685,btc,837506.51597684,0.0,0.8959386746779264,13
1,[],4,[],2019-01-26 21:56:01,715979.05023389,0.00000189,0.00000000006735204,6510349,2019-01-26 21:56:01,btc,0.1380947527100077,0.0,0.00000189,btc,55725.20312772,0.00470524,0.1528151142172596,14
1,[],12,[],2019-01-26 21:56:02,89912.47933816,0.0000017799999999999998982758153687200319836847484111785888671875,0.00000000006343207999999999,6510350,2019-01-26 21:56:02,btc,1.7865485859357924,0.0,0.0000017799999999999998982758153687200319836847484111785888671875,btc,37974.62220723,8.058545456e-05,0.0207888764838332,14
0,[],17,[],2019-01-26 21:56:04,0.0,0,0,6510351,2019-01-26 21:56:04,btc,0.0,0.0,0,btc,0.0,0.0,0.0,14
1,[],26,[],2019-01-26 21:56:13,0.0,0.00000020,0.0000000000071272,6510352,2019-01-26 21:56:13,btc,0.0,0.0,0.00000020,btc,0.0,0.0,0.0,14
0,[],4,[],2019-01-26 21:56:14,0.0,0,0,6510353,2019-01-26 21:56:14,,0.0,0.0,0,,0.0,0.0,0.0,15
,[],12,[],2018-12-01 15:15:48,204241.84496,0.00000489,0.000000000202473384,5260204,2018-12-01 15:15:48,btc,49.5475654835,0.0,,btc,35763.2193806,0.0163153972027625,0.0203389899998,15
1,[],4,[],2019-01-26 21:56:15,25617.24336766,0.00001783,0.00000000063538988,6510354,2019-01-26 21:56:15,btc,1.2108148687597404,0.0,0.00001783,btc,6570.58708225,0.00721512,0.0826713005913767,18
1,[],10,[],2019-01-26 21:56:17,390915.93843427,0.00001777,0.0000000006332517200000001,6510355,2019-01-26 21:56:17,btc,15.552966452146894,12555.1890139,0.00001777,btc,10408.70605928,0.0,0.1971787060810254,18
1,[],12,[],2019-01-26 21:56:18,200096.73352369,0.00001766000000000000032317030995709927765346947126090526580810546875,0.00000000062933176,6510356,2019-01-26 21:56:18,btc,0.1942511785929252,0.0,0.00001766000000000000032317030995709927765346947126090526580810546875,btc,1945.80643477,0.002677503077204,0.0158302432695987,18
0,[],17,[],2019-01-26 21:56:20,0.0,0,0,6510357,2019-01-26 21:56:20,btc,0.0,0.0,0,btc,0.0,0.0,0.0,18
0,[],2,[],2019-01-20 23:23:38,0.0,0,0,6476906,2019-01-20 23:23:38,,0.0,0.0,0,,0.0,0.0,0.0,18
1,[],3,[],2019-01-26 21:56:21,108852.37236620068,0.0000381099999999999993448296375930794965825043618679046630859375,0.00000000135808796,6510358,2019-01-26 21:56:21,btc,1.2539103422561992,1.33417085427,0.0000381099999999999993448296375930794965825043618679046630859375,btc,8295.084546752028,0.0,0.11579627793169818,19
1,[],4,[],2019-01-26 21:56:21,73466.29773633,0.00003985,0.0000000014200946,6510359,2019-01-26 21:56:21,btc,1.8164762793533873,0.0,0.00003985,btc,38433.12017819,0.43070875,1.669264950106851,19
1,[],5,[],2019-01-26 21:56:23,0.00029437,0.00003057,0.00000000108939252,6510360,2019-01-26 21:56:23,btc,0.30946149,0.0,0.00003057,btc,0.0035036,0.0,0.19117301,19
1,[],12,[],2019-01-26 21:56:24,129522.0,0.0000425099999999999978751719087455285261967219412326812744140625,0.0000000015148863599999998,6510361,2019-01-26 21:56:24,btc,1.9920909701320444,0.0,0.0000425099999999999978751719087455285261967219412326812744140625,btc,420.49251023,4.252e-05,0.03823323,19
0,[],27,[],2019-01-26 21:56:26,0.0,0,0,6510362,2019-01-26 21:56:26,,0.0,0.0,0,btc,0.0,0.0,0.0,19
0,[],2,[],2019-01-20 23:24:19,0.0,0,0,6476924,2019-01-20 23:24:19,,0.0,0.0,0,,0.0,0.0,0.0,19
1,[],4,[],2019-01-26 21:56:26,9464828.88497895,0.00000015,0.0000000000053454,6510363,2019-01-26 21:56:26,btc,0.8095706842479654,0.0,0.00000015,btc,1583112.29307681,0.00079885,0.3978655730068919,20
1,[],4,[],2019-01-26 21:56:27,127946034.63823025,0.00000002,0.00000000000071272,6510364,2019-01-26 21:56:27,btc,0.7760164551700173,0.0,0.00000002,btc,17798083.54381207,0.00106597,1.5687002769744454,21
1,[],12,[],2019-01-26 21:56:28,19517252.0,0.00000002,0.00000000000071272,6510365,2019-01-26 21:56:28,btc,668.0286468056955,0.0,0.00000002,btc,8017925.068933791,8.9910089916e-06,0.26328156,21
0,[],17,[],2019-01-26 21:56:30,0.0,0,0,6510366,2019-01-26 21:56:30,btc,0.0,0.0,0,btc,0.0,0.0,0.0,21
1,[],12,[],2019-01-26 21:56:31,4537142512.531896,0.0000000001,0.0000000000000035636,6510367,2019-01-26 21:56:31,btc,1721671101718.6587,0.0,0.0000000001,btc,6561856407.304927,0.02046173818441558,0.4537142512531896,23
0,[],27,[],2019-01-26 21:56:33,0.0,0,0,6510368,2019-01-26 21:56:33,,0.424699,0.0,0,eth,424699.0,0.0,0.0,23
1,[],4,[],2019-01-26 21:56:33,2230698.05535285,0.00000081,0.00000000002886516,6510369,2019-01-26 21:56:33,btc,0.1211013888925803,0.0,0.00000081,btc,93158.59390885,0.0097533,0.4389480230080128,24
1,[],22,[],2019-01-26 21:56:37,11.76,0.00000100,0.000000000035636,6510370,2019-01-26 21:56:37,BTC,7.415e-05,0.0,0.00000100,BTC,23.919354838709676,0.0,1.176e-05,24
0.0,[],25,[],2019-01-26 21:56:39,0.0,0,0,6510371,2019-01-26 21:56:39,,0.0,0.0,0.0,btc,0.0,0.0,0.0,24
1,[],4,[],2019-01-26 21:56:39,24054292.82023694,0.00000632,0.00000000022521952,6510372,2019-01-26 21:56:39,btc,0.4601959998066602,0.0,0.00000632,btc,37712.41495846,0.1727855,0.3454929116497113,26
1,[],10,[],2019-01-26 21:56:41,729252.96466234,0.00000717,0.00000000025551012,6510373,2019-01-26 21:56:41,btc,27.975662865978812,1379.411,0.00000717,btc,12551.86744572,0.0,0.2068368677364375,26
0,[],2,[],2019-01-20 23:25:56,0.0,0,0,6476976,2019-01-20 23:25:56,,0.0,0.0,0,,0.0,0.0,0.0,26
1,[],3,[],2019-01-26 21:56:42,8025973.51415143,0.00000001,0.00000000000035636,6510374,2019-01-26 21:56:42,btc,3.1227369975798007,19997.0,0.00000001,btc,18062817.99151056,0.0,0.0802597351415143,27
1,[],5,[],2019-01-26 21:56:44,1e-08,0.00000001,0.00000000000035636,6510375,2019-01-26 21:56:44,btc,2.61423842,0.0,0.00000001,btc,4.13e-05,0.0,0.02479358,27
1,[],11,[],2019-01-26 21:56:45,10597882.41182718,0.00000005,0.0000000000017818,6510376,2019-01-26 21:56:45,btc,370.53275036350783,1000.0,0.00000005,btc,8220964.80991447,0.0,0.4932896594767663,27
1,[],4,[],2019-01-26 21:56:45,271039667.4713569,0.00000003,0.00000000000106908,6510377,2019-01-26 21:56:45,btc,2.856457645127098,0.0,0.00000003,"btc,ltc",105260805.45604175,0.49860309,3.268016182357934,29
1,[],7,[],2019-01-26 21:56:46,39618933.60712395,0.00000003,0.00000000000106908,6510378,2019-01-26 21:56:46,btc,44465222.61769036,599347.501475,0.00000003,btc,39463982.36983226,0.01828774,0.7201209512843004,29
1,[],4,[],2019-01-26 21:56:48,1276905.56910992,0.00000036,0.00000000001282896,6510379,2019-01-26 21:56:48,btc,0.2820318427196787,0.0,0.00000036,btc,468247.36083899,0.01584166,0.0712000543749643,30
0,[],17,[],2019-01-26 21:56:49,0.0,0,0,6510380,2019-01-26 21:56:49,btc,0.0,0.0,0,btc,0.0,0.0,0.0,30
1,[],4,[],2019-01-26 21:56:50,33460.35526197,0.00009617,0.00000000342711412,6510381,2019-01-26 21:56:50,btc,1.0525616686129775,0.0,0.00009617,btc,9965.71454056,2.81250318,2.323661097724791,31
1,[],21,[],2019-01-26 21:56:51,88700.33702149,0.00009579999999999999757069324424,0.0000000034139288,6510382,2019-01-26 21:56:51,btc,11.056030593359328,703876.04561868,0.0000957999999999999975706932442420793449855409562587738037109375,btc,105371.77446153,67.46132167,8.02625323035936,31
0,[],2,[],2019-01-20 23:28:43,0.0,0,0,6477009,2019-01-20 23:28:43,,0.0,0.0,0,,0.0,0.0,0.0,32
1,[],4,[],2019-01-26 21:56:52,142030602.76913384,0.00000005,0.0000000000017818,6510383,2019-01-26 21:56:52,btc,0.3842244812263331,0.0,0.00000005,"btc,ltc",11088711.17525003,0.41057661,2.118763619451727,33
1,[],12,[],2019-01-26 21:56:52,24031418.0,0.00000006,0.00000000000213816,6510384,2019-01-26 21:56:52,btc,17261783.038258724,0.0,0.00000006,btc,87240093.6953046,0.0153046001398613,0.9510873,33
1,[],4,[],2019-01-25 15:51:47,121436519.49535657,0.00000002,0.000000000000712664,6499565,2019-01-25 15:51:47,btc,0.7770388655030004,0.0,0.00000002,btc,25623680.84561682,0.04566956,1.2289232726234858,34
1,[],5,[],2019-01-25 15:51:48,3e-08,0.00000002,0.000000000000712664,6499566,2019-01-25 15:51:48,btc,3.15691075,0.01219489,0.00000002,btc,1.394e-05,0.0,0.77186813,34
0.0000000000927197,[],4,[],2019-01-26 21:56:53,2255827307.9596395,3.7087879999999996e-18,1.32166369168e-22,6510385,2019-01-26 21:56:53,ltc,3.893842297084774e-09,0.0,0.00000004,ltc,692439354.7906792,0.0,6.404567614249296e-09,36
1,[],5,[],2019-01-26 21:56:54,0.0,0,0,6510386,2019-01-26 21:56:54,btc,202.42915247,0.0,0,btc,1.295e-05,0.0,0.0,36
0,[],17,[],2019-01-26 21:56:55,0.0,0,0,6510387,2019-01-26 21:56:55,btc,0.08200904494427998,0.0,0,btc,5842697.91583647,0.0,0.0,36
0.0000000000927197,[],27,[],2019-01-26 21:56:57,1000000.0,9.271969999999999e-19,3.3041592292e-23,6510388,2019-01-26 21:56:57,ltc,448.59281329,0.0,0.00000001,"ltc,eth",3710972.58,0.0,9.27197e-13,36
1,[],4,[],2019-01-26 21:56:58,423732.75108234,0.00000145,0.0000000000516722,6510389,2019-01-26 21:56:58,btc,0.4903596473100173,0.0,0.00000145,btc,264827.2369332,0.01701492,0.3756198958686346,37
1,[],12,[],2019-01-26 21:56:59,442920.83026493,0.000001430000000000000072932653839841155019030338735319674015045166015625,0.00000000005095948,6510390,2019-01-26 21:56:59,btc,1330.916527275545,0.0,0.000001430000000000000072932653839841155019030338735319674015045166015625,btc,769540.57918647,0.2210295930819027,0.32893558999999933,37
1,[],17,[],2019-01-26 21:57:00,1752.74075282,0.00000025,0.000000000008909,6510391,2019-01-26 21:57:00,btc,0.055487313973533334,0.0,0.00000025,btc,1388.79251806,0.0,0.00043818518820499993,37
1,[],27,[],2019-01-26 21:57:01,3640.0609574,0.00569910,0.0000002030931276,6510392,2019-01-26 21:57:01,btc,22.37095737308125,0.0,0.00569910,btc,2948.884381,0.0,0.000368193331273,37
1,[],5,[],2019-01-26 21:57:02,1.575e-05,0.00000130,0.0000000000463268,6510393,2019-01-26 21:57:02,btc,0.20716869,0.06240763,0.00000130,btc,0.00014806,0.0,0.05367235,42
1,[],12,[],2019-01-26 21:57:03,100597.57667684,0.000001239999999999999986239306026813977723577409051358699798583984375,0.00000000004418864,6510394,2019-01-26 21:57:03,btc,239.49494122421913,0.0,0.000001239999999999999986239306026813977723577409051358699798583984375,btc,103785.89436496,0.0463821356371684,0.034215929999914095,42
0.00000000032378990000000005,[],27,[],2019-01-26 21:57:05,1000.0,3.2378990000000004e-18,1.1538576876400002e-22,6510395,2019-01-26 21:57:05,eth,0.00315028,0.0,0.00000001,"btc,eth",11.007,0.0,3.2378990000000006e-15,42
1,[],5,[],2019-01-26 21:57:06,6e-08,0.00000003,0.00000000000106908,6510396,2019-01-26 21:57:06,btc,6.14624046,0.00780197,0.00000003,btc,1.425e-05,0.0,0.50932171,43
1,[],12,[],2019-01-26 21:57:07,6226107.0,0.00000002,0.00000000000071272,6510397,2019-01-26 21:57:07,btc,20007433.391401853,0.0,0.00000002,btc,40257164.40899101,0.0012281032367635,0.0646237,43
0,[],17,[],2019-01-26 21:57:08,0.0,0,0,6510398,2019-01-26 21:57:08,btc,0.0,0.0,0,btc,0.0,0.0,0.0,43
1,[],12,[],2019-01-26 21:57:09,761926.0,0.00000007,0.00000000000249452,6510399,2019-01-26 21:57:09,btc,11114761.219587628,0.0,0.00000007,btc,955810.89867649,8.4e-06,0.02038973,44
1,[],4,[],2019-01-26 21:57:10,237159217.1589629,0.00000003,0.00000000000106908,6510400,2019-01-26 21:57:10,btc,0.2188402531241635,0.0,0.00000003,"btc,ltc",6612297.84959688,0.00465228,0.5982138102746213,49
0.0000000000927197,[],4,[],2019-01-26 21:57:11,3898948774.259275,1.8543939999999998e-18,6.6083184584e-23,6510401,2019-01-26 21:57:11,ltc,4.994394634398198,0.0,0.00000002,ltc,2085854250.8566308,0.0,4.402414789529709e-09,52
0,[],22,[],2019-01-26 21:57:14,0.0,0,0,6510402,2019-01-26 21:57:14,,3693.92043704,0.0,0,,270535069.90882355,0.0,0.0,57
0,[],27,[],2019-01-26 21:57:16,0.0,0,0,6510403,2019-01-26 21:57:16,,0.0,0.0,0,"btc,eth",0.0,0.0,0.0,57
0.0000000000927197,[],4,[],2019-01-26 21:57:17,1447393014.8752828,6.490378999999999e-18,2.31291146044e-22,6510404,2019-01-26 21:57:17,ltc,3.3366770142645064,0.0,0.00000007,ltc,1155438299.563873,0.0,6.579209229519047e-09,58
1,[],12,[],2019-01-26 21:57:18,2661391549.282997,0.0000000007,0.0000000000000249452,6510405,2019-01-26 21:57:18,btc,624074821208.4436,0.0,0.0000000007,btc,2975314661.9121876,0.019640589942157824,1.107929186864563,58
0,[],17,[],2019-01-26 21:57:20,0.0,0,0,6510406,2019-01-26 21:57:20,btc,1e+24,0.0,0,btc,41616695.95832568,0.0,0.0,58
0.000000000126992,[],22,[],2019-01-26 21:57:23,137438.0,1.2699200000000001e-18,4.525486912e-23,6510407,2019-01-26 21:57:23,XMR,69.8835922,0.0,0.00000001,XMR,9887963.0,0.0,0.00137438,58
1,[],5,[],2019-01-26 21:57:24,5.19e-06,0.00000051,0.00000000001817436,6510408,2019-01-26 21:57:24,btc,0.44917133,0.00690088,0.00000051,btc,0.00011066,0.0,0.0409783,61
1,[],22,[],2019-01-26 21:57:28,5111.5,0.00000011,0.00000000000391996,6510409,2019-01-26 21:57:28,BTC,1002.29606732,0.0,0.00000011,BTC,15028.700278135757,0.0,0.00051178,61
1,[],26,[],2019-01-26 21:57:28,0.0,0.00000800,0.000000000285088,6510410,2019-01-26 21:57:28,btc,0.0,0.0,0.00000800,btc,0.0,0.0,0.0,61
0,[],27,[],2019-01-26 21:57:30,0.0,0,0,6510411,2019-01-26 21:57:30,,0.0,0.0,0,"btc,eth",0.0,0.0,0.0,61
1,[],28,[],2019-01-26 21:57:31,1923.782,0.00000023,0.00000000000819628,6510412,2019-01-26 21:57:31,btc,2.065678837430106,870.0,0.00000023,btc,11618.08240005,0.0,0.00017391298,61
1,[],4,[],2019-01-26 21:57:33,1416686.41111797,0.00000166,0.00000000005915576,6510413,2019-01-26 21:57:33,btc,0.4657069841121184,0.0,0.00000166,btc,178730.14210175,0.08824365,1.1293550594205317,67
0.0,[],25,[],2019-01-26 21:57:34,0.0,0,0,6510414,2019-01-26 21:57:34,,0.0,0.0,0.0,btc,0.0,0.0,0.0,67
1,[],12,[],2019-01-26 21:57:36,2581063.36454545,0.00000012,0.00000000000427632,6510415,2019-01-26 21:57:36,btc,16893709.20433252,0.0,0.00000012,btc,2128467.16243752,0.0029598952869441,0.0698884800999995,71
,[],5,[],2018-11-20 23:02:39,1.5e-07,0.00000005,0.000000000002128045,4862160,2018-11-20 23:02:39,btc,2.84511358,0.0,,btc,0.00036572,0.0,0.07381892,74
1,[],5,[],2019-01-25 15:53:51,3.303e-05,0.00000156,0.000000000055588884,6499610,2019-01-25 15:53:51,btc,1.42844212,0.0,0.00000156,btc,0.00015937,0.0,0.49487621,75
1,[],4,[],2019-01-26 21:57:37,63482976.34002812,0.00000001,0.00000000000035636,6510416,2019-01-26 21:57:37,btc,0.822704141069356,0.0,0.00000001,btc,16012866.74301408,0.0,0.6348297634002812,81
0,[],20,[],2019-01-25 09:30:31,0.0,0,0,6495923,2019-01-25 09:30:31,btc,0.0,0.0,0,btc,0.0,0.0,0.0,81
1,[],4,[],2019-01-26 21:57:39,23804.10978508,0.00007751,0.00000000276214636,6510417,2019-01-26 21:57:39,btc,1.3002752802619073,0.0,0.00007751,btc,11505.99298018,0.01244809,0.090698846683537,82
1,[],21,[],2019-01-26 21:57:39,90292.58433890001,0.00008100000000000000374613534637,0.000000002886516,6510418,2019-01-26 21:57:39,btc,3.736538564490315,5694.5416759,0.000081000000000000003746135346371914920382550917565822601318359375,btc,42132.94011756,0.46189469,4.870087535491729,82
0,[],17,[],2019-01-26 21:57:41,0.0,0,0,6510419,2019-01-26 21:57:41,btc,0.0447233088476774,0.0,0,btc,999127.19588126,0.0,0.0,84
0.0000000000927197,[],4,[],2019-01-26 21:57:43,141606386.68580076,1.3907955e-17,4.9562388438e-22,6510420,2019-01-26 21:57:43,ltc,0.19754182531435396,0.0,0.00000015,ltc,80653182.2841566,0.0,1.4490107092459153e-09,85
,[],22,[],2018-11-20 23:09:34,3408.1,0.0000001,0.0000000000041895,4862324,2018-11-20 23:09:34,BTC,0.04624735,0.0,,BTC,4990.0,0.0,0.00033081,86
0,[],22,[],2019-01-26 21:57:45,0.0,0,0,6510421,2019-01-26 21:57:45,,2.07810912,0.0,0,,154826.94736842104,0.0,0.0,87
0,[],27,[],2019-01-26 21:57:47,0.0,0,0,6510422,2019-01-26 21:57:47,,0.0,0.0,0,btc,0.0,0.0,0.0,87
,[],2,[],2018-11-20 23:10:47,0.0,0,0,4862359,2018-11-20 23:10:47,,0.0,0.0,,,0.0,0.0,0.0,88
1,[],11,[],2019-01-26 21:57:49,104682.66995373,0.00019499999999999999646983772638719756287173368036746978759765625,0.00000000694902,6510423,2019-01-26 21:57:49,btc,234.8946666000395,2785.06360658,0.00019499999999999999646983772638719756287173368036746978759765625,btc,181704.59574224,0.0,8.259104370892052,89
0,[],2,[],2019-01-20 23:31:45,0.0,0,0,6477083,2019-01-20 23:31:45,,0.0,0.0,0,,0.0,0.0,0.0,91
1,[],12,[],2019-01-26 21:57:50,374610.83059078996,0.0000040099999999999997232487218556951091841256129555404186248779296875,0.00000000014290036,6510424,2019-01-26 21:57:50,btc,0.1968369094804536,0.0,0.0000040099999999999997232487218556951091841256129555404186248779296875,btc,3940.32465936,0.5010656547257494,0.24091249589995878,91
0,[],17,[],2019-01-26 21:57:51,0.0,0,0,6510425,2019-01-26 21:57:51,btc,0.0,0.0,0,btc,0.0,0.0,0.0,91
0.0000000000927197,[],22,[],2019-01-26 21:57:55,33170424.666666668,5.563181999999999e-18,1.9824955375199997e-22,6510426,2019-01-26 21:57:55,LTC,8.96225495,0.0,0.00000006,LTC,75272634.1,0.0,1.32185727,95
0.0000000000927197,[],4,[],2019-01-26 21:57:56,133043039.25197367,9.5501291e-17,3.403284006076e-21,6510427,2019-01-26 21:57:56,ltc,1.4028831569468667,0.0,0.00000103,ltc,68662808.23897064,0.00589218,7.141366581879503e-10,96
1,[],12,[],2019-01-26 21:57:57,1204210.0,0.00000001,0.00000000000035636,6510428,2019-01-26 21:57:57,btc,255059.2635896603,0.0,0.00000001,btc,7846613.56674301,1.49e-06,0.0120421,96
0,[],17,[],2019-01-26 21:57:58,0.0,0,0,6510429,2019-01-26 21:57:58,btc,0.0,0.0,0,btc,0.0,0.0,0.0,96
1,[],4,[],2019-01-26 21:58:00,1582799.27341897,0.00000041,0.00000000001461076,6510430,2019-01-26 21:58:00,btc,0.3049875752881888,0.0,0.00000041,btc,465572.46447698,0.00455487,0.1768309938136682,99
1,[],4,[],2019-01-26 21:58:01,109364.68867335,0.00004187,0.00000000149207932,6510431,2019-01-26 21:58:01,btc,1.3317068315673164,0.0,0.00004187,btc,25804.65683175,2.22263559,2.0939807893441436,100
0,[],2,[],2019-01-20 23:23:55,0.0,0,0,6476914,2019-01-20 23:23:55,,0.0,0.0,0,,0.0,0.0,0.0,100
1,[],22,[],2019-01-26 21:58:05,50000.0,0.00000001,0.00000000000035636,6510432,2019-01-26 21:58:05,BTC,23.49896609,0.0,0.00000001,BTC,10277.22,0.0,0.0005,101
1,[],4,[],2019-01-26 21:58:06,431133.17190273,0.00000100,0.000000000035636,6510433,2019-01-26 21:58:06,btc,0.3959919716902316,0.0,0.00000100,btc,144225.286765,0.04696018,0.1543025800598818,103
0,[],22,[],2019-01-26 21:58:09,0.0,0,0,6510434,2019-01-26 21:58:09,,1.07253299,0.0,0,,94300.0,0.0,0.0,107
1,[],26,[],2019-01-26 21:58:10,0.0,0.00000000,0,6510435,2019-01-26 21:58:10,btc,0.0,0.0,0.00000000,btc,0.0,0.0,0.0,107
1,[],5,[],2019-01-26 21:58:11,3e-08,0.00000002,0.00000000000071272,6510436,2019-01-26 21:58:11,btc,3.23785654,0.04947117,0.00000002,btc,1.589e-05,0.0,0.09335773,112
1,[],22,[],2019-01-26 21:58:15,43782.0,0.00000001,0.00000000000035636,6510437,2019-01-26 21:58:15,BTC,2.84243449,0.0,0.00000001,BTC,977103.5833333334,0.0,0.00043782,112
0,[],27,[],2019-01-26 21:58:17,0.0,0,0,6510438,2019-01-26 21:58:17,,1.25356065,0.0,0,"btc,eth",1328.0,0.0,0.0,112
1,[],4,[],2019-01-26 21:58:17,462184.60476614,0.00000505,0.0000000001799618,6510439,2019-01-26 21:58:17,btc,0.6903250516726562,0.0,0.00000505,btc,81937.53769214,0.47568046,0.4963130848778382,113
1,[],5,[],2019-01-26 21:58:18,2.94e-05,0.00000423,0.00000000015074028,6510440,2019-01-26 21:58:18,btc,2.1884131,5.12e-06,0.00000423,btc,0.00303407,0.0,0.25637945,113
1,[],17,[],2019-01-26 21:58:20,233369.0,0.00000004,0.00000000000142544,6510441,2019-01-26 21:58:20,btc,1.337629057595325,0.0,0.00000004,btc,72546.975,0.0,0.00543476,116
0,[],27,[],2019-01-26 21:58:22,0.0,0,0,6510442,2019-01-26 21:58:22,,0.0,0.0,0,btc,0.0,0.0,0.0,116
1,[],4,[],2019-01-26 21:58:23,41344.6677018,0.00002280,0.0000000008125008,6510443,2019-01-26 21:58:23,btc,0.568652603569938,0.0,0.00002280,btc,21081.37493113,0.44603398,0.6807416075104131,120
1,[],7,[],2019-01-26 21:58:24,3543.1946385,0.00001804000000000000007304053195600346271021408028900623321533203125,0.00000000064287344,6510444,2019-01-26 21:58:24,btc,95.01894680780418,0.0,0.00001804000000000000007304053195600346271021408028900623321533203125,btc,26055.29400162,0.0,0.0377175296173095,120
1,[],20,[],2019-01-26 21:58:25,1202438.9088,0.000000013,0.000000000000463268,6510445,2019-01-26 21:58:25,btc,31.4012428467274,9548.95,0.000000013,btc,1096701.7964,0.00012413635,0.0066756954106,125
1,[],22,[],2019-01-26 21:58:29,68433.0,0.00000001,0.00000000000035636,6510446,2019-01-26 21:58:29,BTC,0.01415863,0.0,0.00000001,BTC,293039.4,0.0,0.00068433,126
1,[],4,[],2019-01-26 21:58:30,304852.1031149,0.00001499,0.00000000053418364,6510447,2019-01-26 21:58:30,btc,0.6445330145927893,0.0,0.00001499,btc,33797.58085381,0.23344901,0.2039693721839412,131
0,[],17,[],2019-01-26 21:58:32,0.0,0,0,6510448,2019-01-26 21:58:32,btc,0.0008451375975800001,0.0,0,btc,30.89614684,0.0,0.0,131
0,[],2,[],2019-01-20 23:25:46,0.0,0,0,6476969,2019-01-20 23:25:46,,0.0,0.0,0,,0.0,0.0,0.0,131
1,[],4,[],2019-01-26 21:58:33,6063.23604053,0.00020153,0.00000000718172308,6510449,2019-01-26 21:58:33,btc,1.6262542558161048,0.0,0.00020153,btc,203.15784629,0.00010103,0.0107635679360212,135
1,[],3,[],2019-01-26 21:58:33,12992648.9112962,0.00000009,0.00000000000320724,6510450,2019-01-26 21:58:33,btc,0.2633565335433266,503673.909085,0.00000009,btc,555198.60791516,0.0,0.7212590373370349,136
1,[],4,[],2019-01-26 21:58:34,177247.09357322,0.00000182,0.00000000006485752,6510451,2019-01-26 21:58:34,btc,0.4546135002392129,0.0,0.00000182,btc,179963.29601204,0.06969019,0.2636853657656905,137
1,[],12,[],2019-01-26 21:58:36,299634.54473936,0.00000181999999999999993881738720447049928452543099410831928253173828125,0.00000000006485752,6510452,2019-01-26 21:58:36,btc,11798.819684437662,0.0,0.00000181999999999999993881738720447049928452543099410831928253173828125,btc,131577.25674122,0.0695543156418754,0.0320727860000106,137
1,[],5,[],2019-01-26 21:58:37,0.00116147,0.00003804,0.00000000135559344,6510453,2019-01-26 21:58:37,btc,9.42381553,3.55029059,0.00003804,btc,0.0028498,0.0,1.4894467,142
1,[],17,[],2019-01-26 21:58:39,12500.0,0.0000001,0.0000000000035636,6510454,2019-01-26 21:58:39,btc,0.6809500040430997,0.0001053877,0.0000001,btc,5932.0,0.0,0.00125,142
1,[],20,[],2019-01-26 21:58:41,156383.5146,0.00003414,0.0000000012166130399999999,6510455,2019-01-26 21:58:41,btc,2.505639105,44.0156,0.00003414,btc,5112.6321,0.0017351100299,0.2876049112308,142
1,[],22,[],2019-01-26 21:58:44,990.0,0.00001880,0.0000000006699568,6510456,2019-01-26 21:58:44,BTC,0.00073317,0.0,0.00001880,BTC,10.00051282051282,0.0,0.00022106,142
0.0,[],25,[],2019-01-26 21:58:45,0.0,0,0,6510457,2019-01-26 21:58:45,,0.0,0.0,0.0,btc,0.0,0.0,0.0,142
1,[],28,[],2019-01-26 21:58:47,82381.032,0.00003155,0.0000000011243158,6510458,2019-01-26 21:58:47,btc,0.12686850002,51737.7234,0.00003155,btc,2489.998,0.0,0.14885905576,142
0,[],22,[],2019-01-25 15:57:33,0.0,0,0,6499726,2019-01-25 15:57:33,,59.04258297,0.0,0,,718491265.8,0.0,0.0,143
1,[],21,[],2019-01-26 21:58:48,46510425.88165286,0.0000003,0.000000000010690799999999999,6510459,2019-01-26 21:58:48,btc,37.52152764400381,7743308.63242721,0.0000003,btc,74599256.15319832,2.32801881,8.45120581960418,145
0,[],22,[],2019-01-26 21:58:51,0.0,0,0,6510460,2019-01-26 21:58:51,,4.31668284,0.0,0,,1427838.5,0.0,0.0,146
,[],22,[],2018-11-20 23:01:11,0.0,0,0,4862114,2018-11-20 23:01:11,,2.56807021,0.0,,,61828.4988236,0.0,0.0,147
1,[],12,[],2019-01-26 21:58:52,8706378.52196784,0.00000288999999999999985863413133613253336307025165297091007232666015625,0.00000000010298803999999999,6510461,2019-01-26 21:58:52,btc,17.07301799874303,0.0,0.00000288999999999999985863413133613253336307025165297091007232666015625,btc,111214.72407238,2.63e-06,0.1335689899999973,148
1,[],4,[],2019-01-26 21:58:53,112986.8619775,0.00000036,0.00000000001282896,6510462,2019-01-26 21:58:53,btc,0.6904805380733366,0.0,0.00000036,btc,513373.1719915,0.0007358,0.0315679628330475,152
0,[],22,[],2019-01-26 21:58:57,0.0,0,0,6510463,2019-01-26 21:58:57,,0.0,0.0,0,,0.0,0.0,0.0,152
1,[],5,[],2019-01-26 21:58:58,0.0,0,0,6510464,2019-01-26 21:58:58,btc,4.34745839,6.928e-05,0,btc,0.00161275,0.0,0.0,153
,[],16,[],2019-01-11 15:38:59,0.0,0,0,6366141,2019-01-11 15:38:59,btc,0.0,0.0,,btc,0.0,0.0,0.0,155
0,[],22,[],2019-01-26 21:59:02,0.0,0,0,6510465,2019-01-26 21:59:02,,6.73086592,0.0,0,,4339532.742592593,0.0,0.0,156
0,[],23,[],2019-01-20 23:24:29,0.0,0,0,6476932,2019-01-20 23:24:29,,0.0,0.0,0,,0.0,0.0,0.0,156
1,[],22,[],2019-01-26 21:59:06,7906.0,0.00000801,0.00000000028544436,6510466,2019-01-26 21:59:06,BTC,43.78612537,0.0,0.00000801,BTC,1033.584498154164,0.01518131,0.00743836,157
0,[],22,[],2019-01-26 21:59:09,0.0,0,0,6510467,2019-01-26 21:59:09,,50175.6753658,0.0,0,,54007107.04179466,0.0,0.0,158
,[],17,[],2018-11-20 22:56:10,0.0,0,0,4861976,2018-11-20 22:56:10,btc,1.1265625,0.0,,btc,1000.0,0.0,0.0,159
,[],20,[],2018-11-20 22:56:12,0.0,0,0,4861977,2018-11-20 22:56:12,btc,11912.7940471,0.0,,btc,34413894.3617,0.0,0.0,159
1,[],12,[],2019-01-26 21:59:11,196239.59068965,0.000010890000000000000767168446824673111450465512461960315704345703125,0.00000000038807604,6510468,2019-01-26 21:59:11,btc,6.652231227895545,0.0,0.000010890000000000000767168446824673111450465512461960315704345703125,btc,14023.52908934,0.0014820879,0.10497494889996249,168
1,[],17,[],2019-01-26 21:59:12,29784.95,0.000001,0.000000000035636,6510469,2019-01-26 21:59:12,btc,0.0353989844335,0.0,0.000001,btc,196.82520268,0.0,0.00716147,168
1,[],22,[],2019-01-26 21:59:16,1433447.0,0.00000001,0.00000000000035636,6510470,2019-01-26 21:59:16,BTC,1.13380276,0.0,0.00000001,BTC,689102.5537281231,1e-07,0.01433447,169
1,[],22,[],2019-01-26 21:59:20,80918.5142857143,0.00000035,0.0000000000124726,6510471,2019-01-26 21:59:20,BTC,2.46405561,0.0,0.00000035,BTC,53989.56439849624,0.00021793,0.01674148,171
1,[],22,[],2019-01-26 21:59:24,184028.48245614034,0.0000002,0.0000000000071272,6510472,2019-01-26 21:59:24,BTC,2.8465724,0.0,0.0000002,BTC,243582.85379815436,0.00013427,0.01016223,173
1,[],5,[],2019-01-26 21:59:26,6.747e-05,0.00000440,0.0000000001567984,6510473,2019-01-26 21:59:26,btc,0.41204893,0.00285205,0.00000440,btc,0.000369,0.0,0.83080588,175
1,[],22,[],2019-01-26 21:59:29,53551.0,0.00000131,0.00000000004668316,6510474,2019-01-26 21:59:29,BTC,0.55742433,0.0,0.00000131,BTC,110300.51379872746,0.00616704,0.04645228,176
1,[],7,[],2019-01-26 21:59:30,0.0,0,0,6510475,2019-01-26 21:59:30,btc,10967.435878587923,2399.0,0,btc,122069154.8834731,2.399e-05,0.0,178
0,[],22,[],2019-01-26 21:59:33,0.0,0,0,6510476,2019-01-26 21:59:33,,1.00242428,0.0,0,,57512.0,0.0,0.0,178
0,[],2,[],2019-01-20 23:28:34,0.0,0,0,6477001,2019-01-20 23:28:34,,0.0,0.0,0,,0.0,0.0,0.0,178
1,[],5,[],2019-01-26 21:59:34,6e-08,0.00000003,0.00000000000106908,6510477,2019-01-26 21:59:34,btc,16.16702604,0.27474306,0.00000003,btc,2.114e-05,0.0,1.49317952,179
1,[],22,[],2019-01-26 21:59:38,9067350.5,0.00000002,0.00000000000071272,6510478,2019-01-26 21:59:38,BTC,5.47356866,0.0,0.00000002,"BTC,LTC",16476164.318656633,0.0110997,0.39568206,179
0,[],23,[],2019-01-20 23:25:08,0.0,0,0,6476952,2019-01-20 23:25:08,,0.0,0.0,0,,0.0,0.0,0.0,179
1,[],17,[],2019-01-26 21:59:40,10504.725,0.0000001,0.0000000000035636,6510479,2019-01-26 21:59:40,btc,5.206877489878368,0.0,0.0000001,btc,7465.6174587,0.0,0.0010504725,180
1,[],22,[],2019-01-26 21:59:45,1011.8709677419355,0.00000031,0.00000000001104716,6510480,2019-01-26 21:59:45,BTC,0.0950873,0.0,0.00000031,"BTC,LTC",15926.617162207827,0.0,0.00026202,180
1,[],26,[],2019-01-26 21:59:45,0.0,0.00000020,0.0000000000071272,6510481,2019-01-26 21:59:45,btc,0.0,3232.8117,0.00000020,btc,0.0,0.0,0.0,180
,[],7,[],2018-11-20 22:58:01,562227.975654,0.00000085,0.000000000036176765,4862015,2018-11-20 22:58:01,btc,21836.6059674,2491.87645172,,btc,749999.041456,0.00211021,0.127565380455,183
,[],5,[],2019-01-10 08:11:41,0.0,0,0,6347036,2019-01-10 08:11:41,btc,82.15055501,0.00261,,btc,1.19002445,0.0,0.0,187
1,[],24,[],2019-01-26 21:59:46,0.0,0.000000000001,3.5636e-17,6510482,2019-01-26 21:59:46,btc,0.0,0.0,0.000000000001,btc,0.0,0.0,0.0,187
,[],17,[],2018-11-16 20:58:10,4062536.27273,0.00000001,0.000000000000550501,4708775,2018-11-16 20:58:10,btc,3.36492563466,0.195460381006,,"btc,eth",110697919.549,0.0,0.0157628953496,187
0,[],22,[],2019-01-26 21:59:49,0.0,0,0,6510483,2019-01-26 21:59:49,,1.19413437,0.0,0,,14499.956201072173,0.0,0.0,191
0,[],22,[],2019-01-26 21:59:54,0.0,0,0,6510484,2019-01-26 21:59:54,,0.0,0.0,0,,0.0,0.0,0.0,197
0,[],23,[],2019-01-20 23:31:41,0.0,0,0,6477079,2019-01-20 23:31:41,,0.0,0.0,0,,0.0,0.0,0.0,199
1,[],26,[],2019-01-26 21:59:55,0.0,0.00000000,0,6510485,2019-01-26 21:59:55,btc,0.0,752382.0,0.00000000,btc,0.0,0.0,0.0,199
0,[],17,[],2019-01-26 21:59:56,0.0,0,0,6510486,2019-01-26 21:59:56,btc,6.802544163845889,0.0,0,btc,105897.55575295,0.0,0.0,200
0,[],2,[],2019-01-20 23:30:49,0.0,0,0,6477059,2019-01-20 23:30:49,,0.0,0.0,0,,0.0,0.0,0.0,201
1,[],4,[],2019-01-25 15:51:35,2084389.58565343,0.00000936,0.000000000333526752,6499557,2019-01-25 15:51:35,btc,2.0092503037378524,0.0,0.00000936,btc,160195.80207885,0.19272417,1.242687955921835,211
1,[],7,[],2019-01-26 21:59:59,18982160.03640619,0.000001179999999999999925426948273188276772316385176964104175567626953125,0.00000000004205048,6510487,2019-01-26 21:59:59,btc,16317791.426195415,336321.07712,0.000001179999999999999925426948273188276772316385176964104175567626953125,btc,12795450.60547019,0.0,8.90854678154563,212
1,[],12,[],2019-01-25 02:44:32,207462.42853209,0.000001080000000000000035831255497387193287295303889550268650054931640625,0.000000000038610756000000006,6493050,2019-01-25 02:44:32,btc,85023.03793723314,0.0,0.000001080000000000000035831255497387193287295303889550268650054931640625,btc,43675.73520027,0.000146250909087,0.0348620860622024,213
1,[],5,[],2019-01-26 22:00:01,4.45e-06,0.00000032,0.00000000001140352,6510488,2019-01-26 22:00:01,btc,0.92566821,0.13409129,0.00000032,btc,3.108e-05,0.0,0.49256639,213
1,[],24,[],2019-01-26 22:00:01,0.0,0.000000050000,0.0000000000017818,6510489,2019-01-26 22:00:01,btc,0.0,0.0,0.000000050000,btc,0.0,0.0,0.0,213
1,[],26,[],2019-01-26 22:00:01,0.0,0.00000003,0.00000000000106908,6510490,2019-01-26 22:00:01,btc,0.0,0.0,0.00000003,btc,0.0,0.0,0.0,213
1,[],22,[],2019-01-26 22:00:08,283952.2,0.00000005,0.0000000000017818,6510491,2019-01-26 22:00:08,BTC,70.2170782,0.0,0.00000005,BTC,207943.63907173084,0.00100246,0.00494161,216
1,[],27,[],2019-01-26 22:00:10,5087945.0,0.00000015,0.0000000000053454,6510492,2019-01-26 22:00:10,btc,619.87938651916,0.0,0.00000015,"btc,ltc",268416.09411,0.0,0.0535075,216
1,[],22,[],2019-01-26 22:00:14,297149.8247499803,0.00000228,0.00000000008125008,6510493,2019-01-26 22:00:14,BTC,12677.80380723,0.0,0.00000228,BTC,342024.5999268982,0.01688053,0.42294576,217
1,[],7,[],2019-01-26 22:00:15,0.0,0,0,6510494,2019-01-26 22:00:15,btc,302.59827048911063,0.0,0,btc,135679859.1214003,0.0,0.0,219
0,[],27,[],2019-01-26 22:00:16,0.0,0,0,6510495,2019-01-26 22:00:16,,0.0747309448198,0.0,0,btc,1605140.29226592,0.0,0.0,219
0.0000000000000057999999999999996,[],28,[],2019-01-26 22:00:19,203946286.198,2.3200579999999998e-18,8.267758688799999e-23,6510496,2019-01-26 22:00:19,doge,79804.0288717675,187546.839,0.00040001,"btc,doge",4119437.84751,0.0,1.7763739499674552e-11,219
1,[],22,[],2019-01-26 22:00:22,211160.0,0.00000084,0.00000000002993424,6510497,2019-01-26 22:00:22,BTC,2.08842633,0.0,0.00000084,BTC,20480.55212317522,0.0010455,0.02713334,221
1,[],24,[],2019-01-26 22:00:22,0.0,0.000000550000,0.0000000000195998,6510498,2019-01-26 22:00:22,btc,0.0,0.0,0.000000550000,btc,0.0,0.0,0.0,221
1,[],26,[],2019-01-26 22:00:23,0.0,0.00000020,0.0000000000071272,6510499,2019-01-26 22:00:23,btc,0.0,10947.0,0.00000020,btc,0.0,0.0,0.0,231
1,[],26,[],2019-01-26 22:00:23,0.0,0.00000004,0.00000000000142544,6510500,2019-01-26 22:00:23,btc,0.0,1100.0,0.00000004,btc,0.0,0.0,0.0,234
0,[],27,[],2019-01-26 22:00:25,0.0,0,0,6510501,2019-01-26 22:00:25,,0.001146299618,0.0,0,"btc,eth",11462.99618,0.0,0.0,234
0.00000000009270179999999999,[],22,[],2019-01-26 19:00:17,10000000.0,9.27018e-19,3.30696058158e-23,6509614,2019-01-26 19:00:17,LTC,3.07807116,0.0,0.00000001,LTC,90316025.08996265,0.0,0.1,235
1,[],4,[],2019-01-26 22:00:26,670356.14379633,0.00000096,0.00000000003421056,6510502,2019-01-26 22:00:26,btc,0.1205115834536528,0.0,0.00000096,btc,98500.16928281,0.09382361,0.1519824556020867,236
1,[],24,[],2019-01-26 22:00:27,0.0,0.000000010000,0.00000000000035636,6510503,2019-01-26 22:00:27,btc,0.0,511.27656,0.000000010000,btc,0.0,0.00055729,0.0,236
1,[],20,[],2019-01-26 22:00:28,35747785.0913,0.000000066,0.000000000002351976,6510504,2019-01-26 22:00:28,btc,14.4645645305467,10580937.3322,0.000000066,btc,26576228.6304,0.7253817737623,1.051121340656,237
0,[],22,[],2019-01-26 22:00:31,0.0,0,0,6510505,2019-01-26 22:00:31,,0.04083605,0.0,0,,4179.0,0.0,0.0,237
1,[],4,[],2019-01-26 22:00:32,4765974.57772727,0.00000031,0.00000000001104716,6510506,2019-01-26 22:00:32,btc,0.5744058528724058,0.0,0.00000031,btc,1700342.81712813,0.25169879,1.3087414572864253,238
1,[],5,[],2019-01-26 22:00:34,3.64e-06,0.00000031,0.00000000001104716,6510507,2019-01-26 22:00:34,btc,0.69652154,0.00822722,0.00000031,btc,2.855e-05,0.0,0.18115901,238
1,[],22,[],2019-01-26 22:00:38,269123.25,0.00000005,0.0000000000017818,6510508,2019-01-26 22:00:38,BTC,15.41166764,0.0,0.00000005,BTC,244975.08214735755,0.00066102,0.00890771,249
0.0000000000927197,[],22,[],2019-01-26 22:00:42,2565300.8,4.6359849999999994e-18,1.6520796145999999e-22,6510509,2019-01-26 22:00:42,LTC,0.60419517,0.0,0.00000005,LTC,14478707.29,0.0,0.05186212,252
1,[],28,[],2019-01-26 22:00:44,2059149.213,0.00000008,0.00000000000285088,6510510,2019-01-26 22:00:44,btc,164692.83404779495,27850.0,0.00000008,btc,1237558.2807,0.0,0.07650967991,256
0,[],27,[],2019-01-26 22:00:46,0.0,0,0,6510511,2019-01-26 22:00:46,,4.96668,0.0,0,"btc,eth",90.59,0.0,0.0,257
1,[],22,[],2019-01-26 22:00:50,52566.0,0.00000002,0.00000000000071272,6510512,2019-01-26 22:00:50,BTC,35605.68204625,0.0,0.00000002,BTC,723146.2910213444,6.125e-05,0.00053566,258
1,[],22,[],2019-01-26 20:58:41,368451.0,0.00000001,0.000000000000356135,6510120,2019-01-26 20:58:41,BTC,2.642917,0.0,0.00000001,"BTC,LTC",1862.0,0.0,0.02488451,259
1,[],22,[],2019-01-26 22:00:53,5451.4546666666665,0.00000750,0.00000000026727,6510513,2019-01-26 22:00:53,BTC,4.68659351,0.0,0.00000750,BTC,6065.535238095238,0.0065265,0.02482077,262
1,[],5,[],2019-01-26 22:00:55,4.515e-05,0.00000212,0.00000000007554832,6510514,2019-01-26 22:00:55,btc,34448.28926518,0.0371502,0.00000212,btc,11111.11519243,0.0,0.23190634,264
1,[],20,[],2019-01-26 22:00:56,1770817.1767,0.0000038,0.0000000001354168,6510515,2019-01-26 22:00:56,btc,5.0418830395117,20052.122,0.0000038,btc,83369.3848,0.077525309307,0.0211399895824,264
1,[],22,[],2019-01-26 22:01:00,163093.0,0.00000003,0.00000000000106908,6510516,2019-01-26 22:01:00,BTC,6.33481838,0.0,0.00000003,BTC,222517.3801039501,0.0004655,0.00389713,271
0,[],22,[],2019-01-26 22:01:04,0.0,0,0,6510517,2019-01-26 22:01:04,,242.59396368,0.0,0,,12792025291.9,0.0,0.0,272
0.0000000000000057999999999999996,[],28,[],2019-01-26 22:01:05,363537471613.0,3.538e-21,1.26080168e-25,6510518,2019-01-26 22:01:05,doge,23013388.754208267,19994023770.871,0.00000061,doge,135507891560.4424,0.0,6.367175248241459e-10,272
