pairValue,buyBook,exchangeId,sellBook,updated,buyTotal,satoshiPrice,usdPrice,exchangeLogId,created,bestPair,sellTotalBtc,volume,pairPrice,activePairs,sellTotal,volumeBtc,buyTotalBtc,coinId
1,[],4,[],2019-05-22 22:55:21,207672.89644496,0.01098000,0.000000849988152,7670539,2019-05-22 22:55:21,btc,8.250860006467109,0.0,0.01098000,btc,344.64627879,1.0131258,0.5112186127829491,1
1,[],5,[],2019-05-22 22:55:24,0.0,0,0,7670540,2019-05-22 22:55:24,btc,0.0,0.02885657,0,btc,0.0,0.0,0.0,1
1,[],10,[],2019-05-22 22:55:27,255986.57174582,0.00832817,0.0000006447036273079999,7670541,2019-05-22 22:55:27,btc,6522.928392121064,1412.07105795,0.00832817,btc,1303.76947982,0.0,3.112775325692279,1
1,[],12,[],2019-05-22 22:55:30,22.55988796,0.01086999999999999945432538339673556038178503513336181640625,0.000000841472788,7670542,2019-05-22 22:55:30,btc,0.014759104617600001,0.0,0.01086999999999999945432538339673556038178503513336181640625,btc,1.31515109,0.3357676503735,0.2411307023338,1
1,[],20,[],2019-05-22 22:55:32,972.7482,0.01026283,0.000000794470301092,7670543,2019-05-22 22:55:32,btc,0.2207098441123,0.0,0.01026283,btc,16.8943,0.0,0.1003934913189,1
1,[],21,[],2019-05-22 22:55:33,1817.58956822,0.01091999999999999915178960919,0.0000008453434079999999,7670544,2019-05-22 22:55:33,btc,14.86378626045451,8233.90130136,0.01091999999999999915178960918638040311634540557861328125,"btc,eth",1711.74510823,91.12242331611536,16.994856419331565,1
1,[],22,[],2019-05-22 22:55:37,0.0025666666666666667,0.00900000,0.0000006967116,7670545,2019-05-22 22:55:37,BTC,0.31629903,0.0,0.00900000,BTC,0.2505752479991019,0.0,2.31e-05,1
1,[],24,[],2019-05-22 22:55:38,0.0,0.000000000000,0,7670546,2019-05-22 22:55:38,btc,0.0,0.0,0.000000000000,btc,0.0,0.0,0.0,1
0.0,[],25,[],2019-05-22 22:55:39,0.0,0,0,7670547,2019-05-22 22:55:39,btc,45.74999999813052,2442.19634951,0.0,btc,4101.33276891,27.55,0.0,1
1,[],26,[],2019-05-22 22:55:40,0.0,0,0,7670548,2019-05-22 22:55:40,,0.0,0.0,0,,0.0,0.0,0.0,1
0,[],28,[],2019-05-22 22:55:42,0.0,0,0,7670549,2019-05-22 22:55:42,,0.0,366674.2288,0,,0.0,0.0,0.0,1
1,[],3,[],2019-05-22 18:07:34,1123.259330580089,0.01114142000000000083670403938640447449870407581329345703125,0.0000008809019430100001,7669457,2019-05-22 18:07:34,btc,1.846938727610729,30.8730799403,0.01114142000000000083670403938640447449870407581329345703125,btc,27.179280298868,0.0,0.2238721862652316,1
0,[],2,[],2019-01-20 23:28:45,0.0,0,0,6477011,2019-01-20 23:28:45,,0.0,0.0,0,,0.0,0.0,0.0,1
1,[],5,[],2019-05-22 22:55:45,0.0,0,0,7670550,2019-05-22 22:55:45,btc,0.0,0.00091427,0,btc,0.0,0.0,0.0,2
0,[],22,[],2019-05-22 22:55:48,0.0,0,0,7670551,2019-05-22 22:55:48,,0.0,0.0,0,,0.0,0.0,0.0,2
1,[],5,[],2019-05-22 22:55:49,0.0,0,0,7670552,2019-05-22 22:55:49,btc,0.0,0.01467701,0,btc,0.0,0.0,0.0,3
1,[],12,[],2019-05-22 22:55:51,2815628.0,0.000000105,0.000000000008128302,7670553,2019-05-22 22:55:51,btc,0.057235106356,0.0,0.000000105,btc,416799.798,0.06441796371689452,0.26449679,3
0,[],28,[],2019-05-22 22:55:53,0.0,0,0,7670554,2019-05-22 22:55:53,,0.0,0.0,0,,0.0,0.0,0.0,3
0,[],2,[],2019-01-20 23:31:32,0.0,0,0,6477077,2019-01-20 23:31:32,,0.0,0.0,0,,0.0,0.0,0.0,4
1,[],4,[],2019-05-18 21:29:50,562734.9206932,0.00000010,0.000000000007298720000000001,7650946,2019-05-18 21:29:50,btc,41.9347137769675,0.0,0.00000010,btc,1123702.32192634,0.00052462,0.029254593370966,4
0,[],12,[],2019-05-22 22:39:33,0.0,0,0,7670499,2019-05-22 22:39:33,btc,0.0,0.0,0,btc,0.0,0.0,0.0,5
1,[],11,[],2019-05-22 22:55:55,7332054.276736,0.00000002,0.000000000001548248,7670555,2019-05-22 22:55:55,btc,9578.612034148535,8361100.86024,0.00000002,btc,58141556.70519443,0.0,0.09660291276736001,6
0,[],2,[],2019-01-20 23:31:51,0.0,0,0,6477087,2019-01-20 23:31:51,,0.0,0.0,0,,0.0,0.0,0.0,6
1,[],4,[],2019-05-22 22:55:57,3188735.00126903,0.00009566,0.000000007405270184,7670556,2019-05-22 22:55:57,btc,9.250613718076625,0.0,0.00009566,btc,51116.7956032,1.24287468,3.0530898399176736,7
1,[],5,[],2019-05-22 22:55:58,0.0,0,0,7670557,2019-05-22 22:55:58,btc,0.0,0.52596889,0,btc,0.0,0.0,0.0,7
1,[],3,[],2019-05-22 18:08:48,11992.400030575094,0.00011500000000000000347812056933349822429590858519077301025390625,0.0000000090925325,7669475,2019-05-22 18:08:48,btc,1.1612001845741802,131.533509258,0.00011500000000000000347812056933349822429590858519077301025390625,btc,282.094355724518,0.0,0.024071946207221296,7
1,[],20,[],2019-04-07 22:06:50,3201475.0482,0.000000001,0.000000000000051590000000000004,7213932,2019-04-07 22:06:50,btc,30.8005781811902,0.0,0.000000001,btc,23077405.3926,0.0,0.0032014750482,8
1,[],4,[],2019-05-22 22:56:01,21120694.07658336,0.00000055,0.00000000004257682,7670558,2019-05-22 22:56:01,btc,4.354507984359542,0.0,0.00000055,btc,3979112.37364108,0.40178183,0.7625359663945686,9
0,[],28,[],2019-05-22 22:56:03,0.0,0,0,7670559,2019-05-22 22:56:03,,0.0,3629887.0,0,,0.0,0.0,0.0,9
0,[],2,[],2019-01-20 23:22:42,0.0,0,0,6476876,2019-01-20 23:22:42,,0.0,0.0,0,,0.0,0.0,0.0,9
0,[],23,[],2019-01-20 23:22:48,0.0,0,0,6476878,2019-01-20 23:22:48,,0.0,0.0,0,,0.0,0.0,0.0,9
1,[],1,[],2019-02-17 23:31:42,1822507.21,0.00000181000000000000003456111265232042484285557293333113193511962890625,0.000000000066086901,6701244,2019-02-17 23:31:42,btc,3.6990969245,17153386.5,0.00000181000000000000003456111265232042484285557293333113193511962890625,btc,1997391.71,31.11772986,3.2610482446,9
1,[],4,[],2019-02-17 11:22:43,4341674.27126056,0.00000002,0.0000000000007272960000000001,6696112,2019-02-17 11:22:43,btc,0.1997230937751353,0.0,0.00000002,btc,4109766.79808031,0.00215132,0.0479381022052112,10
1,[],4,[],2019-05-22 22:56:03,5644925.22708838,0.00000074,0.000000000057285176,7670560,2019-05-22 22:56:03,btc,5.163344836923727,0.0,0.00000074,btc,4679653.69283307,0.5296901,1.3571706600813869,12
1,[],5,[],2019-05-22 22:56:05,0.0,0,0,7670561,2019-05-22 22:56:05,btc,0.0,0.05131888,0,btc,0.0,0.0,0.0,12
0.0,[],25,[],2019-05-22 22:56:06,0.0,0,0,7670562,2019-05-22 22:56:06,,0.0,0.0,0.0,btc,0.0,0.0,0.0,12
0,[],2,[],2019-01-20 23:23:08,0.0,0,0,6476890,2019-01-20 23:23:08,,0.0,0.0,0,,0.0,0.0,0.0,12
1,[],4,[],2019-05-22 22:56:06,360598.43165198,0.00000670,0.00000000051866308,7670563,2019-05-22 22:56:06,btc,2.2488194084254034,0.0,0.00000670,btc,264253.4662272,0.63190002,0.6530854656240968,13
1,[],21,[],2019-05-22 22:56:11,646599.54644554,0.000006870000000000000292630503163,0.000000000531823188,7670564,2019-05-22 22:56:11,btc,4.183791488209482,637633.60206003,0.0000068700000000000002926305031625275887563475407660007476806640625,btc,540128.75563004,4.45508289,4.100969092644944,13
1,[],10,[],2019-05-22 20:31:55,573800.36310265,0.00000686,0.0000000005370879220000001,7670115,2019-05-22 20:31:55,btc,666802.6525366677,8010.27070921,0.00000686,btc,849151.10735664,0.0,0.3144075514849268,13
1,[],4,[],2019-05-22 22:56:12,954414.52796248,0.00000071,0.000000000054962804,7670565,2019-05-22 22:56:12,btc,4.441718133221315,0.0,0.00000071,btc,813386.28955867,0.00993114,0.1465805210871046,14
0,[],12,[],2019-05-22 22:56:13,0.0,0,0,7670566,2019-05-22 22:56:13,btc,0.0007200407296612999,0.0,0,btc,609.93338627,0.000388399999997,0.0,14
1,[],26,[],2019-05-22 22:58:13,0.0,0.00000050,0.0000000000387062,7670567,2019-05-22 22:58:13,btc,0.0,0.0,0.00000050,btc,0.0,0.0,0.0,14
0,[],17,[],2019-05-03 00:53:32,0.0,0,0,7558876,2019-05-03 00:53:32,btc,0.0,0.0,0,btc,0.0,0.0,0.0,14
0,[],4,[],2019-05-22 22:58:14,0.0,0,0,7670568,2019-05-22 22:58:14,,0.0,0.0,0,,0.0,0.0,0.0,15
,[],12,[],2018-12-01 15:15:48,204241.84496,0.00000489,0.000000000202473384,5260204,2018-12-01 15:15:48,btc,49.5475654835,0.0,,btc,35763.2193806,0.0163153972027625,0.0203389899998,15
1,[],4,[],2019-05-22 22:58:15,37221.98326404,0.00001225,0.0000000009483019,7670569,2019-05-22 22:58:15,btc,1.0871999963239611,0.0,0.00001225,btc,17521.39063737,0.02492115,0.1072820048981833,18
1,[],10,[],2019-05-22 22:58:18,307651.76615421,0.00001204,0.000000000932045296,7670570,2019-05-22 22:58:18,btc,15.301932350865266,12740.1647035,0.00001204,btc,10241.03599772,0.0,0.0754656903607366,18
1,[],12,[],2019-05-22 22:58:20,94.7066,0.000010499999999999999418976055765018173815406044013798236846923828125,0.0000000008128301999999999,7670571,2019-05-22 22:58:20,btc,0.0003587690697132,0.0,0.000010499999999999999418976055765018173815406044013798236846923828125,btc,26.20665228,0.0018979910214936,0.0009707426499999999,18
0,[],2,[],2019-01-20 23:23:38,0.0,0,0,6476906,2019-01-20 23:23:38,,0.0,0.0,0,,0.0,0.0,0.0,18
0,[],17,[],2019-05-03 00:53:39,0.0,0,0,7558882,2019-05-03 00:53:39,btc,0.0,0.0,0,btc,0.0,0.0,0.0,18
1,[],4,[],2019-05-22 23:00:20,161204.15901357,0.00001011,0.000000000782639364,7670572,2019-05-22 23:00:20,btc,3.7847727786582865,0.0,0.00001011,btc,164810.54187688,0.34469172,0.6841271412740502,19
1,[],5,[],2019-05-22 23:00:22,0.0,0,0,7670573,2019-05-22 23:00:22,btc,0.0,0.00014857,0,btc,0.0,0.0,0.0,19
0,[],12,[],2019-05-22 23:00:22,0.0,0,0,7670574,2019-05-22 23:00:22,btc,0.0017496634606417,0.0,0,btc,121.56445724,0.0014393066633562,0.0,19
0,[],27,[],2019-05-22 23:00:31,0.0,0,0,7670575,2019-05-22 23:00:31,,0.0,0.0,0,btc,0.0,0.0,0.0,19
0,[],2,[],2019-01-20 23:24:19,0.0,0,0,6476924,2019-01-20 23:24:19,,0.0,0.0,0,,0.0,0.0,0.0,19
1,[],3,[],2019-05-22 18:13:10,155674.10542488078,0.00000931000000000000064808401700755524643682292662560939788818359375,0.000000000736099805,7669492,2019-05-22 18:13:10,btc,0.23246272695370224,3561.35820087,0.00000931000000000000064808401700755524643682292662560939788818359375,btc,5234.747680881293,0.0,0.04615314488507609,19
1,[],4,[],2019-05-22 23:00:32,10230128.96144766,0.00000007,0.000000000005418868,7670576,2019-05-22 23:00:32,btc,6.413343230109516,0.0,0.00000007,btc,2233934.3516984,0.00018919,0.1275941297203162,20
1,[],4,[],2019-05-22 23:00:34,72141616.72337481,0.00000001,0.000000000000774124,7670577,2019-05-22 23:00:34,btc,39100.37394600423,0.0,0.00000001,btc,61249562.42461323,0.00133927,0.7214161672337481,21
0,[],12,[],2019-05-22 23:00:36,0.0,0,0,7670578,2019-05-22 23:00:36,btc,0.0012495,0.0,0,btc,2499.0,0.00044873,0.0,21
0,[],17,[],2019-05-03 00:53:51,0.0,0,0,7558891,2019-05-03 00:53:51,btc,0.0,0.0,0,btc,0.0,0.0,0.0,21
1,[],12,[],2019-05-22 23:02:38,691391120.0,0.0000000002,0.00000000000001548248,7670579,2019-05-22 23:02:38,btc,325701.1279513668,0.0,0.0000000002,btc,232022133.1118881,0.014010884813386606,0.07827822400000001,23
0.00000000031794540000000006,[],27,[],2019-05-22 23:02:47,39031918.0,3.1794540000000004e-18,2.461291648296e-22,7670580,2019-05-22 23:02:47,eth,1174.13843628276,1585901277.0,0.00000001,eth,65123245.826,5.042300158762759e-09,1.24100187812772e-10,23
1,[],4,[],2019-05-22 23:02:47,1840684.72996492,0.00000017,0.000000000013160108,7670581,2019-05-22 23:02:47,btc,13.480936097655297,0.0,0.00000017,btc,2043609.87518281,0.00132287,0.0558475271844495,24
1,[],22,[],2019-05-22 23:02:51,21.76,0.00000100,0.0000000000774124,7670582,2019-05-22 23:02:51,BTC,7.415e-05,0.0,0.00000100,BTC,23.919354838709676,0.0,1.186e-05,24
0.0,[],25,[],2019-05-22 23:02:53,0.0,0,0,7670583,2019-05-22 23:02:53,,0.0,0.0,0.0,btc,0.0,0.0,0.0,24
1,[],4,[],2019-05-22 23:02:54,306137.42943837,0.00000440,0.00000000034061456,7670584,2019-05-22 23:02:54,btc,10.535686417247938,0.0,0.00000440,btc,270663.28564856,0.09801321,0.1686828869581987,26
1,[],10,[],2019-05-22 23:02:57,159722.20043768,0.0000044,0.00000000034061456,7670585,2019-05-22 23:02:57,btc,25.512879951561313,7027.04068167,0.0000044,btc,23023.70050485,0.0,0.0316094424615675,26
0,[],2,[],2019-01-20 23:25:56,0.0,0,0,6476976,2019-01-20 23:25:56,,0.0,0.0,0,,0.0,0.0,0.0,26
1,[],11,[],2019-05-22 23:02:59,1069867.58157834,0.00000001,0.000000000000774124,7670586,2019-05-22 23:02:59,btc,67503.038056662,12744.4184217,0.00000001,btc,6639900.67919713,0.0,0.0106986758157834,27
1,[],5,[],2019-04-26 09:47:06,0.0,0,0,7465326,2019-04-26 09:47:06,btc,0.0,0.0,0,btc,0.0,0.0,0.0,27
1,[],3,[],2019-05-22 20:40:44,7277055.62200389,0.00000001,0.0000000000007829270000000001,7670138,2019-05-22 20:40:44,btc,3.317032516294362,4553405.57489,0.00000001,btc,23938008.26764695,0.0,0.0727705562200389,27
1,[],4,[],2019-05-22 23:03:00,1222406710.7436736,0.00000001,0.000000000000774124,7670587,2019-05-22 23:03:00,btc,4.949221618500416,0.0,0.00000001,"btc,ltc",306738030.1613728,0.01111707,8.303479580989775,29
1,[],7,[],2019-05-22 23:03:02,111524608.24806745,0.00000001,0.000000000000774124,7670588,2019-05-22 23:03:02,btc,46548272.14360427,10505.50045,0.00000001,btc,35213261.09263437,0.00010506,1.1152460824806745,29
1,[],4,[],2019-05-22 23:03:04,15227234.71899091,0.00000007,0.000000000005418868,7670589,2019-05-22 23:03:04,btc,2.642811069875848,0.0,0.00000007,btc,2177798.45791788,0.00042632,0.1690819001256759,30
0,[],17,[],2019-05-03 01:11:25,0.0,0,0,7559066,2019-05-03 01:11:25,btc,0.0,0.0,0,btc,0.0,0.0,0.0,30
1,[],4,[],2019-05-22 22:49:23,114182.2138496,0.00005283,0.00000000407456658,7670531,2019-05-22 22:49:23,btc,3.948025592180478,0.0,0.00005283,btc,47056.83737209,0.77579983,1.0780347855155112,31
1,[],21,[],2019-05-22 22:49:25,99513.49213852,0.00005167999999999999986366808202,0.00000000398587168,7670532,2019-05-22 22:49:25,btc,4.075278519668503,212788.05851633,0.0000516799999999999998636680820229827304501668550074100494384765625,btc,68651.73982448,11.4442747,4.612056301926634,31
0,[],2,[],2019-01-20 23:28:43,0.0,0,0,6477009,2019-01-20 23:28:43,,0.0,0.0,0,,0.0,0.0,0.0,32
0,[],4,[],2019-05-22 22:49:26,0.0,0,0,7670533,2019-05-22 22:49:26,,0.0,0.0,0,,0.0,0.0,0.0,33
1,[],12,[],2019-03-30 07:55:10,40641173.964,0.00000003,0.000000000001228359,7108785,2019-03-30 07:55:10,btc,4233210.82356125,0.0,0.00000003,btc,28378394.68333462,0.0126927883965248,0.90752895892,33
0.00000000011477370000000001,[],4,[],2019-05-22 22:49:29,29171521.32819015,5.738685000000001e-17,4.426018193100001e-21,7670534,2019-05-22 22:49:29,ltc,3.5171250667198803,0.0,0.0000005,ltc,157182435.81887904,0.0,1.44717321807894e-10,34
1,[],5,[],2019-05-22 22:49:30,0.0,0,0,7670535,2019-05-22 22:49:30,btc,0.0,0.0,0,btc,0.0,0.0,0.0,34
0.00000000011477370000000001,[],4,[],2019-05-22 22:49:32,88845743.45511784,1.1477370000000001e-18,8.852036386200001e-23,7670536,2019-05-22 22:49:32,ltc,4.160451006494e-08,0.0,0.00000001,ltc,7563330053.433634,0.0,1.0197154705594659e-10,36
1,[],5,[],2019-05-22 22:49:33,0.0,0,0,7670537,2019-05-22 22:49:33,btc,0.0,0.0,0,btc,0.0,0.0,0.0,36
0.0000000003180787,[],27,[],2019-05-22 22:51:41,48610815.004,3.1807870000000002e-18,2.4532137816200005e-22,7670538,2019-05-22 22:51:41,eth,1671.21231592,972138128.0,0.00000001,"ltc,eth",17330927.0,3.336630390350608e-09,1.4574625708384597e-10,36
0.0000000002926451,[],17,[],2019-05-02 18:17:47,200000.0,2.9264510000000002e-18,1.596703856561e-22,7556430,2019-05-02 18:17:47,eth,0.20942468735267253,0.0,0.00000001,"btc,eth",1018272.20243647,0.0,5.852902e-13,36
1,[],4,[],2019-05-22 22:11:42,10203501.92797459,0.00000017,0.000000000013114922,7670382,2019-05-22 22:11:42,btc,19772.602152365118,0.0,0.00000017,btc,793209.36800994,0.02080704,0.1632602554713699,37
0,[],12,[],2019-05-22 22:11:43,0.0,0,0,7670383,2019-05-22 22:11:43,btc,0.0,0.0,0,btc,0.0,0.0113376639360684,0.0,37
1,[],27,[],2019-05-22 22:13:48,1600.0,0.00000015,0.00000000001157199,7670384,2019-05-22 22:13:48,btc,24.12156123602533,0.0,0.00000015,btc,5842.04443503,0.0,3e-05,37
1,[],17,[],2019-05-03 01:11:36,211752.74075282,0.00000025,0.000000000013700074999999998,7559074,2019-05-03 01:11:36,btc,0.055484923955058496,0.0,0.00000025,"btc,eth",1387.19918473,0.0,0.0005381851887916605,37
1,[],5,[],2019-05-22 22:13:50,0.0,0,0,7670385,2019-05-22 22:13:50,btc,0.0,0.11204198,0,btc,0.0,0.0,0.0,42
0,[],12,[],2019-05-22 22:13:52,0.0,0,0,7670386,2019-05-22 22:13:52,btc,0.0,0.0,0,btc,0.0,0.0304030827877548,0.0,42
1,[],27,[],2019-05-22 22:14:01,1196.0,0.00000100,0.0000000000771466,7670387,2019-05-22 22:14:01,btc,1.1813845831768,0.0,0.00000100,"btc,eth",1183.4448157,0.0,0.0005960000004921646,42
1,[],12,[],2019-03-13 09:13:29,1112112.0,0.00000001,0.000000000000386531,6919902,2019-03-13 09:13:29,btc,29058.00478931866,0.0,0.00000001,btc,5967681.93306694,9.99000999e-07,0.01112112,43
1,[],5,[],2019-04-26 22:38:52,0.0,0,0,7474154,2019-04-26 22:38:52,btc,0.0,0.02638891,0,btc,0.0,0.0,0.0,43
0,[],17,[],2019-04-26 22:38:53,0.0,0,0,7474155,2019-04-26 22:38:53,btc,0.0,0.0,0,btc,0.0,0.0,0.0,43
1,[],12,[],2019-03-05 01:54:08,639326.02,0.00000004,0.000000000001486676,6845775,2019-03-05 01:54:08,btc,11116042.728239931,0.0,0.00000004,btc,1103841.4595604,0.0003330765234764,0.014975410599999999,44
1,[],4,[],2019-05-22 22:14:02,113516147.70746253,0.00000001,0.000000000000771466,7670388,2019-05-22 22:14:02,btc,291324.2313527405,0.0,0.00000001,"btc,ltc",26226893.20369327,0.00333592,0.11405160974180252,49
0.00000000011397900000000001,[],4,[],2019-05-22 22:14:03,97033941.06902543,5.0150760000000004e-17,3.8689606214160005e-21,7670389,2019-05-22 22:14:03,ltc,21908.840829513683,0.0,0.00000044,ltc,137121693.52910438,0.0,5.573850163183009e-10,52
0,[],22,[],2019-05-22 22:14:05,0.0,0,0,7670390,2019-05-22 22:14:05,,10289.55991011,0.0,0,,308568058.4566013,0.0,0.0,57
0,[],27,[],2019-05-22 22:14:18,0.0,0,0,7670391,2019-05-22 22:14:18,,0.0,0.0,0,"btc,eth",0.0,0.0,0.0,57
0.00000000011397900000000001,[],4,[],2019-05-22 22:14:18,214357559.9970311,1.1397900000000002e-18,8.793092321400001e-23,7670392,2019-05-22 22:14:18,ltc,19.160638263109593,0.0,0.00000001,ltc,6066028100.2256975,0.0,2.443226033090161e-10,58
0,[],12,[],2019-05-22 22:14:20,0.0,0,0,7670393,2019-05-22 22:14:20,btc,4.0000000000000003e-07,0.0,0,btc,3400.0,0.1898979034010989,0.0,58
0.0000000001108818,[],22,[],2019-05-22 22:16:22,126877.0,1.1088179999999999e-18,8.55415387188e-23,7670394,2019-05-22 22:16:22,XMR,68.17454206,0.0,0.00000001,XMR,9626402.6,0.0,0.00126877,58
1,[],17,[],2019-05-03 01:12:09,1200000.0,0.0000000001,0.00000000000000548003,7559085,2019-05-03 01:12:09,btc,1e+24,0.0,0.0000000001,"btc,eth",39516342.31952568,0.0,0.00010000000058666061,58
1,[],5,[],2019-05-22 22:16:24,0.0,0,0,7670395,2019-05-22 22:16:24,btc,0.0,0.00847841,0,btc,0.0,0.0,0.0,61
1,[],22,[],2019-05-22 22:16:26,13613.833333333334,0.00000012,0.000000000009257592,7670396,2019-05-22 22:16:26,BTC,1002.29590883,0.0,0.00000012,BTC,15092.180177125656,0.0,0.00153269,61
1,[],26,[],2019-05-22 22:16:27,0.0,0.00000050,0.0000000000385733,7670397,2019-05-22 22:16:27,btc,0.0,0.0,0.00000050,btc,0.0,0.0,0.0,61
1,[],27,[],2019-05-22 22:16:36,107138.0,0.0000002,0.00000000001542932,7670398,2019-05-22 22:16:36,btc,1.9501982264346656,0.0,0.0000002,"btc,eth",12657.40563696,0.0,0.0013812200003163824,61
0,[],28,[],2019-05-22 22:17:30,0.0,0,0,7670399,2019-05-22 22:17:30,,0.0,677.0,0,,0.0,0.0,0.0,61
1,[],4,[],2019-05-22 22:17:32,1084300.88019794,0.00000094,0.000000000072517804,7670400,2019-05-22 22:17:32,btc,2.8111352970675925,0.0,0.00000094,btc,829468.10152427,0.06304573,0.6808053463476057,67
0.0,[],25,[],2019-05-22 22:17:34,0.0,0,0,7670401,2019-05-22 22:17:34,,0.0,0.0,0.0,btc,0.0,0.0,0.0,67
0,[],12,[],2019-05-22 22:17:35,0.0,0,0,7670402,2019-05-22 22:17:35,btc,0.0,0.0,0,btc,0.0,2.47575025e-05,0.0,71
,[],5,[],2018-11-20 23:02:39,1.5e-07,0.00000005,0.000000000002128045,4862160,2018-11-20 23:02:39,btc,2.84511358,0.0,,btc,0.00036572,0.0,0.07381892,74
1,[],5,[],2019-05-22 22:17:36,0.0,0,0,7670403,2019-05-22 22:17:36,btc,0.0,0.0384,0,btc,0.0,0.0,0.0,75
0,[],4,[],2019-05-22 20:50:10,0.0,0,0,7670173,2019-05-22 20:50:10,,133656.87703970782,0.0,0,,33424209.5909442,0.0,0.0,81
0,[],20,[],2019-01-25 09:30:31,0.0,0,0,6495923,2019-01-25 09:30:31,btc,0.0,0.0,0,btc,0.0,0.0,0.0,81
1,[],4,[],2019-05-22 22:17:38,29779.26709362,0.00006195,0.00000000477923187,7670404,2019-05-22 22:17:38,btc,18.413830149210696,0.0,0.00006195,btc,25141.79065166,1.14160496,0.5746113907990591,82
1,[],21,[],2019-05-22 22:17:39,261262.65083035,0.00006151999999999999374326875579,0.0000000047460588319999995,7670405,2019-05-22 22:17:39,btc,3.7759012405781753,8047.15406356,0.00006151999999999999374326875578589124415884725749492645263671875,btc,51451.3103812,0.50175926,1.620062871688997,82
0,[],17,[],2019-03-25 22:42:34,0.0,0,0,7038780,2019-03-25 22:42:34,btc,0.0445064681804024,0.0,0,btc,995513.18476001,0.0,0.0,84
0.0000000001161485,[],4,[],2019-05-20 13:09:39,216715621.0206096,1.161485e-18,9.0533806701e-23,7657228,2019-05-20 13:09:39,ltc,1.6511566870244727,0.0,0.00000001,ltc,471032407.9048656,0.0,2.5171194308112273e-10,85
,[],22,[],2018-11-20 23:09:34,3408.1,0.0000001,0.0000000000041895,4862324,2018-11-20 23:09:34,BTC,0.04624735,0.0,,BTC,4990.0,0.0,0.00033081,86
1,[],22,[],2019-05-22 22:17:42,85999.0,0.00000001,0.000000000000771466,7670406,2019-05-22 22:17:42,BTC,1.45832026,0.0,0.00000001,BTC,335430.29736842104,1.647e-05,0.00085999,87
0,[],27,[],2019-05-22 22:17:48,0.0,0,0,7670407,2019-05-22 22:17:48,,4.961871848776,0.0,0,btc,25830.03041,0.0,0.0,87
,[],2,[],2018-11-20 23:10:47,0.0,0,0,4862359,2018-11-20 23:10:47,,0.0,0.0,,,0.0,0.0,0.0,88
1,[],11,[],2019-05-22 22:17:51,86225.50968856,0.00011600000000000000068001160258290838100947439670562744140625,0.0000000089490056,7670408,2019-05-22 22:17:51,btc,179.37313775079437,6698.69552379,0.00011600000000000000068001160258290838100947439670562744140625,btc,195755.92133675,0.0,4.874232791498846,89
0,[],2,[],2019-01-20 23:31:45,0.0,0,0,6477083,2019-01-20 23:31:45,,0.0,0.0,0,,0.0,0.0,0.0,91
0,[],12,[],2019-05-22 22:17:53,0.0,0,0,7670409,2019-05-22 22:17:53,btc,0.0,0.0,0,btc,0.0,0.0,0.0,91
1,[],22,[],2019-05-22 22:19:56,75910.55,0.0000002,0.00000000001542932,7670410,2019-05-22 22:19:56,BTC,0.495,0.0,0.0000002,"BTC,LTC",4.95,0.0,0.00165931,91
0,[],17,[],2019-05-03 01:12:26,0.0,0,0,7559096,2019-05-03 01:12:26,btc,0.0,0.0,0,btc,0.0,0.0,0.0,91
1,[],22,[],2019-04-09 20:17:52,374949.73333333334,0.00000015,0.000000000007771935,7235704,2019-04-09 20:17:52,BTC,6.87372503,0.0,0.00000015,"BTC,LTC",159980.01196797504,1.1e-05,0.80510266,95
0.00000000011397900000000001,[],4,[],2019-05-22 22:19:58,541153124.3547393,6.040887000000001e-17,4.6603389303420005e-21,7670411,2019-05-22 22:19:58,ltc,11.355401089356551,0.0,0.00000053,ltc,148725245.787136,0.0,8.148061124231221e-10,96
0,[],12,[],2019-05-22 22:20:00,0.0,0,0,7670412,2019-05-22 22:20:00,btc,0.0,0.0,0,btc,0.0,0.0,0.0,96
0,[],17,[],2019-05-03 01:12:32,0.0,0,0,7559100,2019-05-03 01:12:32,btc,0.0,0.0,0,btc,0.0,0.0,0.0,96
1,[],4,[],2019-04-14 03:32:46,1039404.33283278,0.00000038,0.000000000019245518,7293458,2019-04-14 03:32:46,btc,4.170086055365747,0.0,0.00000038,btc,3097704.34561074,0.06260606,0.1859928211030784,99
0,[],2,[],2019-01-20 23:23:55,0.0,0,0,6476914,2019-01-20 23:23:55,,0.0,0.0,0,,0.0,0.0,0.0,100
1,[],4,[],2019-05-22 22:22:02,187954.09114835,0.00002432,0.000000001876205312,7670413,2019-05-22 22:22:02,btc,6.846889248057509,0.0,0.00002432,btc,126225.37538728,0.16074319,0.6508372555305251,100
1,[],22,[],2019-05-22 22:22:06,150000.0,0.00000002,0.000000000001542932,7670414,2019-05-22 22:22:06,BTC,24.83526409,0.0,0.00000002,BTC,11187.719,0.0,0.0017,101
1,[],4,[],2019-05-22 22:22:08,673443.8024146,0.00000200,0.0000000001542932,7670415,2019-05-22 22:22:08,btc,363.04691225676993,0.0,0.00000200,btc,661521.89461433,0.31041957,0.3568791878286959,103
0,[],12,[],2019-05-22 22:22:10,0.0,0,0,7670416,2019-05-22 22:22:10,btc,0.005943969,0.0,0,btc,1136840.0,0.0420819097599783,0.0,105
0,[],27,[],2019-05-22 22:22:19,0.0,0,0,7670417,2019-05-22 22:22:19,,0.2584268173531397,248347.0,0,btc,614451.85947933,0.00248347,0.0,105
1,[],22,[],2019-04-21 00:17:26,21333.0,0.00000001,0.000000000000532493,7385819,2019-04-21 00:17:26,BTC,51.38182867,0.0,0.00000001,BTC,470435.0,0.0,0.00021333,107
1,[],26,[],2019-04-21 00:17:26,0.0,0.00000000,0,7385820,2019-04-21 00:17:26,btc,0.0,0.0,0.00000000,btc,0.0,0.0,0.0,107
1,[],5,[],2019-05-22 22:22:22,0.0,0,0,7670418,2019-05-22 22:22:22,btc,0.0,0.0,0,btc,0.0,0.0,0.0,112
0,[],22,[],2019-05-22 22:22:25,0.0,0,0,7670419,2019-05-22 22:22:25,,2.79635781,0.0,0,,3274992.0833333335,0.0,0.0,112
1,[],27,[],2019-05-22 22:22:35,1.0,0.00000001,0.000000000000771466,7670420,2019-05-22 22:22:35,btc,1.25032588,0.0,0.00000001,"btc,eth",1819.0,0.0,1e-08,112
1,[],4,[],2019-05-22 22:22:36,440783.63508806,0.00000105,0.00000000008100393,7670421,2019-05-22 22:22:36,btc,4.50512376398154,0.0,0.00000105,btc,543026.38582148,0.05359412,0.232250413919309,113
1,[],5,[],2019-05-22 22:22:37,0.0,0,0,7670422,2019-05-22 22:22:37,btc,0.0,4.64e-06,0,btc,0.0,0.0,0.0,113
1,[],17,[],2019-04-26 02:17:47,162738.278,0.00000004,0.0000000000021069000000000002,7461287,2019-04-26 02:17:47,btc,1.3331140273775473,0.0,0.00000004,btc,51796.221,0.0,0.00230953112,116
1,[],27,[],2019-05-22 05:13:01,210000.0,0.00000001,0.00000000000079145,7666372,2019-05-22 05:13:01,btc,3919.0005001478,0.0,0.00000001,btc,128660.871,0.0,0.0021,116
1,[],4,[],2019-05-21 22:31:11,138169.03963019,0.00000701,0.000000000558364025,7664793,2019-05-21 22:31:11,btc,150.95388250938234,0.0,0.00000701,btc,344631.17141974,0.07552974,0.4288357684941946,120
1,[],7,[],2019-05-21 22:31:12,3901.07750076,0.000010679999999999999389654892212320191902108490467071533203125,0.0000000008506887,7664794,2019-05-21 22:31:12,btc,231188.94669936574,0.0,0.000010679999999999999389654892212320191902108490467071533203125,btc,4133.83151364,0.0,0.0113888422364489,120
1,[],20,[],2019-04-07 18:42:29,1914137.0852,0.000000035,0.0000000000017871910000000002,7211992,2019-04-07 18:42:29,btc,32.2497668025648,25528.85,0.000000035,btc,1001975.4986,0.00089350975,0.0152723574729,125
1,[],22,[],2019-05-22 22:22:40,10000.0,0.00000001,0.000000000000771466,7670423,2019-05-22 22:22:40,BTC,0.032061,0.0,0.00000001,BTC,299316.7611111111,0.0,0.0001,126
1,[],4,[],2019-05-22 22:22:41,2176521.45890449,0.00000567,0.000000000437421222,7670424,2019-05-22 22:22:41,btc,3.226542191054958,0.0,0.00000567,btc,174621.90988066,0.10231673,0.4418295042061093,131
0,[],2,[],2019-01-20 23:25:46,0.0,0,0,6476969,2019-01-20 23:25:46,,0.0,0.0,0,,0.0,0.0,0.0,131
1,[],17,[],2019-05-03 01:13:10,10000.0,0.00000001,0.000000000000548003,7559115,2019-05-03 01:13:10,btc,0.0953976503951408,0.0,0.00000001,btc,5037.62507334,0.0,0.0001,131
1,[],4,[],2019-05-22 22:24:42,4783.94219852,0.00007917,0.000000006107696322,7670425,2019-05-22 22:24:42,btc,5.032821101561924,0.0,0.00007917,btc,203.84599175,0.00175643,0.0096890666497209,135
1,[],3,[],2019-05-22 20:57:20,456341.0025,0.00000002,0.0000000000015658540000000001,7670196,2019-05-22 20:57:20,btc,0.2168360115270351,986846.107254,0.00000002,btc,1789524.65154488,0.0,0.004663410025,136
1,[],4,[],2019-05-22 22:24:44,2358478.23661079,0.00000198,0.000000000152750268,7670426,2019-05-22 22:24:44,btc,106.76882500146567,0.0,0.00000198,btc,443409.41501288,0.01298647,0.5282883483307081,137
0,[],12,[],2019-05-22 22:24:44,0.0,0,0,7670427,2019-05-22 22:24:44,btc,0.0,0.0,0,btc,0.0,5.55e-06,0.0,137
1,[],4,[],2019-05-22 22:24:45,89400.30147739,0.00001701,0.000000001312263666,7670428,2019-05-22 22:24:45,btc,8.298989397458392,0.0,0.00001701,btc,141578.967227,0.49844126,0.9107012759962876,142
1,[],5,[],2019-05-22 22:24:47,0.0,0,0,7670429,2019-05-22 22:24:47,btc,0.0,0.02489942,0,btc,0.0,0.0,0.0,142
1,[],20,[],2019-05-22 22:26:50,220413.0601,0.000015511,0.0000000011966209126,7670430,2019-05-22 22:26:50,btc,1.6082230977424,0.0,0.000015511,btc,9788.8796,0.0,0.0378583371602,142
1,[],22,[],2019-05-22 22:26:55,11028.645,0.00001000,0.000000000771466,7670431,2019-05-22 22:26:55,BTC,3.2754788,0.0,0.00001000,BTC,1133.9993657797618,0.0,0.00745365,142
0.0,[],25,[],2019-05-22 22:26:57,0.0,0,0,7670432,2019-05-22 22:26:57,,0.0,0.0,0.0,btc,0.0,0.0,0.0,142
0,[],28,[],2019-05-22 22:27:47,0.0,0,0,7670433,2019-05-22 22:27:47,,0.0,0.0,0,,0.0,0.0,0.0,142
1,[],17,[],2019-05-03 01:13:16,32967.38636364,0.00000088,0.000000000048224264,7559122,2019-05-03 01:13:16,btc,20.06976206696776,0.0,0.00000088,btc,2746.079105,0.0,0.0105613000000032,142
0,[],22,[],2019-05-22 22:27:49,0.0,0,0,7670434,2019-05-22 22:27:49,,64.8900911,0.0,0,,759279522.8,0.0,0.0,143
0,[],22,[],2019-02-25 15:42:22,0.0,0,0,6783783,2019-02-25 15:42:22,,4.2131946,0.0,0,,2322156.0,0.0,0.0,146
,[],22,[],2018-11-20 23:01:11,0.0,0,0,4862114,2018-11-20 23:01:11,,2.56807021,0.0,,,61828.4988236,0.0,0.0,147
1,[],12,[],2019-04-21 06:38:04,193091.5971266,0.00000071,0.000000000037635183,7388679,2019-04-21 06:38:04,btc,2.301232411611175,0.0,0.00000071,btc,9957.48302385,0.00023528,0.0313308199999888,148
1,[],4,[],2019-03-19 21:31:25,255810.0415942,0.00000029,0.000000000011615747,6982695,2019-03-19 21:31:25,btc,218.94922712414143,0.0,0.00000029,btc,793529.37642722,0.00117,0.0608347789473395,152
0,[],22,[],2019-03-19 21:31:27,0.0,0,0,6982696,2019-03-19 21:31:27,,0.0,0.0,0,,0.0,0.0,0.0,152
1,[],5,[],2019-04-26 09:36:59,0.0,0,0,7465040,2019-04-26 09:36:59,btc,0.0,0.0,0,btc,0.0,0.0,0.0,153
,[],16,[],2019-01-11 15:38:59,0.0,0,0,6366141,2019-01-11 15:38:59,btc,0.0,0.0,,btc,0.0,0.0,0.0,155
0,[],23,[],2019-01-20 23:24:29,0.0,0,0,6476932,2019-01-20 23:24:29,,0.0,0.0,0,,0.0,0.0,0.0,156
0,[],22,[],2019-05-22 22:27:53,0.0,0,0,7670435,2019-05-22 22:27:53,,6.80428951,0.0,0,,4678201.942592593,0.0,0.0,156
1,[],22,[],2019-05-22 22:27:57,7066.0,0.00000800,0.0000000006171728,7670436,2019-05-22 22:27:57,BTC,1.79802465,0.0,0.00000800,BTC,802.6461988741639,0.0,0.00062996,157
0,[],22,[],2019-05-21 23:40:32,0.0,0,0,7665049,2019-05-21 23:40:32,,50234.60468402,0.0,0,,54786159.03179465,0.0,0.0,158
,[],17,[],2018-11-20 22:56:10,0.0,0,0,4861976,2018-11-20 22:56:10,btc,1.1265625,0.0,,btc,1000.0,0.0,0.0,159
,[],20,[],2018-11-20 22:56:12,0.0,0,0,4861977,2018-11-20 22:56:12,btc,11912.7940471,0.0,,btc,34413894.3617,0.0,0.0,159
1,[],12,[],2019-05-22 22:27:58,273.22404372,0.00000366000000000000010966379714039131698655182844959199428558349609375,0.000000000282356556,7670437,2019-05-22 22:27:58,btc,0.0,0.0,0.00000366000000000000010966379714039131698655182844959199428558349609375,btc,0.0,0.0129501535817076,0.0010000000000152,168
1,[],17,[],2019-05-03 01:13:36,42852.0,0.00000002,0.000000000001096006,7559132,2019-05-03 01:13:36,btc,0.04279856251542,0.0,0.00000002,btc,274.46171372,0.0,0.00052852,168
1,[],22,[],2019-05-17 03:01:52,10.0,0.00000001,0.000000000000778341,7642059,2019-05-17 03:01:52,BTC,41.95893009,0.0,0.00000001,BTC,1753972.7737547632,0.0,1e-07,169
1,[],22,[],2019-05-22 22:30:01,291021.0,0.00000005,0.00000000000385733,7670438,2019-05-22 22:30:01,BTC,27.86150319,0.0,0.00000005,BTC,448912.7670123178,4e-06,0.00575725,171
1,[],22,[],2019-05-22 22:30:07,389395.0,0.00000002,0.000000000001542932,7670439,2019-05-22 22:30:07,BTC,24.3994402,0.0,0.00000002,"BTC,LTC",1037115.9936183414,0.00234413,0.0054799,173
1,[],5,[],2019-05-22 22:30:10,0.0,0,0,7670440,2019-05-22 22:30:10,btc,0.0,0.0253855,0,btc,0.0,0.0,0.0,175
1,[],22,[],2019-05-22 22:30:14,90671.0,0.00000001,0.000000000000771466,7670441,2019-05-22 22:30:14,BTC,394.35459412,0.0,0.00000001,BTC,136275.61833431243,0.0,0.00090671,176
1,[],7,[],2019-05-22 22:30:15,0.0,0,0,7670442,2019-05-22 22:30:15,btc,521274.2789985829,999.90881093,0,btc,28589999.08886602,1e-05,0.0,178
0,[],22,[],2019-05-22 22:30:18,0.0,0,0,7670443,2019-05-22 22:30:18,,1.00242428,0.0,0,,57512.0,0.0,0.0,178
0,[],2,[],2019-01-20 23:28:34,0.0,0,0,6477001,2019-01-20 23:28:34,,0.0,0.0,0,,0.0,0.0,0.0,178
0,[],23,[],2019-01-20 23:25:08,0.0,0,0,6476952,2019-01-20 23:25:08,,0.0,0.0,0,,0.0,0.0,0.0,179
1,[],5,[],2019-05-22 22:30:20,0.0,0,0,7670444,2019-05-22 22:30:20,btc,0.0,0.03678976,0,btc,0.0,0.0,0.0,179
0,[],22,[],2019-05-22 22:30:22,0.0,0,0,7670445,2019-05-22 22:30:22,,5.31130572,0.0,0,,13408627.811946675,0.0,0.0,179
1,[],22,[],2019-05-22 22:32:27,664816.2982683983,0.00000132,0.000000000101833512,7670446,2019-05-22 22:32:27,BTC,39.24469304,0.0,0.00000132,"BTC,LTC",118168.40155393437,0.10942367,0.56602024,180
1,[],26,[],2019-05-22 22:32:27,0.0,0.00000250,0.0000000001928665,7670447,2019-05-22 22:32:27,btc,0.0,50.0,0.00000250,btc,0.0,0.0,0.0,180
1,[],17,[],2019-05-03 01:13:56,20504.725000000002,0.0000001,0.00000000000548003,7559141,2019-05-03 01:13:56,btc,5.2010695838400265,0.0,0.0000001,btc,5033.45945,0.0,0.0011504725,180
,[],7,[],2018-11-20 22:58:01,562227.975654,0.00000085,0.000000000036176765,4862015,2018-11-20 22:58:01,btc,21836.6059674,2491.87645172,,btc,749999.041456,0.00211021,0.127565380455,183
,[],5,[],2019-01-10 08:11:41,0.0,0,0,6347036,2019-01-10 08:11:41,btc,82.15055501,0.00261,,btc,1.19002445,0.0,0.0,187
,[],17,[],2018-11-16 20:58:10,4062536.27273,0.00000001,0.000000000000550501,4708775,2018-11-16 20:58:10,btc,3.36492563466,0.195460381006,,"btc,eth",110697919.549,0.0,0.0157628953496,187
1,[],24,[],2019-05-22 21:04:52,0.0,0.000000000014,0.0000000000000010960978,7670219,2019-05-22 21:04:52,btc,0.0,0.0,0.000000000014,btc,0.0,0.0,0.0,187
0,[],22,[],2019-04-25 02:54:07,0.0,0,0,7447896,2019-04-25 02:54:07,,7.54794454,0.0,0,,76361.7243344055,0.0,0.0,191
0,[],22,[],2019-05-22 22:32:32,0.0,0,0,7670448,2019-05-22 22:32:32,,0.0,0.0,0,,0.0,0.0,0.0,197
0,[],23,[],2019-01-20 23:31:41,0.0,0,0,6477079,2019-01-20 23:31:41,,0.0,0.0,0,,0.0,0.0,0.0,199
0,[],22,[],2019-05-22 22:32:34,0.0,0,0,7670449,2019-05-22 22:32:34,,10.16019194,0.0,0,,81003964.0,0.0,0.0,199
1,[],26,[],2019-05-22 22:32:35,0.0,0.00000000,0,7670450,2019-05-22 22:32:35,btc,0.0,0.0,0.00000000,btc,0.0,0.0,0.0,199
0,[],2,[],2019-01-20 23:30:49,0.0,0,0,6477059,2019-01-20 23:30:49,,0.0,0.0,0,,0.0,0.0,0.0,201
1,[],4,[],2019-01-25 15:51:35,2084389.58565343,0.00000936,0.000000000333526752,6499557,2019-01-25 15:51:35,btc,2.0092503037378524,0.0,0.00000936,btc,160195.80207885,0.19272417,1.242687955921835,211
1,[],7,[],2019-05-22 22:32:38,26778401.92775886,0.00000053,0.000000000040887698,7670451,2019-05-22 22:32:38,btc,15200507.785993155,74582.1011189,0.00000053,btc,9927545.63785833,0.0,1.8258783203024647,212
1,[],12,[],2019-01-25 02:44:32,207462.42853209,0.000001080000000000000035831255497387193287295303889550268650054931640625,0.000000000038610756000000006,6493050,2019-01-25 02:44:32,btc,85023.03793723314,0.0,0.000001080000000000000035831255497387193287295303889550268650054931640625,btc,43675.73520027,0.000146250909087,0.0348620860622024,213
1,[],5,[],2019-05-22 22:32:40,0.0,0,0,7670452,2019-05-22 22:32:40,btc,0.0,0.08496435,0,btc,0.0,0.0,0.0,213
1,[],24,[],2019-05-22 22:32:40,0.0,0.000000090000,0.000000000006943194,7670453,2019-05-22 22:32:40,btc,0.0,0.0,0.000000090000,btc,0.0,0.0,0.0,213
1,[],26,[],2019-05-22 22:32:41,0.0,0.00000040,0.00000000003085864,7670454,2019-05-22 22:32:41,btc,0.0,9.8,0.00000040,btc,0.0,0.0,0.0,213
0,[],22,[],2019-05-22 22:32:43,0.0,0,0,7670455,2019-05-22 22:32:43,,9.61085386,0.0,0,,3301587.094064925,0.0,0.0,216
0,[],27,[],2019-05-22 22:33:06,0.0,0,0,7670456,2019-05-22 22:33:06,,64.7931591180052,100.0,0,"btc,ltc",376450.40768,1e-06,0.0,216
1,[],22,[],2019-05-22 22:33:10,288183.0,0.0000002,0.00000000001542932,7670457,2019-05-22 22:33:10,BTC,12054.77128705,0.0,0.0000002,BTC,440104.9742368379,0.01165862,0.03116684,217
1,[],7,[],2019-05-22 22:33:11,0.0,0,0,7670458,2019-05-22 22:33:11,btc,123413.63662914686,0.0,0,btc,137881172.55575436,0.0,0.0,219
0,[],27,[],2019-05-22 22:33:20,0.0,0,0,7670459,2019-05-22 22:33:20,,0.105466823472,0.0,0,btc,3058319.8967,0.0,0.0,219
0,[],28,[],2019-05-22 22:34:08,0.0,0,0,7670460,2019-05-22 22:34:08,,0.0,14307.0,0,,0.0,0.0,0.0,219
1,[],22,[],2019-05-22 22:34:15,172069.0,0.00000004,0.000000000003085864,7670461,2019-05-22 22:34:15,BTC,56.76466137,0.0,0.00000004,BTC,127061.6482738741,0.0,0.00393676,221
1,[],24,[],2019-05-22 22:34:15,0.0,0.000000010000,0.000000000000771466,7670462,2019-05-22 22:34:15,btc,0.0,0.0,0.000000010000,btc,0.0,0.0,0.0,221
1,[],20,[],2019-05-22 22:34:18,18151240.8146,0.000000003,0.0000000000002314398,7670463,2019-05-22 22:34:18,btc,100050.30291136082,1217060.3818,0.000000003,btc,40746110.8166,0.0044837952789,0.0205685052714,224
0,[],22,[],2019-05-22 22:34:21,0.0,0,0,7670464,2019-05-22 22:34:21,,0.0,0.0,0,,0.0,0.0,0.0,224
1,[],26,[],2019-05-22 22:34:21,0.0,0.00000026,0.000000000020058116,7670465,2019-05-22 22:34:21,btc,0.0,0.0,0.00000026,btc,0.0,0.0,0.0,231
1,[],26,[],2019-05-22 22:34:22,0.0,0.00000006,0.000000000004628796,7670466,2019-05-22 22:34:22,btc,0.0,200.0,0.00000006,btc,0.0,0.0,0.0,234
0,[],27,[],2019-05-22 22:34:34,0.0,0,0,7670467,2019-05-22 22:34:34,,0.01134836604,0.0,0,"btc,eth",11462.996,0.0,0.0,234
1,[],4,[],2019-05-22 17:06:12,91780.56053785,0.00000078,0.000000000061977552,7669277,2019-05-22 17:06:12,btc,5.573372450018177,0.0,0.00000078,btc,729173.93529783,0.0,0.0307060663355679,236
1,[],24,[],2019-05-22 17:06:12,0.0,0.000000010000,0.000000000000794584,7669278,2019-05-22 17:06:12,btc,0.0,0.0,0.000000010000,btc,0.0,0.0,0.0,236
1,[],5,[],2019-05-22 22:34:35,0.0,0,0,7670468,2019-05-22 22:34:35,btc,0.0,0.01545172,0,btc,0.0,0.0,0.0,237
1,[],20,[],2019-05-22 22:34:37,121640307.5073,0.000000045,0.000000000003471597,7670469,2019-05-22 22:34:37,btc,58793.159053081195,15056836.2949,0.000000045,btc,42341853.5777,0.7266759105864,0.501772723613,237
1,[],22,[],2019-05-22 22:34:40,318000.0,0.00000003,0.000000000002314398,7670470,2019-05-22 22:34:40,BTC,1.20267422,0.0,0.00000003,BTC,17930.94871794872,0.0,0.00934,237
1,[],4,[],2019-05-22 22:34:42,27426188.89281028,0.00000012,0.000000000009257592,7670471,2019-05-22 22:34:42,btc,2.9188171270352155,0.0,0.00000012,btc,9593884.47634067,0.04691285,0.5937428893721524,238
1,[],5,[],2019-05-22 22:34:43,0.0,0,0,7670472,2019-05-22 22:34:43,btc,0.0,0.00460341,0,btc,0.0,0.0,0.0,238
0,[],22,[],2019-03-12 16:49:32,0.0,0,0,6914458,2019-03-12 16:49:32,,0.40415746,0.0,0,,526736.5639027493,0.0,0.0,249
0,[],22,[],2019-05-22 22:34:47,0.0,0,0,7670473,2019-05-22 22:34:47,,13.40451957,0.0,0,,41944503.3426455,0.0,0.0,252
0,[],28,[],2019-05-22 22:35:25,0.0,0,0,7670474,2019-05-22 22:35:25,,0.0,274246.2,0,,0.0,0.0,0.0,256
1,[],22,[],2019-05-22 22:35:29,1052904.0,0.00000001,0.000000000000771466,7670475,2019-05-22 22:35:29,BTC,21.85868945,0.0,0.00000001,BTC,533933.7509808998,0.00045692,0.01052904,258
1,[],22,[],2019-05-19 18:12:02,400.0,0.00000001,0.0000000000007957800000000001,7653905,2019-05-19 18:12:02,BTC,2.415167,0.0,0.00000001,BTC,157.0,0.0,4e-06,259
1,[],5,[],2019-05-22 22:35:32,0.0,0,0,7670476,2019-05-22 22:35:32,btc,0.0,0.07652521,0,btc,0.0,0.0,0.0,264
1,[],20,[],2019-05-22 22:35:35,908197.2605,0.000000487,0.0000000000375703942,7670477,2019-05-22 22:35:35,btc,1.0269773124774,36634.6264,0.000000487,btc,118705.0756,0.027312249134,0.0101841621829,264
0,[],22,[],2019-04-12 17:57:27,0.0,0,0,7278186,2019-04-12 17:57:27,,66.37522201,0.0,0,,677842.4169881374,0.0,0.0,271
0,[],22,[],2019-05-22 22:35:40,0.0,0,0,7670478,2019-05-22 22:35:40,,33050467.4724609,0.0,0,,14361462970.7,0.0,0.0,272
0,[],28,[],2019-05-22 22:36:24,0.0,0,0,7670479,2019-05-22 22:36:24,,0.0,23981564434.787,0,,0.0,0.0,0.0,272
1,[],22,[],2019-05-22 22:36:29,219930.0,0.00000004,0.000000000003085864,7670480,2019-05-22 22:36:29,BTC,426.77835217,0.0,0.00000004,BTC,248664.3325962929,0.0,0.00739728,281
1,[],22,[],2019-05-22 22:36:32,1102026.4333333333,0.00000003,0.000000000002314398,7670481,2019-05-22 22:36:32,BTC,2.64781496,0.0,0.00000003,"BTC,LTC",814870.03032866,0.00096725,0.0368222,286
0,[],22,[],2019-05-22 22:36:36,0.0,0,0,7670482,2019-05-22 22:36:36,,7337890.5475411,0.0,0,,1584356788.7797825,0.0,0.0,294
