pairValue,buyBook,exchangeId,sellBook,updated,buyTotal,satoshiPrice,usdPrice,exchangeLogId,created,bestPair,sellTotalBtc,volume,pairPrice,activePairs,sellTotal,volumeBtc,buyTotalBtc,coinId
1,[],3,[],2019-03-14 19:12:07,30536.209714675402,0.01289816000000000052738702294163886108435690402984619140625,0.000000496786820376,6931307,2019-03-14 19:12:07,btc,61.164235807301104,0.0,0.01289816000000000052738702294163886108435690402984619140625,btc,28.62659871488,0.0,0.24025313430666895,1
1,[],4,[],2019-03-14 19:12:09,207765.43679581,0.01294500,0.0000004985909145,6931308,2019-03-14 19:12:09,btc,14.15926692496306,0.0,0.01294500,btc,297.80604244,1.4160958,1.283382221360717,1
1,[],10,[],2019-03-14 19:12:12,413745.57529942,0.01030001,0.000000396716215161,6931309,2019-03-14 19:12:12,btc,6522.019609590617,1054.63092587,0.01030001,btc,1089.20424865,0.0,4.4232430137656635,1
1,[],12,[],2019-03-14 19:12:14,107.08009921,0.01290999999999999960087482264725622371770441532135009765625,0.000000497242851,6931310,2019-03-14 19:12:14,btc,0.2938883340779,0.0,0.01290999999999999960087482264725622371770441532135009765625,btc,21.862387,0.0879132688898,0.3381350379221,1
1,[],20,[],2019-03-14 19:12:16,1152.4747,0.01050023,0.00000040442790870300003,6931311,2019-03-14 19:12:16,btc,0.0552085068997,0.0,0.01050023,btc,2.4565,0.0,0.0959864651571,1
1,[],21,[],2019-03-14 19:12:18,2475.0348242,0.01294998999999999976517894851,0.000000498783109839,6931312,2019-03-14 19:12:18,btc,24.9879106037377,13484.53916737,0.01294998999999999976517894850758239044807851314544677734375,"btc,eth",2706.16346911,159.43722274741185,22.929810443388075,1
1,[],22,[],2019-03-14 19:12:36,0.07686088253968254,0.01260000,0.00000048530286,6931313,2019-03-14 19:12:36,BTC,0.31439419,0.0,0.01260000,BTC,0.12751438772928525,0.0,0.00096785,1
1,[],24,[],2019-03-14 19:12:36,0.0,0.000000000000,0,6931314,2019-03-14 19:12:36,btc,0.0,0.0,0.000000000000,btc,0.0,0.0,0.0,1
0.0,[],25,[],2019-03-14 19:12:37,0.0,0,0,6931315,2019-03-14 19:12:37,btc,46.094799997104495,552.26879694,0.0,btc,3474.68878841,7.25,0.0,1
1,[],26,[],2019-03-14 19:12:38,0.0,0,0,6931316,2019-03-14 19:12:38,,0.0,0.0,0,,0.0,0.0,0.0,1
1,[],28,[],2019-03-14 19:12:40,992.9,0.01231000,0.000000474133191,6931317,2019-03-14 19:12:40,btc,0.147901439075,18372.7,0.01231000,btc,7.9421,0.0,0.086101096,1
0,[],2,[],2019-01-20 23:28:45,0.0,0,0,6477011,2019-01-20 23:28:45,,0.0,0.0,0,,0.0,0.0,0.0,1
1,[],5,[],2019-03-14 17:24:32,0.0,0,0,6930423,2019-03-14 17:24:32,btc,0.0,0.0130317,0,btc,0.0,0.0,0.0,1
1,[],5,[],2019-03-14 17:25:27,0.0,0,0,6930433,2019-03-14 17:25:27,btc,0.0,0.02725484,0,btc,0.0,0.0,0.0,2
0,[],22,[],2019-03-14 19:12:56,0.0,0,0,6931318,2019-03-14 19:12:56,,0.0,0.0,0,,0.0,0.0,0.0,2
1,[],5,[],2019-03-14 17:25:43,0.0,0,0,6930435,2019-03-14 17:25:43,btc,0.0,0.06982048,0,btc,0.0,0.0,0.0,3
1,[],12,[],2019-03-14 19:12:59,2711142.90125295,0.000000199,0.0000000000076647039,6931319,2019-03-14 19:12:59,btc,22814.270680604346,0.0,0.000000199,btc,1089344.50172345,0.08060050313098438,0.3703655208025057,3
0,[],28,[],2019-03-14 19:13:05,0.0,0,0,6931320,2019-03-14 19:13:05,,0.0,0.0,0,,0.0,0.0,0.0,3
0,[],2,[],2019-01-20 23:31:32,0.0,0,0,6477077,2019-01-20 23:31:32,,0.0,0.0,0,,0.0,0.0,0.0,4
1,[],4,[],2019-03-14 19:13:06,422277.94281518,0.00000032,0.000000000012325152,6931321,2019-03-14 19:13:06,btc,32.05489163026723,0.0,0.00000032,btc,720784.71980171,0.00129575,0.0528328585412331,4
1,[],12,[],2019-03-14 18:54:58,445940.0,0.00000002,0.000000000000775058,6931149,2019-03-14 18:54:58,btc,1111742.18134448,0.0,0.00000002,btc,753385.33266733,0.00060194,0.00487804,5
0,[],2,[],2019-01-20 23:31:51,0.0,0,0,6477087,2019-01-20 23:31:51,,0.0,0.0,0,,0.0,0.0,0.0,6
1,[],11,[],2019-03-14 19:15:08,4098960.39882,0.00000002,0.000000000000770322,6931322,2019-03-14 19:15:08,btc,9568.115477691588,418120.0,0.00000002,btc,42549212.926142,0.0,0.0489181513342,6
1,[],5,[],2019-03-14 17:25:53,0.0,0,0,6930442,2019-03-14 17:25:53,btc,0.0,0.61146449,0,btc,0.0,0.0,0.0,7
1,[],3,[],2019-03-14 19:15:09,1087.833962084558,0.000154759999999999988719301402539940681890584528446197509765625,0.000000005960751636,6931323,2019-03-14 19:15:09,btc,29.634085403952064,0.0,0.000154759999999999988719301402539940681890584528446197509765625,btc,239.122414578101,0.0,0.03439493781756314,7
1,[],4,[],2019-03-14 19:15:10,88713.673549,0.00022108,0.000000008515139388,6931324,2019-03-14 19:15:10,btc,9.652141789672989,0.0,0.00022108,btc,33879.9553108,6.92262194,7.392424338580538,7
1,[],20,[],2019-02-20 02:16:17,39399275.8418,0.000000001,0.0000000000000390183,6728586,2019-02-20 02:16:17,btc,116.9737569154545,525.0,0.000000001,btc,56932965.8895,5.25e-07,0.0393992758418,8
0,[],2,[],2019-01-20 23:22:42,0.0,0,0,6476876,2019-01-20 23:22:42,,0.0,0.0,0,,0.0,0.0,0.0,9
0,[],23,[],2019-01-20 23:22:48,0.0,0,0,6476878,2019-01-20 23:22:48,,0.0,0.0,0,,0.0,0.0,0.0,9
1,[],4,[],2019-03-14 19:15:15,1381160.23299613,0.00000178,0.00000000006855865800000001,6931325,2019-03-14 19:15:15,btc,7.408472867019434,0.0,0.00000178,btc,2993536.77023577,5.35878089,1.1700868270078923,9
1,[],28,[],2019-03-14 19:15:26,26353.0,0.00000159,0.000000000061240599,6931326,2019-03-14 19:15:26,btc,2708.771108933583,3749753.9,0.00000159,btc,17073.9197,0.0,0.0147295,9
1,[],1,[],2019-02-17 23:31:42,1822507.21,0.00000181000000000000003456111265232042484285557293333113193511962890625,0.000000000066086901,6701244,2019-02-17 23:31:42,btc,3.6990969245,17153386.5,0.00000181000000000000003456111265232042484285557293333113193511962890625,btc,1997391.71,31.11772986,3.2610482446,9
1,[],4,[],2019-02-17 11:22:43,4341674.27126056,0.00000002,0.0000000000007272960000000001,6696112,2019-02-17 11:22:43,btc,0.1997230937751353,0.0,0.00000002,btc,4109766.79808031,0.00215132,0.0479381022052112,10
1,[],5,[],2019-03-14 17:26:01,0.0,0,0,6930446,2019-03-14 17:26:01,btc,0.0,0.22547704,0,btc,0.0,0.0,0.0,12
0,[],2,[],2019-01-20 23:23:08,0.0,0,0,6476890,2019-01-20 23:23:08,,0.0,0.0,0,,0.0,0.0,0.0,12
1,[],4,[],2019-03-14 19:15:27,6521893.49103062,0.00000158,0.000000000060855438,6931327,2019-03-14 19:15:27,btc,13.3187039751049,0.0,0.00000158,btc,5623626.01925406,7.66007653,4.812917811640255,12
0.0,[],25,[],2019-03-14 19:15:29,0.0,0,0,6931328,2019-03-14 19:15:29,,0.0,0.0,0.0,btc,0.0,0.0,0.0,12
1,[],4,[],2019-03-14 19:15:30,32024607.33403126,0.00000746,0.00000000028733010600000003,6931329,2019-03-14 19:15:30,btc,3.4909791482939188,0.0,0.00000746,btc,337486.75814803,2.17271236,1.4291433866121357,13
1,[],10,[],2019-03-14 19:15:32,444472.67441708,0.00000722,0.000000000278086242,6931330,2019-03-14 19:15:32,btc,666802.1908042221,32320.6586812,0.00000722,btc,698069.08064918,0.0,0.326311317932158,13
1,[],21,[],2019-03-14 19:15:34,1540234.51104859,0.000007400000000000000300410737952,0.00000000028501914,6931331,2019-03-14 19:15:34,btc,9.849513014261424,1723156.05701027,0.00000740000000000000030041073795228356857478502206504344940185546875,btc,1200176.36085134,12.6601953,10.671817333862512,13
1,[],4,[],2019-03-14 19:15:36,1184197.36946964,0.00000092,0.000000000035434812,6931332,2019-03-14 19:15:36,btc,5.745004917213058,0.0,0.00000092,btc,1095084.94158739,0.03257469,0.2714132491747143,14
1,[],12,[],2019-03-14 19:15:38,278193.0,0.00000101999999999999997501889774376149233603428001515567302703857421875,0.000000000039286422000000003,6931333,2019-03-14 19:15:38,btc,0.0474281708827536,0.0,0.00000101999999999999997501889774376149233603428001515567302703857421875,btc,9784.35808229,0.0,0.02133689,14
0,[],17,[],2019-03-14 19:15:40,0.0,0,0,6931334,2019-03-14 19:15:40,btc,0.0,0.0,0,btc,0.0,0.0,0.0,14
1,[],26,[],2019-03-14 19:15:40,0.0,0.00000050,0.000000000019258050000000002,6931335,2019-03-14 19:15:40,btc,0.0,0.0,0.00000050,btc,0.0,0.0,0.0,14
0,[],4,[],2019-03-14 19:15:41,0.0,0,0,6931336,2019-03-14 19:15:41,,0.0,0.0,0,,0.0,0.0,0.0,15
,[],12,[],2018-12-01 15:15:48,204241.84496,0.00000489,0.000000000202473384,5260204,2018-12-01 15:15:48,btc,49.5475654835,0.0,,btc,35763.2193806,0.0163153972027625,0.0203389899998,15
0,[],2,[],2019-01-20 23:23:38,0.0,0,0,6476906,2019-01-20 23:23:38,,0.0,0.0,0,,0.0,0.0,0.0,18
1,[],4,[],2019-03-14 19:15:43,24499.6689908,0.00001631,0.000000000628197591,6931337,2019-03-14 19:15:43,btc,4.177719947901981,0.0,0.00001631,btc,17924.13743187,0.02790901,0.0520040347356011,18
1,[],10,[],2019-03-14 19:15:45,782699.64521117,0.00001621,0.0000000006243459809999999,6931338,2019-03-14 19:15:45,btc,15.408422952338851,12188.7076409,0.00001621,btc,13448.47633436,0.0,0.1228767597971303,18
1,[],12,[],2019-03-14 19:15:46,314073.25646699,0.00001601000000000000087429195827493089154813787899911403656005859375,0.0000000006166427610000001,6931339,2019-03-14 19:15:46,btc,33214.72642314908,0.0,0.00001601000000000000087429195827493089154813787899911403656005859375,btc,730.14954321,0.0070573763383357,0.031019067598310898,18
0,[],17,[],2019-03-14 19:15:48,0.0,0,0,6931340,2019-03-14 19:15:48,btc,0.0,0.0,0,btc,0.0,0.0,0.0,18
1,[],5,[],2019-03-14 17:26:24,0.0,0,0,6930461,2019-03-14 17:26:24,btc,0.0,0.0,0,btc,0.0,0.0,0.0,19
0,[],2,[],2019-01-20 23:24:19,0.0,0,0,6476924,2019-01-20 23:24:19,,0.0,0.0,0,,0.0,0.0,0.0,19
1,[],3,[],2019-03-14 19:15:48,120774.23474208228,0.0000174999999999999984669381281054967303134617395699024200439453125,0.0000000006740317499999999,6931341,2019-03-14 19:15:48,btc,0.641055102561654,0.0,0.0000174999999999999984669381281054967303134617395699024200439453125,btc,14655.982436769738,0.0,0.05366695392329471,19
1,[],4,[],2019-03-14 19:15:49,224753.28079166,0.00001927,0.0000000007422052470000001,6931342,2019-03-14 19:15:49,btc,2.3497435685249255,0.0,0.00001927,btc,88140.12696123,0.45728772,2.327276565717532,19
1,[],12,[],2019-03-14 19:15:52,192139.37043686,0.000019369999999999999197586308952168110408820211887359619140625,0.000000000746056857,6931343,2019-03-14 19:15:52,btc,0.7008103744405936,0.0,0.000019369999999999999197586308952168110408820211887359619140625,btc,495.25335574,0.0018890659639772,0.0385671699999306,19
0,[],27,[],2019-03-14 19:15:54,0.0,0,0,6931344,2019-03-14 19:15:54,,0.0,0.0,0,btc,0.0,0.0,0.0,19
1,[],4,[],2019-03-14 19:15:55,2778935.60194824,0.00000012,0.000000000004621932000000001,6931345,2019-03-14 19:15:55,btc,7.382907576317832,0.0,0.00000012,btc,2875865.97746042,0.00047882,0.0776689389049041,20
1,[],4,[],2019-03-14 19:15:57,102903446.2663036,0.00000002,0.000000000000770322,6931346,2019-03-14 19:15:57,btc,39103.55115659408,0.0,0.00000002,btc,53710825.31990362,0.0,1.1438093684467123,21
1,[],12,[],2019-03-14 19:15:59,1424336.0,0.00000001,0.000000000000385161,6931347,2019-03-14 19:15:59,btc,1247.5339230893408,0.0,0.00000001,btc,2594643.96703296,0.0,0.01424336,21
0,[],17,[],2019-03-14 19:16:01,0.0,0,0,6931348,2019-03-14 19:16:01,btc,0.0,0.0,0,btc,0.0,0.0,0.0,21
1,[],12,[],2019-03-14 19:16:02,2740438881.0,0.0000000001,0.00000000000000385161,6931349,2019-03-14 19:16:02,btc,1933693.5941743325,0.0,0.0000000001,btc,1801978468.0523367,0.000234240032867132,0.2740438881,23
0,[],27,[],2019-03-14 19:16:04,0.0,0,0,6931350,2019-03-14 19:16:04,,13.836146978083411,0.0,0,eth,5931606.84014486,0.0,0.0,23
1,[],4,[],2019-03-14 19:16:06,1037988.30902301,0.00000051,0.000000000019643211000000002,6931351,2019-03-14 19:16:06,btc,10.032934608174823,0.0,0.00000051,btc,1628941.3481502,0.04150515,0.2773298814539722,24
1,[],22,[],2019-03-14 19:16:19,11.76,0.00000100,0.000000000038516100000000004,6931352,2019-03-14 19:16:19,BTC,7.415e-05,0.0,0.00000100,BTC,23.919354838709676,0.0,1.176e-05,24
0.0,[],25,[],2019-03-14 19:16:20,0.0,0,0,6931353,2019-03-14 19:16:20,,0.0,0.0,0.0,btc,0.0,0.0,0.0,24
0,[],2,[],2019-01-20 23:25:56,0.0,0,0,6476976,2019-01-20 23:25:56,,0.0,0.0,0,,0.0,0.0,0.0,26
1,[],4,[],2019-03-14 18:56:25,28197748.85984243,0.00000633,0.000000000245305857,6931180,2019-03-14 18:56:25,btc,57.03924994866257,0.0,0.00000633,btc,241479.50236573,0.17171974,0.5519333631236139,26
1,[],10,[],2019-03-14 18:56:27,598772.35701371,0.00000602,0.000000000233292458,6931181,2019-03-14 18:56:27,btc,26.08569883559898,3974.73749124,0.00000602,btc,15156.53027449,0.0,0.1619017138840808,26
1,[],5,[],2019-03-14 17:29:17,0.0,0,0,6930476,2019-03-14 17:29:17,btc,0.0,0.00190164,0,btc,0.0,0.0,0.0,27
1,[],3,[],2019-03-14 19:16:21,8336092.54084747,0.00000001,0.000000000000385161,6931354,2019-03-14 19:16:21,btc,2.0418218644804753,386.5,0.00000001,btc,14897128.34871883,0.0,0.0833609254084747,27
1,[],11,[],2019-03-14 19:16:24,8483578.24590115,0.00000006,0.000000000002310966,6931355,2019-03-14 19:16:24,btc,67506.1992155516,5956.66666667,0.00000006,btc,7966196.08369704,0.0,0.4686349049180229,27
1,[],4,[],2019-03-14 19:16:25,2153752517.369395,0.00000001,0.000000000000385161,6931356,2019-03-14 19:16:25,btc,5.0588593560941675,0.0,0.00000001,"btc,ltc",362750154.7491437,0.26933855,10.043760444700517,29
1,[],7,[],2019-03-14 19:16:27,35612380.93538591,0.00000001,0.000000000000385161,6931357,2019-03-14 19:16:27,btc,44461604.292301685,0.0,0.00000001,btc,52432961.8758189,0.0,0.3561238093538591,29
1,[],4,[],2019-03-14 19:16:30,1777653.42607749,0.00000019,0.000000000007318059000000001,6931358,2019-03-14 19:16:30,btc,2.6825432870182824,0.0,0.00000019,btc,2153011.63767601,0.00803867,0.114244959383252,30
0,[],17,[],2019-03-14 18:56:39,0.0,0,0,6931187,2019-03-14 18:56:39,btc,0.0,0.0,0,btc,0.0,0.0,0.0,30
1,[],4,[],2019-03-14 19:16:42,187320.25611659,0.00005539,0.000000002133406779,6931359,2019-03-14 19:16:42,btc,10.855669221634791,0.0,0.00005539,btc,140827.00721149,0.66894731,2.0934754287654247,31
1,[],21,[],2019-03-14 19:16:43,47930.49349702,0.00005629999999999999967578018234,0.00000000216845643,6931360,2019-03-14 19:16:43,btc,5.582207201109024,104469.15574259,0.000056299999999999999675780182339934754054411314427852630615234375,btc,87830.55318705,5.8004705,2.4193020220572765,31
0,[],2,[],2019-01-20 23:28:43,0.0,0,0,6477009,2019-01-20 23:28:43,,0.0,0.0,0,,0.0,0.0,0.0,32
1,[],4,[],2019-03-14 19:16:47,492254974.2463997,0.00000004,0.000000000001540644,6931361,2019-03-14 19:16:47,btc,8.992033146161148,0.0,0.00000004,"btc,ltc",178096356.00996166,0.30502085,9.448617753812087,33
1,[],12,[],2019-03-14 19:16:49,26119167.964,0.00000004,0.000000000001540644,6931362,2019-03-14 19:16:49,btc,2818230.381206878,0.0,0.00000004,btc,18463570.55844149,0.01108943976024,0.60423744892,33
1,[],5,[],2019-03-14 17:29:46,0.0,0,0,6930487,2019-03-14 17:29:46,btc,0.0,0.01831812,0,btc,0.0,0.0,0.0,34
1,[],4,[],2019-03-14 19:16:50,95465209.32431106,0.00000001,0.000000000000385161,6931363,2019-03-14 19:16:50,btc,3.4253404804690626,0.0,0.00000001,btc,102172555.79850414,0.02323593,0.9546520932431107,34
1,[],5,[],2019-03-14 17:29:50,0.0,0,0,6930489,2019-03-14 17:29:50,btc,0.0,0.0,0,btc,0.0,0.0,0.0,36
0.0000000001443357,[],4,[],2019-03-14 19:16:53,3901616982.0586705,1.443357e-18,5.55924825477e-23,6931364,2019-03-14 19:16:53,ltc,4.813174746150955e-08,0.0,0.00000001,ltc,6806678588.591669,0.0,5.631426182373256e-09,36
0.0000000003408005,[],27,[],2019-03-14 19:17:07,998000.16325,3.408005e-18,1.3126306138050002e-22,6931365,2019-03-14 19:17:07,eth,223.70719070580785,163.0,0.00000001,"ltc,eth",12165396.31058689,5.55504815e-16,1.4404708423568163e-12,36
0,[],17,[],2019-03-14 18:56:50,0.0,0,0,6931194,2019-03-14 18:56:50,btc,0.0746458232965017,0.0,0,btc,4103573.70243647,0.0,0.0,36
1,[],17,[],2019-03-14 18:37:23,1752.74075282,0.00000025,0.0000000000096891,6931020,2019-03-14 18:37:23,btc,0.055484923777095005,0.0,0.00000025,btc,1319.19918473,0.0,0.00043818518820499993,37
1,[],4,[],2019-03-14 19:17:09,220499.69124293,0.00000058,0.000000000022339338,6931366,2019-03-14 19:17:09,btc,19772.482045281806,0.0,0.00000058,btc,557675.2476142,0.00249449,0.0918764396723004,37
1,[],12,[],2019-03-14 19:17:10,436082.48861087003,0.00000059,0.000000000022724499,6931367,2019-03-14 19:17:10,btc,22.246226750995085,0.0,0.00000059,btc,427785.70643319,0.0369055987193221,0.1262900160895107,37
1,[],27,[],2019-03-14 19:17:13,14685.567,0.00000045,0.000000000017332245,6931368,2019-03-14 19:17:13,btc,24.25536383611233,0.0,0.00000045,btc,6518.38138508,0.0,0.00480032515,37
1,[],5,[],2019-03-14 17:30:23,0.0,0,0,6930495,2019-03-14 17:30:23,btc,0.0,0.12110067,0,btc,0.0,0.0,0.0,42
1,[],12,[],2019-03-14 19:17:15,253967.42373841,0.00000089,0.000000000034279329,6931369,2019-03-14 19:17:15,btc,5.58383129922484,0.0,0.00000089,btc,32746.35209236,0.0072126849561736,0.0195421899999915,42
0.0000000003408005,[],27,[],2019-03-14 19:17:17,2000.0,3.408005e-18,1.3126306138050002e-22,6931370,2019-03-14 19:17:17,eth,0.00315028,0.0,0.00000001,"btc,eth",11.007,0.0,6.81601e-15,42
1,[],5,[],2019-03-14 17:08:45,0.0,0,0,6930305,2019-03-14 17:08:45,btc,0.0,0.0,0,btc,0.0,0.0,0.0,43
0,[],17,[],2019-03-14 19:17:20,0.0,0,0,6931371,2019-03-14 19:17:20,btc,0.0,0.0,0,btc,0.0,0.0,0.0,43
1,[],12,[],2019-03-13 09:13:29,1112112.0,0.00000001,0.000000000000386531,6919902,2019-03-13 09:13:29,btc,29058.00478931866,0.0,0.00000001,btc,5967681.93306694,9.99000999e-07,0.01112112,43
1,[],12,[],2019-03-05 01:54:08,639326.02,0.00000004,0.000000000001486676,6845775,2019-03-05 01:54:08,btc,11116042.728239931,0.0,0.00000004,btc,1103841.4595604,0.0003330765234764,0.014975410599999999,44
1,[],4,[],2019-03-14 19:17:21,298279069.1096826,0.00000002,0.000000000000770322,6931372,2019-03-14 19:17:21,btc,941.2378674782724,0.0,0.00000002,"btc,ltc",16917871.14083951,0.00128615,0.2763450396522945,49
0.0000000001443357,[],4,[],2019-03-14 19:17:22,258288824.8073521,1.443357e-18,5.55924825477e-23,6931373,2019-03-14 19:17:22,ltc,25.90165468161384,0.0,0.00000001,ltc,10024567500.036127,0.0,3.728029833074653e-10,52
0,[],22,[],2019-03-14 19:17:33,0.0,0,0,6931374,2019-03-14 19:17:33,,4428.70035091,0.0,0,,311591651.5359664,0.0,0.0,57
0.0000000003408005,[],27,[],2019-03-14 19:17:35,2000.0,3.408005e-18,1.3126306138050002e-22,6931375,2019-03-14 19:17:35,eth,0.0,0.0,0.00000001,"btc,eth",0.0,0.0,6.81601e-15,57
0,[],17,[],2019-03-14 18:57:20,0.0,0,0,6931208,2019-03-14 18:57:20,btc,1e+24,0.0,0,btc,49226522.0897055,0.0,0.0,58
0.0000000001443357,[],4,[],2019-03-14 19:17:37,462532376.1479536,2.886714e-18,1.111849650954e-22,6931376,2019-03-14 19:17:37,ltc,18.657416679208758,0.0,0.00000002,ltc,4761845887.501402,0.0,6.892824496307448e-10,58
1,[],12,[],2019-03-14 19:17:38,1311904788.0,0.0000000003,0.00000000000001155483,6931377,2019-03-14 19:17:38,btc,4023104.0337732676,0.0,0.0000000003,btc,1617263558.9470527,0.001317263493906104,0.3104134305,58
0.0000000001283636,[],22,[],2019-03-14 19:19:19,137438.0,1.283636e-18,4.94406525396e-23,6931378,2019-03-14 19:19:19,XMR,69.1795942,0.0,0.00000001,XMR,9887963.0,0.0,0.00137438,58
1,[],5,[],2019-03-14 17:31:07,0.0,0,0,6930506,2019-03-14 17:31:07,btc,0.0,0.03991373,0,btc,0.0,0.0,0.0,61
1,[],22,[],2019-03-14 19:19:33,13757.0,0.00000012,0.000000000004621932000000001,6931379,2019-03-14 19:19:33,BTC,1002.2960049,0.0,0.00000012,BTC,14976.68361146909,0.0,0.00154987,61
1,[],26,[],2019-03-14 19:19:33,0.0,0.00000800,0.00000000030812880000000003,6931380,2019-03-14 19:19:33,btc,0.0,0.0,0.00000800,btc,0.0,0.0,0.0,61
1,[],27,[],2019-03-14 19:19:37,4411.22008,0.00000047,0.000000000018102567,6931381,2019-03-14 19:19:37,btc,2.8846615703141323,0.0,0.00000047,"btc,eth",19452.59257617,0.0,0.0012437599594665354,61
1,[],28,[],2019-03-14 19:19:38,13880.304,0.0000005,0.000000000019258050000000002,6931382,2019-03-14 19:19:38,btc,2.056312978300105,793.0,0.0000005,btc,9730.59500005,0.0,0.00566391304,61
1,[],4,[],2019-03-14 19:19:40,1464775.77076574,0.00000209,0.00000000008049864900000001,6931383,2019-03-14 19:19:40,btc,9.603182815389022,0.0,0.00000209,btc,808764.97391057,0.23930499,1.3476297735590588,67
0.0,[],25,[],2019-03-14 19:19:41,0.0,0,0,6931384,2019-03-14 19:19:41,,0.0,0.0,0.0,btc,0.0,0.0,0.0,67
1,[],12,[],2019-03-14 19:19:43,2880503.40252423,0.00000011,0.000000000004236771,6931385,2019-03-14 19:19:43,btc,1111115.1580637018,0.0,0.00000011,btc,917671.58202013,0.0056902649495229,0.1443317441918169,71
,[],5,[],2018-11-20 23:02:39,1.5e-07,0.00000005,0.000000000002128045,4862160,2018-11-20 23:02:39,btc,2.84511358,0.0,,btc,0.00036572,0.0,0.07381892,74
1,[],5,[],2019-03-14 17:31:36,0.0,0,0,6930514,2019-03-14 17:31:36,btc,0.0,0.0,0,btc,0.0,0.0,0.0,75
0,[],20,[],2019-01-25 09:30:31,0.0,0,0,6495923,2019-01-25 09:30:31,btc,0.0,0.0,0,btc,0.0,0.0,0.0,81
1,[],4,[],2019-03-14 19:19:46,13407008.89224166,0.00000001,0.000000000000385161,6931386,2019-03-14 19:19:46,btc,11370.022068656366,0.0,0.00000001,btc,39949505.59932191,0.00036,0.1340700889224166,81
1,[],4,[],2019-03-14 19:19:50,24650.51774651,0.00007437,0.0000000028644423570000002,6931387,2019-03-14 19:19:50,btc,18.15929735276599,0.0,0.00007437,btc,12783.81263441,0.01562035,0.1490804969489272,82
1,[],21,[],2019-03-14 19:19:51,920357.9560629,0.00007631000000000000629829521870,0.0000000029391635910000002,6931388,2019-03-14 19:19:51,btc,2.854506431849376,4419.05164523,0.0000763100000000000062982952186985130538232624530792236328125,btc,32728.71983296,0.33783817,3.7705075989484933,82
0,[],17,[],2019-03-14 18:38:48,0.0,0,0,6931043,2019-03-14 18:38:48,btc,0.0447233088476774,0.0,0,btc,999127.19588126,0.0,0.0,84
0.0000000001443357,[],4,[],2019-03-14 19:20:03,170264465.7835764,4.330071e-18,1.667774476431e-22,6931389,2019-03-14 19:20:03,ltc,1.676333872354727,0.0,0.00000003,ltc,387290107.1709562,0.0003984,3.6528670598456376e-10,85
,[],22,[],2018-11-20 23:09:34,3408.1,0.0000001,0.0000000000041895,4862324,2018-11-20 23:09:34,BTC,0.04624735,0.0,,BTC,4990.0,0.0,0.00033081,86
1,[],22,[],2019-03-14 19:20:19,110870.0,0.00000005,0.000000000001925805,6931390,2019-03-14 19:20:19,BTC,2.07858175,0.0,0.00000005,BTC,170145.94736842104,0.0,0.0017035,87
1,[],27,[],2019-03-14 19:20:21,55.0,0.00000001,0.000000000000385161,6931391,2019-03-14 19:20:21,btc,6.990243028036,0.0,0.00000001,btc,7031.67341,0.0,5.5e-07,87
,[],2,[],2018-11-20 23:10:47,0.0,0,0,4862359,2018-11-20 23:10:47,,0.0,0.0,,,0.0,0.0,0.0,88
1,[],11,[],2019-03-14 19:20:23,94017.80430771,0.00014589999999999999562121100193934353228542022407054901123046875,0.00000000561949899,6931392,2019-03-14 19:20:23,btc,611.7873792757456,174.7,0.00014589999999999999562121100193934353228542022407054901123046875,btc,99480.07529736,0.0,6.425731621687666,89
0,[],17,[],2019-03-14 17:57:24,0.0,0,0,6930698,2019-03-14 17:57:24,btc,0.0,0.0,0,btc,0.0,0.0,0.0,91
1,[],12,[],2019-03-14 18:58:38,255458.71959312,0.00000085,0.000000000032939965000000004,6931224,2019-03-14 18:58:38,btc,61.01148882691545,0.0,0.00000085,btc,115757.63830841,0.0090673665454,0.0424503828999804,91
1,[],22,[],2019-03-14 18:58:55,65900.0,0.00000001,0.000000000000387529,6931225,2019-03-14 18:58:55,BTC,3e-06,0.0,0.00000001,BTC,1.0,0.0,0.000659,91
0,[],2,[],2019-01-20 23:31:45,0.0,0,0,6477083,2019-01-20 23:31:45,,0.0,0.0,0,,0.0,0.0,0.0,91
0.0000000001443357,[],22,[],2019-03-14 19:20:31,52834053.0,1.443357e-18,5.55924825477e-23,6931393,2019-03-14 19:20:31,LTC,3.31498785,0.0,0.00000001,LTC,37200566.889473684,0.0,0.52834053,95
0,[],17,[],2019-03-14 18:40:08,0.0,0,0,6931053,2019-03-14 18:40:08,btc,0.0,0.0,0,btc,0.0,0.0,0.0,96
0.0000000001443357,[],4,[],2019-03-14 19:20:32,633307302.1406622,7.5054564e-17,2.8908090924804003e-21,6931394,2019-03-14 19:20:32,ltc,11.88928555678325,0.0,0.00000052,ltc,136158297.0880396,0.00019392,1.5437746559150583e-09,96
0,[],12,[],2019-03-14 19:20:34,0.0,0,0,6931395,2019-03-14 19:20:34,btc,10.665970526643356,0.0,0,btc,3189615.66433565,1.298701299e-07,0.0,96
1,[],4,[],2019-03-14 19:20:35,3640308.49496238,0.00000028,0.000000000010784508,6931396,2019-03-14 19:20:35,btc,2.761879747835,0.0,0.00000028,btc,2553342.51732015,0.09779147,0.5222245187423225,99
0,[],2,[],2019-01-20 23:23:55,0.0,0,0,6476914,2019-01-20 23:23:55,,0.0,0.0,0,,0.0,0.0,0.0,100
1,[],4,[],2019-03-14 19:20:36,309639.87918014,0.00003639,0.000000001401600879,6931397,2019-03-14 19:20:36,btc,12.129720412532746,0.0,0.00003639,btc,185740.76604165,3.4187449,2.3489304364416497,100
1,[],22,[],2019-03-14 19:20:49,120000.0,0.00000002,0.000000000000770322,6931398,2019-03-14 19:20:49,BTC,24.82891609,0.0,0.00000002,BTC,11877.22,0.0,0.0014,101
1,[],4,[],2019-03-14 19:20:49,455234.98732311,0.00000074,0.000000000028501914,6931399,2019-03-14 19:20:49,btc,308.09357079770433,0.0,0.00000074,btc,519179.27537906,0.00321003,0.22641500932171,103
1,[],12,[],2019-03-14 19:20:52,31448777.15887227,0.000000008,0.00000000000030812880000000004,6931400,2019-03-14 19:20:52,btc,3219150.4680407373,0.0,0.000000008,btc,79329865.38665621,0.0031541540915652,0.051209995270978165,105
1,[],27,[],2019-03-14 19:20:54,294987.0,0.00000001,0.000000000000385161,6931401,2019-03-14 19:20:54,btc,36.60958327597041,5012.61,0.00000001,btc,1423539.93761724,5.013e-05,0.00294987,105
1,[],22,[],2019-03-14 19:21:10,9328.0,0.00000001,0.000000000000385161,6931402,2019-03-14 19:21:10,BTC,51.10837004,0.0,0.00000001,BTC,470435.0,0.0,9.328e-05,107
1,[],26,[],2019-03-14 19:21:10,0.0,0.00000000,0,6931403,2019-03-14 19:21:10,btc,0.0,0.0,0.00000000,btc,0.0,0.0,0.0,107
1,[],5,[],2019-03-14 17:33:14,0.0,0,0,6930534,2019-03-14 17:33:14,btc,0.0,0.02431805,0,btc,0.0,0.0,0.0,112
1,[],22,[],2019-03-14 19:21:29,1966.0,0.00000001,0.000000000000385161,6931404,2019-03-14 19:21:29,BTC,2.7975128,0.0,0.00000001,BTC,826524.0833333334,0.0,1.966e-05,112
0.0000000003408005,[],27,[],2019-03-14 19:21:31,2000.0,3.408005e-18,1.3126306138050002e-22,6931405,2019-03-14 19:21:31,eth,1.24996908,0.0,0.00000001,"btc,eth",1289.0,0.0,6.81601e-15,112
1,[],5,[],2019-03-14 17:33:43,0.0,0,0,6930538,2019-03-14 17:33:43,btc,0.0,8.2e-06,0,btc,0.0,0.0,0.0,113
1,[],4,[],2019-03-14 19:21:32,1297544.15124393,0.00000190,0.00000000007318059,6931406,2019-03-14 19:21:32,btc,4.99314876171077,0.0,0.00000190,btc,378259.71964018,0.0215795,0.992739753199749,113
1,[],17,[],2019-03-14 18:20:38,152738.278,0.00000004,0.0000000000015518920000000001,6930891,2019-03-14 18:20:38,btc,1.336803027470367,0.0,0.00000004,btc,51896.221,0.0,0.0022095311199999998,116
0,[],27,[],2019-03-14 19:21:45,0.0,0,0,6931407,2019-03-14 19:21:45,,0.0,0.0,0,btc,0.0,0.0,0.0,116
1,[],4,[],2019-03-14 19:21:46,76659.2822311,0.00004016,0.000000001546806576,6931408,2019-03-14 19:21:46,btc,85.04080592832987,0.0,0.00004016,btc,32455.11306218,0.40372157,1.583060800840169,120
1,[],7,[],2019-03-14 19:21:47,20923.44811556,0.0000288300000000000001035803387505751516073360107839107513427734375,0.000000001110419163,6931409,2019-03-14 19:21:47,btc,126637.40194612606,12.97148638,0.0000288300000000000001035803387505751516073360107839107513427734375,btc,33100.21096066,0.00046082,0.0538453713274468,120
1,[],20,[],2019-03-14 19:21:51,1617845.8388,0.000000034,0.0000000000013095474000000001,6931410,2019-03-14 19:21:51,btc,32.2519317846648,2.0,0.000000034,btc,1028083.5986,6.8e-08,0.0136920929046,125
1,[],22,[],2019-03-14 19:22:02,3053.0,0.00000001,0.000000000000385161,6931411,2019-03-14 19:22:02,BTC,0.01444887,0.0,0.00000001,BTC,296263.5111111111,0.0,3.053e-05,126
0,[],17,[],2019-03-14 18:41:33,0.0,0,0,6931071,2019-03-14 18:41:33,btc,0.0009561751951600001,0.0,0,btc,35.42829368,0.0,0.0,131
0,[],2,[],2019-01-20 23:25:46,0.0,0,0,6476969,2019-01-20 23:25:46,,0.0,0.0,0,,0.0,0.0,0.0,131
1,[],4,[],2019-03-14 19:22:03,135425.71641614,0.00001188,0.00000000045757126800000004,6931412,2019-03-14 19:22:03,btc,3.604835619082829,0.0,0.00001188,btc,124011.19715285,0.13446149,0.5050630259382619,131
1,[],4,[],2019-03-14 19:22:15,4614.12779989,0.00017501,0.000000006740702661,6931413,2019-03-14 19:22:15,btc,1.613653572564154,0.0,0.00017501,btc,215.4148497,0.0,0.0182670299174737,135
1,[],3,[],2019-03-07 00:20:44,877702.73244099,0.00000004,0.00000000000154846,6863392,2019-03-07 00:20:44,btc,0.119366241821405,0.0,0.00000004,btc,760637.99421222,0.0,0.023771231960604298,136
1,[],4,[],2019-03-14 19:22:16,536624.88806641,0.00000130,0.00000000005007093,6931414,2019-03-14 19:22:16,btc,38.62747813257453,0.0,0.00000130,btc,543498.22399525,0.01512751,0.1194556260284603,137
1,[],12,[],2019-03-14 19:22:17,186565.8963786,0.0000013200000000000000673224496983149123252587742172181606292724609375,0.00000000005084125200000001,6931415,2019-03-14 19:22:17,btc,5.050660618016697,0.0,0.0000013200000000000000673224496983149123252587742172181606292724609375,btc,5753.97292841,0.0004190092877436,0.006364713219752,137
1,[],5,[],2019-03-14 17:36:12,0.0,0,0,6930548,2019-03-14 17:36:12,btc,0.0,0.33576467,0,btc,0.0,0.0,0.0,142
1,[],4,[],2019-03-14 19:22:18,7985.42542011,0.00003642,0.000000001402756362,6931416,2019-03-14 19:22:18,btc,28.58837542792759,0.0,0.00003642,btc,49112.71183177,0.23015545,0.1374564049209938,142
1,[],17,[],2019-03-14 19:22:20,22967.386363640002,0.00000088,0.000000000033894168,6931417,2019-03-14 19:22:20,btc,20.069913352655508,0.0,0.00000088,btc,2746.079105,0.0,0.0104613000000032,142
1,[],20,[],2019-03-14 19:22:22,153107.4967,0.00003002,0.000000001156253322,6931418,2019-03-14 19:22:22,btc,0.3369652991522,19.234,0.00003002,btc,2263.1971,0.000577117289,0.3109686262957,142
1,[],22,[],2019-03-14 19:22:30,1470.2803921568627,0.00001020,0.00000000039286422,6931419,2019-03-14 19:22:30,BTC,3.0054103,0.0,0.00001020,BTC,910.5995,0.0,0.00121106,142
0.0,[],25,[],2019-03-14 19:22:32,0.0,0,0,6931420,2019-03-14 19:22:32,,0.0,0.0,0.0,btc,0.0,0.0,0.0,142
1,[],28,[],2019-03-14 19:22:33,76600.0,0.00002270,0.00000000087431547,6931421,2019-03-14 19:22:33,btc,0.067100461059305,864.0,0.00002270,btc,552.61077999,0.0,0.0154572,142
0,[],22,[],2019-03-14 19:22:39,0.0,0,0,6931422,2019-03-14 19:22:39,,65.83990167,0.0,0,,1043231670.8,0.0,0.0,143
0,[],22,[],2019-02-25 15:42:22,0.0,0,0,6783783,2019-02-25 15:42:22,,4.2131946,0.0,0,,2322156.0,0.0,0.0,146
,[],22,[],2018-11-20 23:01:11,0.0,0,0,4862114,2018-11-20 23:01:11,,2.56807021,0.0,,,61828.4988236,0.0,0.0,147
1,[],12,[],2019-03-14 19:22:41,353045.12753666,0.00000259000000000000018984705300872928290800700779072940349578857421875,0.00000000009975669900000001,6931423,2019-03-14 19:22:41,btc,7.930301887985108,0.0,0.00000259000000000000018984705300872928290800700779072940349578857421875,btc,101039.29011106,0.0031581704281632,0.1016848452517907,148
1,[],4,[],2019-03-14 19:22:42,222596.58618964,0.00000029,0.000000000011169669,6931424,2019-03-14 19:22:42,btc,218.9499766032311,0.0,0.00000029,btc,802317.16441471,0.01402441,0.0516121191139276,152
0,[],22,[],2019-03-14 19:24:04,0.0,0,0,6931425,2019-03-14 19:24:04,,0.0,0.0,0,,0.0,0.0,0.0,152
1,[],5,[],2019-03-14 17:36:52,0.0,0,0,6930558,2019-03-14 17:36:52,btc,0.0,0.0,0,btc,0.0,0.0,0.0,153
,[],16,[],2019-01-11 15:38:59,0.0,0,0,6366141,2019-01-11 15:38:59,btc,0.0,0.0,,btc,0.0,0.0,0.0,155
0,[],23,[],2019-01-20 23:24:29,0.0,0,0,6476932,2019-01-20 23:24:29,,0.0,0.0,0,,0.0,0.0,0.0,156
0,[],22,[],2019-03-14 19:25:33,0.0,0,0,6931426,2019-03-14 19:25:33,,6.7463775,0.0,0,,4673391.242592593,0.0,0.0,156
1,[],22,[],2019-03-14 19:28:52,7073.8,0.00005300,0.0000000020413533,6931427,2019-03-14 19:28:52,BTC,1.79802465,0.0,0.00005300,BTC,802.6461988741639,0.0,0.00104336,157
0,[],22,[],2019-03-14 19:31:45,0.0,0,0,6931428,2019-03-14 19:31:45,,50175.67608608,0.0,0,,54079135.04179466,0.0,0.0,158
,[],17,[],2018-11-20 22:56:10,0.0,0,0,4861976,2018-11-20 22:56:10,btc,1.1265625,0.0,,btc,1000.0,0.0,0.0,159
,[],20,[],2018-11-20 22:56:12,0.0,0,0,4861977,2018-11-20 22:56:12,btc,11912.7940471,0.0,,btc,34413894.3617,0.0,0.0,159
1,[],17,[],2019-03-14 18:44:16,29784.95,0.000001,0.0000000000387564,6931088,2019-03-14 18:44:16,btc,0.03026736251542,0.0,0.000001,btc,144.46171372,0.0,0.00716147,168
1,[],12,[],2019-03-14 19:31:47,257961.70476082,0.0000073000000000000004108150451764824850897639407776296138763427734375,0.00000000028116753000000003,6931429,2019-03-14 19:31:47,btc,1.5530294302,0.0,0.0000073000000000000004108150451764824850897639407776296138763427734375,btc,7444.26,0.0191284441409315,0.0974323647221329,168
0,[],22,[],2019-03-14 19:33:41,0.0,0,0,6931430,2019-03-14 19:33:41,,1.13364782,0.0,0,,524897.174707144,0.0,0.0,169
1,[],22,[],2019-03-14 19:36:09,195281.875,0.00000008,0.000000000003081288,6931431,2019-03-14 19:36:09,BTC,12.10180468,0.0,0.00000008,BTC,158793.5516531956,0.00109003,0.00200335,171
1,[],22,[],2019-03-14 19:38:09,853023.3333333334,0.00000006,0.0000000000023109660000000003,6931432,2019-03-14 19:38:09,BTC,1.92944954,0.0,0.00000006,BTC,349845.56955956423,0.0018007,0.02865526,173
1,[],5,[],2019-03-05 01:59:40,0.0,0,0,6845846,2019-03-05 01:59:40,btc,0.0,0.00384852,0,btc,0.0,0.0,0.0,175
1,[],22,[],2019-03-14 19:41:35,35500.0,0.00000012,0.000000000004621932000000001,6931433,2019-03-14 19:41:35,BTC,0.54559973,0.0,0.00000012,BTC,137776.41444619838,0.0,0.00206,176
0,[],2,[],2019-01-20 23:28:34,0.0,0,0,6477001,2019-01-20 23:28:34,,0.0,0.0,0,,0.0,0.0,0.0,178
1,[],7,[],2019-03-14 19:41:39,0.0,0,0,6931434,2019-03-14 19:41:39,btc,410194.03415569593,28849.1508491,0,btc,111625533.09876797,0.00028849,0.0,178
0,[],22,[],2019-03-14 19:42:38,0.0,0,0,6931435,2019-03-14 19:42:38,,1.00242438,0.0,0,,57522.0,0.0,0.0,178
0,[],23,[],2019-01-20 23:25:08,0.0,0,0,6476952,2019-01-20 23:25:08,,0.0,0.0,0,,0.0,0.0,0.0,179
1,[],5,[],2019-03-14 19:42:40,0.0,0,0,6931436,2019-03-14 19:42:40,btc,0.0,0.06732529,0,btc,0.0,0.0,0.0,179
1,[],22,[],2019-03-14 19:44:26,6867106.0,0.00000002,0.000000000000770322,6931437,2019-03-14 19:44:26,BTC,5.63100652,0.0,0.00000002,"BTC,LTC",17355770.756535422,0.0,0.37228284,179
1,[],17,[],2019-03-14 19:44:28,10504.725,0.0000001,0.00000000000385161,6931438,2019-03-14 19:44:28,btc,5.201069583843753,0.0,0.0000001,btc,5033.45945,0.0,0.0010504725,180
1,[],22,[],2019-03-14 19:46:52,24839.304,0.00000125,0.000000000048145125,6931439,2019-03-14 19:46:52,BTC,0.23491093,0.0,0.00000125,"BTC,LTC",73146.91409087184,0.00118934,0.01604913,180
1,[],26,[],2019-03-14 19:46:52,0.0,0.00000125,0.000000000048145125,6931440,2019-03-14 19:46:52,btc,0.0,25.0,0.00000125,btc,0.0,0.0,0.0,180
,[],7,[],2018-11-20 22:58:01,562227.975654,0.00000085,0.000000000036176765,4862015,2018-11-20 22:58:01,btc,21836.6059674,2491.87645172,,btc,749999.041456,0.00211021,0.127565380455,183
,[],5,[],2019-01-10 08:11:41,0.0,0,0,6347036,2019-01-10 08:11:41,btc,82.15055501,0.00261,,btc,1.19002445,0.0,0.0,187
,[],17,[],2018-11-16 20:58:10,4062536.27273,0.00000001,0.000000000000550501,4708775,2018-11-16 20:58:10,btc,3.36492563466,0.195460381006,,"btc,eth",110697919.549,0.0,0.0157628953496,187
1,[],24,[],2019-03-14 19:46:52,0.0,0.000000000001,3.85161e-17,6931441,2019-03-14 19:46:52,btc,0.0,0.0,0.000000000001,btc,0.0,0.0,0.0,187
0,[],22,[],2019-03-14 19:47:50,0.0,0,0,6931442,2019-03-14 19:47:50,,7.54797454,0.0,0,,79361.7243344055,0.0,0.0,191
0,[],22,[],2019-03-14 19:51:07,0.0,0,0,6931443,2019-03-14 19:51:07,,0.0,0.0,0,,0.0,0.0,0.0,197
0,[],23,[],2019-01-20 23:31:41,0.0,0,0,6477079,2019-01-20 23:31:41,,0.0,0.0,0,,0.0,0.0,0.0,199
0,[],22,[],2019-03-14 19:51:46,0.0,0,0,6931444,2019-03-14 19:51:46,,5.19581047,0.0,0,,21561978.0,0.0,0.0,199
1,[],26,[],2019-03-14 19:51:47,0.0,0.00000000,0,6931445,2019-03-14 19:51:47,btc,0.0,127840.0,0.00000000,btc,0.0,0.0,0.0,199
0,[],17,[],2019-01-30 16:32:01,0.0,0,0,6540827,2019-01-30 16:32:01,btc,6.802544163788159,0.0,0,btc,105897.55575295,0.0,0.0,200
0,[],2,[],2019-01-20 23:30:49,0.0,0,0,6477059,2019-01-20 23:30:49,,0.0,0.0,0,,0.0,0.0,0.0,201
1,[],4,[],2019-01-25 15:51:35,2084389.58565343,0.00000936,0.000000000333526752,6499557,2019-01-25 15:51:35,btc,2.0092503037378524,0.0,0.00000936,btc,160195.80207885,0.19272417,1.242687955921835,211
1,[],7,[],2019-03-14 19:51:51,5063792.55391598,0.00000101999999999999997501889774376149233603428001515567302703857421875,0.000000000039286422000000003,6931446,2019-03-14 19:51:51,btc,15476653.839349825,805662.24866,0.00000101999999999999997501889774376149233603428001515567302703857421875,btc,12719886.66450679,0.0,2.503081971530633,212
1,[],12,[],2019-01-25 02:44:32,207462.42853209,0.000001080000000000000035831255497387193287295303889550268650054931640625,0.000000000038610756000000006,6493050,2019-01-25 02:44:32,btc,85023.03793723314,0.0,0.000001080000000000000035831255497387193287295303889550268650054931640625,btc,43675.73520027,0.000146250909087,0.0348620860622024,213
1,[],5,[],2019-03-14 19:51:53,0.0,0,0,6931447,2019-03-14 19:51:53,btc,0.0,0.14649488,0,btc,0.0,0.0,0.0,213
1,[],24,[],2019-03-14 19:51:53,0.0,0.000000220000,0.000000000008473542,6931448,2019-03-14 19:51:53,btc,0.0,0.0,0.000000220000,btc,0.0,0.0,0.0,213
1,[],26,[],2019-03-14 19:51:54,0.0,0.00000010,0.00000000000385161,6931449,2019-03-14 19:51:54,btc,0.0,0.0,0.00000010,btc,0.0,0.0,0.0,213
1,[],22,[],2019-03-14 19:53:38,25000.0,0.00000001,0.000000000000385161,6931450,2019-03-14 19:53:38,BTC,2.2910283,0.0,0.00000001,BTC,748106.3963726171,0.00049,0.00025,216
1,[],27,[],2019-03-14 19:53:40,1298122.0,0.00000003,0.0000000000011554830000000002,6931451,2019-03-14 19:53:40,btc,317.9808126547724,0.0,0.00000003,"btc,ltc",240753.990324,0.0,0.033757640000259805,216
1,[],22,[],2019-03-14 19:55:02,162111.11184210525,0.00000154,0.000000000059314794,6931452,2019-03-14 19:55:02,BTC,12543.58646741,0.0,0.00000154,BTC,425652.5949242761,6.505e-05,0.16831322,217
1,[],7,[],2019-03-14 19:55:05,0.0,0,0,6931453,2019-03-14 19:55:05,btc,77971.81410323446,1000.0,0,btc,135962412.7426053,1e-05,0.0,219
0,[],27,[],2019-03-14 19:55:07,0.0,0,0,6931454,2019-03-14 19:55:07,,0.0404796,0.0,0,btc,2057905.0,0.0,0.0,219
0.0000000000000052,[],28,[],2019-03-14 19:55:14,171578396.705,9.1026e-18,3.5059665186000004e-22,6931455,2019-03-14 19:55:14,doge,96468.2108421225,14386.0,0.00175050,"btc,doge",5214491.80521,0.0,2.493544688178804e-11,219
1,[],22,[],2019-03-14 19:57:00,405511.0,0.00000008,0.000000000003081288,6931456,2019-03-14 19:57:00,BTC,18.10611296,0.0,0.00000008,BTC,101195.54541875875,9.984e-05,0.01929233,221
1,[],24,[],2019-03-14 19:57:00,0.0,0.000000200000,0.00000000000770322,6931457,2019-03-14 19:57:00,btc,0.0,0.0,0.000000200000,btc,0.0,0.0,0.0,221
1,[],20,[],2019-03-14 19:57:02,39845322.5928,0.000000008,0.00000000000030812880000000004,6931458,2019-03-14 19:57:02,btc,49.3942753096225,1292760.2749,0.000000008,btc,14342781.0194,0.0085355943514,0.0447752740653,224
0,[],22,[],2019-03-14 19:57:46,0.0,0,0,6931459,2019-03-14 19:57:46,,0.0,0.0,0,,0.0,0.0,0.0,224
1,[],26,[],2019-03-14 19:57:46,0.0,0.00000035,0.000000000013480635000000001,6931460,2019-03-14 19:57:46,btc,0.0,0.0,0.00000035,btc,0.0,0.0,0.0,231
1,[],26,[],2019-03-14 19:57:46,0.0,0.00000005,0.000000000001925805,6931461,2019-03-14 19:57:46,btc,0.0,0.0,0.00000005,btc,0.0,0.0,0.0,234
0.0000000003408005,[],27,[],2019-03-14 19:57:49,2000.0,3.408005e-18,1.3126306138050002e-22,6931462,2019-03-14 19:57:49,eth,0.01134836604,0.0,0.00000001,"btc,eth",11462.996,0.0,6.81601e-15,234
1,[],4,[],2019-03-14 19:57:50,854684.44601665,0.00000077,0.000000000029657397,6931463,2019-03-14 19:57:50,btc,4.247308171224642,0.0,0.00000077,btc,1221369.79078478,0.07155292,0.2470860858572169,236
1,[],24,[],2019-03-14 19:57:50,0.0,0.000000500000,0.000000000019258050000000002,6931464,2019-03-14 19:57:50,btc,0.0,0.0,0.000000500000,btc,0.0,0.0,0.0,236
1,[],20,[],2019-03-14 19:57:52,230422558.0111,0.000000043,0.0000000000016561923000000002,6931465,2019-03-14 19:57:52,btc,10.5528029916413,2590878.703,0.000000043,btc,32498015.8687,0.1187535133169,0.5271031568843,237
0.0000000001443357,[],22,[],2019-03-14 19:59:39,751594.9,2.4537069e-17,9.450722033109e-22,6931466,2019-03-14 19:59:39,LTC,1.2021423,0.0,0.00000017,LTC,14198.0,0.0,0.12541949,237
1,[],4,[],2019-03-14 19:59:40,7381856.95954616,0.00000033,0.000000000012710313,6931467,2019-03-14 19:59:40,btc,6.164149869630192,0.0,0.00000033,btc,10237268.31280593,0.187381,1.699475217630233,238
1,[],5,[],2019-03-14 19:59:43,0.0,0,0,6931468,2019-03-14 19:59:43,btc,0.0,0.01617458,0,btc,0.0,0.0,0.0,238
0,[],22,[],2019-03-12 16:49:32,0.0,0,0,6914458,2019-03-12 16:49:32,,0.40415746,0.0,0,,526736.5639027493,0.0,0.0,249
0.0000000001443357,[],22,[],2019-03-14 20:00:34,46135735.916666664,5.773428e-18,2.223699301908e-22,6931469,2019-03-14 20:00:34,LTC,0.93019708,0.0,0.00000004,LTC,18228659.353636365,1.4358264291882e-11,1.06356554,252
1,[],28,[],2019-03-14 20:00:41,1922816.817,0.00000058,0.000000000022339338,6931470,2019-03-14 20:00:41,btc,164780.3690290695,302617.6,0.00000058,btc,355034.136,0.0,0.5028617011,256
1,[],22,[],2019-03-14 20:02:03,1335610.3333333333,0.00000003,0.0000000000011554830000000002,6931471,2019-03-14 20:02:03,BTC,31.44660227,0.0,0.00000003,BTC,585817.8568978057,0.00020121,0.01900123,258
1,[],22,[],2019-03-13 00:07:30,47146.0,0.00000001,0.000000000000387233,6917028,2019-03-13 00:07:30,BTC,2.415167,0.0,0.00000001,BTC,157.0,0.0,0.00047146,259
1,[],5,[],2019-03-14 20:02:05,0.0,0,0,6931472,2019-03-14 20:02:05,btc,0.0,0.34165837,0,btc,0.0,0.0,0.0,264
1,[],20,[],2019-03-14 20:02:07,1242782.1049,0.00000153,0.000000000058929633,6931473,2019-03-14 20:02:07,btc,7.1901654164329,69312.9823,0.00000153,btc,100947.7338,0.1507958234199,0.0246059264942,264
0,[],22,[],2019-03-14 20:02:28,0.0,0,0,6931474,2019-03-14 20:02:28,,8.75669439,0.0,0,,483745.2241309945,0.0,0.0,271
0,[],22,[],2019-03-14 20:03:11,0.0,0,0,6931475,2019-03-14 20:03:11,,111821.04152134,0.0,0,,13992847597.692,0.0,0.0,272
0.0000000000000052,[],28,[],2019-03-14 20:03:17,187783921346.905,3.952e-21,1.5221562720000002e-25,6931476,2019-03-14 20:03:17,doge,147666882.2567421,26248597543.8703,0.00000076,doge,244691389521.1349,0.0,4.574759628206698e-10,272
0.0000000001443357,[],22,[],2019-03-14 20:06:11,146111.78,0.000000000000012990213,5.003323429293e-19,6931477,2019-03-14 20:06:11,LTC,383.71000851,0.0,0.00009000,LTC,81279.72782823781,0.0,0.04995193,281
1,[],22,[],2019-03-14 19:11:36,474410.8068181818,0.00000011,0.0000000000042628190000000004,6931305,2019-03-14 19:11:36,BTC,1.28557827,0.0,0.00000011,BTC,240242.51415024497,0.00030964,0.03388582,286
0,[],22,[],2019-03-14 19:11:45,0.0,0,0,6931306,2019-03-14 19:11:45,,1044638.82491154,0.0,0,,702225997.0,0.0,0.0,294
