pairValue,buyBook,exchangeId,sellBook,updated,buyTotal,satoshiPrice,usdPrice,exchangeLogId,created,bestPair,sellTotalBtc,volume,pairPrice,activePairs,sellTotal,volumeBtc,buyTotalBtc,coinId
1,[],3,[],2019-02-07 16:14:36,117.645563078421,0.01275541000000000001202149491064119501970708370208740234375,0.000000435004124935,6614565,2019-02-07 16:14:36,btc,107.06364464782284,0.0,0.01275541000000000001202149491064119501970708370208740234375,btc,21.481064955902,0.0,0.36311699700646893,1
1,[],4,[],2019-02-07 16:14:37,120136.16310524,0.01269589,0.000000432974284615,6614566,2019-02-07 16:14:37,btc,0.8487883949432858,0.0,0.01269589,btc,64.14277322,0.54259797,1.381162619242806,1
1,[],5,[],2019-02-07 16:14:39,0.2530477,0.01212185,0.000000413397511475,6614567,2019-02-07 16:14:39,btc,14577.94219222,0.1465273,0.01212185,btc,35555556.00469118,0.0,1.44398454,1
1,[],10,[],2019-02-07 16:14:42,414737.3478732,0.0115084,0.0000003924767194,6614568,2019-02-07 16:14:42,btc,6532.510130725812,1642.25613299,0.0115084,btc,981.87834869,0.0,4.192305065032291,1
1,[],12,[],2019-02-07 16:14:44,10442.28287283,0.012760000000000000508482145278321695514023303985595703125,0.00000043516066,6614569,2019-02-07 16:14:44,btc,0.3404658891679,0.0,0.012760000000000000508482145278321695514023303985595703125,btc,21.10365341,0.4943584028549,0.4312241773598,1
1,[],20,[],2019-02-07 16:14:46,1149.4911,0.01200002,0.00000040924268207,6614570,2019-02-07 16:14:46,btc,0.0566246204203,0.1109,0.01200002,btc,2.488,0.001330801109,0.0880753462247,1
1,[],21,[],2019-02-07 16:14:47,2718.76229512,0.01279029999999999923920857015,0.00000043619399604999996,6614571,2019-02-07 16:14:47,btc,16.96239953584818,1817.6539299800002,0.01279029999999999923920857014536522910930216312408447265625,"btc,eth",1740.6602916699999,20.86797423109932,27.153506119823412,1
1,[],22,[],2019-02-07 16:15:00,0.0263776,0.01350000,0.00000046039725,6614572,2019-02-07 16:15:00,BTC,0.31397231,0.0,0.01350000,BTC,0.10124366666666666,0.0,0.00034472,1
1,[],24,[],2019-02-07 16:15:00,0.0,0.000000000000,0,6614573,2019-02-07 16:15:00,btc,0.0,0.0,0.000000000000,btc,0.0,0.0,0.0,1
0.0,[],25,[],2019-02-07 16:15:01,0.0,0,0,6614574,2019-02-07 16:15:01,btc,23.883399997581808,2642.92798915,0.0,btc,1809.60100053,33.9102,0.0,1
1,[],26,[],2019-02-07 16:15:11,0.0,0,0,6614575,2019-02-07 16:15:11,,0.0,0.0,0,,0.0,0.0,0.0,1
1,[],28,[],2019-02-07 16:15:16,987.9,0.01131000,0.000000385710585,6614576,2019-02-07 16:15:16,btc,0.162839806,9223.5,0.01131000,btc,8.9,0.0,0.024551096,1
0,[],2,[],2019-01-20 23:28:45,0.0,0,0,6477011,2019-01-20 23:28:45,,0.0,0.0,0,,0.0,0.0,0.0,1
1,[],5,[],2019-02-07 16:15:17,2.139e-05,0.00000074,0.00000000002523659,6614577,2019-02-07 16:15:17,btc,0.14171369,0.01449057,0.00000074,btc,7.264e-05,0.0,0.44553477,2
1,[],22,[],2019-02-07 16:15:22,1348.0,0.00000018,0.00000000000613863,6614578,2019-02-07 16:15:22,BTC,4.22139261,0.0,0.00000018,"BTC,XMR",14654.712016896552,0.0,0.00091235,2
1,[],5,[],2019-02-07 16:15:23,1.25e-06,0.00000016,0.00000000000545656,6614579,2019-02-07 16:15:23,btc,3.46860016,0.02399969,0.00000016,btc,2.204e-05,0.0,2.91000261,3
1,[],12,[],2019-02-07 16:15:24,12323146.7690752,0.000000168,0.000000000005729388,6614580,2019-02-07 16:15:24,btc,921361.6052574656,0.0,0.000000168,btc,8539217.72821069,0.12092759874757723,0.5202556568562609,3
0,[],28,[],2019-02-07 16:15:29,0.0,0,0,6614581,2019-02-07 16:15:29,,0.0,0.0,0,,0.0,0.0,0.0,3
0,[],2,[],2019-01-20 23:31:32,0.0,0,0,6477077,2019-01-20 23:31:32,,0.0,0.0,0,,0.0,0.0,0.0,4
1,[],4,[],2019-02-07 16:15:29,533434.06468973,0.00000034,0.00000000001159519,6614582,2019-02-07 16:15:29,btc,0.4093910446345538,0.0,0.00000034,btc,362500.44285228,0.00110897,0.0920378381198968,4
1,[],12,[],2019-02-06 17:43:51,1519183.5219999999,0.00000004,0.000000000001361944,6605019,2019-02-06 17:43:51,btc,11013878.268140282,0.0,0.00000004,btc,964899.39031991,0.0009933149650351,0.02495011044,5
0,[],2,[],2019-01-20 23:31:51,0.0,0,0,6477087,2019-01-20 23:31:51,,0.0,0.0,0,,0.0,0.0,0.0,6
1,[],11,[],2019-02-07 16:15:31,8318409.4999525,0.00000002,0.00000000000068207,6614583,2019-02-07 16:15:31,btc,9433.370902412096,59800.0,0.00000002,btc,41665225.78502706,0.0,0.13003967499905,6
1,[],3,[],2019-02-07 16:15:31,1066.558051320279,0.000150559999999999995050348200464895853656344115734100341796875,0.00000000513462296,6614584,2019-02-07 16:15:31,btc,27.600142753279105,0.0,0.000150559999999999995050348200464895853656344115734100341796875,btc,234.145665820227,0.0,0.03053197781660925,7
1,[],4,[],2019-02-07 16:15:32,16793.92689019,0.00019122,0.00000000652127127,6614585,2019-02-07 16:15:32,btc,1.6003880652777536,0.0,0.00019122,btc,7406.39776475,2.2793108,2.7584413048855927,7
1,[],5,[],2019-02-07 16:15:33,0.0057308,0.00019110,0.00000000651717885,6614586,2019-02-07 16:15:33,btc,1.52652655,0.69766575,0.00019110,btc,0.01201648,0.0,1.6107791,7
1,[],20,[],2019-02-07 16:15:35,66461509.91,0.000000001,0.0000000000000341035,6614587,2019-02-07 16:15:35,btc,116.1438201078162,0.0,0.000000001,btc,34971545.2889,0.0,0.06646150991,8
1,[],1,[],2019-02-07 16:15:36,2414060.74,0.00000190000000000000001990053087597143388620679615996778011322021484375,0.00000000006479665,6614588,2019-02-07 16:15:36,btc,2.8301012996,10092884.53,0.00000190000000000000001990053087597143388620679615996778011322021484375,btc,1459007.67,19.07411604,4.513578738,9
1,[],4,[],2019-02-07 16:15:37,457519.65560363,0.00000188,0.00000000006411458,6614589,2019-02-07 16:15:37,btc,0.8697880473217257,0.0,0.00000188,btc,443061.87026668,0.95632549,0.83263570913368,9
1,[],28,[],2019-02-07 16:15:42,34500.0,0.00000165,0.000000000056270775,6614590,2019-02-07 16:15:42,btc,2708.7727397804,1748663.0,0.00000165,btc,15437.14,0.0,0.02854,9
0,[],2,[],2019-01-20 23:22:42,0.0,0,0,6476876,2019-01-20 23:22:42,,0.0,0.0,0,,0.0,0.0,0.0,9
0,[],23,[],2019-01-20 23:22:48,0.0,0,0,6476878,2019-01-20 23:22:48,,0.0,0.0,0,,0.0,0.0,0.0,9
1,[],4,[],2019-02-04 22:10:59,7341799.37826053,0.00000002,0.000000000000693444,6584299,2019-02-04 22:10:59,btc,0.1999615409270056,0.0,0.00000002,btc,4135980.29534268,0.00062922,0.0786653918652106,10
1,[],4,[],2019-02-07 16:15:43,2161911.33339286,0.00000155,0.000000000052860425,6614591,2019-02-07 16:15:43,btc,0.9061470071331994,0.0,0.00000155,btc,560420.87148664,1.42985383,3.0467218625383268,12
1,[],5,[],2019-02-07 16:15:44,2.42e-05,0.00000150,0.00000000005115525,6614592,2019-02-07 16:15:44,btc,0.57197639,0.65971838,0.00000150,btc,0.00011969,0.0,0.14761367,12
0.0,[],25,[],2019-02-07 16:15:45,0.0,0,0,6614593,2019-02-07 16:15:45,,0.0,0.0,0.0,btc,0.0,0.0,0.0,12
0,[],2,[],2019-01-20 23:23:08,0.0,0,0,6476890,2019-01-20 23:23:08,,0.0,0.0,0,,0.0,0.0,0.0,12
1,[],4,[],2019-02-07 16:15:46,1315161.80718102,0.00000710,0.00000000024213485,6614594,2019-02-07 16:15:46,btc,0.5415389488777608,0.0,0.00000710,btc,70043.19636719,2.44559431,1.367901813690164,13
1,[],10,[],2019-02-07 16:15:48,488346.61412895,0.0000071,0.00000000024213485,6614595,2019-02-07 16:15:48,btc,666810.413566439,22600.4872335,0.0000071,btc,743827.25375458,0.0,0.3654363847651131,13
1,[],21,[],2019-02-07 16:15:49,1197890.46952442,0.000007240000000000000138244450609,0.00000000024690934,6614596,2019-02-07 16:15:49,btc,12.947226659281709,4576252.24116638,0.000007240000000000000138244450609281699371422291733324527740478515625,btc,1451787.81510534,33.64811842,7.690317899725222,13
1,[],4,[],2019-02-07 16:15:50,1188363.36918897,0.00000165,0.000000000056270775,6614597,2019-02-07 16:15:50,btc,0.1034313300246277,0.0,0.00000165,btc,47725.79450352,0.00067996,0.5044773285145715,14
1,[],12,[],2019-02-07 16:15:51,90014.82089552,0.000001560000000000000098813643899242631363222244544886052608489990234375,0.000000000053201460000000004,6614598,2019-02-07 16:15:51,btc,1.7637269231737391,0.0,0.000001560000000000000098813643899242631363222244544886052608489990234375,btc,28186.00592497,0.0,0.0119181099999968,14
0,[],17,[],2019-02-07 16:15:52,0.0,0,0,6614599,2019-02-07 16:15:52,btc,0.0,0.0,0,btc,0.0,0.0,0.0,14
1,[],26,[],2019-02-07 16:15:53,0.0,0.00000049,0.000000000016710715,6614600,2019-02-07 16:15:53,btc,0.0,0.0,0.00000049,btc,0.0,0.0,0.0,14
0,[],4,[],2019-02-07 16:15:53,0.0,0,0,6614601,2019-02-07 16:15:53,,0.0,0.0,0,,0.0,0.0,0.0,15
,[],12,[],2018-12-01 15:15:48,204241.84496,0.00000489,0.000000000202473384,5260204,2018-12-01 15:15:48,btc,49.5475654835,0.0,,btc,35763.2193806,0.0163153972027625,0.0203389899998,15
1,[],4,[],2019-02-07 16:15:55,24051.61505585,0.00001813,0.000000000618296455,6614602,2019-02-07 16:15:55,btc,2.30564282135051,0.0,0.00001813,btc,12016.18085914,0.01153051,0.0651877544526114,18
1,[],10,[],2019-02-07 16:15:57,788649.16673349,0.00001803,0.000000000614886105,6614603,2019-02-07 16:15:57,btc,15.590506491795074,2473.67379147,0.00001803,btc,12645.29016306,0.0,0.2784603367920199,18
1,[],12,[],2019-02-07 16:15:58,200930.8529719,0.00001715000000000000012390262427164344671837170608341693878173828125,0.000000000584875025,6614604,2019-02-07 16:15:58,btc,0.1849869253847518,0.0,0.00001715000000000000012390262427164344671837170608341693878173828125,btc,1671.0944549399999,0.0263300780297698,0.0195896810328408,18
0,[],17,[],2019-02-07 16:15:59,0.0,0,0,6614605,2019-02-07 16:15:59,btc,0.0,0.0,0,btc,0.0,0.0,0.0,18
0,[],2,[],2019-01-20 23:23:38,0.0,0,0,6476906,2019-01-20 23:23:38,,0.0,0.0,0,,0.0,0.0,0.0,18
1,[],3,[],2019-02-07 16:15:59,124758.14365308046,0.0000219200000000000001939247373794472650843090377748012542724609375,0.00000000074754872,6614606,2019-02-07 16:15:59,btc,0.45107325351261507,0.25649122807,0.0000219200000000000001939247373794472650843090377748012542724609375,btc,5277.846595376325,0.0,0.10119951923151552,19
1,[],4,[],2019-02-07 16:16:00,274182.4108162,0.00002371,0.000000000808593985,6614607,2019-02-07 16:16:00,btc,0.3197138038937465,0.0,0.00002371,btc,11599.88176945,0.75127698,3.3740306287490354,19
1,[],5,[],2019-02-07 16:16:01,0.00014046,0.00002500,0.0000000008525875,6614608,2019-02-07 16:16:01,btc,0.28725372,0.12022826,0.00002500,btc,0.00301038,0.0,0.05917816,19
1,[],12,[],2019-02-07 16:16:02,134818.05129513,0.0000242899999999999995255184348508237235364504158496856689453125,0.000000000828374015,6614609,2019-02-07 16:16:02,btc,0.0295369567672791,0.0,0.0000242899999999999995255184348508237235364504158496856689453125,btc,304.41205384,0.00012896,0.0318675859587077,19
0,[],27,[],2019-02-07 16:16:03,0.0,0,0,6614610,2019-02-07 16:16:03,,0.0,0.0,0,btc,0.0,0.0,0.0,19
0,[],2,[],2019-01-20 23:24:19,0.0,0,0,6476924,2019-01-20 23:24:19,,0.0,0.0,0,,0.0,0.0,0.0,19
1,[],4,[],2019-02-07 16:16:05,8042346.97209016,0.00000013,0.000000000004433455,6614611,2019-02-07 16:16:05,btc,0.8115322781103699,0.0,0.00000013,btc,1594753.31171721,0.0,0.255683087491571,20
1,[],4,[],2019-02-07 15:37:48,122053349.60142225,0.00000002,0.000000000000680712,6614333,2019-02-07 15:37:48,btc,0.6180741885789393,0.0,0.00000002,btc,16106474.62765048,0.0046349,1.4506445762382854,21
1,[],12,[],2019-02-07 15:37:49,19032664.0,0.00000002,0.000000000000680712,6614334,2019-02-07 15:37:49,btc,669.7788089732579,0.0,0.00000002,btc,8561851.65434831,0.0,0.25358563,21
0,[],17,[],2019-02-07 15:37:51,0.0,0,0,6614335,2019-02-07 15:37:51,btc,0.0,0.0,0,btc,0.0,0.0,0.0,21
1,[],12,[],2019-02-07 16:16:06,2368050481.043896,0.0000000002,0.0000000000000068207000000000006,6614612,2019-02-07 16:16:06,btc,625864717664.0361,0.0,0.0000000002,btc,4307294021.295916,0.013404761361538576,0.25552660155558976,23
0,[],27,[],2019-02-07 16:16:08,0.0,0,0,6614613,2019-02-07 16:16:08,,0.426429,0.0,0,eth,426429.0,0.0,0.0,23
1,[],4,[],2019-02-07 16:16:09,384746.71271625,0.00000076,0.00000000002591866,6614614,2019-02-07 16:16:09,btc,0.0788468230181309,0.0,0.00000076,btc,71601.8360392,0.00336436,0.1979755500306844,24
1,[],22,[],2019-02-07 16:16:12,11.76,0.00000100,0.0000000000341035,6614615,2019-02-07 16:16:12,BTC,7.415e-05,0.0,0.00000100,BTC,23.919354838709676,0.0,1.176e-05,24
0.0,[],25,[],2019-02-07 16:16:13,0.0,0,0,6614616,2019-02-07 16:16:13,,0.0,0.0,0.0,btc,0.0,0.0,0.0,24
1,[],4,[],2019-02-07 16:16:14,27834676.26447843,0.00000635,0.000000000216557225,6614617,2019-02-07 16:16:14,btc,0.4001281503544677,0.0,0.00000635,btc,32666.93704374,0.13694103,0.4212894322003391,26
1,[],10,[],2019-02-07 16:16:16,731035.99291014,0.00000594,0.00000000020257479,6614618,2019-02-07 16:16:16,btc,25.97341982546473,26.05242634,0.00000594,btc,12929.64354258,0.0,0.2082208533237493,26
0,[],2,[],2019-01-20 23:25:56,0.0,0,0,6476976,2019-01-20 23:25:56,,0.0,0.0,0,,0.0,0.0,0.0,26
1,[],3,[],2019-02-07 16:16:17,5577476.463013779,0.00000002,0.00000000000068207,6614619,2019-02-07 16:16:17,btc,2.512979286177026,250030.100458,0.00000002,btc,16145309.5169197,0.0,0.055863968871761295,27
1,[],5,[],2019-02-07 16:16:19,3e-08,0.00000002,0.00000000000068207,6614620,2019-02-07 16:16:19,btc,1.19000911,9.135e-05,0.00000002,btc,4.377e-05,0.0,0.11603357,27
1,[],11,[],2019-02-07 16:16:20,10064996.7912115,0.00000005,0.000000000001705175,6614621,2019-02-07 16:16:20,btc,370.63310344475406,219.9,0.00000005,btc,8170877.7193934005,0.0,0.4661206184459823,27
1,[],4,[],2019-02-07 16:16:21,558477315.4750108,0.00000003,0.000000000001023105,6614622,2019-02-07 16:16:21,btc,4.216573787657936,0.0,0.00000003,"btc,ltc",135514404.7474349,0.74384933,7.460270489253707,29
1,[],7,[],2019-02-07 16:16:22,67894558.79464416,0.00000002,0.00000000000068207,6614623,2019-02-07 16:16:22,btc,44465205.88704614,8361342.28454,0.00000002,btc,45149970.47761401,0.25076522,0.9374455119241781,29
1,[],4,[],2019-02-07 16:16:23,1563820.14918832,0.00000030,0.00000000001023105,6614624,2019-02-07 16:16:23,btc,0.2641299073736075,0.0,0.00000030,btc,557407.08549148,0.00385349,0.1303154771470896,30
0,[],17,[],2019-02-07 16:16:24,0.0,0,0,6614625,2019-02-07 16:16:24,btc,0.0,0.0,0,btc,0.0,0.0,0.0,30
1,[],4,[],2019-02-07 16:16:25,1145008.2245029,0.00006701,0.000000002285275535,6614626,2019-02-07 16:16:25,btc,0.7282072355232596,0.0,0.00006701,btc,9321.70075608,0.92126861,2.622865794600746,31
1,[],21,[],2019-02-07 16:16:26,79562.07534827,0.00006779999999999999460258137685,0.0000000023122172999999997,6614627,2019-02-07 16:16:26,btc,6.132028764063164,143643.31584263,0.00006779999999999999460258137684576240644673816859722137451171875,btc,82455.9823309,9.62822296,4.892387672686957,31
0,[],2,[],2019-01-20 23:28:43,0.0,0,0,6477009,2019-01-20 23:28:43,,0.0,0.0,0,,0.0,0.0,0.0,32
1,[],4,[],2019-02-07 16:16:26,165383297.4804588,0.00000005,0.000000000001705175,6614628,2019-02-07 16:16:26,btc,2.114901358391784,0.0,0.00000005,"btc,ltc",42414460.59160099,0.44600421,3.4907331968239443,33
1,[],12,[],2019-02-07 16:16:27,16457991.0,0.00000005,0.000000000001705175,6614629,2019-02-07 16:16:27,btc,34508783.63683956,0.0,0.00000005,btc,89346112.57142834,0.018642302947055,0.57475032,33
1,[],4,[],2019-02-07 16:16:28,126941713.56515794,0.00000001,0.000000000000341035,6614630,2019-02-07 16:16:28,btc,0.7575870685451427,0.0,0.00000001,btc,25252902.28483809,1.27321685,1.2694171356515793,34
1,[],5,[],2019-02-07 16:16:29,3e-08,0.00000002,0.00000000000068207,6614631,2019-02-07 16:16:29,btc,3.73580522,1.24853598,0.00000002,btc,1.394e-05,0.0,0.95470692,34
0.0000000000976241,[],4,[],2019-02-07 16:16:30,1279273217.304,2.9287229999999996e-18,9.987970483049999e-23,6614632,2019-02-07 16:16:30,ltc,7.885602262650177e-09,0.0,0.00000003,ltc,1618860090.4188836,0.0,2.44945405431077e-09,36
1,[],5,[],2019-02-07 16:16:32,0.0,0,0,6614633,2019-02-07 16:16:32,btc,193.43224275,0.0,0,btc,1.295e-05,0.0,0.0,36
0,[],17,[],2019-02-07 16:16:35,0.0,0,0,6614634,2019-02-07 16:16:35,btc,0.14174362831151513,0.00010908,0,btc,10815166.27743647,0.0,0.0,36
0.0000000000976241,[],27,[],2019-02-07 16:16:37,1000000.0,1.9524819999999997e-18,6.6586469887e-23,6614635,2019-02-07 16:16:37,ltc,252.8263276744,0.0,0.00000002,"ltc,eth",3711879.06,0.0,1.9524819999999997e-12,36
1,[],4,[],2019-02-07 16:16:38,247861.43834602,0.00000132,0.00000000004501662,6614636,2019-02-07 16:16:38,btc,0.4427830607158529,0.0,0.00000132,btc,246438.16505651,0.06668147,0.1401119752084737,37
1,[],12,[],2019-02-07 16:16:39,406914.31848032,0.000001399999999999999936647356556240762159859514213167130947113037109375,0.0000000000477449,6614637,2019-02-07 16:16:39,btc,1338.9015968536482,0.0,0.000001399999999999999936647356556240762159859514213167130947113037109375,btc,786334.61100677,0.0759255250956182,0.1973440688675609,37
1,[],17,[],2019-02-07 16:16:41,1752.74075282,0.00000025,0.000000000008525875,6614638,2019-02-07 16:16:41,btc,0.0554849239637843,0.0,0.00000025,btc,1387.19918473,0.0,0.00043818518820499993,37
1,[],27,[],2019-02-07 16:16:43,16833.0,0.00000052,0.00000000001773382,6614639,2019-02-07 16:16:43,btc,51.75602025030353,0.0,0.00000052,btc,29579.81438508,0.0,0.00570484,37
1,[],5,[],2019-02-07 16:16:45,1.636e-05,0.00000094,0.00000000003205729,6614640,2019-02-07 16:16:45,btc,0.0948829,0.10089122,0.00000094,btc,0.00010021,0.0,0.03909905,42
1,[],12,[],2019-02-07 16:16:46,148991.63332196,0.000001049999999999999899545958213786800428124479367397725582122802734375,0.000000000035808674999999995,6614641,2019-02-07 16:16:46,btc,88.50719839602445,0.0,0.000001049999999999999899545958213786800428124479367397725582122802734375,btc,100465.62143082,0.0159813806793226,0.0523308700000068,42
0,[],27,[],2019-02-07 16:16:48,0.0,0,0,6614642,2019-02-07 16:16:48,,0.00315028,0.0,0,"btc,eth",11.007,0.0,0.0,42
1,[],5,[],2019-02-07 16:16:50,6e-08,0.00000003,0.000000000001023105,6614643,2019-02-07 16:16:50,btc,6.02525735,0.00013935,0.00000003,btc,1.425e-05,0.0,0.55357086,43
1,[],12,[],2019-02-07 16:16:51,6732536.0,0.00000002,0.00000000000068207,6614644,2019-02-07 16:16:51,btc,20007456.464629132,0.0,0.00000002,btc,38831539.08731268,0.0002989498701298,0.0673685,43
0,[],17,[],2019-02-07 16:16:53,0.0,0,0,6614645,2019-02-07 16:16:53,btc,0.0,0.0,0,btc,0.0,0.0,0.0,43
1,[],12,[],2019-02-07 16:16:54,847476.0,0.00000006,0.0000000000020462099999999996,6614646,2019-02-07 16:16:54,btc,11115166.92821945,0.0,0.00000006,btc,1019915.29170827,0.0008536296503505,0.02448442,44
1,[],4,[],2019-02-07 16:16:55,224810817.3035031,0.00000002,0.00000000000068207,6614647,2019-02-07 16:16:55,btc,0.18953499455754347,0.0,0.00000002,"btc,ltc",4813519.79374585,0.00922704,0.4265976464812368,49
0.00000000009777460000000001,[],4,[],2019-02-07 16:05:25,4307248735.62457,9.77746e-19,3.33105351502e-23,6614449,2019-02-07 16:05:25,ltc,4.645173503954475,0.0,0.00000001,ltc,1858812192.1939266,0.0,4.21139522226198e-09,52
0,[],22,[],2019-02-07 11:01:20,0.0,0,0,6611885,2019-02-07 11:01:20,,3693.16121,0.0,0,,247835727.90882352,0.0,0.0,57
0,[],27,[],2019-02-07 11:01:24,0.0,0,0,6611886,2019-02-07 11:01:24,,0.0,0.0,0,"btc,eth",0.0,0.0,0.0,57
0.0000000000976241,[],4,[],2019-02-07 16:16:56,1402720047.3473074,4.881205e-18,1.664661747175e-22,6614648,2019-02-07 16:16:56,ltc,3.2811308266471966,0.0,0.00000005,ltc,1054525367.1813433,0.000499,5.085434671732208e-09,58
1,[],12,[],2019-02-07 16:16:57,2021061305.843957,0.0000000005,0.00000000000001705175,6614649,2019-02-07 16:16:57,btc,224005484921.83893,0.0,0.0000000005,btc,3037277767.5713983,0.03299331135272528,0.7255702465011392,58
0,[],17,[],2019-02-07 16:16:59,0.0,0,0,6614650,2019-02-07 16:16:59,btc,1e+24,0.0,0,btc,41616695.95832568,0.0,0.0,58
0.0000000001270444,[],22,[],2019-02-07 16:17:04,137438.0,1.2704439999999999e-18,4.3326586953999995e-23,6614651,2019-02-07 16:17:04,XMR,69.8835922,0.0,0.00000001,XMR,9887963.0,0.0,0.00137438,58
1,[],5,[],2019-02-07 16:17:05,6.11e-06,0.00000062,0.00000000002114417,6614652,2019-02-07 16:17:05,btc,0.25445916,0.00049674,0.00000062,btc,0.00010937,0.0,0.03215307,61
1,[],22,[],2019-02-07 16:17:09,5111.5,0.00000011,0.000000000003751385,6614653,2019-02-07 16:17:09,BTC,1002.29606732,0.0,0.00000011,BTC,15028.700278135757,0.0,0.00051178,61
1,[],26,[],2019-02-07 16:17:09,0.0,0.00000800,0.000000000272828,6614654,2019-02-07 16:17:09,btc,0.0,0.0,0.00000800,btc,0.0,0.0,0.0,61
1,[],27,[],2019-02-07 16:17:11,100.0,0.00000032,0.00000000001091312,6614655,2019-02-07 16:17:11,btc,0.168858184,12.58,0.00000032,"btc,eth",188.1888,0.0055352,3.1e-05,61
1,[],28,[],2019-02-07 16:17:13,6884.304,0.0000006,0.0000000000204621,6614656,2019-02-07 16:17:13,btc,2.059333633700105,421.0,0.0000006,btc,10745.10450005,0.0,0.00216611304,61
1,[],4,[],2019-02-07 15:06:51,453695.70756365,0.00000222,0.000000000075694452,6613665,2019-02-07 15:06:51,btc,0.8804240054924207,0.0,0.00000222,btc,238849.33892753,0.170326,0.5847748816644609,67
0.0,[],25,[],2019-02-07 15:06:52,0.0,0,0,6613666,2019-02-07 15:06:52,,0.0,0.0,0.0,btc,0.0,0.0,0.0,67
1,[],12,[],2019-02-07 16:17:14,2690393.87634767,0.00000031,0.000000000010572085,6614657,2019-02-07 16:17:14,btc,11115996.508198056,0.0,0.00000031,btc,2032988.75184815,0.1122098335999681,0.0946224524411123,71
,[],5,[],2018-11-20 23:02:39,1.5e-07,0.00000005,0.000000000002128045,4862160,2018-11-20 23:02:39,btc,2.84511358,0.0,,btc,0.00036572,0.0,0.07381892,74
1,[],5,[],2019-01-25 15:53:51,3.303e-05,0.00000156,0.000000000055588884,6499610,2019-01-25 15:53:51,btc,1.42844212,0.0,0.00000156,btc,0.00015937,0.0,0.49487621,75
1,[],4,[],2019-02-07 16:17:15,61335380.82492337,0.00000001,0.000000000000341035,6614658,2019-02-07 16:17:15,btc,0.7643178127338421,0.0,0.00000001,btc,14463797.09306941,0.0,0.6133538082492337,81
0,[],20,[],2019-01-25 09:30:31,0.0,0,0,6495923,2019-01-25 09:30:31,btc,0.0,0.0,0,btc,0.0,0.0,0.0,81
1,[],4,[],2019-02-07 16:17:17,23959.73248661,0.00007400,0.000000002523659,6614659,2019-02-07 16:17:17,btc,0.7913396406281472,0.0,0.00007400,btc,7264.91687225,0.00010461,0.0991421083489899,82
1,[],21,[],2019-02-07 16:17:17,55588.355313789994,0.00007553000000000000360191043658,0.000000002575837355,6614660,2019-02-07 16:17:17,btc,3.55315046499049,2160.19182472,0.00007553000000000000360191043657920317855314351618289947509765625,btc,40578.46965039,0.16490005,3.0609657829419583,82
0,[],17,[],2019-02-07 10:02:39,0.0,0,0,6611495,2019-02-07 10:02:39,btc,0.0447233088476774,0.0,0,btc,999127.19588126,0.0,0.0,84
0.0000000000976241,[],4,[],2019-02-07 16:17:18,341280858.83561593,1.0738650999999999e-17,3.662255843785e-22,6614661,2019-02-07 16:17:18,ltc,0.19569063222837532,0.0,0.00000011,ltc,69005746.0619822,0.0,1.3645214463085068e-09,85
,[],22,[],2018-11-20 23:09:34,3408.1,0.0000001,0.0000000000041895,4862324,2018-11-20 23:09:34,BTC,0.04624735,0.0,,BTC,4990.0,0.0,0.00033081,86
1,[],22,[],2019-02-07 16:17:22,740.0,0.00000005,0.000000000001705175,6614662,2019-02-07 16:17:22,BTC,2.07746772,0.0,0.00000005,BTC,141362.94736842104,0.0,3.7e-05,87
0,[],27,[],2019-02-07 16:17:24,0.0,0,0,6614663,2019-02-07 16:17:24,,0.0,0.0,0,btc,0.0,0.0,0.0,87
,[],2,[],2018-11-20 23:10:47,0.0,0,0,4862359,2018-11-20 23:10:47,,0.0,0.0,,,0.0,0.0,0.0,88
1,[],11,[],2019-02-07 16:17:26,95784.22717359,0.00017249999999999999166465369793144191135070286691188812255859375,0.000000005882853749999999,6614664,2019-02-07 16:17:26,btc,246.6964989053347,1499.60728162,0.00017249999999999999166465369793144191135070286691188812255859375,btc,188382.66666149,0.0,6.487741933198813,89
0,[],2,[],2019-01-20 23:31:45,0.0,0,0,6477083,2019-01-20 23:31:45,,0.0,0.0,0,,0.0,0.0,0.0,91
1,[],12,[],2019-02-07 16:06:01,447989.10410970997,0.0000045100000000000000182601329890008656775535200722515583038330078125,0.000000000153649837,6614467,2019-02-07 16:06:01,btc,1115.2481519349533,0.0,0.0000045100000000000000182601329890008656775535200722515583038330078125,btc,38150.62182398,0.0145410874403577,0.094109039699719,91
0,[],17,[],2019-02-07 16:06:02,0.0,0,0,6614468,2019-02-07 16:06:02,btc,0.0,0.0,0,btc,0.0,0.0,0.0,91
0.0000000000976241,[],22,[],2019-02-07 16:17:29,15683133.4,4.881205e-18,1.664661747175e-22,6614665,2019-02-07 16:17:29,LTC,8.67851395,0.0,0.00000005,LTC,74815734.1,3.1047914811935e-11,0.65099279,95
1,[],4,[],2019-02-07 16:17:30,138139286.29855493,0.00000001,0.000000000000341035,6614666,2019-02-07 16:17:30,btc,0.8509309911924833,0.0,0.00000001,"btc,ltc",43411066.84945478,0.02300798,0.07428398538315112,96
1,[],12,[],2019-02-07 16:17:31,510480.0,0.00000001,0.000000000000341035,6614667,2019-02-07 16:17:31,btc,255063.4738565456,0.0,0.00000001,btc,8815502.33297676,0.002010324035964,0.0051048000000000005,96
0,[],17,[],2019-02-07 16:17:32,0.0,0,0,6614668,2019-02-07 16:17:32,btc,0.0,0.0,0,btc,0.0,0.0,0.0,96
1,[],4,[],2019-02-07 16:17:33,1709767.99552166,0.00000033,0.000000000011254155,6614669,2019-02-07 16:17:33,btc,0.1981720293491579,0.0,0.00000033,btc,366404.12644951,0.06632782,0.2048964355648961,99
0,[],2,[],2019-01-20 23:23:55,0.0,0,0,6476914,2019-01-20 23:23:55,,0.0,0.0,0,,0.0,0.0,0.0,100
1,[],4,[],2019-02-07 16:17:34,86915.42382846,0.00004277,0.000000001458606695,6614670,2019-02-07 16:17:34,btc,1.0469500326466004,0.0,0.00004277,btc,21920.25593234,1.67286081,3.203273887144923,100
1,[],22,[],2019-02-07 16:17:38,50000.0,0.00000001,0.000000000000341035,6614671,2019-02-07 16:17:38,BTC,23.50383609,0.0,0.00000001,BTC,11277.22,0.0,0.0005,101
1,[],4,[],2019-02-07 16:17:38,156145.07996844,0.00000108,0.00000000003683178,6614672,2019-02-07 16:17:38,btc,0.407573547110271,0.0,0.00000108,btc,147598.10889835,0.02974584,0.1051586705467113,103
1,[],12,[],2019-02-07 16:17:42,64568842.51348939,0.000000017,0.0000000000005797595,6614673,2019-02-07 16:17:42,btc,138279421.57056555,0.0,0.000000017,btc,128773857.8506422,0.05055219185355409,0.4241140651989309,105
1,[],27,[],2019-02-07 16:17:44,10161405.89,0.00000001,0.000000000000341035,6614674,2019-02-07 16:17:44,btc,0.6352172764892299,0.0,0.00000001,btc,710769.89060553,0.0,0.1016140589,105
0,[],22,[],2019-02-07 16:17:46,0.0,0,0,6614675,2019-02-07 16:17:46,,1.07253299,0.0,0,,94300.0,0.0,0.0,107
1,[],26,[],2019-02-07 16:17:47,0.0,0.00000000,0,6614676,2019-02-07 16:17:47,btc,0.0,0.0,0.00000000,btc,0.0,0.0,0.0,107
1,[],5,[],2019-02-07 16:17:48,3e-08,0.00000002,0.00000000000068207,6614677,2019-02-07 16:17:48,btc,2.83600336,0.04698434,0.00000002,btc,1.649e-05,0.0,0.11473378,112
1,[],22,[],2019-02-07 16:17:51,16972.0,0.00000002,0.00000000000068207,6614678,2019-02-07 16:17:51,BTC,2.85883288,0.0,0.00000002,BTC,1508529.0833333333,0.0,0.00016978,112
0.0000000003077127,[],27,[],2019-02-07 16:17:53,500000.0,3.077127e-18,1.049408006445e-22,6614679,2019-02-07 16:17:53,eth,1.25132491849924,0.0,0.00000001,"btc,eth",1327.641654,0.0,1.5385635e-12,112
1,[],4,[],2019-02-07 16:17:54,429492.71480749,0.00000327,0.000000000111518445,6614680,2019-02-07 16:17:54,btc,0.4942585786221032,0.0,0.00000327,btc,96868.48427584,0.81690347,0.1358483356276226,113
1,[],5,[],2019-02-07 16:17:55,1.72e-05,0.00000304,0.00000000010367464,6614681,2019-02-07 16:17:55,btc,2.16779997,0.00617017,0.00000304,btc,0.00299621,0.0,0.21501797,113
1,[],17,[],2019-02-07 16:17:57,174538.724,0.00000004,0.00000000000136414,6614682,2019-02-07 16:17:57,btc,1.3368030274027858,0.0,0.00000004,btc,51896.221,0.0,0.00308154896,116
0,[],27,[],2019-02-07 16:17:58,0.0,0,0,6614683,2019-02-07 16:17:58,,0.0,0.0,0,btc,0.0,0.0,0.0,116
1,[],4,[],2019-02-07 16:17:59,51339.36388247,0.00002964,0.00000000101082774,6614684,2019-02-07 16:17:59,btc,0.6126413241498954,0.0,0.00002964,btc,15652.3921276,1.50126533,1.0942888703676095,120
1,[],7,[],2019-02-07 16:18:00,14740.90456953,0.00001796000000000000083899033553880286717685521580278873443603515625,0.00000000061249886,6614685,2019-02-07 16:18:00,btc,88979.72138625574,0.28810141,0.00001796000000000000083899033553880286717685521580278873443603515625,btc,29862.33620841,1e-05,0.12659321534267662,120
1,[],20,[],2019-02-07 16:18:02,1549391.8094,0.000000015,0.0000000000005115525,6614686,2019-02-07 16:18:02,btc,33.8676994051903,101693.2653,0.000000015,btc,1088185.3985,0.0016235127101,0.0081106482167,125
1,[],22,[],2019-02-07 16:18:06,3053.0,0.00000001,0.000000000000341035,6614687,2019-02-07 16:18:06,BTC,0.01444889,0.0,0.00000001,BTC,296264.5111111111,0.0,3.053e-05,126
1,[],4,[],2019-02-07 16:18:07,146485.06808906,0.00001680,0.0000000005729388,6614688,2019-02-07 16:18:07,btc,0.4900546963272492,0.0,0.00001680,btc,24607.86963068,0.23398618,0.7659147151288095,131
0,[],17,[],2019-02-07 16:18:09,0.0,0,0,6614689,2019-02-07 16:18:09,btc,0.0009561751951600001,0.0,0,btc,35.42829368,0.0,0.0,131
0,[],2,[],2019-01-20 23:25:46,0.0,0,0,6476969,2019-01-20 23:25:46,,0.0,0.0,0,,0.0,0.0,0.0,131
1,[],4,[],2019-02-07 16:18:10,4688.10084033,0.00016025,0.000000005465085875,6614690,2019-02-07 16:18:10,btc,1.6395359375119936,0.0,0.00016025,btc,296.13066201,0.0,0.0200975861490631,135
1,[],3,[],2019-02-07 16:18:10,1829520.72562326,0.00000005,0.000000000001705175,6614691,2019-02-07 16:18:10,btc,0.1411360942326417,19659.0857143,0.00000005,btc,454728.04303932,0.0,0.0673435711089435,136
1,[],4,[],2019-02-07 16:18:11,66422.91028883,0.00000170,0.00000000005797595,6614692,2019-02-07 16:18:11,btc,0.0735955503647304,0.0,0.00000170,btc,34595.33886607,0.0330396,0.0824866447648699,137
1,[],12,[],2019-02-07 16:18:12,314737.341042,0.00000172000000000000004922169442866941579950434970669448375701904296875,0.00000000005865802,6614693,2019-02-07 16:18:12,btc,11982.951872725613,0.0,0.00000172000000000000004922169442866941579950434970669448375701904296875,btc,161412.07415961,0.0001719156574788,0.0571872886776125,137
1,[],5,[],2019-02-07 16:18:15,0.00192339,0.00005800,0.000000001978003,6614694,2019-02-07 16:18:15,btc,26.92375236,4.29508817,0.00005800,btc,0.07205317,0.0,1.55128519,142
1,[],17,[],2019-02-07 16:18:16,12500.0,0.0000001,0.00000000000341035,6614695,2019-02-07 16:18:16,btc,20.261021578972002,0.0,0.0000001,btc,5931.99821453,0.0,0.00125,142
1,[],20,[],2019-02-07 16:18:18,150326.5745,0.00005003,0.0000000017061981049999999,6614696,2019-02-07 16:18:18,btc,3.151803900361,13078.2882,0.00005003,btc,6584.4685,0.774112724934,0.2780110206664,142
1,[],22,[],2019-02-07 16:18:21,1029.9,0.00001010,0.00000000034444535,6614697,2019-02-07 16:18:21,BTC,3.00715926,0.0,0.00001010,BTC,897.098503144654,0.00023804,0.00083399,142
0.0,[],25,[],2019-02-07 16:18:23,0.0,0,0,6614698,2019-02-07 16:18:23,,0.0,0.0,0.0,btc,0.0,0.0,0.0,142
1,[],28,[],2019-02-07 16:18:24,79065.0,0.00004400,0.000000001500554,6614699,2019-02-07 16:18:24,btc,0.0389372,1428.2967,0.00004400,btc,775.0,0.0,0.0535837,142
0,[],22,[],2019-02-07 16:18:27,0.0,0,0,6614700,2019-02-07 16:18:27,,60.29967435,0.0,0,,812206579.8,0.0,0.0,143
1,[],21,[],2019-02-07 16:18:28,34905134.37951518,0.00000027,0.000000000009207945000000001,6614701,2019-02-07 16:18:28,btc,52.10709684318726,3630262.40264866,0.00000027,btc,89014578.62651265,0.98625812,5.438054318905787,145
0,[],22,[],2019-02-07 16:09:46,0.0,0,0,6614504,2019-02-07 16:09:46,,3.33248929,0.0,0,,1970827.5,0.0,0.0,146
,[],22,[],2018-11-20 23:01:11,0.0,0,0,4862114,2018-11-20 23:01:11,,2.56807021,0.0,,,61828.4988236,0.0,0.0,147
1,[],12,[],2019-02-07 16:18:29,8687327.0625161,0.000003360000000000000017360245185837896997327334247529506683349609375,0.00000000011458776,6614702,2019-02-07 16:18:29,btc,16.52940156199079,0.0,0.000003360000000000000017360245185837896997327334247529506683349609375,btc,115886.52191469,6.006e-05,0.1224653499998346,148
1,[],4,[],2019-02-07 16:18:30,308094.76333392,0.00000028,0.00000000000954898,6614703,2019-02-07 16:18:30,btc,0.9213010290140818,0.0,0.00000028,btc,819380.83819925,0.0,0.0682596103593739,152
0,[],22,[],2019-02-07 16:18:32,0.0,0,0,6614704,2019-02-07 16:18:32,,0.0,0.0,0,,0.0,0.0,0.0,152
1,[],5,[],2019-02-07 16:18:34,0.0,0,0,6614705,2019-02-07 16:18:34,btc,4.42293222,0.0,0,btc,0.00161275,0.0,0.0,153
,[],16,[],2019-01-11 15:38:59,0.0,0,0,6366141,2019-01-11 15:38:59,btc,0.0,0.0,,btc,0.0,0.0,0.0,155
0,[],23,[],2019-01-20 23:24:29,0.0,0,0,6476932,2019-01-20 23:24:29,,0.0,0.0,0,,0.0,0.0,0.0,156
0,[],22,[],2019-02-07 16:09:55,0.0,0,0,6614509,2019-02-07 16:09:55,,6.74512347,0.0,0,,4576272.742592593,0.0,0.0,156
1,[],22,[],2019-02-07 16:18:37,7906.0,0.00000801,0.000000000273169035,6614706,2019-02-07 16:18:37,BTC,43.78801181,0.0,0.00000801,BTC,1067.5805334758436,0.0,0.00743836,157
0,[],22,[],2019-02-07 16:18:40,0.0,0,0,6614707,2019-02-07 16:18:40,,50175.6753658,0.0,0,,54007107.04179466,0.0,0.0,158
,[],17,[],2018-11-20 22:56:10,0.0,0,0,4861976,2018-11-20 22:56:10,btc,1.1265625,0.0,,btc,1000.0,0.0,0.0,159
,[],20,[],2018-11-20 22:56:12,0.0,0,0,4861977,2018-11-20 22:56:12,btc,11912.7940471,0.0,,btc,34413894.3617,0.0,0.0,159
1,[],12,[],2019-02-07 16:10:13,194352.85607689,0.00000921999999999999981571165152960389832514920271933078765869140625,0.000000000314113414,6614512,2019-02-07 16:10:13,btc,6.687979197676056,0.0,0.00000921999999999999981571165152960389832514920271933078765869140625,btc,14898.20582472,0.0027173605206475,0.0920420299963734,168
1,[],17,[],2019-02-07 16:10:15,29784.95,0.000001,0.0000000000340687,6614513,2019-02-07 16:10:15,btc,0.03026736251542,0.0,0.000001,btc,144.46171372,0.0,0.00716147,168
0,[],22,[],2019-02-07 16:10:18,0.0,0,0,6614514,2019-02-07 16:10:18,,1.14688224,0.0,0,,677302.5900917595,0.0,0.0,169
1,[],22,[],2019-02-07 16:18:44,227058.58333333334,0.00000024,0.00000000000818484,6614708,2019-02-07 16:18:44,BTC,10.32930825,0.0,0.00000024,BTC,126343.56590535682,0.00238269,0.02329406,171
1,[],22,[],2019-02-07 16:18:47,254452.31547619047,0.00000024,0.00000000000818484,6614709,2019-02-07 16:18:47,BTC,2.65399414,0.0,0.00000024,BTC,233702.17029413482,3.6e-05,0.02448675,173
1,[],5,[],2019-02-07 16:18:49,1.726e-05,0.00000313,0.000000000106743955,6614710,2019-02-07 16:18:49,btc,0.35340794,0.01765644,0.00000313,btc,0.00028454,0.0,0.69430734,175
1,[],22,[],2019-02-07 16:18:52,55549.25714285715,0.0000006,0.0000000000204621,6614711,2019-02-07 16:18:52,BTC,0.60174195,0.0,0.0000006,BTC,138668.9862135585,0.00633741,0.01981357,176
1,[],7,[],2019-02-07 16:22:13,0.0,0,0,6614800,2019-02-07 16:22:13,btc,233187.71500949297,1130.0,0,btc,114404160.23150693,1.13e-05,0.0,178
0,[],22,[],2019-02-07 16:18:56,0.0,0,0,6614713,2019-02-07 16:18:56,,1.00242428,0.0,0,,57512.0,0.0,0.0,178
0,[],2,[],2019-01-20 23:28:34,0.0,0,0,6477001,2019-01-20 23:28:34,,0.0,0.0,0,,0.0,0.0,0.0,178
0,[],23,[],2019-01-20 23:25:08,0.0,0,0,6476952,2019-01-20 23:25:08,,0.0,0.0,0,,0.0,0.0,0.0,179
1,[],5,[],2019-02-07 16:18:57,3e-08,0.00000002,0.00000000000068207,6614714,2019-02-07 16:18:57,btc,16.86669649,0.1106899,0.00000002,btc,2.088e-05,0.0,0.92923018,179
1,[],22,[],2019-02-07 16:19:03,8322534.0,0.00000002,0.00000000000068207,6614715,2019-02-07 16:19:03,BTC,5.47074158,0.0,0.00000002,"BTC,LTC",17544007.068656635,4.65e-05,0.39371052,179
1,[],17,[],2019-02-07 16:19:04,10504.725,0.0000001,0.00000000000341035,6614716,2019-02-07 16:19:04,btc,5.206166879877106,0.0,0.0000001,btc,6755.0074587,0.0,0.0010504725,180
1,[],22,[],2019-02-07 16:19:09,30971.945454545454,0.00000011,0.000000000003751385,6614717,2019-02-07 16:19:09,BTC,0.09735554,0.0,0.00000011,"BTC,LTC",18112.07093258778,0.0,0.00327637,180
1,[],26,[],2019-02-07 16:19:10,0.0,0.00000010,0.00000000000341035,6614718,2019-02-07 16:19:10,btc,0.0,50.0,0.00000010,btc,0.0,0.0,0.0,180
,[],7,[],2018-11-20 22:58:01,562227.975654,0.00000085,0.000000000036176765,4862015,2018-11-20 22:58:01,btc,21836.6059674,2491.87645172,,btc,749999.041456,0.00211021,0.127565380455,183
,[],5,[],2019-01-10 08:11:41,0.0,0,0,6347036,2019-01-10 08:11:41,btc,82.15055501,0.00261,,btc,1.19002445,0.0,0.0,187
,[],17,[],2018-11-16 20:58:10,4062536.27273,0.00000001,0.000000000000550501,4708775,2018-11-16 20:58:10,btc,3.36492563466,0.195460381006,,"btc,eth",110697919.549,0.0,0.0157628953496,187
1,[],24,[],2019-02-07 16:19:10,0.0,0.000000000001,3.41035e-17,6614719,2019-02-07 16:19:10,btc,0.0,0.0,0.000000000001,btc,0.0,0.0,0.0,187
0,[],22,[],2019-02-07 16:10:48,0.0,0,0,6614527,2019-02-07 16:10:48,,1.19383767,0.0,0,,14406.036201072173,0.0,0.0,191
0,[],22,[],2019-02-07 16:19:15,0.0,0,0,6614720,2019-02-07 16:19:15,,0.0,0.0,0,,0.0,0.0,0.0,197
1,[],26,[],2019-02-07 16:22:22,0.0,0.00000000,0,6614804,2019-02-07 16:22:22,btc,0.0,776343.0,0.00000000,btc,0.0,0.0,0.0,199
0,[],23,[],2019-01-20 23:31:41,0.0,0,0,6477079,2019-01-20 23:31:41,,0.0,0.0,0,,0.0,0.0,0.0,199
0,[],17,[],2019-01-30 16:32:01,0.0,0,0,6540827,2019-01-30 16:32:01,btc,6.802544163788159,0.0,0,btc,105897.55575295,0.0,0.0,200
0,[],2,[],2019-01-20 23:30:49,0.0,0,0,6477059,2019-01-20 23:30:49,,0.0,0.0,0,,0.0,0.0,0.0,201
1,[],4,[],2019-01-25 15:51:35,2084389.58565343,0.00000936,0.000000000333526752,6499557,2019-01-25 15:51:35,btc,2.0092503037378524,0.0,0.00000936,btc,160195.80207885,0.19272417,1.242687955921835,211
1,[],7,[],2019-02-07 16:22:25,6462220.0371275395,0.00000154999999999999998279913253351747215447176131419837474822998046875,0.00000000005282307,6614805,2019-02-07 16:22:25,btc,16567788.079698933,850625.839974,0.00000154999999999999998279913253351747215447176131419837474822998046875,btc,10023649.39680213,0.0,5.528211957165342,212
1,[],12,[],2019-01-25 02:44:32,207462.42853209,0.000001080000000000000035831255497387193287295303889550268650054931640625,0.000000000038610756000000006,6493050,2019-01-25 02:44:32,btc,85023.03793723314,0.0,0.000001080000000000000035831255497387193287295303889550268650054931640625,btc,43675.73520027,0.000146250909087,0.0348620860622024,213
1,[],5,[],2019-02-07 16:19:19,4.92e-06,0.00000035,0.000000000011936225,6614722,2019-02-07 16:19:19,btc,1.24455905,0.21074463,0.00000035,btc,3.19e-05,0.0,0.50954642,213
1,[],24,[],2019-02-07 16:19:19,0.0,0.000000050000,0.000000000001705175,6614723,2019-02-07 16:19:19,btc,0.0,0.0,0.000000050000,btc,0.0,0.0,0.0,213
1,[],26,[],2019-02-07 16:19:19,0.0,0.00000009,0.000000000003069315,6614724,2019-02-07 16:19:19,btc,0.0,0.0,0.00000009,btc,0.0,0.0,0.0,213
1,[],22,[],2019-02-07 16:19:32,276400.0,0.00000002,0.00000000000068207,6614725,2019-02-07 16:19:32,BTC,70.20368422,0.0,0.00000002,BTC,291693.63137942314,0.00015,0.004714,216
1,[],27,[],2019-02-07 16:19:34,5049502.0,0.00000002,0.00000000000068207,6614726,2019-02-07 16:19:34,btc,313.99027149952,21830.0,0.00000002,"btc,ltc",305719.48811,0.0074222,0.05099104,216
1,[],22,[],2019-02-07 16:19:38,323743.5695775665,0.00000290,0.00000000009890015,6614727,2019-02-07 16:19:38,BTC,12677.05857276,0.0,0.00000290,BTC,389330.7886966858,0.41838935,0.48784854,217
1,[],7,[],2019-02-07 16:19:38,0.0,0,0,6614728,2019-02-07 16:19:38,btc,77970.02600413912,0.0,0,btc,134531561.1214003,0.0,0.0,219
0,[],27,[],2019-02-07 16:19:40,0.0,0,0,6614729,2019-02-07 16:19:40,,5.3418937883169715,0.0,0,btc,1605140.99226592,0.0,0.0,219
0.0000000000000054,[],28,[],2019-02-07 16:19:42,203942515.944,6.0210000000000005e-18,2.0533717350000002e-22,6614730,2019-02-07 16:19:42,doge,88584.0309717675,12742.9,0.00111500,"btc,doge",4974437.69751,0.0,2.1502717201779642e-11,219
1,[],22,[],2019-02-07 16:19:45,243463.61111111112,0.00000129,0.000000000043993515,6614731,2019-02-07 16:19:45,BTC,2.83383437,0.0,0.00000129,BTC,29611.833301708713,0.09163766,0.05599725,221
1,[],24,[],2019-02-07 16:19:46,0.0,0.000000610000,0.000000000020803135,6614732,2019-02-07 16:19:46,btc,0.0,0.09837,0.000000610000,btc,0.0,6e-08,0.0,221
1,[],20,[],2019-02-07 16:19:49,6491543.5802,0.000000007,0.0000000000002387245,6614733,2019-02-07 16:19:49,btc,5.9941151812266,4028.18,0.000000007,btc,7751424.3394,2.819726e-05,0.0152931409872,224
0,[],22,[],2019-02-07 16:19:58,0.0,0,0,6614734,2019-02-07 16:19:58,,0.0,0.0,0,,0.0,0.0,0.0,224
1,[],26,[],2019-02-07 16:22:25,0.0,0.00000022,0.000000000007497468,6614806,2019-02-07 16:22:25,btc,0.0,0.0,0.00000022,btc,0.0,0.0,0.0,231
1,[],26,[],2019-02-07 16:19:58,0.0,0.00000005,0.000000000001705175,6614735,2019-02-07 16:19:58,btc,0.0,0.0,0.00000005,btc,0.0,0.0,0.0,234
0,[],27,[],2019-02-07 16:20:01,0.0,0,0,6614736,2019-02-07 16:20:01,,0.0113483662182,0.0,0,"btc,eth",11462.99618,0.0,0.0,234
0,[],22,[],2019-02-07 16:20:06,0.0,0,0,6614737,2019-02-07 16:20:06,,3.02469477,0.0,0,,99242433.81349206,0.0,0.0,235
1,[],4,[],2019-02-07 16:20:07,871687.49424352,0.00000055,0.000000000018756925,6614738,2019-02-07 16:20:07,btc,0.1111304197566561,0.0,0.00000055,btc,115456.49415115,0.02132431,0.1858095159257977,236
1,[],24,[],2019-02-07 16:20:07,0.0,0.000000010000,0.000000000000341035,6614739,2019-02-07 16:20:07,btc,0.0,0.0,0.000000010000,btc,0.0,0.0,0.0,236
1,[],20,[],2019-02-07 16:20:09,20706893.9941,0.00000006,0.00000000000204621,6614740,2019-02-07 16:20:09,btc,14.477532770364,6601986.0143,0.00000006,btc,26488120.7963,0.4104132002467,0.3909752422248,237
0,[],22,[],2019-02-07 16:20:12,0.0,0,0,6614741,2019-02-07 16:20:12,,0.04083605,0.0,0,,4179.0,0.0,0.0,237
1,[],4,[],2019-02-07 16:20:13,4566950.42596109,0.00000035,0.000000000011936225,6614742,2019-02-07 16:20:13,btc,0.5034232776282357,0.0,0.00000035,btc,1270623.26341616,0.12512428,1.4331932128203524,238
1,[],5,[],2019-02-07 16:20:15,4.25e-06,0.00000033,0.000000000011254155,6614743,2019-02-07 16:20:15,btc,0.82316815,0.06999846,0.00000033,btc,3.008e-05,0.0,0.29363227,238
1,[],22,[],2019-02-07 16:13:42,98382.5,0.00000002,0.000000000000681374,6614554,2019-02-07 16:13:42,BTC,15.41563236,0.0,0.00000002,BTC,343497.0639027493,0.00133203,0.00196765,249
0.00000000009777460000000001,[],22,[],2019-02-07 16:13:45,1258373.0,2.933238e-18,9.99316054506e-23,6614555,2019-02-07 16:13:45,LTC,4.03395063,0.0,0.00000003,LTC,14505871.09,0.0,0.03675421,252
1,[],28,[],2019-02-07 16:13:52,2351208.286,0.00000009,0.000000000003066183,6614556,2019-02-07 16:13:52,btc,164692.2993508189,5361.4,0.00000009,btc,675372.1485,0.0,0.0814213363,256
1,[],22,[],2019-02-07 16:13:55,114807.0,0.00000001,0.000000000000340687,6614557,2019-02-07 16:13:55,BTC,30.20642972,0.0,0.00000001,BTC,456390.02135702135,4.365e-05,0.00114807,258
1,[],22,[],2019-01-26 20:58:41,368451.0,0.00000001,0.000000000000356135,6510120,2019-01-26 20:58:41,BTC,2.642917,0.0,0.00000001,"BTC,LTC",1862.0,0.0,0.02488451,259
1,[],22,[],2019-02-07 16:13:59,22386.00125,0.00000850,0.00000000028958395,6614558,2019-02-07 16:13:59,BTC,111115.78166656,0.0,0.00000850,"BTC,LTC",5655.823809523809,0.00797075,0.10350341,262
1,[],5,[],2019-02-07 16:14:01,6.84e-05,0.00000331,0.000000000112767397,6614559,2019-02-07 16:14:01,btc,1.05448147,0.7141934,0.00000331,btc,0.00071722,0.0,0.2185517,264
1,[],20,[],2019-02-07 16:14:03,1172103.4012,0.00000257,0.000000000087556559,6614560,2019-02-07 16:14:03,btc,5.0403447120103,13994.0036,0.00000257,btc,94320.5732,0.0553856423942,0.0272399167711,264
1,[],22,[],2019-02-07 16:14:07,107946.5,0.00000002,0.000000000000681374,6614561,2019-02-07 16:14:07,BTC,8.49059372,0.0,0.00000002,BTC,358166.03659812186,0.00027699,0.0016613,271
0,[],22,[],2019-02-07 16:14:11,0.0,0,0,6614562,2019-02-07 16:14:11,,370.12322296,0.0,0,,14675732266.9,0.0,0.0,272
0.0000000000000054,[],28,[],2019-02-07 16:14:13,226437833975.892,5.9400000000000005e-21,2.0236807800000002e-25,6614563,2019-02-07 16:14:13,doge,298864901.2338897,4219364582.0,0.00000110,doge,218064144141.07068,0.0,7.247514856271389e-10,272
1,[],22,[],2019-02-07 16:14:18,11454.0,0.00001001,0.00000000034102768699999997,6614564,2019-02-07 16:14:18,BTC,274.03754426,0.0,0.00001001,"BTC,LTC",1459.389,0.00194841,0.017787,281
