pairValue,buyBook,exchangeId,sellBook,updated,buyTotal,satoshiPrice,usdPrice,exchangeLogId,created,bestPair,sellTotalBtc,volume,pairPrice,activePairs,sellTotal,volumeBtc,buyTotalBtc,coinId
1,[],3,[],2019-05-30 12:12:38,32.523465976706,0.01083288999999999953349760772880472359247505664825439453125,0.0000009427842501219999,7711663,2019-05-30 12:12:38,btc,0.13897008391518068,43.3138357083,0.01083288999999999953349760772880472359247505664825439453125,btc,12.191955683446,0.0,0.2825989271951418,1
1,[],4,[],2019-05-30 12:12:39,207694.70136862,0.01096514,0.000000954293941172,7711664,2019-05-30 12:12:39,btc,7.544694136197377,0.0,0.01096514,btc,291.9145858,1.11060708,0.7486685704588666,1
1,[],5,[],2019-05-30 12:12:41,0.0,0,0,7711665,2019-05-30 12:12:41,btc,0.0,0.00602558,0,btc,0.0,0.0,0.0,1
1,[],10,[],2019-05-30 12:12:43,312370.23359062,0.00652001,0.000000567435166298,7711666,2019-05-30 12:12:43,btc,6521.083846324864,1314.63079072,0.00652001,btc,1301.00849716,0.0,2.3139308849651905,1
1,[],12,[],2019-05-30 12:12:47,87.34096696,0.01094999999999999966415753505089014652185142040252685546875,0.00000095297631,7711667,2019-05-30 12:12:47,btc,0.1678459938424,0.0,0.01094999999999999966415753505089014652185142040252685546875,btc,14.39575354,0.300668275362,0.40600504607369997,1
1,[],20,[],2019-05-30 12:12:48,935.0025,0.00920081,0.000000800744654138,7711668,2019-05-30 12:12:48,btc,0.2240461899383,26.013,0.00920081,btc,17.3679,0.266439956668,0.106267692378,1
1,[],21,[],2019-05-30 12:12:49,2735.29538306,0.01107955000000000050919268801,0.00000096425102059,7711669,2019-05-30 12:12:49,btc,10.539971211518164,6010.43921476,0.011079550000000000509192688014081795699894428253173828125,"btc,eth",1267.10879509,60.19514696628038,25.767273248194396,1
1,[],22,[],2019-05-30 12:12:53,0.0025666666666666667,0.00900000,0.0000007832681999999999,7711670,2019-05-30 12:12:53,BTC,0.31629903,0.0,0.00900000,BTC,0.2505752479991019,0.0,2.31e-05,1
1,[],24,[],2019-05-30 12:12:54,0.0,0.000000000000,0,7711671,2019-05-30 12:12:54,btc,0.0,0.0,0.000000000000,btc,0.0,0.0,0.0,1
0.0,[],25,[],2019-05-30 12:12:55,0.0,0,0,7711672,2019-05-30 12:12:55,btc,49.149999998116336,5959.44974044,0.0,btc,4289.57407427,65.8,0.0,1
1,[],26,[],2019-05-30 12:12:56,0.0,0,0,7711673,2019-05-30 12:12:56,,0.0,0.0,0,,0.0,0.0,0.0,1
0,[],28,[],2019-05-30 12:12:58,0.0,0,0,7711674,2019-05-30 12:12:58,,0.0,355133.1,0,,0.0,0.0,0.0,1
0,[],2,[],2019-01-20 23:28:45,0.0,0,0,6477011,2019-01-20 23:28:45,,0.0,0.0,0,,0.0,0.0,0.0,1
1,[],5,[],2019-05-30 12:12:59,0.0,0,0,7711675,2019-05-30 12:12:59,btc,0.0,0.01965741,0,btc,0.0,0.0,0.0,2
1,[],22,[],2019-05-30 12:13:03,11638.0,0.0000002,0.00000000001740596,7711676,2019-05-30 12:13:03,BTC,21.00897301,0.0,0.0000002,"BTC,XMR",20678.87287795317,0.0,0.00145435,2
1,[],5,[],2019-05-30 12:13:04,0.0,0,0,7711677,2019-05-30 12:13:04,btc,0.0,0.04557416,0,btc,0.0,0.0,0.0,3
1,[],12,[],2019-05-30 12:13:05,1112534.62,0.000000094,0.0000000000081808012,7711678,2019-05-30 12:13:05,btc,169516.76266810982,0.0,0.000000094,btc,4711793.60674937,0.280125915831,0.06557737742,3
0,[],28,[],2019-05-30 12:13:07,0.0,0,0,7711679,2019-05-30 12:13:07,,0.0,0.0,0,,0.0,0.0,0.0,3
0,[],2,[],2019-01-20 23:31:32,0.0,0,0,6477077,2019-01-20 23:31:32,,0.0,0.0,0,,0.0,0.0,0.0,4
1,[],4,[],2019-05-18 21:29:50,562734.9206932,0.00000010,0.000000000007298720000000001,7650946,2019-05-18 21:29:50,btc,41.9347137769675,0.0,0.00000010,btc,1123702.32192634,0.00052462,0.029254593370966,4
0,[],12,[],2019-05-30 06:39:45,0.0,0,0,7710558,2019-05-30 06:39:45,btc,625.871451684995,0.0,0,btc,1111653.4995005,0.0,0.0,5
0,[],2,[],2019-01-20 23:31:51,0.0,0,0,6477087,2019-01-20 23:31:51,,0.0,0.0,0,,0.0,0.0,0.0,6
1,[],11,[],2019-05-30 12:13:08,13549476.284736,0.00000003,0.000000000002610894,7711680,2019-05-30 12:13:08,btc,9582.914860823264,343260.492,0.00000003,btc,68316265.97060394,0.0,0.22653560800736,6
1,[],3,[],2019-05-30 12:13:09,12034.16344652846,0.000088889999999999997661037642870951458462513983249664306640625,0.000000007736078922,7711681,2019-05-30 12:13:09,btc,0.08071669363399059,176.533509258,0.000088889999999999997661037642870951458462513983249664306640625,btc,215.083554584518,0.0,0.024549283980096114,7
1,[],4,[],2019-05-30 12:13:09,327242.94874602,0.00009310,0.00000000810247438,7711682,2019-05-30 12:13:09,btc,8.89891347446554,0.0,0.00009310,btc,53014.89940441,3.02097639,2.306182135182164,7
1,[],5,[],2019-05-30 12:13:11,0.0,0,0,7711683,2019-05-30 12:13:11,btc,0.0,0.67878575,0,btc,0.0,0.0,0.0,7
1,[],20,[],2019-04-07 22:06:50,3201475.0482,0.000000001,0.000000000000051590000000000004,7213932,2019-04-07 22:06:50,btc,30.8005781811902,0.0,0.000000001,btc,23077405.3926,0.0,0.0032014750482,8
0,[],2,[],2019-01-20 23:22:42,0.0,0,0,6476876,2019-01-20 23:22:42,,0.0,0.0,0,,0.0,0.0,0.0,9
0,[],23,[],2019-01-20 23:22:48,0.0,0,0,6476878,2019-01-20 23:22:48,,0.0,0.0,0,,0.0,0.0,0.0,9
1,[],1,[],2019-02-17 23:31:42,1822507.21,0.00000181000000000000003456111265232042484285557293333113193511962890625,0.000000000066086901,6701244,2019-02-17 23:31:42,btc,3.6990969245,17153386.5,0.00000181000000000000003456111265232042484285557293333113193511962890625,btc,1997391.71,31.11772986,3.2610482446,9
1,[],4,[],2019-05-30 12:13:13,22858075.94570951,0.00000050,0.0000000000435149,7711684,2019-05-30 12:13:13,btc,3.9059705945788954,0.0,0.00000050,btc,3365001.99316476,0.33766217,0.5406221262088197,9
0,[],28,[],2019-05-30 12:13:14,0.0,0,0,7711685,2019-05-30 12:13:14,,0.0,3611023.0,0,,0.0,0.0,0.0,9
1,[],4,[],2019-02-17 11:22:43,4341674.27126056,0.00000002,0.0000000000007272960000000001,6696112,2019-02-17 11:22:43,btc,0.1997230937751353,0.0,0.00000002,btc,4109766.79808031,0.00215132,0.0479381022052112,10
0,[],2,[],2019-01-20 23:23:08,0.0,0,0,6476890,2019-01-20 23:23:08,,0.0,0.0,0,,0.0,0.0,0.0,12
1,[],4,[],2019-05-30 12:13:15,6935600.90006934,0.00000048,0.000000000041774304,7711686,2019-05-30 12:13:15,btc,4.6771259765117,0.0,0.00000048,btc,4772950.87184031,1.14288905,1.0006518022339583,12
1,[],5,[],2019-05-30 12:13:16,0.0,0,0,7711687,2019-05-30 12:13:16,btc,0.0,0.07305048,0,btc,0.0,0.0,0.0,12
0.0,[],25,[],2019-05-30 12:13:17,0.0,0,0,7711688,2019-05-30 12:13:17,,0.0,0.0,0.0,btc,0.0,0.0,0.0,12
1,[],4,[],2019-05-30 12:13:18,333126.90757997,0.00000550,0.0000000004786639,7711689,2019-05-30 12:13:18,btc,1.8015277863169732,0.0,0.00000550,btc,233773.00060599,0.8308752,0.4698121833395175,13
1,[],10,[],2019-05-30 12:13:20,645376.49683968,0.00000538,0.000000000468220324,7711690,2019-05-30 12:13:20,btc,666803.3398545219,30283.6024036,0.00000538,btc,871557.65923376,0.0,0.2056578132030779,13
1,[],21,[],2019-05-30 12:13:21,1751651.51835768,0.000005540000000000000321051778912,0.000000000482145092,7711691,2019-05-30 12:13:21,btc,2.215232892562167,809552.49028202,0.0000055400000000000003210517789120626019894189084880053997039794921875,btc,350700.52269751,4.55114408,7.35692284027359,13
1,[],4,[],2019-05-30 12:13:22,862520.22884232,0.00000072,0.000000000062661456,7711692,2019-05-30 12:13:22,btc,3.7336185355481435,0.0,0.00000072,btc,812718.1672611,0.0147685,0.0441335277202587,14
1,[],12,[],2019-05-30 12:13:24,134345.60281859,0.0000007,0.00000000006092086,7711693,2019-05-30 12:13:24,btc,14.134674223496454,0.0,0.0000007,btc,21650.79261605,1.512e-05,0.0149393299999567,14
1,[],26,[],2019-05-30 12:15:24,0.0,0.00000050,0.0000000000435149,7711694,2019-05-30 12:15:24,btc,0.0,0.0,0.00000050,btc,0.0,0.0,0.0,14
0,[],17,[],2019-05-03 00:53:32,0.0,0,0,7558876,2019-05-03 00:53:32,btc,0.0,0.0,0,btc,0.0,0.0,0.0,14
,[],12,[],2018-12-01 15:15:48,204241.84496,0.00000489,0.000000000202473384,5260204,2018-12-01 15:15:48,btc,49.5475654835,0.0,,btc,35763.2193806,0.0163153972027625,0.0203389899998,15
0,[],4,[],2019-05-30 12:15:25,0.0,0,0,7711695,2019-05-30 12:15:25,,0.0,0.0,0,,0.0,0.0,0.0,15
0,[],2,[],2019-01-20 23:23:38,0.0,0,0,6476906,2019-01-20 23:23:38,,0.0,0.0,0,,0.0,0.0,0.0,18
1,[],4,[],2019-05-30 12:15:27,33994.15157154,0.00001190,0.00000000103565462,7711696,2019-05-30 12:15:27,btc,0.9617419854044065,0.0,0.00001190,btc,10229.30659085,0.04393809,0.0794370966985824,18
1,[],10,[],2019-05-30 12:15:29,486269.70920027,0.00001232,0.000000001072207136,7711697,2019-05-30 12:15:29,btc,15.333411376176736,2094.34893852,0.00001232,btc,12727.28664962,0.0,0.0685315826776938,18
1,[],12,[],2019-05-30 12:15:30,3252.12232623,0.000011500000000000000008998878031629686802261858247220516204833984375,0.0000000010008427,7711698,2019-05-30 12:15:30,btc,0.4015378911168015,0.0,0.000011500000000000000008998878031629686802261858247220516204833984375,btc,1433.13636313,0.003654023578,0.0124222995455842,18
0,[],17,[],2019-05-03 00:53:39,0.0,0,0,7558882,2019-05-03 00:53:39,btc,0.0,0.0,0,btc,0.0,0.0,0.0,18
0,[],2,[],2019-01-20 23:24:19,0.0,0,0,6476924,2019-01-20 23:24:19,,0.0,0.0,0,,0.0,0.0,0.0,19
1,[],3,[],2019-05-30 12:17:31,147913.10967245905,0.00000262999999999999980687215121732958067468644003383815288543701171875,0.00000000022888837399999998,7711699,2019-05-30 12:17:31,btc,0.23330707511761647,3802.61204435,0.00000262999999999999980687215121732958067468644003383815288543701171875,btc,5167.714255245815,0.0,0.0459872197249743,19
1,[],4,[],2019-05-30 12:17:32,510057.03545833,0.00000802,0.000000000697978996,7711700,2019-05-30 12:17:32,btc,3.522047641069304,0.0,0.00000802,btc,159361.61681448,0.53738505,0.3831547141066496,19
1,[],5,[],2019-05-30 12:17:33,0.0,0,0,7711701,2019-05-30 12:17:33,btc,0.0,0.01241763,0,btc,0.0,0.0,0.0,19
1,[],12,[],2019-05-30 12:17:34,15124.88952325,0.00000711999999999999959310326147488012793473899364471435546875,0.0000000006196521759999999,7711702,2019-05-30 12:17:34,btc,0.0587859404155808,0.0,0.00000711999999999999959310326147488012793473899364471435546875,btc,1933.55052991,0.00103952,0.0272887599996267,19
0,[],27,[],2019-05-30 12:17:39,0.0,0,0,7711703,2019-05-30 12:17:39,,0.0,0.0,0,btc,0.0,0.0,0.0,19
1,[],4,[],2019-05-30 12:17:40,10062076.88478525,0.00000007,0.000000000006092086,7711704,2019-05-30 12:17:40,btc,6.411239436602338,0.0,0.00000007,btc,2322306.93095912,0.0,0.1174938176872809,20
1,[],4,[],2019-05-30 12:17:40,67039062.34737481,0.00000001,0.000000000000870298,7711705,2019-05-30 12:17:40,btc,1753.2340852101804,0.0,0.00000001,btc,63337002.91973631,0.05053597,0.6703906234737481,21
1,[],12,[],2019-05-30 12:17:41,2397851.0,0.00000001,0.000000000000870298,7711706,2019-05-30 12:17:41,btc,1010.9715798328372,0.0,0.00000001,btc,5962623.6413586205,0.00023648,0.02397851,21
0,[],17,[],2019-05-03 00:53:51,0.0,0,0,7558891,2019-05-03 00:53:51,btc,0.0,0.0,0,btc,0.0,0.0,0.0,21
1,[],12,[],2019-05-30 12:19:43,5816138529.183773,0.0000000004,0.00000000000003481192,7711707,2019-05-30 12:19:43,btc,708410091.3838736,0.0,0.0000000004,btc,3066328652.5614386,2.160288252699,1.2858298467735094,23
0.0000000003248632,[],27,[],2019-05-30 12:19:48,127081789.38179155,9.745896e-18,8.481833797008e-22,7711708,2019-05-30 12:19:48,eth,1178.6330069448945,445604984.07145655,0.00000003,eth,75808820.22389,4.342819831145664e-09,9.813719188706379e-10,23
1,[],4,[],2019-05-30 12:19:49,1847519.37726818,0.00000018,0.000000000015665364,7711709,2019-05-30 12:19:49,btc,13.249353023207542,0.0,0.00000018,btc,2103731.23946148,0.01142176,0.0558978754044518,24
1,[],22,[],2019-05-30 12:19:52,21.76,0.00000100,0.0000000000870298,7711710,2019-05-30 12:19:52,BTC,7.415e-05,0.0,0.00000100,BTC,23.919354838709676,0.0,1.186e-05,24
0.0,[],25,[],2019-05-30 12:19:54,0.0,0,0,7711711,2019-05-30 12:19:54,,0.0,0.0,0.0,btc,0.0,0.0,0.0,24
0,[],2,[],2019-01-20 23:25:56,0.0,0,0,6476976,2019-01-20 23:25:56,,0.0,0.0,0,,0.0,0.0,0.0,26
1,[],4,[],2019-05-30 12:19:54,7643294.44109571,0.00000467,0.000000000406429166,7711712,2019-05-30 12:19:54,btc,14.679594002717735,0.0,0.00000467,btc,257011.87545491,0.31519378,0.2834210170417051,26
1,[],10,[],2019-05-30 12:19:57,149443.6301253,0.00000524,0.00000000045603615199999996,7711713,2019-05-30 12:19:57,btc,25.58316891000841,4272.64274438,0.00000524,btc,22941.40601176,0.0,0.0352216793287583,26
1,[],5,[],2019-04-26 09:47:06,0.0,0,0,7465326,2019-04-26 09:47:06,btc,0.0,0.0,0,btc,0.0,0.0,0.0,27
1,[],3,[],2019-05-30 12:19:58,22445890.0,0.00000001,0.000000000000870298,7711714,2019-05-30 12:19:58,btc,3.765471081725446,15809654.3837,0.00000001,btc,26159469.27406916,0.0,0.22445890000000002,27
1,[],11,[],2019-05-30 12:19:59,1070969.08157834,0.00000002,0.000000000001740596,7711715,2019-05-30 12:19:59,btc,67503.04533244639,19676.5543251,0.00000002,btc,6590405.9414731,0.0,0.0107207058157834,27
1,[],4,[],2019-05-30 12:20:00,1090907992.2277255,0.00000001,0.000000000000870298,7711716,2019-05-30 12:20:00,btc,4.865708307239625,0.0,0.00000001,"btc,ltc",285953881.5156138,0.38054965,7.436265581321455,29
1,[],7,[],2019-05-30 12:20:02,85534659.40740813,0.00000001,0.000000000000870298,7711717,2019-05-30 12:20:02,btc,46548272.110431336,0.0,0.00000001,btc,35005731.15315079,0.0,0.8553465940740813,29
0,[],17,[],2019-05-03 01:11:25,0.0,0,0,7559066,2019-05-03 01:11:25,btc,0.0,0.0,0,btc,0.0,0.0,0.0,30
1,[],4,[],2019-05-30 12:20:03,15312729.61768213,0.00000006,0.000000000005221788,7711718,2019-05-30 12:20:03,btc,2.702489046240611,0.0,0.00000006,btc,2102648.09973194,0.00194769,0.1713519591165775,30
1,[],4,[],2019-05-30 12:22:05,105868.54336048,0.00004176,0.0000000036343644479999997,7711719,2019-05-30 12:22:05,btc,3.47980261794452,0.0,0.00004176,btc,47376.48922184,0.60467773,0.4276061762115738,31
1,[],21,[],2019-05-30 12:22:06,90273.46082262,0.00004149999999999999907495870644,0.0000000036117367,7711720,2019-05-30 12:22:06,btc,4.720682933156121,155364.66103304,0.0000414999999999999990749587064353676169048412702977657318115234375,btc,98454.0532731,6.71570208,2.8015415201762135,31
0,[],2,[],2019-01-20 23:28:43,0.0,0,0,6477009,2019-01-20 23:28:43,,0.0,0.0,0,,0.0,0.0,0.0,32
1,[],12,[],2019-03-30 07:55:10,40641173.964,0.00000003,0.000000000001228359,7108785,2019-03-30 07:55:10,btc,4233210.82356125,0.0,0.00000003,btc,28378394.68333462,0.0126927883965248,0.90752895892,33
0,[],4,[],2019-05-30 12:22:07,0.0,0,0,7711721,2019-05-30 12:22:07,,0.0,0.0,0,,0.0,0.0,0.0,33
0.0000000001336771,[],4,[],2019-05-30 12:22:09,511201760.5719606,2.8072191e-17,2.4431171682917997e-21,7711722,2019-05-30 12:22:09,ltc,3.501666991991943,0.0,0.00000021,ltc,154535650.57685897,0.0,2.0993134355833922e-09,34
1,[],5,[],2019-05-30 12:22:11,0.0,0,0,7711723,2019-05-30 12:22:11,btc,0.0,0.0,0,btc,0.0,0.0,0.0,34
0.0000000002926451,[],17,[],2019-05-02 18:17:47,200000.0,2.9264510000000002e-18,1.596703856561e-22,7556430,2019-05-02 18:17:47,eth,0.20942468735267253,0.0,0.00000001,"btc,eth",1018272.20243647,0.0,5.852902e-13,36
0.0000000001336771,[],4,[],2019-05-30 12:22:12,59384001.42676589,1.336771e-18,1.163389127758e-22,7711724,2019-05-30 12:22:12,ltc,5.1153758028837314e-08,0.0,0.00000001,ltc,7102398142.262129,0.0,7.938281097125926e-11,36
1,[],5,[],2019-05-30 12:22:14,0.0,0,0,7711725,2019-05-30 12:22:14,btc,0.0,0.0,0,btc,0.0,0.0,0.0,36
0.0000000003248632,[],27,[],2019-05-30 12:24:30,11287928.226876,9.745896e-18,8.481833797008e-22,7711726,2019-05-30 12:24:30,eth,1581.3815019850986,247223725.0,0.00000003,"ltc,eth",6032624.2511555,1.5833354763884e-09,4.102850235124226e-11,36
1,[],17,[],2019-05-03 01:11:36,211752.74075282,0.00000025,0.000000000013700074999999998,7559074,2019-05-03 01:11:36,btc,0.055484923955058496,0.0,0.00000025,"btc,eth",1387.19918473,0.0,0.0005381851887916605,37
1,[],4,[],2019-05-30 12:24:31,9854382.29070828,0.00000018,0.000000000015665364,7711727,2019-05-30 12:24:31,btc,19772.53850766184,0.0,0.00000018,btc,722622.50751044,0.01900979,0.119430591696965,37
1,[],12,[],2019-05-30 12:24:32,3359940.36528572,0.00000019,0.000000000016535662,7711728,2019-05-30 12:24:32,btc,8.356728535607136,0.0,0.00000019,btc,962999.00926605,0.013370162461,0.1384480361442866,37
1,[],27,[],2019-05-30 12:26:39,6187.0,0.00000016,0.000000000013924768,7711729,2019-05-30 12:26:39,btc,24.11463822903233,0.0,0.00000016,btc,5792.59438508,0.0,0.00076392,37
1,[],5,[],2019-05-30 12:26:41,0.0,0,0,7711730,2019-05-30 12:26:41,btc,0.0,0.09925819,0,btc,0.0,0.0,0.0,42
1,[],12,[],2019-05-30 12:26:43,130084.1952173,0.00000096,0.000000000083548608,7711731,2019-05-30 12:26:43,btc,24.789656698499236,0.0,0.00000096,btc,72012.51105406,0.003046337146,0.0431761499999475,42
1,[],27,[],2019-05-30 12:26:52,506.0,0.00000002,0.000000000001740596,7711732,2019-05-30 12:26:52,btc,0.39085425,0.0,0.00000002,"btc,eth",735.0,0.0,6.000000341301278e-06,42
1,[],12,[],2019-03-13 09:13:29,1112112.0,0.00000001,0.000000000000386531,6919902,2019-03-13 09:13:29,btc,29058.00478931866,0.0,0.00000001,btc,5967681.93306694,9.99000999e-07,0.01112112,43
1,[],5,[],2019-04-26 22:38:52,0.0,0,0,7474154,2019-04-26 22:38:52,btc,0.0,0.02638891,0,btc,0.0,0.0,0.0,43
0,[],17,[],2019-04-26 22:38:53,0.0,0,0,7474155,2019-04-26 22:38:53,btc,0.0,0.0,0,btc,0.0,0.0,0.0,43
1,[],12,[],2019-03-05 01:54:08,639326.02,0.00000004,0.000000000001486676,6845775,2019-03-05 01:54:08,btc,11116042.728239931,0.0,0.00000004,btc,1103841.4595604,0.0003330765234764,0.014975410599999999,44
1,[],4,[],2019-05-30 12:26:52,115247512.0789156,0.00000001,0.000000000000870298,7711733,2019-05-30 12:26:52,btc,291324.21358613204,0.0,0.00000001,"btc,ltc",27073278.4822847,0.00158159,0.07725175675194013,49
0.0000000001336771,[],4,[],2019-05-30 12:26:53,129337569.10225973,4.2776672e-17,3.7228452088256e-21,7711734,2019-05-30 12:26:53,ltc,22049.973371095115,0.0,0.00000032,ltc,159886180.64757714,0.0,1.2619370021517517e-09,52
0,[],22,[],2019-05-30 06:54:25,0.0,0,0,7710614,2019-05-30 06:54:25,,10289.55991011,0.0,0,,308568058.4566013,0.0,0.0,57
1,[],27,[],2019-05-30 06:54:32,2297.0,0.0000003,0.00000000002619543,7710615,2019-05-30 06:54:32,btc,0.0,0.0,0.0000003,"btc,eth",0.0,0.0,0.0003891,57
1,[],17,[],2019-05-03 01:12:09,1200000.0,0.0000000001,0.00000000000000548003,7559085,2019-05-03 01:12:09,btc,1e+24,0.0,0.0000000001,"btc,eth",39516342.31952568,0.0,0.00010000000058666061,58
0.0000000001336771,[],4,[],2019-05-30 12:26:54,2654554926.306109,1.336771e-18,1.163389127758e-22,7711735,2019-05-30 12:26:54,ltc,19.341013888320585,0.0,0.00000001,ltc,5792130288.293987,0.0,3.5485320433931436e-09,58
1,[],12,[],2019-05-30 12:26:54,1171804026.0,0.0000000001,0.00000000000000870298,7711736,2019-05-30 12:26:54,btc,2204809.081147558,0.0,0.0000000001,btc,2582456890.565391,0.000936072148,0.11718040260000001,58
0.000000000110799,[],22,[],2019-05-30 12:28:58,126877.0,1.10799e-18,9.6428148102e-23,7711737,2019-05-30 12:28:58,XMR,68.17454206,0.0,0.00000001,XMR,9626402.6,0.0,0.00126877,58
1,[],5,[],2019-05-30 12:29:01,0.0,0,0,7711738,2019-05-30 12:29:01,btc,0.0,0.00258209,0,btc,0.0,0.0,0.0,61
1,[],22,[],2019-05-30 12:29:04,13613.833333333334,0.00000012,0.000000000010443576,7711739,2019-05-30 12:29:04,BTC,1002.29123003,0.0,0.00000012,BTC,15014.200177125656,0.0,0.00153269,61
1,[],26,[],2019-05-30 12:29:04,0.0,0.00000050,0.0000000000435149,7711740,2019-05-30 12:29:04,btc,0.0,0.0,0.00000050,btc,0.0,0.0,0.0,61
1,[],27,[],2019-05-30 12:29:15,8450.0,0.0000002,0.00000000001740596,7711741,2019-05-30 12:29:15,btc,1.9582485601246655,0.0,0.0000002,"btc,eth",11379.41563696,0.0,0.001522,61
0,[],28,[],2019-05-30 12:29:16,0.0,0,0,7711742,2019-05-30 12:29:16,,0.0,769.0,0,,0.0,0.0,0.0,61
0.0,[],25,[],2019-05-30 12:29:18,0.0,0,0,7711744,2019-05-30 12:29:18,,0.0,0.0,0.0,btc,0.0,0.0,0.0,67
1,[],4,[],2019-05-30 12:29:17,820716.23749702,0.00000083,0.000000000072234734,7711743,2019-05-30 12:29:17,btc,2.7953672550473425,0.0,0.00000083,btc,864817.0525219,0.14781113,0.4473634557245486,67
1,[],12,[],2019-05-30 12:29:20,813745.0,0.00000005,0.00000000000435149,7711745,2019-05-30 12:29:20,btc,5.171564527082914,0.0,0.00000005,btc,774694.038961,8.5649401e-05,0.01771841,71
,[],5,[],2018-11-20 23:02:39,1.5e-07,0.00000005,0.000000000002128045,4862160,2018-11-20 23:02:39,btc,2.84511358,0.0,,btc,0.00036572,0.0,0.07381892,74
1,[],5,[],2019-05-30 12:29:21,0.0,0,0,7711746,2019-05-30 12:29:21,btc,0.0,0.05550294,0,btc,0.0,0.0,0.0,75
0,[],4,[],2019-05-25 21:33:44,0.0,0,0,7686249,2019-05-25 21:33:44,,133656.37989170782,0.0,0,,33439209.5909442,0.0,0.0,81
0,[],20,[],2019-01-25 09:30:31,0.0,0,0,6495923,2019-01-25 09:30:31,btc,0.0,0.0,0,btc,0.0,0.0,0.0,81
1,[],4,[],2019-05-30 12:29:22,43285.28804034,0.00012976,0.000000011292986848,7711747,2019-05-30 12:29:22,btc,33.85926882470673,0.0,0.00012976,btc,70935.70653979,1.72602161,1.004259309281439,82
1,[],21,[],2019-05-30 12:29:24,49186.36243191,0.0001123699999999999964714683665,0.000000009779538626,7711748,2019-05-30 12:29:24,btc,31.556385522674894,85496.1897625,0.000112369999999999996471468366454615761540480889379978179931640625,btc,177217.87924136,10.43101848,4.670848598063535,82
0,[],17,[],2019-03-25 22:42:34,0.0,0,0,7038780,2019-03-25 22:42:34,btc,0.0445064681804024,0.0,0,btc,995513.18476001,0.0,0.0,84
0.0000000001161485,[],4,[],2019-05-20 13:09:39,216715621.0206096,1.161485e-18,9.0533806701e-23,7657228,2019-05-20 13:09:39,ltc,1.6511566870244727,0.0,0.00000001,ltc,471032407.9048656,0.0,2.5171194308112273e-10,85
,[],22,[],2018-11-20 23:09:34,3408.1,0.0000001,0.0000000000041895,4862324,2018-11-20 23:09:34,BTC,0.04624735,0.0,,BTC,4990.0,0.0,0.00033081,86
1,[],22,[],2019-05-30 12:29:28,62656.0,0.00000001,0.000000000000870298,7711749,2019-05-30 12:29:28,BTC,1.44908601,0.0,0.00000001,BTC,183055.29736842104,0.0001444,0.00062656,87
1,[],27,[],2019-05-30 12:29:33,27543.0,0.00000003,0.000000000002610894,7711750,2019-05-30 12:29:33,btc,5.074677018036,13817.0,0.00000003,btc,154973.67341,0.00069085,0.00061309,87
,[],2,[],2018-11-20 23:10:47,0.0,0,0,4862359,2018-11-20 23:10:47,,0.0,0.0,,,0.0,0.0,0.0,88
1,[],11,[],2019-05-30 12:29:34,204929.98264052,0.000080000000000000006544244313122504763668985106050968170166015625,0.0000000069623840000000006,7711751,2019-05-30 12:29:34,btc,186.64163904321995,127.0,0.000080000000000000006544244313122504763668985106050968170166015625,btc,239620.99417038,0.0,2.1978602306566204,89
1,[],12,[],2019-05-30 12:29:35,265670.96877491,0.00000031,0.000000000026979238,7711752,2019-05-30 12:29:35,btc,87.69329574383059,0.0,0.00000031,btc,146021.04253856,0.001078009988,0.0123134483999952,91
1,[],22,[],2019-05-30 12:31:39,75910.55,0.0000002,0.00000000001740596,7711753,2019-05-30 12:31:39,BTC,0.495,0.0,0.0000002,"BTC,LTC",4.95,0.0,0.00165931,91
0,[],2,[],2019-01-20 23:31:45,0.0,0,0,6477083,2019-01-20 23:31:45,,0.0,0.0,0,,0.0,0.0,0.0,91
0,[],17,[],2019-05-03 01:12:26,0.0,0,0,7559096,2019-05-03 01:12:26,btc,0.0,0.0,0,btc,0.0,0.0,0.0,91
1,[],22,[],2019-04-09 20:17:52,374949.73333333334,0.00000015,0.000000000007771935,7235704,2019-04-09 20:17:52,BTC,6.87372503,0.0,0.00000015,"BTC,LTC",159980.01196797504,1.1e-05,0.80510266,95
0.0000000001336771,[],4,[],2019-05-30 12:31:40,543397120.2321385,3.0745733e-17,2.6757949938434e-21,7711754,2019-05-30 12:31:40,ltc,11.298912868186212,0.0,0.00000023,ltc,152857504.21636692,0.0,9.02268639369471e-10,96
0,[],12,[],2019-05-30 12:31:41,0.0,0,0,7711755,2019-05-30 12:31:41,btc,17.132026780379622,0.0,0,btc,9673339.03796204,0.0,0.0,96
0,[],17,[],2019-05-03 01:12:32,0.0,0,0,7559100,2019-05-03 01:12:32,btc,0.0,0.0,0,btc,0.0,0.0,0.0,96
1,[],4,[],2019-04-14 03:32:46,1039404.33283278,0.00000038,0.000000000019245518,7293458,2019-04-14 03:32:46,btc,4.170086055365747,0.0,0.00000038,btc,3097704.34561074,0.06260606,0.1859928211030784,99
1,[],4,[],2019-05-30 12:33:42,208644.11137464,0.00001877,0.000000001633549346,7711756,2019-05-30 12:33:42,btc,7.379246287882679,0.0,0.00001877,btc,147381.15691744,0.39833896,0.3376025433215985,100
0,[],2,[],2019-01-20 23:23:55,0.0,0,0,6476914,2019-01-20 23:23:55,,0.0,0.0,0,,0.0,0.0,0.0,100
1,[],22,[],2019-05-30 12:33:46,150000.0,0.00000002,0.000000000001740596,7711757,2019-05-30 12:33:46,BTC,24.83526409,0.0,0.00000002,BTC,11187.719,0.0,0.0017,101
1,[],4,[],2019-05-30 12:33:47,542614.61506718,0.00000145,0.00000000012619320999999998,7711758,2019-05-30 12:33:47,btc,362.3651807922326,0.0,0.00000145,btc,595885.94749526,0.13302309,0.1795615867663854,103
1,[],12,[],2019-05-30 12:33:49,144218111.83268034,0.000000004,0.00000000000034811920000000003,7711759,2019-05-30 12:33:49,btc,2407.350047620387,0.0,0.000000004,btc,67080282.67132155,0.033133491047,0.1832963223307214,105
1,[],27,[],2019-05-30 12:33:55,408203.0,0.00000004,0.000000000003481192,7711760,2019-05-30 12:33:55,btc,0.26134090452,1655533.77447933,0.00000004,btc,25045.244,0.14899804,0.01165778,105
1,[],22,[],2019-04-21 00:17:26,21333.0,0.00000001,0.000000000000532493,7385819,2019-04-21 00:17:26,BTC,51.38182867,0.0,0.00000001,BTC,470435.0,0.0,0.00021333,107
1,[],26,[],2019-04-21 00:17:26,0.0,0.00000000,0,7385820,2019-04-21 00:17:26,btc,0.0,0.0,0.00000000,btc,0.0,0.0,0.0,107
1,[],5,[],2019-05-30 12:33:56,0.0,0,0,7711761,2019-05-30 12:33:56,btc,0.0,0.0,0,btc,0.0,0.0,0.0,112
0,[],22,[],2019-05-30 12:33:59,0.0,0,0,7711762,2019-05-30 12:33:59,,6.79726681,0.0,0,,3375892.0833333335,0.0,0.0,112
1,[],27,[],2019-05-30 12:34:08,1.0,0.00000001,0.000000000000870298,7711763,2019-05-30 12:34:08,btc,1.15032588,0.0,0.00000001,"btc,eth",1818.0,0.0,1e-08,112
1,[],4,[],2019-05-30 12:34:10,281976.49100646,0.00000090,0.00000000007832682,7711764,2019-05-30 12:34:10,btc,5.700299503256249,0.0,0.00000090,btc,584399.36331563,0.05335761,0.174997449158903,113
1,[],5,[],2019-05-30 12:34:11,0.0,0,0,7711765,2019-05-30 12:34:11,btc,0.0,0.0,0,btc,0.0,0.0,0.0,113
1,[],17,[],2019-04-26 02:17:47,162738.278,0.00000004,0.0000000000021069000000000002,7461287,2019-04-26 02:17:47,btc,1.3331140273775473,0.0,0.00000004,btc,51796.221,0.0,0.00230953112,116
1,[],27,[],2019-05-22 05:13:01,210000.0,0.00000001,0.00000000000079145,7666372,2019-05-22 05:13:01,btc,3919.0005001478,0.0,0.00000001,btc,128660.871,0.0,0.0021,116
1,[],4,[],2019-05-21 22:31:11,138169.03963019,0.00000701,0.000000000558364025,7664793,2019-05-21 22:31:11,btc,150.95388250938234,0.0,0.00000701,btc,344631.17141974,0.07552974,0.4288357684941946,120
1,[],7,[],2019-05-21 22:31:12,3901.07750076,0.000010679999999999999389654892212320191902108490467071533203125,0.0000000008506887,7664794,2019-05-21 22:31:12,btc,231188.94669936574,0.0,0.000010679999999999999389654892212320191902108490467071533203125,btc,4133.83151364,0.0,0.0113888422364489,120
1,[],20,[],2019-04-07 18:42:29,1914137.0852,0.000000035,0.0000000000017871910000000002,7211992,2019-04-07 18:42:29,btc,32.2497668025648,25528.85,0.000000035,btc,1001975.4986,0.00089350975,0.0152723574729,125
1,[],22,[],2019-05-30 12:34:14,10000.0,0.00000001,0.000000000000870298,7711766,2019-05-30 12:34:14,BTC,0.032061,0.0,0.00000001,BTC,299316.7611111111,0.0,0.0001,126
1,[],4,[],2019-05-30 12:34:15,382301.95936928,0.00000701,0.000000000610078898,7711767,2019-05-30 12:34:15,btc,5.022751133737576,0.0,0.00000701,btc,185004.18387548,0.49561108,1.1846344252139904,131
0,[],2,[],2019-01-20 23:25:46,0.0,0,0,6476969,2019-01-20 23:25:46,,0.0,0.0,0,,0.0,0.0,0.0,131
1,[],17,[],2019-05-03 01:13:10,10000.0,0.00000001,0.000000000000548003,7559115,2019-05-03 01:13:10,btc,0.0953976503951408,0.0,0.00000001,btc,5037.62507334,0.0,0.0001,131
1,[],4,[],2019-05-30 12:36:16,4833.78979097,0.00007920,0.0000000068927601599999996,7711768,2019-05-30 12:36:16,btc,5.0315029504860345,0.0,0.00007920,btc,202.13055914,0.0,0.0120822691697756,135
1,[],3,[],2019-05-30 12:36:17,596452.22392675,0.00000001,0.000000000000870298,7711769,2019-05-30 12:36:17,btc,0.2228399259153858,1605354.79937,0.00000001,btc,1910497.4316845,0.0,0.005964522239267501,136
1,[],4,[],2019-05-30 12:36:18,2557361.82651434,0.00000194,0.00000000016883781199999999,7711770,2019-05-30 12:36:18,btc,108.80144456281688,0.0,0.00000194,btc,516837.13463595,0.04602913,0.5537008382806533,137
1,[],12,[],2019-05-30 12:36:19,88029.13252161,0.000001749999999999999973748754898694723891594549058936536312103271484375,0.00000000015230215,7711771,2019-05-30 12:36:19,btc,57.77872702465022,0.0,0.000001749999999999999973748754898694723891594549058936536312103271484375,btc,48762.24707866,0.002340608,0.0175572699999008,137
1,[],4,[],2019-05-30 12:36:20,60951.00147685,0.00001759,0.000000001530854182,7711772,2019-05-30 12:36:20,btc,9.530377518746814,0.0,0.00001759,btc,159176.55659952,1.29316906,0.3657239062913761,142
1,[],5,[],2019-05-30 12:36:21,0.0,0,0,7711773,2019-05-30 12:36:21,btc,0.0,0.00263402,0,btc,0.0,0.0,0.0,142
1,[],20,[],2019-05-30 12:38:23,209028.8643,0.00001423,0.000000001238434054,7711774,2019-05-30 12:38:23,btc,1.6087496828406,0.0,0.00001423,btc,9872.8163,0.0,0.0184395713827,142
1,[],22,[],2019-05-30 12:38:26,11028.645,0.00001000,0.000000000870298,7711775,2019-05-30 12:38:26,BTC,3.2754788,0.0,0.00001000,BTC,1133.9993657797618,0.0,0.00745365,142
0.0,[],25,[],2019-05-30 12:38:27,0.0,0,0,7711776,2019-05-30 12:38:27,,0.0,0.0,0.0,btc,0.0,0.0,0.0,142
0,[],28,[],2019-05-30 12:38:28,0.0,0,0,7711777,2019-05-30 12:38:28,,0.0,0.0,0,,0.0,0.0,0.0,142
1,[],17,[],2019-05-03 01:13:16,32967.38636364,0.00000088,0.000000000048224264,7559122,2019-05-03 01:13:16,btc,20.06976206696776,0.0,0.00000088,btc,2746.079105,0.0,0.0105613000000032,142
0,[],22,[],2019-05-30 12:38:31,0.0,0,0,7711778,2019-05-30 12:38:31,,65.51518676,0.0,0,,839924755.3,0.0,0.0,143
0,[],22,[],2019-02-25 15:42:22,0.0,0,0,6783783,2019-02-25 15:42:22,,4.2131946,0.0,0,,2322156.0,0.0,0.0,146
,[],22,[],2018-11-20 23:01:11,0.0,0,0,4862114,2018-11-20 23:01:11,,2.56807021,0.0,,,61828.4988236,0.0,0.0,147
1,[],12,[],2019-04-21 06:38:04,193091.5971266,0.00000071,0.000000000037635183,7388679,2019-04-21 06:38:04,btc,2.301232411611175,0.0,0.00000071,btc,9957.48302385,0.00023528,0.0313308199999888,148
1,[],4,[],2019-03-19 21:31:25,255810.0415942,0.00000029,0.000000000011615747,6982695,2019-03-19 21:31:25,btc,218.94922712414143,0.0,0.00000029,btc,793529.37642722,0.00117,0.0608347789473395,152
0,[],22,[],2019-03-19 21:31:27,0.0,0,0,6982696,2019-03-19 21:31:27,,0.0,0.0,0,,0.0,0.0,0.0,152
1,[],5,[],2019-04-26 09:36:59,0.0,0,0,7465040,2019-04-26 09:36:59,btc,0.0,0.0,0,btc,0.0,0.0,0.0,153
,[],16,[],2019-01-11 15:38:59,0.0,0,0,6366141,2019-01-11 15:38:59,btc,0.0,0.0,,btc,0.0,0.0,0.0,155
0,[],22,[],2019-05-30 12:38:34,0.0,0,0,7711779,2019-05-30 12:38:34,,7.44455324,0.0,0,,5955762.942592593,0.0,0.0,156
0,[],23,[],2019-01-20 23:24:29,0.0,0,0,6476932,2019-01-20 23:24:29,,0.0,0.0,0,,0.0,0.0,0.0,156
1,[],22,[],2019-05-30 12:38:37,6996.0,0.00000001,0.000000000000870298,7711780,2019-05-30 12:38:37,BTC,1.7543039,0.0,0.00000001,BTC,57.0,0.0,6.996e-05,157
0,[],22,[],2019-05-21 23:40:32,0.0,0,0,7665049,2019-05-21 23:40:32,,50234.60468402,0.0,0,,54786159.03179465,0.0,0.0,158
,[],17,[],2018-11-20 22:56:10,0.0,0,0,4861976,2018-11-20 22:56:10,btc,1.1265625,0.0,,btc,1000.0,0.0,0.0,159
,[],20,[],2018-11-20 22:56:12,0.0,0,0,4861977,2018-11-20 22:56:12,btc,11912.7940471,0.0,,btc,34413894.3617,0.0,0.0,159
1,[],12,[],2019-05-24 02:51:20,9178.522006449999,0.00000191999999999999982841307998027158276954651228152215480804443359375,0.000000000151222656,7676256,2019-05-24 02:51:20,btc,149.80414728631675,0.0,0.00000191999999999999982841307998027158276954651228152215480804443359375,btc,1115.7451448499999,0.01783167678326,0.0120075778999181,168
1,[],17,[],2019-05-03 01:13:36,42852.0,0.00000002,0.000000000001096006,7559132,2019-05-03 01:13:36,btc,0.04279856251542,0.0,0.00000002,btc,274.46171372,0.0,0.00052852,168
1,[],22,[],2019-05-17 03:01:52,10.0,0.00000001,0.000000000000778341,7642059,2019-05-17 03:01:52,BTC,41.95893009,0.0,0.00000001,BTC,1753972.7737547632,0.0,1e-07,169
1,[],22,[],2019-05-30 08:38:18,202834.0,0.00000002,0.0000000000017416160000000001,7711049,2019-05-30 08:38:18,BTC,27.87002826,0.0,0.00000002,BTC,462189.5410507793,0.0,0.00211768,171
1,[],22,[],2019-05-29 08:05:18,349870.0,0.00000002,0.000000000001705894,7705265,2019-05-29 08:05:18,BTC,24.05907723,0.0,0.00000002,"BTC,LTC",1224285.4355616204,0.0,0.0039847,173
1,[],5,[],2019-05-30 12:38:38,0.0,0,0,7711781,2019-05-30 12:38:38,btc,0.0,0.01512993,0,btc,0.0,0.0,0.0,175
1,[],22,[],2019-05-30 12:38:42,90671.0,0.00000001,0.000000000000870298,7711782,2019-05-30 12:38:42,BTC,394.35459412,0.0,0.00000001,BTC,136275.61833431243,0.0,0.00090671,176
1,[],7,[],2019-05-30 12:38:43,0.0,0,0,7711783,2019-05-30 12:38:43,btc,522274.2153790997,434055.944056,0,btc,22530123.95761196,0.00434056,0.0,178
0,[],22,[],2019-05-30 12:38:45,0.0,0,0,7711784,2019-05-30 12:38:45,,1.00242428,0.0,0,,57512.0,0.0,0.0,178
0,[],2,[],2019-01-20 23:28:34,0.0,0,0,6477001,2019-01-20 23:28:34,,0.0,0.0,0,,0.0,0.0,0.0,178
1,[],5,[],2019-05-30 12:38:47,0.0,0,0,7711785,2019-05-30 12:38:47,btc,0.0,0.05874849,0,btc,0.0,0.0,0.0,179
0,[],22,[],2019-05-30 12:38:49,0.0,0,0,7711786,2019-05-30 12:38:49,,5.31522813,0.0,0,,13498409.311946675,0.0,0.0,179
0,[],23,[],2019-01-20 23:25:08,0.0,0,0,6476952,2019-01-20 23:25:08,,0.0,0.0,0,,0.0,0.0,0.0,179
1,[],22,[],2019-05-30 12:40:53,673870.2839456068,0.00000104,0.000000000090510992,7711787,2019-05-30 12:40:53,BTC,39.12230705,0.0,0.00000104,"BTC,LTC",95540.91416016164,0.11903324,0.57256216,180
1,[],26,[],2019-05-30 12:40:54,0.0,0.00000010,0.00000000000870298,7711788,2019-05-30 12:40:54,btc,0.0,0.0,0.00000010,btc,0.0,0.0,0.0,180
1,[],17,[],2019-05-03 01:13:56,20504.725000000002,0.0000001,0.00000000000548003,7559141,2019-05-03 01:13:56,btc,5.2010695838400265,0.0,0.0000001,btc,5033.45945,0.0,0.0011504725,180
,[],7,[],2018-11-20 22:58:01,562227.975654,0.00000085,0.000000000036176765,4862015,2018-11-20 22:58:01,btc,21836.6059674,2491.87645172,,btc,749999.041456,0.00211021,0.127565380455,183
,[],5,[],2019-01-10 08:11:41,0.0,0,0,6347036,2019-01-10 08:11:41,btc,82.15055501,0.00261,,btc,1.19002445,0.0,0.0,187
,[],17,[],2018-11-16 20:58:10,4062536.27273,0.00000001,0.000000000000550501,4708775,2018-11-16 20:58:10,btc,3.36492563466,0.195460381006,,"btc,eth",110697919.549,0.0,0.0157628953496,187
1,[],24,[],2019-05-22 21:04:52,0.0,0.000000000014,0.0000000000000010960978,7670219,2019-05-22 21:04:52,btc,0.0,0.0,0.000000000014,btc,0.0,0.0,0.0,187
0,[],22,[],2019-04-25 02:54:07,0.0,0,0,7447896,2019-04-25 02:54:07,,7.54794454,0.0,0,,76361.7243344055,0.0,0.0,191
0,[],22,[],2019-05-30 12:40:58,0.0,0,0,7711789,2019-05-30 12:40:58,,0.0,0.0,0,,0.0,0.0,0.0,197
0,[],23,[],2019-01-20 23:31:41,0.0,0,0,6477079,2019-01-20 23:31:41,,0.0,0.0,0,,0.0,0.0,0.0,199
0,[],22,[],2019-05-30 12:41:01,0.0,0,0,7711790,2019-05-30 12:41:01,,10.93271999,0.0,0,,99750037.0,0.0,0.0,199
1,[],26,[],2019-05-30 12:41:01,0.0,0.00000000,0,7711791,2019-05-30 12:41:01,btc,0.0,0.0,0.00000000,btc,0.0,0.0,0.0,199
0,[],2,[],2019-01-20 23:30:49,0.0,0,0,6477059,2019-01-20 23:30:49,,0.0,0.0,0,,0.0,0.0,0.0,201
1,[],4,[],2019-01-25 15:51:35,2084389.58565343,0.00000936,0.000000000333526752,6499557,2019-01-25 15:51:35,btc,2.0092503037378524,0.0,0.00000936,btc,160195.80207885,0.19272417,1.242687955921835,211
1,[],7,[],2019-05-30 12:41:04,1194461665.3286438,0.00000057,0.000000000049606986,7711792,2019-05-30 12:41:04,btc,15201840.264062168,630015.735812,0.00000057,btc,8786758.2741691,0.0,13.439203318531888,212
1,[],12,[],2019-01-25 02:44:32,207462.42853209,0.000001080000000000000035831255497387193287295303889550268650054931640625,0.000000000038610756000000006,6493050,2019-01-25 02:44:32,btc,85023.03793723314,0.0,0.000001080000000000000035831255497387193287295303889550268650054931640625,btc,43675.73520027,0.000146250909087,0.0348620860622024,213
1,[],5,[],2019-05-30 00:07:46,0.0,0,0,7709357,2019-05-30 00:07:46,btc,0.0,0.06425239,0,btc,0.0,0.0,0.0,213
1,[],24,[],2019-05-30 00:07:46,0.0,0.000000399202,0.0000000000344859829346,7709358,2019-05-30 00:07:46,btc,0.0,0.0,0.000000399202,btc,0.0,0.0,0.0,213
1,[],26,[],2019-05-30 00:07:47,0.0,0.00000040,0.000000000034554919999999996,7709359,2019-05-30 00:07:47,btc,0.0,0.0,0.00000040,btc,0.0,0.0,0.0,213
0,[],22,[],2019-05-30 12:41:07,0.0,0,0,7711793,2019-05-30 12:41:07,,9.61445386,0.0,0,,3661587.094064925,0.0,0.0,216
1,[],27,[],2019-05-30 12:41:18,196550.0,0.00000001,0.000000000000870298,7711794,2019-05-30 12:41:18,btc,75.61743967917752,4433.0,0.00000001,"btc,ltc",386835.407688,4.433e-05,0.0019655,216
1,[],22,[],2019-05-30 12:41:20,720626.8260869565,0.00000027,0.000000000023498046,7711795,2019-05-30 12:41:20,BTC,12056.48858638,0.0,0.00000027,BTC,530778.7643343819,0.00497416,0.0536882,217
1,[],7,[],2019-05-30 12:41:23,0.0,0,0,7711796,2019-05-30 12:41:23,btc,1234864.1040716618,0.0,0,btc,164001712.13147992,0.0,0.0,219
0,[],27,[],2019-05-30 12:41:29,0.0,0,0,7711797,2019-05-30 12:41:29,,0.457622606343255,7589501.741245,0,btc,15690678.50681425,0.07589502,0.0,219
0,[],28,[],2019-05-30 12:41:31,0.0,0,0,7711798,2019-05-30 12:41:31,,0.0,16382107.8703,0,,0.0,0.0,0.0,219
1,[],22,[],2019-05-23 16:41:05,172069.0,0.00000004,0.0000000000031167080000000004,7674065,2019-05-23 16:41:05,BTC,56.76466137,0.0,0.00000004,BTC,127061.6482738741,0.0,0.00393676,221
1,[],24,[],2019-05-23 16:41:05,0.0,0.000000010000,0.0000000000007791770000000001,7674066,2019-05-23 16:41:05,btc,0.0,0.0,0.000000010000,btc,0.0,0.0,0.0,221
1,[],20,[],2019-05-30 12:41:34,1886473.0,0.000000001,0.0000000000000870298,7711799,2019-05-30 12:41:34,btc,100053.66555019209,6675997.5333,0.000000001,btc,49845807.3749,0.0080763584831,0.001886473,224
0,[],22,[],2019-05-30 12:41:36,0.0,0,0,7711800,2019-05-30 12:41:36,,0.0,0.0,0,,0.0,0.0,0.0,224
1,[],26,[],2019-05-30 12:41:36,0.0,0.00000025,0.00000000002175745,7711801,2019-05-30 12:41:36,btc,0.0,0.0,0.00000025,btc,0.0,0.0,0.0,231
1,[],26,[],2019-05-30 12:41:37,0.0,0.00000006,0.000000000005221788,7711802,2019-05-30 12:41:37,btc,0.0,0.0,0.00000006,btc,0.0,0.0,0.0,234
0,[],27,[],2019-05-30 12:41:43,0.0,0,0,7711803,2019-05-30 12:41:43,,0.01134836604,0.0,0,"btc,eth",11462.996,0.0,0.0,234
1,[],4,[],2019-05-22 17:06:12,91780.56053785,0.00000078,0.000000000061977552,7669277,2019-05-22 17:06:12,btc,5.573372450018177,0.0,0.00000078,btc,729173.93529783,0.0,0.0307060663355679,236
1,[],24,[],2019-05-22 17:06:12,0.0,0.000000010000,0.000000000000794584,7669278,2019-05-22 17:06:12,btc,0.0,0.0,0.000000010000,btc,0.0,0.0,0.0,236
1,[],5,[],2019-05-30 12:41:45,0.0,0,0,7711804,2019-05-30 12:41:45,btc,0.0,0.03112941,0,btc,0.0,0.0,0.0,237
1,[],20,[],2019-05-30 12:41:47,120701728.6323,0.000000038,0.0000000000033071324,7711805,2019-05-30 12:41:47,btc,58795.21876298428,9976554.99,0.000000038,btc,44091577.7724,0.4240155539101,0.4883447825501,237
1,[],22,[],2019-05-30 12:41:50,288100.0,0.00000003,0.000000000002610894,7711806,2019-05-30 12:41:50,BTC,1.20267422,0.0,0.00000003,"BTC,LTC",17930.94871794872,0.0,0.007541,237
1,[],4,[],2019-05-30 12:41:52,28045913.64758526,0.00000011,0.000000000009573278,7711807,2019-05-30 12:41:52,btc,2.8245235066787124,0.0,0.00000011,btc,9133810.70762417,0.03577622,0.6523610096333382,238
1,[],5,[],2019-05-30 12:41:53,0.0,0,0,7711808,2019-05-30 12:41:53,btc,0.0,0.00875084,0,btc,0.0,0.0,0.0,238
0,[],22,[],2019-03-12 16:49:32,0.0,0,0,6914458,2019-03-12 16:49:32,,0.40415746,0.0,0,,526736.5639027493,0.0,0.0,249
0,[],22,[],2019-05-28 23:53:45,0.0,0,0,7703643,2019-05-28 23:53:45,,13.44714864,0.0,0,,43777534.3426455,0.0,0.0,252
0,[],28,[],2019-05-30 12:41:55,0.0,0,0,7711809,2019-05-30 12:41:55,,0.0,367641.9,0,,0.0,0.0,0.0,256
1,[],22,[],2019-05-30 12:41:58,1039166.0,0.00000001,0.000000000000870298,7711810,2019-05-30 12:41:58,BTC,31464.5506474,0.0,0.00000001,BTC,585656.6675322719,7.7e-07,0.01039166,258
1,[],22,[],2019-05-19 18:12:02,400.0,0.00000001,0.0000000000007957800000000001,7653905,2019-05-19 18:12:02,BTC,2.415167,0.0,0.00000001,BTC,157.0,0.0,4e-06,259
1,[],5,[],2019-05-30 12:42:00,0.0,0,0,7711811,2019-05-30 12:42:00,btc,0.0,0.05356516,0,btc,0.0,0.0,0.0,264
1,[],20,[],2019-05-30 12:42:02,956993.8655,0.000000153,0.0000000000133155594,7711812,2019-05-30 12:42:02,btc,0.9767313719541,23429.506,0.000000153,btc,52933.9807,0.013556486057,0.0077537773869,264
0,[],22,[],2019-04-12 17:57:27,0.0,0,0,7278186,2019-04-12 17:57:27,,66.37522201,0.0,0,,677842.4169881374,0.0,0.0,271
0,[],22,[],2019-05-29 08:10:20,0.0,0,0,7705301,2019-05-29 08:10:20,,33050470.74998113,0.0,0,,14361377780.7,0.0,0.0,272
0,[],28,[],2019-05-29 08:10:54,0.0,0,0,7705302,2019-05-29 08:10:54,,0.0,22189957216.5758,0,,0.0,0.0,0.0,272
1,[],22,[],2019-05-23 07:12:29,219930.0,0.00000004,0.000000000003048688,7671985,2019-05-23 07:12:29,BTC,426.77835217,0.0,0.00000004,BTC,248664.3325962929,0.0,0.00739728,281
1,[],22,[],2019-05-30 12:42:05,382821.68333333335,0.00000004,0.000000000003481192,7711813,2019-05-30 12:42:05,BTC,31.66183684,0.0,0.00000004,"BTC,LTC",1350928.3712440897,0.00358234,0.01605622,286
0,[],22,[],2019-05-30 12:42:09,0.0,0,0,7711814,2019-05-30 12:42:09,,7337904.96568486,0.0,0,,2004620112.6797826,0.0,0.0,294
