pairValue,buyBook,exchangeId,sellBook,updated,buyTotal,satoshiPrice,usdPrice,exchangeLogId,created,bestPair,sellTotalBtc,volume,pairPrice,activePairs,sellTotal,volumeBtc,buyTotalBtc,coinId
1,[],3,[],2019-05-07 06:56:36,30891.3989193489,0.0117119400000000005446221251759197912178933620452880859375,0.0000006933772990440001,7563032,2019-05-07 06:56:36,btc,8.83915158314895,12.5905764524,0.0117119400000000005446221251759197912178933620452880859375,btc,24.155869157493,0.0,0.4041754564148856,1
1,[],4,[],2019-05-07 06:56:37,207746.18393489,0.01164945,0.0000006896777285700001,7563033,2019-05-07 06:56:37,btc,9.305864772395768,0.0,0.01164945,btc,419.56229115,2.73534315,0.6805868313578952,1
1,[],5,[],2019-05-07 06:56:39,0.0,0,0,7563034,2019-05-07 06:56:39,btc,0.0,0.01382967,0,btc,0.0,0.0,0.0,1
1,[],10,[],2019-05-07 06:56:41,185026.40141852,0.01005999,0.000000595577563974,7563035,2019-05-07 06:56:41,btc,6525.073793749815,1247.44400804,0.01005999,btc,1459.16858726,0.0,4.032574221021793,1
1,[],12,[],2019-05-07 06:56:44,70.36594983,0.0117300000000000008426592756904938141815364360809326171875,0.0000006944464980000001,7563036,2019-05-07 06:56:44,btc,0.1674102122624,0.0,0.0117300000000000008426592756904938141815364360809326171875,btc,11.14840935,0.3351004995162,0.285554012887,1
1,[],20,[],2019-05-07 06:56:46,976.5664,0.010710331,0.0000006340794420606001,7563037,2019-05-07 06:56:46,btc,0.0779338833512,0.0364,0.010710331,btc,5.13,0.0004457912088,0.1791754435265,1
1,[],21,[],2019-05-07 06:56:47,2061.26302424,0.01176046000000000035790037600,0.0000006962498091960001,7563038,2019-05-07 06:56:47,btc,11.633802609713126,10105.72415265,0.0117604600000000003579003760023624636232852935791015625,"btc,eth",1298.97173361,20.804085939527603,14.107957079994009,1
0,[],22,[],2019-05-07 06:56:51,0.0,0,0,7563039,2019-05-07 06:56:51,,0.3163308,0.0,0,,0.2527518593615956,0.0,0.0,1
1,[],24,[],2019-05-07 06:56:52,0.0,0.000000000000,0,7563040,2019-05-07 06:56:52,btc,0.0,0.0,0.000000000000,btc,0.0,0.0,0.0,1
0.0,[],25,[],2019-05-07 06:56:53,0.0,0,0,7563041,2019-05-07 06:56:53,btc,47.94999999836443,511.80088624,0.0,btc,3992.02825068,5.7286,0.0,1
1,[],26,[],2019-05-07 06:56:54,0.0,0,0,7563042,2019-05-07 06:56:54,,0.0,0.0,0,,0.0,0.0,0.0,1
1,[],28,[],2019-05-07 06:57:29,987.9,0.01131000,0.000000669581406,7563043,2019-05-07 06:57:29,btc,0.160832048,275025.15,0.01131000,btc,8.7307,0.0,0.024551096,1
0,[],2,[],2019-01-20 23:28:45,0.0,0,0,6477011,2019-01-20 23:28:45,,0.0,0.0,0,,0.0,0.0,0.0,1
1,[],5,[],2019-05-07 06:57:30,0.0,0,0,7563044,2019-05-07 06:57:30,btc,0.0,0.0581026,0,btc,0.0,0.0,0.0,2
0,[],22,[],2019-05-07 06:57:34,0.0,0,0,7563045,2019-05-07 06:57:34,,0.0,0.0,0,,0.0,0.0,0.0,2
1,[],5,[],2019-05-07 06:57:35,0.0,0,0,7563046,2019-05-07 06:57:35,btc,0.0,0.04338243,0,btc,0.0,0.0,0.0,3
1,[],12,[],2019-05-07 06:57:37,2484730.25725411,0.000000159,0.000000000009413213400000002,7563047,2019-05-07 06:57:37,btc,11595.570490887518,0.0,0.000000159,btc,3969112.71423336,0.04291719470783514,0.28898548535070884,3
0,[],28,[],2019-05-07 06:57:38,0.0,0,0,7563048,2019-05-07 06:57:38,,0.0,0.0,0,,0.0,0.0,0.0,3
0,[],2,[],2019-01-20 23:31:32,0.0,0,0,6477077,2019-01-20 23:31:32,,0.0,0.0,0,,0.0,0.0,0.0,4
1,[],4,[],2019-04-26 19:14:12,610911.70993152,0.00000026,0.000000000013566046,7471614,2019-04-26 19:14:12,btc,31.457742656463164,0.0,0.00000026,btc,718733.71307795,0.00142695,0.0638464483338706,4
0,[],12,[],2019-04-25 23:08:22,0.0,0,0,7459310,2019-04-25 23:08:22,btc,1111851.94727753,0.0,0,btc,953412.0,0.0,0.0,5
0,[],2,[],2019-01-20 23:31:51,0.0,0,0,6477087,2019-01-20 23:31:51,,0.0,0.0,0,,0.0,0.0,0.0,6
1,[],11,[],2019-05-07 06:57:40,5106182.307535999,0.00000001,0.0000000000005920260000000001,7563049,2019-05-07 06:57:40,btc,9576.583701859494,406556.0,0.00000001,btc,47259201.75253575,0.0,0.05106182307536,6
1,[],3,[],2019-05-07 06:57:41,11063.4054380103,0.000195689999999999991557586564994153377483598887920379638671875,0.000000011585356794,7563050,2019-05-07 06:57:41,btc,24.96121739199037,32.0018895808,0.000195689999999999991557586564994153377483598887920379638671875,btc,309.781605034214,0.0,0.029223715165585026,7
1,[],4,[],2019-05-07 06:57:42,44481.28076487,0.00019026,0.000000011263886676,7563051,2019-05-07 06:57:42,btc,8.72151787134641,0.0,0.00019026,btc,37138.39341929,3.02966567,4.423247988125165,7
1,[],5,[],2019-05-07 06:57:43,0.0,0,0,7563052,2019-05-07 06:57:43,btc,0.0,0.3832216,0,btc,0.0,0.0,0.0,7
1,[],20,[],2019-04-07 22:06:50,3201475.0482,0.000000001,0.000000000000051590000000000004,7213932,2019-04-07 22:06:50,btc,30.8005781811902,0.0,0.000000001,btc,23077405.3926,0.0,0.0032014750482,8
1,[],4,[],2019-05-07 06:57:44,22681449.22108841,0.00000087,0.000000000051506262000000005,7563053,2019-05-07 06:57:44,btc,4.93102034390706,0.0,0.00000087,btc,3614915.35941387,0.67714561,0.9264923996021229,9
1,[],28,[],2019-05-07 06:58:51,18055.0,0.00000021,0.000000000012432546,7563054,2019-05-07 06:58:51,btc,2708.774353000864,3545587.079,0.00000021,btc,24560.2792,0.0,0.00186155,9
0,[],2,[],2019-01-20 23:22:42,0.0,0,0,6476876,2019-01-20 23:22:42,,0.0,0.0,0,,0.0,0.0,0.0,9
0,[],23,[],2019-01-20 23:22:48,0.0,0,0,6476878,2019-01-20 23:22:48,,0.0,0.0,0,,0.0,0.0,0.0,9
1,[],1,[],2019-02-17 23:31:42,1822507.21,0.00000181000000000000003456111265232042484285557293333113193511962890625,0.000000000066086901,6701244,2019-02-17 23:31:42,btc,3.6990969245,17153386.5,0.00000181000000000000003456111265232042484285557293333113193511962890625,btc,1997391.71,31.11772986,3.2610482446,9
1,[],4,[],2019-02-17 11:22:43,4341674.27126056,0.00000002,0.0000000000007272960000000001,6696112,2019-02-17 11:22:43,btc,0.1997230937751353,0.0,0.00000002,btc,4109766.79808031,0.00215132,0.0479381022052112,10
1,[],4,[],2019-05-07 06:58:54,3690178.08607385,0.00000101,0.000000000059794626,7563055,2019-05-07 06:58:54,btc,6.0860605333304125,0.0,0.00000101,btc,4299218.45326972,2.37975006,0.8024767734439294,12
1,[],5,[],2019-05-07 06:58:56,0.0,0,0,7563056,2019-05-07 06:58:56,btc,0.0,0.15498844,0,btc,0.0,0.0,0.0,12
0.0,[],25,[],2019-05-07 06:58:57,0.0,0,0,7563057,2019-05-07 06:58:57,,0.0,0.0,0.0,btc,0.0,0.0,0.0,12
0,[],2,[],2019-01-20 23:23:08,0.0,0,0,6476890,2019-01-20 23:23:08,,0.0,0.0,0,,0.0,0.0,0.0,12
1,[],4,[],2019-05-07 06:58:58,32029354.89549022,0.00000670,0.00000000039665742000000004,7563058,2019-05-07 06:58:58,btc,3.0461698508957413,0.0,0.00000670,btc,335445.81190544,0.55464599,1.0605218482758012,13
1,[],10,[],2019-05-07 06:59:00,465598.53727904,0.0000063,0.00000000037297638,7563059,2019-05-07 06:59:00,btc,666793.5764572002,4939.49315318,0.0000063,btc,742415.13070738,0.0,0.4309713180627158,13
1,[],21,[],2019-05-07 06:59:01,1995117.37018657,0.000006739999999999999843233039476,0.000000000399025524,7563060,2019-05-07 06:59:01,btc,9.658472591485488,833529.45691965,0.0000067399999999999998432330394759759428779943846166133880615234375,btc,1238558.5886341901,5.72211551,11.025724907185326,13
1,[],4,[],2019-05-07 06:59:02,1143663.73154769,0.00000088,0.000000000052098288,7563061,2019-05-07 06:59:02,btc,5.51535484736295,0.0,0.00000088,btc,1072336.17967237,0.01757688,0.2479112639776196,14
1,[],12,[],2019-05-07 06:59:03,255018.1206609,0.00000085,0.00000000005032221,7563062,2019-05-07 06:59:03,btc,0.11819099116820041,0.0,0.00000085,btc,14478.86895597,0.0003530899100899,0.028506239999981,14
1,[],26,[],2019-05-07 06:59:04,0.0,0.00000050,0.0000000000296013,7563063,2019-05-07 06:59:04,btc,0.0,0.0,0.00000050,btc,0.0,0.0,0.0,14
0,[],17,[],2019-05-03 00:53:32,0.0,0,0,7558876,2019-05-03 00:53:32,btc,0.0,0.0,0,btc,0.0,0.0,0.0,14
0,[],4,[],2019-05-07 06:59:05,0.0,0,0,7563064,2019-05-07 06:59:05,,0.0,0.0,0,,0.0,0.0,0.0,15
,[],12,[],2018-12-01 15:15:48,204241.84496,0.00000489,0.000000000202473384,5260204,2018-12-01 15:15:48,btc,49.5475654835,0.0,,btc,35763.2193806,0.0163153972027625,0.0203389899998,15
1,[],4,[],2019-05-07 06:59:07,31942.23548058,0.00001260,0.0000000007459527600000001,7563065,2019-05-07 06:59:07,btc,1.1031710068043836,0.0,0.00001260,btc,13779.53812503,0.02770499,0.1229556178606028,18
1,[],10,[],2019-05-07 06:59:09,169918.92277749,0.00001373,0.0000000008128516980000001,7563066,2019-05-07 06:59:09,btc,15.885895719234384,2771.43122312,0.00001373,btc,33997.90682878,0.0,0.5244940943535364,18
1,[],12,[],2019-05-07 06:59:11,221344.99240458,0.000013060000000000000319570758744447402932564727962017059326171875,0.000000000773185956,7563067,2019-05-07 06:59:11,btc,33215.320151635635,0.0,0.000013060000000000000319570758744447402932564727962017059326171875,btc,1228.2576162,0.0006153956733621,0.0182663663383817,18
0,[],2,[],2019-01-20 23:23:38,0.0,0,0,6476906,2019-01-20 23:23:38,,0.0,0.0,0,,0.0,0.0,0.0,18
0,[],17,[],2019-05-03 00:53:39,0.0,0,0,7558882,2019-05-03 00:53:39,btc,0.0,0.0,0,btc,0.0,0.0,0.0,18
1,[],3,[],2019-05-07 06:59:12,152771.33768248835,0.0000143300000000000000185788884277116039811517111957073211669921875,0.0000000008483732580000001,7563068,2019-05-07 06:59:12,btc,0.26273586754144695,629.976955908,0.0000143300000000000000185788884277116039811517111957073211669921875,btc,6470.289184939193,0.0,0.04318149401881909,19
1,[],4,[],2019-05-07 06:59:13,380353.58784337,0.00001569,0.000000000928888794,7563069,2019-05-07 06:59:13,btc,3.9179566805538575,0.0,0.00001569,btc,128747.71859488,0.41014171,0.6516593210813483,19
1,[],5,[],2019-05-07 06:59:14,0.0,0,0,7563070,2019-05-07 06:59:14,btc,0.0,0.0001116,0,btc,0.0,0.0,0.0,19
1,[],12,[],2019-05-07 06:59:15,187020.69189244,0.0000150899999999999995183193324255199740946409292519092559814453125,0.000000000893367234,7563071,2019-05-07 06:59:15,btc,0.2761040355029409,0.0,0.0000150899999999999995183193324255199740946409292519092559814453125,btc,2300.39413244,1.514e-05,0.0930347299992966,19
0,[],27,[],2019-05-07 06:59:24,0.0,0,0,7563072,2019-05-07 06:59:24,,0.0,0.0,0,btc,0.0,0.0,0.0,19
0,[],2,[],2019-01-20 23:24:19,0.0,0,0,6476924,2019-01-20 23:24:19,,0.0,0.0,0,,0.0,0.0,0.0,19
1,[],4,[],2019-05-07 06:59:25,1896358.59220945,0.00000010,0.0000000000059202600000000005,7563073,2019-05-07 06:59:25,btc,5.281490915425295,0.0,0.00000010,btc,2279170.28595418,0.0,0.0668365370578882,20
1,[],4,[],2019-05-07 06:59:26,76055108.68018357,0.00000001,0.0000000000005920260000000001,7563074,2019-05-07 06:59:26,btc,39343.1729038375,0.0,0.00000001,btc,54397051.48986641,0.50666763,0.7605510868018358,21
1,[],12,[],2019-05-07 06:59:27,3839997.0,0.00000001,0.0000000000005920260000000001,7563075,2019-05-07 06:59:27,btc,2895.660823185824,0.0,0.00000001,btc,7181972.54845151,0.0009462401498502,0.03839997,21
0,[],17,[],2019-05-03 00:53:51,0.0,0,0,7558891,2019-05-03 00:53:51,btc,0.0,0.0,0,btc,0.0,0.0,0.0,21
1,[],12,[],2019-05-07 06:59:29,8236789404.631,0.0000000005,0.0000000000000296013,7563076,2019-05-07 06:59:29,btc,311119402470.34863,0.0,0.0000000005,btc,2697488605.010989,0.19544811543136864,1.9527269443155,23
0.000000000299574,[],27,[],2019-05-07 06:59:36,1053013.0,5.99148e-18,3.54711193848e-22,7563077,2019-05-07 06:59:36,eth,10131.669321886013,168706881.66,0.00000002,eth,4225494.3444,1.01080390636962e-09,3.18495393414e-12,23
1,[],4,[],2019-05-07 06:59:36,851723.49167523,0.00000033,0.000000000019536858,7563078,2019-05-07 06:59:36,btc,13.959568752937455,0.0,0.00000033,btc,2178097.65836304,0.00992956,0.1046497320762284,24
1,[],22,[],2019-05-07 06:59:39,1021.76,0.00000100,0.0000000000592026,7563079,2019-05-07 06:59:39,BTC,7.415e-05,0.0,0.00000100,BTC,23.919354838709676,0.0,0.00011186,24
0.0,[],25,[],2019-05-07 06:59:41,0.0,0,0,7563080,2019-05-07 06:59:41,,0.0,0.0,0.0,btc,0.0,0.0,0.0,24
1,[],4,[],2019-05-07 06:59:42,26962165.12362508,0.00000559,0.000000000330942534,7563081,2019-05-07 06:59:42,btc,11.580473663288993,0.0,0.00000559,btc,307118.29827147,0.08333928,0.5768485493282504,26
1,[],10,[],2019-05-07 06:59:44,117732.79971967,0.00000852,0.000000000504406152,7563082,2019-05-07 06:59:44,btc,25.49559136387191,3533.70650799,0.00000852,btc,19794.74951902,0.0,0.0691254378924603,26
0,[],2,[],2019-01-20 23:25:56,0.0,0,0,6476976,2019-01-20 23:25:56,,0.0,0.0,0,,0.0,0.0,0.0,26
1,[],11,[],2019-04-30 04:16:17,7094566.83690364,0.00000006,0.000000000003115554,7518027,2019-04-30 04:16:17,btc,67504.138725751,6116.07566417,0.00000006,btc,6591680.7351637,0.0,0.38529422037817224,27
1,[],5,[],2019-04-26 09:47:06,0.0,0,0,7465326,2019-04-26 09:47:06,btc,0.0,0.0,0,btc,0.0,0.0,0.0,27
1,[],3,[],2019-04-28 02:38:55,141621.60361514,0.00000001,0.0000000000005253330000000001,7491060,2019-04-28 02:38:55,btc,2.501704004580372,921815.184511,0.00000001,btc,21091882.2176418,0.0,0.0014162160361513999,27
1,[],4,[],2019-05-07 06:59:45,1556677182.4228003,0.00000002,0.0000000000011840520000000001,7563083,2019-05-07 06:59:45,btc,4.851759967329564,0.0,0.00000002,"btc,ltc",273975523.8143237,0.54463301,10.107656720833353,29
1,[],7,[],2019-05-07 06:59:47,114255133.11587225,0.00000002,0.0000000000011840520000000001,7563084,2019-05-07 06:59:47,btc,46550610.463656455,584583.743018,0.00000002,btc,31537129.94700649,0.01169517,1.274028638515134,29
1,[],4,[],2019-05-07 06:59:48,1542082.68168381,0.00000014,0.000000000008288364,7563085,2019-05-07 06:59:48,btc,2.452606310841399,0.0,0.00000014,btc,1839240.52990782,0.06184322,0.059743940671537,30
0,[],17,[],2019-05-03 01:11:25,0.0,0,0,7559066,2019-05-03 01:11:25,btc,0.0,0.0,0,btc,0.0,0.0,0.0,30
1,[],4,[],2019-05-07 06:59:49,188617.6837789,0.00006300,0.0000000037297638,7563086,2019-05-07 06:59:49,btc,6.352891550922014,0.0,0.00006300,btc,60041.16880437,1.07092317,1.0442753649534673,31
1,[],21,[],2019-05-07 06:59:50,53883.62531045,0.00006206999999999999355956153968,0.000000003674705382,7563087,2019-05-07 06:59:50,btc,3.87959557930935,272857.45587459,0.000062069999999999993559561539679947372860624454915523529052734375,btc,56305.06796062,18.57895879,3.058152287878931,31
0,[],2,[],2019-01-20 23:28:43,0.0,0,0,6477009,2019-01-20 23:28:43,,0.0,0.0,0,,0.0,0.0,0.0,32
0,[],4,[],2019-05-07 06:59:51,0.0,0,0,7563088,2019-05-07 06:59:51,,0.0,0.0,0,,0.0,0.0,0.0,33
1,[],12,[],2019-03-30 07:55:10,40641173.964,0.00000003,0.000000000001228359,7108785,2019-03-30 07:55:10,btc,4233210.82356125,0.0,0.00000003,btc,28378394.68333462,0.0126927883965248,0.90752895892,33
0,[],4,[],2019-05-07 06:59:53,0.0,0,0,7563089,2019-05-07 06:59:53,,3.736129557554937,0.0,0,,150510608.4561641,0.01333175,0.0,34
1,[],5,[],2019-05-07 06:59:54,0.0,0,0,7563090,2019-05-07 06:59:54,btc,0.0,0.02966708,0,btc,0.0,0.0,0.0,34
0.000000000133684,[],4,[],2019-05-02 18:17:45,3384239970.6360936,1.3368400000000002e-18,7.293946092400001e-23,7556428,2019-05-02 18:17:45,ltc,5.381102735485169e-08,0.0,0.00000001,ltc,6862894551.7408495,0.0,4.524187362345155e-09,36
1,[],5,[],2019-05-02 18:17:46,0.0,0,0,7556429,2019-05-02 18:17:46,btc,0.0,0.0,0,btc,0.0,0.0,0.0,36
0.0000000002926451,[],17,[],2019-05-02 18:17:47,200000.0,2.9264510000000002e-18,1.596703856561e-22,7556430,2019-05-02 18:17:47,eth,0.20942468735267253,0.0,0.00000001,"btc,eth",1018272.20243647,0.0,5.852902e-13,36
0.000000000133684,[],27,[],2019-05-02 18:17:55,7883196.008,1.3368400000000002e-18,7.293946092400001e-23,7556431,2019-05-02 18:17:55,ltc,25567.4086131264,0.0,0.00000001,"ltc,eth",21753551.64,0.0,1.0538571751334722e-11,36
1,[],4,[],2019-05-07 06:59:55,208437.60086865,0.00000025,0.00000000001480065,7563091,2019-05-07 06:59:55,btc,19772.67447020368,0.0,0.00000025,btc,829328.89076131,0.01803325,0.0222818184241468,37
1,[],12,[],2019-05-07 06:59:56,942400.71485033,0.00000024,0.000000000014208623999999999,7563092,2019-05-07 06:59:56,btc,61604.97553051528,0.0,0.00000024,btc,585785.81396847,0.0261453140354631,0.09398471999999179,37
1,[],27,[],2019-05-07 07:00:04,1600.0,0.00000015,0.00000000000888039,7563093,2019-05-07 07:00:04,btc,24.12824334291843,77.0,0.00000015,btc,5839.49448498,2.695e-05,3e-05,37
1,[],17,[],2019-05-03 01:11:36,211752.74075282,0.00000025,0.000000000013700074999999998,7559074,2019-05-03 01:11:36,btc,0.055484923955058496,0.0,0.00000025,"btc,eth",1387.19918473,0.0,0.0005381851887916605,37
1,[],5,[],2019-05-07 07:00:06,0.0,0,0,7563094,2019-05-07 07:00:06,btc,0.0,0.00243689,0,btc,0.0,0.0,0.0,42
1,[],12,[],2019-05-07 07:00:07,352206.78145498,0.00000094,0.000000000055650444,7563095,2019-05-07 07:00:07,btc,51.182584467892546,0.0,0.00000094,btc,30442.44722921,0.0095533496917091,0.0559815189999554,42
1,[],27,[],2019-05-07 07:00:24,3256.0,0.00000015,0.00000000000888039,7563096,2019-05-07 07:00:24,btc,1.8179904929696,0.0,0.00000015,"btc,eth",2428.82344975,0.0,0.0002475000006190996,42
1,[],12,[],2019-03-13 09:13:29,1112112.0,0.00000001,0.000000000000386531,6919902,2019-03-13 09:13:29,btc,29058.00478931866,0.0,0.00000001,btc,5967681.93306694,9.99000999e-07,0.01112112,43
1,[],5,[],2019-04-26 22:38:52,0.0,0,0,7474154,2019-04-26 22:38:52,btc,0.0,0.02638891,0,btc,0.0,0.0,0.0,43
0,[],17,[],2019-04-26 22:38:53,0.0,0,0,7474155,2019-04-26 22:38:53,btc,0.0,0.0,0,btc,0.0,0.0,0.0,43
1,[],12,[],2019-03-05 01:54:08,639326.02,0.00000004,0.000000000001486676,6845775,2019-03-05 01:54:08,btc,11116042.728239931,0.0,0.00000004,btc,1103841.4595604,0.0003330765234764,0.014975410599999999,44
1,[],4,[],2019-05-07 07:00:25,132663928.7777676,0.00000001,0.0000000000005920260000000001,7563097,2019-05-07 07:00:25,btc,436.7810382409938,0.0,0.00000001,"btc,ltc",22985645.89584506,0.00118998,0.2989287603969461,49
0.0000000001294634,[],4,[],2019-05-07 07:00:26,131460679.58142786,7.2499504e-17,4.292159135510401e-21,7563098,2019-05-07 07:00:26,ltc,21616.284545052888,0.0,0.00000056,ltc,101435414.85823292,0.0,1.7207400128260485e-09,52
0,[],22,[],2019-05-07 07:00:29,0.0,0,0,7563099,2019-05-07 07:00:29,,10304.87709543,0.0,0,,310505736.4566013,0.0,0.0,57
0.000000000299574,[],27,[],2019-05-07 07:00:42,10000.0,2.99574e-18,1.77355596924e-22,7563100,2019-05-07 07:00:42,eth,0.0,0.0,0.00000001,"btc,eth",0.0,0.0,2.99574e-14,57
0.0000000001294634,[],4,[],2019-05-07 07:00:43,1153501599.9765446,1.294634e-18,7.664569884840001e-23,7563101,2019-05-07 07:00:43,ltc,19.11126343620251,0.0,0.00000001,ltc,5662894345.99197,0.0,1.4933623903840341e-09,58
1,[],12,[],2019-05-07 07:00:45,1573458284.0,0.0000000001,0.0000000000000059202600000000005,7563102,2019-05-07 07:00:45,btc,11896833.093337482,0.0,0.0000000001,btc,4262148344.3146853,0.004398422334365632,0.1573458284,58
0.0000000001158463,[],22,[],2019-05-07 07:00:48,137438.0,1.158463e-18,6.85840216038e-23,7563103,2019-05-07 07:00:48,XMR,69.1795942,0.0,0.00000001,XMR,9887963.0,0.0,0.00137438,58
1,[],17,[],2019-05-03 01:12:09,1200000.0,0.0000000001,0.00000000000000548003,7559085,2019-05-03 01:12:09,btc,1e+24,0.0,0.0000000001,"btc,eth",39516342.31952568,0.0,0.00010000000058666061,58
1,[],5,[],2019-05-07 07:00:49,0.0,0,0,7563104,2019-05-07 07:00:49,btc,0.0,0.01222528,0,btc,0.0,0.0,0.0,61
1,[],22,[],2019-05-07 07:00:52,13613.833333333334,0.00000012,0.000000000007104312,7563105,2019-05-07 07:00:52,BTC,1002.29626883,0.0,0.00000012,BTC,15392.180177125656,0.0,0.00153269,61
1,[],26,[],2019-05-07 07:00:52,0.0,0.00000100,0.0000000000592026,7563106,2019-05-07 07:00:52,btc,0.0,0.0,0.00000100,btc,0.0,0.0,0.0,61
0.000000000299574,[],27,[],2019-05-07 07:01:07,100000.0,2.99574e-18,1.77355596924e-22,7563107,2019-05-07 07:01:07,eth,1.9482732497246655,0.0,0.00000001,"btc,eth",13266.51663696,0.0,2.99574e-13,61
1,[],28,[],2019-05-07 06:16:56,1039.304,0.00000008,0.000000000004739096,7562989,2019-05-07 06:16:56,btc,2.056501795415105,597.0,0.00000008,btc,10022.46650005,0.0,2.439304e-05,61
1,[],4,[],2019-05-07 06:07:56,1240292.66304432,0.00000110,0.00000000006506433999999999,7562837,2019-05-07 06:07:56,btc,1.0791773820312016,0.0,0.00000110,btc,428817.79405696,0.08481345,0.8238437917365039,67
0.0,[],25,[],2019-05-07 06:07:57,0.0,0,0,7562838,2019-05-07 06:07:57,,0.0,0.0,0.0,btc,0.0,0.0,0.0,67
1,[],12,[],2019-05-07 06:16:57,624454.33333333,0.00000014,0.000000000008293418,7562990,2019-05-07 06:16:57,btc,55556348.254386604,0.0,0.00000014,btc,1483797.97604832,0.00012481909091,0.024900739999999602,71
,[],5,[],2018-11-20 23:02:39,1.5e-07,0.00000005,0.000000000002128045,4862160,2018-11-20 23:02:39,btc,2.84511358,0.0,,btc,0.00036572,0.0,0.07381892,74
1,[],5,[],2019-05-07 06:16:59,0.0,0,0,7562991,2019-05-07 06:16:59,btc,0.0,0.00322223,0,btc,0.0,0.0,0.0,75
0,[],20,[],2019-01-25 09:30:31,0.0,0,0,6495923,2019-01-25 09:30:31,btc,0.0,0.0,0,btc,0.0,0.0,0.0,81
0,[],4,[],2019-05-07 06:17:01,0.0,0,0,7562992,2019-05-07 06:17:01,,133703.44050792317,0.0,0,,35150289.66593586,0.00045218,0.0,81
1,[],4,[],2019-05-07 06:08:05,29957.75660006,0.00007287,0.000000004310216778,7562842,2019-05-07 06:08:05,btc,18.164094745479325,0.0,0.00007287,btc,19296.98817665,1.00745672,0.5247052651413117,82
1,[],21,[],2019-05-07 06:08:05,262647.71216358,0.00006750000000000000086302492930,0.0000000039925845,7562843,2019-05-07 06:08:05,btc,3.3949692811563783,5609.73435567,0.000067500000000000000863024929298461529469932429492473602294921875,btc,44298.16327872,0.37198626,2.344495669431002,82
0,[],17,[],2019-03-25 22:42:34,0.0,0,0,7038780,2019-03-25 22:42:34,btc,0.0445064681804024,0.0,0,btc,995513.18476001,0.0,0.0,84
0.00000000013644,[],4,[],2019-05-01 19:17:39,299701867.376,1.3644e-18,7.259508504e-23,7542161,2019-05-01 19:17:39,ltc,1.6769037726995486,0.0,0.00000001,ltc,427823536.87452894,0.00010978,4.089132278478144e-10,85
,[],22,[],2018-11-20 23:09:34,3408.1,0.0000001,0.0000000000041895,4862324,2018-11-20 23:09:34,BTC,0.04624735,0.0,,BTC,4990.0,0.0,0.00033081,86
1,[],22,[],2019-04-28 12:40:53,100736.0,0.00000003,0.000000000001581999,7496039,2019-04-28 12:40:53,BTC,3.65981852,0.0,0.00000003,BTC,220119.54736842104,0.0,0.00122208,87
1,[],27,[],2019-04-28 12:41:07,94210.0,0.00000001,0.0000000000005273330000000001,7496040,2019-04-28 12:41:07,btc,5.5716688171676,0.0,0.00000001,btc,48984.90885,0.0,0.0009421,87
,[],2,[],2018-11-20 23:10:47,0.0,0,0,4862359,2018-11-20 23:10:47,,0.0,0.0,,,0.0,0.0,0.0,88
1,[],11,[],2019-05-07 06:17:05,85373.35251876,0.000131829999999999989725163462850332507514394819736480712890625,0.000000007809437821,7562993,2019-05-07 06:17:05,btc,168.26254742814402,69.2898,0.000131829999999999989725163462850332507514394819736480712890625,btc,158850.21271259,0.0,5.062365602268334,89
0,[],2,[],2019-01-20 23:31:45,0.0,0,0,6477083,2019-01-20 23:31:45,,0.0,0.0,0,,0.0,0.0,0.0,91
0,[],17,[],2019-05-03 01:12:26,0.0,0,0,7559096,2019-05-03 01:12:26,btc,0.0,0.0,0,btc,0.0,0.0,0.0,91
1,[],12,[],2019-05-07 06:17:08,399824.00644148,0.00000051,0.000000000030211737,7562994,2019-05-07 06:17:08,btc,73.19719908296833,0.0,0.00000051,btc,149394.69782722,0.0,0.0440429486999573,91
1,[],22,[],2019-05-07 06:17:13,76014.0,0.0000008,0.00000000004739096,7562995,2019-05-07 06:17:13,BTC,0.1,0.0,0.0000008,"BTC,LTC",1.0,0.0,0.0017135,91
1,[],22,[],2019-04-09 20:17:52,374949.73333333334,0.00000015,0.000000000007771935,7235704,2019-04-09 20:17:52,BTC,6.87372503,0.0,0.00000015,"BTC,LTC",159980.01196797504,1.1e-05,0.80510266,95
0,[],17,[],2019-05-03 01:12:32,0.0,0,0,7559100,2019-05-03 01:12:32,btc,0.0,0.0,0,btc,0.0,0.0,0.0,96
0.000000000129233,[],4,[],2019-05-07 06:17:14,553557958.2675555,7.624747e-17,4.516801001089e-21,7562996,2019-05-07 06:17:14,ltc,11.325890854198898,0.0,0.00000059,ltc,133344903.97227664,0.0,1.5235181443985196e-09,96
0,[],12,[],2019-05-07 06:17:15,0.0,0,0,7562997,2019-05-07 06:17:15,btc,25054.263517380074,0.0,0,btc,6821630.82664734,4.02697302697e-05,0.0,96
1,[],4,[],2019-04-14 03:32:46,1039404.33283278,0.00000038,0.000000000019245518,7293458,2019-04-14 03:32:46,btc,4.170086055365747,0.0,0.00000038,btc,3097704.34561074,0.06260606,0.1859928211030784,99
1,[],4,[],2019-05-07 07:02:03,335585.25883104,0.00003725,0.00000000220529685,7563121,2019-05-07 07:02:03,btc,6.799756949759702,0.0,0.00003725,btc,115030.05489375,0.37113404,0.7340548794366235,100
0,[],2,[],2019-01-20 23:23:55,0.0,0,0,6476914,2019-01-20 23:23:55,,0.0,0.0,0,,0.0,0.0,0.0,100
1,[],22,[],2019-05-07 07:02:07,130000.0,0.00000001,0.0000000000005920260000000001,7563122,2019-05-07 07:02:07,BTC,24.83526409,0.0,0.00000001,BTC,11187.719,0.0,0.0013,101
1,[],4,[],2019-05-07 07:02:09,554182.48454396,0.00001132,0.000000000670173432,7563123,2019-05-07 07:02:09,btc,339.38345898157525,0.0,0.00001132,btc,288560.72970775,4.06191826,0.6005683558260677,103
1,[],12,[],2019-05-07 07:02:11,115136409.51292,0.000000005,0.00000000000029601300000000003,7563124,2019-05-07 07:02:11,btc,468525102.2347157,0.0,0.000000005,btc,106821817.68806186,0.00439771455544468,0.23777861971276001,105
1,[],27,[],2019-05-07 06:17:32,11976.0,0.00000001,0.000000000000592387,7563002,2019-05-07 06:17:32,btc,0.0689357688051137,0.0,0.00000001,btc,864584.59450753,0.0,0.00011976,105
1,[],22,[],2019-04-21 00:17:26,21333.0,0.00000001,0.000000000000532493,7385819,2019-04-21 00:17:26,BTC,51.38182867,0.0,0.00000001,BTC,470435.0,0.0,0.00021333,107
1,[],26,[],2019-04-21 00:17:26,0.0,0.00000000,0,7385820,2019-04-21 00:17:26,btc,0.0,0.0,0.00000000,btc,0.0,0.0,0.0,107
1,[],5,[],2019-05-07 06:17:34,0.0,0,0,7563003,2019-05-07 06:17:34,btc,0.0,0.0066665,0,btc,0.0,0.0,0.0,112
0,[],22,[],2019-05-07 06:17:36,0.0,0,0,7563004,2019-05-07 06:17:36,,2.79003697,0.0,0,,1380942.0833333333,0.0,0.0,112
1,[],27,[],2019-05-07 06:17:44,1.0,0.00000001,0.000000000000592387,7563005,2019-05-07 06:17:44,btc,1.25032588,0.0,0.00000001,"btc,eth",1819.0,0.0,1e-08,112
1,[],4,[],2019-05-07 06:17:45,354911.73266072,0.00000178,0.000000000105444886,7563006,2019-05-07 06:17:45,btc,5.2204039382688165,0.0,0.00000178,btc,524280.65456481,0.16806392,0.2406175880474114,113
1,[],5,[],2019-05-07 06:17:47,0.0,0,0,7563007,2019-05-07 06:17:47,btc,0.0,0.0,0,btc,0.0,0.0,0.0,113
1,[],17,[],2019-04-26 02:17:47,162738.278,0.00000004,0.0000000000021069000000000002,7461287,2019-04-26 02:17:47,btc,1.3331140273775473,0.0,0.00000004,btc,51796.221,0.0,0.00230953112,116
0,[],27,[],2019-04-26 02:19:51,0.0,0,0,7461288,2019-04-26 02:19:51,,0.0,0.0,0,,0.0,0.0,0.0,116
1,[],4,[],2019-05-07 06:17:48,137077.60413242,0.00001022,0.000000000605419514,7563008,2019-05-07 06:17:48,btc,132.1129830905122,0.0,0.00001022,btc,264959.30307423,0.11723187,1.1002087037593098,120
1,[],7,[],2019-05-07 06:17:49,9470.75411401,0.000012140000000000000657664027403637163615712779574096202850341796875,0.000000000719157818,7563009,2019-05-07 06:17:49,btc,231185.89209201233,0.0,0.000012140000000000000657664027403637163615712779574096202850341796875,btc,4114.85498974,0.0,0.0182012241997629,120
1,[],20,[],2019-04-07 18:42:29,1914137.0852,0.000000035,0.0000000000017871910000000002,7211992,2019-04-07 18:42:29,btc,32.2497668025648,25528.85,0.000000035,btc,1001975.4986,0.00089350975,0.0152723574729,125
1,[],22,[],2019-05-07 06:17:54,110000.0,0.00000001,0.000000000000592387,7563010,2019-05-07 06:17:54,BTC,0.032061,0.0,0.00000001,BTC,299316.7611111111,0.0,0.0011,126
1,[],4,[],2019-05-07 06:17:56,1857216.53840699,0.00000958,0.000000000567506746,7563011,2019-05-07 06:17:56,btc,3.7764399773884105,0.0,0.00000958,btc,169586.44658414,0.09737233,0.4752427102636168,131
0,[],2,[],2019-01-20 23:25:46,0.0,0,0,6476969,2019-01-20 23:25:46,,0.0,0.0,0,,0.0,0.0,0.0,131
1,[],17,[],2019-05-03 01:13:10,10000.0,0.00000001,0.000000000000548003,7559115,2019-05-03 01:13:10,btc,0.0953976503951408,0.0,0.00000001,btc,5037.62507334,0.0,0.0001,131
1,[],4,[],2019-05-07 06:17:58,4710.87590143,0.00012757,0.000000007557080959,7563012,2019-05-07 06:17:58,btc,6.011515354620868,0.0,0.00012757,btc,191.61415747,0.0,0.0081068379613288,135
1,[],3,[],2019-05-07 06:09:06,530498.0,0.00000001,0.000000000000591494,7562864,2019-05-07 06:09:06,btc,0.0934057631805504,129896.5,0.00000001,btc,1024104.34967245,0.0,0.00530498,136
1,[],4,[],2019-05-07 06:17:59,3457263.9724137,0.00000236,0.000000000139803332,7563013,2019-05-07 06:17:59,btc,318.7529194114148,0.0,0.00000236,btc,465542.02894628,0.17973528,0.8163568176430217,137
1,[],12,[],2019-05-07 06:18:01,331204.46953456,0.00000207999999999999999057936732327345197290924261324107646942138671875,0.000000000123216496,7563014,2019-05-07 06:18:01,btc,48520.511223615154,0.0,0.00000207999999999999999057936732327345197290924261324107646942138671875,btc,41596.92680232,0.0039245490009681,0.0382596099999502,137
1,[],4,[],2019-05-07 06:09:12,46611.61531515,0.00003700,0.0000000021885278,7562867,2019-05-07 06:09:12,btc,5.143660965605814,0.0,0.00003700,btc,67039.82392479,0.19358602,0.1912844050616993,142
1,[],5,[],2019-05-07 06:09:13,0.0,0,0,7562868,2019-05-07 06:09:13,btc,0.0,0.25689898,0,btc,0.0,0.0,0.0,142
1,[],20,[],2019-05-07 06:09:15,167604.7543,0.00003401,0.000000002011671094,7562869,2019-05-07 06:09:15,btc,1.7086003245498,0.0,0.00003401,btc,8215.5399,0.0,0.060060580353,142
1,[],22,[],2019-05-07 06:09:18,1370.0,0.00000200,0.0000000001182988,7562870,2019-05-07 06:09:18,BTC,3.2756588,0.0,0.00000200,BTC,1135.5948275773155,0.0,0.0003632,142
0.0,[],25,[],2019-05-07 06:09:19,0.0,0,0,7562871,2019-05-07 06:09:19,,0.0,0.0,0.0,btc,0.0,0.0,0.0,142
1,[],28,[],2019-05-07 06:09:21,79102.0,0.00003311,0.000000001958436634,7562872,2019-05-07 06:09:21,btc,0.0588024634,243762.0,0.00003311,btc,484.27303,0.0,0.07347342,142
1,[],17,[],2019-05-03 01:13:16,32967.38636364,0.00000088,0.000000000048224264,7559122,2019-05-03 01:13:16,btc,20.06976206696776,0.0,0.00000088,btc,2746.079105,0.0,0.0105613000000032,142
0,[],22,[],2019-05-07 06:18:03,0.0,0,0,7563015,2019-05-07 06:18:03,,66.66505393,0.0,0,,938775805.8,0.0,0.0,143
0,[],22,[],2019-02-25 15:42:22,0.0,0,0,6783783,2019-02-25 15:42:22,,4.2131946,0.0,0,,2322156.0,0.0,0.0,146
,[],22,[],2018-11-20 23:01:11,0.0,0,0,4862114,2018-11-20 23:01:11,,2.56807021,0.0,,,61828.4988236,0.0,0.0,147
1,[],12,[],2019-04-21 06:38:04,193091.5971266,0.00000071,0.000000000037635183,7388679,2019-04-21 06:38:04,btc,2.301232411611175,0.0,0.00000071,btc,9957.48302385,0.00023528,0.0313308199999888,148
1,[],4,[],2019-03-19 21:31:25,255810.0415942,0.00000029,0.000000000011615747,6982695,2019-03-19 21:31:25,btc,218.94922712414143,0.0,0.00000029,btc,793529.37642722,0.00117,0.0608347789473395,152
0,[],22,[],2019-03-19 21:31:27,0.0,0,0,6982696,2019-03-19 21:31:27,,0.0,0.0,0,,0.0,0.0,0.0,152
1,[],5,[],2019-04-26 09:36:59,0.0,0,0,7465040,2019-04-26 09:36:59,btc,0.0,0.0,0,btc,0.0,0.0,0.0,153
,[],16,[],2019-01-11 15:38:59,0.0,0,0,6366141,2019-01-11 15:38:59,btc,0.0,0.0,,btc,0.0,0.0,0.0,155
0,[],22,[],2019-05-07 06:18:06,0.0,0,0,7563016,2019-05-07 06:18:06,,6.78991271,0.0,0,,4661448.342592592,0.0,0.0,156
0,[],23,[],2019-01-20 23:24:29,0.0,0,0,6476932,2019-01-20 23:24:29,,0.0,0.0,0,,0.0,0.0,0.0,156
1,[],22,[],2019-05-07 06:18:09,7066.0,0.00000800,0.0000000004739096,7563017,2019-05-07 06:18:09,BTC,1.79802465,0.0,0.00000800,BTC,802.6461988741639,0.0,0.00062996,157
0,[],22,[],2019-05-07 06:18:12,0.0,0,0,7563018,2019-05-07 06:18:12,,50234.60468402,0.0,0,,54786159.03179465,0.0,0.0,158
,[],17,[],2018-11-20 22:56:10,0.0,0,0,4861976,2018-11-20 22:56:10,btc,1.1265625,0.0,,btc,1000.0,0.0,0.0,159
,[],20,[],2018-11-20 22:56:12,0.0,0,0,4861977,2018-11-20 22:56:12,btc,11912.7940471,0.0,,btc,34413894.3617,0.0,0.0,159
1,[],12,[],2019-05-07 06:09:35,263528.08415638,0.000003899999999999999929396754527743951257434673607349395751953125,0.00000000023068265999999998,7562877,2019-05-07 06:09:35,btc,13.563573875860223,0.0,0.000003899999999999999929396754527743951257434673607349395751953125,btc,11614.01094598,0.001433131421446,0.0487766688783481,168
1,[],17,[],2019-05-03 01:13:36,42852.0,0.00000002,0.000000000001096006,7559132,2019-05-03 01:13:36,btc,0.04279856251542,0.0,0.00000002,btc,274.46171372,0.0,0.00052852,168
1,[],22,[],2019-05-07 03:57:18,743122.0,0.00000001,0.000000000000593596,7562020,2019-05-07 03:57:18,BTC,41.40912107,0.0,0.00000001,BTC,1593401.2737547632,0.00342649,0.00743122,169
1,[],22,[],2019-05-07 06:18:15,194400.0,0.00000002,0.000000000001184774,7563019,2019-05-07 06:18:15,BTC,30.18744777,0.0,0.00000002,BTC,436374.58201967884,0.0101507,0.001949,171
1,[],22,[],2019-05-07 06:09:42,106330.08333333333,0.00000013,0.000000000007689421999999999,7562879,2019-05-07 06:09:42,BTC,22.16836049,0.0,0.00000013,"BTC,LTC",664871.9853207375,0.00366528,0.00243661,173
1,[],5,[],2019-05-06 19:49:32,0.0,0,0,7559281,2019-05-06 19:49:32,btc,0.0,0.00023336,0,btc,0.0,0.0,0.0,175
1,[],22,[],2019-05-07 06:18:18,94350.0,0.00000001,0.000000000000592387,7563020,2019-05-07 06:18:18,BTC,394.02772459,0.0,0.00000001,BTC,139955.2850009791,0.0,0.0009435,176
1,[],7,[],2019-05-07 06:09:47,0.0,0,0,7562881,2019-05-07 06:09:47,btc,520270.8857881791,1500000.0,0,btc,19653386.483368568,0.015,0.0,178
0,[],22,[],2019-05-07 06:09:49,0.0,0,0,7562882,2019-05-07 06:09:49,,1.00242428,0.0,0,,57512.0,0.0,0.0,178
0,[],2,[],2019-01-20 23:28:34,0.0,0,0,6477001,2019-01-20 23:28:34,,0.0,0.0,0,,0.0,0.0,0.0,178
1,[],5,[],2019-05-07 06:18:19,0.0,0,0,7563021,2019-05-07 06:18:19,btc,0.0,0.34469329,0,btc,0.0,0.0,0.0,179
1,[],22,[],2019-05-07 06:18:22,3051281.0,0.00000002,0.000000000001184774,7563022,2019-05-07 06:18:22,BTC,5.32300637,0.0,0.00000002,BTC,13296909.745280009,0.01502153,0.03287524,179
0,[],23,[],2019-01-20 23:25:08,0.0,0,0,6476952,2019-01-20 23:25:08,,0.0,0.0,0,,0.0,0.0,0.0,179
1,[],22,[],2019-05-07 06:09:59,641258.971048321,0.0000008,0.00000000004731952,7562885,2019-05-07 06:09:59,BTC,39.05920804,0.0,0.0000008,"BTC,LTC",153251.15921356747,0.0046898,0.55417964,180
1,[],26,[],2019-05-07 06:09:59,0.0,0.00000120,0.00000000007097928,7562886,2019-05-07 06:09:59,btc,0.0,50.0,0.00000120,btc,0.0,0.0,0.0,180
1,[],17,[],2019-05-03 01:13:56,20504.725000000002,0.0000001,0.00000000000548003,7559141,2019-05-03 01:13:56,btc,5.2010695838400265,0.0,0.0000001,btc,5033.45945,0.0,0.0011504725,180
,[],7,[],2018-11-20 22:58:01,562227.975654,0.00000085,0.000000000036176765,4862015,2018-11-20 22:58:01,btc,21836.6059674,2491.87645172,,btc,749999.041456,0.00211021,0.127565380455,183
,[],5,[],2019-01-10 08:11:41,0.0,0,0,6347036,2019-01-10 08:11:41,btc,82.15055501,0.00261,,btc,1.19002445,0.0,0.0,187
1,[],24,[],2019-04-30 17:34:05,0.0,0.000000000014,7.396256000000001e-16,7526291,2019-04-30 17:34:05,btc,0.0,0.0,0.000000000014,btc,0.0,0.0,0.0,187
,[],17,[],2018-11-16 20:58:10,4062536.27273,0.00000001,0.000000000000550501,4708775,2018-11-16 20:58:10,btc,3.36492563466,0.195460381006,,"btc,eth",110697919.549,0.0,0.0157628953496,187
0,[],22,[],2019-04-25 02:54:07,0.0,0,0,7447896,2019-04-25 02:54:07,,7.54794454,0.0,0,,76361.7243344055,0.0,0.0,191
0,[],22,[],2019-05-07 07:04:22,0.0,0,0,7563159,2019-05-07 07:04:22,,0.0,0.0,0,,0.0,0.0,0.0,197
0,[],23,[],2019-01-20 23:31:41,0.0,0,0,6477079,2019-01-20 23:31:41,,0.0,0.0,0,,0.0,0.0,0.0,199
0.0000000001294634,[],22,[],2019-05-07 07:04:25,54734331.0,2.589268e-18,1.5329139769680003e-22,7563160,2019-05-07 07:04:25,LTC,18.75578347,0.0,0.00000002,LTC,35255414.0,0.0,0.64068281,199
1,[],26,[],2019-05-07 07:04:25,0.0,0.00000000,0,7563161,2019-05-07 07:04:25,btc,0.0,0.0,0.00000000,btc,0.0,0.0,0.0,199
0,[],2,[],2019-01-20 23:30:49,0.0,0,0,6477059,2019-01-20 23:30:49,,0.0,0.0,0,,0.0,0.0,0.0,201
1,[],4,[],2019-01-25 15:51:35,2084389.58565343,0.00000936,0.000000000333526752,6499557,2019-01-25 15:51:35,btc,2.0092503037378524,0.0,0.00000936,btc,160195.80207885,0.19272417,1.242687955921835,211
1,[],7,[],2019-05-07 07:04:28,14279424.604120059,0.00000089,0.000000000052690314,7563162,2019-05-07 07:04:28,btc,15559137.63597342,480675.801336,0.00000089,btc,12225455.95151879,0.0,2.311965493148998,212
1,[],12,[],2019-01-25 02:44:32,207462.42853209,0.000001080000000000000035831255497387193287295303889550268650054931640625,0.000000000038610756000000006,6493050,2019-01-25 02:44:32,btc,85023.03793723314,0.0,0.000001080000000000000035831255497387193287295303889550268650054931640625,btc,43675.73520027,0.000146250909087,0.0348620860622024,213
1,[],5,[],2019-05-06 19:52:08,0.0,0,0,7559293,2019-05-06 19:52:08,btc,0.0,0.73592961,0,btc,0.0,0.0,0.0,213
1,[],24,[],2019-05-06 19:52:08,0.0,0.000000050000,0.00000000000287967,7559294,2019-05-06 19:52:08,btc,0.0,0.0,0.000000050000,btc,0.0,0.0,0.0,213
1,[],26,[],2019-05-06 19:52:08,0.0,0.00000040,0.00000000002303736,7559295,2019-05-06 19:52:08,btc,0.0,0.0,0.00000040,btc,0.0,0.0,0.0,213
0,[],22,[],2019-05-07 07:04:31,0.0,0,0,7563163,2019-05-07 07:04:31,,11.26999216,0.0,0,,2172454.2040649247,0.0,0.0,216
1,[],27,[],2019-05-07 07:04:44,34096.0,0.00000001,0.0000000000005920260000000001,7563164,2019-05-07 07:04:44,btc,58.91787219803932,53250.0,0.00000001,"btc,ltc",212050.497308,0.0005325,0.00034096,216
1,[],22,[],2019-05-07 07:04:47,322760.606980116,0.00000142,0.000000000084067692,7563165,2019-05-07 07:04:47,BTC,12055.01471778,0.0,0.00000142,BTC,439316.57764585863,0.02764521,0.10141229,217
0,[],27,[],2019-05-07 06:10:59,0.0,0,0,7562895,2019-05-07 06:10:59,,0.01810337,0.0,0,btc,1580037.0,0.0,0.0,219
0.0000000000000045,[],28,[],2019-05-07 06:11:01,489172109.014,2.700045e-18,1.59706041723e-22,7562896,2019-05-07 06:11:01,doge,3650161.30722202,579678.0847,0.00060001,"btc,doge",44737760.5033,0.0,2.892765012536799e-11,219
1,[],7,[],2019-05-07 07:04:51,0.0,0,0,7563166,2019-05-07 07:04:51,btc,111302.56967336107,0.0,0,btc,137382971.78428552,0.0,0.0,219
1,[],22,[],2019-05-07 06:11:04,405857.0,0.00000005,0.00000000000295747,7562897,2019-05-07 06:11:04,BTC,56.83025662,0.0,0.00000005,BTC,168795.81494054076,3.99e-06,0.01336485,221
1,[],24,[],2019-05-07 06:11:05,0.0,0.000000010000,0.0000000000005914939999999999,7562898,2019-05-07 06:11:05,btc,0.0,0.0,0.000000010000,btc,0.0,0.0,0.0,221
1,[],20,[],2019-05-07 06:18:52,12215979.1583,0.00000001,0.000000000000592387,7563030,2019-05-07 06:18:52,btc,100092.92235796685,242411.381,0.00000001,btc,22929825.5625,0.0031891439494,0.0533295320409,224
0,[],22,[],2019-05-07 06:18:54,0.0,0,0,7563031,2019-05-07 06:18:54,,0.0,0.0,0,,0.0,0.0,0.0,224
1,[],26,[],2019-05-07 06:11:11,0.0,0.00000026,0.000000000015378843999999998,7562901,2019-05-07 06:11:11,btc,0.0,0.0,0.00000026,btc,0.0,0.0,0.0,231
1,[],26,[],2019-05-07 06:11:11,0.0,0.00000005,0.00000000000295747,7562902,2019-05-07 06:11:11,btc,0.0,100.0,0.00000005,btc,0.0,0.0,0.0,234
0.00000000029841929999999997,[],27,[],2019-05-07 06:11:20,10000.0,2.984193e-18,1.765132254342e-22,7562903,2019-05-07 06:11:20,eth,0.01134836604,0.0,0.00000001,"btc,eth",11462.996,0.0,2.984193e-14,234
1,[],4,[],2019-04-29 21:02:20,217188.93193785,0.00000080,0.00000000004151584,7514327,2019-04-29 21:02:20,btc,5.239800103892936,0.0,0.00000080,btc,797346.30008933,0.0,0.0590549781555679,236
1,[],24,[],2019-04-29 21:02:20,0.0,0.000000100000,0.00000000000518948,7514328,2019-04-29 21:02:20,btc,0.0,0.0,0.000000100000,btc,0.0,0.0,0.0,236
1,[],5,[],2019-05-06 20:53:15,0.0,0,0,7559637,2019-05-06 20:53:15,btc,0.0,0.20253514,0,btc,0.0,0.0,0.0,237
1,[],20,[],2019-05-06 20:53:18,38173217.6136,0.000000083,0.0000000000047460728,7559638,2019-05-06 20:53:18,btc,21342.514614200165,8832375.7238,0.000000083,btc,27701499.3386,0.7554403456107,1.3621107610479,237
1,[],22,[],2019-05-06 20:53:20,343938.0,0.00000009,0.000000000005146344,7559639,2019-05-06 20:53:20,BTC,1.20267422,0.0,0.00000009,BTC,17930.94871794872,0.0,0.01017442,237
1,[],4,[],2019-05-07 06:11:22,6655859.70314861,0.00000019,0.000000000011238386,7562904,2019-05-07 06:11:22,btc,3.4494381663839584,0.0,0.00000019,btc,9430131.25664463,0.30292353,0.5702825520180073,238
1,[],5,[],2019-05-07 06:11:24,0.0,0,0,7562905,2019-05-07 06:11:24,btc,0.0,0.0357335,0,btc,0.0,0.0,0.0,238
0,[],22,[],2019-03-12 16:49:32,0.0,0,0,6914458,2019-03-12 16:49:32,,0.40415746,0.0,0,,526736.5639027493,0.0,0.0,249
0,[],22,[],2019-05-07 06:11:26,0.0,0,0,7562906,2019-05-07 06:11:26,,4.58069816,0.0,0,,38494577.91407407,0.0,0.0,252
1,[],28,[],2019-05-07 06:11:28,42072958.508,0.00000044,0.000000000026025736,7562907,2019-05-07 06:11:28,btc,3.640480830611,466290.947,0.00000044,btc,3004161.7029,0.0,0.72458620688,256
1,[],22,[],2019-05-07 06:11:31,1088993.5,0.00000002,0.0000000000011829879999999998,7562908,2019-05-07 06:11:31,BTC,21.88116616,0.0,0.00000002,BTC,522884.63333384093,2.75e-06,0.01124633,258
1,[],22,[],2019-03-13 00:07:30,47146.0,0.00000001,0.000000000000387233,6917028,2019-03-13 00:07:30,BTC,2.415167,0.0,0.00000001,BTC,157.0,0.0,0.00047146,259
1,[],5,[],2019-05-07 06:11:33,0.0,0,0,7562909,2019-05-07 06:11:33,btc,0.0,0.38349675,0,btc,0.0,0.0,0.0,264
1,[],20,[],2019-05-07 06:11:35,1263722.3124,0.0000012,0.00000000007097928,7562910,2019-05-07 06:11:35,btc,4.8268258151272,59526.1686,0.0000012,btc,95627.1626,0.0756199848547,0.0271815690126,264
0,[],22,[],2019-04-12 17:57:27,0.0,0,0,7278186,2019-04-12 17:57:27,,66.37522201,0.0,0,,677842.4169881374,0.0,0.0,271
0,[],22,[],2019-05-07 06:11:38,0.0,0,0,7562911,2019-05-07 06:11:38,,33050467.4724609,0.0,0,,14361462970.7,0.0,0.0,272
0.0000000000000045,[],28,[],2019-05-07 06:11:40,399476115975.5,1.0799999999999999e-21,6.3881352e-26,7562912,2019-05-07 06:11:40,doge,26838969.841179468,2798160074.981,0.00000024,doge,353904979136.509,0.0,2.3069934325030499e-10,272
1,[],22,[],2019-05-07 06:11:44,168039.7,0.00000013,0.000000000007689421999999999,7562913,2019-05-07 06:11:44,BTC,427.42495672,0.0,0.00000013,BTC,249705.37764460206,0.0,0.00918978,281
1,[],22,[],2019-05-07 06:11:48,105531.1,0.00000002,0.0000000000011829879999999998,7562914,2019-05-07 06:11:48,BTC,536.90470511,0.0,0.00000002,"BTC,LTC",596565.2922801868,0.00109671,0.00756194,286
0,[],22,[],2019-05-07 06:11:50,0.0,0,0,7562915,2019-05-07 06:11:50,,7337883.29829334,0.0,0,,1299453029.2797825,0.0,0.0,294
