pairValue,buyBook,exchangeId,sellBook,updated,buyTotal,satoshiPrice,usdPrice,exchangeLogId,created,bestPair,sellTotalBtc,volume,pairPrice,activePairs,sellTotal,volumeBtc,buyTotalBtc,coinId
1,[],3,[],2019-03-08 00:14:09,30524.49552648106,0.0127794799999999993123100949787840363569557666778564453125,0.000000494678335424,6872245,2019-03-08 00:14:09,btc,61.13826701144951,3.47388436456,0.0127794799999999993123100949787840363569557666778564453125,btc,26.913186293765,0.0,0.05191639860375445,1
1,[],4,[],2019-03-08 00:14:11,207893.77181356,0.01276023,0.000000493933191024,6872246,2019-03-08 00:14:11,btc,9.87142934513402,0.0,0.01276023,btc,310.06050151,2.43102058,2.8685078780324256,1
1,[],5,[],2019-03-08 00:14:13,0.0,0,0,6872247,2019-03-08 00:14:13,btc,0.0,0.03771067,0,btc,0.0,0.0,0.0,1
1,[],10,[],2019-03-08 00:14:15,414585.04154435,0.01070847,0.000000414512023536,6872248,2019-03-08 00:14:15,btc,6522.213542626627,1840.51435191,0.01070847,btc,1103.2974524,0.0,5.394487743266469,1
1,[],12,[],2019-03-08 00:14:18,115.43561978,0.012869999999999999495958746820178930647671222686767578125,0.000000498182256,6872249,2019-03-08 00:14:18,btc,0.34672016936690003,0.0,0.012869999999999999495958746820178930647671222686767578125,btc,24.08420461,0.0124470029283,0.4551837864451,1
1,[],20,[],2019-03-08 00:14:20,1152.1548,0.010500326,0.0000004064550190688,6872250,2019-03-08 00:14:20,btc,0.0537212229119,0.3915,0.010500326,btc,2.3871,0.0046697723592,0.1014406901013,1
1,[],21,[],2019-03-08 00:14:21,1709.7876277,0.01284178000000000055558224688,0.0000004970898936640001,6872251,2019-03-08 00:14:21,btc,21.69062285446794,7177.5004771799995,0.0128417800000000005555822468750193365849554538726806640625,"btc,eth",2240.47234535,90.64030639554919,18.169993333076704,1
1,[],22,[],2019-03-08 00:14:26,0.006382215384615385,0.01300000,0.0000005032144,6872252,2019-03-08 00:14:26,BTC,0.31439419,0.0,0.01300000,BTC,0.12751438772928525,0.0,7.978e-05,1
1,[],24,[],2019-03-08 00:14:26,0.0,0.000000000000,0,6872253,2019-03-08 00:14:26,btc,0.0,0.0,0.000000000000,btc,0.0,0.0,0.0,1
0.0,[],25,[],2019-03-08 00:14:27,0.0,0,0,6872254,2019-03-08 00:14:27,btc,16.255299998696646,339.50438604,0.0,btc,1227.28750127,4.429,0.0,1
1,[],26,[],2019-03-08 00:14:45,0.0,0,0,6872255,2019-03-08 00:14:45,,0.0,0.0,0,,0.0,0.0,0.0,1
1,[],28,[],2019-03-08 00:14:47,993.142,0.01323000,0.000000512117424,6872256,2019-03-08 00:14:47,btc,0.147239806,18400.97,0.01323000,btc,7.9,0.0,0.089302756,1
0,[],2,[],2019-01-20 23:28:45,0.0,0,0,6477011,2019-01-20 23:28:45,,0.0,0.0,0,,0.0,0.0,0.0,1
1,[],5,[],2019-03-08 00:14:49,0.0,0,0,6872257,2019-03-08 00:14:49,btc,0.0,0.0067584,0,btc,0.0,0.0,0.0,2
0.0000000001267404,[],22,[],2019-03-08 00:14:52,1148.0,1.3941444e-16,5.396565675072e-21,6872258,2019-03-08 00:14:52,XMR,21.01373823,0.0,0.00000110,XMR,14319.12581,0.0,0.00087635,2
1,[],5,[],2019-03-08 00:14:54,0.0,0,0,6872259,2019-03-08 00:14:54,btc,0.0,0.91872574,0,btc,0.0,0.0,0.0,3
1,[],12,[],2019-03-08 00:14:55,1975249.37316,0.000000177,0.000000000006851457600000001,6872260,2019-03-08 00:14:55,btc,22810.24789115194,0.0,0.000000177,btc,1041672.34814776,0.0773503159557794,0.28735301014932,3
0,[],28,[],2019-03-08 00:14:56,0.0,0,0,6872261,2019-03-08 00:14:56,,0.0,0.0,0,,0.0,0.0,0.0,3
0,[],2,[],2019-01-20 23:31:32,0.0,0,0,6477077,2019-01-20 23:31:32,,0.0,0.0,0,,0.0,0.0,0.0,4
1,[],4,[],2019-03-08 00:14:58,399033.1375242,0.00000036,0.000000000013935168,6872262,2019-03-08 00:14:58,btc,32.25550523858344,0.0,0.00000036,btc,710397.77475616,0.0,0.0492385946638886,4
1,[],12,[],2019-03-08 00:14:59,370322.0,0.00000002,0.0000000000007741760000000001,6872263,2019-03-08 00:14:59,btc,631.55388457,0.0,0.00000002,btc,520347.0,0.00168826,0.00476618,5
0,[],2,[],2019-01-20 23:31:51,0.0,0,0,6477087,2019-01-20 23:31:51,,0.0,0.0,0,,0.0,0.0,0.0,6
1,[],11,[],2019-03-08 00:15:00,4853444.5,0.00000002,0.0000000000007741760000000001,6872264,2019-03-08 00:15:00,btc,9568.23120290766,279440.0,0.00000002,btc,42611702.90271394,0.0,0.064543725,6
1,[],3,[],2019-03-08 00:15:01,1083.822553217546,0.0001541299999999999896689584222286839576554484665393829345703125,0.0000000059661873439999996,6872265,2019-03-08 00:15:01,btc,28.402034233092024,0.0,0.0001541299999999999896689584222286839576554484665393829345703125,btc,243.122414578101,0.0,0.03372839845863567,7
1,[],4,[],2019-03-08 00:15:03,103278.3225189,0.00025031,0.000000009689199728,6872266,2019-03-08 00:15:03,btc,11.85895349771798,0.0,0.00025031,btc,36433.5779323,3.22354385,7.717992395876552,7
1,[],5,[],2019-03-08 00:15:04,0.0,0,0,6872267,2019-03-08 00:15:04,btc,0.0,0.201878,0,btc,0.0,0.0,0.0,7
1,[],20,[],2019-02-20 02:16:17,39399275.8418,0.000000001,0.0000000000000390183,6728586,2019-02-20 02:16:17,btc,116.9737569154545,525.0,0.000000001,btc,56932965.8895,5.25e-07,0.0393992758418,8
1,[],4,[],2019-03-08 00:05:48,1364513.30440165,0.00000160,0.00000000006197616000000001,6872067,2019-03-08 00:05:48,btc,5.218137991669306,0.0,0.00000160,btc,2587614.37705843,2.29609769,1.1738786303177597,9
1,[],28,[],2019-03-08 00:05:57,38863.15,0.00000166,0.000000000064300266,6872068,2019-03-08 00:05:57,btc,2708.761281370583,3464302.0,0.00000166,btc,11954.1497,0.0,0.035782829,9
0,[],2,[],2019-01-20 23:22:42,0.0,0,0,6476876,2019-01-20 23:22:42,,0.0,0.0,0,,0.0,0.0,0.0,9
0,[],23,[],2019-01-20 23:22:48,0.0,0,0,6476878,2019-01-20 23:22:48,,0.0,0.0,0,,0.0,0.0,0.0,9
1,[],1,[],2019-02-17 23:31:42,1822507.21,0.00000181000000000000003456111265232042484285557293333113193511962890625,0.000000000066086901,6701244,2019-02-17 23:31:42,btc,3.6990969245,17153386.5,0.00000181000000000000003456111265232042484285557293333113193511962890625,btc,1997391.71,31.11772986,3.2610482446,9
1,[],4,[],2019-02-17 11:22:43,4341674.27126056,0.00000002,0.0000000000007272960000000001,6696112,2019-02-17 11:22:43,btc,0.1997230937751353,0.0,0.00000002,btc,4109766.79808031,0.00215132,0.0479381022052112,10
0,[],2,[],2019-01-20 23:23:08,0.0,0,0,6476890,2019-01-20 23:23:08,,0.0,0.0,0,,0.0,0.0,0.0,12
1,[],4,[],2019-03-08 00:15:05,7007580.22999873,0.00000125,0.000000000048386000000000005,6872268,2019-03-08 00:15:05,btc,12.646491145473169,0.0,0.00000125,btc,6274205.11005403,2.02126056,4.635542883673501,12
1,[],5,[],2019-03-08 00:15:07,0.0,0,0,6872269,2019-03-08 00:15:07,btc,0.0,0.30060857,0,btc,0.0,0.0,0.0,12
0.0,[],25,[],2019-03-08 00:15:08,0.0,0,0,6872270,2019-03-08 00:15:08,,0.0,0.0,0.0,btc,0.0,0.0,0.0,12
1,[],10,[],2019-03-07 23:04:53,394183.48378801,0.00000582,0.00000000022566118800000001,6871671,2019-03-07 23:04:53,btc,666801.300663048,8867.41309984,0.00000582,btc,713269.91763291,0.0,0.2407252110291425,13
1,[],4,[],2019-03-08 00:15:09,31976664.35223327,0.00000587,0.000000000227220656,6872271,2019-03-08 00:15:09,btc,3.5237754217284034,0.0,0.00000587,btc,464638.35275083,1.41300601,1.028558170613674,13
1,[],21,[],2019-03-08 00:15:12,764735.7853314,0.000005820000000000000181326308135,0.000000000225285216,6872272,2019-03-08 00:15:12,btc,5.849054951002968,1103450.15618984,0.000005820000000000000181326308135165703561142436228692531585693359375,btc,896151.57235094,6.59342948,4.160413218860338,13
1,[],4,[],2019-03-08 00:15:13,703518.35159506,0.00000132,0.000000000051095616000000006,6872273,2019-03-08 00:15:13,btc,9.12109051847886,0.0,0.00000132,btc,909132.0986225,0.02606104,0.1514935970563047,14
1,[],12,[],2019-03-08 00:15:14,268120.66153846,0.000001300000000000000047051663780439678674838432925753295421600341796875,0.000000000050321440000000005,6872274,2019-03-08 00:15:14,btc,0.1007033108334416,0.0,0.000001300000000000000047051663780439678674838432925753295421600341796875,btc,7620.80386105,3.63949050904e-05,0.036281529999998,14
0,[],17,[],2019-03-08 00:15:16,0.0,0,0,6872275,2019-03-08 00:15:16,btc,0.0,0.0,0,btc,0.0,0.0,0.0,14
1,[],26,[],2019-03-08 00:15:16,0.0,0.00000050,0.0000000000193544,6872276,2019-03-08 00:15:16,btc,0.0,0.0,0.00000050,btc,0.0,0.0,0.0,14
,[],12,[],2018-12-01 15:15:48,204241.84496,0.00000489,0.000000000202473384,5260204,2018-12-01 15:15:48,btc,49.5475654835,0.0,,btc,35763.2193806,0.0163153972027625,0.0203389899998,15
0,[],4,[],2019-03-08 00:15:18,0.0,0,0,6872277,2019-03-08 00:15:18,,0.0,0.0,0,,0.0,0.0,0.0,15
0,[],17,[],2019-03-08 00:06:17,0.0,0,0,6872082,2019-03-08 00:06:17,btc,0.0,0.0,0,btc,0.0,0.0,0.0,18
0,[],2,[],2019-01-20 23:23:38,0.0,0,0,6476906,2019-01-20 23:23:38,,0.0,0.0,0,,0.0,0.0,0.0,18
1,[],4,[],2019-03-08 00:15:19,23410.96856814,0.00001660,0.00000000064256608,6872278,2019-03-08 00:15:19,btc,4.189067146458827,0.0,0.00001660,btc,18593.98278239,0.03885952,0.0376764837568055,18
1,[],10,[],2019-03-08 00:15:21,785188.4147852,0.00001725,0.0000000006677268,6872279,2019-03-08 00:15:21,btc,15.364533844989442,1346.84994342,0.00001725,btc,12087.27308659,0.0,0.1613877412484423,18
1,[],12,[],2019-03-08 00:15:22,373722.36152906,0.0000141999999999999995691814247411599581027985550463199615478515625,0.00000000054966496,6872280,2019-03-08 00:15:22,btc,0.0072246962468489,0.0,0.0000141999999999999995691814247411599581027985550463199615478515625,btc,281.90206307,0.0025612197201834,0.023768256282914398,18
0,[],2,[],2019-01-20 23:24:19,0.0,0,0,6476924,2019-01-20 23:24:19,,0.0,0.0,0,,0.0,0.0,0.0,19
1,[],3,[],2019-03-08 00:15:34,117169.16278143467,0.0000174999999999999984669381281054967303134617395699024200439453125,0.000000000677404,6872281,2019-03-08 00:15:34,btc,0.49521320150223197,0.03280961183,0.0000174999999999999984669381281054967303134617395699024200439453125,btc,8951.995959570942,0.0,0.013319816698784579,19
1,[],4,[],2019-03-08 00:15:35,282388.47737327,0.00001964,0.000000000760240832,6872282,2019-03-08 00:15:35,btc,3.4119663196412784,0.0,0.00001964,btc,124880.29372701,0.6478967,2.782959738605466,19
1,[],5,[],2019-03-08 00:15:37,0.0,0,0,6872283,2019-03-08 00:15:37,btc,0.0,0.00111442,0,btc,0.0,0.0,0.0,19
1,[],12,[],2019-03-08 00:15:38,169851.00770712,0.000012119999999999999155085583790736336595728062093257904052734375,0.0000000004691506559999999,6872284,2019-03-08 00:15:38,btc,0.22996478570703371,0.0,0.000012119999999999999155085583790736336595728062093257904052734375,btc,358.27457877,0.00013572,0.0346884899998898,19
0,[],27,[],2019-03-08 00:15:40,0.0,0,0,6872285,2019-03-08 00:15:40,,0.0,0.0,0,btc,0.0,0.0,0.0,19
1,[],4,[],2019-03-08 00:15:40,2779123.70923423,0.00000012,0.0000000000046450560000000005,6872286,2019-03-08 00:15:40,btc,7.383042289760813,0.0,0.00000012,btc,2876583.25385408,0.0,0.0777767845064956,20
1,[],4,[],2019-03-08 00:15:42,103810793.72147027,0.00000002,0.0000000000007741760000000001,6872287,2019-03-08 00:15:42,btc,1841.963316175191,0.0,0.00000002,btc,54908374.6818267,0.01455819,1.1629563175500457,21
1,[],12,[],2019-03-08 00:15:42,1000236.0,0.00000001,0.00000000000038708800000000003,6872288,2019-03-08 00:15:42,btc,1245.5435753895404,0.0,0.00000001,btc,2375179.97702298,0.0008504204995004,0.01000236,21
0,[],17,[],2019-03-08 00:15:44,0.0,0,0,6872289,2019-03-08 00:15:44,btc,0.0,0.0,0,btc,0.0,0.0,0.0,21
1,[],12,[],2019-03-08 00:15:45,2338511684.0,0.0000000001,0.00000000000000387088,6872290,2019-03-08 00:15:45,btc,10145.280231999339,0.0,0.0000000001,btc,1281257412.1911979,0.000652945796103912,0.2338511684,23
0,[],27,[],2019-03-08 00:15:47,0.0,0,0,6872291,2019-03-08 00:15:47,,13.503256366593412,0.0,0,eth,1966931.35514486,0.0,0.0,23
1,[],4,[],2019-03-08 00:15:48,635885.38997717,0.00000043,0.000000000016644784000000002,6872292,2019-03-08 00:15:48,btc,9.642049462838884,0.0,0.00000043,btc,1618031.52034317,0.02223189,0.1725758817590365,24
1,[],22,[],2019-03-08 00:15:52,11.76,0.00000100,0.0000000000387088,6872293,2019-03-08 00:15:52,BTC,7.415e-05,0.0,0.00000100,BTC,23.919354838709676,0.0,1.176e-05,24
0.0,[],25,[],2019-03-08 00:15:53,0.0,0,0,6872294,2019-03-08 00:15:53,,0.0,0.0,0.0,btc,0.0,0.0,0.0,24
0,[],2,[],2019-01-20 23:25:56,0.0,0,0,6476976,2019-01-20 23:25:56,,0.0,0.0,0,,0.0,0.0,0.0,26
1,[],4,[],2019-03-08 00:15:54,26578048.80233195,0.00000609,0.000000000235736592,6872295,2019-03-08 00:15:54,btc,59.04839543445393,0.0,0.00000609,btc,241840.87229467,0.09073044,0.4378716290887329,26
1,[],10,[],2019-03-08 00:15:56,685341.76589746,0.00000603,0.000000000233414064,6872296,2019-03-08 00:15:56,btc,26.132189146084002,4730.11602873,0.00000603,btc,14784.6569521,0.0,0.2272417155496019,26
1,[],3,[],2019-03-08 00:15:57,10977341.88133568,0.00000001,0.00000000000038708800000000003,6872297,2019-03-08 00:15:57,btc,2.263603679415453,185.0,0.00000001,btc,17313694.20092981,0.0,0.1097734188133568,27
1,[],5,[],2019-03-08 00:15:58,0.0,0,0,6872298,2019-03-08 00:15:58,btc,0.0,0.00013914,0,btc,0.0,0.0,0.0,27
1,[],11,[],2019-03-08 00:16:00,9461840.38103613,0.00000005,0.00000000000193544,6872299,2019-03-08 00:16:00,btc,67506.32843704063,170.63047893,0.00000005,btc,7972152.75036371,0.0,0.44099231334143857,27
1,[],4,[],2019-03-08 00:16:01,2085296829.2914705,0.00000001,0.00000000000038708800000000003,6872300,2019-03-08 00:16:01,btc,3.0232751014177865,0.0,0.00000001,"btc,ltc",204354921.30639222,2.03926473,9.385538568674834,29
1,[],7,[],2019-03-08 00:16:02,36240677.94748193,0.00000002,0.0000000000007741760000000001,6872301,2019-03-08 00:16:02,btc,44461588.03308431,85258.8877456,0.00000002,btc,46104230.7986445,0.00177263,0.3813370207945805,29
0,[],17,[],2019-03-08 00:07:12,0.0,0,0,6872104,2019-03-08 00:07:12,btc,0.0,0.0,0,btc,0.0,0.0,0.0,30
1,[],4,[],2019-03-08 00:16:03,2343159.0446882,0.00000023,0.000000000008903024,6872302,2019-03-08 00:16:03,btc,2.4777276161998114,0.0,0.00000023,btc,1800160.77601445,0.02334765,0.1031374196119651,30
1,[],4,[],2019-03-08 00:16:07,426710.60564738,0.00006113,0.000000002366268944,6872303,2019-03-08 00:16:07,btc,8.569441143310291,0.0,0.00006113,btc,90222.04136939,0.93725593,2.3935827148102335,31
1,[],21,[],2019-03-08 00:16:08,66429.63882717,0.00006289999999999999747129358907,0.00000000243478352,6872304,2019-03-08 00:16:08,btc,5.705002060293382,327677.03209466,0.000062899999999999997471293589068608298475737683475017547607421875,btc,80898.2079993,20.74550601,3.801577646019273,31
0,[],2,[],2019-01-20 23:28:43,0.0,0,0,6477009,2019-01-20 23:28:43,,0.0,0.0,0,,0.0,0.0,0.0,32
1,[],4,[],2019-03-08 00:16:09,426332842.0947172,0.00000004,0.0000000000015483520000000001,6872305,2019-03-08 00:16:09,btc,10.22669512315505,0.0,0.00000004,"btc,ltc",189624731.91519937,0.70552258,10.239389301763065,33
1,[],12,[],2019-03-08 00:16:10,20495701.87333337,0.00000004,0.0000000000015483520000000001,6872306,2019-03-08 00:16:10,btc,1111508.0291567952,0.0,0.00000004,btc,14931091.70429566,0.0448336524175818,0.47313038196000146,33
1,[],4,[],2019-03-08 00:16:11,115597362.24475858,0.00000001,0.00000000000038708800000000003,6872307,2019-03-08 00:16:11,btc,3.5446417987138044,0.0,0.00000001,btc,101486443.1964667,0.05837944,1.1559736224475856,34
1,[],5,[],2019-03-08 00:16:13,0.0,0,0,6872308,2019-03-08 00:16:13,btc,0.0,0.04371096,0,btc,0.0,0.0,0.0,34
0,[],17,[],2019-03-08 00:07:23,0.0,0,0,6872113,2019-03-08 00:07:23,btc,0.07464582819226474,0.0,0,btc,4105386.20243647,0.0,0.0,36
0.00000000014727330000000002,[],4,[],2019-03-08 00:16:14,974688311.7013334,1.4727330000000001e-18,5.70077271504e-23,6872309,2019-03-08 00:16:14,ltc,4.317051233516424e-08,0.0,0.00000001,ltc,6320584135.471238,0.0,1.4354556413568398e-09,36
1,[],5,[],2019-03-08 00:16:16,0.0,0,0,6872310,2019-03-08 00:16:16,btc,0.0,0.0,0,btc,0.0,0.0,0.0,36
0.0000000003534925,[],27,[],2019-03-08 00:16:20,11290000.0,3.534925e-18,1.3683270484e-22,6872311,2019-03-08 00:16:20,eth,222.5593883364624,0.0,0.00000001,"ltc,eth",11165403.32426039,0.0,2.4274764224e-11,36
1,[],4,[],2019-03-08 00:07:26,293522.38417879,0.00000060,0.000000000023241060000000003,6872115,2019-03-08 00:07:26,btc,19772.506774349797,0.0,0.00000060,btc,596410.74056984,0.00735692,0.1298334185278152,37
1,[],12,[],2019-03-08 00:07:28,421809.58503243,0.00000061,0.000000000023628411,6872116,2019-03-08 00:07:28,btc,10.7720105522896,0.0,0.00000061,btc,352130.87558705,0.0666215476862371,0.12880976295081029,37
1,[],17,[],2019-03-08 00:07:39,1752.74075282,0.00000025,0.000000000009683775,6872117,2019-03-08 00:07:39,btc,0.055484923777095005,0.0,0.00000025,btc,1319.19918473,0.0,0.00043818518820499993,37
1,[],27,[],2019-03-08 00:07:41,14685.567,0.00000045,0.000000000017430795,6872118,2019-03-08 00:07:41,btc,25.75216805411233,0.0,0.00000045,btc,6518.38138508,0.0,0.00480032515,37
1,[],5,[],2019-03-08 00:16:21,0.0,0,0,6872312,2019-03-08 00:16:21,btc,0.0,0.02416423,0,btc,0.0,0.0,0.0,42
1,[],12,[],2019-03-08 00:16:22,253251.94059933,0.00000110000000000000005610204141526242693771564518101513385772705078125,0.000000000042579680000000006,6872313,2019-03-08 00:16:22,btc,0.2905703347167744,0.0,0.00000110000000000000005610204141526242693771564518101513385772705078125,btc,28286.64159506,0.0634751411393987,0.0179275447680828,42
0.0000000003534925,[],27,[],2019-03-08 00:16:24,22000.0,3.534925e-17,1.3683270484000001e-21,6872314,2019-03-08 00:16:24,eth,0.00315028,0.0,0.0000001,"btc,eth",11.007,0.0,7.140548499999999e-13,42
1,[],5,[],2019-03-08 00:16:26,0.0,0,0,6872315,2019-03-08 00:16:26,btc,0.0,0.00021117,0,btc,0.0,0.0,0.0,43
1,[],12,[],2019-03-08 00:16:28,509121.0,0.00000001,0.00000000000038708800000000003,6872316,2019-03-08 00:16:28,btc,2.32121442999001,0.0,0.00000001,btc,4360308.4995005,5.114e-05,0.0050912100000000005,43
0,[],17,[],2019-03-08 00:16:29,0.0,0,0,6872317,2019-03-08 00:16:29,btc,0.0,0.0,0,btc,0.0,0.0,0.0,43
1,[],12,[],2019-03-05 01:54:08,639326.02,0.00000004,0.000000000001486676,6845775,2019-03-05 01:54:08,btc,11116042.728239931,0.0,0.00000004,btc,1103841.4595604,0.0003330765234764,0.014975410599999999,44
1,[],4,[],2019-03-08 00:16:30,300524346.5506492,0.00000004,0.0000000000015483520000000001,6872318,2019-03-08 00:16:30,btc,473.6848812880971,0.0,0.00000004,"btc,ltc",11807791.51548286,0.06431114,0.37083070453656364,49
0,[],4,[],2019-03-08 00:16:31,0.0,0,0,6872319,2019-03-08 00:16:31,,25.80854541426681,0.0,0,,9733644582.23965,0.0,0.0,52
0.0000000001267404,[],22,[],2019-03-08 00:16:35,80845862.0,1.2674039999999999e-18,4.90596879552e-23,6872320,2019-03-08 00:16:35,XMR,4366.97466637,0.0,0.00000001,XMR,255820234.67882353,0.0,0.80845862,57
0.0000000003534925,[],27,[],2019-03-08 00:16:38,2000.0,3.534925e-18,1.3683270484e-22,6872321,2019-03-08 00:16:38,eth,0.0,0.0,0.00000001,"btc,eth",0.0,0.0,7.0698499999999995e-15,57
0.00000000014727330000000002,[],4,[],2019-03-08 00:16:39,615626145.673,2.9454660000000003e-18,1.140154543008e-22,6872322,2019-03-08 00:16:39,ltc,18.807189715322803,0.0,0.00000002,ltc,4777500257.895821,0.0,1.3625297564652792e-09,58
1,[],12,[],2019-03-08 00:16:41,606522227.8425,0.0000000004,0.00000000000001548352,6872323,2019-03-08 00:16:41,btc,1121123.5712680724,0.0,0.0000000004,btc,1172283311.3986013,0.00266159787812187,0.196972501537,58
0.0000000001267404,[],22,[],2019-03-08 00:16:55,137438.0,1.2674039999999999e-18,4.90596879552e-23,6872324,2019-03-08 00:16:55,XMR,69.8835922,0.0,0.00000001,XMR,9887963.0,0.0,0.00137438,58
0,[],17,[],2019-03-08 00:08:13,0.0,0,0,6872131,2019-03-08 00:08:13,btc,1e+24,0.0,0,btc,49226522.0897055,0.0,0.0,58
1,[],5,[],2019-03-08 00:16:57,0.0,0,0,6872325,2019-03-08 00:16:57,btc,0.0,0.0109711,0,btc,0.0,0.0,0.0,61
1,[],22,[],2019-03-08 00:17:01,13757.0,0.00000012,0.0000000000046450560000000005,6872326,2019-03-08 00:17:01,BTC,1002.2960049,0.0,0.00000012,BTC,14976.68361146909,3e-07,0.00154987,61
1,[],26,[],2019-03-08 00:17:01,0.0,0.00000800,0.0000000003096704,6872327,2019-03-08 00:17:01,btc,0.0,0.0,0.00000800,btc,0.0,0.0,0.0,61
1,[],27,[],2019-03-08 00:17:03,4411.22008,0.00000047,0.000000000018193136,6872328,2019-03-08 00:17:03,btc,2.898491041314132,0.0,0.00000047,"btc,eth",19485.01257617,0.0,0.0012437599595732903,61
1,[],28,[],2019-03-08 00:17:06,13880.304,0.0000005,0.0000000000193544,6872329,2019-03-08 00:17:06,btc,2.056312978300105,710.0,0.0000005,btc,9730.59500005,0.0,0.00566391304,61
1,[],4,[],2019-03-08 00:17:07,1290897.05021963,0.00000280,0.00000000010838464000000001,6872330,2019-03-08 00:17:07,btc,9.090979195377894,0.0,0.00000280,btc,740930.24487687,0.12696308,1.0193201140320232,67
0.0,[],25,[],2019-03-08 00:17:08,0.0,0,0,6872331,2019-03-08 00:17:08,,0.0,0.0,0.0,btc,0.0,0.0,0.0,67
1,[],12,[],2019-03-08 00:17:09,472410.55982286,0.00000027,0.000000000010451376000000001,6872332,2019-03-08 00:17:09,btc,15940.613823044565,0.0,0.00000027,btc,1039219.02190399,0.0139942687742144,0.0799353063804024,71
,[],5,[],2018-11-20 23:02:39,1.5e-07,0.00000005,0.000000000002128045,4862160,2018-11-20 23:02:39,btc,2.84511358,0.0,,btc,0.00036572,0.0,0.07381892,74
1,[],5,[],2019-03-08 00:17:11,0.0,0,0,6872333,2019-03-08 00:17:11,btc,0.0,0.0,0,btc,0.0,0.0,0.0,75
0,[],20,[],2019-01-25 09:30:31,0.0,0,0,6495923,2019-01-25 09:30:31,btc,0.0,0.0,0,btc,0.0,0.0,0.0,81
1,[],4,[],2019-03-07 23:07:33,13147768.81424166,0.00000001,0.00000000000038773400000000004,6871736,2019-03-07 23:07:33,btc,11388.985544584346,0.0,0.00000001,btc,40019471.49932191,0.0,0.1314776881424166,81
1,[],4,[],2019-03-08 00:17:12,27739.76771346,0.00007500,0.00000000290316,6872334,2019-03-08 00:17:12,btc,18.096867167419166,0.0,0.00007500,btc,11997.99216794,0.07782075,0.1297665860843377,82
1,[],21,[],2019-03-08 00:17:13,768171.65953261,0.00007501999999999999662637917286,0.000000002903934176,6872335,2019-03-08 00:17:13,btc,3.5151948961522894,6489.55262353,0.00007501999999999999662637917285934463507146574556827545166015625,btc,42081.53515252,0.47638421,3.1287984373470774,82
0,[],17,[],2019-03-08 00:17:24,0.0,0,0,6872336,2019-03-08 00:17:24,btc,0.0447233088476774,0.0,0,btc,999127.19588126,0.0,0.0,84
0.00000000014727330000000002,[],4,[],2019-03-08 00:17:25,112201154.3024629,2.9454660000000003e-18,1.140154543008e-22,6872337,2019-03-08 00:17:25,ltc,1.7493647014158376,0.0,0.00000002,ltc,411662296.2436793,0.0,2.1482514635120295e-10,85
,[],22,[],2018-11-20 23:09:34,3408.1,0.0000001,0.0000000000041895,4862324,2018-11-20 23:09:34,BTC,0.04624735,0.0,,BTC,4990.0,0.0,0.00033081,86
1,[],22,[],2019-03-08 00:17:29,122000.0,0.00000003,0.0000000000011612640000000001,6872338,2019-03-08 00:17:29,BTC,2.078122,0.0,0.00000003,BTC,169918.94736842104,1.4e-05,0.00186,87
0,[],27,[],2019-03-08 00:17:31,0.0,0,0,6872339,2019-03-08 00:17:31,,0.0,0.0,0,btc,0.0,0.0,0.0,87
,[],2,[],2018-11-20 23:10:47,0.0,0,0,4862359,2018-11-20 23:10:47,,0.0,0.0,,,0.0,0.0,0.0,88
1,[],11,[],2019-03-08 00:17:33,95091.55855595,0.00014590999999999999044326959296569157231715507805347442626953125,0.000000005648001008,6872340,2019-03-08 00:17:33,btc,606.9265399976052,10.00000065,0.00014590999999999999044326959296569157231715507805347442626953125,btc,92799.24058198,0.0,6.568083658976026,89
1,[],12,[],2019-03-08 00:17:34,251382.03606753,0.00000224000000000000015274565466627532117627197294495999813079833984375,0.00000000008670771200000001,6872341,2019-03-08 00:17:34,btc,61.60353039031836,0.0,0.00000224000000000000015274565466627532117627197294495999813079833984375,btc,107346.15144947,0.0136152601010229,0.0541941497822972,91
1,[],22,[],2019-03-08 00:17:48,65900.0,0.00000001,0.00000000000038708800000000003,6872342,2019-03-08 00:17:48,BTC,3e-06,0.0,0.00000001,BTC,1.0,0.0,0.000659,91
0,[],2,[],2019-01-20 23:31:45,0.0,0,0,6477083,2019-01-20 23:31:45,,0.0,0.0,0,,0.0,0.0,0.0,91
0,[],17,[],2019-03-08 00:08:50,0.0,0,0,6872149,2019-03-08 00:08:50,btc,0.0,0.0,0,btc,0.0,0.0,0.0,91
0.00000000014727330000000002,[],22,[],2019-03-08 00:17:51,1580418.0,7.363665e-18,2.8503863575200005e-22,6872343,2019-03-08 00:17:51,LTC,8.53121199,0.0,0.00000005,LTC,71989912.1,0.0,0.0790209,95
0.00000000014727330000000002,[],4,[],2019-03-08 00:17:53,640913691.5047666,9.572764500000001e-17,3.705502264776001e-21,6872344,2019-03-08 00:17:53,ltc,11.886285837075834,0.0,0.00000065,ltc,135439107.9791913,0.0,1.75162651662705e-09,96
1,[],12,[],2019-03-08 00:17:54,9419.0,0.00000001,0.00000000000038708800000000003,6872345,2019-03-08 00:17:54,btc,10.57487076,0.0,0.00000001,btc,2009024.0,2.6e-07,9.419e-05,96
0,[],17,[],2019-03-08 00:17:56,0.0,0,0,6872346,2019-03-08 00:17:56,btc,0.0,0.0,0,btc,0.0,0.0,0.0,96
1,[],4,[],2019-03-08 00:17:57,1691526.09916562,0.00000023,0.000000000008903024,6872347,2019-03-08 00:17:57,btc,2.5823377996913908,0.0,0.00000023,btc,2554893.4941466,0.01559795,0.1473708291157388,99
1,[],4,[],2019-03-08 00:17:58,289119.87263024,0.00003802,0.000000001471708576,6872348,2019-03-08 00:17:58,btc,11.38435631778281,0.0,0.00003802,btc,160215.16276921,0.84236087,1.7037526832246215,100
0,[],2,[],2019-01-20 23:23:55,0.0,0,0,6476914,2019-01-20 23:23:55,,0.0,0.0,0,,0.0,0.0,0.0,100
1,[],22,[],2019-03-08 00:18:01,50000.0,0.00000001,0.00000000000038708800000000003,6872349,2019-03-08 00:18:01,BTC,23.49896609,0.0,0.00000001,BTC,10277.22,0.0,0.0005,101
1,[],4,[],2019-03-08 00:18:02,432461.71290284,0.00000083,0.000000000032128304,6872350,2019-03-08 00:18:02,btc,308.0302600590104,0.0,0.00000083,btc,486725.43639501,0.0036494,0.2109771371285933,103
1,[],12,[],2019-03-08 00:18:05,28406794.887000002,0.000000009,0.0000000000003483792,6872351,2019-03-08 00:18:05,btc,1113030.8920913064,0.0,0.000000009,btc,51939921.5754675,0.0189929429590412,0.110467415983,105
1,[],27,[],2019-03-08 00:18:07,229397.89,0.00000001,0.00000000000038708800000000003,6872352,2019-03-08 00:18:07,btc,36.60591030491341,0.0,0.00000001,btc,1301440.23571724,0.0,0.0022939789,105
1,[],22,[],2019-03-08 00:18:30,9328.0,0.00000001,0.00000000000038708800000000003,6872353,2019-03-08 00:18:30,BTC,51.10837004,0.0,0.00000001,BTC,470435.0,0.0,9.328e-05,107
1,[],26,[],2019-03-08 00:18:30,0.0,0.00000000,0,6872354,2019-03-08 00:18:30,btc,0.0,0.0,0.00000000,btc,0.0,0.0,0.0,107
1,[],5,[],2019-03-08 00:18:32,0.0,0,0,6872355,2019-03-08 00:18:32,btc,0.0,0.01029262,0,btc,0.0,0.0,0.0,112
1,[],22,[],2019-03-08 00:18:36,1966.0,0.00000001,0.00000000000038708800000000003,6872356,2019-03-08 00:18:36,BTC,2.78273272,0.0,0.00000001,BTC,826524.0833333334,3.4e-07,1.966e-05,112
0.0000000003534925,[],27,[],2019-03-08 00:18:38,2000.0,3.534925e-18,1.3683270484e-22,6872357,2019-03-08 00:18:38,eth,1.24892491849924,0.0,0.00000001,"btc,eth",1288.641654,0.0,7.0698499999999995e-15,112
1,[],4,[],2019-03-08 00:18:40,1345033.00423942,0.00000204,0.000000000078965952,6872358,2019-03-08 00:18:40,btc,4.9053324780621566,0.0,0.00000204,btc,337971.36168712,0.03393264,1.1005266939270104,113
1,[],5,[],2019-03-08 00:18:41,0.0,0,0,6872359,2019-03-08 00:18:41,btc,0.0,0.00018191,0,btc,0.0,0.0,0.0,113
0,[],27,[],2019-03-08 00:18:43,0.0,0,0,6872360,2019-03-08 00:18:43,,0.0,0.0,0,btc,0.0,0.0,0.0,116
1,[],17,[],2019-03-08 00:10:09,152738.278,0.00000004,0.0000000000015494040000000001,6872168,2019-03-08 00:10:09,btc,1.33680302678,0.0,0.00000004,btc,50696.221,0.0,0.0022095311199999998,116
1,[],4,[],2019-03-08 00:18:45,77871.9536616,0.00002515,0.00000000097352632,6872361,2019-03-08 00:18:45,btc,27.67149139396831,0.0,0.00002515,btc,83983.45811629,0.2493579,1.2056277665626902,120
1,[],7,[],2019-03-08 00:18:46,20981.83482123,0.0000212500000000000015265566588595902430824935436248779296875,0.0000000008225620000000001,6872362,2019-03-08 00:18:46,btc,115646.94919545915,1.1652281,0.0000212500000000000015265566588595902430824935436248779296875,btc,36705.38404366,2.476e-05,0.053508210013817406,120
1,[],20,[],2019-03-08 00:18:49,3002345.3805,0.000000035,0.000000000001354808,6872363,2019-03-08 00:18:49,btc,33.6156363984428,1589.5,0.000000035,btc,1008323.7699,5.56325e-05,0.0406402484044,125
1,[],22,[],2019-03-08 00:19:08,3053.0,0.00000001,0.00000000000038708800000000003,6872364,2019-03-08 00:19:08,BTC,0.01444887,0.0,0.00000001,BTC,296263.5111111111,0.0,3.053e-05,126
1,[],4,[],2019-03-08 00:19:09,148034.55189702,0.00001303,0.000000000504375664,6872365,2019-03-08 00:19:09,btc,3.6648769008279545,0.0,0.00001303,btc,122189.51419763,0.10175106,0.6778584668848919,131
0,[],17,[],2019-03-08 00:19:11,0.0,0,0,6872366,2019-03-08 00:19:11,btc,0.0009561751951600001,0.0,0,btc,35.42829368,0.0,0.0,131
0,[],2,[],2019-01-20 23:25:46,0.0,0,0,6476969,2019-01-20 23:25:46,,0.0,0.0,0,,0.0,0.0,0.0,131
1,[],4,[],2019-03-08 00:19:12,4547.78493066,0.00016000,0.000000006193408000000001,6872367,2019-03-08 00:19:12,btc,1.6193894631762027,0.0,0.00016000,btc,239.25503526,0.00128,0.0068861668858851,135
1,[],3,[],2019-03-07 00:20:44,877702.73244099,0.00000004,0.00000000000154846,6863392,2019-03-07 00:20:44,btc,0.119366241821405,0.0,0.00000004,btc,760637.99421222,0.0,0.023771231960604298,136
1,[],4,[],2019-03-08 00:19:13,325428.94003977,0.00000168,0.00000000006503078400000001,6872368,2019-03-08 00:19:13,btc,38.20904476594593,0.0,0.00000168,btc,511357.9288811,0.07710099,0.0855573535047168,137
1,[],12,[],2019-03-08 00:19:14,237381.39370688002,0.000001650000000000000084153062122893640406573467771522700786590576171875,0.00000000006386952,6872369,2019-03-08 00:19:14,btc,4.058096448793963,0.0,0.000001650000000000000084153062122893640406573467771522700786590576171875,btc,3692.88788467,0.0002705539762196,0.0899536393158425,137
1,[],4,[],2019-03-08 00:19:15,11867.78959388,0.00003644,0.000000001410548672,6872370,2019-03-08 00:19:15,btc,28.564523301994196,0.0,0.00003644,btc,46798.91332717,0.14580737,0.2762127029480469,142
1,[],5,[],2019-03-08 00:19:16,0.0,0,0,6872371,2019-03-08 00:19:16,btc,0.0,0.27961676,0,btc,0.0,0.0,0.0,142
1,[],17,[],2019-03-08 00:19:18,22967.386363640002,0.00000088,0.000000000034063744000000006,6872372,2019-03-08 00:19:18,btc,20.06991335281399,0.0,0.00000088,btc,2746.079105,0.0,0.0104613000000032,142
1,[],20,[],2019-03-08 00:19:20,135561.0555,0.00004497,0.000000001740734736,6872373,2019-03-08 00:19:20,btc,0.4342176403412,1434.6938,0.00004497,btc,4409.6459,0.064036853679,0.3066927115289,142
1,[],22,[],2019-03-08 00:19:24,1470.8988921568628,0.00004000,0.0000000015483520000000002,6872374,2019-03-08 00:19:24,BTC,3.00385504,0.0,0.00004000,BTC,891.218,0.0,0.0012358,142
0.0,[],25,[],2019-03-08 00:19:25,0.0,0,0,6872375,2019-03-08 00:19:25,,0.0,0.0,0.0,btc,0.0,0.0,0.0,142
1,[],28,[],2019-03-08 00:19:31,76124.0,0.00000820,0.00000000031741216,6872376,2019-03-08 00:19:31,btc,0.067100461059305,1047.0,0.00000820,btc,552.61077999,0.0,0.004304,142
0,[],22,[],2019-03-08 00:19:34,0.0,0,0,6872377,2019-03-08 00:19:34,,62.13631169,0.0,0,,837691921.3,0.0,0.0,143
0,[],22,[],2019-02-25 15:42:22,0.0,0,0,6783783,2019-02-25 15:42:22,,4.2131946,0.0,0,,2322156.0,0.0,0.0,146
,[],22,[],2018-11-20 23:01:11,0.0,0,0,4862114,2018-11-20 23:01:11,,2.56807021,0.0,,,61828.4988236,0.0,0.0,147
1,[],12,[],2019-03-08 00:19:36,292824.08476178,0.0000016899999999999999129363971450690229403335251845419406890869140625,0.000000000065417872,6872378,2019-03-08 00:19:36,btc,1.5012150919184275,0.0,0.0000016899999999999999129363971450690229403335251845419406890869140625,btc,28032.52606395,0.0004515505570654,0.0244546399998402,148
1,[],4,[],2019-03-08 00:19:37,251574.86341834,0.00000029,0.000000000011225552,6872379,2019-03-08 00:19:37,btc,219.99867342221523,0.0,0.00000029,btc,840498.90453835,0.0,0.0598002236458012,152
0,[],22,[],2019-03-08 00:19:39,0.0,0,0,6872380,2019-03-08 00:19:39,,0.0,0.0,0,,0.0,0.0,0.0,152
1,[],5,[],2019-03-08 00:19:41,0.0,0,0,6872381,2019-03-08 00:19:41,btc,0.0,0.0,0,btc,0.0,0.0,0.0,153
,[],16,[],2019-01-11 15:38:59,0.0,0,0,6366141,2019-01-11 15:38:59,btc,0.0,0.0,,btc,0.0,0.0,0.0,155
0,[],22,[],2019-03-08 00:19:45,0.0,0,0,6872382,2019-03-08 00:19:45,,6.7463875,0.0,0,,4674391.242592593,0.0,0.0,156
0,[],23,[],2019-01-20 23:24:29,0.0,0,0,6476932,2019-01-20 23:24:29,,0.0,0.0,0,,0.0,0.0,0.0,156
1,[],22,[],2019-03-08 00:19:48,7073.8,0.00005300,0.0000000020515664000000003,6872383,2019-03-08 00:19:48,BTC,1.80343699,0.0,0.00005300,BTC,899.6422341958436,0.0,0.00104336,157
0,[],22,[],2019-03-08 00:19:50,0.0,0,0,6872384,2019-03-08 00:19:50,,50175.67608608,0.0,0,,54079135.04179466,0.0,0.0,158
,[],17,[],2018-11-20 22:56:10,0.0,0,0,4861976,2018-11-20 22:56:10,btc,1.1265625,0.0,,btc,1000.0,0.0,0.0,159
,[],20,[],2018-11-20 22:56:12,0.0,0,0,4861977,2018-11-20 22:56:12,btc,11912.7940471,0.0,,btc,34413894.3617,0.0,0.0,159
1,[],12,[],2019-03-08 00:19:51,140477.90250686,0.0000069500000000000003737136468340285233580289059318602085113525390625,0.00000000026902616,6872385,2019-03-08 00:19:51,btc,0.37203275296602,0.0,0.0000069500000000000003737136468340285233580289059318602085113525390625,btc,7747.63721955,0.0067819378209061,0.0960837110294921,168
1,[],17,[],2019-03-08 00:19:53,29784.95,0.000001,0.0000000000387088,6872386,2019-03-08 00:19:53,btc,0.03026736251542,0.0,0.000001,btc,144.46171372,0.0,0.00716147,168
0,[],22,[],2019-03-07 13:06:36,0.0,0,0,6867364,2019-03-07 13:06:36,,1.1339604,0.0,0,,520283.17470714403,0.0,0.0,169
1,[],22,[],2019-03-08 00:19:57,303585.5,0.00000005,0.00000000000193544,6872387,2019-03-08 00:19:57,BTC,13.2504702,0.0,0.00000005,BTC,146216.2939341018,8.11e-06,0.00707171,171
1,[],22,[],2019-03-08 00:20:01,374087.42261904763,0.00000011,0.000000000004257968,6872388,2019-03-08 00:20:01,BTC,2.19126031,0.0,0.00000011,"BTC,LTC",263163.090679189,0.000338,0.02169784,173
1,[],5,[],2019-03-05 01:59:40,0.0,0,0,6845846,2019-03-05 01:59:40,btc,0.0,0.00384852,0,btc,0.0,0.0,0.0,175
1,[],22,[],2019-03-08 00:20:08,36500.0,0.00000021,0.000000000008128848000000001,6872389,2019-03-08 00:20:08,BTC,0.54826403,0.0,0.00000021,BTC,138776.41384013777,0.0,0.00227,176
1,[],7,[],2019-03-08 00:20:09,0.0,0,0,6872390,2019-03-08 00:20:09,btc,410914.4951967229,0.0,0,btc,117143049.56236699,0.0,0.0,178
0,[],22,[],2019-03-08 00:20:12,0.0,0,0,6872391,2019-03-08 00:20:12,,1.00242438,0.0,0,,57522.0,0.0,0.0,178
0,[],2,[],2019-01-20 23:28:34,0.0,0,0,6477001,2019-01-20 23:28:34,,0.0,0.0,0,,0.0,0.0,0.0,178
1,[],5,[],2019-03-08 00:20:14,0.0,0,0,6872392,2019-03-08 00:20:14,btc,0.0,0.11676103,0,btc,0.0,0.0,0.0,179
1,[],22,[],2019-03-08 00:20:18,6946207.0,0.00000002,0.0000000000007741760000000001,6872393,2019-03-08 00:20:18,BTC,5.67356573,0.0,0.00000002,"BTC,LTC",18498890.756535422,2.975e-05,0.37386486,179
0,[],23,[],2019-01-20 23:25:08,0.0,0,0,6476952,2019-01-20 23:25:08,,0.0,0.0,0,,0.0,0.0,0.0,179
1,[],17,[],2019-03-08 00:20:20,10504.725,0.0000001,0.00000000000387088,6872394,2019-03-08 00:20:20,btc,5.20106958384475,0.0,0.0000001,btc,5033.45945,0.0,0.0010504725,180
1,[],22,[],2019-03-08 00:20:25,638951.7090909091,0.00000095,0.00000000003677336,6872395,2019-03-08 00:20:25,BTC,0.25826383,0.0,0.00000095,"BTC,LTC",92696.73175619463,0.0023006202502321186,0.54124513,180
1,[],26,[],2019-03-08 00:20:25,0.0,0.00000125,0.000000000048386000000000005,6872396,2019-03-08 00:20:25,btc,0.0,390.0,0.00000125,btc,0.0,0.0,0.0,180
,[],7,[],2018-11-20 22:58:01,562227.975654,0.00000085,0.000000000036176765,4862015,2018-11-20 22:58:01,btc,21836.6059674,2491.87645172,,btc,749999.041456,0.00211021,0.127565380455,183
,[],5,[],2019-01-10 08:11:41,0.0,0,0,6347036,2019-01-10 08:11:41,btc,82.15055501,0.00261,,btc,1.19002445,0.0,0.0,187
1,[],24,[],2019-03-08 00:20:25,0.0,0.000000000001,3.8708800000000005e-17,6872397,2019-03-08 00:20:25,btc,0.0,0.0,0.000000000001,btc,0.0,0.0,0.0,187
,[],17,[],2018-11-16 20:58:10,4062536.27273,0.00000001,0.000000000000550501,4708775,2018-11-16 20:58:10,btc,3.36492563466,0.195460381006,,"btc,eth",110697919.549,0.0,0.0157628953496,187
0,[],22,[],2019-03-08 00:20:28,0.0,0,0,6872398,2019-03-08 00:20:28,,7.54802454,0.0,0,,79361.7243344055,0.0,0.0,191
0,[],22,[],2019-03-08 00:20:34,0.0,0,0,6872399,2019-03-08 00:20:34,,0.0,0.0,0,,0.0,0.0,0.0,197
0,[],23,[],2019-01-20 23:31:41,0.0,0,0,6477079,2019-01-20 23:31:41,,0.0,0.0,0,,0.0,0.0,0.0,199
0,[],22,[],2019-03-08 00:20:37,0.0,0,0,6872400,2019-03-08 00:20:37,,5.19077022,0.0,0,,21057953.0,0.0,0.0,199
1,[],26,[],2019-03-08 00:20:37,0.0,0.00000000,0,6872401,2019-03-08 00:20:37,btc,0.0,128733.0,0.00000000,btc,0.0,0.0,0.0,199
0,[],17,[],2019-01-30 16:32:01,0.0,0,0,6540827,2019-01-30 16:32:01,btc,6.802544163788159,0.0,0,btc,105897.55575295,0.0,0.0,200
0,[],2,[],2019-01-20 23:30:49,0.0,0,0,6477059,2019-01-20 23:30:49,,0.0,0.0,0,,0.0,0.0,0.0,201
1,[],4,[],2019-01-25 15:51:35,2084389.58565343,0.00000936,0.000000000333526752,6499557,2019-01-25 15:51:35,btc,2.0092503037378524,0.0,0.00000936,btc,160195.80207885,0.19272417,1.242687955921835,211
1,[],7,[],2019-03-08 00:20:40,1916999.6089203,0.0000011599999999999999051561623553130431218960438854992389678955078125,0.000000000044902207999999996,6872402,2019-03-08 00:20:40,btc,15476653.733548827,801826.81883,0.0000011599999999999999051561623553130431218960438854992389678955078125,btc,13195550.99292605,0.91881926,1.7486025015067928,212
1,[],5,[],2019-03-08 00:20:41,0.0,0,0,6872403,2019-03-08 00:20:41,btc,0.0,0.17133815,0,btc,0.0,0.0,0.0,213
1,[],24,[],2019-03-08 00:20:41,0.0,0.000000120000,0.0000000000046450560000000005,6872404,2019-03-08 00:20:41,btc,0.0,0.0,0.000000120000,btc,0.0,0.0,0.0,213
1,[],26,[],2019-03-08 00:20:41,0.0,0.00000010,0.00000000000387088,6872405,2019-03-08 00:20:41,btc,0.0,0.0,0.00000010,btc,0.0,0.0,0.0,213
1,[],12,[],2019-01-25 02:44:32,207462.42853209,0.000001080000000000000035831255497387193287295303889550268650054931640625,0.000000000038610756000000006,6493050,2019-01-25 02:44:32,btc,85023.03793723314,0.0,0.000001080000000000000035831255497387193287295303889550268650054931640625,btc,43675.73520027,0.000146250909087,0.0348620860622024,213
1,[],22,[],2019-03-08 00:20:46,73967.0,0.00000003,0.0000000000011612640000000001,6872406,2019-03-08 00:20:46,BTC,2.23599134,0.0,0.00000003,BTC,701743.3963726171,0.00025208,0.00163731,216
1,[],27,[],2019-03-08 00:20:49,1298602.0,0.00000003,0.0000000000011612640000000001,6872407,2019-03-08 00:20:49,btc,317.9846054547724,0.0,0.00000003,"btc,ltc",240763.990324,0.0,0.03377204000026509,216
1,[],22,[],2019-03-08 00:20:53,160586.32300942903,0.00000184,0.000000000071224192,6872408,2019-03-08 00:20:53,BTC,12673.39765495,0.0,0.00000184,BTC,389275.88676244975,0.06858853,0.17571671,217
1,[],7,[],2019-03-08 00:20:54,0.0,0,0,6872409,2019-03-08 00:20:54,btc,77969.39215740134,0.0,0,btc,136268679.67428493,0.0,0.0,219
0,[],27,[],2019-03-08 00:20:57,0.0,0,0,6872410,2019-03-08 00:20:57,,0.04027288,0.0,0,btc,2037233.0,0.0,0.0,219
0.0000000000000051,[],28,[],2019-03-08 00:20:59,168883579.283,5.661e-18,2.1913051680000003e-22,6872411,2019-03-08 00:20:59,doge,84451.8501148375,15849.228,0.00111000,"btc,doge",3563815.34751,0.0,1.5962013613894267e-11,219
1,[],22,[],2019-03-08 00:21:03,543042.5,0.00000005,0.00000000000193544,6872412,2019-03-08 00:21:03,BTC,2.76226415,0.0,0.00000005,BTC,86245.27041875875,0.00054995,0.02357175,221
1,[],24,[],2019-03-08 00:21:04,0.0,0.000000200000,0.00000000000774176,6872413,2019-03-08 00:21:04,btc,0.0,0.0,0.000000200000,btc,0.0,0.0,0.0,221
1,[],20,[],2019-03-08 00:21:06,39105329.5253,0.000000001,0.0000000000000387088,6872414,2019-03-08 00:21:06,btc,48.4427536687255,172770.0,0.000000001,btc,16154115.0042,0.00034554,0.0391053295253,224
0,[],22,[],2019-03-08 00:21:09,0.0,0,0,6872415,2019-03-08 00:21:09,,0.0,0.0,0,,0.0,0.0,0.0,224
1,[],26,[],2019-03-08 00:21:09,0.0,0.00000035,0.000000000013548080000000001,6872416,2019-03-08 00:21:09,btc,0.0,0.0,0.00000035,btc,0.0,0.0,0.0,231
1,[],26,[],2019-03-08 00:21:09,0.0,0.00000005,0.00000000000193544,6872417,2019-03-08 00:21:09,btc,0.0,100.0,0.00000005,btc,0.0,0.0,0.0,234
0.0000000003534925,[],27,[],2019-03-08 00:21:13,2000.0,3.534925e-18,1.3683270484e-22,6872418,2019-03-08 00:21:13,eth,0.01134836604,0.0,0.00000001,"btc,eth",11462.996,0.0,7.0698499999999995e-15,234
1,[],4,[],2019-03-08 00:21:14,821061.77706337,0.00000087,0.000000000033676656,6872419,2019-03-08 00:21:14,btc,4.746387915463125,0.0,0.00000087,btc,1245556.89963053,0.06549594,0.2326055598878987,236
1,[],24,[],2019-03-08 00:21:14,0.0,0.000000300000,0.000000000011612640000000001,6872420,2019-03-08 00:21:14,btc,0.0,0.0,0.000000300000,btc,0.0,0.0,0.0,236
1,[],20,[],2019-03-08 00:21:16,167618704.1319,0.00000006,0.0000000000023225280000000003,6872421,2019-03-08 00:21:16,btc,13.9881525203333,727761.8681,0.00000006,btc,40392581.8581,0.0443805833683,0.5777364721174,237
0.00000000014727330000000002,[],22,[],2019-03-08 00:21:20,751594.9,2.5036461e-17,9.691313615568e-22,6872422,2019-03-08 00:21:20,LTC,0.04119358,0.0,0.00000017,LTC,7239.2,0.0,0.12541949,237
1,[],4,[],2019-03-08 00:21:20,8975927.96707493,0.00000037,0.000000000014322256,6872423,2019-03-08 00:21:20,btc,8.906884945462028,0.0,0.00000037,btc,10269529.33493635,0.51149905,2.2814608273854935,238
1,[],5,[],2019-03-08 00:21:23,0.0,0,0,6872424,2019-03-08 00:21:23,btc,0.0,0.00358686,0,btc,0.0,0.0,0.0,238
0,[],22,[],2019-03-08 00:21:27,0.0,0,0,6872425,2019-03-08 00:21:27,,0.41504177,0.0,0,,481585.5639027493,0.0,0.0,249
0.00000000014727330000000002,[],22,[],2019-03-08 00:21:31,49087204.666666664,5.8909320000000005e-18,2.280309086016e-22,6872426,2019-03-08 00:21:31,LTC,0.46597212,0.0,0.00000004,LTC,12463851.453636363,2.2380714423045901e-10,1.18162429,252
1,[],28,[],2019-03-08 00:21:33,3494880.767,0.00000037,0.000000000014322256,6872427,2019-03-08 00:21:33,btc,164734.26766710688,120063.361,0.00000037,btc,2944197.4607,0.0,0.6700312518,256
1,[],22,[],2019-03-08 00:21:38,1290561.0,0.00000003,0.0000000000011612640000000001,6872428,2019-03-08 00:21:38,BTC,31.45799429,0.0,0.00000003,BTC,719270.3791200279,6.5e-07,0.01764975,258
1,[],22,[],2019-03-08 00:13:22,48751.0,0.00000001,0.00000000000038735100000000003,6872236,2019-03-08 00:13:22,BTC,2.4175745,0.0,0.00000001,BTC,1762.0,0.0,0.00048751,259
1,[],5,[],2019-03-08 00:13:24,0.0,0,0,6872237,2019-03-08 00:13:24,btc,0.0,0.16789396,0,btc,0.0,0.0,0.0,264
1,[],20,[],2019-03-08 00:13:26,1252644.8033,0.00000191,0.00000000007398404100000001,6872238,2019-03-08 00:13:26,btc,7.4725537766758,94830.7837,0.00000191,btc,108054.8283,0.1981640812345,0.0182840522857,264
0,[],22,[],2019-03-08 00:21:41,0.0,0,0,6872429,2019-03-08 00:21:41,,8.45833143,0.0,0,,464287.34411321935,0.0,0.0,271
0,[],22,[],2019-03-08 00:21:44,0.0,0,0,6872430,2019-03-08 00:21:44,,266.25196304,0.0,0,,13937792667.692,0.0,0.0,272
0.0000000000000051,[],28,[],2019-03-08 00:21:49,243197203537.905,4.794e-21,1.855699872e-25,6872431,2019-03-08 00:21:49,doge,37029427.42233569,8540136410.0,0.00000094,doge,242076110499.0003,0.0,7.102311485511465e-10,272
1,[],22,[],2019-03-08 00:21:55,203116.74,0.00000095,0.00000000003677336,6872432,2019-03-08 00:21:55,BTC,74.45437649,0.0,0.00000095,"BTC,LTC",33883.48778575859,0.011383,0.07309162,281
1,[],22,[],2019-03-08 00:21:59,686811.4858299595,0.00000063,0.000000000024386544,6872433,2019-03-08 00:21:59,BTC,0.48322389,0.0,0.00000063,BTC,85798.5336342091,0.06859222,0.0188502,286
0,[],22,[],2019-03-08 00:13:47,0.0,0,0,6872244,2019-03-08 00:13:47,,43638.74003002,0.0,0,,691637845.0,0.0,0.0,294
