pairValue,buyBook,exchangeId,sellBook,updated,buyTotal,satoshiPrice,usdPrice,exchangeLogId,created,bestPair,sellTotalBtc,volume,pairPrice,activePairs,sellTotal,volumeBtc,buyTotalBtc,coinId
0,[],2,[],2019-01-20 23:28:45,0.0,0,0,6477011,2019-01-20 23:28:45,,0.0,0.0,0,,0.0,0.0,0.0,1
1,[],3,[],2019-06-25 07:29:45,32164.89009756495,0.0104699000000000007337686014352584606967866420745849609375,0.000001192566630570000139002366230,7761898,2019-06-25 07:29:45,btc,11.073955960597235,57.7829648051,0.0104699000000000007337686014352584606967866420745849609375,btc,21.270062820573003,0.0,0.3616742310922431,1
1,[],4,[],2019-06-25 07:29:47,353695.03217091,0.01022500,0.000001164671467500000054126576268,7761899,2019-06-25 07:29:47,btc,9.216579304661359,0.0,0.01022500,btc,435.69714079,3.77898743,0.5860722606365986,1
1,[],5,[],2019-06-25 07:29:50,0.0,0,0,7761900,2019-06-25 07:29:50,btc,0.0,0.28417684,0,btc,0.0,0.0,0.0,1
1,[],10,[],2019-06-25 07:29:52,308550.66557337,0.00318514,0.00000036280114210200003,7761901,2019-06-25 07:29:52,btc,6522.197805475298,2116.29196613,0.00318514,btc,1434.31771053,0.0,1.5413825491395219,1
1,[],12,[],2019-06-25 07:29:55,91.76232993,0.010149999999999999300559494486151379533112049102783203125,0.000001156128644999999974060278643,7761902,2019-06-25 07:29:55,btc,0.1139704647542,0.0,0.010149999999999999300559494486151379533112049102783203125,btc,8.41490095,1.970290917631,0.1864633113104,1
1,[],20,[],2019-06-25 07:29:57,919.0905,0.01030003,0.000001173217707129000054523751526,7761903,2019-06-25 07:29:57,btc,0.1508816239851,0.761,0.01030003,btc,11.1235,0.0091665083103,0.1359073167309,1
1,[],21,[],2019-06-25 07:29:58,1502.06825236,0.01020929999999999927828842061,0.000001162883169989999971837415238,7761904,2019-06-25 07:29:58,btc,24.37179880203779,2861.4907374500003,0.01020929999999999927828842061217073933221399784088134765625,"btc,eth",2621.57494775,26.689171426402808,10.855720929226727,1
1,[],22,[],2019-06-25 07:30:05,0.0199,0.00110000,0.00000012529473,7761905,2019-06-25 07:30:05,BTC,0.01666796,0.0,0.00110000,BTC,0.25318100557485945,0.0,2.189e-05,1
1,[],24,[],2019-06-25 07:30:05,0.0,0.000000000000,0,7761906,2019-06-25 07:30:05,btc,0.0,0.0,0.000000000000,btc,0.0,0.0,0.0,1
0.0,[],25,[],2019-06-25 07:30:06,0.0,0,0,7761907,2019-06-25 07:30:06,btc,43.28449999840407,11235.89210272,0.0,btc,4100.61087895,120.1001,0.0,1
1,[],26,[],2019-06-25 07:30:14,0.0,0,0,7761908,2019-06-25 07:30:14,,0.0,0.0,0,,0.0,0.0,0.0,1
0,[],28,[],2019-06-25 07:30:16,0.0,0,0,7761909,2019-06-25 07:30:16,,0.0,0.0,0,,0.0,0.0,0.0,1
1,[],5,[],2019-06-17 14:29:02,0.0,0,0,7740076,2019-06-17 14:29:02,btc,0.0,2.72e-05,0,btc,0.0,0.0,0.0,2
1,[],22,[],2019-06-17 14:29:06,11550.3,0.0000002,0.0000000000185828,7740077,2019-06-17 14:29:06,BTC,21.00897301,0.0,0.0000002,"BTC,XMR",20678.87287795317,1.754e-05,0.00143681,2
1,[],5,[],2019-06-03 14:48:58,0.0,0,0,7731126,2019-06-03 14:48:58,btc,0.0,0.05905545,0,btc,0.0,0.0,0.0,3
1,[],12,[],2019-06-03 14:48:59,3468623.70302,0.000000116,0.000000000009823402000000002,7731127,2019-06-03 14:48:59,btc,169531.0336573751,0.0,0.000000116,btc,2361209.62379607,0.041350953071,0.33764769154428,3
0,[],28,[],2019-06-03 14:49:00,0.0,0,0,7731128,2019-06-03 14:49:00,,0.0,0.0,0,,0.0,0.0,0.0,3
0,[],2,[],2019-01-20 23:31:32,0.0,0,0,6477077,2019-01-20 23:31:32,,0.0,0.0,0,,0.0,0.0,0.0,4
1,[],4,[],2019-05-18 21:29:50,562734.9206932,0.00000010,0.000000000007298720000000001,7650946,2019-05-18 21:29:50,btc,41.9347137769675,0.0,0.00000010,btc,1123702.32192634,0.00052462,0.029254593370966,4
0,[],12,[],2019-06-02 05:03:43,0.0,0,0,7724919,2019-06-02 05:03:43,btc,625.901992874995,0.0,0,btc,1211362.4995005,0.0,0.0,5
0,[],2,[],2019-01-20 23:31:51,0.0,0,0,6477087,2019-01-20 23:31:51,,0.0,0.0,0,,0.0,0.0,0.0,6
1,[],11,[],2019-06-25 07:30:17,5614839.276736,0.00000002,0.000000000002278086,7761910,2019-06-25 07:30:17,btc,9583.591227861649,1938000.0,0.00000002,btc,75330461.28160685,0.0,0.07043955276736,6
1,[],3,[],2019-06-25 07:30:18,12608.720216623076,0.00008500000000000000610622663543836097232997417449951171875,0.0000000096818655,7761911,2019-06-25 07:30:18,btc,2027.9082523004004,529.854334368,0.00008500000000000000610622663543836097232997417449951171875,btc,404.624280178042,0.0,0.02235640046889887,7
1,[],4,[],2019-06-25 07:30:19,303580.05382039,0.00006910,0.000000007870787130000001,7761912,2019-06-25 07:30:19,btc,7.30049484171112,0.0,0.00006910,btc,56082.78705,2.06929471,1.850610668407756,7
1,[],5,[],2019-06-25 07:30:20,0.0,0,0,7761913,2019-06-25 07:30:20,btc,0.0,0.10281144,0,btc,0.0,0.0,0.0,7
1,[],20,[],2019-04-07 22:06:50,3201475.0482,0.000000001,0.000000000000051590000000000004,7213932,2019-04-07 22:06:50,btc,30.8005781811902,0.0,0.000000001,btc,23077405.3926,0.0,0.0032014750482,8
0,[],2,[],2019-01-20 23:22:42,0.0,0,0,6476876,2019-01-20 23:22:42,,0.0,0.0,0,,0.0,0.0,0.0,9
0,[],23,[],2019-01-20 23:22:48,0.0,0,0,6476878,2019-01-20 23:22:48,,0.0,0.0,0,,0.0,0.0,0.0,9
1,[],1,[],2019-02-17 23:31:42,1822507.21,0.00000181000000000000003456111265232042484285557293333113193511962890625,0.000000000066086901,6701244,2019-02-17 23:31:42,btc,3.6990969245,17153386.5,0.00000181000000000000003456111265232042484285557293333113193511962890625,btc,1997391.71,31.11772986,3.2610482446,9
1,[],4,[],2019-06-25 07:30:23,1207318.84643049,0.00000048,0.000000000054674064000000004,7761914,2019-06-25 07:30:23,btc,2.92542253822293,0.0,0.00000048,btc,2923485.77580574,0.58113044,0.2320042755600309,9
0,[],28,[],2019-06-25 07:30:24,0.0,0,0,7761915,2019-06-25 07:30:24,,0.0,0.0,0,,0.0,0.0,0.0,9
1,[],4,[],2019-02-17 11:22:43,4341674.27126056,0.00000002,0.0000000000007272960000000001,6696112,2019-02-17 11:22:43,btc,0.1997230937751353,0.0,0.00000002,btc,4109766.79808031,0.00215132,0.0479381022052112,10
0,[],2,[],2019-01-20 23:23:08,0.0,0,0,6476890,2019-01-20 23:23:08,,0.0,0.0,0,,0.0,0.0,0.0,12
1,[],4,[],2019-06-25 07:30:25,39018367.76621344,0.00000028,0.000000000031893204,7761916,2019-06-25 07:30:25,btc,6.945768602857917,0.0,0.00000028,btc,8928880.16969823,0.77169458,1.5807572973135735,12
1,[],5,[],2019-06-25 07:30:26,0.0,0,0,7761917,2019-06-25 07:30:26,btc,0.0,0.00815703,0,btc,0.0,0.0,0.0,12
0.0,[],25,[],2019-06-25 07:30:28,0.0,0,0,7761918,2019-06-25 07:30:28,,0.0,0.0,0.0,btc,0.0,0.0,0.0,12
1,[],10,[],2019-06-25 07:30:31,560705.46819159,0.00000311,0.000000000354242373,7761920,2019-06-25 07:30:31,btc,666798.28843972,47262.628037,0.00000311,btc,871642.12462017,0.0,0.22020970520719,13
1,[],21,[],2019-06-25 07:30:33,5824114.71849129,0.000003199999999999999855193957843,0.00000000036449376,7761921,2019-06-25 07:30:33,btc,4.039814956996401,1249554.72623792,0.00000319999999999999985519395784283602779396460391581058502197265625,btc,1020495.78466417,4.36625255,3.0683078274682556,13
1,[],4,[],2019-06-25 07:30:29,544943.25544188,0.00000307,0.00000000034968620100000003,7761919,2019-06-25 07:30:29,btc,2.123159434322206,0.0,0.00000307,btc,343562.07213485,0.56595463,0.2414651979696323,13
1,[],4,[],2019-06-25 07:30:34,961791.67157256,0.00000059,0.000000000067203537,7761922,2019-06-25 07:30:34,btc,9.58557706926017,0.0,0.00000059,btc,1671312.74320132,0.00753553,0.0890434239200143,14
1,[],12,[],2019-06-25 07:30:35,217896.3915142,0.00000057,0.000000000064925451,7761923,2019-06-25 07:30:35,btc,193.4805450465551,0.0,0.00000057,btc,26427.58920806,0.000287439311,0.0179806699999583,14
1,[],26,[],2019-06-25 07:32:36,0.0,0.00000050,0.00000000005695215,7761924,2019-06-25 07:32:36,btc,0.0,0.0,0.00000050,btc,0.0,0.0,0.0,14
0,[],17,[],2019-05-03 00:53:32,0.0,0,0,7558876,2019-05-03 00:53:32,btc,0.0,0.0,0,btc,0.0,0.0,0.0,14
0,[],4,[],2019-06-25 07:32:37,0.0,0,0,7761925,2019-06-25 07:32:37,,0.0,0.0,0,,0.0,0.0,0.0,15
,[],12,[],2018-12-01 15:15:48,204241.84496,0.00000489,0.000000000202473384,5260204,2018-12-01 15:15:48,btc,49.5475654835,0.0,,btc,35763.2193806,0.0163153972027625,0.0203389899998,15
1,[],4,[],2019-06-25 07:32:39,30654.32143652,0.00000900,0.0000000010251387,7761926,2019-06-25 07:32:39,btc,2.4568673839023907,0.0,0.00000900,btc,17191.36575378,0.03034258,0.037590915813191,18
1,[],10,[],2019-06-25 07:32:41,385335.75691187,0.00000846,0.000000000963630378,7761927,2019-06-25 07:32:41,btc,14.89863910949742,14432.4294549,0.00000846,btc,11917.80320342,0.0,0.1196555919664253,18
1,[],12,[],2019-06-25 07:32:42,935.16699689,0.000009500000000000000523019128007007338965195231139659881591796875,0.0000000010820908500000002,7761928,2019-06-25 07:32:42,btc,0.5224326158693589,0.0,0.000009500000000000000523019128007007338965195231139659881591796875,btc,1928.46661749,6.175e-07,0.0037373610679645,18
0,[],2,[],2019-01-20 23:23:38,0.0,0,0,6476906,2019-01-20 23:23:38,,0.0,0.0,0,,0.0,0.0,0.0,18
0,[],17,[],2019-05-03 00:53:39,0.0,0,0,7558882,2019-05-03 00:53:39,btc,0.0,0.0,0,btc,0.0,0.0,0.0,18
1,[],3,[],2019-06-25 07:34:43,151990.71897716488,0.000009059999999999999653545364186602029121786472387611865997314453125,0.000000001031972958,7761929,2019-06-25 07:34:43,btc,193.14365599843887,13854.7859271,0.000009059999999999999653545364186602029121786472387611865997314453125,btc,18855.97119686855,0.0,0.0527639111465951,19
1,[],4,[],2019-06-25 07:34:43,335536.0187444,0.00000929,0.0000000010581709470000001,7761930,2019-06-25 07:34:43,btc,5.638455434879125,0.0,0.00000929,btc,256848.8176064,0.23223171,1.4440231055455848,19
1,[],5,[],2019-06-25 07:34:44,0.0,0,0,7761931,2019-06-25 07:34:44,btc,0.0,0.00189353,0,btc,0.0,0.0,0.0,19
1,[],12,[],2019-06-25 07:34:45,109039.03367947,0.0000070299999999999996077638432512291188913877704180777072906494140625,0.000000000800747229,7761932,2019-06-25 07:34:45,btc,1.2063438649212153,0.0,0.0000070299999999999996077638432512291188913877704180777072906494140625,btc,2973.67008334,0.0,0.0199546213763357,19
0,[],27,[],2019-06-25 07:34:51,0.0,0,0,7761933,2019-06-25 07:34:51,,0.0,0.0,0,btc,0.0,0.0,0.0,19
0,[],2,[],2019-01-20 23:24:19,0.0,0,0,6476924,2019-01-20 23:24:19,,0.0,0.0,0,,0.0,0.0,0.0,19
1,[],4,[],2019-06-25 07:34:52,10087097.23656777,0.00000005,0.000000000005695215,7761934,2019-06-25 07:34:52,btc,5.170297171161309,0.0,0.00000005,btc,2243203.91669223,0.0,0.1176747238096551,20
0,[],4,[],2019-06-25 07:34:52,0.0,0,0,7761935,2019-06-25 07:34:52,,11310.73618847439,0.0,0,,83655605.10349499,0.0,0.0,21
0,[],12,[],2019-06-25 07:34:54,0.0,0,0,7761936,2019-06-25 07:34:54,btc,2602.9689298654944,0.0,0,btc,7531299.34765232,3.996e-07,0.0,21
0,[],17,[],2019-05-03 00:53:51,0.0,0,0,7558891,2019-05-03 00:53:51,btc,0.0,0.0,0,btc,0.0,0.0,0.0,21
1,[],12,[],2019-06-25 07:36:55,6042520696.277,0.0000000004,0.00000000000004556172,7761937,2019-06-25 07:36:55,btc,1426624034919.7349,0.0,0.0000000004,btc,2614037968.1868134,0.068110668403,1.5240899182108003,23
0.0000000002762695,[],27,[],2019-06-25 07:37:00,66793445.0,1.105078e-17,1.258731360354e-21,7761938,2019-06-25 07:37:00,eth,1046.1271035479006,318788.61538462,0.00000004,eth,7723385.70979221,3.52286158003e-12,2.8082960160430504e-10,23
1,[],4,[],2019-06-22 05:45:29,6100414.07522138,0.00000017,0.00000000001823352,7751732,2019-06-22 05:45:29,btc,10.22685272773715,0.0,0.00000017,btc,1790815.48208265,0.0,0.1345450262400025,24
0,[],22,[],2019-06-22 05:45:31,0.0,0,0,7751733,2019-06-22 05:45:31,,6.22e-05,0.0,0,,517.4264705882352,0.0,0.0,24
0.0,[],25,[],2019-06-22 05:45:32,0.0,0,0,7751734,2019-06-22 05:45:32,,0.0,0.0,0.0,btc,0.0,0.0,0.0,24
1,[],4,[],2019-06-25 07:37:01,26918076.31951251,0.00000383,0.000000000436253469,7761939,2019-06-25 07:37:01,btc,6.59179887584395,0.0,0.00000383,btc,211219.05476216,0.06887098,0.3716230725165054,26
1,[],10,[],2019-06-25 07:37:04,161609.86050989,0.00000463,0.000000000527376909,7761940,2019-06-25 07:37:04,btc,25.362857289484513,5621.99292941,0.00000463,btc,20540.19282642,0.0,0.0479042035703238,26
0,[],2,[],2019-01-20 23:25:56,0.0,0,0,6476976,2019-01-20 23:25:56,,0.0,0.0,0,,0.0,0.0,0.0,26
1,[],5,[],2019-04-26 09:47:06,0.0,0,0,7465326,2019-04-26 09:47:06,btc,0.0,0.0,0,btc,0.0,0.0,0.0,27
1,[],3,[],2019-06-17 14:30:26,13571825.64059417,0.00000001,0.00000000000092914,7740112,2019-06-17 14:30:26,btc,3.485049956644059,4264730.43754,0.00000001,btc,23500048.28518193,0.0,0.1357182564059417,27
1,[],11,[],2019-06-17 14:30:28,2031833.58157834,0.00000001,0.00000000000092914,7740113,2019-06-17 14:30:28,btc,67502.92060589766,32677.9652116,0.00000001,btc,6487362.95640949,0.0,0.0203183358157834,27
1,[],4,[],2019-06-25 07:37:04,885899928.6232461,0.00000001,0.000000000001139043,7761941,2019-06-25 07:37:04,btc,5.912314591751392,0.0,0.00000001,"btc,ltc",408487324.63527584,0.07476095,5.306962720780809,29
1,[],7,[],2019-06-25 07:37:05,88143317.90994737,0.00000001,0.000000000001139043,7761942,2019-06-25 07:37:05,btc,46548272.1933806,92227.4815125,0.00000001,btc,36540427.50881446,0.00092227,0.8814331790994737,29
1,[],4,[],2019-06-25 07:37:06,15492325.97378427,0.00000005,0.000000000005695215,7761943,2019-06-25 07:37:06,btc,2.5882812799918344,0.0,0.00000005,btc,2237643.51667946,0.0,0.1716198680678411,30
0,[],17,[],2019-05-03 01:11:25,0.0,0,0,7559066,2019-05-03 01:11:25,btc,0.0,0.0,0,btc,0.0,0.0,0.0,30
1,[],4,[],2019-06-25 07:39:07,227056.53971712,0.00002900,0.0000000033032247000000004,7761944,2019-06-25 07:39:07,btc,3.5619459390597044,0.0,0.00002900,btc,59817.24686102,0.65052272,0.2734862728494883,31
1,[],21,[],2019-06-25 07:39:08,1236265.88501775,0.00002788999999999999893909516380,0.000000003176790927,7761945,2019-06-25 07:39:08,btc,3.127077507810729,618667.40693088,0.0000278899999999999989390951637968640852704993449151515960693359375,btc,92783.4947514,18.91980221,3.9212368604853993,31
0,[],2,[],2019-01-20 23:28:43,0.0,0,0,6477009,2019-01-20 23:28:43,,0.0,0.0,0,,0.0,0.0,0.0,32
0,[],4,[],2019-06-25 07:39:09,0.0,0,0,7761946,2019-06-25 07:39:09,,0.0,0.0,0,,0.0,0.0,0.0,33
1,[],12,[],2019-03-30 07:55:10,40641173.964,0.00000003,0.000000000001228359,7108785,2019-03-30 07:55:10,btc,4233210.82356125,0.0,0.00000003,btc,28378394.68333462,0.0126927883965248,0.90752895892,33
0.0000000001191663,[],4,[],2019-06-25 07:39:11,149458181.5550944,6.077481299999999e-17,6.9225125323959e-21,7761947,2019-06-25 07:39:11,ltc,4.300296905250173,0.0,0.00000051,ltc,165454003.03833666,0.0,7.791254787242598e-10,34
1,[],5,[],2019-06-25 07:39:12,0.0,0,0,7761948,2019-06-25 07:39:12,btc,0.0,0.0,0,btc,0.0,0.0,0.0,34
0.0000000002926451,[],17,[],2019-05-02 18:17:47,200000.0,2.9264510000000002e-18,1.596703856561e-22,7556430,2019-05-02 18:17:47,eth,0.20942468735267253,0.0,0.00000001,"btc,eth",1018272.20243647,0.0,5.852902e-13,36
0.0000000001311821,[],4,[],2019-05-31 13:28:19,2417517744.0607657,1.311821e-18,1.105058333085e-22,7717483,2019-05-31 13:28:19,ltc,5.019900492391546e-08,0.0,0.00000001,ltc,7102398142.262129,0.0,3.171350544531538e-09,36
1,[],5,[],2019-05-31 13:28:21,0.0,0,0,7717484,2019-05-31 13:28:21,btc,0.0,0.0,0,btc,0.0,0.0,0.0,36
0.0000000003108179,[],27,[],2019-05-31 13:30:34,10388811.226876,6.216358000000001e-18,5.236566733830001e-22,7717485,2019-05-31 13:30:34,eth,1569.8708019850988,761866.634299,0.00000002,"ltc,eth",5084024.2511555,4.736034912207001e-12,3.3251980286483705e-11,36
1,[],4,[],2019-06-25 07:39:13,10749959.07931615,0.00000014,0.000000000015946602,7761949,2019-06-25 07:39:13,btc,19773.05513423956,0.0,0.00000014,btc,682946.14349671,0.00033075,0.1365836699028938,37
1,[],12,[],2019-06-25 07:39:14,4171866.54235103,0.00000013,0.000000000014807559,7761950,2019-06-25 07:39:14,btc,7.381091518261743,0.0,0.00000013,btc,1713444.53926904,0.016671589979,0.1483315347956336,37
1,[],27,[],2019-06-25 07:41:19,10970.0,0.00000019,0.000000000021641817,7761951,2019-06-25 07:41:19,btc,22.62970013895233,0.0,0.00000019,btc,4298.824295,0.0,0.00167419,37
1,[],17,[],2019-05-03 01:11:36,211752.74075282,0.00000025,0.000000000013700074999999998,7559074,2019-05-03 01:11:36,btc,0.055484923955058496,0.0,0.00000025,"btc,eth",1387.19918473,0.0,0.0005381851887916605,37
1,[],5,[],2019-06-25 07:41:20,0.0,0,0,7761952,2019-06-25 07:41:20,btc,0.0,0.22244644,0,btc,0.0,0.0,0.0,42
1,[],12,[],2019-06-25 07:41:22,2029551.33858122,0.000001399999999999999936647356556240762159859514213167130947113037109375,0.00000000015946602,7761953,2019-06-25 07:41:22,btc,525.476875018858,0.0,0.000001399999999999999936647356556240762159859514213167130947113037109375,btc,137561.87319895,0.143203336175,0.0639811199999755,42
1,[],27,[],2019-06-25 07:41:28,889.0,0.00000140,0.00000000015946602,7761954,2019-06-25 07:41:28,btc,0.07600425,0.0,0.00000140,"btc,eth",18.0,0.0,0.0005422000002902488,42
1,[],12,[],2019-03-13 09:13:29,1112112.0,0.00000001,0.000000000000386531,6919902,2019-03-13 09:13:29,btc,29058.00478931866,0.0,0.00000001,btc,5967681.93306694,9.99000999e-07,0.01112112,43
1,[],5,[],2019-04-26 22:38:52,0.0,0,0,7474154,2019-04-26 22:38:52,btc,0.0,0.02638891,0,btc,0.0,0.0,0.0,43
0,[],17,[],2019-04-26 22:38:53,0.0,0,0,7474155,2019-04-26 22:38:53,btc,0.0,0.0,0,btc,0.0,0.0,0.0,43
1,[],12,[],2019-03-05 01:54:08,639326.02,0.00000004,0.000000000001486676,6845775,2019-03-05 01:54:08,btc,11116042.728239931,0.0,0.00000004,btc,1103841.4595604,0.0003330765234764,0.014975410599999999,44
0.0000000001191663,[],4,[],2019-06-25 07:41:29,106678477.19824575,4.766652e-17,5.429421594036e-21,7761955,2019-06-25 07:41:29,ltc,1601.886401434438,0.0,0.0000004,ltc,25992884.87580088,0.00075699,5.689724072434171e-10,49
0.0000000001191663,[],4,[],2019-06-25 07:41:30,319018354.31463796,2.2641596999999998e-17,2.5789752571671e-21,7761956,2019-06-25 07:41:30,ltc,28149.84578093801,0.0,0.00000019,ltc,199837725.91274694,0.0,2.310245169792082e-09,52
0,[],22,[],2019-06-25 07:41:33,0.0,0,0,7761957,2019-06-25 07:41:33,,10289.80784133,0.0,0,,287058287.4566013,0.0,0.0,57
0,[],27,[],2019-06-25 07:41:38,0.0,0,0,7761958,2019-06-25 07:41:38,,0.0,0.0,0,"btc,eth",0.0,0.0,0.0,57
0,[],4,[],2019-06-25 07:41:39,0.0,0,0,7761959,2019-06-25 07:41:39,,19.719366658579343,0.0,0,,5725492936.402391,0.0,0.0,58
1,[],12,[],2019-06-25 07:41:41,384243164.0999,0.0000000001,0.00000000000001139043,7761960,2019-06-25 07:41:41,btc,50442259.8841498,0.0,0.0000000001,btc,3001560610.365591,0.01778659186,0.03842431640999,58
1,[],17,[],2019-05-03 01:12:09,1200000.0,0.0000000001,0.00000000000000548003,7559085,2019-05-03 01:12:09,btc,1e+24,0.0,0.0000000001,"btc,eth",39516342.31952568,0.0,0.00010000000058666061,58
0.00000000010229729999999999,[],22,[],2019-06-25 07:03:38,126877.0,1.022973e-18,1.157682176532e-22,7761897,2019-06-25 07:03:38,XMR,68.17454206,0.0,0.00000001,XMR,9626402.6,0.0,0.00126877,58
1,[],5,[],2019-06-17 14:31:27,0.0,0,0,7740135,2019-06-17 14:31:27,btc,0.0,0.00079154,0,btc,0.0,0.0,0.0,61
1,[],22,[],2019-06-17 14:31:30,13612.833333333334,0.00000012,0.00000000001114968,7740136,2019-06-17 14:31:30,BTC,1002.29123003,0.0,0.00000012,BTC,15014.200177125656,0.0,0.00153257,61
1,[],26,[],2019-06-17 14:31:30,0.0,0.00000050,0.000000000046457,7740137,2019-06-17 14:31:30,btc,0.0,0.0,0.00000050,btc,0.0,0.0,0.0,61
1,[],27,[],2019-06-17 14:31:36,8400.0,0.00000018,0.00000000001672452,7740138,2019-06-17 14:31:36,btc,1.9742539297246655,0.0,0.00000018,"btc,eth",10953.51663696,0.0,0.001512,61
0,[],28,[],2019-06-17 14:31:38,0.0,0,0,7740139,2019-06-17 14:31:38,,0.0,0.0,0,,0.0,0.0,0.0,61
1,[],4,[],2019-06-25 06:41:37,541592.96386599,0.00000067,0.000000000076146505,7761782,2019-06-25 06:41:37,btc,3.4989697166801816,0.0,0.00000067,btc,1326452.22911099,0.07022558,0.2962798082645641,67
0.0,[],25,[],2019-06-25 06:41:38,0.0,0,0,7761783,2019-06-25 06:41:38,,0.0,0.0,0.0,btc,0.0,0.0,0.0,67
1,[],12,[],2019-06-02 06:23:14,910048.355,0.00000006,0.000000000005154929999999999,7725270,2019-06-02 06:23:14,btc,5.167005424215783,0.0,0.00000006,btc,738530.60239759,0.003159757462,0.0187188113,71
,[],5,[],2018-11-20 23:02:39,1.5e-07,0.00000005,0.000000000002128045,4862160,2018-11-20 23:02:39,btc,2.84511358,0.0,,btc,0.00036572,0.0,0.07381892,74
1,[],5,[],2019-06-25 06:41:39,0.0,0,0,7761784,2019-06-25 06:41:39,btc,0.0,0.0051703,0,btc,0.0,0.0,0.0,75
1,[],4,[],2019-06-04 03:25:15,715281.46076168,0.00000001,0.000000000000803619,7734085,2019-06-04 03:25:15,btc,581089.6218469425,0.0,0.00000001,btc,37692563.61091116,0.0,0.0071528146076168,81
0,[],20,[],2019-01-25 09:30:31,0.0,0,0,6495923,2019-01-25 09:30:31,btc,0.0,0.0,0,btc,0.0,0.0,0.0,81
1,[],4,[],2019-06-25 06:41:40,192754.13786083,0.00009609,0.000000010920772635,7761785,2019-06-25 06:41:40,btc,56.75764318002854,0.0,0.00009609,btc,108681.11034443,1.18739055,0.5734979311464077,82
1,[],21,[],2019-06-25 06:41:41,57253.15948141,0.00009859999999999999786750443098,0.0000000112060379,7761786,2019-06-25 06:41:41,btc,6.551987282998357,10510.66687976,0.000098599999999999997867504430981711038839421235024929046630859375,btc,52307.424663289996,1.02918873,4.196847776064119,82
0,[],17,[],2019-03-25 22:42:34,0.0,0,0,7038780,2019-03-25 22:42:34,btc,0.0445064681804024,0.0,0,btc,995513.18476001,0.0,0.0,84
0.0000000001161485,[],4,[],2019-05-20 13:09:39,216715621.0206096,1.161485e-18,9.0533806701e-23,7657228,2019-05-20 13:09:39,ltc,1.6511566870244727,0.0,0.00000001,ltc,471032407.9048656,0.0,2.5171194308112273e-10,85
,[],22,[],2018-11-20 23:09:34,3408.1,0.0000001,0.0000000000041895,4862324,2018-11-20 23:09:34,BTC,0.04624735,0.0,,BTC,4990.0,0.0,0.00033081,86
1,[],22,[],2019-06-25 06:41:44,68694.0,0.00000005,0.000000000005682575,7761787,2019-06-25 06:41:44,BTC,1.84070553,0.0,0.00000005,BTC,241024.94736842104,0.0003,0.00092846,87
1,[],27,[],2019-06-25 06:41:49,269536.0,0.00000003,0.000000000003409545,7761788,2019-06-25 06:41:49,btc,2.02257544326,0.0,0.00000003,btc,559681.402,0.0,0.00708608,87
,[],2,[],2018-11-20 23:10:47,0.0,0,0,4862359,2018-11-20 23:10:47,,0.0,0.0,,,0.0,0.0,0.0,88
1,[],11,[],2019-06-17 14:31:59,193715.3529613,0.000073310000000000001140094962881477158589405007660388946533203125,0.00000000681152534,7740147,2019-06-17 14:31:59,btc,168.35454702024953,5791.70569014,0.000073310000000000001140094962881477158589405007660388946533203125,btc,196971.41170107,0.0,1.1996165759440112,89
0,[],2,[],2019-01-20 23:31:45,0.0,0,0,6477083,2019-01-20 23:31:45,,0.0,0.0,0,,0.0,0.0,0.0,91
1,[],12,[],2019-06-18 02:35:48,427715.74,0.00000015,0.000000000013911045000000001,7746087,2019-06-18 02:35:48,btc,116.61022144471085,0.0,0.00000015,btc,193315.55943968,0.000180759303,0.0129558314,91
1,[],22,[],2019-06-20 20:27:07,75910.0,0.00000002,0.000000000001914908,7746207,2019-06-20 20:27:07,BTC,0.49565371,0.0,0.00000002,"BTC,LTC",6.384990670617935,0.0,0.0016592,91
0,[],17,[],2019-05-03 01:12:26,0.0,0,0,7559096,2019-05-03 01:12:26,btc,0.0,0.0,0,btc,0.0,0.0,0.0,91
1,[],22,[],2019-06-25 06:41:53,105655.66666666667,0.00000003,0.000000000003409545,7761789,2019-06-25 06:41:53,BTC,11.46645561,0.0,0.00000003,"BTC,LTC",311714.4683191416,0.0,0.06677967,95
0.0000000001194534,[],4,[],2019-06-25 06:41:54,539938243.5915453,2.6279748000000002e-17,2.986732779822e-21,7761790,2019-06-25 06:41:54,ltc,10.9504507850911,0.0,0.00000022,ltc,156961828.70661703,0.0,8.487812966742345e-10,96
0,[],12,[],2019-06-25 06:41:56,0.0,0,0,7761791,2019-06-25 06:41:56,btc,36.49987924884116,0.0,0,btc,9852353.88411588,0.0,0.0,96
0,[],17,[],2019-05-03 01:12:32,0.0,0,0,7559100,2019-05-03 01:12:32,btc,0.0,0.0,0,btc,0.0,0.0,0.0,96
1,[],4,[],2019-04-14 03:32:46,1039404.33283278,0.00000038,0.000000000019245518,7293458,2019-04-14 03:32:46,btc,4.170086055365747,0.0,0.00000038,btc,3097704.34561074,0.06260606,0.1859928211030784,99
0,[],2,[],2019-01-20 23:23:55,0.0,0,0,6476914,2019-01-20 23:23:55,,0.0,0.0,0,,0.0,0.0,0.0,100
1,[],4,[],2019-06-25 06:43:56,271687.34566069,0.00001010,0.00000000114788015,7761792,2019-06-25 06:43:56,btc,7.147481319514549,0.0,0.00001010,btc,169176.00029921,0.16373015,0.2566088749427339,100
1,[],22,[],2019-06-05 06:30:35,150000.0,0.00000002,0.000000000001558192,7740007,2019-06-05 06:30:35,BTC,28.56386409,0.0,0.00000002,BTC,12787.719,0.0,0.0017,101
1,[],4,[],2019-06-25 06:43:57,542420.60296949,0.00000160,0.0000000001818424,7761793,2019-06-25 06:43:57,btc,882.5856511945669,0.0,0.00000160,btc,739185.08360088,0.00937393,0.0949249168388272,103
1,[],12,[],2019-06-17 14:32:14,179201505.10870332,0.000000005,0.00000000000046457,7740154,2019-06-17 14:32:14,btc,113577.79366343976,0.0,0.000000005,btc,79148141.67831126,0.019059029059,0.27280986350611003,105
1,[],27,[],2019-06-17 14:32:19,18306828.03496503,0.00000002,0.00000000000185828,7740155,2019-06-17 14:32:19,btc,180.7198218385489,1083.96503497,0.00000002,btc,276513.60142659,7.588e-05,0.3661365606993006,105
1,[],22,[],2019-04-21 00:17:26,21333.0,0.00000001,0.000000000000532493,7385819,2019-04-21 00:17:26,BTC,51.38182867,0.0,0.00000001,BTC,470435.0,0.0,0.00021333,107
1,[],26,[],2019-04-21 00:17:26,0.0,0.00000000,0,7385820,2019-04-21 00:17:26,btc,0.0,0.0,0.00000000,btc,0.0,0.0,0.0,107
1,[],5,[],2019-06-25 06:44:01,0.0,0,0,7761794,2019-06-25 06:44:01,btc,0.0,0.0,0,btc,0.0,0.0,0.0,112
0,[],22,[],2019-06-25 06:44:03,0.0,0,0,7761795,2019-06-25 06:44:03,,6.79500102,0.0,0,,3375892.0833333335,0.0,0.0,112
1,[],27,[],2019-06-25 06:44:11,1.0,0.00000001,0.000000000001136515,7761796,2019-06-25 06:44:11,btc,1.14885,0.0,0.00000001,"btc,eth",39.0,0.0,1e-08,112
1,[],4,[],2019-06-25 06:44:12,1012283.01468697,0.00000062,0.00000000007046393,7761797,2019-06-25 06:44:12,btc,4.928892274221083,0.0,0.00000062,btc,894444.67699826,0.02218547,0.2061203652507639,113
1,[],5,[],2019-06-25 06:44:14,0.0,0,0,7761798,2019-06-25 06:44:14,btc,0.0,0.0002604,0,btc,0.0,0.0,0.0,113
1,[],17,[],2019-04-26 02:17:47,162738.278,0.00000004,0.0000000000021069000000000002,7461287,2019-04-26 02:17:47,btc,1.3331140273775473,0.0,0.00000004,btc,51796.221,0.0,0.00230953112,116
1,[],27,[],2019-05-22 05:13:01,210000.0,0.00000001,0.00000000000079145,7666372,2019-05-22 05:13:01,btc,3919.0005001478,0.0,0.00000001,btc,128660.871,0.0,0.0021,116
1,[],4,[],2019-05-21 22:31:11,138169.03963019,0.00000701,0.000000000558364025,7664793,2019-05-21 22:31:11,btc,150.95388250938234,0.0,0.00000701,btc,344631.17141974,0.07552974,0.4288357684941946,120
1,[],7,[],2019-05-21 22:31:12,3901.07750076,0.000010679999999999999389654892212320191902108490467071533203125,0.0000000008506887,7664794,2019-05-21 22:31:12,btc,231188.94669936574,0.0,0.000010679999999999999389654892212320191902108490467071533203125,btc,4133.83151364,0.0,0.0113888422364489,120
1,[],20,[],2019-04-07 18:42:29,1914137.0852,0.000000035,0.0000000000017871910000000002,7211992,2019-04-07 18:42:29,btc,32.2497668025648,25528.85,0.000000035,btc,1001975.4986,0.00089350975,0.0152723574729,125
1,[],22,[],2019-06-17 14:32:38,10000.0,0.00000001,0.00000000000092914,7740161,2019-06-17 14:32:38,BTC,0.032061,0.0,0.00000001,BTC,299316.7611111111,0.0,0.0001,126
1,[],4,[],2019-06-25 06:44:14,949364.88543807,0.00000320,0.0000000003636848,7761799,2019-06-25 06:44:14,btc,2.40089680095774,0.0,0.00000320,btc,179261.4606826,0.09547607,0.6328343246500342,131
0,[],2,[],2019-01-20 23:25:46,0.0,0,0,6476969,2019-01-20 23:25:46,,0.0,0.0,0,,0.0,0.0,0.0,131
1,[],17,[],2019-05-03 01:13:10,10000.0,0.00000001,0.000000000000548003,7559115,2019-05-03 01:13:10,btc,0.0953976503951408,0.0,0.00000001,btc,5037.62507334,0.0,0.0001,131
1,[],4,[],2019-06-17 14:32:42,4848.49465417,0.00007919,0.00000000735785966,7740163,2019-06-17 14:32:42,btc,0.9905723729472744,0.0,0.00007919,btc,202.13055914,0.0,0.0061509344290166,135
1,[],3,[],2019-06-05 06:33:11,40600.27748212,0.00000001,0.000000000000779096,7740019,2019-06-05 06:33:11,btc,0.2308097808993716,2146378.52189,0.00000001,btc,2477992.76904676,0.0,0.0004060027748212,136
1,[],4,[],2019-06-25 06:46:16,707538.87510293,0.00000170,0.00000000019320755,7761800,2019-06-25 06:46:16,btc,113.11494102761323,0.0,0.00000170,btc,534160.11866286,0.01457787,0.3523728410113076,137
1,[],12,[],2019-06-25 06:46:17,67823.8907221,0.000001610000000000000043611490287143173105732785188592970371246337890625,0.000000000182978915,7761801,2019-06-25 06:46:17,btc,80.24187624408621,0.0,0.000001610000000000000043611490287143173105732785188592970371246337890625,btc,83175.92097078,3.2e-06,0.0166650199999541,137
1,[],4,[],2019-06-25 06:46:18,477402.13863993,0.00001185,0.000000001346770275,7761802,2019-06-25 06:46:18,btc,5.710585276991279,0.0,0.00001185,btc,179750.27873287,0.14172032,0.4461367124403624,142
1,[],5,[],2019-06-25 06:46:19,0.0,0,0,7761803,2019-06-25 06:46:19,btc,0.0,0.00211074,0,btc,0.0,0.0,0.0,142
1,[],20,[],2019-06-25 06:48:21,264463.1944,0.00001091,0.000000001239937865,7761804,2019-06-25 06:48:21,btc,1.6108701316361,0.0,0.00001091,btc,10067.362,0.0,0.0075421800752,142
1,[],22,[],2019-06-25 06:48:24,10620.0,0.00000200,0.000000000227303,7761805,2019-06-25 06:48:24,BTC,2.99759384,0.0,0.00000200,BTC,835.7198755539798,0.0,0.0041672,142
0.0,[],25,[],2019-06-25 06:48:25,0.0,0,0,7761806,2019-06-25 06:48:25,,0.0,0.0,0.0,btc,0.0,0.0,0.0,142
0,[],28,[],2019-06-25 06:48:27,0.0,0,0,7761807,2019-06-25 06:48:27,,0.0,0.0,0,,0.0,0.0,0.0,142
1,[],17,[],2019-05-03 01:13:16,32967.38636364,0.00000088,0.000000000048224264,7559122,2019-05-03 01:13:16,btc,20.06976206696776,0.0,0.00000088,btc,2746.079105,0.0,0.0105613000000032,142
0,[],22,[],2019-06-25 06:48:29,0.0,0,0,7761808,2019-06-25 06:48:29,,1635.98618676,0.0,0,,788450755.3,0.0,0.0,143
0,[],22,[],2019-02-25 15:42:22,0.0,0,0,6783783,2019-02-25 15:42:22,,4.2131946,0.0,0,,2322156.0,0.0,0.0,146
,[],22,[],2018-11-20 23:01:11,0.0,0,0,4862114,2018-11-20 23:01:11,,2.56807021,0.0,,,61828.4988236,0.0,0.0,147
1,[],12,[],2019-04-21 06:38:04,193091.5971266,0.00000071,0.000000000037635183,7388679,2019-04-21 06:38:04,btc,2.301232411611175,0.0,0.00000071,btc,9957.48302385,0.00023528,0.0313308199999888,148
1,[],4,[],2019-03-19 21:31:25,255810.0415942,0.00000029,0.000000000011615747,6982695,2019-03-19 21:31:25,btc,218.94922712414143,0.0,0.00000029,btc,793529.37642722,0.00117,0.0608347789473395,152
0,[],22,[],2019-03-19 21:31:27,0.0,0,0,6982696,2019-03-19 21:31:27,,0.0,0.0,0,,0.0,0.0,0.0,152
1,[],5,[],2019-04-26 09:36:59,0.0,0,0,7465040,2019-04-26 09:36:59,btc,0.0,0.0,0,btc,0.0,0.0,0.0,153
,[],16,[],2019-01-11 15:38:59,0.0,0,0,6366141,2019-01-11 15:38:59,btc,0.0,0.0,,btc,0.0,0.0,0.0,155
0,[],23,[],2019-01-20 23:24:29,0.0,0,0,6476932,2019-01-20 23:24:29,,0.0,0.0,0,,0.0,0.0,0.0,156
0,[],22,[],2019-06-04 06:02:09,0.0,0,0,7734688,2019-06-04 06:02:09,,7.43375324,0.0,0,,5955762.942592593,0.0,0.0,156
1,[],22,[],2019-06-25 06:48:34,6996.0,0.00000001,0.000000000001136515,7761809,2019-06-25 06:48:34,BTC,1.7543039,0.0,0.00000001,BTC,57.0,0.0,6.996e-05,157
0,[],22,[],2019-05-21 23:40:32,0.0,0,0,7665049,2019-05-21 23:40:32,,50234.60468402,0.0,0,,54786159.03179465,0.0,0.0,158
,[],17,[],2018-11-20 22:56:10,0.0,0,0,4861976,2018-11-20 22:56:10,btc,1.1265625,0.0,,btc,1000.0,0.0,0.0,159
,[],20,[],2018-11-20 22:56:12,0.0,0,0,4861977,2018-11-20 22:56:12,btc,11912.7940471,0.0,,btc,34413894.3617,0.0,0.0,159
1,[],12,[],2019-05-24 02:51:20,9178.522006449999,0.00000191999999999999982841307998027158276954651228152215480804443359375,0.000000000151222656,7676256,2019-05-24 02:51:20,btc,149.80414728631675,0.0,0.00000191999999999999982841307998027158276954651228152215480804443359375,btc,1115.7451448499999,0.01783167678326,0.0120075778999181,168
1,[],17,[],2019-05-03 01:13:36,42852.0,0.00000002,0.000000000001096006,7559132,2019-05-03 01:13:36,btc,0.04279856251542,0.0,0.00000002,btc,274.46171372,0.0,0.00052852,168
1,[],22,[],2019-05-17 03:01:52,10.0,0.00000001,0.000000000000778341,7642059,2019-05-17 03:01:52,BTC,41.95893009,0.0,0.00000001,BTC,1753972.7737547632,0.0,1e-07,169
1,[],22,[],2019-05-30 08:38:18,202834.0,0.00000002,0.0000000000017416160000000001,7711049,2019-05-30 08:38:18,BTC,27.87002826,0.0,0.00000002,BTC,462189.5410507793,0.0,0.00211768,171
1,[],22,[],2019-05-29 08:05:18,349870.0,0.00000002,0.000000000001705894,7705265,2019-05-29 08:05:18,BTC,24.05907723,0.0,0.00000002,"BTC,LTC",1224285.4355616204,0.0,0.0039847,173
1,[],5,[],2019-06-25 06:48:35,0.0,0,0,7761810,2019-06-25 06:48:35,btc,0.0,0.00041797,0,btc,0.0,0.0,0.0,175
1,[],22,[],2019-06-17 14:33:12,90671.0,0.00000001,0.00000000000092914,7740175,2019-06-17 14:33:12,BTC,394.35459412,0.0,0.00000001,BTC,136275.61833431243,0.0,0.00090671,176
1,[],7,[],2019-06-25 06:48:36,0.0,0,0,7761811,2019-06-25 06:48:36,btc,522525.9315045951,0.0,0,btc,27133622.41786136,0.0,0.0,178
0,[],22,[],2019-06-25 06:48:38,0.0,0,0,7761812,2019-06-25 06:48:38,,1.00242428,0.0,0,,57512.0,0.0,0.0,178
0,[],2,[],2019-01-20 23:28:34,0.0,0,0,6477001,2019-01-20 23:28:34,,0.0,0.0,0,,0.0,0.0,0.0,178
1,[],5,[],2019-06-25 06:48:39,0.0,0,0,7761813,2019-06-25 06:48:39,btc,0.0,0.0,0,btc,0.0,0.0,0.0,179
0,[],22,[],2019-06-25 06:48:42,0.0,0,0,7761814,2019-06-25 06:48:42,,5.31753917,0.0,0,,14450788.311946675,0.0,0.0,179
0,[],23,[],2019-01-20 23:25:08,0.0,0,0,6476952,2019-01-20 23:25:08,,0.0,0.0,0,,0.0,0.0,0.0,179
1,[],22,[],2019-06-25 06:50:46,686670.6998251749,0.00000065,0.000000000073873475,7761815,2019-06-25 06:50:46,BTC,40.6094959,0.0,0.00000065,"BTC,LTC",160197.1247834792,0.00395574,0.56947744,180
1,[],26,[],2019-06-25 06:50:46,0.0,0.00000010,0.00000000001136515,7761816,2019-06-25 06:50:46,btc,0.0,0.0,0.00000010,btc,0.0,0.0,0.0,180
1,[],17,[],2019-05-03 01:13:56,20504.725000000002,0.0000001,0.00000000000548003,7559141,2019-05-03 01:13:56,btc,5.2010695838400265,0.0,0.0000001,btc,5033.45945,0.0,0.0011504725,180
,[],7,[],2018-11-20 22:58:01,562227.975654,0.00000085,0.000000000036176765,4862015,2018-11-20 22:58:01,btc,21836.6059674,2491.87645172,,btc,749999.041456,0.00211021,0.127565380455,183
,[],5,[],2019-01-10 08:11:41,0.0,0,0,6347036,2019-01-10 08:11:41,btc,82.15055501,0.00261,,btc,1.19002445,0.0,0.0,187
,[],17,[],2018-11-16 20:58:10,4062536.27273,0.00000001,0.000000000000550501,4708775,2018-11-16 20:58:10,btc,3.36492563466,0.195460381006,,"btc,eth",110697919.549,0.0,0.0157628953496,187
1,[],24,[],2019-05-22 21:04:52,0.0,0.000000000014,0.0000000000000010960978,7670219,2019-05-22 21:04:52,btc,0.0,0.0,0.000000000014,btc,0.0,0.0,0.0,187
0,[],22,[],2019-04-25 02:54:07,0.0,0,0,7447896,2019-04-25 02:54:07,,7.54794454,0.0,0,,76361.7243344055,0.0,0.0,191
0,[],22,[],2019-06-17 14:33:34,0.0,0,0,7740182,2019-06-17 14:33:34,,0.0,0.0,0,,0.0,0.0,0.0,197
0,[],23,[],2019-01-20 23:31:41,0.0,0,0,6477079,2019-01-20 23:31:41,,0.0,0.0,0,,0.0,0.0,0.0,199
0,[],22,[],2019-06-25 06:50:49,0.0,0,0,7761817,2019-06-25 06:50:49,,10.58263174,0.0,0,,84280969.0,0.0,0.0,199
1,[],26,[],2019-06-25 06:50:49,0.0,0.00000000,0,7761818,2019-06-25 06:50:49,btc,0.0,0.0,0.00000000,btc,0.0,0.0,0.0,199
0,[],2,[],2019-01-20 23:30:49,0.0,0,0,6477059,2019-01-20 23:30:49,,0.0,0.0,0,,0.0,0.0,0.0,201
1,[],4,[],2019-01-25 15:51:35,2084389.58565343,0.00000936,0.000000000333526752,6499557,2019-01-25 15:51:35,btc,2.0092503037378524,0.0,0.00000936,btc,160195.80207885,0.19272417,1.242687955921835,211
1,[],7,[],2019-06-25 06:50:52,1170054124.6898527,0.00000018,0.00000000002045727,7761819,2019-06-25 06:50:52,btc,1346838.6258339162,0.0,0.00000018,btc,5739479.26464841,0.0,11.954344045954047,212
1,[],12,[],2019-01-25 02:44:32,207462.42853209,0.000001080000000000000035831255497387193287295303889550268650054931640625,0.000000000038610756000000006,6493050,2019-01-25 02:44:32,btc,85023.03793723314,0.0,0.000001080000000000000035831255497387193287295303889550268650054931640625,btc,43675.73520027,0.000146250909087,0.0348620860622024,213
1,[],5,[],2019-05-30 00:07:46,0.0,0,0,7709357,2019-05-30 00:07:46,btc,0.0,0.06425239,0,btc,0.0,0.0,0.0,213
1,[],24,[],2019-05-30 00:07:46,0.0,0.000000399202,0.0000000000344859829346,7709358,2019-05-30 00:07:46,btc,0.0,0.0,0.000000399202,btc,0.0,0.0,0.0,213
1,[],26,[],2019-05-30 00:07:47,0.0,0.00000040,0.000000000034554919999999996,7709359,2019-05-30 00:07:47,btc,0.0,0.0,0.00000040,btc,0.0,0.0,0.0,213
0,[],22,[],2019-06-25 06:50:55,0.0,0,0,7761820,2019-06-25 06:50:55,,9.56923849,0.0,0,,3661587.2040649247,0.0,0.0,216
0,[],27,[],2019-06-25 06:51:02,0.0,0,0,7761821,2019-06-25 06:51:02,,1955.7384243599577,124980.99198396,0,"btc,ltc",527083.16300795,0.001159100009752056,0.0,216
1,[],22,[],2019-06-25 06:51:05,2986848.708791209,0.00000021,0.000000000023866815,7761822,2019-06-25 06:51:05,BTC,12055.86428242,0.0,0.00000021,BTC,540797.2178421671,0.00199248,0.05627515,217
1,[],7,[],2019-06-25 06:51:06,0.0,0,0,7761823,2019-06-25 06:51:06,btc,1234912.6209040615,0.0,0,btc,89387746.47523518,0.0,0.0,219
0,[],27,[],2019-06-25 06:51:11,0.0,0,0,7761824,2019-06-25 06:51:11,,250.34372354432625,0.0,0,btc,5709879.26511325,0.0,0.0,219
0,[],28,[],2019-06-25 06:51:13,0.0,0,0,7761825,2019-06-25 06:51:13,,0.0,0.0,0,,0.0,0.0,0.0,219
0,[],22,[],2019-06-25 06:51:16,0.0,0,0,7761826,2019-06-25 06:51:16,,56.75439223,0.0,0,,184664.6482738741,0.0,0.0,221
1,[],24,[],2019-06-25 06:51:16,0.0,0.000000030000,0.000000000003409545,7761827,2019-06-25 06:51:16,btc,0.0,0.0,0.000000030000,btc,0.0,0.0,0.0,221
1,[],20,[],2019-06-17 14:34:11,26882155.8301,0.000000003,0.000000000000278742,7740192,2019-06-17 14:34:11,btc,100050.81956632523,233521.3529,0.000000003,btc,38769742.8604,0.0007925640587,0.0306863532672,224
0,[],22,[],2019-06-17 14:34:13,0.0,0,0,7740193,2019-06-17 14:34:13,,0.0,0.0,0,,0.0,0.0,0.0,224
1,[],26,[],2019-06-25 06:51:16,0.0,0.00000022,0.00000000002500333,7761828,2019-06-25 06:51:16,btc,0.0,0.0,0.00000022,btc,0.0,0.0,0.0,231
1,[],26,[],2019-06-25 06:51:17,0.0,0.00000005,0.000000000005682575,7761829,2019-06-25 06:51:17,btc,0.0,0.0,0.00000005,btc,0.0,0.0,0.0,234
0.00000000027640169999999997,[],27,[],2019-06-25 06:51:22,100.0,2.764017e-18,3.141346780755e-22,7761830,2019-06-25 06:51:22,eth,0.0,0.0,0.00000001,"btc,eth",0.0,0.0,2.764017e-16,234
1,[],4,[],2019-05-22 17:06:12,91780.56053785,0.00000078,0.000000000061977552,7669277,2019-05-22 17:06:12,btc,5.573372450018177,0.0,0.00000078,btc,729173.93529783,0.0,0.0307060663355679,236
1,[],24,[],2019-05-22 17:06:12,0.0,0.000000010000,0.000000000000794584,7669278,2019-05-22 17:06:12,btc,0.0,0.0,0.000000010000,btc,0.0,0.0,0.0,236
1,[],5,[],2019-06-25 06:51:23,0.0,0,0,7761831,2019-06-25 06:51:23,btc,0.0,1.25642065,0,btc,0.0,0.0,0.0,237
1,[],20,[],2019-06-25 06:51:25,50266572.8388,0.00000007,0.000000000007955605,7761832,2019-06-25 06:51:25,btc,8172549.227244389,13447718.1806,0.00000007,btc,41816697.696,0.9924244398069,1.1189628142728,237
1,[],22,[],2019-06-25 06:51:29,2084614.0,0.00000004,0.00000000000454606,7761833,2019-06-25 06:51:29,BTC,1.20112188,0.0,0.00000004,"BTC,LTC",14507.148717948718,0.0,0.02587451,237
1,[],4,[],2019-06-25 06:51:30,39028537.07822347,0.00000008,0.00000000000909212,7761834,2019-06-25 06:51:30,btc,2.45019955228569,0.0,0.00000008,btc,11240420.00251727,0.12905186,0.7514799933192507,238
1,[],5,[],2019-06-25 06:51:31,0.0,0,0,7761835,2019-06-25 06:51:31,btc,0.0,0.07659662,0,btc,0.0,0.0,0.0,238
0,[],22,[],2019-03-12 16:49:32,0.0,0,0,6914458,2019-03-12 16:49:32,,0.40415746,0.0,0,,526736.5639027493,0.0,0.0,249
0,[],22,[],2019-05-28 23:53:45,0.0,0,0,7703643,2019-05-28 23:53:45,,13.44714864,0.0,0,,43777534.3426455,0.0,0.0,252
0,[],28,[],2019-06-25 06:51:33,0.0,0,0,7761836,2019-06-25 06:51:33,,0.0,0.0,0,,0.0,0.0,0.0,256
1,[],22,[],2019-06-25 06:51:36,546343.0,0.00000001,0.000000000001136515,7761837,2019-06-25 06:51:36,BTC,31464.57209997,0.0,0.00000001,BTC,1031955.2230878276,5.572e-05,0.00546343,258
1,[],22,[],2019-05-19 18:12:02,400.0,0.00000001,0.0000000000007957800000000001,7653905,2019-05-19 18:12:02,BTC,2.415167,0.0,0.00000001,BTC,157.0,0.0,4e-06,259
1,[],5,[],2019-06-25 06:51:38,0.0,0,0,7761838,2019-06-25 06:51:38,btc,0.0,0.02626043,0,btc,0.0,0.0,0.0,264
1,[],20,[],2019-06-25 06:51:40,938408.9767,0.000000322,0.000000000036595783,7761839,2019-06-25 06:51:40,btc,1.1596783193641,19646.3726,0.000000322,btc,68365.6481,0.0117237655439,0.0055000082978,264
0,[],22,[],2019-04-12 17:57:27,0.0,0,0,7278186,2019-04-12 17:57:27,,66.37522201,0.0,0,,677842.4169881374,0.0,0.0,271
0,[],22,[],2019-06-25 06:51:43,0.0,0,0,7761840,2019-06-25 06:51:43,,33050469.74148113,0.0,0,,14261527780.7,0.0,0.0,272
0,[],28,[],2019-06-25 06:51:44,0.0,0,0,7761841,2019-06-25 06:51:44,,0.0,0.0,0,,0.0,0.0,0.0,272
1,[],22,[],2019-05-23 07:12:29,219930.0,0.00000004,0.000000000003048688,7671985,2019-05-23 07:12:29,BTC,426.77835217,0.0,0.00000004,BTC,248664.3325962929,0.0,0.00739728,281
1,[],22,[],2019-06-25 06:51:48,2044591.6,0.00000002,0.00000000000227303,7761842,2019-06-25 06:51:48,BTC,4600.41803015,0.0,0.00000002,"BTC,LTC",1083353.8038598758,0.00051305,0.0251965,286
0,[],22,[],2019-06-17 14:34:53,0.0,0,0,7740207,2019-06-17 14:34:53,,7337915.80475575,0.0,0,,2078527309.6797826,0.0,0.0,294
