pairValue,buyBook,exchangeId,sellBook,updated,buyTotal,satoshiPrice,usdPrice,exchangeLogId,created,bestPair,sellTotalBtc,volume,pairPrice,activePairs,sellTotal,volumeBtc,buyTotalBtc,coinId
1,[],3,[],2019-06-21 01:42:16,32260.467372586405,0.010502799999999999636113301448858692310750484466552734375,0.000001015346636919999924930963363,7746950,2019-06-21 01:42:16,btc,10.132051440151209,58.9282461332,0.010502799999999999636113301448858692310750484466552734375,btc,19.834307538421,0.0,0.45901107419290105,1
1,[],4,[],2019-06-21 01:42:16,207847.44583383,0.01108003,0.000001071149712216999957916932097,7746951,2019-06-21 01:42:16,btc,17.603753899256454,0.0,0.01108003,btc,995.49284491,27.34556458,1.2143513703237925,1
1,[],5,[],2019-06-21 01:42:19,0.0,0,0,7746952,2019-06-21 01:42:19,btc,0.0,0.08693158,0,btc,0.0,0.0,0.0,1
1,[],10,[],2019-06-21 01:42:21,314597.54137603,0.00450727,0.00000043573536925299995,7746953,2019-06-21 01:42:21,btc,6511.5212076198595,1565.86666022,0.00450727,btc,1249.27087367,0.0,1.9714777877462337,1
1,[],12,[],2019-06-21 01:42:24,96.76717714,0.0110699999999999999789057625321220257319509983062744140625,0.000001070180072999999955915764842,7746954,2019-06-21 01:42:24,btc,0.3367931227904,0.0,0.0110699999999999999789057625321220257319509983062744140625,btc,29.31309174,1.971503638873,0.2876099524931,1
1,[],20,[],2019-06-21 01:42:25,919.1923,0.01111,0.000001074047028999999957803103024,7746955,2019-06-21 01:42:25,btc,0.1788959848043,0.3166,0.01111,btc,13.3294,0.0036053198,0.1357738224521,1
1,[],21,[],2019-06-21 01:42:26,1795.96454971,0.01111426000000000080536466385,0.000001074458859814000035644666092,7746956,2019-06-21 01:42:26,btc,12.286353243073016,4664.74645496,0.01111426000000000080536466384728555567562580108642578125,"btc,eth",1521.67074164,48.054217048513046,15.577759297420672,1
1,[],22,[],2019-06-21 01:42:30,0.0395979803020197,0.01000001,0.000000966739966739,7746957,2019-06-21 01:42:30,BTC,0.01666796,0.0,0.01000001,BTC,0.25318100557485945,0.0,0.00021887,1
1,[],24,[],2019-06-21 01:42:32,0.0,0.000000000000,0,7746958,2019-06-21 01:42:32,btc,0.0,0.0,0.000000000000,btc,0.0,0.0,0.0,1
0.0,[],25,[],2019-06-21 01:42:32,0.0,0,0,7746959,2019-06-21 01:42:32,btc,33.599999998831805,2558.06479907,0.0,btc,2962.91683766,28.49,0.0,1
1,[],26,[],2019-06-21 01:42:35,0.0,0,0,7746960,2019-06-21 01:42:35,,0.0,0.0,0,,0.0,0.0,0.0,1
0,[],28,[],2019-06-21 01:42:37,0.0,0,0,7746961,2019-06-21 01:42:37,,0.0,0.0,0,,0.0,0.0,0.0,1
0,[],2,[],2019-01-20 23:28:45,0.0,0,0,6477011,2019-01-20 23:28:45,,0.0,0.0,0,,0.0,0.0,0.0,1
1,[],5,[],2019-06-17 14:29:02,0.0,0,0,7740076,2019-06-17 14:29:02,btc,0.0,2.72e-05,0,btc,0.0,0.0,0.0,2
1,[],22,[],2019-06-17 14:29:06,11550.3,0.0000002,0.0000000000185828,7740077,2019-06-17 14:29:06,BTC,21.00897301,0.0,0.0000002,"BTC,XMR",20678.87287795317,1.754e-05,0.00143681,2
1,[],5,[],2019-06-03 14:48:58,0.0,0,0,7731126,2019-06-03 14:48:58,btc,0.0,0.05905545,0,btc,0.0,0.0,0.0,3
1,[],12,[],2019-06-03 14:48:59,3468623.70302,0.000000116,0.000000000009823402000000002,7731127,2019-06-03 14:48:59,btc,169531.0336573751,0.0,0.000000116,btc,2361209.62379607,0.041350953071,0.33764769154428,3
0,[],28,[],2019-06-03 14:49:00,0.0,0,0,7731128,2019-06-03 14:49:00,,0.0,0.0,0,,0.0,0.0,0.0,3
0,[],2,[],2019-01-20 23:31:32,0.0,0,0,6477077,2019-01-20 23:31:32,,0.0,0.0,0,,0.0,0.0,0.0,4
1,[],4,[],2019-05-18 21:29:50,562734.9206932,0.00000010,0.000000000007298720000000001,7650946,2019-05-18 21:29:50,btc,41.9347137769675,0.0,0.00000010,btc,1123702.32192634,0.00052462,0.029254593370966,4
0,[],12,[],2019-06-02 05:03:43,0.0,0,0,7724919,2019-06-02 05:03:43,btc,625.901992874995,0.0,0,btc,1211362.4995005,0.0,0.0,5
0,[],2,[],2019-01-20 23:31:51,0.0,0,0,6477087,2019-01-20 23:31:51,,0.0,0.0,0,,0.0,0.0,0.0,6
1,[],11,[],2019-06-21 01:42:39,5375894.076736,0.00000002,0.000000000001933478,7746962,2019-06-21 01:42:39,btc,9583.531581907093,1009530.66667,0.00000002,btc,73308645.95688245,0.0,0.06758688876736,6
1,[],3,[],2019-06-21 01:42:40,12132.842132640013,0.000085259999999999993452494406742658838993520475924015045166015625,0.000000008242416714,7746963,2019-06-21 01:42:40,btc,2027.829324502347,383.237283558,0.000085259999999999993452494406742658838993520475924015045166015625,btc,394.626217825782,0.0,0.032802128456698554,7
1,[],4,[],2019-06-21 01:42:40,304248.98705754,0.00008900,0.0000000086039771,7746964,2019-06-21 01:42:40,btc,8.034707594979198,0.0,0.00008900,btc,58293.59156401,1.51464147,2.3203639144864696,7
1,[],5,[],2019-06-21 01:42:42,0.0,0,0,7746965,2019-06-21 01:42:42,btc,0.0,0.0100606,0,btc,0.0,0.0,0.0,7
1,[],20,[],2019-04-07 22:06:50,3201475.0482,0.000000001,0.000000000000051590000000000004,7213932,2019-04-07 22:06:50,btc,30.8005781811902,0.0,0.000000001,btc,23077405.3926,0.0,0.0032014750482,8
0,[],2,[],2019-01-20 23:22:42,0.0,0,0,6476876,2019-01-20 23:22:42,,0.0,0.0,0,,0.0,0.0,0.0,9
0,[],23,[],2019-01-20 23:22:48,0.0,0,0,6476878,2019-01-20 23:22:48,,0.0,0.0,0,,0.0,0.0,0.0,9
1,[],4,[],2019-06-21 01:42:44,1655085.89726334,0.00000059,0.000000000057037600999999996,7746966,2019-06-21 01:42:44,btc,3.595777437043733,0.0,0.00000059,btc,2920244.69364295,0.51573831,0.4388926672807707,9
0,[],28,[],2019-06-21 01:42:45,0.0,0,0,7746967,2019-06-21 01:42:45,,0.0,0.0,0,,0.0,0.0,0.0,9
1,[],1,[],2019-02-17 23:31:42,1822507.21,0.00000181000000000000003456111265232042484285557293333113193511962890625,0.000000000066086901,6701244,2019-02-17 23:31:42,btc,3.6990969245,17153386.5,0.00000181000000000000003456111265232042484285557293333113193511962890625,btc,1997391.71,31.11772986,3.2610482446,9
1,[],4,[],2019-02-17 11:22:43,4341674.27126056,0.00000002,0.0000000000007272960000000001,6696112,2019-02-17 11:22:43,btc,0.1997230937751353,0.0,0.00000002,btc,4109766.79808031,0.00215132,0.0479381022052112,10
0,[],2,[],2019-01-20 23:23:08,0.0,0,0,6476890,2019-01-20 23:23:08,,0.0,0.0,0,,0.0,0.0,0.0,12
1,[],4,[],2019-06-21 01:42:47,41366841.73601944,0.00000028,0.000000000027068691999999998,7746968,2019-06-21 01:42:47,btc,7.658533435171888,0.0,0.00000028,btc,9040671.50602909,1.34331743,1.5737391856430412,12
1,[],5,[],2019-06-21 01:42:49,0.0,0,0,7746969,2019-06-21 01:42:49,btc,0.0,0.01048536,0,btc,0.0,0.0,0.0,12
0.0,[],25,[],2019-06-21 01:42:50,0.0,0,0,7746970,2019-06-21 01:42:50,,0.0,0.0,0.0,btc,0.0,0.0,0.0,12
1,[],4,[],2019-06-21 01:42:51,447158.42451336,0.00000384,0.000000000371227776,7746971,2019-06-21 01:42:51,btc,1.9076820426912122,0.0,0.00000384,btc,299055.35170309,0.51765329,0.2952412716132225,13
1,[],10,[],2019-06-21 01:42:54,653930.87531549,0.00000369,0.00000000035672669099999995,7746972,2019-06-21 01:42:54,btc,666797.3583447253,35189.9828335,0.00000369,btc,884402.44541036,0.0,0.3361223880182422,13
1,[],21,[],2019-06-21 01:42:55,3185179.76098826,0.000003819999999999999848313610856,0.00000000036929429799999996,7746973,2019-06-21 01:42:55,btc,3.335844895134952,606634.98801598,0.0000038199999999999998483136108562430166557533084414899349212646484375,btc,705764.18748819,2.36569008,3.088020737400462,13
1,[],26,[],2019-06-21 00:56:36,0.0,0.00000050,0.00000000004793665,7746851,2019-06-21 00:56:36,btc,0.0,0.0,0.00000050,btc,0.0,0.0,0.0,14
1,[],4,[],2019-06-21 01:42:56,1204540.22669697,0.00000070,0.00000000006767173,7746974,2019-06-21 01:42:56,btc,9.881525929283608,0.0,0.00000070,btc,900638.14133264,0.22976509,0.2158326552183176,14
1,[],12,[],2019-06-21 01:42:57,215168.56610066,0.00000054,0.000000000052203906,7746975,2019-06-21 01:42:57,btc,184.2525162334589,0.0,0.00000054,btc,26727.76056848,0.000233555245,0.015229199999972099,14
0,[],17,[],2019-05-03 00:53:32,0.0,0,0,7558876,2019-05-03 00:53:32,btc,0.0,0.0,0,btc,0.0,0.0,0.0,14
0,[],4,[],2019-06-21 00:56:37,0.0,0,0,7746852,2019-06-21 00:56:37,,0.0,0.0,0,,0.0,0.0,0.0,15
,[],12,[],2018-12-01 15:15:48,204241.84496,0.00000489,0.000000000202473384,5260204,2018-12-01 15:15:48,btc,49.5475654835,0.0,,btc,35763.2193806,0.0163153972027625,0.0203389899998,15
1,[],4,[],2019-06-21 00:56:39,33567.32080781,0.00000992,0.000000000951063136,7746853,2019-06-21 00:56:39,btc,2.480651717777608,0.0,0.00000992,btc,19172.10416213,0.03142782,0.064252808828571,18
1,[],10,[],2019-06-21 00:56:42,275213.12822244,0.00001019,0.000000000976948927,7746854,2019-06-21 00:56:42,btc,14.881585791194256,11980.9027702,0.00001019,btc,9664.6381241,0.0,0.1254951607027504,18
1,[],12,[],2019-06-21 00:56:43,2684.05226116,0.000011029999999999999426756290554774153633843525312840938568115234375,0.000000001057482499,7746855,2019-06-21 00:56:43,btc,0.536829924113643,0.0,0.000011029999999999999426756290554774153633843525312840938568115234375,btc,1909.21651369,1.764753e-06,0.0067634993228933,18
0,[],2,[],2019-01-20 23:23:38,0.0,0,0,6476906,2019-01-20 23:23:38,,0.0,0.0,0,,0.0,0.0,0.0,18
0,[],17,[],2019-05-03 00:53:39,0.0,0,0,7558882,2019-05-03 00:53:39,btc,0.0,0.0,0,btc,0.0,0.0,0.0,18
1,[],3,[],2019-06-21 00:58:43,156298.28659804736,0.000009419999999999999594903037081206065295191365294158458709716796875,0.000000000903126486,7746856,2019-06-21 00:58:43,btc,193.7548557737438,13763.6655173,0.000009419999999999999594903037081206065295191365294158458709716796875,btc,21143.74020995027,0.0,0.07760723134865538,19
1,[],4,[],2019-06-21 00:58:44,313441.77591345,0.00001064,0.000000001020091912,7746857,2019-06-21 00:58:44,btc,7.182008936727608,0.0,0.00001064,btc,277568.5480475,0.99936475,1.373353547630519,19
1,[],5,[],2019-06-21 00:58:45,0.0,0,0,7746858,2019-06-21 00:58:45,btc,0.0,0.01277807,0,btc,0.0,0.0,0.0,19
1,[],12,[],2019-06-21 00:58:47,109038.22237949,0.0000070199999999999997035075686990790444497179123573005199432373046875,0.000000000673030566,7746859,2019-06-21 00:58:47,btc,0.3665731345426088,0.0,0.0000070199999999999997035075686990790444497179123573005199432373046875,btc,2973.67008334,0.0,0.0199374313762282,19
0,[],27,[],2019-06-21 00:58:52,0.0,0,0,7746860,2019-06-21 00:58:52,,0.0,0.0,0,btc,0.0,0.0,0.0,19
0,[],2,[],2019-01-20 23:24:19,0.0,0,0,6476924,2019-01-20 23:24:19,,0.0,0.0,0,,0.0,0.0,0.0,19
1,[],4,[],2019-06-21 00:58:53,10272909.76234555,0.00000007,0.0000000000067111310000000005,7746861,2019-06-21 00:58:53,btc,6.348245540882756,0.0,0.00000007,btc,2170107.62874019,0.00249125,0.1288015882711679,20
0,[],4,[],2019-06-21 00:58:54,0.0,0,0,7746862,2019-06-21 00:58:54,,5361.606618313019,0.0,0,,83480438.74358559,0.0,0.0,21
0,[],12,[],2019-06-21 00:58:55,0.0,0,0,7746863,2019-06-21 00:58:55,btc,2603.6054855646153,0.0,0,btc,7545308.25974023,7.056943e-05,0.0,21
0,[],17,[],2019-05-03 00:53:51,0.0,0,0,7558891,2019-05-03 00:53:51,btc,0.0,0.0,0,btc,0.0,0.0,0.0,21
1,[],12,[],2019-06-21 01:00:56,5167698329.277,0.0000000004,0.000000000000038349320000000004,7746864,2019-06-21 01:00:56,btc,1426620268556.6677,0.0,0.0000000004,btc,2419016775.113889,0.056267321595,1.2264776783108002,23
0.0000000002852364,[],27,[],2019-06-21 01:01:01,62327134.0257543,8.557092e-18,8.203966484436e-22,7746865,2019-06-21 01:01:01,eth,1049.003485311948,358942412.94295377,0.00000003,eth,5046371.24779221,3.071503250742996e-09,2.2540373364695088e-10,23
1,[],4,[],2019-06-21 01:01:02,6067562.90663314,0.00000016,0.000000000015339728,7746866,2019-06-21 01:01:02,btc,10.262015698666305,0.0,0.00000016,btc,1772459.71227116,0.00010102,0.1294603275800017,24
0,[],22,[],2019-06-21 01:01:05,0.0,0,0,7746867,2019-06-21 01:01:05,,6.22e-05,0.0,0,,517.4264705882352,0.0,0.0,24
0.0,[],25,[],2019-06-21 01:01:06,0.0,0,0,7746868,2019-06-21 01:01:06,,0.0,0.0,0.0,btc,0.0,0.0,0.0,24
1,[],4,[],2019-06-21 01:01:07,26946559.97244618,0.00000452,0.000000000433347316,7746869,2019-06-21 01:01:07,btc,11.573518270606549,0.0,0.00000452,btc,215424.55200064,0.16166525,0.4849657703817343,26
1,[],10,[],2019-06-21 01:01:09,222958.49500161,0.00000347,0.000000000332680351,7746870,2019-06-21 01:01:09,btc,25.266680557169618,8119.77022772,0.00000347,btc,19881.28046896,0.0,0.0525229270772483,26
0,[],2,[],2019-01-20 23:25:56,0.0,0,0,6476976,2019-01-20 23:25:56,,0.0,0.0,0,,0.0,0.0,0.0,26
1,[],5,[],2019-04-26 09:47:06,0.0,0,0,7465326,2019-04-26 09:47:06,btc,0.0,0.0,0,btc,0.0,0.0,0.0,27
1,[],3,[],2019-06-17 14:30:26,13571825.64059417,0.00000001,0.00000000000092914,7740112,2019-06-17 14:30:26,btc,3.485049956644059,4264730.43754,0.00000001,btc,23500048.28518193,0.0,0.1357182564059417,27
1,[],11,[],2019-06-17 14:30:28,2031833.58157834,0.00000001,0.00000000000092914,7740113,2019-06-17 14:30:28,btc,67502.92060589766,32677.9652116,0.00000001,btc,6487362.95640949,0.0,0.0203183358157834,27
1,[],4,[],2019-06-21 01:01:10,1000184788.797421,0.00000001,0.000000000000958733,7746871,2019-06-21 01:01:10,btc,6.16346007302002,0.0,0.00000001,"btc,ltc",406518784.72011566,0.02040983,6.328429289438485,29
1,[],7,[],2019-06-21 01:01:12,88246545.39145988,0.00000001,0.000000000000958733,7746872,2019-06-21 01:01:12,btc,46548272.35423474,0.0,0.00000001,btc,44569950.98844044,0.0,0.8824654539145989,29
1,[],4,[],2019-06-21 01:01:12,15675720.15331459,0.00000005,0.0000000000047936650000000005,7746873,2019-06-21 01:01:12,btc,2.5886069753308303,0.0,0.00000005,btc,2238109.19211373,0.00066943,0.1778346919910235,30
0,[],17,[],2019-05-03 01:11:25,0.0,0,0,7559066,2019-05-03 01:11:25,btc,0.0,0.0,0,btc,0.0,0.0,0.0,30
1,[],4,[],2019-06-21 01:03:13,213152.60072266,0.00004601,0.000000004411130533,7746874,2019-06-21 01:03:13,btc,4.194403218457321,0.0,0.00004601,btc,56011.40594305,0.45727095,0.8528582785127434,31
1,[],21,[],2019-06-21 01:03:14,76411.58150983,0.00004696999999999999921918361623,0.000000004503168901,7746875,2019-06-21 01:03:14,btc,4.8385668788755485,187169.44050357,0.0000469699999999999992191836162280793587342486716806888580322265625,btc,91426.49658225,8.81285469,3.0740445919917936,31
0,[],2,[],2019-01-20 23:28:43,0.0,0,0,6477009,2019-01-20 23:28:43,,0.0,0.0,0,,0.0,0.0,0.0,32
0,[],4,[],2019-06-21 01:03:15,0.0,0,0,7746876,2019-06-21 01:03:15,,0.0,0.0,0,,0.0,0.0,0.0,33
1,[],12,[],2019-03-30 07:55:10,40641173.964,0.00000003,0.000000000001228359,7108785,2019-03-30 07:55:10,btc,4233210.82356125,0.0,0.00000003,btc,28378394.68333462,0.0126927883965248,0.90752895892,33
0.0000000001423158,[],4,[],2019-06-21 01:03:16,148177170.54300463,6.404211e-17,6.1399284246630005e-21,7746877,2019-06-21 01:03:16,ltc,4.103483870732485,0.0,0.00000045,ltc,159832101.92215082,0.0,8.571545228282391e-10,34
1,[],5,[],2019-06-21 01:03:17,0.0,0,0,7746878,2019-06-21 01:03:17,btc,0.0,0.04108428,0,btc,0.0,0.0,0.0,34
0.0000000002926451,[],17,[],2019-05-02 18:17:47,200000.0,2.9264510000000002e-18,1.596703856561e-22,7556430,2019-05-02 18:17:47,eth,0.20942468735267253,0.0,0.00000001,"btc,eth",1018272.20243647,0.0,5.852902e-13,36
0.0000000001311821,[],4,[],2019-05-31 13:28:19,2417517744.0607657,1.311821e-18,1.105058333085e-22,7717483,2019-05-31 13:28:19,ltc,5.019900492391546e-08,0.0,0.00000001,ltc,7102398142.262129,0.0,3.171350544531538e-09,36
1,[],5,[],2019-05-31 13:28:21,0.0,0,0,7717484,2019-05-31 13:28:21,btc,0.0,0.0,0,btc,0.0,0.0,0.0,36
0.0000000003108179,[],27,[],2019-05-31 13:30:34,10388811.226876,6.216358000000001e-18,5.236566733830001e-22,7717485,2019-05-31 13:30:34,eth,1569.8708019850988,761866.634299,0.00000002,"ltc,eth",5084024.2511555,4.736034912207001e-12,3.3251980286483705e-11,36
1,[],4,[],2019-06-21 01:03:18,10417982.59492267,0.00000013,0.000000000012463529,7746879,2019-06-21 01:03:18,btc,19772.154297960005,0.0,0.00000013,btc,660159.48615073,0.00415041,0.1472501296194798,37
1,[],12,[],2019-06-21 01:03:19,5100197.21400003,0.00000013,0.000000000012463529,7746880,2019-06-21 01:03:19,btc,7.378195931648362,0.0,0.00000013,btc,1710781.45834999,0.006780353013,0.2010462321100036,37
1,[],27,[],2019-06-21 01:05:24,11304.0,0.00000019,0.000000000018215927,7746881,2019-06-21 01:05:24,btc,22.62970013895233,0.0,0.00000019,btc,4298.824295,0.0,0.00168776,37
1,[],17,[],2019-05-03 01:11:36,211752.74075282,0.00000025,0.000000000013700074999999998,7559074,2019-05-03 01:11:36,btc,0.055484923955058496,0.0,0.00000025,"btc,eth",1387.19918473,0.0,0.0005381851887916605,37
1,[],5,[],2019-06-21 01:05:26,0.0,0,0,7746882,2019-06-21 01:05:26,btc,0.0,0.70481393,0,btc,0.0,0.0,0.0,42
1,[],12,[],2019-06-21 01:05:27,173868.44766179,0.0000020200000000000001415252463832228357887288439087569713592529296875,0.00000000019366406600000001,7746883,2019-06-21 01:05:27,btc,489.6480337358755,0.0,0.0000020200000000000001415252463832228357887288439087569713592529296875,btc,124764.73753157,0.107307571908,0.0531200675901079,42
1,[],27,[],2019-06-21 01:05:34,1581.0,0.0000005,0.00000000004793665,7746884,2019-06-21 01:05:34,btc,0.07600425,0.0,0.0000005,"btc,eth",18.0,0.0,0.0005435000002996694,42
1,[],12,[],2019-03-13 09:13:29,1112112.0,0.00000001,0.000000000000386531,6919902,2019-03-13 09:13:29,btc,29058.00478931866,0.0,0.00000001,btc,5967681.93306694,9.99000999e-07,0.01112112,43
1,[],5,[],2019-04-26 22:38:52,0.0,0,0,7474154,2019-04-26 22:38:52,btc,0.0,0.02638891,0,btc,0.0,0.0,0.0,43
0,[],17,[],2019-04-26 22:38:53,0.0,0,0,7474155,2019-04-26 22:38:53,btc,0.0,0.0,0,btc,0.0,0.0,0.0,43
1,[],12,[],2019-03-05 01:54:08,639326.02,0.00000004,0.000000000001486676,6845775,2019-03-05 01:54:08,btc,11116042.728239931,0.0,0.00000004,btc,1103841.4595604,0.0003330765234764,0.014975410599999999,44
0.0000000001423158,[],4,[],2019-06-21 01:05:35,106449677.94209215,4.8387372000000003e-17,4.6390570319676005e-21,7746885,2019-06-21 01:05:35,ltc,1601.9218146952298,0.0,0.00000034,ltc,26401744.75317553,0.00296734,6.745231836167105e-10,49
0.0000000001423158,[],4,[],2019-06-21 01:05:35,313888178.6168062,2.846316e-17,2.7288570776280004e-21,7746886,2019-06-21 01:05:35,ltc,26727.845976817713,0.0,0.0000002,ltc,174929907.91566768,0.0,2.627579281471088e-09,52
0,[],22,[],2019-06-21 01:05:38,0.0,0,0,7746887,2019-06-21 01:05:38,,10289.79884133,0.0,0,,286158287.4566013,0.0,0.0,57
0,[],27,[],2019-06-21 01:05:44,0.0,0,0,7746888,2019-06-21 01:05:44,,0.0,0.0,0,"btc,eth",0.0,0.0,0.0,57
0,[],4,[],2019-06-21 01:05:47,0.0,0,0,7746889,2019-06-21 01:05:47,,19.717818105066794,0.0,0,,5745549042.941043,0.0001,0.0,58
1,[],12,[],2019-06-21 01:05:48,885303940.1,0.0000000001,0.000000000000009587330000000001,7746890,2019-06-21 01:05:48,btc,34236913.19690755,0.0,0.0000000001,btc,2686267542.668288,0.000886374637,0.08853039401,58
0.0000000001109922,[],22,[],2019-06-21 01:07:51,126877.0,1.109922e-18,1.064118848826e-22,7746891,2019-06-21 01:07:51,XMR,68.17454206,0.0,0.00000001,XMR,9626402.6,0.0,0.00126877,58
1,[],17,[],2019-05-03 01:12:09,1200000.0,0.0000000001,0.00000000000000548003,7559085,2019-05-03 01:12:09,btc,1e+24,0.0,0.0000000001,"btc,eth",39516342.31952568,0.0,0.00010000000058666061,58
1,[],5,[],2019-06-17 14:31:27,0.0,0,0,7740135,2019-06-17 14:31:27,btc,0.0,0.00079154,0,btc,0.0,0.0,0.0,61
1,[],22,[],2019-06-17 14:31:30,13612.833333333334,0.00000012,0.00000000001114968,7740136,2019-06-17 14:31:30,BTC,1002.29123003,0.0,0.00000012,BTC,15014.200177125656,0.0,0.00153257,61
1,[],26,[],2019-06-17 14:31:30,0.0,0.00000050,0.000000000046457,7740137,2019-06-17 14:31:30,btc,0.0,0.0,0.00000050,btc,0.0,0.0,0.0,61
1,[],27,[],2019-06-17 14:31:36,8400.0,0.00000018,0.00000000001672452,7740138,2019-06-17 14:31:36,btc,1.9742539297246655,0.0,0.00000018,"btc,eth",10953.51663696,0.0,0.001512,61
0,[],28,[],2019-06-17 14:31:38,0.0,0,0,7740139,2019-06-17 14:31:38,,0.0,0.0,0,,0.0,0.0,0.0,61
1,[],4,[],2019-06-21 01:07:52,962168.85723179,0.00000082,0.000000000078616106,7746892,2019-06-21 01:07:52,btc,3.418976750574967,0.0,0.00000082,btc,1217777.84688927,0.44129786,0.5687525061184098,67
0.0,[],25,[],2019-06-21 01:07:53,0.0,0,0,7746893,2019-06-21 01:07:53,,0.0,0.0,0.0,btc,0.0,0.0,0.0,67
1,[],12,[],2019-06-02 06:23:14,910048.355,0.00000006,0.000000000005154929999999999,7725270,2019-06-02 06:23:14,btc,5.167005424215783,0.0,0.00000006,btc,738530.60239759,0.003159757462,0.0187188113,71
,[],5,[],2018-11-20 23:02:39,1.5e-07,0.00000005,0.000000000002128045,4862160,2018-11-20 23:02:39,btc,2.84511358,0.0,,btc,0.00036572,0.0,0.07381892,74
1,[],5,[],2019-06-21 01:07:55,0.0,0,0,7746894,2019-06-21 01:07:55,btc,0.0,0.01087854,0,btc,0.0,0.0,0.0,75
1,[],4,[],2019-06-04 03:25:15,715281.46076168,0.00000001,0.000000000000803619,7734085,2019-06-04 03:25:15,btc,581089.6218469425,0.0,0.00000001,btc,37692563.61091116,0.0,0.0071528146076168,81
0,[],20,[],2019-01-25 09:30:31,0.0,0,0,6495923,2019-01-25 09:30:31,btc,0.0,0.0,0,btc,0.0,0.0,0.0,81
1,[],4,[],2019-06-21 01:07:56,224757.95880579,0.00009900,0.0000000094914567,7746895,2019-06-21 01:07:56,btc,57.00600678341436,0.0,0.00009900,btc,112130.14494853,1.40366477,0.2594991083280238,82
1,[],21,[],2019-06-21 01:07:56,74296.78914888,0.00009610999999999999968483543888,0.000000009214382863,7746896,2019-06-21 01:07:56,btc,7.401704424336214,38339.26428958,0.0000961099999999999996848354388845336870872415602207183837890625,btc,59089.09961838,3.77466795,5.432698268931582,82
0,[],17,[],2019-03-25 22:42:34,0.0,0,0,7038780,2019-03-25 22:42:34,btc,0.0445064681804024,0.0,0,btc,995513.18476001,0.0,0.0,84
0.0000000001161485,[],4,[],2019-05-20 13:09:39,216715621.0206096,1.161485e-18,9.0533806701e-23,7657228,2019-05-20 13:09:39,ltc,1.6511566870244727,0.0,0.00000001,ltc,471032407.9048656,0.0,2.5171194308112273e-10,85
,[],22,[],2018-11-20 23:09:34,3408.1,0.0000001,0.0000000000041895,4862324,2018-11-20 23:09:34,BTC,0.04624735,0.0,,BTC,4990.0,0.0,0.00033081,86
1,[],22,[],2019-06-21 01:07:59,117294.0,0.00000006,0.000000000005752398,7746897,2019-06-21 01:07:59,BTC,1.81020153,0.0,0.00000006,BTC,196224.94736842104,0.0,0.00390484,87
1,[],27,[],2019-06-21 01:08:05,313713.0,0.00000012,0.000000000011504796,7746898,2019-06-21 01:08:05,btc,1.94218418326,0.0,0.00000012,btc,500743.402,0.0,0.01197659,87
,[],2,[],2018-11-20 23:10:47,0.0,0,0,4862359,2018-11-20 23:10:47,,0.0,0.0,,,0.0,0.0,0.0,88
1,[],11,[],2019-06-17 14:31:59,193715.3529613,0.000073310000000000001140094962881477158589405007660388946533203125,0.00000000681152534,7740147,2019-06-17 14:31:59,btc,168.35454702024953,5791.70569014,0.000073310000000000001140094962881477158589405007660388946533203125,btc,196971.41170107,0.0,1.1996165759440112,89
0,[],2,[],2019-01-20 23:31:45,0.0,0,0,6477083,2019-01-20 23:31:45,,0.0,0.0,0,,0.0,0.0,0.0,91
1,[],12,[],2019-06-18 02:35:48,427715.74,0.00000015,0.000000000013911045000000001,7746087,2019-06-18 02:35:48,btc,116.61022144471085,0.0,0.00000015,btc,193315.55943968,0.000180759303,0.0129558314,91
1,[],22,[],2019-06-20 20:27:07,75910.0,0.00000002,0.000000000001914908,7746207,2019-06-20 20:27:07,BTC,0.49565371,0.0,0.00000002,"BTC,LTC",6.384990670617935,0.0,0.0016592,91
0,[],17,[],2019-05-03 01:12:26,0.0,0,0,7559096,2019-05-03 01:12:26,btc,0.0,0.0,0,btc,0.0,0.0,0.0,91
1,[],22,[],2019-06-20 22:54:33,106655.66666666667,0.00000003,0.000000000002867592,7746559,2019-06-20 22:54:33,BTC,11.32322936,0.0,0.00000003,"BTC,LTC",291048.0280038263,0.0,0.06917967,95
0.0000000001423158,[],4,[],2019-06-21 01:08:06,538893254.9301962,1.9924212e-17,1.9101999543396e-21,7746899,2019-06-21 01:08:06,ltc,11.329597826224605,0.0,0.00000014,ltc,157236696.9913311,0.0,9.070218360618256e-10,96
0,[],12,[],2019-06-21 01:08:07,0.0,0,0,7746900,2019-06-21 01:08:07,btc,36.35627881071928,0.0,0,btc,9846523.071928069,0.0,0.0,96
0,[],17,[],2019-05-03 01:12:32,0.0,0,0,7559100,2019-05-03 01:12:32,btc,0.0,0.0,0,btc,0.0,0.0,0.0,96
1,[],4,[],2019-04-14 03:32:46,1039404.33283278,0.00000038,0.000000000019245518,7293458,2019-04-14 03:32:46,btc,4.170086055365747,0.0,0.00000038,btc,3097704.34561074,0.06260606,0.1859928211030784,99
1,[],4,[],2019-06-21 01:10:08,319050.42085659,0.00001311,0.000000001256898963,7746901,2019-06-21 01:10:08,btc,7.3277398109504235,0.0,0.00001311,btc,166491.61023266,0.38980252,0.85678553235905,100
0,[],2,[],2019-01-20 23:23:55,0.0,0,0,6476914,2019-01-20 23:23:55,,0.0,0.0,0,,0.0,0.0,0.0,100
1,[],22,[],2019-06-05 06:30:35,150000.0,0.00000002,0.000000000001558192,7740007,2019-06-05 06:30:35,BTC,28.56386409,0.0,0.00000002,BTC,12787.719,0.0,0.0017,101
1,[],4,[],2019-06-21 01:10:08,470036.27624963,0.00000159,0.00000000015243854700000001,7746902,2019-06-21 01:10:08,btc,553.4285748884374,0.0,0.00000159,btc,644839.87295803,0.01821931,0.148029550205527,103
1,[],12,[],2019-06-17 14:32:14,179201505.10870332,0.000000005,0.00000000000046457,7740154,2019-06-17 14:32:14,btc,113577.79366343976,0.0,0.000000005,btc,79148141.67831126,0.019059029059,0.27280986350611003,105
1,[],27,[],2019-06-17 14:32:19,18306828.03496503,0.00000002,0.00000000000185828,7740155,2019-06-17 14:32:19,btc,180.7198218385489,1083.96503497,0.00000002,btc,276513.60142659,7.588e-05,0.3661365606993006,105
1,[],22,[],2019-04-21 00:17:26,21333.0,0.00000001,0.000000000000532493,7385819,2019-04-21 00:17:26,BTC,51.38182867,0.0,0.00000001,BTC,470435.0,0.0,0.00021333,107
1,[],26,[],2019-04-21 00:17:26,0.0,0.00000000,0,7385820,2019-04-21 00:17:26,btc,0.0,0.0,0.00000000,btc,0.0,0.0,0.0,107
1,[],5,[],2019-06-21 01:10:11,0.0,0,0,7746903,2019-06-21 01:10:11,btc,0.0,0.02512414,0,btc,0.0,0.0,0.0,112
0,[],22,[],2019-06-21 01:10:13,0.0,0,0,7746904,2019-06-21 01:10:13,,6.79500102,0.0,0,,3375892.0833333335,0.0,0.0,112
1,[],27,[],2019-06-21 01:10:20,1.0,0.00000001,0.000000000000958733,7746905,2019-06-21 01:10:20,btc,1.14885,0.0,0.00000001,"btc,eth",39.0,0.0,1e-08,112
1,[],4,[],2019-06-21 01:10:21,1087878.51111774,0.00000070,0.00000000006711131,7746906,2019-06-21 01:10:21,btc,6.080388807361532,0.0,0.00000070,btc,848913.76680908,0.13842881,0.2523273727666427,113
1,[],5,[],2019-06-21 01:10:22,0.0,0,0,7746907,2019-06-21 01:10:22,btc,0.0,0.0,0,btc,0.0,0.0,0.0,113
1,[],17,[],2019-04-26 02:17:47,162738.278,0.00000004,0.0000000000021069000000000002,7461287,2019-04-26 02:17:47,btc,1.3331140273775473,0.0,0.00000004,btc,51796.221,0.0,0.00230953112,116
1,[],27,[],2019-05-22 05:13:01,210000.0,0.00000001,0.00000000000079145,7666372,2019-05-22 05:13:01,btc,3919.0005001478,0.0,0.00000001,btc,128660.871,0.0,0.0021,116
1,[],4,[],2019-05-21 22:31:11,138169.03963019,0.00000701,0.000000000558364025,7664793,2019-05-21 22:31:11,btc,150.95388250938234,0.0,0.00000701,btc,344631.17141974,0.07552974,0.4288357684941946,120
1,[],7,[],2019-05-21 22:31:12,3901.07750076,0.000010679999999999999389654892212320191902108490467071533203125,0.0000000008506887,7664794,2019-05-21 22:31:12,btc,231188.94669936574,0.0,0.000010679999999999999389654892212320191902108490467071533203125,btc,4133.83151364,0.0,0.0113888422364489,120
1,[],20,[],2019-04-07 18:42:29,1914137.0852,0.000000035,0.0000000000017871910000000002,7211992,2019-04-07 18:42:29,btc,32.2497668025648,25528.85,0.000000035,btc,1001975.4986,0.00089350975,0.0152723574729,125
1,[],22,[],2019-06-17 14:32:38,10000.0,0.00000001,0.00000000000092914,7740161,2019-06-17 14:32:38,BTC,0.032061,0.0,0.00000001,BTC,299316.7611111111,0.0,0.0001,126
1,[],4,[],2019-06-21 01:10:23,2954975.99623698,0.00000483,0.000000000463068039,7746908,2019-06-21 01:10:23,btc,2.437885027994393,0.0,0.00000483,btc,169551.22450023,0.21394994,0.5292966009683341,131
0,[],2,[],2019-01-20 23:25:46,0.0,0,0,6476969,2019-01-20 23:25:46,,0.0,0.0,0,,0.0,0.0,0.0,131
1,[],17,[],2019-05-03 01:13:10,10000.0,0.00000001,0.000000000000548003,7559115,2019-05-03 01:13:10,btc,0.0953976503951408,0.0,0.00000001,btc,5037.62507334,0.0,0.0001,131
1,[],4,[],2019-06-17 14:32:42,4848.49465417,0.00007919,0.00000000735785966,7740163,2019-06-17 14:32:42,btc,0.9905723729472744,0.0,0.00007919,btc,202.13055914,0.0,0.0061509344290166,135
1,[],3,[],2019-06-05 06:33:11,40600.27748212,0.00000001,0.000000000000779096,7740019,2019-06-05 06:33:11,btc,0.2308097808993716,2146378.52189,0.00000001,btc,2477992.76904676,0.0,0.0004060027748212,136
1,[],4,[],2019-06-21 01:12:25,576056.36095985,0.00000176,0.000000000168737008,7746909,2019-06-21 01:12:25,btc,110.30676252936999,0.0,0.00000176,btc,584016.5756303,0.03701754,0.5029772732904109,137
1,[],12,[],2019-06-21 01:12:26,66054.45139482,0.000001599999999999999927596978921418013896982301957905292510986328125,0.00000000015339728,7746910,2019-06-21 01:12:26,btc,84.62656348099217,0.0,0.000001599999999999999927596978921418013896982301957905292510986328125,btc,82856.24240518,0.000123815406,0.0139066999999262,137
1,[],4,[],2019-06-21 01:12:26,267509.53212066,0.00001626,0.000000001558899858,7746911,2019-06-21 01:12:26,btc,11.178639477823081,0.0,0.00001626,btc,161230.11452136,0.51847063,0.5476331397318082,142
1,[],5,[],2019-06-21 01:12:27,0.0,0,0,7746912,2019-06-21 01:12:27,btc,0.0,0.01680517,0,btc,0.0,0.0,0.0,142
1,[],20,[],2019-06-21 01:14:29,271057.5148,0.00001501,0.000000001439058233,7746913,2019-06-21 01:14:29,btc,1.606353575088,0.0,0.00001501,btc,9785.9993,0.0,0.0192995857513,142
1,[],22,[],2019-06-21 01:14:32,10715.0,0.00001299,0.0000000012453941670000001,7746914,2019-06-21 01:14:32,BTC,2.99759384,0.0,0.00001299,BTC,835.7198755539798,0.0,0.00540125,142
0.0,[],25,[],2019-06-21 01:14:33,0.0,0,0,7746915,2019-06-21 01:14:33,,0.0,0.0,0.0,btc,0.0,0.0,0.0,142
0,[],28,[],2019-06-21 01:14:35,0.0,0,0,7746916,2019-06-21 01:14:35,,0.0,0.0,0,,0.0,0.0,0.0,142
1,[],17,[],2019-05-03 01:13:16,32967.38636364,0.00000088,0.000000000048224264,7559122,2019-05-03 01:13:16,btc,20.06976206696776,0.0,0.00000088,btc,2746.079105,0.0,0.0105613000000032,142
0,[],22,[],2019-06-21 01:14:38,0.0,0,0,7746917,2019-06-21 01:14:38,,1635.98618676,0.0,0,,788450755.3,0.0,0.0,143
0,[],22,[],2019-02-25 15:42:22,0.0,0,0,6783783,2019-02-25 15:42:22,,4.2131946,0.0,0,,2322156.0,0.0,0.0,146
,[],22,[],2018-11-20 23:01:11,0.0,0,0,4862114,2018-11-20 23:01:11,,2.56807021,0.0,,,61828.4988236,0.0,0.0,147
1,[],12,[],2019-04-21 06:38:04,193091.5971266,0.00000071,0.000000000037635183,7388679,2019-04-21 06:38:04,btc,2.301232411611175,0.0,0.00000071,btc,9957.48302385,0.00023528,0.0313308199999888,148
1,[],4,[],2019-03-19 21:31:25,255810.0415942,0.00000029,0.000000000011615747,6982695,2019-03-19 21:31:25,btc,218.94922712414143,0.0,0.00000029,btc,793529.37642722,0.00117,0.0608347789473395,152
0,[],22,[],2019-03-19 21:31:27,0.0,0,0,6982696,2019-03-19 21:31:27,,0.0,0.0,0,,0.0,0.0,0.0,152
1,[],5,[],2019-04-26 09:36:59,0.0,0,0,7465040,2019-04-26 09:36:59,btc,0.0,0.0,0,btc,0.0,0.0,0.0,153
,[],16,[],2019-01-11 15:38:59,0.0,0,0,6366141,2019-01-11 15:38:59,btc,0.0,0.0,,btc,0.0,0.0,0.0,155
0,[],23,[],2019-01-20 23:24:29,0.0,0,0,6476932,2019-01-20 23:24:29,,0.0,0.0,0,,0.0,0.0,0.0,156
0,[],22,[],2019-06-04 06:02:09,0.0,0,0,7734688,2019-06-04 06:02:09,,7.43375324,0.0,0,,5955762.942592593,0.0,0.0,156
1,[],22,[],2019-06-21 01:14:42,6996.0,0.00000001,0.000000000000958733,7746918,2019-06-21 01:14:42,BTC,1.7543039,0.0,0.00000001,BTC,57.0,0.0,6.996e-05,157
0,[],22,[],2019-05-21 23:40:32,0.0,0,0,7665049,2019-05-21 23:40:32,,50234.60468402,0.0,0,,54786159.03179465,0.0,0.0,158
,[],17,[],2018-11-20 22:56:10,0.0,0,0,4861976,2018-11-20 22:56:10,btc,1.1265625,0.0,,btc,1000.0,0.0,0.0,159
,[],20,[],2018-11-20 22:56:12,0.0,0,0,4861977,2018-11-20 22:56:12,btc,11912.7940471,0.0,,btc,34413894.3617,0.0,0.0,159
1,[],12,[],2019-05-24 02:51:20,9178.522006449999,0.00000191999999999999982841307998027158276954651228152215480804443359375,0.000000000151222656,7676256,2019-05-24 02:51:20,btc,149.80414728631675,0.0,0.00000191999999999999982841307998027158276954651228152215480804443359375,btc,1115.7451448499999,0.01783167678326,0.0120075778999181,168
1,[],17,[],2019-05-03 01:13:36,42852.0,0.00000002,0.000000000001096006,7559132,2019-05-03 01:13:36,btc,0.04279856251542,0.0,0.00000002,btc,274.46171372,0.0,0.00052852,168
1,[],22,[],2019-05-17 03:01:52,10.0,0.00000001,0.000000000000778341,7642059,2019-05-17 03:01:52,BTC,41.95893009,0.0,0.00000001,BTC,1753972.7737547632,0.0,1e-07,169
1,[],22,[],2019-05-30 08:38:18,202834.0,0.00000002,0.0000000000017416160000000001,7711049,2019-05-30 08:38:18,BTC,27.87002826,0.0,0.00000002,BTC,462189.5410507793,0.0,0.00211768,171
1,[],22,[],2019-05-29 08:05:18,349870.0,0.00000002,0.000000000001705894,7705265,2019-05-29 08:05:18,BTC,24.05907723,0.0,0.00000002,"BTC,LTC",1224285.4355616204,0.0,0.0039847,173
1,[],5,[],2019-06-21 01:14:43,0.0,0,0,7746919,2019-06-21 01:14:43,btc,0.0,0.04759965,0,btc,0.0,0.0,0.0,175
1,[],22,[],2019-06-17 14:33:12,90671.0,0.00000001,0.00000000000092914,7740175,2019-06-17 14:33:12,BTC,394.35459412,0.0,0.00000001,BTC,136275.61833431243,0.0,0.00090671,176
1,[],7,[],2019-06-21 01:14:45,0.0,0,0,7746920,2019-06-21 01:14:45,btc,522272.5938942698,0.0,0,btc,27854037.73829655,0.0,0.0,178
0,[],22,[],2019-06-21 01:14:48,0.0,0,0,7746921,2019-06-21 01:14:48,,1.00242428,0.0,0,,57512.0,0.0,0.0,178
0,[],2,[],2019-01-20 23:28:34,0.0,0,0,6477001,2019-01-20 23:28:34,,0.0,0.0,0,,0.0,0.0,0.0,178
1,[],5,[],2019-06-21 01:14:49,0.0,0,0,7746922,2019-06-21 01:14:49,btc,0.0,0.04209128,0,btc,0.0,0.0,0.0,179
0,[],22,[],2019-06-21 01:14:52,0.0,0,0,7746923,2019-06-21 01:14:52,,5.17403917,0.0,0,,13450788.311946675,0.0,0.0,179
0,[],23,[],2019-01-20 23:25:08,0.0,0,0,6476952,2019-01-20 23:25:08,,0.0,0.0,0,,0.0,0.0,0.0,179
1,[],22,[],2019-06-21 01:16:56,738327.3168514413,0.00000041,0.000000000039308053,7746924,2019-06-21 01:16:56,BTC,40.61506315,0.0,0.00000041,"BTC,LTC",168344.879930538,0.00033789,0.57326612,180
1,[],26,[],2019-06-21 01:16:56,0.0,0.00000010,0.000000000009587330000000001,7746925,2019-06-21 01:16:56,btc,0.0,0.0,0.00000010,btc,0.0,0.0,0.0,180
1,[],17,[],2019-05-03 01:13:56,20504.725000000002,0.0000001,0.00000000000548003,7559141,2019-05-03 01:13:56,btc,5.2010695838400265,0.0,0.0000001,btc,5033.45945,0.0,0.0011504725,180
,[],7,[],2018-11-20 22:58:01,562227.975654,0.00000085,0.000000000036176765,4862015,2018-11-20 22:58:01,btc,21836.6059674,2491.87645172,,btc,749999.041456,0.00211021,0.127565380455,183
,[],5,[],2019-01-10 08:11:41,0.0,0,0,6347036,2019-01-10 08:11:41,btc,82.15055501,0.00261,,btc,1.19002445,0.0,0.0,187
,[],17,[],2018-11-16 20:58:10,4062536.27273,0.00000001,0.000000000000550501,4708775,2018-11-16 20:58:10,btc,3.36492563466,0.195460381006,,"btc,eth",110697919.549,0.0,0.0157628953496,187
1,[],24,[],2019-05-22 21:04:52,0.0,0.000000000014,0.0000000000000010960978,7670219,2019-05-22 21:04:52,btc,0.0,0.0,0.000000000014,btc,0.0,0.0,0.0,187
0,[],22,[],2019-04-25 02:54:07,0.0,0,0,7447896,2019-04-25 02:54:07,,7.54794454,0.0,0,,76361.7243344055,0.0,0.0,191
0,[],22,[],2019-06-17 14:33:34,0.0,0,0,7740182,2019-06-17 14:33:34,,0.0,0.0,0,,0.0,0.0,0.0,197
0,[],23,[],2019-01-20 23:31:41,0.0,0,0,6477079,2019-01-20 23:31:41,,0.0,0.0,0,,0.0,0.0,0.0,199
0,[],22,[],2019-06-21 01:16:59,0.0,0,0,7746926,2019-06-21 01:16:59,,10.58263174,0.0,0,,84280969.0,0.0,0.0,199
1,[],26,[],2019-06-21 01:16:59,0.0,0.00000000,0,7746927,2019-06-21 01:16:59,btc,0.0,0.0,0.00000000,btc,0.0,0.0,0.0,199
0,[],2,[],2019-01-20 23:30:49,0.0,0,0,6477059,2019-01-20 23:30:49,,0.0,0.0,0,,0.0,0.0,0.0,201
1,[],4,[],2019-01-25 15:51:35,2084389.58565343,0.00000936,0.000000000333526752,6499557,2019-01-25 15:51:35,btc,2.0092503037378524,0.0,0.00000936,btc,160195.80207885,0.19272417,1.242687955921835,211
1,[],7,[],2019-06-21 01:17:01,1170054124.6898527,0.00000018,0.000000000017257194,7746928,2019-06-21 01:17:01,btc,1346840.2653139164,0.0,0.00000018,btc,6166479.26464841,0.0,11.954344045954047,212
1,[],12,[],2019-01-25 02:44:32,207462.42853209,0.000001080000000000000035831255497387193287295303889550268650054931640625,0.000000000038610756000000006,6493050,2019-01-25 02:44:32,btc,85023.03793723314,0.0,0.000001080000000000000035831255497387193287295303889550268650054931640625,btc,43675.73520027,0.000146250909087,0.0348620860622024,213
1,[],5,[],2019-05-30 00:07:46,0.0,0,0,7709357,2019-05-30 00:07:46,btc,0.0,0.06425239,0,btc,0.0,0.0,0.0,213
1,[],24,[],2019-05-30 00:07:46,0.0,0.000000399202,0.0000000000344859829346,7709358,2019-05-30 00:07:46,btc,0.0,0.0,0.000000399202,btc,0.0,0.0,0.0,213
1,[],26,[],2019-05-30 00:07:47,0.0,0.00000040,0.000000000034554919999999996,7709359,2019-05-30 00:07:47,btc,0.0,0.0,0.00000040,btc,0.0,0.0,0.0,213
0,[],22,[],2019-06-21 01:17:04,0.0,0,0,7746929,2019-06-21 01:17:04,,9.56923849,0.0,0,,3661587.2040649247,0.0,0.0,216
0,[],27,[],2019-06-21 01:17:11,0.0,0,0,7746930,2019-06-21 01:17:11,,95.90150652917752,0.0,0,"btc,ltc",648925.407688,0.0,0.0,216
1,[],22,[],2019-06-21 01:17:14,580126.4852813852,0.0000003,0.00000000002876199,7746931,2019-06-21 01:17:14,BTC,12055.91542565,0.0,0.0000003,BTC,492026.3626290264,0.00797504,0.0345805,217
1,[],7,[],2019-06-21 01:17:16,0.0,0,0,7746932,2019-06-21 01:17:16,btc,1234861.108894509,1073.92607392,0,btc,100943774.305454,1.074e-05,0.0,219
0,[],27,[],2019-06-21 01:17:22,0.0,0,0,7746933,2019-06-21 01:17:22,,250.36597143533322,0.0,0,btc,7934668.36581025,0.0,0.0,219
0,[],28,[],2019-06-21 01:17:23,0.0,0,0,7746934,2019-06-21 01:17:23,,0.0,0.0,0,,0.0,0.0,0.0,219
1,[],22,[],2019-05-23 16:41:05,172069.0,0.00000004,0.0000000000031167080000000004,7674065,2019-05-23 16:41:05,BTC,56.76466137,0.0,0.00000004,BTC,127061.6482738741,0.0,0.00393676,221
1,[],24,[],2019-05-23 16:41:05,0.0,0.000000010000,0.0000000000007791770000000001,7674066,2019-05-23 16:41:05,btc,0.0,0.0,0.000000010000,btc,0.0,0.0,0.0,221
1,[],20,[],2019-06-17 14:34:11,26882155.8301,0.000000003,0.000000000000278742,7740192,2019-06-17 14:34:11,btc,100050.81956632523,233521.3529,0.000000003,btc,38769742.8604,0.0007925640587,0.0306863532672,224
0,[],22,[],2019-06-17 14:34:13,0.0,0,0,7740193,2019-06-17 14:34:13,,0.0,0.0,0,,0.0,0.0,0.0,224
1,[],26,[],2019-06-21 01:17:24,0.0,0.00000022,0.000000000021092126,7746935,2019-06-21 01:17:24,btc,0.0,0.0,0.00000022,btc,0.0,0.0,0.0,231
1,[],26,[],2019-06-21 01:17:24,0.0,0.00000005,0.0000000000047936650000000005,7746936,2019-06-21 01:17:24,btc,0.0,100.0,0.00000005,btc,0.0,0.0,0.0,234
0.0000000002852364,[],27,[],2019-06-21 01:17:30,100.0,2.852364e-18,2.7346554948120003e-22,7746937,2019-06-21 01:17:30,eth,0.0,0.0,0.00000001,"btc,eth",0.0,0.0,2.852364e-16,234
1,[],4,[],2019-05-22 17:06:12,91780.56053785,0.00000078,0.000000000061977552,7669277,2019-05-22 17:06:12,btc,5.573372450018177,0.0,0.00000078,btc,729173.93529783,0.0,0.0307060663355679,236
1,[],24,[],2019-05-22 17:06:12,0.0,0.000000010000,0.000000000000794584,7669278,2019-05-22 17:06:12,btc,0.0,0.0,0.000000010000,btc,0.0,0.0,0.0,236
1,[],5,[],2019-06-21 01:17:32,0.0,0,0,7746938,2019-06-21 01:17:32,btc,0.0,1.47137295,0,btc,0.0,0.0,0.0,237
1,[],20,[],2019-06-21 01:17:34,48577218.1281,0.000000087,0.0000000000083409771,7746939,2019-06-21 01:17:34,btc,8172547.8072705,26012443.4426,0.000000087,btc,30216902.0801,2.4531202104476,1.1617060210397,237
1,[],22,[],2019-06-21 01:17:38,2084614.0,0.00000004,0.000000000003834932,7746940,2019-06-21 01:17:38,BTC,1.20112207,0.0,0.00000004,"BTC,LTC",14507.148717948718,0.0,0.02587451,237
1,[],4,[],2019-06-21 01:17:38,41148573.46578478,0.00000006,0.000000000005752398,7746941,2019-06-21 01:17:38,btc,2.5995172285632986,0.0,0.00000006,btc,11631818.97986153,0.28361521,0.7591451757070854,238
1,[],5,[],2019-06-21 01:17:39,0.0,0,0,7746942,2019-06-21 01:17:39,btc,0.0,0.03708957,0,btc,0.0,0.0,0.0,238
0,[],22,[],2019-03-12 16:49:32,0.0,0,0,6914458,2019-03-12 16:49:32,,0.40415746,0.0,0,,526736.5639027493,0.0,0.0,249
0,[],22,[],2019-05-28 23:53:45,0.0,0,0,7703643,2019-05-28 23:53:45,,13.44714864,0.0,0,,43777534.3426455,0.0,0.0,252
0,[],28,[],2019-06-21 01:17:41,0.0,0,0,7746943,2019-06-21 01:17:41,,0.0,0.0,0,,0.0,0.0,0.0,256
1,[],22,[],2019-06-21 01:17:45,592468.0,0.00000001,0.000000000000958733,7746944,2019-06-21 01:17:45,BTC,31464.57242089,0.0,0.00000001,BTC,1034643.2230878276,1.191e-05,0.00592468,258
1,[],22,[],2019-05-19 18:12:02,400.0,0.00000001,0.0000000000007957800000000001,7653905,2019-05-19 18:12:02,BTC,2.415167,0.0,0.00000001,BTC,157.0,0.0,4e-06,259
1,[],5,[],2019-06-21 01:17:46,0.0,0,0,7746945,2019-06-21 01:17:46,btc,0.0,0.00588164,0,btc,0.0,0.0,0.0,264
1,[],20,[],2019-06-21 01:17:48,912797.8483,0.000000977,0.0000000000936682141,7746946,2019-06-21 01:17:48,btc,0.9889476188256,18002.7021,0.000000977,btc,57064.0612,0.0105995535426,0.0084328120337,264
0,[],22,[],2019-04-12 17:57:27,0.0,0,0,7278186,2019-04-12 17:57:27,,66.37522201,0.0,0,,677842.4169881374,0.0,0.0,271
0,[],22,[],2019-06-21 01:17:51,0.0,0,0,7746947,2019-06-21 01:17:51,,33050469.74148113,0.0,0,,14261527780.7,0.0,0.0,272
0,[],28,[],2019-06-21 01:17:52,0.0,0,0,7746948,2019-06-21 01:17:52,,0.0,0.0,0,,0.0,0.0,0.0,272
1,[],22,[],2019-05-23 07:12:29,219930.0,0.00000004,0.000000000003048688,7671985,2019-05-23 07:12:29,BTC,426.77835217,0.0,0.00000004,BTC,248664.3325962929,0.0,0.00739728,281
1,[],22,[],2019-06-21 01:17:58,43107.1,0.00000002,0.000000000001917466,7746949,2019-06-21 01:17:58,BTC,2.67867943,0.0,0.00000002,"BTC,LTC",1069550.9093393278,0.00302294,0.00511326,286
0,[],22,[],2019-06-17 14:34:53,0.0,0,0,7740207,2019-06-17 14:34:53,,7337915.80475575,0.0,0,,2078527309.6797826,0.0,0.0,294
