pairValue,buyBook,exchangeId,sellBook,updated,buyTotal,satoshiPrice,usdPrice,exchangeLogId,created,bestPair,sellTotalBtc,volume,pairPrice,activePairs,sellTotal,volumeBtc,buyTotalBtc,coinId
1,[],3,[],2019-03-12 01:33:05,30545.45542094841,0.01262367999999999997051691735805434291251003742218017578125,0.000000485332526016,6908465,2019-03-12 01:33:05,btc,61.09170739891465,0.000179243017,0.01262367999999999997051691735805434291251003742218017578125,btc,23.540866660765,0.0,0.3140274831233433,1
1,[],4,[],2019-03-12 01:33:06,207742.24394471,0.01273181,0.000000489489713622,6908466,2019-03-12 01:33:06,btc,10.50838882187551,0.0,0.01273181,btc,367.47136898,0.92970496,0.9873263188374204,1
1,[],5,[],2019-03-12 01:33:09,0.0,0,0,6908467,2019-03-12 01:33:09,btc,0.0,0.01808265,0,btc,0.0,0.0,0.0,1
1,[],10,[],2019-03-12 01:33:12,413878.0487115,0.01051976,0.00000040444479691199997,6908468,2019-03-12 01:33:12,btc,6522.46924521398,1101.16519261,0.01051976,btc,1133.41543389,0.0,4.576198589462613,1
1,[],12,[],2019-03-12 01:33:14,120.8166365,0.01265999999999999937883021772222491563297808170318603515625,0.000000486728892,6908469,2019-03-12 01:33:14,btc,0.2821197500414,0.0,0.01265999999999999937883021772222491563297808170318603515625,btc,21.07110557,0.204862878383,0.5271517949829,1
1,[],20,[],2019-03-12 01:33:16,1152.4737,0.01050023,0.000000403693942626,6908470,2019-03-12 01:33:16,btc,0.0534287235973,0.0234,0.01050023,btc,2.3637,0.0002924953786,0.0959759649271,1
1,[],21,[],2019-03-12 01:33:17,2119.12655118,0.01270407999999999953955054366,0.000000488423600496,6908471,2019-03-12 01:33:17,btc,23.232826291638784,3050.3774137,0.012704079999999999539550543659061077050864696502685546875,"btc,eth",2525.1926270999998,37.319326281220874,20.277941181805698,1
1,[],22,[],2019-03-12 01:33:21,0.0059712,0.01250000,0.0000004805775,6908472,2019-03-12 01:33:21,BTC,0.31439419,0.0,0.01250000,BTC,0.12751438772928525,0.0,7.464e-05,1
1,[],24,[],2019-03-12 01:33:21,0.0,0.000000000000,0,6908473,2019-03-12 01:33:21,btc,0.0,0.0,0.000000000000,btc,0.0,0.0,0.0,1
0.0,[],25,[],2019-03-12 01:33:22,0.0,0,0,6908474,2019-03-12 01:33:22,btc,17.791199998802888,885.44375197,0.0,btc,1364.18692535,11.1884,0.0,1
1,[],26,[],2019-03-12 01:33:32,0.0,0,0,6908475,2019-03-12 01:33:32,,0.0,0.0,0,,0.0,0.0,0.0,1
1,[],28,[],2019-03-12 01:33:39,992.9,0.01231000,0.000000473272722,6908476,2019-03-12 01:33:39,btc,0.147901439075,18043.85,0.01231000,btc,7.9421,0.0,0.086101096,1
0,[],2,[],2019-01-20 23:28:45,0.0,0,0,6477011,2019-01-20 23:28:45,,0.0,0.0,0,,0.0,0.0,0.0,1
1,[],5,[],2019-03-12 01:33:41,0.0,0,0,6908477,2019-03-12 01:33:41,btc,0.0,0.10241781,0,btc,0.0,0.0,0.0,2
0.00000000012558120000000002,[],22,[],2019-03-12 01:33:44,1148.0,1.3813932e-16,5.3109319245840005e-21,6908478,2019-03-12 01:33:44,XMR,21.01373823,0.0,0.00000110,XMR,14319.12581,0.0,0.00087635,2
1,[],5,[],2019-03-12 01:33:45,0.0,0,0,6908479,2019-03-12 01:33:45,btc,0.0,0.81284903,0,btc,0.0,0.0,0.0,3
1,[],12,[],2019-03-12 01:33:47,1968215.3454008,0.000000177,0.0000000000068049774,6908480,2019-03-12 01:33:47,btc,22810.31594730706,0.0,0.000000177,btc,1059755.6173826,0.0106539967032896,0.286801148862344,3
0,[],28,[],2019-03-12 01:33:53,0.0,0,0,6908481,2019-03-12 01:33:53,,0.0,0.0,0,,0.0,0.0,0.0,3
0,[],2,[],2019-01-20 23:31:32,0.0,0,0,6477077,2019-01-20 23:31:32,,0.0,0.0,0,,0.0,0.0,0.0,4
1,[],4,[],2019-03-09 19:03:36,394362.28616607,0.00000032,0.000000000012569280000000001,6889097,2019-03-09 19:03:36,btc,32.15548375957025,0.0,0.00000032,btc,707361.31512647,0.00109114,0.0476374485302292,4
1,[],12,[],2019-03-12 01:33:56,448238.0,0.00000002,0.000000000000768924,6908482,2019-03-12 01:33:56,btc,1111742.15305952,0.0,0.00000002,btc,707452.0,0.00327138,0.0054245000000000005,5
0,[],2,[],2019-01-20 23:31:51,0.0,0,0,6477087,2019-01-20 23:31:51,,0.0,0.0,0,,0.0,0.0,0.0,6
1,[],11,[],2019-03-12 01:33:58,4526564.39882,0.00000002,0.000000000000768924,6908483,2019-03-12 01:33:58,btc,9568.14959551299,176075.3959,0.00000002,btc,42634447.275313936,0.0,0.057470231334200005,6
1,[],3,[],2019-03-12 01:33:59,1100.796805377558,0.000154759999999999988719301402539940681890584528446197509765625,0.000000005949933911999999,6908484,2019-03-12 01:33:59,btc,29.634085403952064,0.0,0.000154759999999999988719301402539940681890584528446197509765625,btc,239.122414578101,0.0,0.036401067445587826,7
1,[],4,[],2019-03-12 01:34:00,94686.56794893,0.00023570,0.00000000906176934,6908485,2019-03-12 01:34:00,btc,10.201150099561634,0.0,0.00023570,btc,34475.52227634,4.29483003,5.72222932567773,7
1,[],5,[],2019-03-12 01:34:02,0.0,0,0,6908486,2019-03-12 01:34:02,btc,0.0,0.49472578,0,btc,0.0,0.0,0.0,7
1,[],20,[],2019-02-20 02:16:17,39399275.8418,0.000000001,0.0000000000000390183,6728586,2019-02-20 02:16:17,btc,116.9737569154545,525.0,0.000000001,btc,56932965.8895,5.25e-07,0.0393992758418,8
1,[],4,[],2019-03-12 01:34:05,1192589.16042364,0.00000144,0.000000000055362528,6908487,2019-03-12 01:34:05,btc,5.307380023095819,0.0,0.00000144,btc,2810883.13959213,1.03166765,0.8782446349628052,9
1,[],28,[],2019-03-12 01:34:11,27353.0,0.00000159,0.000000000061129458,6908488,2019-03-12 01:34:11,btc,2708.770107851883,3652099.56,0.00000159,btc,17176.9197,0.0,0.0163195,9
0,[],2,[],2019-01-20 23:22:42,0.0,0,0,6476876,2019-01-20 23:22:42,,0.0,0.0,0,,0.0,0.0,0.0,9
0,[],23,[],2019-01-20 23:22:48,0.0,0,0,6476878,2019-01-20 23:22:48,,0.0,0.0,0,,0.0,0.0,0.0,9
1,[],1,[],2019-02-17 23:31:42,1822507.21,0.00000181000000000000003456111265232042484285557293333113193511962890625,0.000000000066086901,6701244,2019-02-17 23:31:42,btc,3.6990969245,17153386.5,0.00000181000000000000003456111265232042484285557293333113193511962890625,btc,1997391.71,31.11772986,3.2610482446,9
1,[],4,[],2019-02-17 11:22:43,4341674.27126056,0.00000002,0.0000000000007272960000000001,6696112,2019-02-17 11:22:43,btc,0.1997230937751353,0.0,0.00000002,btc,4109766.79808031,0.00215132,0.0479381022052112,10
1,[],4,[],2019-03-12 01:34:12,5319389.42201179,0.00000121,0.000000000046519902,6908489,2019-03-12 01:34:12,btc,8.180936902158015,0.0,0.00000121,btc,4644383.49838626,1.33540516,2.7663555846942516,12
1,[],5,[],2019-03-12 01:34:13,0.0,0,0,6908490,2019-03-12 01:34:13,btc,0.0,0.11215075,0,btc,0.0,0.0,0.0,12
0.0,[],25,[],2019-03-12 01:34:15,0.0,0,0,6908491,2019-03-12 01:34:15,,0.0,0.0,0.0,btc,0.0,0.0,0.0,12
0,[],2,[],2019-01-20 23:23:08,0.0,0,0,6476890,2019-01-20 23:23:08,,0.0,0.0,0,,0.0,0.0,0.0,12
1,[],4,[],2019-03-12 01:34:16,32078647.49768126,0.00000603,0.000000000231830586,6908492,2019-03-12 01:34:16,btc,2.8100263108420545,0.0,0.00000603,btc,371921.27702745,0.70348798,1.5690505421301426,13
1,[],21,[],2019-03-12 01:34:19,1651054.07392198,0.000006059999999999999577542791895,0.000000000232983972,6908493,2019-03-12 01:34:19,btc,5.205939755310317,1413368.44359635,0.0000060599999999999995775427918953681682978640310466289520263671875,btc,764661.17757011,8.5889319,9.382591055402175,13
1,[],10,[],2019-03-12 00:33:05,437017.12904323,0.0000061,0.00000000023504703,6908117,2019-03-12 00:33:05,btc,666802.2902908641,11867.4147258,0.0000061,btc,712217.31774624,0.0,0.2561541133894601,13
1,[],4,[],2019-03-12 01:34:20,723789.24988589,0.00000130,0.00000000004998006,6908494,2019-03-12 01:34:20,btc,5.911506000005003,0.0,0.00000130,btc,866349.58272277,0.00113331,0.1393801962530076,14
1,[],12,[],2019-03-12 01:34:21,269274.0,0.000001300000000000000047051663780439678674838432925753295421600341796875,0.00000000004998006,6908495,2019-03-12 01:34:21,btc,0.0535980367875119,0.0,0.000001300000000000000047051663780439678674838432925753295421600341796875,btc,8932.48329661,0.0,0.02352964,14
0,[],17,[],2019-03-12 01:34:33,0.0,0,0,6908496,2019-03-12 01:34:33,btc,0.0,0.0,0,btc,0.0,0.0,0.0,14
1,[],26,[],2019-03-12 01:34:33,0.0,0.00000050,0.0000000000192231,6908497,2019-03-12 01:34:33,btc,0.0,0.0,0.00000050,btc,0.0,0.0,0.0,14
0,[],4,[],2019-03-12 01:34:35,0.0,0,0,6908498,2019-03-12 01:34:35,,0.0,0.0,0,,0.0,0.0,0.0,15
,[],12,[],2018-12-01 15:15:48,204241.84496,0.00000489,0.000000000202473384,5260204,2018-12-01 15:15:48,btc,49.5475654835,0.0,,btc,35763.2193806,0.0163153972027625,0.0203389899998,15
1,[],4,[],2019-03-12 01:34:37,36009.29205562,0.00001704,0.000000000655123248,6908499,2019-03-12 01:34:37,btc,4.179331053533958,0.0,0.00001704,btc,18094.43462036,0.01272907,0.1392944537552671,18
1,[],10,[],2019-03-12 01:34:38,781537.23444312,0.00001711,0.000000000657814482,6908500,2019-03-12 01:34:38,btc,15.405210384486269,1701.33189286,0.00001711,btc,13208.95130746,0.0,0.1099822038748097,18
1,[],12,[],2019-03-12 01:34:39,316020.72355004,0.00001627999999999999998327726569158357960986904799938201904296875,0.000000000625904136,6908501,2019-03-12 01:34:39,btc,33214.725595413125,0.0,0.00001627999999999999998327726569158357960986904799938201904296875,btc,737.1917048,0.0268478301949939,0.0365372432107273,18
0,[],17,[],2019-03-12 01:34:41,0.0,0,0,6908502,2019-03-12 01:34:41,btc,0.0,0.0,0,btc,0.0,0.0,0.0,18
0,[],2,[],2019-01-20 23:23:38,0.0,0,0,6476906,2019-01-20 23:23:38,,0.0,0.0,0,,0.0,0.0,0.0,18
1,[],3,[],2019-03-12 01:34:42,117258.49455903578,0.00001802999999999999847471836289525271013189922086894512176513671875,0.0000000006931849859999999,6908503,2019-03-12 01:34:42,btc,0.6538341372146298,50.5,0.00001802999999999999847471836289525271013189922086894512176513671875,btc,14518.539765764084,0.0,0.015304824398594876,19
1,[],4,[],2019-03-12 01:34:42,226383.2528156,0.00001988,0.000000000764310456,6908504,2019-03-12 01:34:42,btc,2.5538089406575883,0.0,0.00001988,btc,86607.68329354,0.9866348,2.327139719031257,19
1,[],5,[],2019-03-12 01:34:44,0.0,0,0,6908505,2019-03-12 01:34:44,btc,0.0,0.00288978,0,btc,0.0,0.0,0.0,19
1,[],12,[],2019-03-12 01:34:46,192298.37043686,0.0000167100000000000009484947549598388150116079486906528472900390625,0.0000000006424360020000001,6908506,2019-03-12 01:34:46,btc,0.1990180528508386,0.0,0.0000167100000000000009484947549598388150116079486906528472900390625,btc,389.56600524,0.0,0.0409924599999306,19
0,[],27,[],2019-03-12 01:34:48,0.0,0,0,6908507,2019-03-12 01:34:48,,0.0,0.0,0,btc,0.0,0.0,0.0,19
0,[],2,[],2019-01-20 23:24:19,0.0,0,0,6476924,2019-01-20 23:24:19,,0.0,0.0,0,,0.0,0.0,0.0,19
1,[],4,[],2019-03-12 01:34:49,2768634.31543344,0.00000012,0.000000000004613544,6908508,2019-03-12 01:34:49,btc,7.383042289760813,0.0,0.00000012,btc,2876583.25385408,0.00023941,0.0766087845231281,20
1,[],4,[],2019-03-12 01:34:51,103671191.22647026,0.00000002,0.000000000000768924,6908509,2019-03-12 01:34:51,btc,1905.733041341351,0.0,0.00000002,btc,54009790.29016004,0.0009,1.1591642676500455,21
1,[],12,[],2019-03-12 01:34:52,1375286.0,0.00000001,0.000000000000384462,6908510,2019-03-12 01:34:52,btc,1247.5321035092009,0.0,0.00000001,btc,2589651.9600399598,0.0021991808191808,0.01375286,21
0,[],17,[],2019-03-12 01:34:54,0.0,0,0,6908511,2019-03-12 01:34:54,btc,0.0,0.0,0,btc,0.0,0.0,0.0,21
1,[],12,[],2019-03-12 01:34:55,2434049009.0,0.0000000001,0.00000000000000384462,6908512,2019-03-12 01:34:55,btc,1933708.3012175495,0.0,0.0000000001,btc,1735265028.0293596,0.000526487106393606,0.2434049009,23
0,[],27,[],2019-03-12 01:34:57,0.0,0,0,6908513,2019-03-12 01:34:57,,13.823034242813412,0.0,0,eth,4620333.31314486,0.0,0.0,23
1,[],4,[],2019-03-12 01:34:58,625868.0677263,0.00000041,0.000000000015762942,6908514,2019-03-12 01:34:58,btc,9.382568546194518,0.0,0.00000041,btc,1610122.13986744,0.0050864,0.1504954832820548,24
1,[],22,[],2019-03-12 01:35:01,11.76,0.00000100,0.0000000000384462,6908515,2019-03-12 01:35:01,BTC,7.415e-05,0.0,0.00000100,BTC,23.919354838709676,0.0,1.176e-05,24
0.0,[],25,[],2019-03-12 01:35:03,0.0,0,0,6908516,2019-03-12 01:35:03,,0.0,0.0,0.0,btc,0.0,0.0,0.0,24
1,[],4,[],2019-03-12 01:35:04,26577530.92861878,0.00000635,0.00000000024413337,6908517,2019-03-12 01:35:04,btc,79.97161017465265,0.0,0.00000635,btc,247899.83037886,0.16976048,0.4385931027868473,26
1,[],10,[],2019-03-12 01:35:06,686215.85585051,0.000006,0.0000000002306772,6908518,2019-03-12 01:35:06,btc,26.132572175881645,4632.64104342,0.000006,btc,14872.76184422,0.0,0.2143620036407484,26
0,[],2,[],2019-01-20 23:25:56,0.0,0,0,6476976,2019-01-20 23:25:56,,0.0,0.0,0,,0.0,0.0,0.0,26
1,[],3,[],2019-03-12 01:35:07,8415347.59501412,0.00000001,0.000000000000384462,6908519,2019-03-12 01:35:07,btc,2.030730411558546,1063916.79301,0.00000001,btc,14121449.75762247,0.0,0.0841534759501412,27
1,[],5,[],2019-03-12 01:35:08,0.0,0,0,6908520,2019-03-12 01:35:08,btc,0.0,0.00025113,0,btc,0.0,0.0,0.0,27
1,[],11,[],2019-03-12 01:35:10,9461840.38103613,0.00000005,0.0000000000019223099999999997,6908521,2019-03-12 01:35:10,btc,67506.32843704063,170.63047893,0.00000005,btc,7972152.75036371,0.0,0.44099231334143857,27
1,[],4,[],2019-03-12 01:35:11,2125787052.0593164,0.00000001,0.000000000000384462,6908522,2019-03-12 01:35:11,btc,5.421329837499653,0.0,0.00000001,"btc,ltc",338995613.55512035,0.60286144,9.639989598929692,29
1,[],7,[],2019-03-12 01:35:13,35581749.56675456,0.00000001,0.000000000000384462,6908523,2019-03-12 01:35:13,btc,44461616.56192464,110265.965568,0.00000001,btc,46656529.65878781,0.00220532,0.35581749566754556,29
0,[],17,[],2019-03-11 23:44:22,0.0,0,0,6907981,2019-03-11 23:44:22,btc,0.0,0.0,0,btc,0.0,0.0,0.0,30
1,[],4,[],2019-03-12 01:35:14,1612877.96270781,0.00000023,0.000000000008842625999999999,6908524,2019-03-12 01:35:14,btc,2.6531704012245205,0.0,0.00000023,btc,2006962.02950345,0.00162789,0.1082866974466504,30
1,[],4,[],2019-03-12 01:35:15,189539.40070506,0.00005530,0.00000000212607486,6908525,2019-03-12 01:35:15,btc,10.042280578512846,0.0,0.00005530,btc,127447.85922569,0.94580702,2.166534123748102,31
1,[],21,[],2019-03-12 01:35:16,82365.36075216,0.00005690000000000000070742023350,0.00000000218758878,6908526,2019-03-12 01:35:16,btc,4.213862467460381,230423.41334031,0.00005690000000000000070742023350334193310118280351161956787109375,btc,68759.4895482,13.1018719,4.226156308732375,31
0,[],2,[],2019-01-20 23:28:43,0.0,0,0,6477009,2019-01-20 23:28:43,,0.0,0.0,0,,0.0,0.0,0.0,32
1,[],4,[],2019-03-12 01:35:17,528637365.51929575,0.00000004,0.000000000001537848,6908527,2019-03-12 01:35:17,btc,9.485872105326424,0.0,0.00000004,"btc,ltc",184556504.37252423,0.59178516,10.729563158879426,33
1,[],12,[],2019-03-12 01:35:18,25723737.964,0.00000004,0.000000000001537848,6908528,2019-03-12 01:35:18,btc,2222985.6925108326,0.0,0.00000004,btc,17927972.054945,0.000716777742138,0.59606948892,33
1,[],4,[],2019-03-12 01:35:19,111033411.39421807,0.00000001,0.000000000000384462,6908529,2019-03-12 01:35:19,btc,3.3838306494798576,0.0,0.00000001,btc,97313478.7113699,0.02205513,1.1103341139421807,34
1,[],5,[],2019-03-12 01:35:21,0.0,0,0,6908530,2019-03-12 01:35:21,btc,0.0,0.0417304,0,btc,0.0,0.0,0.0,34
0.0000000001414684,[],4,[],2019-03-12 01:35:22,3853750074.9490128,1.4146840000000002e-18,5.43892240008e-23,6908531,2019-03-12 01:35:22,ltc,4.442811960448082e-08,0.0,0.00000001,ltc,6075434568.8492775,0.0,5.451838571029169e-09,36
1,[],5,[],2019-03-12 01:35:23,0.0,0,0,6908532,2019-03-12 01:35:23,btc,0.0,2e-06,0,btc,0.0,0.0,0.0,36
0.0000000003434439,[],27,[],2019-03-12 01:35:37,1088163.16325,3.4344390000000002e-18,1.320411286818e-22,6908533,2019-03-12 01:35:37,eth,222.5593908357632,0.0,0.00000001,"ltc,eth",11165406.63658689,0.0,1.6670581262291669e-12,36
0,[],17,[],2019-03-12 00:43:26,0.0,0,0,6908345,2019-03-12 00:43:26,btc,0.07464582806081017,0.0,0,btc,4105386.20243647,0.0,0.0,36
1,[],4,[],2019-03-11 23:44:49,214302.81799767,0.00000060,0.00000000002323566,6907992,2019-03-11 23:44:49,btc,19772.478292658976,0.0,0.00000060,btc,556876.14384712,0.01198436,0.0890653224838909,37
1,[],12,[],2019-03-11 23:44:50,504323.21744638,0.00000061,0.000000000023622921,6907993,2019-03-11 23:44:50,btc,19.738591136247095,0.0,0.00000061,btc,297918.94180223,0.0925128179757992,0.1697579199999878,37
1,[],17,[],2019-03-11 23:44:52,1752.74075282,0.00000025,0.000000000009681525,6907994,2019-03-11 23:44:52,btc,0.05548492398556428,0.0,0.00000025,btc,1387.19918473,0.0,0.00043818518820499993,37
1,[],27,[],2019-03-11 23:44:55,14685.567,0.00000045,0.000000000017426745,6907995,2019-03-11 23:44:55,btc,24.25536383611233,0.0,0.00000045,btc,6518.38138508,0.0,0.00480032515,37
1,[],5,[],2019-03-12 01:35:38,0.0,0,0,6908534,2019-03-12 01:35:38,btc,0.0,0.1126539,0,btc,0.0,0.0,0.0,42
1,[],12,[],2019-03-12 01:35:40,260537.21428568,0.000001069999999999999919816744131662034078544820658862590789794921875,0.000000000041137434,6908535,2019-03-12 01:35:40,btc,5.3761162600206465,0.0,0.000001069999999999999919816744131662034078544820658862590789794921875,btc,31686.24753142,0.116843522618447,0.026016059822473698,42
0.0000000003434439,[],27,[],2019-03-12 01:35:42,2000.0,3.4344390000000002e-18,1.320411286818e-22,6908536,2019-03-12 01:35:42,eth,0.00315028,0.0,0.00000001,"btc,eth",11.007,0.0,6.868878000000001e-15,42
1,[],5,[],2019-03-12 01:35:44,0.0,0,0,6908537,2019-03-12 01:35:44,btc,0.0,0.0,0,btc,0.0,0.0,0.0,43
1,[],12,[],2019-03-12 01:35:45,1621233.0,0.00000001,0.000000000000384462,6908538,2019-03-12 01:35:45,btc,29044.002897316663,0.0,0.00000001,btc,5967641.83316684,0.000117062937063,0.01621233,43
0,[],17,[],2019-03-12 00:43:40,0.0,0,0,6908352,2019-03-12 00:43:40,btc,0.0,0.0,0,btc,0.0,0.0,0.0,43
1,[],12,[],2019-03-05 01:54:08,639326.02,0.00000004,0.000000000001486676,6845775,2019-03-05 01:54:08,btc,11116042.728239931,0.0,0.00000004,btc,1103841.4595604,0.0003330765234764,0.014975410599999999,44
1,[],4,[],2019-03-12 01:35:50,299823452.8975947,0.00000002,0.000000000000768924,6908539,2019-03-12 01:35:50,btc,473.7305804448238,0.0,0.00000002,"btc,ltc",12489308.09745326,0.00628445,0.30494257475503433,49
0.0000000001414684,[],4,[],2019-03-12 01:35:51,381004426.206,1.4146840000000002e-18,5.43892240008e-23,6908540,2019-03-12 01:35:51,ltc,25.8662995548749,0.0,0.00000001,ltc,10684591006.473389,0.0,5.39000865682809e-10,52
0.00000000012558120000000002,[],22,[],2019-03-12 01:35:54,80645562.0,1.255812e-18,4.82811993144e-23,6908541,2019-03-12 01:35:54,XMR,4368.67077283,0.0,0.00000001,XMR,279827473.5359664,0.0,0.80645562,57
0.0000000003434439,[],27,[],2019-03-12 01:35:56,2000.0,3.4344390000000002e-18,1.320411286818e-22,6908542,2019-03-12 01:35:56,eth,0.0,0.0,0.00000001,"btc,eth",0.0,0.0,6.868878000000001e-15,57
0.0000000001414684,[],4,[],2019-03-12 01:35:57,482649089.30196166,2.8293680000000004e-18,1.087784480016e-22,6908543,2019-03-12 01:35:57,ltc,18.65741615355296,0.0,0.00000002,ltc,4772526071.700396,0.0,8.459259475803675e-10,58
1,[],12,[],2019-03-12 01:35:58,1225091515.0,0.0000000003,0.00000000000001153386,6908544,2019-03-12 01:35:58,btc,4023018.8148826407,0.0,0.0000000003,btc,1662978535.8261738,0.06403107346753248,0.3152485786,58
0,[],17,[],2019-03-12 01:36:00,0.0,0,0,6908545,2019-03-12 01:36:00,btc,1e+24,0.0,0,btc,49226522.0897055,0.0,0.0,58
0.00000000012558120000000002,[],22,[],2019-03-12 01:36:03,137438.0,1.255812e-18,4.82811993144e-23,6908546,2019-03-12 01:36:03,XMR,69.8835922,0.0,0.00000001,XMR,9887963.0,0.0,0.00137438,58
1,[],5,[],2019-03-12 01:36:05,0.0,0,0,6908547,2019-03-12 01:36:05,btc,0.0,0.01413303,0,btc,0.0,0.0,0.0,61
1,[],22,[],2019-03-12 01:36:14,13757.0,0.00000012,0.000000000004613544,6908548,2019-03-12 01:36:14,BTC,1002.2960049,0.0,0.00000012,BTC,14976.68361146909,0.0,0.00154987,61
1,[],26,[],2019-03-12 01:36:14,0.0,0.00000800,0.0000000003075696,6908549,2019-03-12 01:36:14,btc,0.0,0.0,0.00000800,btc,0.0,0.0,0.0,61
1,[],27,[],2019-03-12 01:36:17,4411.22008,0.00000047,0.000000000018069714,6908550,2019-03-12 01:36:17,btc,2.8990263703141324,0.0,0.00000047,"btc,eth",19485.01257617,0.0,0.0012437599594887696,61
1,[],28,[],2019-03-12 01:36:24,13880.304,0.0000005,0.0000000000192231,6908551,2019-03-12 01:36:24,btc,2.056312978300105,754.0,0.0000005,btc,9730.59500005,0.0,0.00566391304,61
1,[],4,[],2019-03-12 01:36:25,1244922.00779027,0.00000190,0.00000000007304778,6908552,2019-03-12 01:36:25,btc,9.204888326113442,0.0,0.00000190,btc,801382.27215209,0.07277322,0.8941016981910487,67
0.0,[],25,[],2019-03-12 01:36:26,0.0,0,0,6908553,2019-03-12 01:36:26,,0.0,0.0,0.0,btc,0.0,0.0,0.0,67
1,[],12,[],2019-03-12 01:36:28,3101641.55176666,0.00000013,0.000000000004998006,6908554,2019-03-12 01:36:28,btc,1111115.0330144477,0.0,0.00000013,btc,966214.4007334,0.0903829140216317,0.1430023850629996,71
,[],5,[],2018-11-20 23:02:39,1.5e-07,0.00000005,0.000000000002128045,4862160,2018-11-20 23:02:39,btc,2.84511358,0.0,,btc,0.00036572,0.0,0.07381892,74
1,[],5,[],2019-03-12 01:36:31,0.0,0,0,6908555,2019-03-12 01:36:31,btc,0.0,0.0,0,btc,0.0,0.0,0.0,75
1,[],4,[],2019-03-12 01:36:32,13132756.89824166,0.00000001,0.000000000000384462,6908556,2019-03-12 01:36:32,btc,11388.985544584346,0.0,0.00000001,btc,40019471.49932191,0.0,0.1313275689824166,81
0,[],20,[],2019-01-25 09:30:31,0.0,0,0,6495923,2019-01-25 09:30:31,btc,0.0,0.0,0,btc,0.0,0.0,0.0,81
1,[],4,[],2019-03-12 01:36:34,24656.56748197,0.00006903,0.000000002653941186,6908557,2019-03-12 01:36:34,btc,18.138669894127727,0.0,0.00006903,btc,12537.28960772,0.05833839,0.1450242815684038,82
1,[],21,[],2019-03-12 01:36:35,765435.19095645,0.00007189999999999999939336720045,0.00000000276428178,6908558,2019-03-12 01:36:35,btc,3.456106237035902,10962.39656579,0.000071899999999999999393367200450910559084150008857250213623046875,btc,41542.37145898,0.81031393,2.881445386845773,82
0,[],17,[],2019-03-12 00:35:43,0.0,0,0,6908184,2019-03-12 00:35:43,btc,0.0447233088476774,0.0,0,btc,999127.19588126,0.0,0.0,84
0.0000000001414684,[],4,[],2019-03-12 01:36:47,184939196.15514478,4.244052e-18,1.631676720024e-22,6908559,2019-03-12 01:36:47,ltc,1.681621445393217,0.0,0.00000003,ltc,390717659.4621684,0.00050898,4.1883468903351715e-10,85
,[],22,[],2018-11-20 23:09:34,3408.1,0.0000001,0.0000000000041895,4862324,2018-11-20 23:09:34,BTC,0.04624735,0.0,,BTC,4990.0,0.0,0.00033081,86
1,[],22,[],2019-03-12 01:36:50,131206.83333333334,0.00000006,0.000000000002306772,6908560,2019-03-12 01:36:50,BTC,2.07833135,0.0,0.00000006,BTC,169425.94736842104,0.00014658,0.00241241,87
1,[],27,[],2019-03-12 01:36:52,55.0,0.00000001,0.000000000000384462,6908561,2019-03-12 01:36:52,btc,10.3863659378006,85.18762963,0.00000001,btc,9114.9236248,0.09707982,5.5e-07,87
,[],2,[],2018-11-20 23:10:47,0.0,0,0,4862359,2018-11-20 23:10:47,,0.0,0.0,,,0.0,0.0,0.0,88
1,[],11,[],2019-03-12 01:36:54,94882.99065341,0.0001475199999999999970513864244736623732023872435092926025390625,0.000000005671583424,6908562,2019-03-12 01:36:54,btc,611.4326198396274,1607.21286624,0.0001475199999999999970513864244736623732023872435092926025390625,btc,97208.88509325,0.0,6.549475921391873,89
0,[],2,[],2019-01-20 23:31:45,0.0,0,0,6477083,2019-01-20 23:31:45,,0.0,0.0,0,,0.0,0.0,0.0,91
1,[],12,[],2019-03-12 01:36:55,272366.17036272,0.00000085,0.00000000003267927,6908563,2019-03-12 01:36:55,btc,60.897597346026025,0.0,0.00000085,btc,98450.83669253,0.0219739334,0.049397592599994,91
1,[],22,[],2019-03-12 01:37:10,65900.0,0.00000001,0.000000000000384462,6908564,2019-03-12 01:37:10,BTC,3e-06,0.0,0.00000001,BTC,1.0,0.0,0.000659,91
0,[],17,[],2019-03-11 23:35:09,0.0,0,0,6907832,2019-03-11 23:35:09,btc,0.0,0.0,0,btc,0.0,0.0,0.0,91
0,[],22,[],2019-03-12 01:37:12,0.0,0,0,6908565,2019-03-12 01:37:12,,7.50307462,0.0,0,,70597140.95714286,0.0,0.0,95
0.0000000001414684,[],4,[],2019-03-12 01:37:14,633894221.4316336,7.3563568e-17,2.8282396480416e-21,6908566,2019-03-12 01:37:14,ltc,11.894590632089173,0.0,0.00000052,ltc,135939400.56165135,0.00025948,1.5506374805414527e-09,96
0,[],12,[],2019-03-12 01:37:15,0.0,0,0,6908567,2019-03-12 01:37:15,btc,10.18976946004995,0.0,0,btc,3076363.004995,4.995005e-08,0.0,96
0,[],17,[],2019-03-12 00:44:46,0.0,0,0,6908379,2019-03-12 00:44:46,btc,0.0,0.0,0,btc,0.0,0.0,0.0,96
1,[],4,[],2019-03-12 01:37:27,2360265.04156205,0.00000024,0.000000000009227088,6908568,2019-03-12 01:37:27,btc,2.5056526553155183,0.0,0.00000024,btc,2568385.47296296,0.04045329,0.2916850977897354,99
0,[],2,[],2019-01-20 23:23:55,0.0,0,0,6476914,2019-01-20 23:23:55,,0.0,0.0,0,,0.0,0.0,0.0,100
1,[],4,[],2019-03-12 01:37:28,288774.93155343,0.00003456,0.000000001328700672,6908569,2019-03-12 01:37:28,btc,11.907104977802785,0.0,0.00003456,btc,182923.09076838,1.18197855,1.5968789472454004,100
1,[],22,[],2019-03-12 01:37:32,50000.0,0.00000001,0.000000000000384462,6908570,2019-03-12 01:37:32,BTC,23.49896609,0.0,0.00000001,BTC,10277.22,0.0,0.0005,101
1,[],4,[],2019-03-12 01:37:33,471078.31390362,0.00000088,0.000000000033832656,6908571,2019-03-12 01:37:33,btc,308.07774710234384,0.0,0.00000088,btc,501821.21432851,0.01908102,0.2393108345440812,103
1,[],12,[],2019-03-12 01:37:36,21556705.53717996,0.000000009,0.00000000000034601579999999997,6908572,2019-03-12 01:37:36,btc,3859738.353479157,0.0,0.000000009,btc,74623209.66637652,0.01145742464047162,0.047223276896819204,105
1,[],27,[],2019-03-12 01:37:38,223920.39,0.00000001,0.000000000000384462,6908573,2019-03-12 01:37:38,btc,36.605890344913405,998.0,0.00000001,btc,1300442.23571724,1.996e-05,0.0022392039,105
1,[],22,[],2019-03-12 01:37:42,9328.0,0.00000001,0.000000000000384462,6908574,2019-03-12 01:37:42,BTC,51.10837004,0.0,0.00000001,BTC,470435.0,0.0,9.328e-05,107
1,[],26,[],2019-03-12 01:37:42,0.0,0.00000000,0,6908575,2019-03-12 01:37:42,btc,0.0,0.0,0.00000000,btc,0.0,0.0,0.0,107
1,[],5,[],2019-03-12 01:37:45,0.0,0,0,6908576,2019-03-12 01:37:45,btc,0.0,0.00055855,0,btc,0.0,0.0,0.0,112
1,[],22,[],2019-03-12 01:37:48,1966.0,0.00000001,0.000000000000384462,6908577,2019-03-12 01:37:48,BTC,2.7975128,0.0,0.00000001,BTC,826524.0833333334,0.0,1.966e-05,112
0.0000000003434439,[],27,[],2019-03-12 01:37:50,2000.0,3.4344390000000002e-18,1.320411286818e-22,6908578,2019-03-12 01:37:50,eth,1.24996908,0.0,0.00000001,"btc,eth",1289.0,0.0,6.868878000000001e-15,112
1,[],4,[],2019-03-12 01:37:51,1304509.01697826,0.00000192,0.000000000073816704,6908579,2019-03-12 01:37:51,btc,5.807438683439423,0.0,0.00000192,btc,371041.96219977,0.01617623,1.0010523609221493,113
1,[],5,[],2019-03-12 01:37:53,0.0,0,0,6908580,2019-03-12 01:37:53,btc,0.0,0.00155211,0,btc,0.0,0.0,0.0,113
0,[],27,[],2019-03-12 01:38:06,0.0,0,0,6908581,2019-03-12 01:38:06,,0.0,0.0,0,btc,0.0,0.0,0.0,116
1,[],17,[],2019-03-11 23:35:55,152738.278,0.00000004,0.0000000000015490360000000001,6907850,2019-03-11 23:35:55,btc,1.33680302678,0.0,0.00000004,btc,50696.221,0.0,0.0022095311199999998,116
1,[],4,[],2019-03-12 01:38:08,66572.30353031,0.00003909,0.000000001502861958,6908582,2019-03-12 01:38:08,btc,28.862848357370527,0.0,0.00003909,btc,16739.86004696,3.69913124,1.0143354500602546,120
1,[],7,[],2019-03-12 01:38:09,21209.94938955,0.00002203000000000000083480965196169876207932247780263423919677734375,0.000000000846969786,6908583,2019-03-12 01:38:09,btc,115646.95752039562,29459.9891723,0.00002203000000000000083480965196169876207932247780263423919677734375,btc,28780.10228655,0.93476546,0.061805502615632904,120
1,[],20,[],2019-03-12 01:38:12,2937389.9447,0.000000034,0.0000000000013071708,6908584,2019-03-12 01:38:12,btc,33.6158440906568,11449.45,0.000000034,btc,1013150.479,0.0003892813,0.0383934713636,125
1,[],22,[],2019-03-12 01:38:15,3053.0,0.00000001,0.000000000000384462,6908585,2019-03-12 01:38:15,BTC,0.01444887,0.0,0.00000001,BTC,296263.5111111111,0.0,3.053e-05,126
0,[],2,[],2019-01-20 23:25:46,0.0,0,0,6476969,2019-01-20 23:25:46,,0.0,0.0,0,,0.0,0.0,0.0,131
1,[],4,[],2019-03-12 01:38:17,134700.626127,0.00001299,0.000000000499416138,6908586,2019-03-12 01:38:17,btc,3.655233842764277,0.0,0.00001299,btc,124146.41288976,0.18233342,0.5071105200543458,131
0,[],17,[],2019-03-12 01:38:18,0.0,0,0,6908587,2019-03-12 01:38:18,btc,0.0009561751951600001,0.0,0,btc,35.42829368,0.0,0.0,131
1,[],4,[],2019-03-12 01:38:20,4577.37840843,0.00016000,0.000000006151392,6908588,2019-03-12 01:38:20,btc,1.6163768199037516,0.0,0.00016000,btc,221.76377188,0.0029265,0.0113827415377885,135
1,[],3,[],2019-03-07 00:20:44,877702.73244099,0.00000004,0.00000000000154846,6863392,2019-03-07 00:20:44,btc,0.119366241821405,0.0,0.00000004,btc,760637.99421222,0.0,0.023771231960604298,136
1,[],4,[],2019-03-12 01:38:21,261507.4049466,0.00000152,0.000000000058438224,6908589,2019-03-12 01:38:21,btc,38.60365750281027,0.0,0.00000152,btc,530998.30399227,0.05273464,0.0337285733070927,137
1,[],12,[],2019-03-12 01:38:22,141992.00884759,0.000001489999999999999921986774779891771203210737439803779125213623046875,0.000000000057284837999999996,6908590,2019-03-12 01:38:22,btc,5.047023840208807,0.0,0.000001489999999999999921986774779891771203210737439803779125213623046875,btc,4164.89513535,7.316255745e-05,0.009349569999986299,137
1,[],4,[],2019-03-12 01:38:24,11099.20265512,0.00003212,0.000000001234891944,6908591,2019-03-12 01:38:24,btc,28.751312799370126,0.0,0.00003212,btc,52210.47785528,0.19929913,0.2329269661697074,142
1,[],5,[],2019-03-12 01:38:26,0.0,0,0,6908592,2019-03-12 01:38:26,btc,0.0,0.11081256,0,btc,0.0,0.0,0.0,142
1,[],17,[],2019-03-12 01:38:28,22967.386363640002,0.00000088,0.000000000033832656,6908593,2019-03-12 01:38:28,btc,20.069913352688516,0.0,0.00000088,btc,2746.079105,0.0,0.0104613000000032,142
1,[],20,[],2019-03-12 01:38:30,139725.1108,0.000033,0.0000000012687246,6908594,2019-03-12 01:38:30,btc,0.3361564156272,0.0699,0.000033,btc,2245.1871,2.3067e-06,0.3091462594257,142
1,[],22,[],2019-03-12 01:38:33,1470.8988921568628,0.00004000,0.000000001537848,6908595,2019-03-12 01:38:33,BTC,3.00385504,0.0,0.00004000,BTC,891.218,0.0,0.0012358,142
0.0,[],25,[],2019-03-12 01:38:34,0.0,0,0,6908596,2019-03-12 01:38:34,,0.0,0.0,0.0,btc,0.0,0.0,0.0,142
1,[],28,[],2019-03-12 01:38:41,76600.0,0.00002270,0.00000000087272874,6908597,2019-03-12 01:38:41,btc,0.067100461059305,1376.0,0.00002270,btc,552.61077999,0.0,0.0154572,142
0,[],22,[],2019-03-12 01:38:44,0.0,0,0,6908598,2019-03-12 01:38:44,,65.83990167,0.0,0,,1043231670.8,0.0,0.0,143
0,[],22,[],2019-02-25 15:42:22,0.0,0,0,6783783,2019-02-25 15:42:22,,4.2131946,0.0,0,,2322156.0,0.0,0.0,146
,[],22,[],2018-11-20 23:01:11,0.0,0,0,4862114,2018-11-20 23:01:11,,2.56807021,0.0,,,61828.4988236,0.0,0.0,147
1,[],12,[],2019-03-12 01:38:45,316682.05034855,0.000001489999999999999921986774779891771203210737439803779125213623046875,0.000000000057284837999999996,6908599,2019-03-12 01:38:45,btc,7.9130989560146165,0.0,0.000001489999999999999921986774779891771203210737439803779125213623046875,btc,97089.32942272,0.0030448,0.0287794699999771,148
1,[],4,[],2019-03-12 01:38:46,248916.16150237,0.00000030,0.00000000001153386,6908600,2019-03-12 01:38:46,btc,219.9982185864021,0.0,0.00000030,btc,839448.52649005,0.00079798,0.0590442000901699,152
0,[],22,[],2019-03-12 01:38:49,0.0,0,0,6908601,2019-03-12 01:38:49,,0.0,0.0,0,,0.0,0.0,0.0,152
1,[],5,[],2019-03-12 01:38:50,0.0,0,0,6908602,2019-03-12 01:38:50,btc,0.0,1.368e-05,0,btc,0.0,0.0,0.0,153
,[],16,[],2019-01-11 15:38:59,0.0,0,0,6366141,2019-01-11 15:38:59,btc,0.0,0.0,,btc,0.0,0.0,0.0,155
0,[],23,[],2019-01-20 23:24:29,0.0,0,0,6476932,2019-01-20 23:24:29,,0.0,0.0,0,,0.0,0.0,0.0,156
0,[],22,[],2019-03-12 01:38:53,0.0,0,0,6908603,2019-03-12 01:38:53,,6.7463781,0.0,0,,4673397.242592593,0.0,0.0,156
1,[],22,[],2019-03-12 01:39:08,7073.8,0.00005300,0.0000000020376486,6908604,2019-03-12 01:39:08,BTC,1.79802465,0.0,0.00005300,BTC,802.6461988741639,0.0,0.00104336,157
0,[],22,[],2019-03-12 01:41:17,0.0,0,0,6908605,2019-03-12 01:41:17,,0.0,0.0,0,,0.0,0.0,0.0,158
,[],17,[],2018-11-20 22:56:10,0.0,0,0,4861976,2018-11-20 22:56:10,btc,1.1265625,0.0,,btc,1000.0,0.0,0.0,159
,[],20,[],2018-11-20 22:56:12,0.0,0,0,4861977,2018-11-20 22:56:12,btc,11912.7940471,0.0,,btc,34413894.3617,0.0,0.0,159
1,[],12,[],2019-03-12 01:41:19,213378.27603722,0.00000760999999999999998385839805603580998649704270064830780029296875,0.000000000292575582,6908606,2019-03-12 01:41:19,btc,1.7038313127,0.0,0.00000760999999999999998385839805603580998649704270064830780029296875,btc,9475.36,0.0075893844586216,0.1069651346996649,168
1,[],17,[],2019-03-12 00:46:42,29784.95,0.000001,0.000000000038461,6908415,2019-03-12 00:46:42,btc,0.03026736251542,0.0,0.000001,btc,144.46171372,0.0,0.00716147,168
0,[],22,[],2019-03-12 01:41:22,0.0,0,0,6908607,2019-03-12 01:41:22,,1.1340533,0.0,0,,524928.174707144,0.0,0.0,169
1,[],22,[],2019-03-12 01:41:25,203317.33333333334,0.00000012,0.000000000004613544,6908608,2019-03-12 01:41:25,BTC,14.35014065,0.0,0.00000012,BTC,154316.84606176137,0.00054003,0.00233108,171
1,[],22,[],2019-03-12 01:41:30,805665.0833333334,0.00000011,0.000000000004229082,6908609,2019-03-12 01:41:30,BTC,2.19573819,0.0,0.00000011,"BTC,LTC",297248.8162563896,0.00311016,0.02746519,173
1,[],5,[],2019-03-05 01:59:40,0.0,0,0,6845846,2019-03-05 01:59:40,btc,0.0,0.00384852,0,btc,0.0,0.0,0.0,175
1,[],22,[],2019-03-12 01:41:33,35500.0,0.00000012,0.000000000004613544,6908610,2019-03-12 01:41:33,BTC,0.54559973,0.0,0.00000012,BTC,137776.41444619838,0.0,0.00206,176
1,[],7,[],2019-03-12 01:41:34,0.0,0,0,6908611,2019-03-12 01:41:34,btc,408082.77102362673,799112.887113,0,btc,114863618.23151591,0.00799113,0.0,178
0,[],22,[],2019-03-12 01:41:37,0.0,0,0,6908612,2019-03-12 01:41:37,,1.00242438,0.0,0,,57522.0,0.0,0.0,178
0,[],2,[],2019-01-20 23:28:34,0.0,0,0,6477001,2019-01-20 23:28:34,,0.0,0.0,0,,0.0,0.0,0.0,178
0,[],23,[],2019-01-20 23:25:08,0.0,0,0,6476952,2019-01-20 23:25:08,,0.0,0.0,0,,0.0,0.0,0.0,179
1,[],5,[],2019-03-12 01:41:39,0.0,0,0,6908613,2019-03-12 01:41:39,btc,0.0,0.68403467,0,btc,0.0,0.0,0.0,179
1,[],22,[],2019-03-12 01:41:43,6867106.0,0.00000002,0.000000000000768924,6908614,2019-03-12 01:41:43,BTC,5.65174896,0.0,0.00000002,"BTC,LTC",17774331.756535422,2.673e-05,0.37228284,179
1,[],17,[],2019-03-12 01:41:45,10504.725,0.0000001,0.0000000000038446199999999994,6908615,2019-03-12 01:41:45,btc,5.20106958384396,0.0,0.0000001,btc,5033.45945,0.0,0.0010504725,180
1,[],22,[],2019-03-12 01:41:58,667491.6079673136,0.00000178,0.000000000068434236,6908616,2019-03-12 01:41:58,BTC,0.21140043,0.0,0.00000178,"BTC,LTC",60048.642132962006,0.00036708,0.5743163,180
1,[],26,[],2019-03-12 01:41:58,0.0,0.00000125,0.00000000004805775,6908617,2019-03-12 01:41:58,btc,0.0,0.0,0.00000125,btc,0.0,0.0,0.0,180
,[],7,[],2018-11-20 22:58:01,562227.975654,0.00000085,0.000000000036176765,4862015,2018-11-20 22:58:01,btc,21836.6059674,2491.87645172,,btc,749999.041456,0.00211021,0.127565380455,183
,[],5,[],2019-01-10 08:11:41,0.0,0,0,6347036,2019-01-10 08:11:41,btc,82.15055501,0.00261,,btc,1.19002445,0.0,0.0,187
,[],17,[],2018-11-16 20:58:10,4062536.27273,0.00000001,0.000000000000550501,4708775,2018-11-16 20:58:10,btc,3.36492563466,0.195460381006,,"btc,eth",110697919.549,0.0,0.0157628953496,187
1,[],24,[],2019-03-12 01:41:58,0.0,0.000000000001,3.84462e-17,6908618,2019-03-12 01:41:58,btc,0.0,0.0,0.000000000001,btc,0.0,0.0,0.0,187
0,[],22,[],2019-03-11 21:22:26,0.0,0,0,6906918,2019-03-11 21:22:26,,7.54797454,0.0,0,,79361.7243344055,0.0,0.0,191
0,[],22,[],2019-03-12 01:42:03,0.0,0,0,6908619,2019-03-12 01:42:03,,0.0,0.0,0,,0.0,0.0,0.0,197
0,[],23,[],2019-01-20 23:31:41,0.0,0,0,6477079,2019-01-20 23:31:41,,0.0,0.0,0,,0.0,0.0,0.0,199
0,[],22,[],2019-03-12 01:42:06,0.0,0,0,6908620,2019-03-12 01:42:06,,5.19581047,0.0,0,,21561978.0,0.0,0.0,199
1,[],26,[],2019-03-12 01:42:06,0.0,0.00000000,0,6908621,2019-03-12 01:42:06,btc,0.0,128603.0,0.00000000,btc,0.0,0.0,0.0,199
0,[],17,[],2019-01-30 16:32:01,0.0,0,0,6540827,2019-01-30 16:32:01,btc,6.802544163788159,0.0,0,btc,105897.55575295,0.0,0.0,200
0,[],2,[],2019-01-20 23:30:49,0.0,0,0,6477059,2019-01-20 23:30:49,,0.0,0.0,0,,0.0,0.0,0.0,201
1,[],4,[],2019-01-25 15:51:35,2084389.58565343,0.00000936,0.000000000333526752,6499557,2019-01-25 15:51:35,btc,2.0092503037378524,0.0,0.00000936,btc,160195.80207885,0.19272417,1.242687955921835,211
1,[],7,[],2019-03-12 01:42:09,5549428.11257793,0.000001030000000000000091033409109486651544784763245843350887298583984375,0.000000000039599586000000004,6908622,2019-03-12 01:42:09,btc,15476652.868741265,1142931.38419,0.000001030000000000000091033409109486651544784763245843350887298583984375,btc,13066914.32558608,0.0,2.3396882522213858,212
1,[],12,[],2019-01-25 02:44:32,207462.42853209,0.000001080000000000000035831255497387193287295303889550268650054931640625,0.000000000038610756000000006,6493050,2019-01-25 02:44:32,btc,85023.03793723314,0.0,0.000001080000000000000035831255497387193287295303889550268650054931640625,btc,43675.73520027,0.000146250909087,0.0348620860622024,213
1,[],5,[],2019-03-12 01:42:11,0.0,0,0,6908623,2019-03-12 01:42:11,btc,0.0,0.21598501,0,btc,0.0,0.0,0.0,213
1,[],24,[],2019-03-12 01:42:11,0.0,0.000000120000,0.000000000004613544,6908624,2019-03-12 01:42:11,btc,0.0,0.0,0.000000120000,btc,0.0,0.0,0.0,213
1,[],26,[],2019-03-12 01:42:11,0.0,0.00000010,0.00000000000384462,6908625,2019-03-12 01:42:11,btc,0.0,0.0,0.00000010,btc,0.0,0.0,0.0,213
1,[],22,[],2019-03-12 01:44:13,25000.0,0.00000001,0.000000000000384462,6908626,2019-03-12 01:44:13,BTC,2.27976838,0.0,0.00000001,BTC,651386.3963726171,0.000984,0.00025,216
1,[],27,[],2019-03-12 01:44:15,1298122.0,0.00000003,0.000000000001153386,6908627,2019-03-12 01:44:15,btc,317.9840526547724,0.0,0.00000003,"btc,ltc",240753.990324,0.0,0.03375764000025464,216
1,[],22,[],2019-03-12 01:44:18,162927.0,0.00000153,0.000000000058822686,6908628,2019-03-12 01:44:18,BTC,12673.57473066,0.0,0.00000153,BTC,424952.5570440168,0.04027662,0.16790381,217
1,[],7,[],2019-03-12 01:44:21,0.0,0,0,6908629,2019-03-12 01:44:21,btc,77971.81411323446,0.0,0,btc,135963412.7426053,0.0,0.0,219
0,[],27,[],2019-03-12 01:44:22,0.0,0,0,6908630,2019-03-12 01:44:22,,0.0404796,0.0,0,btc,2057905.0,0.0,0.0,219
0.0000000000000051,[],28,[],2019-03-12 01:44:29,168493275.591,8.925e-18,3.43132335e-22,6908631,2019-03-12 01:44:29,doge,85316.7452937405,14319.0,0.00175000,"btc,doge",4047843.04751,0.0,1.631601065422737e-11,219
1,[],22,[],2019-03-12 01:44:33,438339.0,0.00000007,0.000000000002691234,6908632,2019-03-12 01:44:33,BTC,18.0683074,0.0,0.00000007,BTC,93423.54541875875,0.00015106,0.02057961,221
1,[],24,[],2019-03-12 01:44:33,0.0,0.000000200000,0.00000000000768924,6908633,2019-03-12 01:44:33,btc,0.0,0.0,0.000000200000,btc,0.0,0.0,0.0,221
1,[],20,[],2019-03-12 01:44:35,42294460.0253,0.000000002,0.0000000000000768924,6908634,2019-03-12 01:44:35,btc,48.4370041141303,1914140.0,0.000000002,btc,14535589.9079,0.008552184,0.0454835905253,224
0,[],22,[],2019-03-12 01:44:38,0.0,0,0,6908635,2019-03-12 01:44:38,,0.0,0.0,0,,0.0,0.0,0.0,224
1,[],26,[],2019-03-12 01:44:38,0.0,0.00000035,0.00000000001345617,6908636,2019-03-12 01:44:38,btc,0.0,0.0,0.00000035,btc,0.0,0.0,0.0,231
1,[],26,[],2019-03-12 01:44:38,0.0,0.00000005,0.00000000000192231,6908637,2019-03-12 01:44:38,btc,0.0,0.0,0.00000005,btc,0.0,0.0,0.0,234
0.0000000003434439,[],27,[],2019-03-12 01:44:40,2000.0,3.4344390000000002e-18,1.320411286818e-22,6908638,2019-03-12 01:44:40,eth,0.01134836604,0.0,0.00000001,"btc,eth",11462.996,0.0,6.868878000000001e-15,234
1,[],4,[],2019-03-12 01:44:41,727664.03128592,0.00000065,0.00000000002499003,6908639,2019-03-12 01:44:41,btc,4.743325610376224,0.0,0.00000065,btc,1236360.18630717,0.31870565,0.1614331464799854,236
1,[],24,[],2019-03-12 01:44:41,0.0,0.000000500000,0.0000000000192231,6908640,2019-03-12 01:44:41,btc,0.0,0.0,0.000000500000,btc,0.0,0.0,0.0,236
1,[],20,[],2019-03-12 01:44:43,199395324.4552,0.000000055,0.000000000002114541,6908641,2019-03-12 01:44:43,btc,13.3216002219614,3821702.8972,0.000000055,btc,35873494.1291,0.212290276033,0.3353111639842,237
0.0000000001414684,[],22,[],2019-03-12 01:44:46,751594.9,2.4049628e-17,9.246168080136001e-22,6908642,2019-03-12 01:44:46,LTC,0.0405823,0.0,0.00000017,LTC,3164.0,0.0,0.12541949,237
1,[],4,[],2019-03-12 01:44:47,7459780.83388913,0.00000033,0.000000000012687246,6908643,2019-03-12 01:44:47,btc,7.049978962119723,0.0,0.00000033,btc,10414074.67155731,0.46839434,1.7908090575020357,238
1,[],5,[],2019-03-12 01:44:49,0.0,0,0,6908644,2019-03-12 01:44:49,btc,0.0,0.02844657,0,btc,0.0,0.0,0.0,238
0,[],22,[],2019-03-12 01:44:52,0.0,0,0,6908645,2019-03-12 01:44:52,,0.40415746,0.0,0,,526736.5639027493,0.0,0.0,249
0.0000000001414684,[],22,[],2019-03-12 01:44:56,49087200.666666664,5.658736000000001e-18,2.175568960032e-22,6908646,2019-03-12 01:44:56,LTC,0.91170414,0.0,0.00000004,LTC,18043577.253636364,0.0,1.18162413,252
1,[],28,[],2019-03-12 01:45:03,1871585.99,0.00000037,0.000000000014225094,6908647,2019-03-12 01:45:03,btc,164793.7947841498,201407.4625,0.00000037,btc,3247174.7553,0.0,0.41227254177,256
1,[],22,[],2019-03-12 01:45:07,1370143.3333333333,0.00000004,0.000000000001537848,6908648,2019-03-12 01:45:07,BTC,31.44552861,0.0,0.00000004,BTC,579267.3568978057,0.00036214,0.02031393,258
1,[],22,[],2019-03-12 01:45:11,47146.0,0.00000001,0.000000000000384462,6908649,2019-03-12 01:45:11,BTC,2.415167,0.0,0.00000001,BTC,157.0,0.0,0.00047146,259
1,[],5,[],2019-03-12 01:45:12,0.0,0,0,6908650,2019-03-12 01:45:12,btc,0.0,0.24955819,0,btc,0.0,0.0,0.0,264
1,[],20,[],2019-03-12 01:45:14,1216610.4667,0.00000201,0.000000000077276862,6908651,2019-03-12 01:45:14,btc,7.4591550807566,127627.5425,0.00000201,btc,101445.3752,0.2633824366008,0.0175647627732,264
0,[],22,[],2019-03-11 15:43:45,0.0,0,0,6904332,2019-03-11 15:43:45,,8.75660439,0.0,0,,474745.2241309945,0.0,0.0,271
0,[],22,[],2019-03-12 01:45:16,0.0,0,0,6908652,2019-03-12 01:45:16,,111821.59221834,0.0,0,,14047917297.692,0.0,0.0,272
0.0000000000000051,[],28,[],2019-03-12 01:45:22,221752716519.555,5.1e-21,1.9607562e-25,6908653,2019-03-12 01:45:22,doge,38497805.33671993,17357111398.492,0.00000100,doge,244927663659.4739,0.0,6.255272644582365e-10,272
1,[],22,[],2019-03-12 01:45:26,165118.08,0.00000100,0.0000000000384462,6908654,2019-03-12 01:45:26,BTC,234.95195575,0.0,0.00000100,"BTC,LTC",42439.32611909192,9.84e-05,0.0590295,281
1,[],22,[],2019-03-12 01:45:30,1522971.5892857143,0.00000014,0.000000000005382468,6908655,2019-03-12 01:45:30,BTC,1111.28790703,0.0,0.00000014,BTC,122850.03514819278,0.00224826,0.06562208,286
0,[],22,[],2019-03-12 01:45:33,0.0,0,0,6908656,2019-03-12 01:45:33,,1044638.82491513,0.0,0,,702226356.0,0.0,0.0,294
