pairValue,buyBook,exchangeId,sellBook,updated,buyTotal,satoshiPrice,usdPrice,exchangeLogId,created,bestPair,sellTotalBtc,volume,pairPrice,activePairs,sellTotal,volumeBtc,buyTotalBtc,coinId
1,[],3,[],2019-05-24 10:40:38,512.231594195836,0.0102525499999999991640464713782421313226222991943359375,0.0000008159799494,7677763,2019-05-24 10:40:38,btc,3.286170693654244,66.6882838861,0.0102525499999999991640464713782421313226222991943359375,btc,27.041099559228,0.0,0.1776449990352391,1
1,[],4,[],2019-05-24 10:40:39,207676.52568162,0.01067871,0.00000084989717148,7677764,2019-05-24 10:40:39,btc,8.675022350922715,0.0,0.01067871,btc,384.06852261,0.62698495,0.5462825128487204,1
1,[],5,[],2019-05-24 10:40:41,0.0,0,0,7677765,2019-05-24 10:40:41,btc,0.0,0.00759054,0,btc,0.0,0.0,0.0,1
1,[],10,[],2019-05-24 10:40:45,255914.26328316,0.00701221,0.00000055808776948,7677766,2019-05-24 10:40:45,btc,6522.389172536939,1554.32331396,0.00701221,btc,1376.87323411,0.0,2.444776347016774,1
1,[],12,[],2019-05-24 10:40:48,64.05492945,0.01068999999999999984956478016329128877259790897369384765625,0.00000085079572,7677767,2019-05-24 10:40:48,btc,0.2118450238965,0.0,0.01068999999999999984956478016329128877259790897369384765625,btc,18.90476057,1.164357010583,0.3003209637715,1
1,[],20,[],2019-05-24 10:40:50,972.7492,0.01026283,0.0000008167981140400001,7677768,2019-05-24 10:40:50,btc,0.2198297750629,0.2701,0.01026283,btc,16.817,0.0030757924446,0.1004042604387,1
1,[],21,[],2019-05-24 10:40:51,1965.03161245,0.01072636000000000075504935637,0.0000008536895396800001,7677769,2019-05-24 10:40:51,btc,11.011505278643408,2633.14793906,0.0107263600000000007550493563712734612636268138885498046875,"btc,eth",1379.57165725,27.354446411453242,17.081601822760575,1
1,[],22,[],2019-05-24 10:40:55,0.0025666666666666667,0.00900000,0.000000716292,7677770,2019-05-24 10:40:55,BTC,0.31629903,0.0,0.00900000,BTC,0.2505752479991019,0.0,2.31e-05,1
1,[],24,[],2019-05-24 10:40:55,0.0,0.000000000000,0,7677771,2019-05-24 10:40:55,btc,0.0,0.0,0.000000000000,btc,0.0,0.0,0.0,1
0.0,[],25,[],2019-05-24 10:40:56,0.0,0,0,7677772,2019-05-24 10:40:56,btc,10.249999999286391,6269.06757274,0.0,btc,928.88644277,68.3,0.0,1
1,[],26,[],2019-05-24 10:40:58,0.0,0,0,7677773,2019-05-24 10:40:58,,0.0,0.0,0,,0.0,0.0,0.0,1
0,[],28,[],2019-05-24 10:41:04,0.0,0,0,7677774,2019-05-24 10:41:04,,0.0,353148.8914,0,,0.0,0.0,0.0,1
0,[],2,[],2019-01-20 23:28:45,0.0,0,0,6477011,2019-01-20 23:28:45,,0.0,0.0,0,,0.0,0.0,0.0,1
1,[],5,[],2019-05-24 10:41:05,0.0,0,0,7677775,2019-05-24 10:41:05,btc,0.0,2.003e-05,0,btc,0.0,0.0,0.0,2
1,[],22,[],2019-05-24 10:41:09,11638.0,0.0000002,0.0000000000159176,7677776,2019-05-24 10:41:09,BTC,21.00897301,0.0,0.0000002,"BTC,XMR",20678.87287795317,0.0,0.00145435,2
1,[],5,[],2019-05-24 10:41:10,0.0,0,0,7677777,2019-05-24 10:41:10,btc,0.0,0.00859423,0,btc,0.0,0.0,0.0,3
1,[],12,[],2019-05-24 10:41:11,1795455.44151,0.000000119,0.000000000009470972,7677778,2019-05-24 10:41:11,btc,4655.3748915289125,0.0,0.000000119,btc,1792204.36786698,0.1027036330499079,0.16529118553969,3
0,[],28,[],2019-05-24 10:41:13,0.0,0,0,7677779,2019-05-24 10:41:13,,0.0,0.0,0,,0.0,0.0,0.0,3
0,[],2,[],2019-01-20 23:31:32,0.0,0,0,6477077,2019-01-20 23:31:32,,0.0,0.0,0,,0.0,0.0,0.0,4
1,[],4,[],2019-05-18 21:29:50,562734.9206932,0.00000010,0.000000000007298720000000001,7650946,2019-05-18 21:29:50,btc,41.9347137769675,0.0,0.00000010,btc,1123702.32192634,0.00052462,0.029254593370966,4
0,[],12,[],2019-05-24 08:56:14,0.0,0,0,7677305,2019-05-24 08:56:14,btc,0.385896894995005,0.0,0,btc,951410.4995005,4.995004995e-06,0.0,5
0,[],2,[],2019-01-20 23:31:51,0.0,0,0,6477087,2019-01-20 23:31:51,,0.0,0.0,0,,0.0,0.0,0.0,6
1,[],11,[],2019-05-24 10:41:14,7800289.776736,0.00000002,0.00000000000159176,7677780,2019-05-24 10:41:14,btc,9578.932972068536,94999.999998,0.00000002,btc,67784629.7051967,0.0,0.10437137276736,6
1,[],3,[],2019-05-24 10:41:15,11980.021692103792,0.0001052299999999999936817207668582341284491121768951416015625,0.00000000837504524,7677781,2019-05-24 10:41:15,btc,0.3376293688759332,134.140045119,0.0001052299999999999936817207668582341284491121768951416015625,btc,282.496061214518,0.0,0.02364529978790875,7
1,[],4,[],2019-05-24 10:41:16,3195823.15434041,0.00010000,0.000000007958800000000001,7677782,2019-05-24 10:41:16,btc,9.431156143580782,0.0,0.00010000,btc,54640.27969527,1.41395422,2.175826553998662,7
1,[],5,[],2019-05-24 10:41:17,0.0,0,0,7677783,2019-05-24 10:41:17,btc,0.0,0.10649107,0,btc,0.0,0.0,0.0,7
1,[],20,[],2019-04-07 22:06:50,3201475.0482,0.000000001,0.000000000000051590000000000004,7213932,2019-04-07 22:06:50,btc,30.8005781811902,0.0,0.000000001,btc,23077405.3926,0.0,0.0032014750482,8
0,[],2,[],2019-01-20 23:22:42,0.0,0,0,6476876,2019-01-20 23:22:42,,0.0,0.0,0,,0.0,0.0,0.0,9
0,[],23,[],2019-01-20 23:22:48,0.0,0,0,6476878,2019-01-20 23:22:48,,0.0,0.0,0,,0.0,0.0,0.0,9
1,[],4,[],2019-05-24 10:41:19,20941960.79696941,0.00000054,0.00000000004297752,7677784,2019-05-24 10:41:19,btc,4.006021177713047,0.0,0.00000054,btc,3472480.89264864,0.30772111,0.6602630246268553,9
0,[],28,[],2019-05-24 10:41:21,0.0,0,0,7677785,2019-05-24 10:41:21,,0.0,3509747.0,0,,0.0,0.0,0.0,9
1,[],1,[],2019-02-17 23:31:42,1822507.21,0.00000181000000000000003456111265232042484285557293333113193511962890625,0.000000000066086901,6701244,2019-02-17 23:31:42,btc,3.6990969245,17153386.5,0.00000181000000000000003456111265232042484285557293333113193511962890625,btc,1997391.71,31.11772986,3.2610482446,9
1,[],4,[],2019-02-17 11:22:43,4341674.27126056,0.00000002,0.0000000000007272960000000001,6696112,2019-02-17 11:22:43,btc,0.1997230937751353,0.0,0.00000002,btc,4109766.79808031,0.00215132,0.0479381022052112,10
1,[],4,[],2019-05-24 10:41:22,4743058.38486446,0.00000072,0.00000000005730336,7677786,2019-05-24 10:41:22,btc,4.705746678264157,0.0,0.00000072,btc,4285436.37046328,0.65948605,1.5446339085287595,12
0,[],2,[],2019-01-20 23:23:08,0.0,0,0,6476890,2019-01-20 23:23:08,,0.0,0.0,0,,0.0,0.0,0.0,12
1,[],5,[],2019-05-24 10:41:23,0.0,0,0,7677787,2019-05-24 10:41:23,btc,0.0,0.03976541,0,btc,0.0,0.0,0.0,12
0.0,[],25,[],2019-05-24 10:41:25,0.0,0,0,7677788,2019-05-24 10:41:25,,0.0,0.0,0.0,btc,0.0,0.0,0.0,12
1,[],4,[],2019-05-24 10:41:25,359807.33257151,0.00000616,0.00000000049026208,7677789,2019-05-24 10:41:25,btc,2.096761876149142,0.0,0.00000616,btc,251315.27741654,0.48866036,0.6148271218455589,13
1,[],10,[],2019-05-24 10:41:28,570251.61846448,0.00000622,0.00000000049503736,7677790,2019-05-24 10:41:28,btc,666802.6514836597,8413.25380891,0.00000622,btc,850109.44964748,0.0,0.2922654830478008,13
1,[],21,[],2019-05-24 10:41:29,1013373.72214731,0.000006299999999999999820792222910,0.0000000005014044,7677791,2019-05-24 10:41:29,btc,4.5195248445552965,792367.67777306,0.0000062999999999999998207922229098709721029081265442073345184326171875,btc,610031.94675501,5.11904615,5.276381313622991,13
1,[],4,[],2019-05-24 10:41:30,915072.13971636,0.00000076,0.00000000006048688,7677792,2019-05-24 10:41:30,btc,4.563890241878082,0.0,0.00000076,btc,819699.31259777,0.01325621,0.1328215789154576,14
1,[],12,[],2019-05-24 10:41:31,132568.5842883,0.00000071,0.00000000005650748,7677793,2019-05-24 10:41:31,btc,14.12985265414979,0.0,0.00000071,btc,17357.79953077,0.0,0.0138182299999728,14
1,[],26,[],2019-05-24 10:43:32,0.0,0.00000050,0.000000000039794,7677794,2019-05-24 10:43:32,btc,0.0,0.0,0.00000050,btc,0.0,0.0,0.0,14
0,[],17,[],2019-05-03 00:53:32,0.0,0,0,7558876,2019-05-03 00:53:32,btc,0.0,0.0,0,btc,0.0,0.0,0.0,14
0,[],4,[],2019-05-24 10:43:32,0.0,0,0,7677795,2019-05-24 10:43:32,,0.0,0.0,0,,0.0,0.0,0.0,15
,[],12,[],2018-12-01 15:15:48,204241.84496,0.00000489,0.000000000202473384,5260204,2018-12-01 15:15:48,btc,49.5475654835,0.0,,btc,35763.2193806,0.0163153972027625,0.0203389899998,15
1,[],4,[],2019-05-24 10:43:34,36979.32945735,0.00001250,0.0000000009948500000000001,7677796,2019-05-24 10:43:34,btc,1.0897421182995504,0.0,0.00001250,btc,17686.14844941,0.02358404,0.1036596848663655,18
1,[],10,[],2019-05-24 10:43:36,307482.85804186,0.00001204,0.0000000009582395200000001,7677797,2019-05-24 10:43:36,btc,15.301384474359349,2369.04463008,0.00001204,btc,10195.23688774,0.0,0.0716472583198551,18
1,[],12,[],2019-05-24 10:43:37,6946.48212997,0.000010910000000000000575680995928973260333805228583514690399169921875,0.0000000008683050800000001,7677798,2019-05-24 10:43:37,btc,0.020930991512578,0.0,0.000010910000000000000575680995928973260333805228583514690399169921875,btc,1147.429485,5.973e-07,0.0115586032459227,18
0,[],2,[],2019-01-20 23:23:38,0.0,0,0,6476906,2019-01-20 23:23:38,,0.0,0.0,0,,0.0,0.0,0.0,18
0,[],17,[],2019-05-03 00:53:39,0.0,0,0,7558882,2019-05-03 00:53:39,btc,0.0,0.0,0,btc,0.0,0.0,0.0,18
1,[],3,[],2019-05-24 10:45:38,155571.76014969076,0.000009300000000000000743827742455405171995153068564832210540771484375,0.0000000007401684,7677799,2019-05-24 10:45:38,btc,0.24232399559089998,3654.77071591,0.000009300000000000000743827742455405171995153068564832210540771484375,btc,5413.239736731293,0.0,0.04497209685872409,19
1,[],4,[],2019-05-24 10:45:38,198862.76480187,0.00000922,0.00000000073380136,7677800,2019-05-24 10:45:38,btc,3.731262364545076,0.0,0.00000922,btc,164301.63471341,0.31983674,0.8115495754065746,19
1,[],5,[],2019-05-24 10:45:40,0.0,0,0,7677801,2019-05-24 10:45:40,btc,0.0,0.00018763,0,btc,0.0,0.0,0.0,19
1,[],12,[],2019-05-24 10:45:41,14292.76030782,0.0000070299999999999996077638432512291188913877704180777072906494140625,0.00000000055950364,7677802,2019-05-24 10:45:41,btc,0.0543177916445413,0.0,0.0000070299999999999996077638432512291188913877704180777072906494140625,btc,1848.36689479,0.00097348,0.0214519599997151,19
0,[],27,[],2019-05-24 10:47:13,0.0,0,0,7677803,2019-05-24 10:47:13,,0.0,0.0,0,,0.0,0.0,0.0,19
0,[],2,[],2019-01-20 23:24:19,0.0,0,0,6476924,2019-01-20 23:24:19,,0.0,0.0,0,,0.0,0.0,0.0,19
1,[],4,[],2019-05-24 10:47:14,10228410.21811859,0.00000007,0.00000000000557116,7677804,2019-05-24 10:47:14,btc,6.4307072950777595,0.0,0.00000007,btc,2332215.60836933,0.00012031,0.1274738176872813,20
1,[],4,[],2019-05-24 10:47:16,73048218.52337481,0.00000001,0.00000000000079588,7677805,2019-05-24 10:47:16,btc,39084.122575663896,0.0,0.00000001,btc,63755195.16181323,0.00093398,0.7304821852337481,21
1,[],12,[],2019-05-24 10:47:17,1510421.0,0.00000001,0.00000000000079588,7677806,2019-05-24 10:47:17,btc,106.74247812152848,0.0,0.00000001,btc,2567805.07592407,1.18884715286e-05,0.01510421,21
0,[],17,[],2019-05-03 00:53:51,0.0,0,0,7558891,2019-05-03 00:53:51,btc,0.0,0.0,0,btc,0.0,0.0,0.0,21
1,[],12,[],2019-05-24 10:49:19,6185272999.0,0.0000000004,0.0000000000000318352,7677807,2019-05-24 10:49:19,btc,862813.5926258995,0.0,0.0000000004,btc,2354659103.917083,0.11744694126633372,1.238293208,23
0,[],27,[],2019-05-24 10:50:53,0.0,0,0,7677808,2019-05-24 10:50:53,,0.0,0.0,0,,0.0,0.0,0.0,23
1,[],4,[],2019-05-24 10:50:54,1846419.40365797,0.00000017,0.00000000001352996,7677809,2019-05-24 10:50:54,btc,13.4626326337589,0.0,0.00000017,btc,2048653.09740504,0.00247888,0.0552845883789345,24
1,[],22,[],2019-05-24 10:50:57,21.76,0.00000100,0.000000000079588,7677810,2019-05-24 10:50:57,BTC,7.415e-05,0.0,0.00000100,BTC,23.919354838709676,0.0,1.186e-05,24
0.0,[],25,[],2019-05-24 10:50:58,0.0,0,0,7677811,2019-05-24 10:50:58,,0.0,0.0,0.0,btc,0.0,0.0,0.0,24
1,[],4,[],2019-05-24 10:51:00,317791.62983692,0.00000465,0.0000000003700842,7677812,2019-05-24 10:51:00,btc,10.830127488165688,0.0,0.00000465,btc,269713.80601416,0.12814363,0.2122642751448032,26
1,[],10,[],2019-05-24 10:51:03,160413.13094411,0.00000448,0.00000000035655424000000004,7677813,2019-05-24 10:51:03,btc,25.508485892968082,4600.65724353,0.00000448,btc,22204.48382967,0.0,0.0333666941119091,26
0,[],2,[],2019-01-20 23:25:56,0.0,0,0,6476976,2019-01-20 23:25:56,,0.0,0.0,0,,0.0,0.0,0.0,26
1,[],5,[],2019-04-26 09:47:06,0.0,0,0,7465326,2019-04-26 09:47:06,btc,0.0,0.0,0,btc,0.0,0.0,0.0,27
1,[],3,[],2019-05-24 10:51:04,6950047.12200389,0.00000001,0.00000000000079588,7677814,2019-05-24 10:51:04,btc,3.3219520704887358,4624955.07489,0.00000001,btc,24190653.89462733,0.0,0.0695004712200389,27
1,[],11,[],2019-05-24 10:51:06,1069867.58157834,0.00000001,0.00000000000079588,7677815,2019-05-24 10:51:06,btc,67503.038056662,12744.4184217,0.00000001,btc,6639900.67919713,0.0,0.0106986758157834,27
1,[],4,[],2019-05-24 10:51:07,1213637058.0545685,0.00000001,0.00000000000079588,7677816,2019-05-24 10:51:07,btc,4.539616815831666,0.0,0.00000001,"btc,ltc",291868937.5540438,0.08722476,8.357089997996923,29
1,[],7,[],2019-05-24 10:51:08,112446064.34806745,0.00000001,0.00000000000079588,7677817,2019-05-24 10:51:08,btc,46548272.13454669,0.0,0.00000001,btc,35302434.19669943,0.0,1.1244606434806745,29
1,[],4,[],2019-05-24 10:51:09,15278240.39472901,0.00000006,0.00000000000477528,7677818,2019-05-24 10:51:09,btc,2.6460269358623174,0.0,0.00000006,btc,2139838.34093183,0.004204,0.1719015549813904,30
0,[],17,[],2019-05-03 01:11:25,0.0,0,0,7559066,2019-05-03 01:11:25,btc,0.0,0.0,0,btc,0.0,0.0,0.0,30
1,[],4,[],2019-05-24 10:53:10,113840.60633392,0.00004927,0.00000000392130076,7677819,2019-05-24 10:53:10,btc,3.7292672030642553,0.0,0.00004927,btc,46175.42479263,0.56922861,0.3683399649866511,31
1,[],21,[],2019-05-24 10:53:11,128855.63260865,0.00004929999999999999893375221549,0.0000000039236884,7677820,2019-05-24 10:53:11,btc,4.390439837200726,136258.64482192,0.0000492999999999999989337522154908555194197106175124645233154296875,btc,79912.67518937,6.8193101,4.090371460096751,31
0,[],2,[],2019-01-20 23:28:43,0.0,0,0,6477009,2019-01-20 23:28:43,,0.0,0.0,0,,0.0,0.0,0.0,32
0,[],4,[],2019-05-24 10:53:13,0.0,0,0,7677821,2019-05-24 10:53:13,,0.0,0.0,0,,0.0,0.0,0.0,33
1,[],12,[],2019-03-30 07:55:10,40641173.964,0.00000003,0.000000000001228359,7108785,2019-03-30 07:55:10,btc,4233210.82356125,0.0,0.00000003,btc,28378394.68333462,0.0126927883965248,0.90752895892,33
0.0000000001198567,[],4,[],2019-05-24 10:53:14,204337067.12645745,2.7567041e-17,2.1940056591080002e-21,7677822,2019-05-24 10:53:14,ltc,3.506872304625571,0.0,0.00000023,ltc,156140815.63923445,0.0,4.6495541543746523e-10,34
1,[],5,[],2019-05-24 10:53:16,0.0,0,0,7677823,2019-05-24 10:53:16,btc,0.0,0.0,0,btc,0.0,0.0,0.0,34
0.00000000011350529999999999,[],4,[],2019-05-24 06:42:22,13738200.57311783,1.1350529999999999e-18,8.87933801052e-23,7676720,2019-05-24 06:42:22,ltc,4.112179235979599e-08,0.0,0.00000001,ltc,7493227762.067634,0.0,1.559358577511911e-11,36
1,[],5,[],2019-05-24 06:42:23,0.0,0,0,7676721,2019-05-24 06:42:23,btc,0.0,3.33e-05,0,btc,0.0,0.0,0.0,36
0.0000000003110992,[],27,[],2019-05-24 06:44:34,127377081.004,6.221984e-18,4.867358531456e-22,7676722,2019-05-24 06:44:34,eth,1671.29985018,2541553559.163999,0.00000002,"ltc,eth",17425469.0,1.1266162551801756e-08,4.5585376694244823e-10,36
0.0000000002926451,[],17,[],2019-05-02 18:17:47,200000.0,2.9264510000000002e-18,1.596703856561e-22,7556430,2019-05-02 18:17:47,eth,0.20942468735267253,0.0,0.00000001,"btc,eth",1018272.20243647,0.0,5.852902e-13,36
1,[],4,[],2019-05-24 10:53:17,10088013.06237297,0.00000017,0.00000000001352996,7677824,2019-05-24 10:53:17,btc,19772.59556746031,0.0,0.00000017,btc,787543.48121193,0.0026878,0.1491436034274277,37
1,[],12,[],2019-05-24 10:53:19,3737041.52500001,0.00000017,0.00000000001352996,7677825,2019-05-24 10:53:19,btc,5.451509713655381,0.0,0.00000017,btc,880485.03129802,0.0193532446106482,0.17845288925000172,37
0,[],27,[],2019-05-24 10:56:54,0.0,0,0,7677826,2019-05-24 10:56:54,,0.0,0.0,0,,0.0,0.0,0.0,37
1,[],17,[],2019-05-03 01:11:36,211752.74075282,0.00000025,0.000000000013700074999999998,7559074,2019-05-03 01:11:36,btc,0.055484923955058496,0.0,0.00000025,"btc,eth",1387.19918473,0.0,0.0005381851887916605,37
1,[],5,[],2019-05-24 10:56:55,0.0,0,0,7677827,2019-05-24 10:56:55,btc,0.0,0.0020438,0,btc,0.0,0.0,0.0,42
1,[],12,[],2019-05-24 10:56:56,42907.66162704,0.00000096,0.00000000007640447999999999,7677828,2019-05-24 10:56:56,btc,24.3681549379746,0.0,0.00000096,btc,45490.85510899,0.019871691764414,0.0275490799999769,42
0,[],27,[],2019-05-24 10:58:30,0.0,0,0,7677829,2019-05-24 10:58:30,,0.0,0.0,0,,0.0,0.0,0.0,42
1,[],12,[],2019-03-13 09:13:29,1112112.0,0.00000001,0.000000000000386531,6919902,2019-03-13 09:13:29,btc,29058.00478931866,0.0,0.00000001,btc,5967681.93306694,9.99000999e-07,0.01112112,43
1,[],5,[],2019-04-26 22:38:52,0.0,0,0,7474154,2019-04-26 22:38:52,btc,0.0,0.02638891,0,btc,0.0,0.0,0.0,43
0,[],17,[],2019-04-26 22:38:53,0.0,0,0,7474155,2019-04-26 22:38:53,btc,0.0,0.0,0,btc,0.0,0.0,0.0,43
1,[],12,[],2019-03-05 01:54:08,639326.02,0.00000004,0.000000000001486676,6845775,2019-03-05 01:54:08,btc,11116042.728239931,0.0,0.00000004,btc,1103841.4595604,0.0003330765234764,0.014975410599999999,44
1,[],4,[],2019-05-24 10:58:32,115979657.65547414,0.00000001,0.00000000000079588,7677830,2019-05-24 10:58:32,btc,291324.1731055533,0.0,0.00000001,"btc,ltc",24755513.70369327,0.01492072,0.09282933918435743,49
0.0000000001198567,[],4,[],2019-05-24 10:58:33,145465274.66493183,1.9177072e-17,1.5262648063360002e-21,7677831,2019-05-24 10:58:33,ltc,21909.46175903531,0.0,0.00000016,ltc,152749075.59795392,0.0,5.411144162149102e-10,52
0,[],22,[],2019-05-24 10:58:35,0.0,0,0,7677832,2019-05-24 10:58:35,,10289.55991011,0.0,0,,308568058.4566013,0.0,0.0,57
0,[],27,[],2019-05-24 11:00:08,0.0,0,0,7677833,2019-05-24 11:00:08,,0.0,0.0,0,,0.0,0.0,0.0,57
0.0000000001198567,[],4,[],2019-05-24 11:00:09,3030928952.991031,1.198567e-18,9.539155039600001e-23,7677834,2019-05-24 11:00:09,ltc,19.26386938571537,0.0,0.00000001,ltc,6016416700.223398,0.0,3.6327714223996015e-09,58
1,[],12,[],2019-05-24 11:00:10,1196238538.0,0.0000000001,0.0000000000000079588,7677835,2019-05-24 11:00:10,btc,794735.9907172885,0.0,0.0000000001,btc,2153481985.3636365,0.023059781068831168,0.1196238538,58
0.0000000001080644,[],22,[],2019-05-24 11:02:12,126877.0,1.0806440000000001e-18,8.600629467200002e-23,7677836,2019-05-24 11:02:12,XMR,68.17454206,0.0,0.00000001,XMR,9626402.6,0.0,0.00126877,58
1,[],17,[],2019-05-03 01:12:09,1200000.0,0.0000000001,0.00000000000000548003,7559085,2019-05-03 01:12:09,btc,1e+24,0.0,0.0000000001,"btc,eth",39516342.31952568,0.0,0.00010000000058666061,58
1,[],5,[],2019-05-24 11:02:15,0.0,0,0,7677837,2019-05-24 11:02:15,btc,0.0,6.1e-07,0,btc,0.0,0.0,0.0,61
1,[],22,[],2019-05-24 11:02:18,13613.833333333334,0.00000012,0.00000000000955056,7677838,2019-05-24 11:02:18,BTC,1002.29590883,0.0,0.00000012,BTC,15092.180177125656,0.0,0.00153269,61
1,[],26,[],2019-05-24 11:02:18,0.0,0.00000050,0.000000000039794,7677839,2019-05-24 11:02:18,btc,0.0,0.0,0.00000050,btc,0.0,0.0,0.0,61
0,[],27,[],2019-05-24 11:03:51,0.0,0,0,7677840,2019-05-24 11:03:51,,0.0,0.0,0,,0.0,0.0,0.0,61
0,[],28,[],2019-05-24 11:03:53,0.0,0,0,7677841,2019-05-24 11:03:53,,0.0,669.0,0,,0.0,0.0,0.0,61
1,[],4,[],2019-05-24 11:03:55,1163519.77601664,0.00000083,0.00000000006605804000000001,7677842,2019-05-24 11:03:55,btc,2.551904766515223,0.0,0.00000083,btc,841268.34597125,0.09425818,0.6956007856859369,67
0.0,[],25,[],2019-05-24 11:03:57,0.0,0,0,7677843,2019-05-24 11:03:57,,0.0,0.0,0.0,btc,0.0,0.0,0.0,67
1,[],12,[],2019-05-24 11:03:58,675460.0,0.00000005,0.0000000000039794,7677844,2019-05-24 11:03:58,btc,3.8119304656223845,0.0,0.00000005,btc,754716.18291717,0.0003005948771156,0.01404641,71
,[],5,[],2018-11-20 23:02:39,1.5e-07,0.00000005,0.000000000002128045,4862160,2018-11-20 23:02:39,btc,2.84511358,0.0,,btc,0.00036572,0.0,0.07381892,74
1,[],5,[],2019-05-24 11:04:00,0.0,0,0,7677845,2019-05-24 11:04:00,btc,0.0,0.03581903,0,btc,0.0,0.0,0.0,75
0,[],4,[],2019-05-24 11:04:00,0.0,0,0,7677846,2019-05-24 11:04:00,,133656.87703970782,0.0,0,,33424209.5909442,0.0,0.0,81
0,[],20,[],2019-01-25 09:30:31,0.0,0,0,6495923,2019-01-25 09:30:31,btc,0.0,0.0,0,btc,0.0,0.0,0.0,81
1,[],4,[],2019-05-24 11:04:03,28792.8468144,0.00006119,0.0000000048699897200000005,7677847,2019-05-24 11:04:03,btc,18.750784487505285,0.0,0.00006119,btc,28800.3592605,0.01444058,0.5012626806441682,82
1,[],21,[],2019-05-24 11:04:03,60023.473345750004,0.00006119999999999999680706797012,0.0000000048707856,7677848,2019-05-24 11:04:03,btc,3.726779048820728,6835.86487942,0.00006119999999999999680706797011708886202541179955005645751953125,btc,50558.28961234,0.41545145,1.543919531869193,82
0,[],17,[],2019-03-25 22:42:34,0.0,0,0,7038780,2019-03-25 22:42:34,btc,0.0445064681804024,0.0,0,btc,995513.18476001,0.0,0.0,84
0.0000000001161485,[],4,[],2019-05-20 13:09:39,216715621.0206096,1.161485e-18,9.0533806701e-23,7657228,2019-05-20 13:09:39,ltc,1.6511566870244727,0.0,0.00000001,ltc,471032407.9048656,0.0,2.5171194308112273e-10,85
,[],22,[],2018-11-20 23:09:34,3408.1,0.0000001,0.0000000000041895,4862324,2018-11-20 23:09:34,BTC,0.04624735,0.0,,BTC,4990.0,0.0,0.00033081,86
1,[],22,[],2019-05-24 11:04:06,65156.0,0.00000001,0.00000000000079588,7677849,2019-05-24 11:04:06,BTC,1.45608405,0.0,0.00000001,BTC,314587.29736842104,0.00020843,0.00065156,87
0,[],27,[],2019-05-24 11:05:29,0.0,0,0,7677850,2019-05-24 11:05:29,,0.0,0.0,0,,0.0,0.0,0.0,87
,[],2,[],2018-11-20 23:10:47,0.0,0,0,4862359,2018-11-20 23:10:47,,0.0,0.0,,,0.0,0.0,0.0,88
1,[],11,[],2019-05-24 11:05:31,74857.77362331,0.000112440000000000000883459971845468317042104899883270263671875,0.00000000894887472,7677851,2019-05-24 11:05:31,btc,180.64046825530733,139.76600394,0.000112440000000000000883459971845468317042104899883270263671875,btc,202147.64535452,0.0,4.7191811741517755,89
0,[],2,[],2019-01-20 23:31:45,0.0,0,0,6477083,2019-01-20 23:31:45,,0.0,0.0,0,,0.0,0.0,0.0,91
1,[],12,[],2019-05-24 11:05:33,192550.65438594,0.00000038,0.000000000030243440000000005,7677852,2019-05-24 11:05:33,btc,86.68265367381436,0.0,0.00000038,btc,50786.21550345,0.0006459630139843,0.0237017270999908,91
1,[],22,[],2019-05-24 11:07:37,75910.55,0.0000002,0.0000000000159176,7677853,2019-05-24 11:07:37,BTC,0.495,0.0,0.0000002,"BTC,LTC",4.95,0.0,0.00165931,91
0,[],17,[],2019-05-03 01:12:26,0.0,0,0,7559096,2019-05-03 01:12:26,btc,0.0,0.0,0,btc,0.0,0.0,0.0,91
1,[],22,[],2019-04-09 20:17:52,374949.73333333334,0.00000015,0.000000000007771935,7235704,2019-04-09 20:17:52,BTC,6.87372503,0.0,0.00000015,"BTC,LTC",159980.01196797504,1.1e-05,0.80510266,95
0.0000000001198567,[],4,[],2019-05-24 11:07:39,541609780.1829063,4.9141247e-17,3.911053566236e-21,7677854,2019-05-24 11:07:39,ltc,11.36862054491086,0.0,0.00000041,ltc,150348387.98141757,0.00014948,8.553483680662184e-10,96
0,[],12,[],2019-05-24 11:07:40,0.0,0,0,7677855,2019-05-24 11:07:40,btc,10.40931611,0.0,0,btc,7388627.0,0.0,0.0,96
0,[],17,[],2019-05-03 01:12:32,0.0,0,0,7559100,2019-05-03 01:12:32,btc,0.0,0.0,0,btc,0.0,0.0,0.0,96
1,[],4,[],2019-04-14 03:32:46,1039404.33283278,0.00000038,0.000000000019245518,7293458,2019-04-14 03:32:46,btc,4.170086055365747,0.0,0.00000038,btc,3097704.34561074,0.06260606,0.1859928211030784,99
1,[],4,[],2019-05-24 10:22:45,183533.06333676,0.00002236,0.000000001774342024,7677698,2019-05-24 10:22:45,btc,7.035202772426101,0.0,0.00002236,btc,139010.96126031,0.15686366,0.5850170414245301,100
0,[],2,[],2019-01-20 23:23:55,0.0,0,0,6476914,2019-01-20 23:23:55,,0.0,0.0,0,,0.0,0.0,0.0,100
1,[],22,[],2019-05-24 10:22:49,150000.0,0.00000002,0.000000000001587068,7677699,2019-05-24 10:22:49,BTC,24.83526409,0.0,0.00000002,BTC,11187.719,0.0,0.0017,101
1,[],4,[],2019-05-24 10:22:50,577478.01902081,0.00000176,0.000000000139661984,7677700,2019-05-24 10:22:50,btc,362.61897189022983,0.0,0.00000176,btc,619672.79712807,0.06590635,0.2359413046128272,103
1,[],12,[],2019-05-24 10:22:54,28063135.0,0.000000004,0.0000000000003174136,7677701,2019-05-24 10:22:54,btc,552.5779353418819,0.0,0.000000004,btc,45418336.97028969,0.02842335332271719,0.051926115,105
0,[],27,[],2019-05-24 10:24:27,0.0,0,0,7677702,2019-05-24 10:24:27,,0.0,0.0,0,,0.0,0.0,0.0,105
1,[],22,[],2019-04-21 00:17:26,21333.0,0.00000001,0.000000000000532493,7385819,2019-04-21 00:17:26,BTC,51.38182867,0.0,0.00000001,BTC,470435.0,0.0,0.00021333,107
1,[],26,[],2019-04-21 00:17:26,0.0,0.00000000,0,7385820,2019-04-21 00:17:26,btc,0.0,0.0,0.00000000,btc,0.0,0.0,0.0,107
1,[],5,[],2019-05-24 10:24:30,0.0,0,0,7677703,2019-05-24 10:24:30,btc,0.0,0.0,0,btc,0.0,0.0,0.0,112
0,[],22,[],2019-05-24 10:24:32,0.0,0,0,7677704,2019-05-24 10:24:32,,2.79635781,0.0,0,,3274992.0833333335,0.0,0.0,112
0,[],27,[],2019-05-24 10:26:04,0.0,0,0,7677705,2019-05-24 10:26:04,,0.0,0.0,0,,0.0,0.0,0.0,112
1,[],4,[],2019-05-24 10:26:05,610681.01909533,0.00000115,0.00000000009125641,7677706,2019-05-24 10:26:05,btc,5.775737104872422,0.0,0.00000115,btc,630737.36130665,0.03725443,0.3560567277982264,113
1,[],5,[],2019-05-24 10:26:06,0.0,0,0,7677707,2019-05-24 10:26:06,btc,0.0,0.0,0,btc,0.0,0.0,0.0,113
1,[],17,[],2019-04-26 02:17:47,162738.278,0.00000004,0.0000000000021069000000000002,7461287,2019-04-26 02:17:47,btc,1.3331140273775473,0.0,0.00000004,btc,51796.221,0.0,0.00230953112,116
1,[],27,[],2019-05-22 05:13:01,210000.0,0.00000001,0.00000000000079145,7666372,2019-05-22 05:13:01,btc,3919.0005001478,0.0,0.00000001,btc,128660.871,0.0,0.0021,116
1,[],4,[],2019-05-21 22:31:11,138169.03963019,0.00000701,0.000000000558364025,7664793,2019-05-21 22:31:11,btc,150.95388250938234,0.0,0.00000701,btc,344631.17141974,0.07552974,0.4288357684941946,120
1,[],7,[],2019-05-21 22:31:12,3901.07750076,0.000010679999999999999389654892212320191902108490467071533203125,0.0000000008506887,7664794,2019-05-21 22:31:12,btc,231188.94669936574,0.0,0.000010679999999999999389654892212320191902108490467071533203125,btc,4133.83151364,0.0,0.0113888422364489,120
1,[],20,[],2019-04-07 18:42:29,1914137.0852,0.000000035,0.0000000000017871910000000002,7211992,2019-04-07 18:42:29,btc,32.2497668025648,25528.85,0.000000035,btc,1001975.4986,0.00089350975,0.0152723574729,125
1,[],22,[],2019-05-24 10:26:09,10000.0,0.00000001,0.000000000000793534,7677708,2019-05-24 10:26:09,BTC,0.032061,0.0,0.00000001,BTC,299316.7611111111,0.0,0.0001,126
1,[],4,[],2019-05-24 10:26:10,1850981.85649217,0.00000555,0.00000000044041137000000004,7677709,2019-05-24 10:26:10,btc,3.254011762157705,0.0,0.00000555,btc,178222.19993244,0.10000242,0.4329671938106067,131
0,[],2,[],2019-01-20 23:25:46,0.0,0,0,6476969,2019-01-20 23:25:46,,0.0,0.0,0,,0.0,0.0,0.0,131
1,[],17,[],2019-05-03 01:13:10,10000.0,0.00000001,0.000000000000548003,7559115,2019-05-03 01:13:10,btc,0.0953976503951408,0.0,0.00000001,btc,5037.62507334,0.0,0.0001,131
1,[],4,[],2019-05-24 10:28:11,4768.39201616,0.00007917,0.000000006282408678,7677710,2019-05-24 10:28:11,btc,5.0328870013651255,0.0,0.00007917,btc,202.13055914,0.00013581,0.0084587955894275,135
1,[],3,[],2019-05-24 10:28:11,444944.0025,0.00000002,0.000000000001587068,7677711,2019-05-24 10:28:11,btc,0.2326987989412786,987045.907254,0.00000002,btc,1825011.61781833,0.0,0.004565470025,136
1,[],4,[],2019-05-24 10:28:12,2450086.9361331,0.00000191,0.00000000015156499400000002,7677712,2019-05-24 10:28:12,btc,106.77141158891888,0.0,0.00000191,btc,443467.23815173,0.00216103,0.5291685023610317,137
1,[],12,[],2019-05-24 10:28:13,71301.96907216,0.00000097,0.000000000076972798,7677713,2019-05-24 10:28:13,btc,57.676301605124415,0.0,0.00000097,btc,46164.66719532,0.0030123149838949,0.0065039699999951996,137
1,[],4,[],2019-05-24 10:28:14,95020.84291519,0.00001671,0.0000000013259953140000001,7677714,2019-05-24 10:28:14,btc,9.583336814440061,0.0,0.00001671,btc,142143.64977118,0.49949025,1.0153755319307096,142
1,[],5,[],2019-05-24 10:28:16,0.0,0,0,7677715,2019-05-24 10:28:16,btc,0.0,0.00246956,0,btc,0.0,0.0,0.0,142
1,[],20,[],2019-05-24 10:30:20,219651.9116,0.000015,0.000000001190301,7677716,2019-05-24 10:30:20,btc,1.6080984713303,0.02,0.000015,btc,9788.8796,3e-07,0.0260240785596,142
1,[],22,[],2019-05-24 10:30:23,11028.645,0.00001000,0.000000000793534,7677717,2019-05-24 10:30:23,BTC,3.2754788,0.0,0.00001000,BTC,1133.9993657797618,0.0,0.00745365,142
0.0,[],25,[],2019-05-24 10:30:24,0.0,0,0,7677718,2019-05-24 10:30:24,,0.0,0.0,0.0,btc,0.0,0.0,0.0,142
0,[],28,[],2019-05-24 10:31:05,0.0,0,0,7677719,2019-05-24 10:31:05,,0.0,0.0,0,,0.0,0.0,0.0,142
1,[],17,[],2019-05-03 01:13:16,32967.38636364,0.00000088,0.000000000048224264,7559122,2019-05-03 01:13:16,btc,20.06976206696776,0.0,0.00000088,btc,2746.079105,0.0,0.0105613000000032,142
0,[],22,[],2019-05-24 10:31:07,0.0,0,0,7677720,2019-05-24 10:31:07,,65.7671051,0.0,0,,846980922.8,0.0,0.0,143
0,[],22,[],2019-02-25 15:42:22,0.0,0,0,6783783,2019-02-25 15:42:22,,4.2131946,0.0,0,,2322156.0,0.0,0.0,146
,[],22,[],2018-11-20 23:01:11,0.0,0,0,4862114,2018-11-20 23:01:11,,2.56807021,0.0,,,61828.4988236,0.0,0.0,147
1,[],12,[],2019-04-21 06:38:04,193091.5971266,0.00000071,0.000000000037635183,7388679,2019-04-21 06:38:04,btc,2.301232411611175,0.0,0.00000071,btc,9957.48302385,0.00023528,0.0313308199999888,148
1,[],4,[],2019-03-19 21:31:25,255810.0415942,0.00000029,0.000000000011615747,6982695,2019-03-19 21:31:25,btc,218.94922712414143,0.0,0.00000029,btc,793529.37642722,0.00117,0.0608347789473395,152
0,[],22,[],2019-03-19 21:31:27,0.0,0,0,6982696,2019-03-19 21:31:27,,0.0,0.0,0,,0.0,0.0,0.0,152
1,[],5,[],2019-04-26 09:36:59,0.0,0,0,7465040,2019-04-26 09:36:59,btc,0.0,0.0,0,btc,0.0,0.0,0.0,153
,[],16,[],2019-01-11 15:38:59,0.0,0,0,6366141,2019-01-11 15:38:59,btc,0.0,0.0,,btc,0.0,0.0,0.0,155
0,[],22,[],2019-05-24 10:31:11,0.0,0,0,7677721,2019-05-24 10:31:11,,6.80428744,0.0,0,,4677994.942592593,0.0,0.0,156
0,[],23,[],2019-01-20 23:24:29,0.0,0,0,6476932,2019-01-20 23:24:29,,0.0,0.0,0,,0.0,0.0,0.0,156
1,[],22,[],2019-05-24 10:31:15,7066.0,0.00000800,0.0000000006348272,7677722,2019-05-24 10:31:15,BTC,1.79802465,0.0,0.00000800,BTC,802.6461988741639,0.0,0.00062996,157
0,[],22,[],2019-05-21 23:40:32,0.0,0,0,7665049,2019-05-21 23:40:32,,50234.60468402,0.0,0,,54786159.03179465,0.0,0.0,158
,[],17,[],2018-11-20 22:56:10,0.0,0,0,4861976,2018-11-20 22:56:10,btc,1.1265625,0.0,,btc,1000.0,0.0,0.0,159
,[],20,[],2018-11-20 22:56:12,0.0,0,0,4861977,2018-11-20 22:56:12,btc,11912.7940471,0.0,,btc,34413894.3617,0.0,0.0,159
1,[],12,[],2019-05-24 02:51:20,9178.522006449999,0.00000191999999999999982841307998027158276954651228152215480804443359375,0.000000000151222656,7676256,2019-05-24 02:51:20,btc,149.80414728631675,0.0,0.00000191999999999999982841307998027158276954651228152215480804443359375,btc,1115.7451448499999,0.01783167678326,0.0120075778999181,168
1,[],17,[],2019-05-03 01:13:36,42852.0,0.00000002,0.000000000001096006,7559132,2019-05-03 01:13:36,btc,0.04279856251542,0.0,0.00000002,btc,274.46171372,0.0,0.00052852,168
1,[],22,[],2019-05-17 03:01:52,10.0,0.00000001,0.000000000000778341,7642059,2019-05-17 03:01:52,BTC,41.95893009,0.0,0.00000001,BTC,1753972.7737547632,0.0,1e-07,169
1,[],22,[],2019-05-24 10:31:19,208172.6,0.00000005,0.00000000000396767,7677723,2019-05-24 10:31:19,BTC,27.86179293,0.0,0.00000005,BTC,452568.58519413596,0.00014242,0.00241483,171
1,[],22,[],2019-05-24 10:31:24,389395.0,0.00000002,0.000000000001587068,7677724,2019-05-24 10:31:24,BTC,24.3997339,0.0,0.00000002,"BTC,LTC",1038934.9936183414,0.0,0.0054799,173
1,[],5,[],2019-05-24 10:31:25,0.0,0,0,7677725,2019-05-24 10:31:25,btc,0.0,0.00329322,0,btc,0.0,0.0,0.0,175
1,[],22,[],2019-05-24 10:31:28,90671.0,0.00000001,0.000000000000793534,7677726,2019-05-24 10:31:28,BTC,394.35459412,0.0,0.00000001,BTC,136275.61833431243,0.0,0.00090671,176
1,[],7,[],2019-05-24 10:31:30,0.0,0,0,7677727,2019-05-24 10:31:30,btc,522274.2791391546,0.0,0,btc,28605057.255866,0.0,0.0,178
0,[],22,[],2019-05-24 10:31:32,0.0,0,0,7677728,2019-05-24 10:31:32,,1.00242428,0.0,0,,57512.0,0.0,0.0,178
0,[],2,[],2019-01-20 23:28:34,0.0,0,0,6477001,2019-01-20 23:28:34,,0.0,0.0,0,,0.0,0.0,0.0,178
1,[],5,[],2019-05-24 10:31:34,0.0,0,0,7677729,2019-05-24 10:31:34,btc,0.0,0.0548667,0,btc,0.0,0.0,0.0,179
0,[],22,[],2019-05-24 10:31:36,0.0,0,0,7677730,2019-05-24 10:31:36,,5.31410391,0.0,0,,13385987.311946675,0.0,0.0,179
0,[],23,[],2019-01-20 23:25:08,0.0,0,0,6476952,2019-01-20 23:25:08,,0.0,0.0,0,,0.0,0.0,0.0,179
1,[],22,[],2019-05-24 10:33:41,660627.8612936083,0.00000119,0.00000000009443054600000001,7677731,2019-05-24 10:33:41,BTC,39.28835973,0.0,0.00000119,"BTC,LTC",148364.98942994373,0.00017446,0.56011084,180
1,[],26,[],2019-05-24 10:33:41,0.0,0.00000010,0.00000000000793534,7677732,2019-05-24 10:33:41,btc,0.0,1750.0,0.00000010,btc,0.0,0.0,0.0,180
1,[],17,[],2019-05-03 01:13:56,20504.725000000002,0.0000001,0.00000000000548003,7559141,2019-05-03 01:13:56,btc,5.2010695838400265,0.0,0.0000001,btc,5033.45945,0.0,0.0011504725,180
,[],7,[],2018-11-20 22:58:01,562227.975654,0.00000085,0.000000000036176765,4862015,2018-11-20 22:58:01,btc,21836.6059674,2491.87645172,,btc,749999.041456,0.00211021,0.127565380455,183
,[],5,[],2019-01-10 08:11:41,0.0,0,0,6347036,2019-01-10 08:11:41,btc,82.15055501,0.00261,,btc,1.19002445,0.0,0.0,187
,[],17,[],2018-11-16 20:58:10,4062536.27273,0.00000001,0.000000000000550501,4708775,2018-11-16 20:58:10,btc,3.36492563466,0.195460381006,,"btc,eth",110697919.549,0.0,0.0157628953496,187
1,[],24,[],2019-05-22 21:04:52,0.0,0.000000000014,0.0000000000000010960978,7670219,2019-05-22 21:04:52,btc,0.0,0.0,0.000000000014,btc,0.0,0.0,0.0,187
0,[],22,[],2019-04-25 02:54:07,0.0,0,0,7447896,2019-04-25 02:54:07,,7.54794454,0.0,0,,76361.7243344055,0.0,0.0,191
0,[],22,[],2019-05-24 10:33:45,0.0,0,0,7677733,2019-05-24 10:33:45,,0.0,0.0,0,,0.0,0.0,0.0,197
0,[],23,[],2019-01-20 23:31:41,0.0,0,0,6477079,2019-01-20 23:31:41,,0.0,0.0,0,,0.0,0.0,0.0,199
0,[],22,[],2019-05-24 09:53:24,0.0,0,0,7677575,2019-05-24 09:53:24,,10.26020274,0.0,0,,87004504.0,0.0,0.0,199
1,[],26,[],2019-05-24 09:53:24,0.0,0.00000000,0,7677576,2019-05-24 09:53:24,btc,0.0,0.0,0.00000000,btc,0.0,0.0,0.0,199
0,[],2,[],2019-01-20 23:30:49,0.0,0,0,6477059,2019-01-20 23:30:49,,0.0,0.0,0,,0.0,0.0,0.0,201
1,[],4,[],2019-01-25 15:51:35,2084389.58565343,0.00000936,0.000000000333526752,6499557,2019-01-25 15:51:35,btc,2.0092503037378524,0.0,0.00000936,btc,160195.80207885,0.19272417,1.242687955921835,211
1,[],7,[],2019-05-24 10:33:48,25202729.26641585,0.0000003,0.00000000002380602,7677734,2019-05-24 10:33:48,btc,15200499.4449226,2573164.66725,0.0000003,btc,10057252.57750831,0.0,1.9150860693213936,212
1,[],5,[],2019-05-24 10:33:50,0.0,0,0,7677735,2019-05-24 10:33:50,btc,0.0,0.03846918,0,btc,0.0,0.0,0.0,213
1,[],24,[],2019-05-24 10:33:50,0.0,0.000000090000,0.000000000007141806,7677736,2019-05-24 10:33:50,btc,0.0,0.0,0.000000090000,btc,0.0,0.0,0.0,213
1,[],26,[],2019-05-24 10:33:50,0.0,0.00000040,0.00000000003174136,7677737,2019-05-24 10:33:50,btc,0.0,0.0,0.00000040,btc,0.0,0.0,0.0,213
1,[],12,[],2019-01-25 02:44:32,207462.42853209,0.000001080000000000000035831255497387193287295303889550268650054931640625,0.000000000038610756000000006,6493050,2019-01-25 02:44:32,btc,85023.03793723314,0.0,0.000001080000000000000035831255497387193287295303889550268650054931640625,btc,43675.73520027,0.000146250909087,0.0348620860622024,213
0,[],22,[],2019-05-24 10:33:54,0.0,0,0,7677738,2019-05-24 10:33:54,,9.61445386,0.0,0,,3661587.094064925,0.0,0.0,216
0,[],27,[],2019-05-24 10:35:26,0.0,0,0,7677739,2019-05-24 10:35:26,,0.0,0.0,0,,0.0,0.0,0.0,216
1,[],22,[],2019-05-24 10:35:30,265006.9,0.00000021,0.000000000016664214,7677740,2019-05-24 10:35:30,BTC,12054.79011015,0.0,0.00000021,BTC,429196.39186540945,1.05e-06,0.03097704,217
1,[],7,[],2019-05-24 10:35:32,0.0,0,0,7677741,2019-05-24 10:35:32,btc,1234864.1744444147,0.0,0,btc,162514363.92083928,0.0,0.0,219
0,[],27,[],2019-05-24 10:37:06,0.0,0,0,7677742,2019-05-24 10:37:06,,0.0,0.0,0,,0.0,0.0,0.0,219
0,[],28,[],2019-05-24 10:37:30,0.0,0,0,7677743,2019-05-24 10:37:30,,0.0,15805.0,0,,0.0,0.0,0.0,219
1,[],22,[],2019-05-23 16:41:05,172069.0,0.00000004,0.0000000000031167080000000004,7674065,2019-05-23 16:41:05,BTC,56.76466137,0.0,0.00000004,BTC,127061.6482738741,0.0,0.00393676,221
1,[],24,[],2019-05-23 16:41:05,0.0,0.000000010000,0.0000000000007791770000000001,7674066,2019-05-23 16:41:05,btc,0.0,0.0,0.000000010000,btc,0.0,0.0,0.0,221
1,[],20,[],2019-05-24 10:37:33,5054087.9812,0.000000002,0.0000000000001587068,7677744,2019-05-24 10:37:33,btc,100049.80256720647,15000000.0,0.000000002,btc,38046697.7516,0.01750531979,0.0051129074812,224
0,[],22,[],2019-05-24 10:37:35,0.0,0,0,7677745,2019-05-24 10:37:35,,0.0,0.0,0,,0.0,0.0,0.0,224
1,[],26,[],2019-05-24 10:37:35,0.0,0.00000026,0.000000000020631884,7677746,2019-05-24 10:37:35,btc,0.0,0.0,0.00000026,btc,0.0,0.0,0.0,231
1,[],26,[],2019-05-24 10:37:35,0.0,0.00000006,0.000000000004761204,7677747,2019-05-24 10:37:35,btc,0.0,0.0,0.00000006,btc,0.0,0.0,0.0,234
0,[],27,[],2019-05-24 10:39:09,0.0,0,0,7677748,2019-05-24 10:39:09,,0.0,0.0,0,,0.0,0.0,0.0,234
1,[],4,[],2019-05-22 17:06:12,91780.56053785,0.00000078,0.000000000061977552,7669277,2019-05-22 17:06:12,btc,5.573372450018177,0.0,0.00000078,btc,729173.93529783,0.0,0.0307060663355679,236
1,[],24,[],2019-05-22 17:06:12,0.0,0.000000010000,0.000000000000794584,7669278,2019-05-22 17:06:12,btc,0.0,0.0,0.000000010000,btc,0.0,0.0,0.0,236
1,[],5,[],2019-05-24 10:39:11,0.0,0,0,7677749,2019-05-24 10:39:11,btc,0.0,0.28003421,0,btc,0.0,0.0,0.0,237
1,[],20,[],2019-05-24 10:39:12,119674469.0003,0.000000042,0.0000000000033328428,7677750,2019-05-24 10:39:12,btc,58793.19318681459,16265143.2836,0.000000042,btc,42973428.9076,0.734351516332,0.4291823732471,237
1,[],22,[],2019-05-24 10:39:17,363100.0,0.00000003,0.000000000002380602,7677751,2019-05-24 10:39:17,BTC,1.20267422,0.0,0.00000003,"BTC,LTC",17930.94871794872,0.0,0.009791,237
1,[],4,[],2019-05-24 10:39:18,26906546.7340808,0.00000011,0.000000000008728874,7677752,2019-05-24 10:39:18,btc,2.9287466807746867,0.0,0.00000011,btc,9830855.23957542,0.08437752,0.5617686134433476,238
1,[],5,[],2019-05-24 10:39:19,0.0,0,0,7677753,2019-05-24 10:39:19,btc,0.0,0.00252415,0,btc,0.0,0.0,0.0,238
0,[],22,[],2019-03-12 16:49:32,0.0,0,0,6914458,2019-03-12 16:49:32,,0.40415746,0.0,0,,526736.5639027493,0.0,0.0,249
0,[],22,[],2019-05-24 10:39:22,0.0,0,0,7677754,2019-05-24 10:39:22,,13.39584725,0.0,0,,40977695.3426455,0.0,0.0,252
0,[],28,[],2019-05-24 10:39:46,0.0,0,0,7677755,2019-05-24 10:39:46,,0.0,156991.8665,0,,0.0,0.0,0.0,256
1,[],22,[],2019-05-24 10:39:49,1052904.0,0.00000001,0.000000000000793534,7677756,2019-05-24 10:39:49,BTC,21.85885958,0.0,0.00000001,BTC,542925.7509808998,0.0,0.01052904,258
1,[],22,[],2019-05-19 18:12:02,400.0,0.00000001,0.0000000000007957800000000001,7653905,2019-05-19 18:12:02,BTC,2.415167,0.0,0.00000001,BTC,157.0,0.0,4e-06,259
1,[],5,[],2019-05-24 10:39:50,0.0,0,0,7677757,2019-05-24 10:39:50,btc,0.0,0.00741273,0,btc,0.0,0.0,0.0,264
1,[],20,[],2019-05-24 10:39:52,903734.2976,0.000000387,0.000000000030709765800000004,7677758,2019-05-24 10:39:52,btc,1.0225833498238,0.0,0.000000387,btc,113553.0288,0.0,0.0079890633448,264
0,[],22,[],2019-04-12 17:57:27,0.0,0,0,7278186,2019-04-12 17:57:27,,66.37522201,0.0,0,,677842.4169881374,0.0,0.0,271
0,[],22,[],2019-05-24 10:39:55,0.0,0,0,7677759,2019-05-24 10:39:55,,33050467.4724609,0.0,0,,14361462970.7,0.0,0.0,272
0,[],28,[],2019-05-24 10:40:03,0.0,0,0,7677760,2019-05-24 10:40:03,,0.0,64022534130.37,0,,0.0,0.0,0.0,272
1,[],22,[],2019-05-23 07:12:29,219930.0,0.00000004,0.000000000003048688,7671985,2019-05-23 07:12:29,BTC,426.77835217,0.0,0.00000004,BTC,248664.3325962929,0.0,0.00739728,281
1,[],22,[],2019-05-24 10:40:10,800110.1,0.00000004,0.000000000003174136,7677761,2019-05-24 10:40:10,BTC,2.649833,0.0,0.00000004,"BTC,LTC",843899.03032866,0.002039800000033366,0.03450151,286
0,[],22,[],2019-05-24 10:40:13,0.0,0,0,7677762,2019-05-24 10:40:13,,7337899.5475411,0.0,0,,1884356788.7797825,0.0,0.0,294
