pairValue,buyBook,exchangeId,sellBook,updated,buyTotal,satoshiPrice,usdPrice,exchangeLogId,created,bestPair,sellTotalBtc,volume,pairPrice,activePairs,sellTotal,volumeBtc,buyTotalBtc,coinId
1,[],3,[],2019-06-28 04:51:06,32918.85715877284,0.00836899999999999970323738551769565674476325511932373046875,0.0000009325200095,7773752,2019-06-28 04:51:06,btc,10.790954462360766,105.165621764,0.00836899999999999970323738551769565674476325511932373046875,btc,43.71480841602,0.0,0.25096275018039493,1
1,[],4,[],2019-06-28 04:51:07,207802.52568205,0.00858918,0.00000095705367609,7773753,2019-06-28 04:51:07,btc,9.328242613357684,0.0,0.00858918,btc,440.6513038,5.38631938,0.621862646844862,1
1,[],5,[],2019-06-28 04:51:09,0.0,0,0,7773754,2019-06-28 04:51:09,btc,0.0,0.42504027,0,btc,0.0,0.0,0.0,1
1,[],10,[],2019-06-28 04:51:12,248824.348531,0.00387816,0.00000043212591708,7773755,2019-06-28 04:51:12,btc,6521.459944918149,1884.80532491,0.00387816,btc,1176.91489283,0.0,1.7868519142956751,1
1,[],12,[],2019-06-28 04:51:15,166.00115456,0.0077400000000000003519406988061746233142912387847900390625,0.00000086243337,7773756,2019-06-28 04:51:15,btc,0.7480692819131,0.0,0.0077400000000000003519406988061746233142912387847900390625,btc,38.84397498,1.213855390239,0.0512692605666,1
1,[],20,[],2019-06-28 04:51:17,928.1599,0.008014647,0.0000008930360492985,7773757,2019-06-28 04:51:17,btc,0.1469794390012,0.6784,0.008014647,btc,10.8571,0.007034413342,0.125821079413,1
1,[],21,[],2019-06-28 04:51:18,2171.33202249,0.008624079999999999246451665158,0.0000009609424260399998,7773758,2019-06-28 04:51:18,btc,11.26685070632241,9297.10591305,0.008624079999999999246451665158019750379025936126708984375,"btc,eth",1885.22806277,67.39134148560001,13.37496871516295,1
1,[],22,[],2019-06-28 04:51:22,0.0469,0.00850000,0.00000094711675,7773759,2019-06-28 04:51:22,BTC,0.01666796,0.0,0.00850000,BTC,0.25318100557485945,0.0,0.00025139,1
1,[],24,[],2019-06-28 04:51:23,0.0,0.000000000000,0,7773760,2019-06-28 04:51:23,btc,0.0,0.0,0.000000000000,btc,0.0,0.0,0.0,1
0.0,[],25,[],2019-06-28 04:51:24,0.0,0,0,7773761,2019-06-28 04:51:24,btc,41.68449999869355,23905.38239443,0.0,btc,4603.26505486,194.7,0.0,1
1,[],26,[],2019-06-28 04:51:30,0.0,0,0,7773762,2019-06-28 04:51:30,,0.0,0.0,0,,0.0,0.0,0.0,1
0,[],28,[],2019-06-28 04:51:32,0.0,0,0,7773763,2019-06-28 04:51:32,,0.0,0.0,0,,0.0,0.0,0.0,1
0,[],2,[],2019-01-20 23:28:45,0.0,0,0,6477011,2019-01-20 23:28:45,,0.0,0.0,0,,0.0,0.0,0.0,1
1,[],5,[],2019-06-17 14:29:02,0.0,0,0,7740076,2019-06-17 14:29:02,btc,0.0,2.72e-05,0,btc,0.0,0.0,0.0,2
1,[],22,[],2019-06-17 14:29:06,11550.3,0.0000002,0.0000000000185828,7740077,2019-06-17 14:29:06,BTC,21.00897301,0.0,0.0000002,"BTC,XMR",20678.87287795317,1.754e-05,0.00143681,2
1,[],5,[],2019-06-03 14:48:58,0.0,0,0,7731126,2019-06-03 14:48:58,btc,0.0,0.05905545,0,btc,0.0,0.0,0.0,3
1,[],12,[],2019-06-03 14:48:59,3468623.70302,0.000000116,0.000000000009823402000000002,7731127,2019-06-03 14:48:59,btc,169531.0336573751,0.0,0.000000116,btc,2361209.62379607,0.041350953071,0.33764769154428,3
0,[],28,[],2019-06-03 14:49:00,0.0,0,0,7731128,2019-06-03 14:49:00,,0.0,0.0,0,,0.0,0.0,0.0,3
0,[],2,[],2019-01-20 23:31:32,0.0,0,0,6477077,2019-01-20 23:31:32,,0.0,0.0,0,,0.0,0.0,0.0,4
1,[],4,[],2019-05-18 21:29:50,562734.9206932,0.00000010,0.000000000007298720000000001,7650946,2019-05-18 21:29:50,btc,41.9347137769675,0.0,0.00000010,btc,1123702.32192634,0.00052462,0.029254593370966,4
0,[],12,[],2019-06-02 05:03:43,0.0,0,0,7724919,2019-06-02 05:03:43,btc,625.901992874995,0.0,0,btc,1211362.4995005,0.0,0.0,5
0,[],2,[],2019-01-20 23:31:51,0.0,0,0,6477087,2019-01-20 23:31:51,,0.0,0.0,0,,0.0,0.0,0.0,6
1,[],11,[],2019-06-28 04:51:33,6351847.276736,0.00000001,0.0000000000011142549999999999,7773764,2019-06-28 04:51:33,btc,9583.568469362632,300000.0,0.00000001,btc,76378844.64770687,0.0,0.06351847276736,6
1,[],3,[],2019-06-28 04:51:34,12583.641336095667,0.0000532299999999999968818518991664490158655098639428615570068359375,0.000000005931179364999999,7773765,2019-06-28 04:51:34,btc,1026.3065605034524,627.29874475,0.0000532299999999999968818518991664490158655098639428615570068359375,btc,415.569905543096,0.0,0.018124770268710365,7
1,[],4,[],2019-06-28 04:51:35,551219.10901279,0.00006302,0.000000007022035009999999,7773766,2019-06-28 04:51:35,btc,6.737694265076088,0.0,0.00006302,btc,52566.30228108,1.52274328,1.7633464584673928,7
1,[],5,[],2019-06-28 04:51:37,0.0,0,0,7773767,2019-06-28 04:51:37,btc,0.0,0.02643726,0,btc,0.0,0.0,0.0,7
1,[],20,[],2019-04-07 22:06:50,3201475.0482,0.000000001,0.000000000000051590000000000004,7213932,2019-04-07 22:06:50,btc,30.8005781811902,0.0,0.000000001,btc,23077405.3926,0.0,0.0032014750482,8
1,[],4,[],2019-06-28 04:51:39,1771426.04685649,0.00000040,0.0000000000445702,7773768,2019-06-28 04:51:39,btc,2.9174519463902064,0.0,0.00000040,btc,3069722.61288019,0.33566703,0.2590788242153071,9
0,[],28,[],2019-06-28 04:51:41,0.0,0,0,7773769,2019-06-28 04:51:41,,0.0,0.0,0,,0.0,0.0,0.0,9
0,[],2,[],2019-01-20 23:22:42,0.0,0,0,6476876,2019-01-20 23:22:42,,0.0,0.0,0,,0.0,0.0,0.0,9
0,[],23,[],2019-01-20 23:22:48,0.0,0,0,6476878,2019-01-20 23:22:48,,0.0,0.0,0,,0.0,0.0,0.0,9
1,[],1,[],2019-02-17 23:31:42,1822507.21,0.00000181000000000000003456111265232042484285557293333113193511962890625,0.000000000066086901,6701244,2019-02-17 23:31:42,btc,3.6990969245,17153386.5,0.00000181000000000000003456111265232042484285557293333113193511962890625,btc,1997391.71,31.11772986,3.2610482446,9
1,[],4,[],2019-02-17 11:22:43,4341674.27126056,0.00000002,0.0000000000007272960000000001,6696112,2019-02-17 11:22:43,btc,0.1997230937751353,0.0,0.00000002,btc,4109766.79808031,0.00215132,0.0479381022052112,10
1,[],4,[],2019-06-28 04:51:42,38632406.67502613,0.00000027,0.000000000030084885,7773770,2019-06-28 04:51:42,btc,7.049756966320551,0.0,0.00000027,btc,8355463.81601431,0.61193254,1.2267195717733372,12
1,[],5,[],2019-06-28 04:51:43,0.0,0,0,7773771,2019-06-28 04:51:43,btc,0.0,0.03639281,0,btc,0.0,0.0,0.0,12
0.0,[],25,[],2019-06-28 04:51:45,0.0,0,0,7773772,2019-06-28 04:51:45,,0.0,0.0,0.0,btc,0.0,0.0,0.0,12
0,[],2,[],2019-01-20 23:23:08,0.0,0,0,6476890,2019-01-20 23:23:08,,0.0,0.0,0,,0.0,0.0,0.0,12
1,[],4,[],2019-06-28 04:51:46,451823.33074237,0.00000277,0.000000000308648635,7773773,2019-06-28 04:51:46,btc,2.2033807912591867,0.0,0.00000277,btc,385747.41439498,0.3582582,0.2259895801692133,13
1,[],21,[],2019-06-28 04:51:49,5906827.22575847,0.000002820000000000000105323735844,0.00000000031421991,7773774,2019-06-28 04:51:49,btc,3.6916651377132244,1462083.46025376,0.00000282000000000000010532373584393184273721999488770961761474609375,btc,997586.51852932,3.76310294,4.05144879831372,13
1,[],10,[],2019-06-28 03:51:36,613061.24557753,0.00000265,0.00000000029597214000000003,7773657,2019-06-28 03:51:36,btc,666797.6648370544,37747.5199712,0.00000265,btc,876193.82379263,0.0,0.2604069709190413,13
1,[],4,[],2019-06-28 04:51:50,998463.50113565,0.00000041,0.000000000045684455,7773775,2019-06-28 04:51:50,btc,3.759157024366526,0.0,0.00000041,btc,1554680.44676431,0.0240599,0.0919753887400101,14
1,[],12,[],2019-06-28 04:51:51,223124.0,0.00000046,0.000000000051255729999999997,7773776,2019-06-28 04:51:51,btc,193.48284362764895,0.0,0.00000046,btc,40421.03945346,0.002531498172,0.00965484,14
1,[],26,[],2019-06-28 04:53:51,0.0,0.00000050,0.00000000005571275,7773777,2019-06-28 04:53:51,btc,0.0,0.0,0.00000050,btc,0.0,0.0,0.0,14
0,[],17,[],2019-05-03 00:53:32,0.0,0,0,7558876,2019-05-03 00:53:32,btc,0.0,0.0,0,btc,0.0,0.0,0.0,14
0,[],4,[],2019-06-28 04:53:53,0.0,0,0,7773778,2019-06-28 04:53:53,,0.0,0.0,0,,0.0,0.0,0.0,15
,[],12,[],2018-12-01 15:15:48,204241.84496,0.00000489,0.000000000202473384,5260204,2018-12-01 15:15:48,btc,49.5475654835,0.0,,btc,35763.2193806,0.0163153972027625,0.0203389899998,15
1,[],4,[],2019-06-28 04:53:54,31633.47719916,0.00000815,0.000000000908117825,7773779,2019-06-28 04:53:54,btc,2.3554626229900695,0.0,0.00000815,btc,15697.46813126,0.04570163,0.0440815379753832,18
1,[],10,[],2019-06-28 04:53:57,398417.87056148,0.00000748,0.00000000083346274,7773780,2019-06-28 04:53:57,btc,14.898830538055321,28093.2071938,0.00000748,btc,11341.23763454,0.0,0.295770000630635,18
1,[],12,[],2019-06-28 04:53:58,1707.60842268,0.000008509999999999999837252580292545900420009274967014789581298828125,0.000000000948231005,7773781,2019-06-28 04:53:58,btc,0.5295828723785053,0.0,0.000008509999999999999837252580292545900420009274967014789581298828125,btc,1928.81278592,1.340325e-06,0.0036214726929668,18
0,[],2,[],2019-01-20 23:23:38,0.0,0,0,6476906,2019-01-20 23:23:38,,0.0,0.0,0,,0.0,0.0,0.0,18
0,[],17,[],2019-05-03 00:53:39,0.0,0,0,7558882,2019-05-03 00:53:39,btc,0.0,0.0,0,btc,0.0,0.0,0.0,18
1,[],3,[],2019-06-28 04:55:59,154297.5063805843,0.00000295000000000000013120472590333331908141190069727599620819091796875,0.000000000328705225,7773782,2019-06-28 04:55:59,btc,190.34368583314102,17088.3479468,0.00000295000000000000013120472590333331908141190069727599620819091796875,btc,18640.820027660633,0.0,0.0525726312500557,19
1,[],4,[],2019-06-28 04:56:00,221953.43711036,0.00000711,0.0000000007922353049999999,7773783,2019-06-28 04:56:00,btc,4.530861314325819,0.0,0.00000711,btc,245145.09217361,0.29229292,0.8540319175868762,19
1,[],5,[],2019-06-28 04:56:01,0.0,0,0,7773784,2019-06-28 04:56:01,btc,0.0,0.0022785,0,btc,0.0,0.0,0.0,19
1,[],12,[],2019-06-28 04:56:02,107184.18004513,0.0000060599999999999995775427918953681682978640310466289520263671875,0.0000000006752385299999999,7773785,2019-06-28 04:56:02,btc,1.2066225649017592,0.0,0.0000060599999999999995775427918953681682978640310466289520263671875,btc,3008.56634116,0.0,0.0096725499997209,19
0,[],27,[],2019-06-28 04:56:09,0.0,0,0,7773786,2019-06-28 04:56:09,,0.0,0.0,0,btc,0.0,0.0,0.0,19
0,[],2,[],2019-01-20 23:24:19,0.0,0,0,6476924,2019-01-20 23:24:19,,0.0,0.0,0,,0.0,0.0,0.0,19
1,[],4,[],2019-06-28 04:56:10,9983391.22860978,0.00000005,0.000000000005571275,7773787,2019-06-28 04:56:10,btc,5.166538972578609,0.0,0.00000005,btc,2239889.57416973,0.00332511,0.1122674220535056,20
0,[],4,[],2019-06-28 04:56:11,0.0,0,0,7773788,2019-06-28 04:56:11,,13881.911990223658,0.0,0,,81729842.85940409,0.0,0.0,21
0,[],12,[],2019-06-28 04:56:12,0.0,0,0,7773789,2019-06-28 04:56:12,btc,2602.953865236953,0.0,0,btc,8123562.49350646,0.0,0.0,21
0,[],17,[],2019-05-03 00:53:51,0.0,0,0,7558891,2019-05-03 00:53:51,btc,0.0,0.0,0,btc,0.0,0.0,0.0,21
1,[],12,[],2019-06-28 03:58:04,5882945038.277,0.0000000004,0.00000000000004467504,7773674,2019-06-28 03:58:04,btc,1426620276532.6965,0.0,0.0000000004,btc,2768010602.270164,0.073349395024,1.4656964428108004,23
0.0000000002655047,[],27,[],2019-06-28 03:58:12,43175472.03796204,7.965141e-18,8.896074819516e-22,7773675,2019-06-28 03:58:12,eth,1071.599085,2128262.462,0.00000003,eth,3778036.294,6.780764359005e-11,1.96416325760651e-10,23
1,[],4,[],2019-06-22 05:45:29,6100414.07522138,0.00000017,0.00000000001823352,7751732,2019-06-22 05:45:29,btc,10.22685272773715,0.0,0.00000017,btc,1790815.48208265,0.0,0.1345450262400025,24
0,[],22,[],2019-06-22 05:45:31,0.0,0,0,7751733,2019-06-22 05:45:31,,6.22e-05,0.0,0,,517.4264705882352,0.0,0.0,24
0.0,[],25,[],2019-06-22 05:45:32,0.0,0,0,7751734,2019-06-22 05:45:32,,0.0,0.0,0.0,btc,0.0,0.0,0.0,24
0,[],2,[],2019-01-20 23:25:56,0.0,0,0,6476976,2019-01-20 23:25:56,,0.0,0.0,0,,0.0,0.0,0.0,26
1,[],4,[],2019-06-28 03:58:13,26926329.25985432,0.00000343,0.00000000038308846800000004,7773676,2019-06-28 03:58:13,btc,6.188712263769038,0.0,0.00000343,btc,202708.66600465,0.12478096,0.3456259429916401,26
1,[],10,[],2019-06-28 03:58:15,128643.16552469,0.00000442,0.000000000493659192,7773677,2019-06-28 03:58:15,btc,25.13480739839815,4496.47945029,0.00000442,btc,20537.75135159,0.0,0.0470538778109465,26
1,[],5,[],2019-04-26 09:47:06,0.0,0,0,7465326,2019-04-26 09:47:06,btc,0.0,0.0,0,btc,0.0,0.0,0.0,27
1,[],3,[],2019-06-17 14:30:26,13571825.64059417,0.00000001,0.00000000000092914,7740112,2019-06-17 14:30:26,btc,3.485049956644059,4264730.43754,0.00000001,btc,23500048.28518193,0.0,0.1357182564059417,27
1,[],11,[],2019-06-17 14:30:28,2031833.58157834,0.00000001,0.00000000000092914,7740113,2019-06-17 14:30:28,btc,67502.92060589766,32677.9652116,0.00000001,btc,6487362.95640949,0.0,0.0203183358157834,27
0.0000000001031635,[],4,[],2019-06-28 03:58:16,415552122.67841536,9.284715e-17,1.0369875350340001e-20,7773678,2019-06-28 03:58:16,ltc,10.519324130067316,0.0,0.0000009,ltc,677416258.4774139,0.27563152,1.0296287625550662e-08,29
1,[],7,[],2019-06-28 03:58:18,6113563.39628903,0.00000001,0.000000000001116876,7773679,2019-06-28 03:58:18,btc,46548272.40439414,40394.2457283,0.00000001,btc,46100388.69099167,0.00040394,0.061135633962890304,29
0,[],17,[],2019-05-03 01:11:25,0.0,0,0,7559066,2019-05-03 01:11:25,btc,0.0,0.0,0,btc,0.0,0.0,0.0,30
1,[],4,[],2019-06-28 03:58:19,15532901.4650687,0.00000003,0.0000000000033506280000000003,7773680,2019-06-28 03:58:19,btc,2.5758831187537847,0.0,0.00000003,btc,2265516.21969631,0.0,0.1640680086667236,30
1,[],4,[],2019-06-28 04:00:20,219144.8013426,0.00002765,0.0000000030881621400000002,7773681,2019-06-28 04:00:20,btc,3.2464274869284067,0.0,0.00002765,btc,52900.71547342,0.36793866,0.3167446593376684,31
1,[],21,[],2019-06-28 04:00:22,744039.91991798,0.00002994000000000000133448807560,0.000000003343926744,7773682,2019-06-28 04:00:22,btc,4.9916577401961515,126318.5533099,0.000029940000000000001334488075599438161589205265045166015625,btc,124441.94874126,3.70114409,3.8938414217004866,31
0,[],2,[],2019-01-20 23:28:43,0.0,0,0,6477009,2019-01-20 23:28:43,,0.0,0.0,0,,0.0,0.0,0.0,32
1,[],12,[],2019-03-30 07:55:10,40641173.964,0.00000003,0.000000000001228359,7108785,2019-03-30 07:55:10,btc,4233210.82356125,0.0,0.00000003,btc,28378394.68333462,0.0126927883965248,0.90752895892,33
0,[],4,[],2019-06-28 04:00:23,0.0,0,0,7773683,2019-06-28 04:00:23,,0.0,0.0,0,,0.0,0.0,0.0,33
0.0000000001031635,[],4,[],2019-06-28 04:00:25,151046444.88071603,5.6739925e-17,6.3371460474300005e-21,7773684,2019-06-28 04:00:25,ltc,4.523081339195631,0.0,0.00000055,ltc,165310536.01851723,0.00077867,7.546943897433015e-10,34
1,[],5,[],2019-06-28 04:00:27,0.0,0,0,7773685,2019-06-28 04:00:27,btc,0.0,0.002,0,btc,0.0,0.0,0.0,34
0.0000000002926451,[],17,[],2019-05-02 18:17:47,200000.0,2.9264510000000002e-18,1.596703856561e-22,7556430,2019-05-02 18:17:47,eth,0.20942468735267253,0.0,0.00000001,"btc,eth",1018272.20243647,0.0,5.852902e-13,36
0.0000000001311821,[],4,[],2019-05-31 13:28:19,2417517744.0607657,1.311821e-18,1.105058333085e-22,7717483,2019-05-31 13:28:19,ltc,5.019900492391546e-08,0.0,0.00000001,ltc,7102398142.262129,0.0,3.171350544531538e-09,36
1,[],5,[],2019-05-31 13:28:21,0.0,0,0,7717484,2019-05-31 13:28:21,btc,0.0,0.0,0,btc,0.0,0.0,0.0,36
0.0000000003108179,[],27,[],2019-05-31 13:30:34,10388811.226876,6.216358000000001e-18,5.236566733830001e-22,7717485,2019-05-31 13:30:34,eth,1569.8708019850988,761866.634299,0.00000002,"ltc,eth",5084024.2511555,4.736034912207001e-12,3.3251980286483705e-11,36
1,[],4,[],2019-06-25 10:05:55,10747826.61931615,0.00000014,0.000000000015920562,7762320,2019-06-25 10:05:55,btc,19773.05513423956,0.0,0.00000014,btc,682946.14349671,0.0006293,0.1362851255028938,37
1,[],12,[],2019-06-25 10:05:57,4167862.54235103,0.00000013,0.000000000014783379,7762321,2019-06-25 10:05:57,btc,7.381091518261743,0.0,0.00000013,btc,1713444.53926904,0.016313049979,0.1478110147956336,37
1,[],27,[],2019-06-25 10:08:02,10970.0,0.00000019,0.000000000021606477,7762322,2019-06-25 10:08:02,btc,22.62970013895233,0.0,0.00000019,btc,4298.824295,0.0,0.00167419,37
1,[],17,[],2019-05-03 01:11:36,211752.74075282,0.00000025,0.000000000013700074999999998,7559074,2019-05-03 01:11:36,btc,0.055484923955058496,0.0,0.00000025,"btc,eth",1387.19918473,0.0,0.0005381851887916605,37
1,[],5,[],2019-06-28 04:00:28,0.0,0,0,7773686,2019-06-28 04:00:28,btc,0.0,0.25054522,0,btc,0.0,0.0,0.0,42
1,[],12,[],2019-06-28 04:00:29,2025601.94448703,0.000001410000000000000052661867921965921368609997443854808807373046875,0.00000000015747951600000001,7773687,2019-06-28 04:00:29,btc,524.5606528913108,0.0,0.000001410000000000000052661867921965921368609997443854808807373046875,btc,139780.27300575,0.078145980488,0.0625731099999362,42
1,[],27,[],2019-06-28 04:00:38,683.0,0.00000140,0.00000000015636264000000002,7773688,2019-06-28 04:00:38,btc,0.07600425,0.0,0.00000140,"btc,eth",18.0,0.0,0.0005422,42
1,[],12,[],2019-03-13 09:13:29,1112112.0,0.00000001,0.000000000000386531,6919902,2019-03-13 09:13:29,btc,29058.00478931866,0.0,0.00000001,btc,5967681.93306694,9.99000999e-07,0.01112112,43
1,[],5,[],2019-04-26 22:38:52,0.0,0,0,7474154,2019-04-26 22:38:52,btc,0.0,0.02638891,0,btc,0.0,0.0,0.0,43
0,[],17,[],2019-04-26 22:38:53,0.0,0,0,7474155,2019-04-26 22:38:53,btc,0.0,0.0,0,btc,0.0,0.0,0.0,43
1,[],12,[],2019-03-05 01:54:08,639326.02,0.00000004,0.000000000001486676,6845775,2019-03-05 01:54:08,btc,11116042.728239931,0.0,0.00000004,btc,1103841.4595604,0.0003330765234764,0.014975410599999999,44
0.0000000001031635,[],4,[],2019-06-28 04:00:39,108176982.00925425,4.5391940000000005e-17,5.0697168379440006e-21,7773689,2019-06-28 04:00:39,ltc,2762.214935345875,0.0,0.00000044,ltc,26902672.47986898,0.00066187,4.726921277011407e-10,49
0.0000000001031635,[],4,[],2019-06-28 04:00:40,318063839.28515255,2.06327e-17,2.3044167445200003e-21,7773690,2019-06-28 04:00:40,ltc,28232.10643300908,0.0,0.0000002,ltc,195779245.3458976,0.0,1.9087124801694405e-09,52
0,[],22,[],2019-06-27 15:51:08,0.0,0,0,7771544,2019-06-27 15:51:08,,10289.80784133,0.0,0,,287058287.4566013,0.0,0.0,57
0,[],27,[],2019-06-27 15:51:16,0.0,0,0,7771545,2019-06-27 15:51:16,,0.0,0.0,0,"btc,eth",0.0,0.0,0.0,57
1,[],17,[],2019-05-03 01:12:09,1200000.0,0.0000000001,0.00000000000000548003,7559085,2019-05-03 01:12:09,btc,1e+24,0.0,0.0000000001,"btc,eth",39516342.31952568,0.0,0.00010000000058666061,58
0,[],4,[],2019-06-28 04:00:41,0.0,0,0,7773691,2019-06-28 04:00:41,,19.719362605116853,0.0,0,,6085129995.992692,0.0,0.0,58
0,[],12,[],2019-06-28 04:00:44,0.0,0,0,7773692,2019-06-28 04:00:44,btc,53807175.31870476,0.0,0,btc,3410352634.164792,0.04007225724,0.0,58
0.0000000000853921,[],22,[],2019-06-28 04:02:47,126877.0,8.53921e-19,9.537238707960001e-23,7773693,2019-06-28 04:02:47,XMR,68.17454206,0.0,0.00000001,XMR,9626402.6,0.0,0.00126877,58
1,[],5,[],2019-06-17 14:31:27,0.0,0,0,7740135,2019-06-17 14:31:27,btc,0.0,0.00079154,0,btc,0.0,0.0,0.0,61
1,[],22,[],2019-06-17 14:31:30,13612.833333333334,0.00000012,0.00000000001114968,7740136,2019-06-17 14:31:30,BTC,1002.29123003,0.0,0.00000012,BTC,15014.200177125656,0.0,0.00153257,61
1,[],26,[],2019-06-17 14:31:30,0.0,0.00000050,0.000000000046457,7740137,2019-06-17 14:31:30,btc,0.0,0.0,0.00000050,btc,0.0,0.0,0.0,61
1,[],27,[],2019-06-17 14:31:36,8400.0,0.00000018,0.00000000001672452,7740138,2019-06-17 14:31:36,btc,1.9742539297246655,0.0,0.00000018,"btc,eth",10953.51663696,0.0,0.001512,61
0,[],28,[],2019-06-17 14:31:38,0.0,0,0,7740139,2019-06-17 14:31:38,,0.0,0.0,0,,0.0,0.0,0.0,61
1,[],4,[],2019-06-28 04:02:48,340619.1627811,0.00000066,0.000000000073713816,7773694,2019-06-28 04:02:48,btc,3.465624220787304,0.0,0.00000066,btc,1270346.96632297,0.06978758,0.1665663634169253,67
0.0,[],25,[],2019-06-28 04:02:50,0.0,0,0,7773695,2019-06-28 04:02:50,,0.0,0.0,0.0,btc,0.0,0.0,0.0,67
1,[],12,[],2019-06-02 06:23:14,910048.355,0.00000006,0.000000000005154929999999999,7725270,2019-06-02 06:23:14,btc,5.167005424215783,0.0,0.00000006,btc,738530.60239759,0.003159757462,0.0187188113,71
,[],5,[],2018-11-20 23:02:39,1.5e-07,0.00000005,0.000000000002128045,4862160,2018-11-20 23:02:39,btc,2.84511358,0.0,,btc,0.00036572,0.0,0.07381892,74
1,[],5,[],2019-06-28 04:02:52,0.0,0,0,7773696,2019-06-28 04:02:52,btc,0.0,0.00129168,0,btc,0.0,0.0,0.0,75
1,[],4,[],2019-06-04 03:25:15,715281.46076168,0.00000001,0.000000000000803619,7734085,2019-06-04 03:25:15,btc,581089.6218469425,0.0,0.00000001,btc,37692563.61091116,0.0,0.0071528146076168,81
0,[],20,[],2019-01-25 09:30:31,0.0,0,0,6495923,2019-01-25 09:30:31,btc,0.0,0.0,0,btc,0.0,0.0,0.0,81
1,[],4,[],2019-06-28 04:02:53,198651.15247137,0.00008000,0.000000008935008000000001,7773697,2019-06-28 04:02:53,btc,58.40370249686715,0.0,0.00008000,btc,118389.77399733,0.54728522,0.188641065958485,82
1,[],21,[],2019-06-28 04:02:54,318722.27148205,0.00006715000000000000590812121448,0.000000007499822340000002,7773698,2019-06-28 04:02:54,btc,4.350541475455839,82350.46058949,0.00006715000000000000590812121448180960214813239872455596923828125,btc,46065.06095314,5.23587382,3.4677354715044415,82
0,[],17,[],2019-03-25 22:42:34,0.0,0,0,7038780,2019-03-25 22:42:34,btc,0.0445064681804024,0.0,0,btc,995513.18476001,0.0,0.0,84
0.0000000001161485,[],4,[],2019-05-20 13:09:39,216715621.0206096,1.161485e-18,9.0533806701e-23,7657228,2019-05-20 13:09:39,ltc,1.6511566870244727,0.0,0.00000001,ltc,471032407.9048656,0.0,2.5171194308112273e-10,85
,[],22,[],2018-11-20 23:09:34,3408.1,0.0000001,0.0000000000041895,4862324,2018-11-20 23:09:34,BTC,0.04624735,0.0,,BTC,4990.0,0.0,0.00033081,86
1,[],22,[],2019-06-26 09:07:19,62694.0,0.00000005,0.0000000000063518149999999994,7766682,2019-06-26 09:07:19,BTC,1.85249053,0.0,0.00000005,BTC,287024.94736842107,0.0003,0.00062846,87
1,[],27,[],2019-06-26 09:07:25,361781.0,0.0000002,0.000000000025407259999999998,7766683,2019-06-26 09:07:25,btc,19.86923154858,99950.0,0.0000002,btc,548343.482,0.01999,0.01237888,87
,[],2,[],2018-11-20 23:10:47,0.0,0,0,4862359,2018-11-20 23:10:47,,0.0,0.0,,,0.0,0.0,0.0,88
1,[],11,[],2019-06-17 14:31:59,193715.3529613,0.000073310000000000001140094962881477158589405007660388946533203125,0.00000000681152534,7740147,2019-06-17 14:31:59,btc,168.35454702024953,5791.70569014,0.000073310000000000001140094962881477158589405007660388946533203125,btc,196971.41170107,0.0,1.1996165759440112,89
1,[],12,[],2019-06-28 04:02:56,395633.4530769,0.00000026,0.000000000029038776000000002,7773699,2019-06-28 04:02:56,btc,122.14760450693014,0.0,0.00000026,btc,292630.68259661,0.000461238761,0.0253484629538402,91
1,[],22,[],2019-06-28 04:05:00,75900.0,0.00000001,0.000000000001116876,7773700,2019-06-28 04:05:00,BTC,0.495,0.0,0.00000001,"BTC,LTC",4.95,0.0,0.001659,91
0,[],2,[],2019-01-20 23:31:45,0.0,0,0,6477083,2019-01-20 23:31:45,,0.0,0.0,0,,0.0,0.0,0.0,91
0,[],17,[],2019-05-03 01:12:26,0.0,0,0,7559096,2019-05-03 01:12:26,btc,0.0,0.0,0,btc,0.0,0.0,0.0,91
1,[],22,[],2019-06-28 04:05:07,105655.66666666667,0.00000003,0.0000000000033506280000000003,7773701,2019-06-28 04:05:07,BTC,11.44483916,0.0,0.00000003,"BTC,LTC",321272.4683191416,0.0,0.06677967,95
0.0000000001031635,[],4,[],2019-06-28 04:05:09,538424537.4656559,4.0233765e-17,4.4936126518140006e-21,7773702,2019-06-28 04:05:09,ltc,10.925358709936297,0.0,0.00000039,ltc,154256371.5071718,0.0,7.094696692245468e-10,96
0,[],12,[],2019-06-28 04:05:11,0.0,0,0,7773703,2019-06-28 04:05:11,btc,36.63288118448551,0.0,0,btc,9955295.448551439,0.0,0.0,96
0,[],17,[],2019-05-03 01:12:32,0.0,0,0,7559100,2019-05-03 01:12:32,btc,0.0,0.0,0,btc,0.0,0.0,0.0,96
1,[],4,[],2019-04-14 03:32:46,1039404.33283278,0.00000038,0.000000000019245518,7293458,2019-04-14 03:32:46,btc,4.170086055365747,0.0,0.00000038,btc,3097704.34561074,0.06260606,0.1859928211030784,99
1,[],4,[],2019-06-28 04:07:12,208993.08396647,0.00001221,0.0000000013637055960000001,7773704,2019-06-28 04:07:12,btc,7.7242084776914535,0.0,0.00001221,btc,172713.74337636,0.62088907,0.613936555852166,100
0,[],2,[],2019-01-20 23:23:55,0.0,0,0,6476914,2019-01-20 23:23:55,,0.0,0.0,0,,0.0,0.0,0.0,100
1,[],22,[],2019-06-05 06:30:35,150000.0,0.00000002,0.000000000001558192,7740007,2019-06-05 06:30:35,BTC,28.56386409,0.0,0.00000002,BTC,12787.719,0.0,0.0017,101
1,[],4,[],2019-06-28 04:07:13,437410.34939818,0.00000153,0.00000000017088202800000002,7773705,2019-06-28 04:07:13,btc,882.6030938809076,0.0,0.00000153,btc,739409.45736873,0.00127057,0.078591931561071,103
1,[],12,[],2019-06-17 14:32:14,179201505.10870332,0.000000005,0.00000000000046457,7740154,2019-06-17 14:32:14,btc,113577.79366343976,0.0,0.000000005,btc,79148141.67831126,0.019059029059,0.27280986350611003,105
1,[],27,[],2019-06-17 14:32:19,18306828.03496503,0.00000002,0.00000000000185828,7740155,2019-06-17 14:32:19,btc,180.7198218385489,1083.96503497,0.00000002,btc,276513.60142659,7.588e-05,0.3661365606993006,105
1,[],22,[],2019-04-21 00:17:26,21333.0,0.00000001,0.000000000000532493,7385819,2019-04-21 00:17:26,BTC,51.38182867,0.0,0.00000001,BTC,470435.0,0.0,0.00021333,107
1,[],26,[],2019-04-21 00:17:26,0.0,0.00000000,0,7385820,2019-04-21 00:17:26,btc,0.0,0.0,0.00000000,btc,0.0,0.0,0.0,107
1,[],5,[],2019-06-28 04:07:18,0.0,0,0,7773706,2019-06-28 04:07:18,btc,0.0,0.0,0,btc,0.0,0.0,0.0,112
0,[],22,[],2019-06-28 04:07:20,0.0,0,0,7773707,2019-06-28 04:07:20,,6.79500102,0.0,0,,3375892.0833333335,0.0,0.0,112
1,[],27,[],2019-06-28 04:07:28,1.0,0.00000001,0.000000000001116876,7773708,2019-06-28 04:07:28,btc,0.0,0.0,0.00000001,"btc,eth",0.0,0.0,1e-08,112
1,[],4,[],2019-06-28 04:07:29,940961.2615009,0.00000040,0.00000000004467504,7773709,2019-06-28 04:07:29,btc,6.394602832844527,0.0,0.00000040,btc,1000927.23079887,0.03501271,0.1056896078928556,113
1,[],5,[],2019-06-28 04:07:31,0.0,0,0,7773710,2019-06-28 04:07:31,btc,0.0,6e-07,0,btc,0.0,0.0,0.0,113
1,[],17,[],2019-04-26 02:17:47,162738.278,0.00000004,0.0000000000021069000000000002,7461287,2019-04-26 02:17:47,btc,1.3331140273775473,0.0,0.00000004,btc,51796.221,0.0,0.00230953112,116
1,[],27,[],2019-05-22 05:13:01,210000.0,0.00000001,0.00000000000079145,7666372,2019-05-22 05:13:01,btc,3919.0005001478,0.0,0.00000001,btc,128660.871,0.0,0.0021,116
1,[],4,[],2019-05-21 22:31:11,138169.03963019,0.00000701,0.000000000558364025,7664793,2019-05-21 22:31:11,btc,150.95388250938234,0.0,0.00000701,btc,344631.17141974,0.07552974,0.4288357684941946,120
1,[],7,[],2019-05-21 22:31:12,3901.07750076,0.000010679999999999999389654892212320191902108490467071533203125,0.0000000008506887,7664794,2019-05-21 22:31:12,btc,231188.94669936574,0.0,0.000010679999999999999389654892212320191902108490467071533203125,btc,4133.83151364,0.0,0.0113888422364489,120
1,[],20,[],2019-04-07 18:42:29,1914137.0852,0.000000035,0.0000000000017871910000000002,7211992,2019-04-07 18:42:29,btc,32.2497668025648,25528.85,0.000000035,btc,1001975.4986,0.00089350975,0.0152723574729,125
1,[],22,[],2019-06-17 14:32:38,10000.0,0.00000001,0.00000000000092914,7740161,2019-06-17 14:32:38,BTC,0.032061,0.0,0.00000001,BTC,299316.7611111111,0.0,0.0001,126
1,[],4,[],2019-06-28 04:07:32,1188517.54626649,0.00000300,0.0000000003350628,7773711,2019-06-28 04:07:32,btc,2.3911887070662794,0.0,0.00000300,btc,174458.36970675,0.04942948,0.657975056195726,131
0,[],2,[],2019-01-20 23:25:46,0.0,0,0,6476969,2019-01-20 23:25:46,,0.0,0.0,0,,0.0,0.0,0.0,131
1,[],17,[],2019-05-03 01:13:10,10000.0,0.00000001,0.000000000000548003,7559115,2019-05-03 01:13:10,btc,0.0953976503951408,0.0,0.00000001,btc,5037.62507334,0.0,0.0001,131
1,[],4,[],2019-06-17 14:32:42,4848.49465417,0.00007919,0.00000000735785966,7740163,2019-06-17 14:32:42,btc,0.9905723729472744,0.0,0.00007919,btc,202.13055914,0.0,0.0061509344290166,135
1,[],3,[],2019-06-05 06:33:11,40600.27748212,0.00000001,0.000000000000779096,7740019,2019-06-05 06:33:11,btc,0.2308097808993716,2146378.52189,0.00000001,btc,2477992.76904676,0.0,0.0004060027748212,136
1,[],4,[],2019-06-28 04:09:34,181583.15781924,0.00000162,0.000000000180933912,7773712,2019-06-28 04:09:34,btc,112.49743838202292,0.0,0.00000162,btc,499583.11081175,0.13044401,0.2024177282465043,137
1,[],12,[],2019-06-28 04:09:35,62905.64765283,0.0000015000000000000000380012861456169304119612206704914569854736328125,0.00000000016753140000000002,7773713,2019-06-28 04:09:35,btc,80.24070575935872,0.0,0.0000015000000000000000380012861456169304119612206704914569854736328125,btc,82606.19175735,0.001221954585,0.0095166099998972,137
1,[],4,[],2019-06-28 04:09:36,403545.51820617,0.00001140,0.00000000127323864,7773714,2019-06-28 04:09:36,btc,5.945760125446735,0.0,0.00001140,btc,168782.35521788,0.08406813,0.1576144171750764,142
1,[],5,[],2019-06-28 04:09:37,0.0,0,0,7773715,2019-06-28 04:09:37,btc,0.0,0.03006616,0,btc,0.0,0.0,0.0,142
1,[],20,[],2019-06-28 04:11:38,273632.1117,0.000010123,0.0000000011306135748000001,7773716,2019-06-28 04:11:38,btc,1.6094027997167,12.0316,0.000010123,btc,10035.3533,0.0001219162028,0.0068022777368,142
1,[],22,[],2019-06-28 04:11:42,10820.0,0.00000600,0.0000000006701256,7773717,2019-06-28 04:11:42,BTC,2.99759384,0.0,0.00000600,BTC,835.7198755539798,0.0,0.0053672,142
0.0,[],25,[],2019-06-28 04:11:44,0.0,0,0,7773718,2019-06-28 04:11:44,,0.0,0.0,0.0,btc,0.0,0.0,0.0,142
0,[],28,[],2019-06-28 04:11:46,0.0,0,0,7773719,2019-06-28 04:11:46,,0.0,0.0,0,,0.0,0.0,0.0,142
1,[],17,[],2019-05-03 01:13:16,32967.38636364,0.00000088,0.000000000048224264,7559122,2019-05-03 01:13:16,btc,20.06976206696776,0.0,0.00000088,btc,2746.079105,0.0,0.0105613000000032,142
0,[],22,[],2019-06-28 04:11:49,0.0,0,0,7773720,2019-06-28 04:11:49,,1635.49920992,0.0,0,,707007055.1744589,0.0,0.0,143
0,[],22,[],2019-02-25 15:42:22,0.0,0,0,6783783,2019-02-25 15:42:22,,4.2131946,0.0,0,,2322156.0,0.0,0.0,146
,[],22,[],2018-11-20 23:01:11,0.0,0,0,4862114,2018-11-20 23:01:11,,2.56807021,0.0,,,61828.4988236,0.0,0.0,147
1,[],12,[],2019-04-21 06:38:04,193091.5971266,0.00000071,0.000000000037635183,7388679,2019-04-21 06:38:04,btc,2.301232411611175,0.0,0.00000071,btc,9957.48302385,0.00023528,0.0313308199999888,148
1,[],4,[],2019-03-19 21:31:25,255810.0415942,0.00000029,0.000000000011615747,6982695,2019-03-19 21:31:25,btc,218.94922712414143,0.0,0.00000029,btc,793529.37642722,0.00117,0.0608347789473395,152
0,[],22,[],2019-03-19 21:31:27,0.0,0,0,6982696,2019-03-19 21:31:27,,0.0,0.0,0,,0.0,0.0,0.0,152
1,[],5,[],2019-04-26 09:36:59,0.0,0,0,7465040,2019-04-26 09:36:59,btc,0.0,0.0,0,btc,0.0,0.0,0.0,153
,[],16,[],2019-01-11 15:38:59,0.0,0,0,6366141,2019-01-11 15:38:59,btc,0.0,0.0,,btc,0.0,0.0,0.0,155
0,[],23,[],2019-01-20 23:24:29,0.0,0,0,6476932,2019-01-20 23:24:29,,0.0,0.0,0,,0.0,0.0,0.0,156
0,[],22,[],2019-06-04 06:02:09,0.0,0,0,7734688,2019-06-04 06:02:09,,7.43375324,0.0,0,,5955762.942592593,0.0,0.0,156
1,[],22,[],2019-06-28 04:11:52,6996.0,0.00000001,0.000000000001116876,7773721,2019-06-28 04:11:52,BTC,1.7543039,0.0,0.00000001,BTC,57.0,0.0,6.996e-05,157
0,[],22,[],2019-05-21 23:40:32,0.0,0,0,7665049,2019-05-21 23:40:32,,50234.60468402,0.0,0,,54786159.03179465,0.0,0.0,158
,[],17,[],2018-11-20 22:56:10,0.0,0,0,4861976,2018-11-20 22:56:10,btc,1.1265625,0.0,,btc,1000.0,0.0,0.0,159
,[],20,[],2018-11-20 22:56:12,0.0,0,0,4861977,2018-11-20 22:56:12,btc,11912.7940471,0.0,,btc,34413894.3617,0.0,0.0,159
1,[],12,[],2019-05-24 02:51:20,9178.522006449999,0.00000191999999999999982841307998027158276954651228152215480804443359375,0.000000000151222656,7676256,2019-05-24 02:51:20,btc,149.80414728631675,0.0,0.00000191999999999999982841307998027158276954651228152215480804443359375,btc,1115.7451448499999,0.01783167678326,0.0120075778999181,168
1,[],17,[],2019-05-03 01:13:36,42852.0,0.00000002,0.000000000001096006,7559132,2019-05-03 01:13:36,btc,0.04279856251542,0.0,0.00000002,btc,274.46171372,0.0,0.00052852,168
1,[],22,[],2019-05-17 03:01:52,10.0,0.00000001,0.000000000000778341,7642059,2019-05-17 03:01:52,BTC,41.95893009,0.0,0.00000001,BTC,1753972.7737547632,0.0,1e-07,169
1,[],22,[],2019-05-30 08:38:18,202834.0,0.00000002,0.0000000000017416160000000001,7711049,2019-05-30 08:38:18,BTC,27.87002826,0.0,0.00000002,BTC,462189.5410507793,0.0,0.00211768,171
1,[],22,[],2019-05-29 08:05:18,349870.0,0.00000002,0.000000000001705894,7705265,2019-05-29 08:05:18,BTC,24.05907723,0.0,0.00000002,"BTC,LTC",1224285.4355616204,0.0,0.0039847,173
1,[],5,[],2019-06-28 04:11:53,0.0,0,0,7773722,2019-06-28 04:11:53,btc,0.0,0.00284281,0,btc,0.0,0.0,0.0,175
1,[],22,[],2019-06-17 14:33:12,90671.0,0.00000001,0.00000000000092914,7740175,2019-06-17 14:33:12,BTC,394.35459412,0.0,0.00000001,BTC,136275.61833431243,0.0,0.00090671,176
1,[],7,[],2019-06-28 04:11:55,0.0,0,0,7773723,2019-06-28 04:11:55,btc,521516.243407432,0.0,0,btc,27713522.85351229,0.0,0.0,178
0,[],22,[],2019-06-28 04:11:57,0.0,0,0,7773724,2019-06-28 04:11:57,,1.00242428,0.0,0,,57512.0,0.0,0.0,178
0,[],2,[],2019-01-20 23:28:34,0.0,0,0,6477001,2019-01-20 23:28:34,,0.0,0.0,0,,0.0,0.0,0.0,178
1,[],5,[],2019-06-28 04:11:58,0.0,0,0,7773725,2019-06-28 04:11:58,btc,0.0,0.0,0,btc,0.0,0.0,0.0,179
0,[],22,[],2019-06-28 04:12:01,0.0,0,0,7773726,2019-06-28 04:12:01,,9.34623917,0.0,0,,14491075.311946675,0.0,0.0,179
0,[],23,[],2019-01-20 23:25:08,0.0,0,0,6476952,2019-01-20 23:25:08,,0.0,0.0,0,,0.0,0.0,0.0,179
1,[],22,[],2019-06-28 04:14:05,701971.7363636363,0.0000004,0.00000000004467504,7773727,2019-06-28 04:14:05,BTC,40.60630676,0.0,0.0000004,"BTC,LTC",161907.44444646587,0.00103515,0.56779217,180
1,[],26,[],2019-06-28 04:14:06,0.0,0.00000010,0.00000000001116876,7773728,2019-06-28 04:14:06,btc,0.0,0.0,0.00000010,btc,0.0,0.0,0.0,180
1,[],17,[],2019-05-03 01:13:56,20504.725000000002,0.0000001,0.00000000000548003,7559141,2019-05-03 01:13:56,btc,5.2010695838400265,0.0,0.0000001,btc,5033.45945,0.0,0.0011504725,180
,[],7,[],2018-11-20 22:58:01,562227.975654,0.00000085,0.000000000036176765,4862015,2018-11-20 22:58:01,btc,21836.6059674,2491.87645172,,btc,749999.041456,0.00211021,0.127565380455,183
,[],5,[],2019-01-10 08:11:41,0.0,0,0,6347036,2019-01-10 08:11:41,btc,82.15055501,0.00261,,btc,1.19002445,0.0,0.0,187
,[],17,[],2018-11-16 20:58:10,4062536.27273,0.00000001,0.000000000000550501,4708775,2018-11-16 20:58:10,btc,3.36492563466,0.195460381006,,"btc,eth",110697919.549,0.0,0.0157628953496,187
1,[],24,[],2019-05-22 21:04:52,0.0,0.000000000014,0.0000000000000010960978,7670219,2019-05-22 21:04:52,btc,0.0,0.0,0.000000000014,btc,0.0,0.0,0.0,187
0,[],22,[],2019-04-25 02:54:07,0.0,0,0,7447896,2019-04-25 02:54:07,,7.54794454,0.0,0,,76361.7243344055,0.0,0.0,191
0,[],22,[],2019-06-17 14:33:34,0.0,0,0,7740182,2019-06-17 14:33:34,,0.0,0.0,0,,0.0,0.0,0.0,197
0,[],23,[],2019-01-20 23:31:41,0.0,0,0,6477079,2019-01-20 23:31:41,,0.0,0.0,0,,0.0,0.0,0.0,199
0,[],22,[],2019-06-28 04:14:09,0.0,0,0,7773729,2019-06-28 04:14:09,,10.58263174,0.0,0,,84280969.0,0.0,0.0,199
1,[],26,[],2019-06-28 04:14:09,0.0,0.00000000,0,7773730,2019-06-28 04:14:09,btc,0.0,0.0,0.00000000,btc,0.0,0.0,0.0,199
0,[],2,[],2019-01-20 23:30:49,0.0,0,0,6477059,2019-01-20 23:30:49,,0.0,0.0,0,,0.0,0.0,0.0,201
1,[],4,[],2019-01-25 15:51:35,2084389.58565343,0.00000936,0.000000000333526752,6499557,2019-01-25 15:51:35,btc,2.0092503037378524,0.0,0.00000936,btc,160195.80207885,0.19272417,1.242687955921835,211
1,[],7,[],2019-06-28 04:14:12,1170054124.6898527,0.00000018,0.000000000020103768,7773731,2019-06-28 04:14:12,btc,1346736.4469260364,0.0,0.00000018,btc,5688078.26464841,0.0,11.954344045954047,212
1,[],12,[],2019-01-25 02:44:32,207462.42853209,0.000001080000000000000035831255497387193287295303889550268650054931640625,0.000000000038610756000000006,6493050,2019-01-25 02:44:32,btc,85023.03793723314,0.0,0.000001080000000000000035831255497387193287295303889550268650054931640625,btc,43675.73520027,0.000146250909087,0.0348620860622024,213
1,[],5,[],2019-05-30 00:07:46,0.0,0,0,7709357,2019-05-30 00:07:46,btc,0.0,0.06425239,0,btc,0.0,0.0,0.0,213
1,[],24,[],2019-05-30 00:07:46,0.0,0.000000399202,0.0000000000344859829346,7709358,2019-05-30 00:07:46,btc,0.0,0.0,0.000000399202,btc,0.0,0.0,0.0,213
1,[],26,[],2019-05-30 00:07:47,0.0,0.00000040,0.000000000034554919999999996,7709359,2019-05-30 00:07:47,btc,0.0,0.0,0.00000040,btc,0.0,0.0,0.0,213
0,[],22,[],2019-06-28 04:14:15,0.0,0,0,7773732,2019-06-28 04:14:15,,9.56923849,0.0,0,,3661587.2040649247,0.0,0.0,216
0,[],27,[],2019-06-28 04:14:23,0.0,0,0,7773733,2019-06-28 04:14:23,,1949.4811598191975,0.0,0,"btc,ltc",468700.29534794,0.0,0.0,216
1,[],22,[],2019-06-28 04:14:26,911796.619047619,0.00000024,0.000000000026805024000000002,7773734,2019-06-28 04:14:26,BTC,12055.85422553,0.0,0.00000024,BTC,535409.7178421671,0.00510216,0.02987671,217
0,[],27,[],2019-06-28 04:14:33,0.0,0,0,7773735,2019-06-28 04:14:33,,250.21442758069674,0.0,0,btc,146772.535837,0.0,0.0,219
0,[],28,[],2019-06-28 04:14:36,0.0,0,0,7773736,2019-06-28 04:14:36,,0.0,0.0,0,,0.0,0.0,0.0,219
1,[],7,[],2019-06-27 19:02:35,0.0,0,0,7772298,2019-06-27 19:02:35,btc,2123800.2774640615,0.0,0,btc,82333746.4752352,0.0,0.0,219
0,[],22,[],2019-06-26 23:36:41,0.0,0,0,7769178,2019-06-26 23:36:41,,56.75439223,0.0,0,,184664.6482738741,0.0,0.0,221
1,[],24,[],2019-06-26 23:36:41,0.0,0.000000030000,0.000000000003835668,7769179,2019-06-26 23:36:41,btc,0.0,0.0,0.000000030000,btc,0.0,0.0,0.0,221
1,[],20,[],2019-06-17 14:34:11,26882155.8301,0.000000003,0.000000000000278742,7740192,2019-06-17 14:34:11,btc,100050.81956632523,233521.3529,0.000000003,btc,38769742.8604,0.0007925640587,0.0306863532672,224
0,[],22,[],2019-06-17 14:34:13,0.0,0,0,7740193,2019-06-17 14:34:13,,0.0,0.0,0,,0.0,0.0,0.0,224
1,[],26,[],2019-06-28 04:14:36,0.0,0.00000022,0.000000000024571272,7773737,2019-06-28 04:14:36,btc,0.0,0.0,0.00000022,btc,0.0,0.0,0.0,231
1,[],26,[],2019-06-28 04:14:36,0.0,0.00000005,0.00000000000558438,7773738,2019-06-28 04:14:36,btc,0.0,0.0,0.00000005,btc,0.0,0.0,0.0,234
0.0000000002655047,[],27,[],2019-06-28 04:14:43,100.0,2.655047e-18,2.965358273172e-22,7773739,2019-06-28 04:14:43,eth,0.0,0.0,0.00000001,"btc,eth",0.0,0.0,2.655047e-16,234
1,[],4,[],2019-05-22 17:06:12,91780.56053785,0.00000078,0.000000000061977552,7669277,2019-05-22 17:06:12,btc,5.573372450018177,0.0,0.00000078,btc,729173.93529783,0.0,0.0307060663355679,236
1,[],24,[],2019-05-22 17:06:12,0.0,0.000000010000,0.000000000000794584,7669278,2019-05-22 17:06:12,btc,0.0,0.0,0.000000010000,btc,0.0,0.0,0.0,236
1,[],5,[],2019-06-28 04:14:44,0.0,0,0,7773740,2019-06-28 04:14:44,btc,0.0,0.25443068,0,btc,0.0,0.0,0.0,237
1,[],20,[],2019-06-28 04:14:46,122277129.4422,0.000000057,0.0000000000063661932,7773741,2019-06-28 04:14:46,btc,8172548.678252414,17059982.1405,0.000000057,btc,46188830.1051,1.1015522449187,0.5974154856346,237
1,[],22,[],2019-06-28 04:14:50,2084614.0,0.00000004,0.000000000004467504,7773742,2019-06-28 04:14:50,BTC,1.20112188,0.0,0.00000004,"BTC,LTC",14507.148717948718,0.0,0.02587451,237
1,[],4,[],2019-06-28 04:14:51,32046714.64485337,0.00000006,0.0000000000067012560000000006,7773743,2019-06-28 04:14:51,btc,2.508069308802389,0.0,0.00000006,btc,10757144.53028641,0.06042012,0.5886332079905193,238
1,[],5,[],2019-06-28 04:14:52,0.0,0,0,7773744,2019-06-28 04:14:52,btc,0.0,0.0074623,0,btc,0.0,0.0,0.0,238
0,[],22,[],2019-03-12 16:49:32,0.0,0,0,6914458,2019-03-12 16:49:32,,0.40415746,0.0,0,,526736.5639027493,0.0,0.0,249
0,[],22,[],2019-05-28 23:53:45,0.0,0,0,7703643,2019-05-28 23:53:45,,13.44714864,0.0,0,,43777534.3426455,0.0,0.0,252
0,[],28,[],2019-06-28 04:14:54,0.0,0,0,7773745,2019-06-28 04:14:54,,0.0,0.0,0,,0.0,0.0,0.0,256
1,[],22,[],2019-06-28 04:14:59,528824.0,0.00000001,0.000000000001116876,7773746,2019-06-28 04:14:59,BTC,31471.48541794,0.0,0.00000001,"BTC,LTC",1165516.0289488921,8.108e-05,0.00768824,258
1,[],22,[],2019-05-19 18:12:02,400.0,0.00000001,0.0000000000007957800000000001,7653905,2019-05-19 18:12:02,BTC,2.415167,0.0,0.00000001,BTC,157.0,0.0,4e-06,259
1,[],5,[],2019-06-28 04:15:00,0.0,0,0,7773747,2019-06-28 04:15:00,btc,0.0,0.03125925,0,btc,0.0,0.0,0.0,264
1,[],20,[],2019-06-28 04:15:02,934831.4295,0.000000175,0.000000000019545330000000002,7773748,2019-06-28 04:15:02,btc,1.0497460162332,29453.6953,0.000000175,btc,33756.4616,0.011505126965,0.0055570801497,264
0,[],22,[],2019-04-12 17:57:27,0.0,0,0,7278186,2019-04-12 17:57:27,,66.37522201,0.0,0,,677842.4169881374,0.0,0.0,271
0,[],22,[],2019-06-28 04:15:06,0.0,0,0,7773749,2019-06-28 04:15:06,,33050469.74148113,0.0,0,,14261527780.7,0.0,0.0,272
0,[],28,[],2019-06-28 04:15:08,0.0,0,0,7773750,2019-06-28 04:15:08,,0.0,0.0,0,,0.0,0.0,0.0,272
1,[],22,[],2019-05-23 07:12:29,219930.0,0.00000004,0.000000000003048688,7671985,2019-05-23 07:12:29,BTC,426.77835217,0.0,0.00000004,BTC,248664.3325962929,0.0,0.00739728,281
0.0000000001031635,[],22,[],2019-06-28 04:15:13,4541.1,1.0316350000000001e-16,1.1522083722600001e-20,7773751,2019-06-28 04:15:13,LTC,4.68219575,0.0,0.00000100,LTC,1123648.7657646376,0.0,0.0045411,286
0,[],22,[],2019-06-17 14:34:53,0.0,0,0,7740207,2019-06-17 14:34:53,,7337915.80475575,0.0,0,,2078527309.6797826,0.0,0.0,294
