pairValue,buyBook,exchangeId,sellBook,updated,buyTotal,satoshiPrice,usdPrice,exchangeLogId,created,bestPair,sellTotalBtc,volume,pairPrice,activePairs,sellTotal,volumeBtc,buyTotalBtc,coinId
1,[],3,[],2019-06-28 20:39:55,31396.569969139917,0.00814212999999999915978765585578003083355724811553955078125,0.0000009960316481779998,7776428,2019-06-28 20:39:55,btc,9.362409718145564,105.197249944,0.00814212999999999915978765585578003083355724811553955078125,btc,42.79340290602,0.0,0.2770984415647168,1
1,[],4,[],2019-06-28 20:39:56,208262.14412914,0.00822000,0.000001005557531999999979172978520,7776429,2019-06-28 20:39:56,btc,9.43051715482409,0.0,0.00822000,btc,454.30238645,1.14167878,4.406442243363233,1
1,[],5,[],2019-06-28 20:39:58,0.0,0,0,7776430,2019-06-28 20:39:58,btc,0.0,0.26304573,0,btc,0.0,0.0,0.0,1
1,[],10,[],2019-06-28 20:40:00,245936.02011392,0.00322946,0.000000395061779476,7776431,2019-06-28 20:40:00,btc,6521.883327383017,1733.1142995,0.00322946,btc,1235.97234158,0.0,1.3727725037899794,1
1,[],12,[],2019-06-28 20:40:03,93.04573957000001,0.00804999999999999986399767948341832379810512065887451171875,0.00000098476133,7776432,2019-06-28 20:40:03,btc,0.6474347533165999,0.0,0.00804999999999999986399767948341832379810512065887451171875,btc,28.23042842,1.507809869948,0.1248446324119,1
1,[],20,[],2019-06-28 20:40:05,929.1746,0.008010075,0.000000979877280795,7776433,2019-06-28 20:40:05,btc,0.1481427886231,0.6316,0.008010075,btc,10.9959,0.0065652786,0.1339617053493,1
1,[],21,[],2019-06-28 20:40:06,2421.01827799,0.008077569999999999195150479636,0.0000009881339846419999,7776434,2019-06-28 20:40:06,btc,7.960928856433976,6160.318839549999,0.008077569999999999195150479636140516959130764007568359375,"btc,eth",1522.73734016,49.64384316008243,14.557943359357186,1
1,[],22,[],2019-06-28 20:40:10,0.0469,0.00850000,0.000001039810099999999978463542265,7776435,2019-06-28 20:40:10,BTC,0.01666796,0.0,0.00850000,BTC,0.25318100557485945,0.0,0.00025139,1
1,[],24,[],2019-06-28 20:40:10,0.0,0.000000000000,0,7776436,2019-06-28 20:40:10,btc,0.0,0.0,0.000000000000,btc,0.0,0.0,0.0,1
0.0,[],25,[],2019-06-28 20:40:11,0.0,0,0,7776437,2019-06-28 20:40:11,btc,27.984499998966747,19257.34558861,0.0,btc,3289.2141317,160.01,0.0,1
1,[],26,[],2019-06-28 20:40:18,0.0,0,0,7776438,2019-06-28 20:40:18,,0.0,0.0,0,,0.0,0.0,0.0,1
0,[],28,[],2019-06-28 20:40:19,0.0,0,0,7776439,2019-06-28 20:40:19,,0.0,0.0,0,,0.0,0.0,0.0,1
0,[],2,[],2019-01-20 23:28:45,0.0,0,0,6477011,2019-01-20 23:28:45,,0.0,0.0,0,,0.0,0.0,0.0,1
1,[],5,[],2019-06-17 14:29:02,0.0,0,0,7740076,2019-06-17 14:29:02,btc,0.0,2.72e-05,0,btc,0.0,0.0,0.0,2
1,[],22,[],2019-06-17 14:29:06,11550.3,0.0000002,0.0000000000185828,7740077,2019-06-17 14:29:06,BTC,21.00897301,0.0,0.0000002,"BTC,XMR",20678.87287795317,1.754e-05,0.00143681,2
1,[],5,[],2019-06-03 14:48:58,0.0,0,0,7731126,2019-06-03 14:48:58,btc,0.0,0.05905545,0,btc,0.0,0.0,0.0,3
1,[],12,[],2019-06-03 14:48:59,3468623.70302,0.000000116,0.000000000009823402000000002,7731127,2019-06-03 14:48:59,btc,169531.0336573751,0.0,0.000000116,btc,2361209.62379607,0.041350953071,0.33764769154428,3
0,[],28,[],2019-06-03 14:49:00,0.0,0,0,7731128,2019-06-03 14:49:00,,0.0,0.0,0,,0.0,0.0,0.0,3
0,[],2,[],2019-01-20 23:31:32,0.0,0,0,6477077,2019-01-20 23:31:32,,0.0,0.0,0,,0.0,0.0,0.0,4
1,[],4,[],2019-05-18 21:29:50,562734.9206932,0.00000010,0.000000000007298720000000001,7650946,2019-05-18 21:29:50,btc,41.9347137769675,0.0,0.00000010,btc,1123702.32192634,0.00052462,0.029254593370966,4
0,[],12,[],2019-06-02 05:03:43,0.0,0,0,7724919,2019-06-02 05:03:43,btc,625.901992874995,0.0,0,btc,1211362.4995005,0.0,0.0,5
0,[],2,[],2019-01-20 23:31:51,0.0,0,0,6477087,2019-01-20 23:31:51,,0.0,0.0,0,,0.0,0.0,0.0,6
1,[],11,[],2019-06-28 20:40:22,6351847.276736,0.00000001,0.000000000001223306,7776440,2019-06-28 20:40:22,btc,9583.568469362632,300000.0,0.00000001,btc,76378844.64770687,0.0,0.06351847276736,6
1,[],3,[],2019-06-28 20:40:22,12583.411960025665,0.0000535699999999999970146970229567529031555750407278537750244140625,0.000000006553250241999999,7776441,2019-06-28 20:40:22,btc,2027.992791570482,627.29874475,0.0000535699999999999970146970229567529031555750407278537750244140625,btc,443.864065663096,0.0,0.018154297095958366,7
1,[],4,[],2019-06-28 20:40:23,558532.34465337,0.00006340,0.000000007755760039999999,7776442,2019-06-28 20:40:23,btc,6.979536513667165,0.0,0.00006340,btc,56184.52219493,1.20959228,2.219089232738514,7
1,[],5,[],2019-06-28 20:40:25,0.0,0,0,7776443,2019-06-28 20:40:25,btc,0.0,0.09298033,0,btc,0.0,0.0,0.0,7
1,[],20,[],2019-04-07 22:06:50,3201475.0482,0.000000001,0.000000000000051590000000000004,7213932,2019-04-07 22:06:50,btc,30.8005781811902,0.0,0.000000001,btc,23077405.3926,0.0,0.0032014750482,8
0,[],2,[],2019-01-20 23:22:42,0.0,0,0,6476876,2019-01-20 23:22:42,,0.0,0.0,0,,0.0,0.0,0.0,9
0,[],23,[],2019-01-20 23:22:48,0.0,0,0,6476878,2019-01-20 23:22:48,,0.0,0.0,0,,0.0,0.0,0.0,9
1,[],1,[],2019-02-17 23:31:42,1822507.21,0.00000181000000000000003456111265232042484285557293333113193511962890625,0.000000000066086901,6701244,2019-02-17 23:31:42,btc,3.6990969245,17153386.5,0.00000181000000000000003456111265232042484285557293333113193511962890625,btc,1997391.71,31.11772986,3.2610482446,9
1,[],4,[],2019-06-28 20:40:27,2217007.74864033,0.00000040,0.00000000004893224,7776444,2019-06-28 20:40:27,btc,2.9721524421200978,0.0,0.00000040,btc,3178633.8473388,0.21501171,0.4237014201606914,9
0,[],28,[],2019-06-28 20:40:29,0.0,0,0,7776445,2019-06-28 20:40:29,,0.0,0.0,0,,0.0,0.0,0.0,9
1,[],4,[],2019-02-17 11:22:43,4341674.27126056,0.00000002,0.0000000000007272960000000001,6696112,2019-02-17 11:22:43,btc,0.1997230937751353,0.0,0.00000002,btc,4109766.79808031,0.00215132,0.0479381022052112,10
0,[],2,[],2019-01-20 23:23:08,0.0,0,0,6476890,2019-01-20 23:23:08,,0.0,0.0,0,,0.0,0.0,0.0,12
1,[],4,[],2019-06-28 20:40:30,29411228.47354842,0.00000029,0.000000000035475874,7776446,2019-06-28 20:40:30,btc,7.332176322191319,0.0,0.00000029,btc,8282306.23881563,0.44144876,1.3913286317833704,12
1,[],5,[],2019-06-28 20:40:31,0.0,0,0,7776447,2019-06-28 20:40:31,btc,0.0,0.05396621,0,btc,0.0,0.0,0.0,12
0.0,[],25,[],2019-06-28 20:40:33,0.0,0,0,7776448,2019-06-28 20:40:33,,0.0,0.0,0.0,btc,0.0,0.0,0.0,12
1,[],10,[],2019-06-28 20:15:55,600456.28106718,0.0000026,0.00000000032067854000000003,7776335,2019-06-28 20:15:55,btc,666797.6912435084,19759.2902076,0.0000026,btc,885357.87119435,0.0,0.2504402583375746,13
1,[],4,[],2019-06-28 20:40:34,444222.20707134,0.00000259,0.000000000316836254,7776449,2019-06-28 20:40:34,btc,1.9587506289882057,0.0,0.00000259,btc,346740.04762427,0.22384829,0.204413390182283,13
1,[],21,[],2019-06-28 20:40:38,5036721.54877424,0.000002460000000000000163966062949,0.000000000300933276,7776450,2019-06-28 20:40:38,btc,3.3756771175459894,1073077.82641088,0.00000246000000000000016396606294932780656381510198116302490234375,btc,975372.89925933,2.79368898,1.6681719612405994,13
1,[],4,[],2019-06-28 20:40:39,1052838.74219294,0.00000036,0.000000000044039016,7776451,2019-06-28 20:40:39,btc,2.9745520281000353,0.0,0.00000036,btc,773265.18849978,0.01651382,0.0845363909736344,14
1,[],12,[],2019-06-28 20:40:40,223111.0,0.00000045,0.000000000055048769999999994,7776452,2019-06-28 20:40:40,btc,193.48094087694807,0.0,0.00000045,btc,40729.04744547,0.00017898999,0.00964889,14
1,[],26,[],2019-06-28 20:42:40,0.0,0.00000050,0.0000000000611653,7776453,2019-06-28 20:42:40,btc,0.0,0.0,0.00000050,btc,0.0,0.0,0.0,14
0,[],17,[],2019-05-03 00:53:32,0.0,0,0,7558876,2019-05-03 00:53:32,btc,0.0,0.0,0,btc,0.0,0.0,0.0,14
,[],12,[],2018-12-01 15:15:48,204241.84496,0.00000489,0.000000000202473384,5260204,2018-12-01 15:15:48,btc,49.5475654835,0.0,,btc,35763.2193806,0.0163153972027625,0.0203389899998,15
0,[],4,[],2019-06-28 20:42:41,0.0,0,0,7776454,2019-06-28 20:42:41,,0.0,0.0,0,,0.0,0.0,0.0,15
0,[],2,[],2019-01-20 23:23:38,0.0,0,0,6476906,2019-01-20 23:23:38,,0.0,0.0,0,,0.0,0.0,0.0,18
1,[],4,[],2019-06-28 20:42:43,29982.80661553,0.00000803,0.000000000982314718,7776455,2019-06-28 20:42:43,btc,2.362525190609668,0.0,0.00000803,btc,16583.91522795,0.02339266,0.0306252237311762,18
1,[],10,[],2019-06-28 20:42:45,399574.84173673,0.0000081,0.00000000099087786,7776456,2019-06-28 20:42:45,btc,14.898779612554735,13895.5884928,0.0000081,btc,11340.69146513,0.0,0.3064182399445561,18
1,[],12,[],2019-06-28 20:42:47,1700.11170471,0.000008509999999999999837252580292545900420009274967014789581298828125,0.000000001041033406,7776457,2019-06-28 20:42:47,btc,0.5295031396114751,0.0,0.000008509999999999999837252580292545900420009274967014789581298828125,btc,1928.81278592,1.212675e-06,0.0035871693089521,18
0,[],17,[],2019-05-03 00:53:39,0.0,0,0,7558882,2019-05-03 00:53:39,btc,0.0,0.0,0,btc,0.0,0.0,0.0,18
0,[],2,[],2019-01-20 23:24:19,0.0,0,0,6476924,2019-01-20 23:24:19,,0.0,0.0,0,,0.0,0.0,0.0,19
1,[],3,[],2019-06-28 20:44:47,160141.3863705095,0.000007900000000000000595422149085589325068212929181754589080810546875,0.00000000096641174,7776458,2019-06-28 20:44:47,btc,190.33271638986028,16041.8444588,0.000007900000000000000595422149085589325068212929181754589080810546875,btc,18444.379439380635,0.0,0.105959741764487,19
1,[],4,[],2019-06-28 20:44:48,204379.82573433,0.00000741,0.000000000906469746,7776459,2019-06-28 20:44:48,btc,4.142387755241308,0.0,0.00000741,btc,237731.84485399,0.26615308,0.7420483202495634,19
1,[],5,[],2019-06-28 20:44:50,0.0,0,0,7776460,2019-06-28 20:44:50,btc,0.0,0.0,0,btc,0.0,0.0,0.0,19
1,[],12,[],2019-06-28 20:44:51,107032.7597597,0.0000060599999999999995775427918953681682978640310466289520263671875,0.0000000007413234359999999,7776461,2019-06-28 20:44:51,btc,1.2053258176664419,0.0,0.0000060599999999999995775427918953681682978640310466289520263671875,btc,3008.56634116,0.0,0.0097025199996363,19
0,[],27,[],2019-06-28 20:44:57,0.0,0,0,7776462,2019-06-28 20:44:57,,0.0,0.0,0,btc,0.0,0.0,0.0,19
1,[],4,[],2019-06-28 20:44:58,9961191.09278478,0.00000005,0.00000000000611653,7776463,2019-06-28 20:44:58,btc,5.161999225062317,0.0,0.00000005,btc,2237645.99057627,0.0,0.1113794166205056,20
0,[],4,[],2019-06-28 20:44:59,0.0,0,0,7776464,2019-06-28 20:44:59,,13838.477069021374,0.0,0,,165879930.57370672,0.0,0.0,21
0,[],12,[],2019-06-28 20:45:00,0.0,0,0,7776465,2019-06-28 20:45:00,btc,2602.9606819574524,0.0,0,btc,10311974.54345651,4.995e-07,0.0,21
0,[],17,[],2019-05-03 00:53:51,0.0,0,0,7558891,2019-05-03 00:53:51,btc,0.0,0.0,0,btc,0.0,0.0,0.0,21
1,[],12,[],2019-06-28 20:22:21,7254530049.455566,0.0000000006,0.00000000000007400274000000001,7776352,2019-06-28 20:22:21,btc,1426620281287.5542,0.0,0.0000000006,btc,2430074176.8762584,0.667690254247,2.140217701800083,23
0.0000000002516589,[],27,[],2019-06-28 20:22:28,102975762.7652348,2.516589e-16,3.103908024231e-20,7776353,2019-06-28 20:22:28,eth,1131.3679040043116,52269881.27140619,0.00000100,eth,5088874.62788612,1.8152769535829234e-08,1.0606208918920097e-08,23
1,[],4,[],2019-06-22 05:45:29,6100414.07522138,0.00000017,0.00000000001823352,7751732,2019-06-22 05:45:29,btc,10.22685272773715,0.0,0.00000017,btc,1790815.48208265,0.0,0.1345450262400025,24
0,[],22,[],2019-06-22 05:45:31,0.0,0,0,7751733,2019-06-22 05:45:31,,6.22e-05,0.0,0,,517.4264705882352,0.0,0.0,24
0.0,[],25,[],2019-06-22 05:45:32,0.0,0,0,7751734,2019-06-22 05:45:32,,0.0,0.0,0.0,btc,0.0,0.0,0.0,24
1,[],4,[],2019-06-28 20:22:29,26924512.80882224,0.00000333,0.00000000041071520700000004,7776354,2019-06-28 20:22:29,btc,6.698160661952337,0.0,0.00000333,btc,202508.50539847,0.06748194,0.34540531173964,26
1,[],10,[],2019-06-28 20:22:32,128698.80175,0.00000451,0.000000000556253929,7776355,2019-06-28 20:22:32,btc,25.134927203057238,5663.70979134,0.00000451,btc,20537.30161201,0.0,0.0473984321238347,26
0,[],2,[],2019-01-20 23:25:56,0.0,0,0,6476976,2019-01-20 23:25:56,,0.0,0.0,0,,0.0,0.0,0.0,26
1,[],5,[],2019-04-26 09:47:06,0.0,0,0,7465326,2019-04-26 09:47:06,btc,0.0,0.0,0,btc,0.0,0.0,0.0,27
1,[],3,[],2019-06-17 14:30:26,13571825.64059417,0.00000001,0.00000000000092914,7740112,2019-06-17 14:30:26,btc,3.485049956644059,4264730.43754,0.00000001,btc,23500048.28518193,0.0,0.1357182564059417,27
1,[],11,[],2019-06-17 14:30:28,2031833.58157834,0.00000001,0.00000000000092914,7740113,2019-06-17 14:30:28,btc,67502.92060589766,32677.9652116,0.00000001,btc,6487362.95640949,0.0,0.0203183358157834,27
0.00000000009742960000000001,[],4,[],2019-06-28 20:22:33,426796223.2679861,9.450671200000001e-17,1.1656259393984802e-20,7776356,2019-06-28 20:22:33,ltc,10.521748125496268,0.0,0.00000097,ltc,673781572.9738483,0.34629504,1.0698671267537634e-08,29
1,[],7,[],2019-06-28 20:22:34,5089000.83628903,0.00000001,0.0000000000012333790000000002,7776357,2019-06-28 20:22:34,btc,46548272.41306319,1046175.79608,0.00000001,btc,46483871.66535605,0.0,0.050890008362890295,29
1,[],4,[],2019-06-28 20:22:35,15746245.19040204,0.00000004,0.000000000004933516000000001,7776358,2019-06-28 20:22:35,btc,2.5761836567667915,0.0,0.00000004,btc,2271461.54845355,0.0,0.1719683204267238,30
0,[],17,[],2019-05-03 01:11:25,0.0,0,0,7559066,2019-05-03 01:11:25,btc,0.0,0.0,0,btc,0.0,0.0,0.0,30
1,[],4,[],2019-06-28 20:24:36,219141.11609592,0.00002602,0.0000000032092521580000005,7776359,2019-06-28 20:24:36,btc,3.367479504534727,0.0,0.00002602,btc,52915.53774613,0.2510936,0.31169774085324,31
1,[],21,[],2019-06-28 20:24:37,710961.66162469,0.00002705000000000000020530452338,0.0000000033362901950000004,7776360,2019-06-28 20:24:37,btc,4.761757151157495,100037.33613782,0.0000270500000000000002053045233818551196236512623727321624755859375,btc,124676.27551643,2.95679617,2.7228419187070347,31
0,[],2,[],2019-01-20 23:28:43,0.0,0,0,6477009,2019-01-20 23:28:43,,0.0,0.0,0,,0.0,0.0,0.0,32
0,[],4,[],2019-06-28 20:24:39,0.0,0,0,7776361,2019-06-28 20:24:39,,0.0,0.0,0,,0.0,0.0,0.0,33
1,[],12,[],2019-03-30 07:55:10,40641173.964,0.00000003,0.000000000001228359,7108785,2019-03-30 07:55:10,btc,4233210.82356125,0.0,0.00000003,btc,28378394.68333462,0.0126927883965248,0.90752895892,33
0.00000000009742960000000001,[],4,[],2019-06-28 20:24:41,149386516.91538617,5.3586280000000003e-17,6.609219244012001e-21,7776362,2019-06-28 20:24:41,ltc,4.526366607777999,0.0,0.00000055,ltc,165471710.37721798,0.00077867,6.391418172851576e-10,34
1,[],5,[],2019-06-28 20:24:42,0.0,0,0,7776363,2019-06-28 20:24:42,btc,0.0,0.00018496,0,btc,0.0,0.0,0.0,34
0.0000000002926451,[],17,[],2019-05-02 18:17:47,200000.0,2.9264510000000002e-18,1.596703856561e-22,7556430,2019-05-02 18:17:47,eth,0.20942468735267253,0.0,0.00000001,"btc,eth",1018272.20243647,0.0,5.852902e-13,36
0.0000000001311821,[],4,[],2019-05-31 13:28:19,2417517744.0607657,1.311821e-18,1.105058333085e-22,7717483,2019-05-31 13:28:19,ltc,5.019900492391546e-08,0.0,0.00000001,ltc,7102398142.262129,0.0,3.171350544531538e-09,36
1,[],5,[],2019-05-31 13:28:21,0.0,0,0,7717484,2019-05-31 13:28:21,btc,0.0,0.0,0,btc,0.0,0.0,0.0,36
0.0000000003108179,[],27,[],2019-05-31 13:30:34,10388811.226876,6.216358000000001e-18,5.236566733830001e-22,7717485,2019-05-31 13:30:34,eth,1569.8708019850988,761866.634299,0.00000002,"ltc,eth",5084024.2511555,4.736034912207001e-12,3.3251980286483705e-11,36
1,[],4,[],2019-06-25 10:05:55,10747826.61931615,0.00000014,0.000000000015920562,7762320,2019-06-25 10:05:55,btc,19773.05513423956,0.0,0.00000014,btc,682946.14349671,0.0006293,0.1362851255028938,37
1,[],12,[],2019-06-25 10:05:57,4167862.54235103,0.00000013,0.000000000014783379,7762321,2019-06-25 10:05:57,btc,7.381091518261743,0.0,0.00000013,btc,1713444.53926904,0.016313049979,0.1478110147956336,37
1,[],27,[],2019-06-25 10:08:02,10970.0,0.00000019,0.000000000021606477,7762322,2019-06-25 10:08:02,btc,22.62970013895233,0.0,0.00000019,btc,4298.824295,0.0,0.00167419,37
1,[],17,[],2019-05-03 01:11:36,211752.74075282,0.00000025,0.000000000013700074999999998,7559074,2019-05-03 01:11:36,btc,0.055484923955058496,0.0,0.00000025,"btc,eth",1387.19918473,0.0,0.0005381851887916605,37
1,[],5,[],2019-06-28 20:24:43,0.0,0,0,7776364,2019-06-28 20:24:43,btc,0.0,0.1906008,0,btc,0.0,0.0,0.0,42
1,[],12,[],2019-06-28 20:24:46,2025202.6598732,0.000001300000000000000047051663780439678674838432925753295421600341796875,0.00000000016033927000000002,7776365,2019-06-28 20:24:46,btc,526.3195969348261,0.0,0.000001300000000000000047051663780439678674838432925753295421600341796875,btc,143222.67864443,0.060295550902,0.0624663176922324,42
1,[],27,[],2019-06-28 20:24:55,683.0,0.00000140,0.00000000017267306000000002,7776366,2019-06-28 20:24:55,btc,0.07600425,0.0,0.00000140,"btc,eth",18.0,0.0,0.0005422,42
1,[],12,[],2019-03-13 09:13:29,1112112.0,0.00000001,0.000000000000386531,6919902,2019-03-13 09:13:29,btc,29058.00478931866,0.0,0.00000001,btc,5967681.93306694,9.99000999e-07,0.01112112,43
1,[],5,[],2019-04-26 22:38:52,0.0,0,0,7474154,2019-04-26 22:38:52,btc,0.0,0.02638891,0,btc,0.0,0.0,0.0,43
0,[],17,[],2019-04-26 22:38:53,0.0,0,0,7474155,2019-04-26 22:38:53,btc,0.0,0.0,0,btc,0.0,0.0,0.0,43
1,[],12,[],2019-03-05 01:54:08,639326.02,0.00000004,0.000000000001486676,6845775,2019-03-05 01:54:08,btc,11116042.728239931,0.0,0.00000004,btc,1103841.4595604,0.0003330765234764,0.014975410599999999,44
0.00000000009742960000000001,[],4,[],2019-06-28 20:24:57,109940635.68363228,5.3586280000000003e-17,6.609219244012001e-21,7776367,2019-06-28 20:24:57,ltc,2762.2134684175717,0.0,0.00000055,ltc,26850190.32532352,0.00066187,4.5584296254764784e-10,49
0.00000000009742960000000001,[],4,[],2019-06-28 20:24:58,318223339.2500388,2.0460216e-17,2.5235200749864003e-21,7776368,2019-06-28 20:24:58,ltc,28232.086198029017,0.0,0.00000021,ltc,195949832.20656297,0.0,1.8057685534430438e-09,52
0,[],22,[],2019-06-28 20:25:01,0.0,0,0,7776369,2019-06-28 20:25:01,,10289.80784133,0.0,0,,287058287.4566013,0.0,0.0,57
0,[],27,[],2019-06-28 20:25:09,0.0,0,0,7776370,2019-06-28 20:25:09,,0.0,0.0,0,"btc,eth",0.0,0.0,0.0,57
0,[],4,[],2019-06-28 20:25:10,0.0,0,0,7776371,2019-06-28 20:25:10,,19.719361152924357,0.0,0,,6085129995.992692,0.0,0.0,58
0,[],12,[],2019-06-28 20:25:12,0.0,0,0,7776372,2019-06-28 20:25:12,btc,54160488.26482973,0.0,0,btc,3420692873.595361,0.000257262437,0.0,58
0.0000000000814076,[],22,[],2019-06-28 20:27:15,126877.0,8.14076e-19,1.0040642428040002e-22,7776373,2019-06-28 20:27:15,XMR,68.17454206,0.0,0.00000001,XMR,9626402.6,0.0,0.00126877,58
1,[],17,[],2019-05-03 01:12:09,1200000.0,0.0000000001,0.00000000000000548003,7559085,2019-05-03 01:12:09,btc,1e+24,0.0,0.0000000001,"btc,eth",39516342.31952568,0.0,0.00010000000058666061,58
1,[],5,[],2019-06-17 14:31:27,0.0,0,0,7740135,2019-06-17 14:31:27,btc,0.0,0.00079154,0,btc,0.0,0.0,0.0,61
1,[],22,[],2019-06-17 14:31:30,13612.833333333334,0.00000012,0.00000000001114968,7740136,2019-06-17 14:31:30,BTC,1002.29123003,0.0,0.00000012,BTC,15014.200177125656,0.0,0.00153257,61
1,[],26,[],2019-06-17 14:31:30,0.0,0.00000050,0.000000000046457,7740137,2019-06-17 14:31:30,btc,0.0,0.0,0.00000050,btc,0.0,0.0,0.0,61
1,[],27,[],2019-06-17 14:31:36,8400.0,0.00000018,0.00000000001672452,7740138,2019-06-17 14:31:36,btc,1.9742539297246655,0.0,0.00000018,"btc,eth",10953.51663696,0.0,0.001512,61
0,[],28,[],2019-06-17 14:31:38,0.0,0,0,7740139,2019-06-17 14:31:38,,0.0,0.0,0,,0.0,0.0,0.0,61
1,[],4,[],2019-06-28 20:27:17,210573.1556142,0.00000066,0.000000000081403014,7776374,2019-06-28 20:27:17,btc,3.4449500125723107,0.0,0.00000066,btc,1281168.20923533,0.08328447,0.0805384642620474,67
0.0,[],25,[],2019-06-28 20:27:19,0.0,0,0,7776375,2019-06-28 20:27:19,,0.0,0.0,0.0,btc,0.0,0.0,0.0,67
1,[],12,[],2019-06-02 06:23:14,910048.355,0.00000006,0.000000000005154929999999999,7725270,2019-06-02 06:23:14,btc,5.167005424215783,0.0,0.00000006,btc,738530.60239759,0.003159757462,0.0187188113,71
,[],5,[],2018-11-20 23:02:39,1.5e-07,0.00000005,0.000000000002128045,4862160,2018-11-20 23:02:39,btc,2.84511358,0.0,,btc,0.00036572,0.0,0.07381892,74
1,[],5,[],2019-06-28 20:27:20,0.0,0,0,7776376,2019-06-28 20:27:20,btc,0.0,0.0057418,0,btc,0.0,0.0,0.0,75
1,[],4,[],2019-06-04 03:25:15,715281.46076168,0.00000001,0.000000000000803619,7734085,2019-06-04 03:25:15,btc,581089.6218469425,0.0,0.00000001,btc,37692563.61091116,0.0,0.0071528146076168,81
0,[],20,[],2019-01-25 09:30:31,0.0,0,0,6495923,2019-01-25 09:30:31,btc,0.0,0.0,0,btc,0.0,0.0,0.0,81
1,[],4,[],2019-06-28 19:24:55,222588.90402374,0.00007499,0.000000008993423217,7776133,2019-06-28 19:24:55,btc,58.71982361308501,0.0,0.00007499,btc,122244.44900265,0.31029147,0.2368031185276492,82
1,[],21,[],2019-06-28 19:24:57,320329.67470701,0.00007449999999999999482878931811,0.00000000893465835,7776134,2019-06-28 19:24:57,btc,4.104638855517136,24913.49476628,0.00007449999999999999482878931811313805155805312097072601318359375,btc,40694.891277149996,1.66057331,3.143756957083823,82
0,[],17,[],2019-03-25 22:42:34,0.0,0,0,7038780,2019-03-25 22:42:34,btc,0.0445064681804024,0.0,0,btc,995513.18476001,0.0,0.0,84
0.0000000001161485,[],4,[],2019-05-20 13:09:39,216715621.0206096,1.161485e-18,9.0533806701e-23,7657228,2019-05-20 13:09:39,ltc,1.6511566870244727,0.0,0.00000001,ltc,471032407.9048656,0.0,2.5171194308112273e-10,85
,[],22,[],2018-11-20 23:09:34,3408.1,0.0000001,0.0000000000041895,4862324,2018-11-20 23:09:34,BTC,0.04624735,0.0,,BTC,4990.0,0.0,0.00033081,86
1,[],22,[],2019-06-26 09:07:19,62694.0,0.00000005,0.0000000000063518149999999994,7766682,2019-06-26 09:07:19,BTC,1.85249053,0.0,0.00000005,BTC,287024.94736842107,0.0003,0.00062846,87
1,[],27,[],2019-06-26 09:07:25,361781.0,0.0000002,0.000000000025407259999999998,7766683,2019-06-26 09:07:25,btc,19.86923154858,99950.0,0.0000002,btc,548343.482,0.01999,0.01237888,87
,[],2,[],2018-11-20 23:10:47,0.0,0,0,4862359,2018-11-20 23:10:47,,0.0,0.0,,,0.0,0.0,0.0,88
1,[],11,[],2019-06-17 14:31:59,193715.3529613,0.000073310000000000001140094962881477158589405007660388946533203125,0.00000000681152534,7740147,2019-06-17 14:31:59,btc,168.35454702024953,5791.70569014,0.000073310000000000001140094962881477158589405007660388946533203125,btc,196971.41170107,0.0,1.1996165759440112,89
0,[],2,[],2019-01-20 23:31:45,0.0,0,0,6477083,2019-01-20 23:31:45,,0.0,0.0,0,,0.0,0.0,0.0,91
1,[],12,[],2019-06-28 20:27:22,397313.22515666997,0.00000027,0.000000000033301233000000005,7776377,2019-06-28 20:27:22,btc,122.1478216350239,0.0,0.00000027,btc,293229.33259661,0.0,0.0257948129538396,91
1,[],22,[],2019-06-28 20:29:27,75900.0,0.00000001,0.0000000000012333790000000002,7776378,2019-06-28 20:29:27,BTC,0.495,0.0,0.00000001,"BTC,LTC",4.95,0.0,0.001659,91
0,[],17,[],2019-05-03 01:12:26,0.0,0,0,7559096,2019-05-03 01:12:26,btc,0.0,0.0,0,btc,0.0,0.0,0.0,91
1,[],22,[],2019-06-28 20:29:31,94060.0,0.00000002,0.0000000000024667580000000003,7776379,2019-06-28 20:29:31,BTC,11.45990384,0.0,0.00000002,"BTC,LTC",334809.4683191416,0.00034497000000141174,0.0662712,95
0.00000000009742960000000001,[],4,[],2019-06-28 20:29:32,538044901.6290456,2.43574e-17,3.0041905654600004e-21,7776380,2019-06-28 20:29:32,ltc,10.91655255398987,0.0,0.00000025,ltc,154118487.45343193,0.00010079,6.517191595077427e-10,96
0,[],12,[],2019-06-28 20:29:33,0.0,0,0,7776381,2019-06-28 20:29:33,btc,36.78979226448551,0.0,0,btc,9956082.448551439,0.0,0.0,96
0,[],17,[],2019-05-03 01:12:32,0.0,0,0,7559100,2019-05-03 01:12:32,btc,0.0,0.0,0,btc,0.0,0.0,0.0,96
1,[],4,[],2019-04-14 03:32:46,1039404.33283278,0.00000038,0.000000000019245518,7293458,2019-04-14 03:32:46,btc,4.170086055365747,0.0,0.00000038,btc,3097704.34561074,0.06260606,0.1859928211030784,99
0,[],2,[],2019-01-20 23:23:55,0.0,0,0,6476914,2019-01-20 23:23:55,,0.0,0.0,0,,0.0,0.0,0.0,100
1,[],4,[],2019-06-28 20:31:34,192351.37909751,0.00001430,0.0000000017637319700000002,7776382,2019-06-28 20:31:34,btc,7.8574112470977395,0.0,0.00001430,btc,167925.12295578,0.28517816,0.4208166664478697,100
1,[],22,[],2019-06-05 06:30:35,150000.0,0.00000002,0.000000000001558192,7740007,2019-06-05 06:30:35,BTC,28.56386409,0.0,0.00000002,BTC,12787.719,0.0,0.0017,101
1,[],4,[],2019-06-28 20:31:35,446452.45231803,0.00000157,0.00000000019364050300000003,7776383,2019-06-28 20:31:35,btc,882.6209662613071,0.0,0.00000157,btc,743986.49165784,0.02334453,0.0672166517099422,103
1,[],12,[],2019-06-17 14:32:14,179201505.10870332,0.000000005,0.00000000000046457,7740154,2019-06-17 14:32:14,btc,113577.79366343976,0.0,0.000000005,btc,79148141.67831126,0.019059029059,0.27280986350611003,105
1,[],27,[],2019-06-17 14:32:19,18306828.03496503,0.00000002,0.00000000000185828,7740155,2019-06-17 14:32:19,btc,180.7198218385489,1083.96503497,0.00000002,btc,276513.60142659,7.588e-05,0.3661365606993006,105
1,[],22,[],2019-04-21 00:17:26,21333.0,0.00000001,0.000000000000532493,7385819,2019-04-21 00:17:26,BTC,51.38182867,0.0,0.00000001,BTC,470435.0,0.0,0.00021333,107
1,[],26,[],2019-04-21 00:17:26,0.0,0.00000000,0,7385820,2019-04-21 00:17:26,btc,0.0,0.0,0.00000000,btc,0.0,0.0,0.0,107
1,[],5,[],2019-06-28 20:31:38,0.0,0,0,7776384,2019-06-28 20:31:38,btc,0.0,0.0,0,btc,0.0,0.0,0.0,112
0,[],22,[],2019-06-28 20:31:40,0.0,0,0,7776385,2019-06-28 20:31:40,,6.79500102,0.0,0,,3375892.0833333335,0.0,0.0,112
1,[],27,[],2019-06-28 20:31:47,1.0,0.00000001,0.0000000000012333790000000002,7776386,2019-06-28 20:31:47,btc,0.0,0.0,0.00000001,"btc,eth",0.0,0.0,1e-08,112
1,[],4,[],2019-06-28 20:31:48,940626.61344326,0.00000040,0.000000000049335160000000005,7776387,2019-06-28 20:31:48,btc,6.381466588792571,0.0,0.00000040,btc,993776.42503214,0.02274795,0.1054324820155163,113
1,[],5,[],2019-06-28 20:31:49,0.0,0,0,7776388,2019-06-28 20:31:49,btc,0.0,0.0,0,btc,0.0,0.0,0.0,113
1,[],17,[],2019-04-26 02:17:47,162738.278,0.00000004,0.0000000000021069000000000002,7461287,2019-04-26 02:17:47,btc,1.3331140273775473,0.0,0.00000004,btc,51796.221,0.0,0.00230953112,116
1,[],27,[],2019-05-22 05:13:01,210000.0,0.00000001,0.00000000000079145,7666372,2019-05-22 05:13:01,btc,3919.0005001478,0.0,0.00000001,btc,128660.871,0.0,0.0021,116
1,[],4,[],2019-05-21 22:31:11,138169.03963019,0.00000701,0.000000000558364025,7664793,2019-05-21 22:31:11,btc,150.95388250938234,0.0,0.00000701,btc,344631.17141974,0.07552974,0.4288357684941946,120
1,[],7,[],2019-05-21 22:31:12,3901.07750076,0.000010679999999999999389654892212320191902108490467071533203125,0.0000000008506887,7664794,2019-05-21 22:31:12,btc,231188.94669936574,0.0,0.000010679999999999999389654892212320191902108490467071533203125,btc,4133.83151364,0.0,0.0113888422364489,120
1,[],20,[],2019-04-07 18:42:29,1914137.0852,0.000000035,0.0000000000017871910000000002,7211992,2019-04-07 18:42:29,btc,32.2497668025648,25528.85,0.000000035,btc,1001975.4986,0.00089350975,0.0152723574729,125
1,[],22,[],2019-06-17 14:32:38,10000.0,0.00000001,0.00000000000092914,7740161,2019-06-17 14:32:38,BTC,0.032061,0.0,0.00000001,BTC,299316.7611111111,0.0,0.0001,126
1,[],4,[],2019-06-28 20:31:51,597613.18800792,0.00000304,0.00000000037494721600000003,7776389,2019-06-28 20:31:51,btc,2.4060557288908013,0.0,0.00000304,btc,176676.12432837,0.03768894,0.5754800882491802,131
0,[],2,[],2019-01-20 23:25:46,0.0,0,0,6476969,2019-01-20 23:25:46,,0.0,0.0,0,,0.0,0.0,0.0,131
1,[],17,[],2019-05-03 01:13:10,10000.0,0.00000001,0.000000000000548003,7559115,2019-05-03 01:13:10,btc,0.0953976503951408,0.0,0.00000001,btc,5037.62507334,0.0,0.0001,131
1,[],4,[],2019-06-17 14:32:42,4848.49465417,0.00007919,0.00000000735785966,7740163,2019-06-17 14:32:42,btc,0.9905723729472744,0.0,0.00007919,btc,202.13055914,0.0,0.0061509344290166,135
1,[],3,[],2019-06-05 06:33:11,40600.27748212,0.00000001,0.000000000000779096,7740019,2019-06-05 06:33:11,btc,0.2308097808993716,2146378.52189,0.00000001,btc,2477992.76904676,0.0,0.0004060027748212,136
1,[],4,[],2019-06-28 20:33:52,201079.4757549,0.00000163,0.00000000020104077700000001,7776390,2019-06-28 20:33:52,btc,112.5118390762702,0.0,0.00000163,btc,506686.53410876,0.00709937,0.2150524488269465,137
1,[],12,[],2019-06-28 20:33:54,63552.50751151,0.00000190000000000000001990053087597143388620679615996778011322021484375,0.00000000023434201,7776391,2019-06-28 20:33:54,btc,57.973337269531406,0.0,0.00000190000000000000001990053087597143388620679615996778011322021484375,btc,81549.8029278,0.003026993569,0.0103294799999093,137
1,[],4,[],2019-06-28 20:33:55,371975.39197784,0.00001002,0.000000001235845758,7776392,2019-06-28 20:33:55,btc,5.186524627128131,0.0,0.00001002,btc,159547.87374434,0.15445411,0.2206788499344388,142
1,[],5,[],2019-06-28 20:33:57,0.0,0,0,7776393,2019-06-28 20:33:57,btc,0.0,0.02028838,0,btc,0.0,0.0,0.0,142
1,[],20,[],2019-06-28 20:35:59,273822.4471,0.000010123,0.0000000012485495617000002,7776394,2019-06-28 20:35:59,btc,1.6108870227803,12.0316,0.000010123,btc,10035.3533,0.0001219162028,0.0070322780977,142
1,[],22,[],2019-06-28 20:36:03,10820.0,0.00000600,0.0000000007400274000000001,7776395,2019-06-28 20:36:03,BTC,2.99759384,0.0,0.00000600,BTC,835.7198755539798,0.0,0.0053672,142
0.0,[],25,[],2019-06-28 20:36:05,0.0,0,0,7776396,2019-06-28 20:36:05,,0.0,0.0,0.0,btc,0.0,0.0,0.0,142
0,[],28,[],2019-06-28 20:36:07,0.0,0,0,7776397,2019-06-28 20:36:07,,0.0,0.0,0,,0.0,0.0,0.0,142
1,[],17,[],2019-05-03 01:13:16,32967.38636364,0.00000088,0.000000000048224264,7559122,2019-05-03 01:13:16,btc,20.06976206696776,0.0,0.00000088,btc,2746.079105,0.0,0.0105613000000032,142
0,[],22,[],2019-06-28 20:36:10,0.0,0,0,7776398,2019-06-28 20:36:10,,1635.49920992,0.0,0,,707007055.1744589,0.0,0.0,143
0,[],22,[],2019-02-25 15:42:22,0.0,0,0,6783783,2019-02-25 15:42:22,,4.2131946,0.0,0,,2322156.0,0.0,0.0,146
,[],22,[],2018-11-20 23:01:11,0.0,0,0,4862114,2018-11-20 23:01:11,,2.56807021,0.0,,,61828.4988236,0.0,0.0,147
1,[],12,[],2019-04-21 06:38:04,193091.5971266,0.00000071,0.000000000037635183,7388679,2019-04-21 06:38:04,btc,2.301232411611175,0.0,0.00000071,btc,9957.48302385,0.00023528,0.0313308199999888,148
1,[],4,[],2019-03-19 21:31:25,255810.0415942,0.00000029,0.000000000011615747,6982695,2019-03-19 21:31:25,btc,218.94922712414143,0.0,0.00000029,btc,793529.37642722,0.00117,0.0608347789473395,152
0,[],22,[],2019-03-19 21:31:27,0.0,0,0,6982696,2019-03-19 21:31:27,,0.0,0.0,0,,0.0,0.0,0.0,152
1,[],5,[],2019-04-26 09:36:59,0.0,0,0,7465040,2019-04-26 09:36:59,btc,0.0,0.0,0,btc,0.0,0.0,0.0,153
,[],16,[],2019-01-11 15:38:59,0.0,0,0,6366141,2019-01-11 15:38:59,btc,0.0,0.0,,btc,0.0,0.0,0.0,155
0,[],23,[],2019-01-20 23:24:29,0.0,0,0,6476932,2019-01-20 23:24:29,,0.0,0.0,0,,0.0,0.0,0.0,156
0,[],22,[],2019-06-04 06:02:09,0.0,0,0,7734688,2019-06-04 06:02:09,,7.43375324,0.0,0,,5955762.942592593,0.0,0.0,156
1,[],22,[],2019-06-28 20:36:15,6996.0,0.00000001,0.0000000000012333790000000002,7776399,2019-06-28 20:36:15,BTC,1.7543039,0.0,0.00000001,BTC,57.0,0.0,6.996e-05,157
0,[],22,[],2019-05-21 23:40:32,0.0,0,0,7665049,2019-05-21 23:40:32,,50234.60468402,0.0,0,,54786159.03179465,0.0,0.0,158
,[],17,[],2018-11-20 22:56:10,0.0,0,0,4861976,2018-11-20 22:56:10,btc,1.1265625,0.0,,btc,1000.0,0.0,0.0,159
,[],20,[],2018-11-20 22:56:12,0.0,0,0,4861977,2018-11-20 22:56:12,btc,11912.7940471,0.0,,btc,34413894.3617,0.0,0.0,159
1,[],12,[],2019-05-24 02:51:20,9178.522006449999,0.00000191999999999999982841307998027158276954651228152215480804443359375,0.000000000151222656,7676256,2019-05-24 02:51:20,btc,149.80414728631675,0.0,0.00000191999999999999982841307998027158276954651228152215480804443359375,btc,1115.7451448499999,0.01783167678326,0.0120075778999181,168
1,[],17,[],2019-05-03 01:13:36,42852.0,0.00000002,0.000000000001096006,7559132,2019-05-03 01:13:36,btc,0.04279856251542,0.0,0.00000002,btc,274.46171372,0.0,0.00052852,168
1,[],22,[],2019-05-17 03:01:52,10.0,0.00000001,0.000000000000778341,7642059,2019-05-17 03:01:52,BTC,41.95893009,0.0,0.00000001,BTC,1753972.7737547632,0.0,1e-07,169
1,[],22,[],2019-05-30 08:38:18,202834.0,0.00000002,0.0000000000017416160000000001,7711049,2019-05-30 08:38:18,BTC,27.87002826,0.0,0.00000002,BTC,462189.5410507793,0.0,0.00211768,171
1,[],22,[],2019-05-29 08:05:18,349870.0,0.00000002,0.000000000001705894,7705265,2019-05-29 08:05:18,BTC,24.05907723,0.0,0.00000002,"BTC,LTC",1224285.4355616204,0.0,0.0039847,173
1,[],5,[],2019-06-28 20:36:17,0.0,0,0,7776400,2019-06-28 20:36:17,btc,0.0,0.00611063,0,btc,0.0,0.0,0.0,175
1,[],22,[],2019-06-17 14:33:12,90671.0,0.00000001,0.00000000000092914,7740175,2019-06-17 14:33:12,BTC,394.35459412,0.0,0.00000001,BTC,136275.61833431243,0.0,0.00090671,176
1,[],7,[],2019-06-28 20:36:19,0.0,0,0,7776401,2019-06-28 20:36:19,btc,521516.24099987553,0.0,0,btc,27640354.03590646,0.0,0.0,178
0,[],22,[],2019-06-28 20:36:21,0.0,0,0,7776402,2019-06-28 20:36:21,,1.00242428,0.0,0,,57512.0,0.0,0.0,178
0,[],2,[],2019-01-20 23:28:34,0.0,0,0,6477001,2019-01-20 23:28:34,,0.0,0.0,0,,0.0,0.0,0.0,178
1,[],5,[],2019-06-28 20:36:23,0.0,0,0,7776403,2019-06-28 20:36:23,btc,0.0,0.0,0,btc,0.0,0.0,0.0,179
0,[],22,[],2019-06-28 20:36:25,0.0,0,0,7776404,2019-06-28 20:36:25,,9.36129528,0.0,0,,14660480.311946675,0.0,0.0,179
0,[],23,[],2019-01-20 23:25:08,0.0,0,0,6476952,2019-01-20 23:25:08,,0.0,0.0,0,,0.0,0.0,0.0,179
1,[],22,[],2019-06-28 20:38:30,695155.5363636364,0.00000036,0.000000000044401644,7776405,2019-06-28 20:38:30,BTC,40.6047821,0.0,0.00000036,"BTC,LTC",159190.51587503732,0.00274128,0.56506569,180
1,[],26,[],2019-06-28 20:38:30,0.0,0.00000010,0.000000000012333790000000001,7776406,2019-06-28 20:38:30,btc,0.0,0.0,0.00000010,btc,0.0,0.0,0.0,180
1,[],17,[],2019-05-03 01:13:56,20504.725000000002,0.0000001,0.00000000000548003,7559141,2019-05-03 01:13:56,btc,5.2010695838400265,0.0,0.0000001,btc,5033.45945,0.0,0.0011504725,180
,[],7,[],2018-11-20 22:58:01,562227.975654,0.00000085,0.000000000036176765,4862015,2018-11-20 22:58:01,btc,21836.6059674,2491.87645172,,btc,749999.041456,0.00211021,0.127565380455,183
,[],5,[],2019-01-10 08:11:41,0.0,0,0,6347036,2019-01-10 08:11:41,btc,82.15055501,0.00261,,btc,1.19002445,0.0,0.0,187
,[],17,[],2018-11-16 20:58:10,4062536.27273,0.00000001,0.000000000000550501,4708775,2018-11-16 20:58:10,btc,3.36492563466,0.195460381006,,"btc,eth",110697919.549,0.0,0.0157628953496,187
1,[],24,[],2019-05-22 21:04:52,0.0,0.000000000014,0.0000000000000010960978,7670219,2019-05-22 21:04:52,btc,0.0,0.0,0.000000000014,btc,0.0,0.0,0.0,187
0,[],22,[],2019-04-25 02:54:07,0.0,0,0,7447896,2019-04-25 02:54:07,,7.54794454,0.0,0,,76361.7243344055,0.0,0.0,191
0,[],22,[],2019-06-17 14:33:34,0.0,0,0,7740182,2019-06-17 14:33:34,,0.0,0.0,0,,0.0,0.0,0.0,197
0,[],23,[],2019-01-20 23:31:41,0.0,0,0,6477079,2019-01-20 23:31:41,,0.0,0.0,0,,0.0,0.0,0.0,199
0,[],22,[],2019-06-28 08:39:55,0.0,0,0,7774500,2019-06-28 08:39:55,,10.58263174,0.0,0,,84280969.0,0.0,0.0,199
1,[],26,[],2019-06-28 08:39:55,0.0,0.00000000,0,7774501,2019-06-28 08:39:55,btc,0.0,0.0,0.00000000,btc,0.0,0.0,0.0,199
0,[],2,[],2019-01-20 23:30:49,0.0,0,0,6477059,2019-01-20 23:30:49,,0.0,0.0,0,,0.0,0.0,0.0,201
1,[],4,[],2019-01-25 15:51:35,2084389.58565343,0.00000936,0.000000000333526752,6499557,2019-01-25 15:51:35,btc,2.0092503037378524,0.0,0.00000936,btc,160195.80207885,0.19272417,1.242687955921835,211
1,[],7,[],2019-06-28 20:38:36,1170054124.6898527,0.00000018,0.000000000022200822,7776407,2019-06-28 20:38:36,btc,1346736.4017957556,0.0,0.00000018,btc,5660791.41084385,0.0,11.954344045954047,212
1,[],12,[],2019-01-25 02:44:32,207462.42853209,0.000001080000000000000035831255497387193287295303889550268650054931640625,0.000000000038610756000000006,6493050,2019-01-25 02:44:32,btc,85023.03793723314,0.0,0.000001080000000000000035831255497387193287295303889550268650054931640625,btc,43675.73520027,0.000146250909087,0.0348620860622024,213
1,[],5,[],2019-05-30 00:07:46,0.0,0,0,7709357,2019-05-30 00:07:46,btc,0.0,0.06425239,0,btc,0.0,0.0,0.0,213
1,[],24,[],2019-05-30 00:07:46,0.0,0.000000399202,0.0000000000344859829346,7709358,2019-05-30 00:07:46,btc,0.0,0.0,0.000000399202,btc,0.0,0.0,0.0,213
1,[],26,[],2019-05-30 00:07:47,0.0,0.00000040,0.000000000034554919999999996,7709359,2019-05-30 00:07:47,btc,0.0,0.0,0.00000040,btc,0.0,0.0,0.0,213
0,[],22,[],2019-06-28 20:38:38,0.0,0,0,7776408,2019-06-28 20:38:38,,9.56923849,0.0,0,,3661587.2040649247,0.0,0.0,216
0,[],27,[],2019-06-28 20:38:45,0.0,0,0,7776409,2019-06-28 20:38:45,,1948.3383967991977,0.0,0,"btc,ltc",495450.29534794,0.0,0.0,216
1,[],22,[],2019-06-28 20:38:49,1015585.5238095238,0.00000021,0.000000000025900959000000003,7776410,2019-06-28 20:38:49,BTC,12055.87384954,0.0,0.00000021,BTC,603315.9363606856,0.00882839,0.04544833,217
1,[],7,[],2019-06-27 19:02:35,0.0,0,0,7772298,2019-06-27 19:02:35,btc,2123800.2774640615,0.0,0,btc,82333746.4752352,0.0,0.0,219
0,[],27,[],2019-06-28 20:38:55,0.0,0,0,7776411,2019-06-28 20:38:55,,250.21442758069674,0.0,0,btc,146772.535837,0.0,0.0,219
0,[],28,[],2019-06-28 20:38:57,0.0,0,0,7776412,2019-06-28 20:38:57,,0.0,0.0,0,,0.0,0.0,0.0,219
0,[],22,[],2019-06-26 23:36:41,0.0,0,0,7769178,2019-06-26 23:36:41,,56.75439223,0.0,0,,184664.6482738741,0.0,0.0,221
1,[],24,[],2019-06-26 23:36:41,0.0,0.000000030000,0.000000000003835668,7769179,2019-06-26 23:36:41,btc,0.0,0.0,0.000000030000,btc,0.0,0.0,0.0,221
1,[],20,[],2019-06-17 14:34:11,26882155.8301,0.000000003,0.000000000000278742,7740192,2019-06-17 14:34:11,btc,100050.81956632523,233521.3529,0.000000003,btc,38769742.8604,0.0007925640587,0.0306863532672,224
0,[],22,[],2019-06-17 14:34:13,0.0,0,0,7740193,2019-06-17 14:34:13,,0.0,0.0,0,,0.0,0.0,0.0,224
1,[],26,[],2019-06-28 20:38:58,0.0,0.00000022,0.000000000027134338,7776413,2019-06-28 20:38:58,btc,0.0,0.0,0.00000022,btc,0.0,0.0,0.0,231
1,[],26,[],2019-06-28 20:38:58,0.0,0.00000005,0.000000000006166895000000001,7776414,2019-06-28 20:38:58,btc,0.0,0.0,0.00000005,btc,0.0,0.0,0.0,234
0.0000000002516589,[],27,[],2019-06-28 20:39:06,100.0,2.516589e-18,3.1039080242310003e-22,7776415,2019-06-28 20:39:06,eth,0.0,0.0,0.00000001,"btc,eth",0.0,0.0,2.516589e-16,234
1,[],4,[],2019-05-22 17:06:12,91780.56053785,0.00000078,0.000000000061977552,7669277,2019-05-22 17:06:12,btc,5.573372450018177,0.0,0.00000078,btc,729173.93529783,0.0,0.0307060663355679,236
1,[],24,[],2019-05-22 17:06:12,0.0,0.000000010000,0.000000000000794584,7669278,2019-05-22 17:06:12,btc,0.0,0.0,0.000000010000,btc,0.0,0.0,0.0,236
1,[],5,[],2019-06-28 20:39:07,0.0,0,0,7776416,2019-06-28 20:39:07,btc,0.0,0.75203841,0,btc,0.0,0.0,0.0,237
1,[],20,[],2019-06-28 20:39:09,117540309.4871,0.000000064,0.0000000000078936256,7776417,2019-06-28 20:39:09,btc,8172548.960514409,7963299.6838,0.000000064,btc,45623466.9309,0.4819415111578,0.5727099868148,237
1,[],22,[],2019-06-28 20:39:14,2084614.0,0.00000004,0.000000000004933516000000001,7776418,2019-06-28 20:39:14,BTC,1.20112188,0.0,0.00000004,"BTC,LTC",14507.148717948718,0.0,0.02587451,237
1,[],4,[],2019-06-28 20:39:15,26302984.71920761,0.00000006,0.000000000007400274000000001,7776419,2019-06-28 20:39:15,btc,2.517606810312923,0.0,0.00000006,btc,10841927.48924366,0.05682153,0.5265129301377737,238
1,[],5,[],2019-06-28 20:39:16,0.0,0,0,7776420,2019-06-28 20:39:16,btc,0.0,0.00432745,0,btc,0.0,0.0,0.0,238
0,[],22,[],2019-03-12 16:49:32,0.0,0,0,6914458,2019-03-12 16:49:32,,0.40415746,0.0,0,,526736.5639027493,0.0,0.0,249
0,[],22,[],2019-05-28 23:53:45,0.0,0,0,7703643,2019-05-28 23:53:45,,13.44714864,0.0,0,,43777534.3426455,0.0,0.0,252
0,[],28,[],2019-06-28 20:39:18,0.0,0,0,7776421,2019-06-28 20:39:18,,0.0,0.0,0,,0.0,0.0,0.0,256
1,[],22,[],2019-06-28 20:39:23,528824.0,0.00000001,0.0000000000012333790000000002,7776422,2019-06-28 20:39:23,BTC,31471.48541794,0.0,0.00000001,"BTC,LTC",1165516.0289488921,4.108e-05,0.00768824,258
1,[],22,[],2019-05-19 18:12:02,400.0,0.00000001,0.0000000000007957800000000001,7653905,2019-05-19 18:12:02,BTC,2.415167,0.0,0.00000001,BTC,157.0,0.0,4e-06,259
1,[],5,[],2019-06-28 20:39:24,0.0,0,0,7776423,2019-06-28 20:39:24,btc,0.0,0.03283592,0,btc,0.0,0.0,0.0,264
1,[],20,[],2019-06-28 20:39:26,934511.3649,0.000000177,0.000000000021830808300000002,7776424,2019-06-28 20:39:26,btc,1.0498429362361,29008.8225,0.000000177,btc,34657.2132,0.011427274225,0.0056051880904,264
0,[],22,[],2019-04-12 17:57:27,0.0,0,0,7278186,2019-04-12 17:57:27,,66.37522201,0.0,0,,677842.4169881374,0.0,0.0,271
0,[],22,[],2019-06-28 20:39:29,0.0,0,0,7776425,2019-06-28 20:39:29,,33050469.74148113,0.0,0,,14261527780.7,0.0,0.0,272
0,[],28,[],2019-06-28 20:39:31,0.0,0,0,7776426,2019-06-28 20:39:31,,0.0,0.0,0,,0.0,0.0,0.0,272
1,[],22,[],2019-05-23 07:12:29,219930.0,0.00000004,0.000000000003048688,7671985,2019-05-23 07:12:29,BTC,426.77835217,0.0,0.00000004,BTC,248664.3325962929,0.0,0.00739728,281
1,[],22,[],2019-06-28 20:39:35,86301.7,0.00000001,0.0000000000012333790000000002,7776427,2019-06-28 20:39:35,BTC,7.83790037,0.0,0.00000001,"BTC,LTC",1106650.2660440896,0.0003467700001165648,0.00417427,286
0,[],22,[],2019-06-17 14:34:53,0.0,0,0,7740207,2019-06-17 14:34:53,,7337915.80475575,0.0,0,,2078527309.6797826,0.0,0.0,294
