pairValue,buyBook,exchangeId,sellBook,updated,buyTotal,satoshiPrice,usdPrice,exchangeLogId,created,bestPair,sellTotalBtc,volume,pairPrice,activePairs,sellTotal,volumeBtc,buyTotalBtc,coinId
1,[],3,[],2019-01-31 13:03:27,114.312989985721,0.01269679999999999940596406844406374148093163967132568359375,0.00000043679404392,6548672,2019-01-31 13:03:27,btc,107.00098514901929,0.13036314,0.01269679999999999940596406844406374148093163967132568359375,btc,13.573959514243,0.0,0.25474489564533287,1
1,[],4,[],2019-01-31 13:03:28,25069.08749661,0.01266990,0.00000043586863281,6548673,2019-01-31 13:03:28,btc,1.0146816785836106,0.0,0.01266990,btc,75.71643917,0.60670889,1.1265644451713404,1
1,[],5,[],2019-01-31 13:03:30,0.24830223,0.01252305,0.000000430816713795,6548674,2019-01-31 13:03:30,btc,14578.4488542,0.02153136,0.01252305,btc,35555556.30403315,0.0,1.52645224,1
1,[],10,[],2019-01-31 13:03:33,272672.39612321,0.01224399,0.000000421216519581,6548675,2019-01-31 13:03:33,btc,6536.398014293392,1318.58705342,0.01224399,btc,923.3551004,0.0,4.99375213966266,1
1,[],12,[],2019-01-31 13:03:35,10437.3480787,0.01255000000000000039135361618036768049933016300201416015625,0.00000043174384500000005,6548676,2019-01-31 13:03:35,btc,0.3995559536153,0.0,0.01255000000000000039135361618036768049933016300201416015625,btc,25.81776402,1.0224703122312,0.3656487235013,1
1,[],20,[],2019-01-31 13:03:37,1453.8517,0.0105001,0.00000036122339019,6548677,2019-01-31 13:03:37,btc,0.0564711704203,0.0,0.0105001,btc,2.4781,0.0,0.0967112513876,1
1,[],21,[],2019-01-31 13:03:38,2153.16232991,0.01259007000000000008055334177,0.00000043312232913300004,6548678,2019-01-31 13:03:38,btc,19.35473633696248,4370.74318252,0.01259007000000000008055334177470285794697701930999755859375,"btc,eth",2178.33232721,50.99413003480748,20.41385591400653,1
1,[],22,[],2019-01-31 13:03:42,0.0263776,0.01350000,0.00000046442565000000003,6548679,2019-01-31 13:03:42,BTC,0.31380731,0.0,0.01350000,BTC,0.09124366666666667,0.00013976,0.00034472,1
1,[],24,[],2019-01-31 13:03:43,0.0,0.000000000000,0,6548680,2019-01-31 13:03:43,btc,0.0,0.0,0.000000000000,btc,0.0,0.0,0.0,1
0.0,[],25,[],2019-01-31 13:03:44,0.0,0,0,6548681,2019-01-31 13:03:44,btc,17.88359999797719,522.97674713,0.0,btc,1386.80186454,6.6504,0.0,1
1,[],26,[],2019-01-31 13:03:54,0.0,0,0,6548682,2019-01-31 13:03:54,,0.0,0.0,0,,0.0,0.0,0.0,1
1,[],28,[],2019-01-31 13:03:56,987.9,0.01131000,0.000000389085489,6548683,2019-01-31 13:03:56,btc,0.162839806,17579.45,0.01131000,btc,8.9,0.0,0.024551096,1
0,[],2,[],2019-01-20 23:28:45,0.0,0,0,6477011,2019-01-20 23:28:45,,0.0,0.0,0,,0.0,0.0,0.0,1
1,[],5,[],2019-01-31 13:03:58,1.997e-05,0.00000076,0.000000000026145444000000002,6548684,2019-01-31 13:03:58,btc,0.14924709,0.03225828,0.00000076,btc,7.345e-05,0.0,0.45515176,2
1,[],22,[],2019-01-31 13:04:02,1754.625335862178,0.0000004,0.00000000001376076,6548685,2019-01-31 13:04:02,BTC,0.0231601,0.0,0.0000004,"BTC,XMR",14562.72385,0.0,0.00111682,2
1,[],5,[],2019-01-31 13:04:04,1.42e-06,0.00000017,0.000000000005848323,6548686,2019-01-31 13:04:04,btc,3.85083003,0.05445585,0.00000017,btc,2.267e-05,0.0,3.66773562,3
1,[],12,[],2019-01-31 13:04:05,12543251.07448237,0.000000174,0.0000000000059859306,6548687,2019-01-31 13:04:05,btc,921319.9131124937,0.0,0.000000174,btc,8009649.40642453,0.06438510945779843,0.558825215594157,3
0,[],28,[],2019-01-31 13:04:07,0.0,0,0,6548688,2019-01-31 13:04:07,,0.0,0.0,0,,0.0,0.0,0.0,3
0,[],2,[],2019-01-20 23:31:32,0.0,0,0,6477077,2019-01-20 23:31:32,,0.0,0.0,0,,0.0,0.0,0.0,4
1,[],4,[],2019-01-31 13:04:08,236410.6566067,0.00000032,0.000000000011008608,6548689,2019-01-31 13:04:08,btc,0.412090676937241,0.0,0.00000032,btc,332389.44494238,0.00099999,0.0194263704908625,4
1,[],12,[],2019-01-25 15:53:49,1222127.5219999999,0.00000003,0.000000000001069017,6499609,2019-01-25 15:53:49,btc,11013867.817925906,0.0,0.00000003,btc,969763.77092902,0.0,0.01617509044,5
0,[],2,[],2019-01-20 23:31:51,0.0,0,0,6477087,2019-01-20 23:31:51,,0.0,0.0,0,,0.0,0.0,0.0,6
1,[],11,[],2019-01-31 13:04:10,5008955.5,0.00000001,0.000000000000344019,6548690,2019-01-31 13:04:10,btc,9432.816712791559,39539.0,0.00000001,btc,41666501.95537939,0.0,0.050089555,6
1,[],3,[],2019-01-31 13:04:11,1069.652384675756,0.000150559999999999995050348200464895853656344115734100341796875,0.000000005179550064,6548691,2019-01-31 13:04:11,btc,28.510202753279106,0.0,0.000150559999999999995050348200464895853656344115734100341796875,btc,234.145665820227,0.0,0.030997767816609203,7
1,[],4,[],2019-01-31 13:04:11,24721.73237596,0.00016900,0.0000000058139211000000005,6548692,2019-01-31 13:04:11,btc,2.511266893222008,0.0,0.00016900,btc,13754.67621869,2.81037847,3.7373912792609465,7
1,[],5,[],2019-01-31 13:04:13,0.00509099,0.00016401,0.000000005642255619,6548693,2019-01-31 13:04:13,btc,1.33565189,0.66034085,0.00016401,btc,0.01091688,0.0,1.38918214,7
1,[],20,[],2019-01-31 13:04:15,62771509.8802,0.000000001,0.0000000000000344019,6548694,2019-01-31 13:04:15,btc,136.3840608482848,3088827.1843,0.000000001,btc,27252064.2706,0.0061776543686,0.0627715098802,8
0,[],2,[],2019-01-20 23:22:42,0.0,0,0,6476876,2019-01-20 23:22:42,,0.0,0.0,0,,0.0,0.0,0.0,9
0,[],23,[],2019-01-20 23:22:48,0.0,0,0,6476878,2019-01-20 23:22:48,,0.0,0.0,0,,0.0,0.0,0.0,9
1,[],1,[],2019-01-31 13:04:16,1305429.27,0.000001830000000000000054831898570195658493275914224795997142791748046875,0.000000000062955477,6548695,2019-01-31 13:04:16,btc,3.3837703803,20163681.58,0.000001830000000000000054831898570195658493275914224795997142791748046875,btc,1820098.24,35.64997429,2.3543466986,9
1,[],4,[],2019-01-31 13:04:17,1131268.85130343,0.00000177,0.000000000060891363,6548696,2019-01-31 13:04:17,btc,1.0939934616234623,0.0,0.00000177,btc,576467.45086965,0.5916159,0.4145628489903834,9
1,[],28,[],2019-01-31 13:04:19,34500.0,0.00000165,0.000000000056763135,6548697,2019-01-31 13:04:19,btc,2708.74912872,3633788.0,0.00000165,btc,7312.68,0.0,0.02854,9
1,[],4,[],2019-01-31 13:04:20,7679694.56126053,0.00000002,0.000000000000688038,6548698,2019-01-31 13:04:20,btc,0.2046692131640986,0.0,0.00000002,btc,4047624.99941361,0.00095629,0.0823063818452106,10
0,[],2,[],2019-01-20 23:23:08,0.0,0,0,6476890,2019-01-20 23:23:08,,0.0,0.0,0,,0.0,0.0,0.0,12
1,[],4,[],2019-01-31 13:04:21,4389468.38798089,0.00000139,0.000000000047818641,6548699,2019-01-31 13:04:21,btc,1.0374733516408028,0.0,0.00000139,btc,715644.44207045,1.43643542,2.6900866303206,12
1,[],5,[],2019-01-31 13:04:22,1.824e-05,0.00000136,0.000000000046786584,6548700,2019-01-31 13:04:22,btc,0.45007553,1.11837016,0.00000136,btc,0.00011555,0.0,0.78670847,12
0.0,[],25,[],2019-01-31 13:04:23,0.0,0,0,6548701,2019-01-31 13:04:23,,0.0,0.0,0.0,btc,0.0,0.0,0.0,12
1,[],4,[],2019-01-31 13:04:24,400630.0081618,0.00000642,0.000000000220860198,6548702,2019-01-31 13:04:24,btc,0.3460062729886302,0.0,0.00000642,btc,49886.33016439,0.70601829,1.9158841744958959,13
1,[],10,[],2019-01-31 13:04:27,575987.84339382,0.00000631,0.000000000217075989,6548703,2019-01-31 13:04:27,btc,666811.0399580571,8334.04867642,0.00000631,btc,836142.1104418,0.0,0.794288050689324,13
1,[],21,[],2019-01-31 13:04:28,1467841.1580411799,0.000006569999999999999776810477581,0.000000000226020483,6548704,2019-01-31 13:04:28,btc,5.229204527769661,1066811.53262506,0.000006569999999999999776810477580823999232961796224117279052734375,btc,718893.33148896,7.08935578,7.09402724157766,13
1,[],4,[],2019-01-31 13:04:29,780208.54735954,0.00000130,0.00000000004472247,6548705,2019-01-31 13:04:29,btc,0.1753407354021346,0.0,0.00000130,btc,84733.82219662,0.01894902,0.0945042754717323,14
1,[],12,[],2019-01-31 13:04:31,86191.42857143,0.0000011599999999999999051561623553130431218960438854992389678955078125,0.000000000039906204,6548706,2019-01-31 13:04:31,btc,1.7867572834519772,0.0,0.0000011599999999999999051561623553130431218960438854992389678955078125,btc,38567.61958427,0.0,0.0096033500000016,14
0,[],17,[],2019-01-31 13:04:33,0.0,0,0,6548707,2019-01-31 13:04:33,btc,0.0,0.0,0,btc,0.0,0.0,0.0,14
1,[],26,[],2019-01-31 13:04:33,0.0,0.00000049,0.000000000016856931,6548708,2019-01-31 13:04:33,btc,0.0,0.0,0.00000049,btc,0.0,0.0,0.0,14
,[],12,[],2018-12-01 15:15:48,204241.84496,0.00000489,0.000000000202473384,5260204,2018-12-01 15:15:48,btc,49.5475654835,0.0,,btc,35763.2193806,0.0163153972027625,0.0203389899998,15
0,[],4,[],2019-01-31 13:04:34,0.0,0,0,6548709,2019-01-31 13:04:34,,0.0,0.0,0,,0.0,0.0,0.0,15
0,[],2,[],2019-01-20 23:23:38,0.0,0,0,6476906,2019-01-20 23:23:38,,0.0,0.0,0,,0.0,0.0,0.0,18
1,[],4,[],2019-01-31 13:04:36,24804.18169235,0.00001812,0.000000000623362428,6548710,2019-01-31 13:04:36,btc,1.2268151581062123,0.0,0.00001812,btc,7394.98653169,0.01679018,0.0781647183625736,18
1,[],10,[],2019-01-31 13:04:38,395924.11685359,0.00001717,0.000000000590680623,6548711,2019-01-31 13:04:38,btc,15.550914750659228,9847.95135032,0.00001717,btc,10377.42185262,0.0,0.2846093858124657,18
1,[],12,[],2019-01-31 13:04:38,200674.66747414,0.00001758000000000000108912011353989868212011060677468776702880859375,0.0000000006047854020000001,6548712,2019-01-31 13:04:38,btc,0.1841500827335939,0.0,0.00001758000000000000108912011353989868212011060677468776702880859375,btc,1629.21932889,0.023192591900819,0.0149349064493568,18
0,[],17,[],2019-01-31 13:04:40,0.0,0,0,6548713,2019-01-31 13:04:40,btc,0.0,0.0,0,btc,0.0,0.0,0.0,18
0,[],2,[],2019-01-20 23:24:19,0.0,0,0,6476924,2019-01-20 23:24:19,,0.0,0.0,0,,0.0,0.0,0.0,19
1,[],3,[],2019-01-31 13:04:41,108653.16860955291,0.00003009999999999999980258846843383935265592299401760101318359375,0.00000000103549719,6548714,2019-01-31 13:04:41,btc,1.2092767004677976,388.209656734,0.00003009999999999999980258846843383935265592299401760101318359375,btc,8656.581861359313,0.0,0.09708236493169828,19
1,[],4,[],2019-01-31 13:04:42,69753.47782298,0.00003386,0.000000001164848334,6548715,2019-01-31 13:04:42,btc,0.6525939127980291,0.0,0.00003386,btc,17116.33046501,0.83705584,1.4961997638775693,19
1,[],5,[],2019-01-31 13:04:43,0.00043801,0.00003156,0.000000001085723964,6548716,2019-01-31 13:04:43,btc,0.31055961,0.01094686,0.00003156,btc,0.00346048,0.0,0.23914025,19
1,[],12,[],2019-01-31 13:04:44,133622.83050847,0.00002831999999999999990431265306511932067223824560642242431640625,0.000000000974261808,6548717,2019-01-31 13:04:44,btc,1.9913461605400165,0.0,0.00002831999999999999990431265306511932067223824560642242431640625,btc,448.27457877,0.0003331,0.0326558199998704,19
0,[],27,[],2019-01-31 13:04:46,0.0,0,0,6548718,2019-01-31 13:04:46,,0.0,0.0,0,btc,0.0,0.0,0.0,19
1,[],4,[],2019-01-31 13:04:47,9013019.43885938,0.00000013,0.000000000004472247,6548719,2019-01-31 13:04:47,btc,0.8119940963808697,0.0,0.00000013,btc,1597393.93239221,0.00051211,0.3453110081715698,20
1,[],4,[],2019-01-31 13:04:48,119326010.37023024,0.00000002,0.000000000000688038,6548720,2019-01-31 13:04:48,btc,0.6241158964414744,0.0,0.00000002,btc,14895738.06181205,0.00416182,1.3962997916144455,21
1,[],12,[],2019-01-31 13:04:49,19384228.0,0.00000002,0.000000000000688038,6548721,2019-01-31 13:04:49,btc,668.0328486030381,0.0,0.00000002,btc,8169130.31368897,0.0002418694505501,0.26062108,21
0,[],17,[],2019-01-31 13:04:51,0.0,0,0,6548722,2019-01-31 13:04:51,btc,0.0,0.0,0,btc,0.0,0.0,0.0,21
1,[],12,[],2019-01-31 13:04:52,2633337599.531895,0.0000000001,0.0000000000000034401900000000004,6548723,2019-01-31 13:04:52,btc,1721704714488.7026,0.0,0.0000000001,btc,5001933409.7544775,0.21239835256383616,0.26333375995318953,23
0,[],27,[],2019-01-31 13:04:54,0.0,0,0,6548724,2019-01-31 13:04:54,,0.424699,0.0,0,eth,424699.0,0.0,0.0,23
1,[],4,[],2019-01-31 13:04:55,881796.39016878,0.00000083,0.000000000028553577,6548725,2019-01-31 13:04:55,btc,0.0873306409845522,0.0,0.00000083,btc,72875.93229418,0.00714951,0.3705746433430026,24
1,[],22,[],2019-01-31 13:04:59,11.76,0.00000100,0.000000000034401900000000003,6548726,2019-01-31 13:04:59,BTC,7.415e-05,0.0,0.00000100,BTC,23.919354838709676,0.0,1.176e-05,24
0.0,[],25,[],2019-01-31 13:05:00,0.0,0,0,6548727,2019-01-31 13:05:00,,0.0,0.0,0.0,btc,0.0,0.0,0.0,24
0,[],2,[],2019-01-20 23:25:56,0.0,0,0,6476976,2019-01-20 23:25:56,,0.0,0.0,0,,0.0,0.0,0.0,26
1,[],4,[],2019-01-31 13:05:01,27063379.67039376,0.00000700,0.0000000002408133,6548728,2019-01-31 13:05:01,btc,0.4699089020259516,0.0,0.00000700,btc,38703.05689215,0.13050549,0.4026029379509426,26
1,[],10,[],2019-01-31 13:05:03,729135.40817215,0.00000679,0.000000000233588901,6548729,2019-01-31 13:05:03,btc,27.983582655894814,833.96892332,0.00000679,btc,13249.47153674,0.0,0.2087578296932515,26
1,[],3,[],2019-01-31 13:05:04,6396014.03885143,0.00000001,0.000000000000344019,6548730,2019-01-31 13:05:04,btc,3.006340766672451,145901.0,0.00000001,btc,19125333.7722977,0.0,0.0639601403885143,27
1,[],5,[],2019-01-31 13:05:05,1e-08,0.00000001,0.000000000000344019,6548731,2019-01-31 13:05:05,btc,1.49109871,0.03045298,0.00000001,btc,4.661e-05,0.0,0.10489321,27
1,[],11,[],2019-01-31 13:05:06,10597882.41182718,0.00000005,0.000000000001720095,6548732,2019-01-31 13:05:06,btc,370.5931920764931,1000.0,0.00000005,btc,8220964.80991447,0.0,0.4932896594767663,27
1,[],4,[],2019-01-31 13:05:07,141617777.51802933,0.00000003,0.000000000001032057,6548733,2019-01-31 13:05:07,btc,3.876052762736414,0.0,0.00000003,"btc,ltc",147323719.51904163,0.15289918,1.900318421121625,29
1,[],7,[],2019-01-31 13:05:08,39004285.17824489,0.00000003,0.000000000001032057,6548734,2019-01-31 13:05:08,btc,44465206.15780514,1150476.24875,0.00000003,btc,39413599.67847628,0.0,0.701783996907083,29
0,[],17,[],2019-01-31 13:05:11,0.0,0,0,6548736,2019-01-31 13:05:11,btc,0.0,0.0,0,btc,0.0,0.0,0.0,30
1,[],4,[],2019-01-31 13:05:09,1298287.59617273,0.00000034,0.000000000011696646,6548735,2019-01-31 13:05:09,btc,0.2850615324581037,0.0,0.00000034,btc,549865.56912699,0.0036896,0.0667528145984913,30
1,[],4,[],2019-01-31 13:05:12,124583.48814334,0.00007800,0.0000000026833482,6548737,2019-01-31 13:05:12,btc,1.4761848578290122,0.0,0.00007800,btc,15911.47533974,1.42378912,1.9079683084825318,31
1,[],21,[],2019-01-31 13:05:12,61786.12264302,0.00007668000000000000444984327164,0.0000000026379376920000002,6548738,2019-01-31 13:05:12,btc,1.5452544044175862,235308.96308208,0.00007668000000000000444984327163666648630169220268726348876953125,btc,18745.01424002,19.22490584,4.454638466907462,31
0,[],2,[],2019-01-20 23:28:43,0.0,0,0,6477009,2019-01-20 23:28:43,,0.0,0.0,0,,0.0,0.0,0.0,32
1,[],4,[],2019-01-31 13:05:14,139558842.80972376,0.00000005,0.000000000001720095,6548739,2019-01-31 13:05:14,btc,3.0941108369587247,0.0,0.00000005,"btc,ltc",53293772.82009644,0.87279096,2.055695896680617,33
1,[],12,[],2019-01-31 13:05:15,20559654.0,0.00000006,0.000000000002064114,6548740,2019-01-31 13:05:15,btc,17261782.330920413,0.0,0.00000006,btc,89238560.83516467,0.065868505454546,0.78984535,33
1,[],4,[],2019-01-31 13:05:16,113181040.90149125,0.00000002,0.000000000000688038,6548741,2019-01-31 13:05:16,btc,0.8244709483782687,0.0,0.00000002,btc,27482364.94594229,3.37054986,1.1319767423482459,34
1,[],5,[],2019-01-31 13:05:17,1e-08,0.00000001,0.000000000000344019,6548742,2019-01-31 13:05:17,btc,3.76458925,2.35380539,0.00000001,btc,1.394e-05,0.0,0.77629183,34
0.0000000000912902,[],4,[],2019-01-31 13:05:18,1446536380.616273,3.651608e-18,1.256222532552e-22,6548743,2019-01-31 13:05:18,ltc,7.483549600122704e-09,0.0,0.00000004,ltc,1578220747.3595972,0.0,2.300922090473221e-09,36
1,[],5,[],2019-01-31 13:05:19,0.0,0,0,6548744,2019-01-31 13:05:19,btc,203.13458898,0.0,0,btc,1.295e-05,0.0,0.0,36
0,[],17,[],2019-01-31 13:05:21,0.0,0,0,6548745,2019-01-31 13:05:21,btc,0.14892131552089138,0.0,0,btc,12533924.99083647,0.0,0.0,36
0.0000000000912902,[],27,[],2019-01-31 13:05:23,2000000.0,1.825804e-18,6.28111266276e-23,6548746,2019-01-31 13:05:23,ltc,448.594787045,0.0,0.00000002,"ltc,eth",3711932.58,0.0,2.738706e-12,36
1,[],4,[],2019-01-31 12:58:27,483567.41083108,0.00000148,0.000000000050950332,6548549,2019-01-31 12:58:27,btc,0.3568640816325719,0.0,0.00000148,btc,193280.29722957,0.0704772,0.4614569154020856,37
1,[],12,[],2019-01-31 12:58:28,491189.40855382,0.000001489999999999999921986774779891771203210737439803779125213623046875,0.000000000051294591,6548550,2019-01-31 12:58:28,btc,1337.771895549903,0.0,0.000001489999999999999921986774779891771203210737439803779125213623046875,btc,792967.06121089,0.1161542721874236,0.40224493713334,37
1,[],17,[],2019-01-31 12:58:30,1752.74075282,0.00000025,0.000000000008606475,6548551,2019-01-31 12:58:30,btc,0.05548731396599296,0.0,0.00000025,btc,1388.79251806,0.0,0.00043818518820499993,37
1,[],27,[],2019-01-31 12:58:32,35522.0,0.00000046,0.000000000015835914,6548552,2019-01-31 12:58:32,btc,24.83290661895233,0.00054,0.00000046,btc,5336.144295,1e-07,0.00744009,37
1,[],5,[],2019-01-31 12:58:33,6.79e-06,0.00000071,0.000000000024442389,6548553,2019-01-31 12:58:33,btc,0.10344873,0.03665256,0.00000071,btc,0.00010381,0.0,0.0295303,42
1,[],12,[],2019-01-31 12:58:35,114883.66666667,0.00000073,0.000000000025130907,6548554,2019-01-31 12:58:35,btc,109.30669657451011,0.0,0.00000073,btc,83275.54958495,0.012170223454507,0.0222523700000021,42
0,[],27,[],2019-01-31 12:58:37,0.0,0,0,6548555,2019-01-31 12:58:37,,0.00315028,0.0,0,"btc,eth",11.007,0.0,0.0,42
1,[],5,[],2019-01-31 13:05:25,3e-08,0.00000002,0.000000000000688038,6548747,2019-01-31 13:05:25,btc,6.1165963,0.0004001,0.00000002,btc,1.425e-05,0.0,0.54250128,43
1,[],12,[],2019-01-31 13:05:26,6445117.0,0.00000002,0.000000000000688038,6548748,2019-01-31 13:05:26,btc,20007456.464662522,0.0,0.00000002,btc,38831663.74765234,0.001004864015984,0.06448277,43
0,[],17,[],2019-01-31 13:05:27,0.0,0,0,6548749,2019-01-31 13:05:27,btc,0.0,0.0,0,btc,0.0,0.0,0.0,43
1,[],12,[],2019-01-31 13:05:28,947903.0,0.00000009,0.000000000003096171,6548750,2019-01-31 13:05:28,btc,11115200.12904024,0.0,0.00000009,btc,968075.69930067,0.049458092497365,0.03119135,44
1,[],4,[],2019-01-31 13:05:30,261441846.13103163,0.00000003,0.000000000001032057,6548751,2019-01-31 13:05:30,btc,0.18273209940695803,0.0,0.00000003,"btc,ltc",3773315.25410563,0.00099522,0.5548525755316306,49
0.00000000009166229999999999,[],4,[],2019-01-31 12:58:45,3797833320.4944696,9.16623e-19,3.15555717357e-23,6548561,2019-01-31 12:58:45,ltc,4.994394634322204,0.0,0.00000001,ltc,2138233384.0480802,0.0,3.481181371731602e-09,52
0,[],22,[],2019-01-31 13:05:32,0.0,0,0,6548752,2019-01-31 13:05:32,,3693.8150203,0.0,0,,265324796.90882352,0.0,0.0,57
0,[],27,[],2019-01-31 13:05:34,0.0,0,0,6548753,2019-01-31 13:05:34,,0.0,0.0,0,"btc,eth",0.0,0.0,0.0,57
0.0000000000912902,[],4,[],2019-01-31 13:05:35,1522861754.8431017,6.390314e-18,2.1983894319660003e-22,6548754,2019-01-31 13:05:35,ltc,3.310787156142018,0.0,0.00000007,ltc,1086313020.775789,0.01087416,6.923034864486325e-09,58
1,[],12,[],2019-01-31 13:05:36,2350028217.282997,0.0000000006,0.00000000000002064114,6548755,2019-01-31 13:05:36,btc,684074800888.9445,0.0,0.0000000006,btc,3138153738.366733,0.02014659932237763,0.9204367654645632,58
0,[],17,[],2019-01-31 13:05:38,0.0,0,0,6548756,2019-01-31 13:05:38,btc,1e+24,0.0,0,btc,41616695.95832568,0.0,0.0,58
0.00000000012402120000000002,[],22,[],2019-01-31 13:05:41,137438.0,1.240212e-18,4.266564920280001e-23,6548757,2019-01-31 13:05:41,XMR,69.8835922,0.0,0.00000001,XMR,9887963.0,0.0,0.00137438,58
1,[],5,[],2019-01-31 13:05:43,7.69e-06,0.00000070,0.00000000002408133,6548758,2019-01-31 13:05:43,btc,0.48746827,0.12272992,0.00000070,btc,0.00015546,0.0,0.14785893,61
1,[],22,[],2019-01-31 13:05:58,5111.5,0.00000011,0.000000000003784209,6548759,2019-01-31 13:05:58,BTC,1002.29606732,0.0,0.00000011,BTC,15028.700278135757,0.0,0.00051178,61
1,[],26,[],2019-01-31 13:05:58,0.0,0.00000800,0.00000000027521520000000003,6548760,2019-01-31 13:05:58,btc,0.0,0.0,0.00000800,btc,0.0,0.0,0.0,61
0,[],27,[],2019-01-31 13:06:00,0.0,0,0,6548761,2019-01-31 13:06:00,,0.14879968,0.00032,0,"btc,eth",148.79968,3.2e-07,0.0,61
1,[],28,[],2019-01-31 13:06:02,6900.304,0.00000210,0.00000000007224399,6548762,2019-01-31 13:06:02,btc,2.064440110600106,775.0,0.00000210,btc,11198.17500005,0.0,0.00218431304,61
1,[],4,[],2019-01-31 12:59:18,1288537.09350554,0.00000181,0.000000000062310879,6548573,2019-01-31 12:59:18,btc,0.6444649240023996,0.0,0.00000181,btc,230902.29023207,0.09404534,0.9330057254744419,67
0.0,[],25,[],2019-01-31 12:59:19,0.0,0,0,6548574,2019-01-31 12:59:19,,0.0,0.0,0.0,btc,0.0,0.0,0.0,67
1,[],12,[],2019-01-31 13:06:03,3079912.10144445,0.00000012,0.000000000004128228,6548763,2019-01-31 13:06:03,btc,16893710.22458778,0.0,0.00000012,btc,2190758.10249748,0.0006843903396602,0.0822658397211118,71
,[],5,[],2018-11-20 23:02:39,1.5e-07,0.00000005,0.000000000002128045,4862160,2018-11-20 23:02:39,btc,2.84511358,0.0,,btc,0.00036572,0.0,0.07381892,74
1,[],5,[],2019-01-25 15:53:51,3.303e-05,0.00000156,0.000000000055588884,6499610,2019-01-25 15:53:51,btc,1.42844212,0.0,0.00000156,btc,0.00015937,0.0,0.49487621,75
1,[],4,[],2019-01-31 13:06:05,71314460.37587337,0.00000001,0.000000000000344019,6548764,2019-01-31 13:06:05,btc,0.8144650091483037,0.0,0.00000001,btc,15000789.10300357,0.0,0.7131446037587337,81
0,[],20,[],2019-01-25 09:30:31,0.0,0,0,6495923,2019-01-25 09:30:31,btc,0.0,0.0,0,btc,0.0,0.0,0.0,81
1,[],4,[],2019-01-31 13:06:07,23672.85487252,0.00007329,0.000000002521315251,6548765,2019-01-31 13:06:07,btc,0.9427635836809364,0.0,0.00007329,btc,8629.63376602,0.016354,0.0815734842156638,82
1,[],21,[],2019-01-31 13:06:08,70719.35592561,0.00008024999999999999906845349340,0.000000002760752475,6548766,2019-01-31 13:06:08,btc,4.115328708617927,416.47177559,0.00008024999999999999906845349340045459030079655349254608154296875,btc,44788.23746992,0.03364811,3.39164802498328,82
0,[],17,[],2019-01-31 12:59:27,0.0,0,0,6548579,2019-01-31 12:59:27,btc,0.0447233088476774,0.0,0,btc,999127.19588126,0.0,0.0,84
0.0000000000912902,[],4,[],2019-01-31 13:06:09,170661366.69437575,1.2780628e-17,4.396778863932001e-22,6548767,2019-01-31 13:06:09,ltc,0.19754182486084707,0.0,0.00000014,ltc,67509976.65127037,0.0,1.2737684180923795e-09,85
,[],22,[],2018-11-20 23:09:34,3408.1,0.0000001,0.0000000000041895,4862324,2018-11-20 23:09:34,BTC,0.04624735,0.0,,BTC,4990.0,0.0,0.00033081,86
0,[],22,[],2019-01-31 13:06:12,0.0,0,0,6548768,2019-01-31 13:06:12,,2.07810912,0.0,0,,154826.94736842104,0.0,0.0,87
0,[],27,[],2019-01-31 13:06:14,0.0,0,0,6548769,2019-01-31 13:06:14,,0.0,0.0,0,btc,0.0,0.0,0.0,87
,[],2,[],2018-11-20 23:10:47,0.0,0,0,4862359,2018-11-20 23:10:47,,0.0,0.0,,,0.0,0.0,0.0,88
1,[],11,[],2019-01-31 13:06:16,107591.69712112,0.0001850199999999999869899902638081812256132252514362335205078125,0.0000000063650395379999995,6548770,2019-01-31 13:06:16,btc,235.5628151673751,569.6,0.0001850199999999999869899902638081812256132252514362335205078125,btc,184415.4736615,0.0,8.481861547903257,89
0,[],2,[],2019-01-20 23:31:45,0.0,0,0,6477083,2019-01-20 23:31:45,,0.0,0.0,0,,0.0,0.0,0.0,91
1,[],12,[],2019-01-31 13:06:17,538183.31196956,0.0000033500000000000001131039706336878225556574761867523193359375,0.000000000115246365,6548771,2019-01-31 13:06:17,btc,3.226002317340039,0.0,0.0000033500000000000001131039706336878225556574761867523193359375,btc,15787.90875837,0.0331520332071303,0.1624069640854911,91
0,[],17,[],2019-01-31 13:06:19,0.0,0,0,6548772,2019-01-31 13:06:19,btc,0.0,0.0,0,btc,0.0,0.0,0.0,91
0.0000000000912902,[],22,[],2019-01-31 13:06:23,38733515.0,4.56451e-18,1.57027816569e-22,6548773,2019-01-31 13:06:23,LTC,8.48838501,0.0,0.00000005,LTC,73842260.1,0.0,1.38604729,95
0.0000000000912902,[],4,[],2019-01-31 13:06:24,132719829.6521256,9.585471e-17,3.297584147949e-21,6548774,2019-01-31 13:06:24,ltc,1.320849070515367,0.0,0.00000105,ltc,66914135.09468108,0.00420587,6.743688809836947e-10,96
1,[],12,[],2019-01-31 13:06:24,1220983.0,0.00000001,0.000000000000344019,6548775,2019-01-31 13:06:24,btc,255062.8774658456,0.0,0.00000001,btc,8705414.33297676,2.5e-07,0.01220983,96
0,[],17,[],2019-01-31 13:06:26,0.0,0,0,6548776,2019-01-31 13:06:26,btc,0.0,0.0,0,btc,0.0,0.0,0.0,96
1,[],4,[],2019-01-28 01:29:03,1472892.19429314,0.00000039,0.000000000013841295,6517118,2019-01-28 01:29:03,btc,0.30363706505258,0.0,0.00000039,btc,473598.41813208,0.02260545,0.1322524391209234,99
1,[],4,[],2019-01-31 13:06:27,259855.95695802,0.00004184,0.000000001439375496,6548777,2019-01-31 13:06:27,btc,1.1762419848762016,0.0,0.00004184,btc,23737.14055674,1.98574566,4.18194156959111,100
0,[],2,[],2019-01-20 23:23:55,0.0,0,0,6476914,2019-01-20 23:23:55,,0.0,0.0,0,,0.0,0.0,0.0,100
1,[],22,[],2019-01-31 13:06:30,50000.0,0.00000001,0.000000000000344019,6548778,2019-01-31 13:06:30,BTC,23.50383609,0.0,0.00000001,BTC,11277.22,0.0,0.0005,101
1,[],4,[],2019-01-31 13:06:31,144862.21468008,0.00000096,0.000000000033025824,6548779,2019-01-31 13:06:31,btc,0.4000900578884983,0.0,0.00000096,btc,152176.86579991,0.01475369,0.0732701586848258,103
1,[],12,[],2019-01-31 13:06:34,78790365.993,0.000000017,0.0000000000005848323000000001,6548780,2019-01-31 13:06:34,btc,9138292654.774523,0.0,0.000000017,btc,151101698.00917783,0.13682554318423312,0.501748231881,105
1,[],27,[],2019-01-31 13:06:36,351242.89,0.00000001,0.000000000000344019,6548781,2019-01-31 13:06:36,btc,0.6904160142503467,65555.0,0.00000001,btc,643385.49146249,0.0013111,0.0035124289,105
0,[],22,[],2019-01-31 13:00:00,0.0,0,0,6548595,2019-01-31 13:00:00,,1.07253299,0.0,0,,94300.0,0.0,0.0,107
1,[],26,[],2019-01-31 13:00:00,0.0,0.00000000,0,6548596,2019-01-31 13:00:00,btc,0.0,0.0,0.00000000,btc,0.0,0.0,0.0,107
1,[],5,[],2019-01-31 13:06:37,1e-08,0.00000001,0.000000000000344019,6548782,2019-01-31 13:06:37,btc,3.28610109,0.00810736,0.00000001,btc,1.512e-05,0.0,0.03711227,112
1,[],22,[],2019-01-31 13:06:40,1966.0,0.00000001,0.000000000000344019,6548783,2019-01-31 13:06:40,BTC,2.84243449,0.0,0.00000001,BTC,977103.5833333334,0.0,1.966e-05,112
0.0000000003113521,[],27,[],2019-01-31 13:06:43,500000.0,3.113521e-18,1.071110380899e-22,6548784,2019-01-31 13:06:43,eth,1.25356065,0.0,0.00000001,"btc,eth",1328.0,0.0,1.5567605e-12,112
1,[],4,[],2019-01-31 13:00:17,454658.23519003,0.00000361,0.00000000012427749900000002,6548600,2019-01-31 13:00:17,btc,0.6026598983432213,0.0,0.00000361,btc,105755.27127906,0.57080193,0.198388122845766,113
1,[],5,[],2019-01-31 13:00:19,2.877e-05,0.00000382,0.000000000131506938,6548601,2019-01-31 13:00:19,btc,2.31727925,0.00042991,0.00000382,btc,0.00357966,0.0,0.20502569,113
1,[],17,[],2019-01-31 13:06:45,233369.0,0.00000004,0.000000000001376076,6548785,2019-01-31 13:06:45,btc,1.3376358384501517,0.0,0.00000004,btc,72716.497,0.0,0.00543476,116
0,[],27,[],2019-01-31 13:06:47,0.0,0,0,6548786,2019-01-31 13:06:47,,0.0,0.0,0,btc,0.0,0.0,0.0,116
1,[],4,[],2019-01-31 13:06:49,61937.56194282,0.00001880,0.00000000064675572,6548787,2019-01-31 13:06:49,btc,0.3253934769539904,0.0,0.00001880,btc,14091.10715073,0.2162682,0.666814635265281,120
1,[],7,[],2019-01-31 13:06:51,2192.67050894,0.000029499999999999998770948417270432173609151504933834075927734375,0.00000000101485605,6548788,2019-01-31 13:06:51,btc,90.08419133301044,272.79345114,0.000029499999999999998770948417270432173609151504933834075927734375,btc,22530.47224902,0.00800623,0.0209625244450794,120
1,[],20,[],2019-01-31 13:06:54,1162393.8668,0.000000013,0.0000000000004472247,6548789,2019-01-31 13:06:54,btc,33.7489442370083,0.0,0.000000013,btc,1074422.3317,0.0,0.0061551098646,125
1,[],22,[],2019-01-31 13:00:34,3053.0,0.00000001,0.000000000000344259,6548607,2019-01-31 13:00:34,BTC,0.01415863,0.0,0.00000001,BTC,293039.4,0.0,3.053e-05,126
0,[],2,[],2019-01-20 23:25:46,0.0,0,0,6476969,2019-01-20 23:25:46,,0.0,0.0,0,,0.0,0.0,0.0,131
1,[],4,[],2019-01-31 12:51:15,111260.14646899,0.00001496,0.000000000514121344,6548405,2019-01-31 12:51:15,btc,0.630087764768931,0.0,0.00001496,btc,33027.61171941,0.24974767,0.8764873671842455,131
0,[],17,[],2019-01-31 12:51:16,0.0,0,0,6548406,2019-01-31 12:51:16,btc,0.0008451375975800001,0.0,0,btc,30.89614684,0.0,0.0,131
1,[],4,[],2019-01-31 13:06:55,4611.64739079,0.00016000,0.000000005504304,6548790,2019-01-31 13:06:55,btc,1.6405428353648264,0.0,0.00016000,btc,302.35845559,0.00314558,0.0113649633752596,135
1,[],3,[],2019-01-31 13:00:35,1872062.85018509,0.00000006,0.000000000002065554,6548608,2019-01-31 13:00:35,btc,0.1388023691843118,31920.0,0.00000006,btc,262820.3373051,0.0,0.067608027337035,136
1,[],4,[],2019-01-31 13:00:36,99391.89095397,0.00000223,0.000000000076769757,6548609,2019-01-31 13:00:36,btc,0.6479902123844427,0.0,0.00000223,btc,219378.50951541,0.46837435,0.1420525800341439,137
1,[],12,[],2019-01-31 13:00:37,328613.68153952,0.00000217999999999999988017506009907453545793032390065491199493408203125,0.000000000075048462,6548610,2019-01-31 13:00:37,btc,11983.243534287603,0.0,0.00000217999999999999988017506009907453545793032390065491199493408203125,btc,127850.20511713,0.2256773080304316,0.0945659899999732,137
1,[],5,[],2019-01-31 13:06:56,0.00124752,0.00003655,0.000000001257389445,6548791,2019-01-31 13:06:56,btc,2.97290001,1.67815549,0.00003655,btc,0.00283248,0.0,1.43304889,142
1,[],17,[],2019-01-31 13:06:58,12500.0,0.0000001,0.00000000000344019,6548792,2019-01-31 13:06:58,btc,0.6809500038877914,0.0,0.0000001,btc,5932.0,0.0,0.00125,142
1,[],20,[],2019-01-31 13:06:59,151774.4766,0.00003553,0.000000001222299507,6548793,2019-01-31 13:06:59,btc,2.8911515929492,400.4111,0.00003553,btc,11596.8228,0.0155183009232,0.2716501228247,142
1,[],22,[],2019-01-31 13:07:03,990.0,0.00001880,0.00000000064675572,6548794,2019-01-31 13:07:03,BTC,3.00453575,0.0,0.00001880,BTC,900.098,0.0,0.00022106,142
0.0,[],25,[],2019-01-31 13:07:04,0.0,0,0,6548795,2019-01-31 13:07:04,,0.0,0.0,0.0,btc,0.0,0.0,0.0,142
1,[],28,[],2019-01-31 13:07:06,78710.0,0.00002500,0.0000000008600475000000001,6548796,2019-01-31 13:07:06,btc,0.15329397587,1140.0,0.00002500,btc,3062.8305,0.0,0.0312247,142
0,[],22,[],2019-01-28 18:33:43,0.0,0,0,6521842,2019-01-28 18:33:43,,61.27958297,0.0,0,,815366265.8,0.0,0.0,143
1,[],21,[],2019-01-31 13:07:07,30626753.1549534,0.00000027,0.000000000009288513,6548797,2019-01-31 13:07:07,btc,52.48355908646053,10036366.71109695,0.00000027,btc,90484380.66073206,2.82570252,3.8008966282221506,145
0,[],22,[],2019-01-31 13:07:10,0.0,0,0,6548798,2019-01-31 13:07:10,,4.48974784,0.0,0,,1468738.5,0.0,0.0,146
,[],22,[],2018-11-20 23:01:11,0.0,0,0,4862114,2018-11-20 23:01:11,,2.56807021,0.0,,,61828.4988236,0.0,0.0,147
1,[],12,[],2019-01-31 12:51:40,8691716.54620439,0.00000299000000000000017174629773908378638225258328020572662353515625,0.00000000010275553600000001,6548419,2019-01-31 12:51:40,btc,17.1224489104277,0.0,0.00000299000000000000017174629773908378638225258328020572662353515625,btc,111817.83189148,0.0036791380532766,0.122362129900003,148
1,[],4,[],2019-01-31 13:07:12,208829.82016112,0.00000031,0.000000000010664589,6548799,2019-01-31 13:07:12,btc,0.6886383631487667,0.0,0.00000031,btc,503776.9729341,0.00112927,0.0422128584941645,152
0,[],22,[],2019-01-31 13:07:14,0.0,0,0,6548800,2019-01-31 13:07:14,,0.0,0.0,0,,0.0,0.0,0.0,152
1,[],5,[],2019-01-31 13:07:16,0.0,0,0,6548801,2019-01-31 13:07:16,btc,4.41084415,0.0,0,btc,0.00161275,0.0,0.0,153
,[],16,[],2019-01-11 15:38:59,0.0,0,0,6366141,2019-01-11 15:38:59,btc,0.0,0.0,,btc,0.0,0.0,0.0,155
0,[],23,[],2019-01-20 23:24:29,0.0,0,0,6476932,2019-01-20 23:24:29,,0.0,0.0,0,,0.0,0.0,0.0,156
0,[],22,[],2019-01-31 13:01:03,0.0,0,0,6548621,2019-01-31 13:01:03,,6.73310957,0.0,0,,4562882.742592593,0.0,0.0,156
1,[],22,[],2019-01-31 13:07:20,7906.0,0.00000801,0.000000000275559219,6548802,2019-01-31 13:07:20,BTC,43.78801181,0.0,0.00000801,BTC,1067.5805334758436,0.0,0.00743836,157
0,[],22,[],2019-01-31 13:07:23,0.0,0,0,6548803,2019-01-31 13:07:23,,50175.6753658,0.0,0,,54007107.04179466,0.0,0.0,158
,[],17,[],2018-11-20 22:56:10,0.0,0,0,4861976,2018-11-20 22:56:10,btc,1.1265625,0.0,,btc,1000.0,0.0,0.0,159
,[],20,[],2018-11-20 22:56:12,0.0,0,0,4861977,2018-11-20 22:56:12,btc,11912.7940471,0.0,,btc,34413894.3617,0.0,0.0,159
1,[],12,[],2019-01-31 13:01:08,194195.54093217,0.000010879999999999999168846277763922358872150653041899204254150390625,0.000000000374553792,6548623,2019-01-31 13:01:08,btc,6.68388266151235,0.0,0.000010879999999999999168846277763922358872150653041899204254150390625,btc,14516.3799096,0.0056076825102497,0.0944554606107874,168
1,[],17,[],2019-01-31 13:01:09,29784.95,0.000001,0.0000000000344259,6548624,2019-01-31 13:01:09,btc,0.0353989844335,0.0,0.000001,btc,196.82520268,0.0,0.00716147,168
0,[],22,[],2019-01-31 13:01:12,0.0,0,0,6548625,2019-01-31 13:01:12,,1.13380276,0.0,0,,689102.5537281231,0.0,0.0,169
1,[],22,[],2019-01-31 13:01:16,44741.670967741935,0.00000031,0.000000000010672029,6548626,2019-01-31 13:01:16,BTC,2.46682791,0.0,0.00000031,BTC,59712.65200746199,0.0095822,0.01142472,171
1,[],22,[],2019-01-31 13:01:19,170801.0,0.00000022,0.000000000007573698,6548627,2019-01-31 13:01:19,BTC,2.628077,0.0,0.00000022,BTC,246112.8245857688,0.01053606,0.01026043,173
1,[],5,[],2019-01-31 13:01:21,3.307e-05,0.00000410,0.00000000014114619,6548628,2019-01-31 13:01:21,btc,0.41094593,0.0956827,0.00000410,btc,0.00034349,0.0,0.6435353,175
1,[],22,[],2019-01-31 13:01:25,43553.0,0.00000075,0.000000000025819425000000002,6548629,2019-01-31 13:01:25,BTC,0.64788342,0.0,0.00000075,BTC,161666.3897700938,7e-07,0.01705243,176
1,[],7,[],2019-01-31 13:01:26,0.0,0,0,6548630,2019-01-31 13:01:26,btc,10965.660273001395,0.0,0,btc,123200465.68292762,0.0,0.0,178
0,[],22,[],2019-01-31 13:01:28,0.0,0,0,6548631,2019-01-31 13:01:28,,1.00242428,0.0,0,,57512.0,0.0,0.0,178
0,[],2,[],2019-01-20 23:28:34,0.0,0,0,6477001,2019-01-20 23:28:34,,0.0,0.0,0,,0.0,0.0,0.0,178
0,[],23,[],2019-01-20 23:25:08,0.0,0,0,6476952,2019-01-20 23:25:08,,0.0,0.0,0,,0.0,0.0,0.0,179
1,[],5,[],2019-01-31 13:01:30,6e-08,0.00000003,0.000000000001032777,6548632,2019-01-31 13:01:30,btc,16.61628582,0.47307107,0.00000003,btc,2.285e-05,0.0,1.27256034,179
1,[],22,[],2019-01-31 13:01:34,8317447.0,0.00000003,0.000000000001032777,6548633,2019-01-31 13:01:34,BTC,5.46743998,0.0,0.00000003,"BTC,LTC",16857483.401989967,0.0059972,0.40404309,179
1,[],17,[],2019-01-31 13:01:36,10504.725,0.0000001,0.00000000000344259,6548634,2019-01-31 13:01:36,btc,5.206877489877392,0.0,0.0000001,btc,7465.6174587,0.0,0.0010504725,180
1,[],22,[],2019-01-31 13:01:40,5785.4,0.00000001,0.000000000000344259,6548635,2019-01-31 13:01:40,BTC,0.09633436,0.0,0.00000001,"BTC,LTC",16823.80336569223,0.0,7.724e-05,180
1,[],26,[],2019-01-31 13:01:40,0.0,0.00000010,0.00000000000344259,6548636,2019-01-31 13:01:40,btc,0.0,4889.0706,0.00000010,btc,0.0,0.0,0.0,180
,[],7,[],2018-11-20 22:58:01,562227.975654,0.00000085,0.000000000036176765,4862015,2018-11-20 22:58:01,btc,21836.6059674,2491.87645172,,btc,749999.041456,0.00211021,0.127565380455,183
,[],5,[],2019-01-10 08:11:41,0.0,0,0,6347036,2019-01-10 08:11:41,btc,82.15055501,0.00261,,btc,1.19002445,0.0,0.0,187
1,[],24,[],2019-01-31 13:01:40,0.0,0.000000000001,3.4425900000000004e-17,6548637,2019-01-31 13:01:40,btc,0.0,0.0,0.000000000001,btc,0.0,0.0,0.0,187
,[],17,[],2018-11-16 20:58:10,4062536.27273,0.00000001,0.000000000000550501,4708775,2018-11-16 20:58:10,btc,3.36492563466,0.195460381006,,"btc,eth",110697919.549,0.0,0.0157628953496,187
0,[],22,[],2019-01-31 12:54:38,0.0,0,0,6548441,2019-01-31 12:54:38,,1.19382741,0.0,0,,13380.036201072173,0.0,0.0,191
0,[],22,[],2019-01-29 02:57:02,0.0,0,0,6524994,2019-01-29 02:57:02,,0.0,0.0,0,,0.0,0.0,0.0,197
0,[],23,[],2019-01-20 23:31:41,0.0,0,0,6477079,2019-01-20 23:31:41,,0.0,0.0,0,,0.0,0.0,0.0,199
1,[],26,[],2019-01-31 13:01:41,0.0,0.00000000,0,6548638,2019-01-31 13:01:41,btc,0.0,766652.0,0.00000000,btc,0.0,0.0,0.0,199
0,[],17,[],2019-01-30 16:32:01,0.0,0,0,6540827,2019-01-30 16:32:01,btc,6.802544163788159,0.0,0,btc,105897.55575295,0.0,0.0,200
0,[],2,[],2019-01-20 23:30:49,0.0,0,0,6477059,2019-01-20 23:30:49,,0.0,0.0,0,,0.0,0.0,0.0,201
1,[],4,[],2019-01-25 15:51:35,2084389.58565343,0.00000936,0.000000000333526752,6499557,2019-01-25 15:51:35,btc,2.0092503037378524,0.0,0.00000936,btc,160195.80207885,0.19272417,1.242687955921835,211
1,[],7,[],2019-01-31 13:01:45,15034465.287301889,0.000001239999999999999986239306026813977723577409051358699798583984375,0.000000000042688116,6548639,2019-01-31 13:01:45,btc,16567792.82399732,289939.430432,0.000001239999999999999986239306026813977723577409051358699798583984375,btc,11474171.78026367,0.0,6.583616948638626,212
1,[],12,[],2019-01-25 02:44:32,207462.42853209,0.000001080000000000000035831255497387193287295303889550268650054931640625,0.000000000038610756000000006,6493050,2019-01-25 02:44:32,btc,85023.03793723314,0.0,0.000001080000000000000035831255497387193287295303889550268650054931640625,btc,43675.73520027,0.000146250909087,0.0348620860622024,213
1,[],5,[],2019-01-31 13:01:46,5.96e-06,0.00000037,0.000000000012737583,6548640,2019-01-31 13:01:46,btc,0.95668825,0.14743758,0.00000037,btc,3.285e-05,0.0,0.37968602,213
1,[],24,[],2019-01-31 13:01:46,0.0,0.000000050000,0.000000000001721295,6548641,2019-01-31 13:01:46,btc,0.0,0.0,0.000000050000,btc,0.0,0.0,0.0,213
1,[],26,[],2019-01-31 13:01:46,0.0,0.00000003,0.000000000001032777,6548642,2019-01-31 13:01:46,btc,0.0,0.0,0.00000003,btc,0.0,0.0,0.0,213
1,[],22,[],2019-01-31 13:01:56,276400.0,0.00000002,0.000000000000688518,6548643,2019-01-31 13:01:56,BTC,70.22563965,0.0,0.00000002,BTC,269624.63907173084,0.0,0.004714,216
1,[],27,[],2019-01-31 13:01:59,5075645.0,0.0000001,0.00000000000344259,6548644,2019-01-31 13:01:59,btc,323.29017420316,11500.0,0.0000001,"btc,ltc",265709.13311,0.00115,0.0518235,216
1,[],22,[],2019-01-31 13:02:03,352280.7064599573,0.00000308,0.00000000010603177200000001,6548645,2019-01-31 13:02:03,BTC,12678.23572355,0.0,0.00000308,BTC,405140.04248493176,0.04527178,0.59681278,217
1,[],7,[],2019-01-31 13:02:04,0.0,0,0,6548646,2019-01-31 13:02:04,btc,302.5343166391106,0.0,0,btc,130240320.6214003,0.0,0.0,219
0,[],27,[],2019-01-31 13:02:06,0.0,0,0,6548647,2019-01-31 13:02:06,,0.0741038339680918,0.0,0,btc,1542429.2070951,0.0,0.0,219
0.0000000000000057,[],28,[],2019-01-31 13:02:08,204978472.379,5.7000000000000005e-18,1.9622763000000002e-22,6548648,2019-01-31 13:02:08,doge,88554.0338717675,14584.0,0.00100000,"btc,doge",5169437.84751,0.0,2.8642127208807426e-11,219
1,[],22,[],2019-01-31 13:02:12,203618.0,0.00000055,0.000000000018934245,6548649,2019-01-31 13:02:12,BTC,2.39405941,0.0,0.00000055,BTC,34845.55212317522,5.5e-05,0.02088973,221
1,[],24,[],2019-01-31 13:02:12,0.0,0.000000500003,0.000000000017213053277700002,6548650,2019-01-31 13:02:12,btc,0.0,10157.80497,0.000000500003,btc,0.0,0.00528053,0.0,221
1,[],26,[],2019-01-31 13:02:13,0.0,0.00000002,0.000000000000688518,6548651,2019-01-31 13:02:13,btc,0.0,11600.0,0.00000002,btc,0.0,0.0,0.0,231
1,[],26,[],2019-01-31 13:02:13,0.0,0.00000004,0.000000000001377036,6548652,2019-01-31 13:02:13,btc,0.0,0.0,0.00000004,btc,0.0,0.0,0.0,234
0,[],27,[],2019-01-31 13:02:16,0.0,0,0,6548653,2019-01-31 13:02:16,,0.0113483662182,0.0,0,"btc,eth",11462.99618,0.0,0.0,234
0.00000000009166229999999999,[],22,[],2019-01-31 13:02:19,1812269.6666666667,2.7498689999999996e-18,9.46667152071e-23,6548654,2019-01-31 13:02:19,LTC,3.04083409,0.0,0.00000003,LTC,90897362.86349206,9.162403098974999e-12,0.05436809,235
1,[],4,[],2019-01-31 13:02:20,738352.01136564,0.00000076,0.000000000026163684,6548655,2019-01-31 13:02:20,btc,0.1546601581036804,0.0,0.00000076,btc,133813.90051422,0.04342719,0.1695573481143088,236
1,[],24,[],2019-01-31 13:02:20,0.0,0.000000010000,0.000000000000344259,6548656,2019-01-31 13:02:20,btc,0.0,0.0,0.000000010000,btc,0.0,0.0,0.0,236
1,[],20,[],2019-01-31 13:02:22,11137637.5314,0.000000063,0.0000000000021688317000000003,6548657,2019-01-31 13:02:22,btc,14.3643539529627,18282535.7919,0.000000063,btc,25313818.0369,1.2319064973766,0.5107738212993,237
1,[],22,[],2019-01-31 13:02:25,10000.0,0.00000001,0.000000000000344259,6548658,2019-01-31 13:02:25,BTC,0.04144357,0.0,0.00000001,BTC,10254.2,0.0,0.0001,237
1,[],4,[],2019-01-31 13:02:27,3872281.08544139,0.00000033,0.000000000011360547,6548659,2019-01-31 13:02:27,btc,0.403628935417659,0.0,0.00000033,btc,1116000.16001794,0.16704774,1.1726434365227905,238
1,[],5,[],2019-01-31 13:02:29,4.29e-06,0.00000033,0.000000000011360547,6548660,2019-01-31 13:02:29,btc,0.7741618,0.06684438,0.00000033,btc,2.957e-05,0.0,0.37714955,238
1,[],22,[],2019-01-31 13:02:32,246607.25,0.00000004,0.000000000001377036,6548661,2019-01-31 13:02:32,BTC,15.41100869,0.0,0.00000004,BTC,254808.01286378826,0.00051941,0.00786441,249
0.00000000009166229999999999,[],22,[],2019-01-31 13:02:37,4782656.0,2.7498689999999996e-18,9.46667152071e-23,6548662,2019-01-31 13:02:37,LTC,0.69139672,0.0,0.00000003,LTC,15451945.015,0.0,0.10741884,252
1,[],28,[],2019-01-31 13:02:39,2266692.343,0.00000007,0.0000000000024098130000000003,6548663,2019-01-31 13:02:39,btc,164692.82880082083,35510.36,0.00000007,btc,1209345.0395,0.0,0.07471535629,256
0,[],27,[],2019-01-31 13:02:41,0.0,0,0,6548664,2019-01-31 13:02:41,,4.96668,0.0,0,"btc,eth",90.59,0.0,0.0,257
1,[],22,[],2019-01-31 13:02:45,209809.42857142858,0.00000007,0.0000000000024098130000000003,6548665,2019-01-31 13:02:45,BTC,35605.56345536,0.0,0.00000007,BTC,498818.29945876444,0.00073829,0.00371856,258
1,[],22,[],2019-01-26 20:58:41,368451.0,0.00000001,0.000000000000356135,6510120,2019-01-26 20:58:41,BTC,2.642917,0.0,0.00000001,"BTC,LTC",1862.0,0.0,0.02488451,259
1,[],22,[],2019-01-31 13:02:48,3372.4709677419355,0.00000800,0.0000000002754072,6548666,2019-01-31 13:02:48,BTC,4.6982137,0.0,0.00000800,BTC,7237.7692176559995,0.00147546,0.02460969,262
1,[],5,[],2019-01-31 13:02:49,9.779e-05,0.00000510,0.00000000017557209,6548667,2019-01-31 13:02:49,btc,2.53696023,1.43315936,0.00000510,btc,0.00184731,0.0,0.27888427,264
1,[],20,[],2019-01-31 13:02:51,1191865.2149,0.00000329,0.00000000011326121100000001,6548668,2019-01-31 13:02:51,btc,5.1521144248562,37337.7551,0.00000329,btc,108433.3817,0.1660842293586,0.0688321445818,264
1,[],22,[],2019-01-31 13:02:55,143651.0,0.00000002,0.000000000000688518,6548669,2019-01-31 13:02:55,BTC,8.34443242,0.0,0.00000002,BTC,250710.09387426634,0.000122,0.00237539,271
0,[],22,[],2019-01-31 13:02:58,0.0,0,0,6548670,2019-01-31 13:02:58,,360.74578824,0.0,0,,13892460724.9,0.0,0.0,272
0.0000000000000057,[],28,[],2019-01-31 13:03:00,241664830463.291,7.296000000000001e-21,2.5117136640000007e-25,6548671,2019-01-31 13:03:00,doge,75157942.9498316,52996374391.6347,0.00000128,doge,122768616219.2705,0.0,9.061998053999296e-10,272
