pairValue,buyBook,exchangeId,sellBook,updated,buyTotal,satoshiPrice,usdPrice,exchangeLogId,created,bestPair,sellTotalBtc,volume,pairPrice,activePairs,sellTotal,volumeBtc,buyTotalBtc,coinId
1,[],21,[],2019-01-28 18:52:47,2738.5730859,0.01255799999999999971844744096,0.0000004298327124,6522112,2019-01-28 18:52:47,btc,25.729292053024242,3707.61829819,0.01255799999999999971844744095506030134856700897216796875,"btc,eth",2497.75891495,35.001177891132386,27.387320461016262,1
1,[],22,[],2019-01-28 18:52:51,0.03636045714285714,0.01400000,0.0000004791892,6522113,2019-01-28 18:52:51,BTC,0.31386968,0.0,0.01400000,BTC,0.09332266666666666,7.5e-07,0.00048448,1
1,[],24,[],2019-01-28 18:52:51,0.0,0.000000000000,0,6522114,2019-01-28 18:52:51,btc,0.0,0.0,0.000000000000,btc,0.0,0.0,0.0,1
0.0,[],25,[],2019-01-28 18:52:52,0.0,0,0,6522115,2019-01-28 18:52:52,btc,30.30619999713765,497.79821451,0.0,btc,2339.80132367,6.3119,0.0,1
1,[],26,[],2019-01-28 18:53:02,0.0,0,0,6522116,2019-01-28 18:53:02,,0.0,0.0,0,,0.0,0.0,0.0,1
1,[],28,[],2019-01-28 18:53:04,987.9,0.01131000,0.000000387116418,6522117,2019-01-28 18:53:04,btc,0.162839806,16511.4,0.01131000,btc,8.9,0.0,0.024551096,1
0,[],2,[],2019-01-20 23:28:45,0.0,0,0,6477011,2019-01-20 23:28:45,,0.0,0.0,0,,0.0,0.0,0.0,1
1,[],3,[],2019-01-28 18:52:35,104.738072388938,0.0126968099999999993465760184108148678205907344818115234375,0.00000043458387331800003,6522106,2019-01-28 18:52:35,btc,106.9686419537177,0.100606532924,0.0126968099999999993465760184108148678205907344818115234375,btc,14.047777834873001,0.0,0.1839352965326225,1
1,[],4,[],2019-01-28 18:52:36,25054.86233857,0.01273322,0.00000043583010751600005,6522107,2019-01-28 18:52:36,btc,1.0719791850193228,0.0,0.01273322,btc,77.16593846,1.37887987,0.957973907956795,1
1,[],5,[],2019-01-28 18:52:38,0.22414057,0.01252177,0.00000042859263920600005,6522108,2019-01-28 18:52:38,btc,14578.43641848,0.05722062,0.01252177,btc,35555556.29133267,0.0,1.4243765,1
1,[],10,[],2019-01-28 18:52:41,271729.41183448,0.01182076,0.000000404598609128,6522109,2019-01-28 18:52:41,btc,6535.990519578994,2335.98894502,0.01182076,btc,882.37810949,0.0,3.6146773062378235,1
1,[],12,[],2019-01-28 18:52:43,10413.93039979,0.01156000000000000083044682241961709223687648773193359375,0.00000039567336800000004,6522110,2019-01-28 18:52:43,btc,0.7029634157528,0.0,0.01156000000000000083044682241961709223687648773193359375,btc,49.32067842,0.0199594736317,0.075071587526,1
1,[],20,[],2019-01-28 18:52:45,1352.3227,0.0105001,0.00000035939532278,6522111,2019-01-28 18:52:45,btc,0.0564711704203,0.0,0.0105001,btc,2.4781,0.0,0.106542722999,1
1,[],5,[],2019-01-28 18:53:06,1.763e-05,0.00000070,0.000000000023959460000000002,6522118,2019-01-28 18:53:06,btc,0.13841787,0.01375298,0.00000070,btc,7.758e-05,0.0,0.4623357,2
0,[],22,[],2019-01-28 18:53:09,0.0,0,0,6522119,2019-01-28 18:53:09,,0.0,0.0,0,,0.0,0.0,0.0,2
1,[],5,[],2019-01-28 18:53:10,1.25e-06,0.00000016,0.000000000005476448000000001,6522120,2019-01-28 18:53:10,btc,3.91655412,0.01170728,0.00000016,btc,2.204e-05,0.0,1.97077849,3
1,[],12,[],2019-01-28 18:53:12,12410192.55346625,0.000000167,0.000000000005716042600000001,6522121,2019-01-28 18:53:12,btc,921359.5617855681,0.0,0.000000167,btc,7973475.21492107,0.06653037810261833,0.533558419101425,3
0,[],28,[],2019-01-28 18:53:13,0.0,0,0,6522122,2019-01-28 18:53:13,,0.0,0.0,0,,0.0,0.0,0.0,3
0,[],2,[],2019-01-20 23:31:32,0.0,0,0,6477077,2019-01-20 23:31:32,,0.0,0.0,0,,0.0,0.0,0.0,4
1,[],4,[],2019-01-28 18:44:54,254403.68848617,0.00000042,0.000000000014363622,6521920,2019-01-28 18:44:54,btc,0.47918072745217,0.0,0.00000042,btc,331394.97161884,0.01043521,0.0234611679458801,4
1,[],12,[],2019-01-25 15:53:49,1222127.5219999999,0.00000003,0.000000000001069017,6499609,2019-01-25 15:53:49,btc,11013867.817925906,0.0,0.00000003,btc,969763.77092902,0.0,0.01617509044,5
1,[],11,[],2019-01-28 18:53:15,3384831.0,0.00000001,0.00000000000034227800000000004,6522123,2019-01-28 18:53:15,btc,9432.526826746247,597818.0,0.00000001,btc,41754995.77829939,0.0,0.03384831,6
0,[],2,[],2019-01-20 23:31:51,0.0,0,0,6477087,2019-01-20 23:31:51,,0.0,0.0,0,,0.0,0.0,0.0,6
1,[],3,[],2019-01-28 18:53:16,1056.379415503993,0.00015054000000000000540623101841219977359287440776824951171875,0.000000005152653012,6522124,2019-01-28 18:53:16,btc,30.108593419388622,0.0,0.00015054000000000000540623101841219977359287440776824951171875,btc,231.077492617847,0.0,0.028994113718921508,7
1,[],4,[],2019-01-28 18:53:17,22697.51096505,0.00015461,0.000000005291960158,6522125,2019-01-28 18:53:17,btc,1.6722057289618675,0.0,0.00015461,btc,9953.12393712,5.27047898,3.2442523677916424,7
1,[],5,[],2019-01-28 18:53:19,0.00490261,0.00015128,0.000000005177981584,6522126,2019-01-28 18:53:19,btc,1.39479427,0.60169088,0.00015128,btc,0.0109384,0.0,1.34234797,7
1,[],20,[],2019-01-28 18:53:21,62771509.8802,0.000000001,0.0000000000000342278,6522127,2019-01-28 18:53:21,btc,121.193338259396,0.0,0.000000001,btc,26031125.3262,0.0,0.0627715098802,8
1,[],1,[],2019-01-28 18:53:25,1796087.96,0.000001839999999999999959088173122345732934945772285573184490203857421875,0.000000000062979152,6522128,2019-01-28 18:53:25,btc,1.5191547578000002,22213245.48,0.000001839999999999999959088173122345732934945772285573184490203857421875,btc,812720.79,41.83351095,3.2409673059,9
1,[],4,[],2019-01-28 18:53:26,1226040.35019317,0.00000184,0.000000000062979152,6522129,2019-01-28 18:53:26,btc,0.9975351184757526,0.0,0.00000184,btc,511451.2385576,1.1783931,0.6780321270939662,9
1,[],28,[],2019-01-28 18:53:29,50368.14,0.00000185,0.00000000006332143,6522130,2019-01-28 18:53:29,btc,2708.75001072,3446263.0,0.00000185,btc,7762.68,0.0,0.057601859,9
0,[],2,[],2019-01-20 23:22:42,0.0,0,0,6476876,2019-01-20 23:22:42,,0.0,0.0,0,,0.0,0.0,0.0,9
0,[],23,[],2019-01-20 23:22:48,0.0,0,0,6476878,2019-01-20 23:22:48,,0.0,0.0,0,,0.0,0.0,0.0,9
1,[],4,[],2019-01-28 18:45:05,7132736.79326053,0.00000002,0.000000000000683982,6521929,2019-01-28 18:45:05,btc,0.2106616203857639,0.0,0.00000002,btc,4256220.48091358,0.00068574,0.0744841401652106,10
1,[],4,[],2019-01-28 18:53:30,2908411.54013784,0.00000143,0.000000000048945754,6522131,2019-01-28 18:53:30,btc,0.9489614006455463,0.0,0.00000143,btc,633379.17550999,3.14456846,2.9650512479459037,12
1,[],5,[],2019-01-28 18:53:32,9.66e-06,0.00000130,0.00000000004449614,6522132,2019-01-28 18:53:32,btc,0.26456073,1.01657585,0.00000130,btc,0.00010272,0.0,0.03767868,12
0.0,[],25,[],2019-01-28 18:53:33,0.0,0,0,6522133,2019-01-28 18:53:33,,0.0,0.0,0.0,btc,0.0,0.0,0.0,12
0,[],2,[],2019-01-20 23:23:08,0.0,0,0,6476890,2019-01-20 23:23:08,,0.0,0.0,0,,0.0,0.0,0.0,12
1,[],4,[],2019-01-28 18:53:34,314835.11311248,0.00000690,0.00000000023617182,6522134,2019-01-28 18:53:34,btc,0.6591713856856098,0.0,0.00000690,btc,92618.01872093,0.56901239,1.427609934517135,13
1,[],21,[],2019-01-28 18:53:37,1630023.85255092,0.000006900000000000000005399326819,0.00000000023617182,6522135,2019-01-28 18:53:37,btc,5.938143224581271,1220088.44858801,0.000006900000000000000005399326818977812081357114948332309722900390625,btc,778834.32647758,8.52713463,9.857884406633731,13
1,[],10,[],2019-01-28 17:51:38,581698.49960886,0.00000685,0.000000000234062445,6521524,2019-01-28 17:51:38,btc,666807.8850833152,3845.29297228,0.00000685,btc,837507.79426687,0.0,0.8860226566070287,13
1,[],4,[],2019-01-28 18:53:38,859973.96517741,0.00000145,0.000000000049630310000000005,6522136,2019-01-28 18:53:38,btc,0.1478491944460549,0.0,0.00000145,btc,66274.73884001,0.0544823,0.1627174282872724,14
1,[],12,[],2019-01-28 18:53:39,91892.05068872,0.000001769999999999999994019540816569957542014890350401401519775390625,0.000000000060583206,6522137,2019-01-28 18:53:39,btc,1.7859440305150611,0.0,0.000001769999999999999994019540816569957542014890350401401519775390625,btc,37980.62520423,0.0008868417405676,0.0201334377743244,14
0,[],17,[],2019-01-28 18:53:40,0.0,0,0,6522138,2019-01-28 18:53:40,btc,0.0,0.0,0,btc,0.0,0.0,0.0,14
1,[],26,[],2019-01-28 18:53:41,0.0,0.00000020,0.00000000000684556,6522139,2019-01-28 18:53:41,btc,0.0,0.0,0.00000020,btc,0.0,0.0,0.0,14
0,[],4,[],2019-01-28 18:53:41,0.0,0,0,6522140,2019-01-28 18:53:41,,0.0,0.0,0,,0.0,0.0,0.0,15
,[],12,[],2018-12-01 15:15:48,204241.84496,0.00000489,0.000000000202473384,5260204,2018-12-01 15:15:48,btc,49.5475654835,0.0,,btc,35763.2193806,0.0163153972027625,0.0203389899998,15
1,[],4,[],2019-01-28 18:53:42,24723.77598434,0.00001800,0.0000000006161004000000001,6522141,2019-01-28 18:53:42,btc,1.2155299986408612,0.0,0.00001800,btc,6802.78571709,0.033,0.0758505559407883,18
1,[],10,[],2019-01-28 18:53:45,391054.68027186,0.00001771,0.0000000006061743380000001,6522142,2019-01-28 18:53:45,btc,15.540854061287726,11868.3839804,0.00001771,btc,10766.47828727,0.0,0.2036064545378852,18
1,[],12,[],2019-01-28 18:53:46,200981.04433146,0.000017929999999999999432155617373751965715200640261173248291015625,0.000000000613704454,6522143,2019-01-28 18:53:46,btc,0.1939350051643204,0.0,0.000017929999999999999432155617373751965715200640261173248291015625,btc,1929.1481930099999,0.0015146854286048,0.0212551989665924,18
0,[],17,[],2019-01-28 18:53:48,0.0,0,0,6522144,2019-01-28 18:53:48,btc,0.0,0.0,0,btc,0.0,0.0,0.0,18
0,[],2,[],2019-01-20 23:23:38,0.0,0,0,6476906,2019-01-20 23:23:38,,0.0,0.0,0,,0.0,0.0,0.0,18
1,[],3,[],2019-01-28 18:53:49,108838.27210810459,0.0000380999999999999977465074685323287440041895024478435516357421875,0.00000000130407918,6522145,2019-01-28 18:53:49,btc,1.1939161811847707,21.0251256281,0.0000380999999999999977465074685323287440041895024478435516357421875,btc,8295.059421123888,0.0,0.10398332793169822,19
1,[],4,[],2019-01-28 18:53:50,69787.3923809,0.00003737,0.000000001279092886,6522146,2019-01-28 18:53:50,btc,0.6345490357196638,0.0,0.00003737,btc,15184.19150266,0.43597895,1.5474732440451822,19
1,[],5,[],2019-01-28 18:53:51,0.00032546,0.00003100,0.0000000010610618,6522147,2019-01-28 18:53:51,btc,0.30903293,0.00031762,0.00003100,btc,0.00346603,0.0,0.19148301,19
1,[],12,[],2019-01-28 18:53:52,133616.0,0.0000425099999999999978751719087455285261967219412326812744140625,0.000000001455023778,6522148,2019-01-28 18:53:52,btc,1.9917461490906185,0.0,0.0000425099999999999978751719087455285261967219412326812744140625,btc,416.49251023,0.0,0.03231902,19
0,[],27,[],2019-01-28 18:53:54,0.0,0,0,6522149,2019-01-28 18:53:54,,0.0,0.0,0,btc,0.0,0.0,0.0,19
0,[],2,[],2019-01-20 23:24:19,0.0,0,0,6476924,2019-01-20 23:24:19,,0.0,0.0,0,,0.0,0.0,0.0,19
1,[],4,[],2019-01-28 18:53:55,9448048.34664562,0.00000015,0.00000000000513417,6522150,2019-01-28 18:53:55,btc,0.8111204117420863,0.0,0.00000015,btc,1583112.29307681,0.0,0.3958519084068923,20
1,[],4,[],2019-01-28 18:53:57,125432370.17723025,0.00000002,0.0000000000006845560000000001,6522151,2019-01-28 18:53:57,btc,0.6812881536533513,0.0,0.00000002,btc,17286239.26481209,0.00198491,1.5184269877544454,21
1,[],12,[],2019-01-28 18:53:58,19406794.0,0.00000002,0.0000000000006845560000000001,6522152,2019-01-28 18:53:58,btc,668.0301332393019,0.0,0.00000002,btc,8064842.52248023,0.0022227663936068,0.2610724,21
0,[],17,[],2019-01-28 18:53:59,0.0,0,0,6522153,2019-01-28 18:53:59,btc,0.0,0.0,0,btc,0.0,0.0,0.0,21
1,[],12,[],2019-01-28 18:54:01,4524658387.531896,0.0000000001,0.0000000000000034227800000000004,6522154,2019-01-28 18:54:01,btc,1721703601732.1392,0.0,0.0000000001,btc,6777638764.012219,0.000958275321778222,0.4524658387531896,23
0,[],27,[],2019-01-28 18:54:03,0.0,0,0,6522155,2019-01-28 18:54:03,,0.424699,0.0,0,eth,424699.0,0.0,0.0,23
1,[],4,[],2019-01-28 18:54:04,953196.58287721,0.00000086,0.000000000029435908,6522156,2019-01-28 18:54:04,btc,0.0970026287843683,0.0,0.00000086,btc,78349.37260144,0.01798027,0.4093402535335259,24
1,[],22,[],2019-01-28 18:54:07,11.76,0.00000100,0.000000000034227800000000004,6522157,2019-01-28 18:54:07,BTC,7.415e-05,0.0,0.00000100,BTC,23.919354838709676,0.0,1.176e-05,24
0.0,[],25,[],2019-01-28 18:54:08,0.0,0,0,6522158,2019-01-28 18:54:08,,0.0,0.0,0.0,btc,0.0,0.0,0.0,24
1,[],4,[],2019-01-28 18:54:09,28244273.55685699,0.00000665,0.00000000022761487,6522159,2019-01-28 18:54:09,btc,0.4993102377642313,0.0,0.00000665,btc,42706.0637288,0.1344448,0.3803927888343005,26
1,[],10,[],2019-01-28 18:54:11,728092.87087703,0.00000647,0.00000000022145386600000002,6522160,2019-01-28 18:54:11,btc,27.970618712587534,2443.23186987,0.00000647,btc,12132.50795028,0.0,0.2026280803717837,26
0,[],2,[],2019-01-20 23:25:56,0.0,0,0,6476976,2019-01-20 23:25:56,,0.0,0.0,0,,0.0,0.0,0.0,26
1,[],3,[],2019-01-28 18:46:10,6731331.03885143,0.00000001,0.000000000000341991,6521960,2019-01-28 18:46:10,btc,2.97956748808308,267186.0,0.00000001,btc,17962798.28761028,0.0,0.0673133103885143,27
1,[],5,[],2019-01-28 18:46:11,1e-08,0.00000001,0.000000000000341991,6521961,2019-01-28 18:46:11,btc,2.61950068,0.00330055,0.00000001,btc,4.436e-05,0.0,0.04473401,27
1,[],11,[],2019-01-28 18:46:12,10597882.41182718,0.00000005,0.0000000000017099549999999999,6521962,2019-01-28 18:46:12,btc,370.53275036350783,1000.0,0.00000005,btc,8220964.80991447,0.0,0.4932896594767663,27
1,[],4,[],2019-01-28 18:54:13,240344076.84440094,0.00000003,0.000000000001026834,6522161,2019-01-28 18:54:13,btc,3.951700295928216,0.0,0.00000003,"btc,ltc",155049291.23191562,0.18117166,2.039081290835168,29
1,[],7,[],2019-01-28 18:54:14,39577898.68547895,0.00000003,0.000000000001026834,6522162,2019-01-28 18:54:14,btc,44465202.61689058,5457.33756242,0.00000003,btc,39444055.34175683,0.00016372,0.7206499085800053,29
1,[],4,[],2019-01-28 18:54:14,1519413.79664446,0.00000033,0.000000000011295174,6522163,2019-01-28 18:54:14,btc,0.2658110199874491,0.0,0.00000033,btc,475174.39677843,0.00271659,0.0763863557869587,30
0,[],17,[],2019-01-28 18:54:17,0.0,0,0,6522164,2019-01-28 18:54:17,btc,0.0,0.0,0,btc,0.0,0.0,0.0,30
1,[],4,[],2019-01-28 18:54:18,135000.23297766,0.00008506,0.0000000029114166680000002,6522165,2019-01-28 18:54:18,btc,1.0803533656130655,0.0,0.00008506,btc,11301.62935942,1.84767094,2.796761655772971,31
1,[],21,[],2019-01-28 18:54:18,48049.39037884,0.00008459000000000000156138990626,0.0000000028953296020000003,6522166,2019-01-28 18:54:18,btc,7.149437215579792,340520.87870753,0.0000845900000000000015613899062572045295382849872112274169921875,btc,74769.38664715,30.19592434,3.886746835079647,31
0,[],2,[],2019-01-20 23:28:43,0.0,0,0,6477009,2019-01-20 23:28:43,,0.0,0.0,0,,0.0,0.0,0.0,32
1,[],4,[],2019-01-28 18:54:20,144687327.8805132,0.00000006,0.000000000002053668,6522167,2019-01-28 18:54:20,btc,3.587284540979387,0.0,0.00000006,"btc,ltc",56289793.54041284,0.89258037,2.3989259390044726,33
1,[],12,[],2019-01-28 18:54:21,22737902.0,0.00000006,0.000000000002053668,6522168,2019-01-28 18:54:21,btc,17261783.205836315,0.0,0.00000006,btc,88881109.2577421,0.0322773889510537,0.90887033,33
1,[],4,[],2019-01-28 18:54:22,105861256.70913257,0.00000002,0.0000000000006845560000000001,6522169,2019-01-28 18:54:22,btc,0.8325635516300076,0.0,0.00000002,btc,27752118.38766692,0.02359354,1.0961294848344052,34
1,[],5,[],2019-01-28 18:54:23,1e-08,0.00000001,0.00000000000034227800000000004,6522170,2019-01-28 18:54:23,btc,3.35323455,0.07551236,0.00000001,btc,1.343e-05,0.0,0.81461148,34
0.0000000000889232,[],4,[],2019-01-28 18:54:24,2111746034.8449266,3.556928e-18,1.2174582019840003e-22,6522171,2019-01-28 18:54:24,ltc,6.339974708209811e-09,0.0,0.00000004,ltc,1295669717.9566557,0.0,4.602928661804675e-09,36
1,[],5,[],2019-01-28 18:54:25,0.0,0,0,6522172,2019-01-28 18:54:25,btc,202.42915947,0.0,0,btc,1.295e-05,0.0,0.0,36
0,[],17,[],2019-01-28 18:54:28,0.0,0,0,6522173,2019-01-28 18:54:28,btc,0.14892131541535797,0.0,0,btc,12533924.99083647,0.0,0.0,36
0.0000000000889232,[],27,[],2019-01-28 18:54:30,1000000.0,8.89232e-19,3.043645504960001e-23,6522174,2019-01-28 18:54:30,ltc,448.591316645,0.0,0.00000001,"ltc,eth",3710972.58,0.0,8.892320000000001e-13,36
1,[],4,[],2019-01-28 18:54:31,403323.9289084,0.00000141,0.000000000048261198000000003,6522175,2019-01-28 18:54:31,btc,0.4775328485634727,0.0,0.00000141,btc,257682.78222979,0.0045599,0.3487357526410898,37
1,[],12,[],2019-01-28 18:54:32,356116.34605598,0.000001410000000000000052661867921965921368609997443854808807373046875,0.000000000048261198000000003,6522176,2019-01-28 18:54:32,btc,1335.977188016712,0.0,0.000001410000000000000052661867921965921368609997443854808807373046875,btc,812774.6338996401,0.1924927387310782,0.2087346600000005,37
1,[],17,[],2019-01-28 18:54:34,1752.74075282,0.00000025,0.000000000008556950000000001,6522177,2019-01-28 18:54:34,btc,0.05548731396139442,0.0,0.00000025,btc,1388.79251806,0.0,0.00043818518820499993,37
1,[],27,[],2019-01-28 18:54:36,3640.0609574,0.00569910,0.00000019506765498000002,6522178,2019-01-28 18:54:36,btc,22.37095737308125,0.0,0.00569910,btc,2948.884381,0.0,0.000368193331273,37
1,[],5,[],2019-01-28 18:46:41,1.106e-05,0.00000081,0.000000000027701271,6521981,2019-01-28 18:46:41,btc,0.10117886,0.08343095,0.00000081,btc,9.963e-05,0.0,0.03824903,42
1,[],12,[],2019-01-28 18:46:43,116922.90793201,0.0000011599999999999999051561623553130431218960438854992389678955078125,0.000000000039670955999999993,6521982,2019-01-28 18:46:43,btc,109.38885242071643,0.0,0.0000011599999999999999051561623553130431218960438854992389678955078125,btc,127983.02235591,0.0752734212894441,0.0260526532804971,42
0,[],27,[],2019-01-28 18:46:45,0.0,0,0,6521983,2019-01-28 18:46:45,,0.00315028,0.0,0,"btc,eth",11.007,0.0,0.0,42
1,[],5,[],2019-01-28 18:46:47,3e-08,0.00000002,0.000000000000683982,6521984,2019-01-28 18:46:47,btc,6.16284439,0.00223252,0.00000002,btc,1.425e-05,0.0,0.52020855,43
1,[],12,[],2019-01-28 18:46:48,6478239.0,0.00000002,0.000000000000683982,6521985,2019-01-28 18:46:48,btc,20007433.359969333,0.0,0.00000002,btc,39909576.74765234,0.0084374566233766,0.06523944,43
0,[],17,[],2019-01-28 18:46:49,0.0,0,0,6521986,2019-01-28 18:46:49,btc,0.0,0.0,0,btc,0.0,0.0,0.0,43
1,[],12,[],2019-01-28 18:46:50,757111.0,0.00000006,0.0000000000020519459999999997,6521987,2019-01-28 18:46:50,btc,11114771.216039276,0.0,0.00000006,btc,916068.28828691,0.0116920419080922,0.01995112,44
1,[],4,[],2019-01-28 18:54:36,263094433.84760836,0.00000003,0.000000000001026834,6522179,2019-01-28 18:54:36,btc,0.20522073145285263,0.0,0.00000003,"btc,ltc",3975212.46655899,0.00910114,0.56637653964715,49
0.0000000000889232,[],4,[],2019-01-28 18:54:37,3517783524.1707115,1.778464e-18,6.087291009920001e-23,6522180,2019-01-28 18:54:37,ltc,4.9943946341453245,0.0,0.00000002,ltc,2091360395.6583302,0.0,3.166148535090064e-09,52
0,[],22,[],2019-01-28 18:54:40,0.0,0,0,6522181,2019-01-28 18:54:40,,3693.94483704,0.0,0,,271755069.90882355,0.0,0.0,57
0,[],27,[],2019-01-28 18:54:42,0.0,0,0,6522182,2019-01-28 18:54:42,,0.0,0.0,0,"btc,eth",0.0,0.0,0.0,57
0.0000000000889232,[],4,[],2019-01-28 18:54:43,1722053555.165424,6.2246240000000006e-18,2.1305518534720005e-22,6522183,2019-01-28 18:54:43,ltc,3.3366770131747994,0.0,0.00000007,ltc,1164879315.7963543,0.0,8.647139061307018e-09,58
1,[],12,[],2019-01-28 18:54:45,2656250841.9329967,0.0000000007,0.00000000000002395946,6522184,2019-01-28 18:54:45,btc,684074821992.7493,0.0,0.0000000007,btc,3157300095.991109,0.02049677554875126,1.132559780719563,58
0,[],17,[],2019-01-28 18:54:46,0.0,0,0,6522185,2019-01-28 18:54:46,btc,1e+24,0.0,0,btc,41616695.95832568,0.0,0.0,58
0.0000000001262304,[],22,[],2019-01-28 18:54:50,137438.0,1.262304e-18,4.3205888851200003e-23,6522186,2019-01-28 18:54:50,XMR,69.8835922,0.0,0.00000001,XMR,9887963.0,0.0,0.00137438,58
1,[],5,[],2019-01-28 18:54:52,3.52e-06,0.00000048,0.000000000016429344,6522187,2019-01-28 18:54:52,btc,0.41936422,0.00185093,0.00000048,btc,9.708e-05,0.0,0.02311455,61
1,[],22,[],2019-01-28 18:54:56,5111.5,0.00000011,0.0000000000037650580000000006,6522188,2019-01-28 18:54:56,BTC,1002.29606732,0.0,0.00000011,BTC,15028.700278135757,0.0,0.00051178,61
1,[],26,[],2019-01-28 18:54:56,0.0,0.00000800,0.00000000027382240000000003,6522189,2019-01-28 18:54:56,btc,0.0,0.0,0.00000800,btc,0.0,0.0,0.0,61
0,[],27,[],2019-01-28 18:54:58,0.0,0,0,6522190,2019-01-28 18:54:58,,0.0,0.0,0,"btc,eth",0.0,0.0,0.0,61
1,[],28,[],2019-01-28 18:55:00,1880.304,0.00000022,0.000000000007530116000000001,6522191,2019-01-28 18:55:00,btc,2.064440110600106,584.0,0.00000022,btc,11198.17500005,0.0,0.00016391304,61
1,[],4,[],2019-01-28 18:55:01,1334626.15245993,0.00000184,0.000000000062979152,6522192,2019-01-28 18:55:01,btc,0.7030992616918404,0.0,0.00000184,btc,216907.9375757,0.1822212,1.010423027643251,67
0.0,[],25,[],2019-01-28 18:55:03,0.0,0,0,6522193,2019-01-28 18:55:03,,0.0,0.0,0.0,btc,0.0,0.0,0.0,67
1,[],12,[],2019-01-28 18:55:03,2903750.77777778,0.0000001,0.00000000000342278,6522194,2019-01-28 18:55:03,btc,16893709.13219405,0.0,0.0000001,btc,2026962.02777218,0.0085496541964753,0.07904526888888899,71
,[],5,[],2018-11-20 23:02:39,1.5e-07,0.00000005,0.000000000002128045,4862160,2018-11-20 23:02:39,btc,2.84511358,0.0,,btc,0.00036572,0.0,0.07381892,74
1,[],5,[],2019-01-25 15:53:51,3.303e-05,0.00000156,0.000000000055588884,6499610,2019-01-25 15:53:51,btc,1.42844212,0.0,0.00000156,btc,0.00015937,0.0,0.49487621,75
1,[],4,[],2019-01-28 18:55:05,71740762.79977812,0.00000001,0.00000000000034227800000000004,6522195,2019-01-28 18:55:05,btc,0.8152423463076897,0.0,0.00000001,btc,15022852.83659743,0.02873102,0.7174076279977812,81
0,[],20,[],2019-01-25 09:30:31,0.0,0,0,6495923,2019-01-25 09:30:31,btc,0.0,0.0,0,btc,0.0,0.0,0.0,81
1,[],4,[],2019-01-28 18:55:07,23621.98588771,0.00007258,0.000000002484253724,6522196,2019-01-28 18:55:07,btc,1.217230977309096,0.0,0.00007258,btc,10840.60380983,0.02175516,0.0782512475157039,82
1,[],21,[],2019-01-28 18:55:09,96781.38889545,0.00008069999999999999645405174276,0.00000000276218346,6522197,2019-01-28 18:55:09,btc,4.428892676823869,7081.60800419,0.000080699999999999996454051742755808618312585167586803436279296875,btc,47186.70928361,0.56982513,5.436559396601291,82
0,[],17,[],2019-01-28 18:55:12,0.0,0,0,6522198,2019-01-28 18:55:12,btc,0.0447233088476774,0.0,0,btc,999127.19588126,0.0,0.0,84
0.0000000000889232,[],4,[],2019-01-28 18:55:13,134265920.82174417,1.3338480000000001e-17,4.565468257440001e-22,6522199,2019-01-28 18:55:13,ltc,0.197541825028969,0.0,0.00000015,ltc,73069252.37236942,0.0,1.1558239080953857e-09,85
,[],22,[],2018-11-20 23:09:34,3408.1,0.0000001,0.0000000000041895,4862324,2018-11-20 23:09:34,BTC,0.04624735,0.0,,BTC,4990.0,0.0,0.00033081,86
0,[],22,[],2019-01-28 18:55:17,0.0,0,0,6522200,2019-01-28 18:55:17,,2.07810912,0.0,0,,154826.94736842104,0.0,0.0,87
0,[],27,[],2019-01-28 18:55:18,0.0,0,0,6522201,2019-01-28 18:55:18,,0.0,0.0,0,btc,0.0,0.0,0.0,87
,[],2,[],2018-11-20 23:10:47,0.0,0,0,4862359,2018-11-20 23:10:47,,0.0,0.0,,,0.0,0.0,0.0,88
1,[],11,[],2019-01-28 18:55:21,104293.80387484,0.0001930699999999999929255201092104243798530660569667816162109375,0.000000006608361346,6522202,2019-01-28 18:55:21,btc,235.55921408359637,2875.93458492,0.0001930699999999999929255201092104243798530660569667816162109375,btc,185242.47012955,0.0,8.216506578261821,89
0,[],2,[],2019-01-20 23:31:45,0.0,0,0,6477083,2019-01-20 23:31:45,,0.0,0.0,0,,0.0,0.0,0.0,91
1,[],12,[],2019-01-28 18:47:42,515240.8384901,0.0000072099999999999995784426796985311369780902168713510036468505859375,0.000000000246575511,6522010,2019-01-28 18:47:42,btc,2.7610601848786116,0.0,0.0000072099999999999995784426796985311369780902168713510036468505859375,btc,9633.72285586,0.1506040008355817,0.1150675008638242,91
0,[],17,[],2019-01-28 18:47:44,0.0,0,0,6522011,2019-01-28 18:47:44,btc,0.0,0.0,0,btc,0.0,0.0,0.0,91
0.0000000000889232,[],22,[],2019-01-28 18:55:25,32057501.0,5.335392e-18,1.8261873029760002e-22,6522203,2019-01-28 18:55:25,LTC,8.48502769,0.0,0.00000006,LTC,73800930.38571429,9.200120542944e-12,1.21543645,95
0.0000000000889232,[],4,[],2019-01-28 18:55:26,132702175.86565545,9.6926288e-17,3.3175736004064004e-21,6522204,2019-01-28 18:55:26,ltc,1.3457415500771672,0.0,0.00000109,ltc,67370661.48165898,0.01107724,6.551850075395503e-10,96
1,[],12,[],2019-01-28 18:55:27,1203985.0,0.00000001,0.00000000000034227800000000004,6522205,2019-01-28 18:55:27,btc,255060.86358312686,0.0,0.00000001,btc,7847886.89441532,7.2540059944e-06,0.01203985,96
0,[],17,[],2019-01-28 18:55:28,0.0,0,0,6522206,2019-01-28 18:55:28,btc,0.0,0.0,0,btc,0.0,0.0,0.0,96
1,[],4,[],2019-01-28 01:29:03,1472892.19429314,0.00000039,0.000000000013841295,6517118,2019-01-28 01:29:03,btc,0.30363706505258,0.0,0.00000039,btc,473598.41813208,0.02260545,0.1322524391209234,99
1,[],4,[],2019-01-28 18:55:29,114371.23540237,0.00004155,0.0000000014221650900000001,6522207,2019-01-28 18:55:29,btc,2.0197305580021405,0.0,0.00004155,btc,38485.64148838,3.44203618,2.2979735799595677,100
0,[],2,[],2019-01-20 23:23:55,0.0,0,0,6476914,2019-01-20 23:23:55,,0.0,0.0,0,,0.0,0.0,0.0,100
1,[],22,[],2019-01-28 18:55:33,50000.0,0.00000001,0.00000000000034227800000000004,6522208,2019-01-28 18:55:33,BTC,23.49896609,0.0,0.00000001,BTC,10277.22,0.0,0.0005,101
1,[],4,[],2019-01-28 18:55:34,126573.52732216,0.00000089,0.000000000030462742000000003,6522209,2019-01-28 18:55:34,btc,0.3997493341781865,0.0,0.00000089,btc,147824.11724618,0.01966522,0.0634229762951503,103
1,[],12,[],2019-01-28 18:55:37,74724757.77474426,0.000000019,0.0000000000006503282000000001,6522210,2019-01-28 18:55:37,btc,9137279019.50906,0.0,0.000000019,btc,147311717.25487682,0.33969465632394213,0.5107321539453967,105
1,[],27,[],2019-01-28 18:55:38,463255.46811249,0.00000001,0.00000000000034227800000000004,6522211,2019-01-28 18:55:38,btc,0.2678591955148419,3.11,0.00000001,btc,635751.62835029,6e-08,0.0046325546811249,105
0,[],22,[],2019-01-28 18:55:41,0.0,0,0,6522212,2019-01-28 18:55:41,,1.07253299,0.0,0,,94300.0,0.0,0.0,107
1,[],26,[],2019-01-28 18:55:41,0.0,0.00000000,0,6522213,2019-01-28 18:55:41,btc,0.0,0.0,0.00000000,btc,0.0,0.0,0.0,107
1,[],5,[],2019-01-28 18:55:43,1e-08,0.00000001,0.00000000000034227800000000004,6522214,2019-01-28 18:55:43,btc,3.27719317,0.00541588,0.00000001,btc,1.512e-05,0.0,0.05048096,112
1,[],22,[],2019-01-28 18:55:47,24952.0,0.00000001,0.00000000000034227800000000004,6522215,2019-01-28 18:55:47,BTC,2.84243449,0.0,0.00000001,BTC,977103.5833333334,0.0,0.00024952,112
0,[],27,[],2019-01-28 18:55:49,0.0,0,0,6522216,2019-01-28 18:55:49,,1.25356065,0.0,0,"btc,eth",1328.0,0.0,0.0,112
1,[],4,[],2019-01-28 18:55:50,446360.93803697,0.00000441,0.000000000150944598,6522217,2019-01-28 18:55:50,btc,0.6639319786821513,0.0,0.00000441,btc,104668.11868802,0.11721589,0.413997044952476,113
1,[],5,[],2019-01-28 18:55:51,2.948e-05,0.00000382,0.000000000130750196,6522218,2019-01-28 18:55:51,btc,2.1739236,0.0042738,0.00000382,btc,0.00330458,0.0,0.21247238,113
1,[],17,[],2019-01-28 18:55:53,233369.0,0.00000004,0.0000000000013691120000000002,6522219,2019-01-28 18:55:53,btc,1.33762905755483,0.0,0.00000004,btc,72546.975,0.0,0.00543476,116
0,[],27,[],2019-01-28 18:55:55,0.0,0,0,6522220,2019-01-28 18:55:55,,0.0,0.0,0,btc,0.0,0.0,0.0,116
1,[],4,[],2019-01-28 18:55:56,53900.08578769,0.00002004,0.000000000685925112,6522221,2019-01-28 18:55:56,btc,0.8670322976265176,0.0,0.00002004,btc,30562.42138413,3.04459857,0.6609420105228948,120
1,[],7,[],2019-01-28 18:55:58,2548.0521418900003,0.00002106000000000000165162154786013815055412123911082744598388671875,0.0000000007208374680000001,6522222,2019-01-28 18:55:58,btc,95.01474850680393,0.0,0.00002106000000000000165162154786013815055412123911082744598388671875,btc,25572.24461949,0.0,0.0247025442760905,120
1,[],20,[],2019-01-28 18:55:59,1165301.6608,0.000000013,0.00000000000044496140000000006,6522223,2019-01-28 18:55:59,btc,33.7489442370083,37137.248,0.000000013,btc,1074422.3317,0.000482784224,0.0061929111866,125
1,[],22,[],2019-01-28 18:56:04,68433.0,0.00000001,0.00000000000034227800000000004,6522224,2019-01-28 18:56:04,BTC,0.01415863,0.0,0.00000001,BTC,293039.4,0.0,0.00068433,126
0,[],2,[],2019-01-20 23:25:46,0.0,0,0,6476969,2019-01-20 23:25:46,,0.0,0.0,0,,0.0,0.0,0.0,131
1,[],4,[],2019-01-28 18:48:45,142792.67678761,0.00001406,0.000000000480839346,6522034,2019-01-28 18:48:45,btc,0.5927708120198022,0.0,0.00001406,btc,31231.34891551,0.16781611,1.2138001130465472,131
0,[],17,[],2019-01-28 18:48:47,0.0,0,0,6522035,2019-01-28 18:48:47,btc,0.0008451375975800001,0.0,0,btc,30.89614684,0.0,0.0,131
1,[],4,[],2019-01-28 18:56:04,6068.46661166,0.00020916,0.000000007159086648000001,6522225,2019-01-28 18:56:04,btc,0.4425201967536107,0.0,0.00020916,btc,284.34476376,0.0,0.0118986241145825,135
1,[],3,[],2019-01-28 18:56:05,1824495.51685175,0.00000006,0.000000000002053668,6522226,2019-01-28 18:56:05,btc,0.14476148278201909,65015.7961948,0.00000006,btc,307236.38016088,0.0,0.0642375473370348,136
1,[],4,[],2019-01-28 18:56:06,87521.24077327,0.00000177,0.000000000060583206,6522227,2019-01-28 18:56:06,btc,0.4614968998890276,0.0,0.00000177,btc,181094.96001793,0.28372577,0.1184086187608241,137
1,[],12,[],2019-01-28 18:56:07,310047.27869699,0.0000018500000000000000751026844880708921436962555162608623504638671875,0.00000000006332143,6522228,2019-01-28 18:56:07,btc,11798.819689056752,0.0,0.0000018500000000000000751026844880708921436962555162608623504638671875,btc,131585.26663232,0.2081951224201354,0.0436565499999845,137
1,[],5,[],2019-01-28 18:56:08,0.00116321,0.00003435,0.0000000011757249300000002,6522229,2019-01-28 18:56:08,btc,2.78927257,1.66516221,0.00003435,btc,0.00217187,0.0,0.80780649,142
1,[],17,[],2019-01-28 18:56:10,12500.0,0.0000001,0.00000000000342278,6522230,2019-01-28 18:56:10,btc,0.6809500037932626,0.0,0.0000001,btc,5932.0,0.0,0.00125,142
1,[],20,[],2019-01-28 18:56:12,152495.3065,0.00004,0.000000001369112,6522231,2019-01-28 18:56:12,btc,2.788963222855,46062.8933,0.00004,btc,11579.344,1.8643507492615,0.2966560722836,142
1,[],22,[],2019-01-28 18:56:15,990.0,0.00001880,0.00000000064348264,6522232,2019-01-28 18:56:15,BTC,0.00073414,0.0,0.00001880,BTC,10.000500375281462,0.0,0.00022106,142
0.0,[],25,[],2019-01-28 18:56:17,0.0,0,0,6522233,2019-01-28 18:56:17,,0.0,0.0,0.0,btc,0.0,0.0,0.0,142
1,[],28,[],2019-01-28 18:56:19,78720.001,0.00004800,0.0000000016429344000000002,6522234,2019-01-28 18:56:19,btc,0.14153847202,49927.4276,0.00004800,btc,2791.426,0.0,0.031704748,142
0,[],22,[],2019-01-28 18:33:43,0.0,0,0,6521842,2019-01-28 18:33:43,,61.27958297,0.0,0,,815366265.8,0.0,0.0,143
1,[],21,[],2019-01-28 18:56:20,39217200.79461383,0.00000029,0.000000000009926062,6522235,2019-01-28 18:56:20,btc,36.433139611179705,10650179.71222076,0.00000029,btc,70235189.32118852,3.12576786,6.24177519269952,145
0,[],22,[],2019-01-28 15:47:49,0.0,0,0,6520545,2019-01-28 15:47:49,,4.31668284,0.0,0,,1427838.5,0.0,0.0,146
,[],22,[],2018-11-20 23:01:11,0.0,0,0,4862114,2018-11-20 23:01:11,,2.56807021,0.0,,,61828.4988236,0.0,0.0,147
1,[],12,[],2019-01-28 18:56:21,8694960.22153319,0.0000029399999999999998034319777240330751055807922966778278350830078125,0.000000000100629732,6522236,2019-01-28 18:56:21,btc,17.076908150510604,0.0,0.0000029399999999999998034319777240330751055807922966778278350830078125,btc,111903.65407238,0.0007996976543,0.13074642700000721,148
1,[],4,[],2019-01-28 18:56:23,284562.01389065,0.00000031,0.000000000010610618,6522237,2019-01-28 18:56:23,btc,0.6856929088712505,0.0,0.00000031,btc,503839.26650758,0.0065332,0.0611224541594386,152
0,[],22,[],2019-01-28 18:56:25,0.0,0,0,6522238,2019-01-28 18:56:25,,0.0,0.0,0,,0.0,0.0,0.0,152
1,[],5,[],2019-01-28 18:56:27,0.0,0,0,6522239,2019-01-28 18:56:27,btc,4.37024355,0.0,0,btc,0.00161275,0.0,0.0,153
,[],16,[],2019-01-11 15:38:59,0.0,0,0,6366141,2019-01-11 15:38:59,btc,0.0,0.0,,btc,0.0,0.0,0.0,155
0,[],23,[],2019-01-20 23:24:29,0.0,0,0,6476932,2019-01-20 23:24:29,,0.0,0.0,0,,0.0,0.0,0.0,156
0,[],22,[],2019-01-28 18:49:27,0.0,0,0,6522051,2019-01-28 18:49:27,,6.73308927,0.0,0,,4561867.742592593,0.0,0.0,156
1,[],22,[],2019-01-28 18:56:31,7906.0,0.00000801,0.00000000027416467800000004,6522240,2019-01-28 18:56:31,BTC,43.78612537,0.0,0.00000801,BTC,1033.584498154164,0.0,0.00743836,157
0,[],22,[],2019-01-28 18:56:34,0.0,0,0,6522241,2019-01-28 18:56:34,,50175.6753658,0.0,0,,54007107.04179466,0.0,0.0,158
,[],17,[],2018-11-20 22:56:10,0.0,0,0,4861976,2018-11-20 22:56:10,btc,1.1265625,0.0,,btc,1000.0,0.0,0.0,159
,[],20,[],2018-11-20 22:56:12,0.0,0,0,4861977,2018-11-20 22:56:12,btc,11912.7940471,0.0,,btc,34413894.3617,0.0,0.0,159
1,[],12,[],2019-01-28 18:56:36,195537.763093,0.000009919999999999999889914448214511821788619272410869598388671875,0.000000000339539776,6522242,2019-01-28 18:56:36,btc,6.653743936833695,0.0,0.000009919999999999999889914448214511821788619272410869598388671875,btc,14146.54908934,0.0064583041,0.09792033990000759,168
1,[],17,[],2019-01-28 18:56:37,29784.95,0.000001,0.000000000034227800000000004,6522243,2019-01-28 18:56:37,btc,0.0353989844335,0.0,0.000001,btc,196.82520268,0.0,0.00716147,168
1,[],22,[],2019-01-28 18:56:41,1433447.0,0.00000001,0.00000000000034227800000000004,6522244,2019-01-28 18:56:41,BTC,1.13380276,0.0,0.00000001,BTC,689102.5537281231,0.0,0.01433447,169
1,[],22,[],2019-01-28 18:56:46,78616.14285714286,0.00000035,0.000000000011979730000000001,6522245,2019-01-28 18:56:46,BTC,2.46387033,0.0,0.00000035,BTC,54816.04824465009,0.00039455,0.01593565,171
1,[],22,[],2019-01-28 18:56:50,183672.8245614035,0.00000025,0.000000000008556950000000001,6522246,2019-01-28 18:56:50,BTC,2.8479261,0.0,0.00000025,BTC,246792.07413722598,0.0,0.01009653,173
1,[],5,[],2019-01-28 18:56:51,6.734e-05,0.00000436,0.000000000149233208,6522247,2019-01-28 18:56:51,btc,0.37871482,0.00346273,0.00000436,btc,0.00034586,0.0,0.84397307,175
1,[],22,[],2019-01-28 18:56:54,25001.0,0.00000068,0.000000000023274904,6522248,2019-01-28 18:56:54,BTC,0.63015839,0.0,0.00000068,BTC,151326.57822767255,0.02625656,0.01276028,176
1,[],7,[],2019-01-28 18:56:55,0.0,0,0,6522249,2019-01-28 18:56:55,btc,10967.440905419026,0.0,0,btc,122571837.9936495,0.0,0.0,178
0,[],22,[],2019-01-28 18:57:08,0.0,0,0,6522250,2019-01-28 18:57:08,,1.00242428,0.0,0,,57512.0,0.0,0.0,178
0,[],2,[],2019-01-20 23:28:34,0.0,0,0,6477001,2019-01-20 23:28:34,,0.0,0.0,0,,0.0,0.0,0.0,178
1,[],5,[],2019-01-28 18:57:09,6e-08,0.00000003,0.000000000001026834,6522251,2019-01-28 18:57:09,btc,15.28404314,0.32386737,0.00000003,btc,2.285e-05,0.0,1.41073039,179
1,[],22,[],2019-01-28 18:57:14,9110525.038095238,0.00000002,0.0000000000006845560000000001,6522252,2019-01-28 18:57:14,BTC,5.4658149,0.0,0.00000002,"BTC,LTC",16490605.651989967,0.00074842,0.39691458,179
0,[],23,[],2019-01-20 23:25:08,0.0,0,0,6476952,2019-01-20 23:25:08,,0.0,0.0,0,,0.0,0.0,0.0,179
1,[],17,[],2019-01-28 18:57:16,10504.725,0.0000001,0.00000000000342278,6522253,2019-01-28 18:57:16,btc,5.206877489876797,0.0,0.0000001,btc,7465.6174587,0.0,0.0010504725,180
0.0000000000889232,[],22,[],2019-01-28 18:57:19,215.4,8.892320000000001e-18,3.0436455049600003e-22,6522254,2019-01-28 18:57:19,LTC,0.09618393,0.0,0.0000001,LTC,16667.3729527898,2.55209584e-16,2.154e-05,180
1,[],26,[],2019-01-28 18:57:19,0.0,0.00000020,0.00000000000684556,6522255,2019-01-28 18:57:19,btc,0.0,3154.0,0.00000020,btc,0.0,0.0,0.0,180
,[],7,[],2018-11-20 22:58:01,562227.975654,0.00000085,0.000000000036176765,4862015,2018-11-20 22:58:01,btc,21836.6059674,2491.87645172,,btc,749999.041456,0.00211021,0.127565380455,183
,[],5,[],2019-01-10 08:11:41,0.0,0,0,6347036,2019-01-10 08:11:41,btc,82.15055501,0.00261,,btc,1.19002445,0.0,0.0,187
1,[],24,[],2019-01-28 18:57:20,0.0,0.000000000001,3.4227800000000005e-17,6522256,2019-01-28 18:57:20,btc,0.0,0.0,0.000000000001,btc,0.0,0.0,0.0,187
,[],17,[],2018-11-16 20:58:10,4062536.27273,0.00000001,0.000000000000550501,4708775,2018-11-16 20:58:10,btc,3.36492563466,0.195460381006,,"btc,eth",110697919.549,0.0,0.0157628953496,187
0,[],22,[],2019-01-28 18:57:23,0.0,0,0,6522257,2019-01-28 18:57:23,,1.19382741,0.0,0,,13380.036201072173,0.0,0.0,191
0,[],22,[],2019-01-28 18:57:29,0.0,0,0,6522258,2019-01-28 18:57:29,,0.0,0.0,0,,0.0,0.0,0.0,197
0,[],23,[],2019-01-20 23:31:41,0.0,0,0,6477079,2019-01-20 23:31:41,,0.0,0.0,0,,0.0,0.0,0.0,199
1,[],26,[],2019-01-28 18:50:45,0.0,0.00000000,0,6522071,2019-01-28 18:50:45,btc,0.0,762075.0,0.00000000,btc,0.0,0.0,0.0,199
0,[],17,[],2019-01-28 18:57:31,0.0,0,0,6522259,2019-01-28 18:57:31,btc,6.802544163735765,0.0,0,btc,105897.55575295,0.0,0.0,200
0,[],2,[],2019-01-20 23:30:49,0.0,0,0,6477059,2019-01-20 23:30:49,,0.0,0.0,0,,0.0,0.0,0.0,201
1,[],4,[],2019-01-25 15:51:35,2084389.58565343,0.00000936,0.000000000333526752,6499557,2019-01-25 15:51:35,btc,2.0092503037378524,0.0,0.00000936,btc,160195.80207885,0.19272417,1.242687955921835,211
1,[],7,[],2019-01-28 18:57:34,13418840.887972798,0.000001219999999999999965968520108938744073157067759893834590911865234375,0.000000000041757916000000005,6522260,2019-01-28 18:57:34,btc,16567813.948620873,893657.935535,0.000001219999999999999965968520108938744073157067759893834590911865234375,btc,11718323.55151078,0.0,4.804727924409838,212
1,[],12,[],2019-01-25 02:44:32,207462.42853209,0.000001080000000000000035831255497387193287295303889550268650054931640625,0.000000000038610756000000006,6493050,2019-01-25 02:44:32,btc,85023.03793723314,0.0,0.000001080000000000000035831255497387193287295303889550268650054931640625,btc,43675.73520027,0.000146250909087,0.0348620860622024,213
1,[],5,[],2019-01-28 18:57:35,4.84e-06,0.00000034,0.000000000011637452,6522261,2019-01-28 18:57:35,btc,1.000169,0.03201083,0.00000034,btc,3.16e-05,0.0,0.35125112,213
1,[],24,[],2019-01-28 18:57:35,0.0,0.000000050000,0.00000000000171139,6522262,2019-01-28 18:57:35,btc,0.0,0.0,0.000000050000,btc,0.0,0.0,0.0,213
1,[],26,[],2019-01-28 18:57:35,0.0,0.00000003,0.000000000001026834,6522263,2019-01-28 18:57:35,btc,0.0,0.0,0.00000003,btc,0.0,0.0,0.0,213
1,[],22,[],2019-01-28 18:57:39,276400.0,0.00000002,0.0000000000006845560000000001,6522264,2019-01-28 18:57:39,BTC,70.22556302,0.0,0.00000002,BTC,266525.63907173084,0.0001,0.004714,216
1,[],27,[],2019-01-28 18:57:42,5077925.04,0.00000015,0.00000000000513417,6522265,2019-01-28 18:57:42,btc,619.87865254716,4019.96,0.00000015,"btc,ltc",268396.13411,0.00221098,0.052504506,216
1,[],22,[],2019-01-28 18:57:46,285431.482503991,0.00000234,0.00000000008009305200000001,6522266,2019-01-28 18:57:46,BTC,12677.84871369,0.0,0.00000234,BTC,352820.0779806782,0.00701761,0.3965013,217
1,[],7,[],2019-01-28 18:57:47,0.0,0,0,6522267,2019-01-28 18:57:47,btc,302.63931663911063,0.0,0,btc,140340320.6214003,0.0,0.0,219
0,[],27,[],2019-01-28 18:57:49,0.0,0,0,6522268,2019-01-28 18:57:49,,0.0747309448198,0.0,0,btc,1605140.29226592,0.0,0.0,219
0.0000000000000056,[],28,[],2019-01-28 18:57:51,202434013.575,2.3520000000000003e-18,8.050378560000002e-23,6522269,2019-01-28 18:57:51,doge,79804.0288717675,13319.0,0.00042000,"btc,doge",4119437.84751,0.0,1.4338664446603786e-11,219
1,[],22,[],2019-01-28 18:57:55,203912.0,0.0000007,0.000000000023959460000000002,6522270,2019-01-28 18:57:55,BTC,2.3943643,0.0,0.0000007,BTC,32247.55212317522,0.0106387,0.02126308,221
1,[],24,[],2019-01-28 18:57:55,0.0,0.000000550000,0.000000000018825290000000003,6522271,2019-01-28 18:57:55,btc,0.0,0.0,0.000000550000,btc,0.0,0.0,0.0,221
1,[],26,[],2019-01-28 18:57:56,0.0,0.00000002,0.0000000000006845560000000001,6522272,2019-01-28 18:57:56,btc,0.0,11271.0,0.00000002,btc,0.0,0.0,0.0,231
1,[],26,[],2019-01-28 18:57:56,0.0,0.00000004,0.0000000000013691120000000002,6522273,2019-01-28 18:57:56,btc,0.0,373.0,0.00000004,btc,0.0,0.0,0.0,234
0,[],27,[],2019-01-28 18:57:59,0.0,0,0,6522274,2019-01-28 18:57:59,,0.0113483662182,0.0,0,"btc,eth",11462.99618,0.0,0.0,234
0.0000000000889232,[],22,[],2019-01-28 18:58:03,8895864.0,8.89232e-19,3.043645504960001e-23,6522275,2019-01-28 18:58:03,LTC,3.34473524,0.0,0.00000001,LTC,91427951.31349206,0.0,0.08895864,235
1,[],4,[],2019-01-28 18:58:04,2216101.35130762,0.00000076,0.000000000026013128000000002,6522276,2019-01-28 18:58:04,btc,0.1221849241846881,0.0,0.00000076,btc,107774.47909087,0.0620272,0.1874380032406157,236
1,[],24,[],2019-01-28 18:58:04,0.0,0.000000010000,0.00000000000034227800000000004,6522277,2019-01-28 18:58:04,btc,0.0,0.0,0.000000010000,btc,0.0,0.0,0.0,236
1,[],20,[],2019-01-28 18:58:05,185421905.666,0.000000066,0.0000000000022590348000000003,6522278,2019-01-28 18:58:05,btc,14.2272527125064,20235149.5042,0.000000066,btc,23305086.6645,1.4157389140245,0.5637138080446,237
1,[],22,[],2019-01-28 18:58:08,10000.0,0.00000001,0.00000000000034227800000000004,6522279,2019-01-28 18:58:08,BTC,0.04103605,0.0,0.00000001,BTC,5179.0,0.0,0.0001,237
1,[],4,[],2019-01-28 18:58:09,4041955.53629886,0.00000032,0.000000000010952896000000001,6522280,2019-01-28 18:58:09,btc,0.3820166810162207,0.0,0.00000032,btc,1101880.98382901,0.42761886,1.1221639247784074,238
1,[],5,[],2019-01-28 18:58:11,3.64e-06,0.00000031,0.000000000010610618,6522281,2019-01-28 18:58:11,btc,0.69642548,0.00075347,0.00000031,btc,2.855e-05,0.0,0.29806585,238
1,[],22,[],2019-01-28 18:51:39,261262.85,0.00000005,0.000000000001709955,6522095,2019-01-28 18:51:39,BTC,15.40997189,0.0,0.00000005,BTC,236142.18162280702,0.00120987,0.00866469,249
0.0000000000889027,[],22,[],2019-01-28 18:51:43,2017551.25,3.5561080000000006e-18,1.2161569310280002e-22,6522096,2019-01-28 18:51:43,LTC,0.55145796,0.0,0.00000004,LTC,14667809.970555555,2.4227177046180002e-12,0.02461079,252
1,[],28,[],2019-01-28 18:51:45,2048897.319,0.00000008,0.000000000002735928,6522097,2019-01-28 18:51:45,btc,164692.83916179495,29605.155,0.00000008,btc,1287408.2807,0.0,0.07545856627,256
0,[],27,[],2019-01-28 18:51:48,0.0,0,0,6522098,2019-01-28 18:51:48,,4.96668,0.0,0,"btc,eth",90.59,0.0,0.0,257
1,[],22,[],2019-01-28 18:51:51,60824.0,0.00000001,0.000000000000341991,6522099,2019-01-28 18:51:51,BTC,35605.63426955,0.0,0.00000001,BTC,595094.1102695753,0.00435227,0.00060824,258
1,[],22,[],2019-01-26 20:58:41,368451.0,0.00000001,0.000000000000356135,6510120,2019-01-26 20:58:41,BTC,2.642917,0.0,0.00000001,"BTC,LTC",1862.0,0.0,0.02488451,259
1,[],22,[],2019-01-28 18:52:03,3461.683612903226,0.00000775,0.000000000265043025,6522100,2019-01-28 18:52:03,BTC,4.68653298,0.0,0.00000775,BTC,6059.700866142444,0.00042306,0.02391509,262
1,[],5,[],2019-01-28 18:52:05,4.57e-05,0.00000230,0.00000000007865793,6522101,2019-01-28 18:52:05,btc,67781.6152707,0.44703416,0.00000230,btc,11111.11520373,0.0,0.23577541,264
1,[],20,[],2019-01-28 18:52:06,1779892.9654,0.00000162,0.000000000055402542,6522102,2019-01-28 18:52:06,btc,5.2435344265614,14084.7565,0.00000162,btc,103287.9758,0.049301971839,0.0344828090456,264
1,[],22,[],2019-01-28 18:52:11,154754.0,0.00000003,0.000000000001025973,6522103,2019-01-28 18:52:11,BTC,2095.97968342,0.0,0.00000003,BTC,234979.13765552928,0.00024885,0.00364736,271
0,[],22,[],2019-01-28 18:52:15,0.0,0,0,6522104,2019-01-28 18:52:15,,242.59396368,0.0,0,,12792025291.9,0.0,0.0,272
0.0000000000000056,[],28,[],2019-01-28 18:52:17,264546052804.683,5.376e-21,1.838543616e-25,6522105,2019-01-28 18:52:17,doge,51957796.835398376,17158052119.5293,0.00000096,doge,139567257643.51923,0.0,8.230942294082955e-10,272
