pairValue,buyBook,exchangeId,sellBook,updated,buyTotal,satoshiPrice,usdPrice,exchangeLogId,created,bestPair,sellTotalBtc,volume,pairPrice,activePairs,sellTotal,volumeBtc,buyTotalBtc,coinId
1,[],3,[],2019-07-15 10:30:12,31392.133178505737,0.008000000000000000166533453693773481063544750213623046875,0.0000008291960000000001,7820410,2019-07-15 10:30:12,btc,11.113699169489292,68.4192103799,0.008000000000000000166533453693773481063544750213623046875,btc,13.200667986981001,0.0,0.23704045470495766,1
1,[],4,[],2019-07-15 10:30:13,208213.86028083,0.00780213,0.000000808686873435,7820411,2019-07-15 10:30:13,btc,11.445940323676977,0.0,0.00780213,btc,510.57277064,0.75028556,0.5628449370066212,1
1,[],12,[],2019-07-15 10:30:18,105.19915699,0.007779999999999999589495036644848369178362190723419189453125,0.00000080639311,7820412,2019-07-15 10:30:18,btc,0.6314351477058,0.0,0.007779999999999999589495036644848369178362190723419189453125,btc,27.25267469,1.134268076282,0.1399320400194,1
1,[],20,[],2019-07-15 10:30:19,924.6183,0.007798065,0.0000008082655382175,7820413,2019-07-15 10:30:19,btc,0.2240729610531,0.3693,0.007798065,btc,18.3061,0.0032763743513,0.1154590352783,1
1,[],21,[],2019-07-15 10:30:20,2934.3882404700003,0.007800739999999999584046062040,0.00000080854280063,7820414,2019-07-15 10:30:20,btc,9.400123091075114,4508.6253699300005,0.007800739999999999584046062039988100877963006496429443359375,"btc,eth",1518.90023353,34.19075438588017,19.758287957119055,1
1,[],22,[],2019-07-15 10:30:24,1.1399,0.00800000,0.000000829196,7820415,2019-07-15 10:30:24,BTC,0.01739824,0.0,0.00800000,BTC,0.3195712944891207,6.05e-05,0.00213189,1
1,[],24,[],2019-07-15 10:30:25,0.0,0.000000000000,0,7820416,2019-07-15 10:30:25,btc,0.0,0.0,0.000000000000,btc,0.0,0.0,0.0,1
0.0,[],25,[],2019-07-15 10:30:26,0.0,0,0,7820417,2019-07-15 10:30:26,btc,27.199999999349615,13339.90496645,0.0,btc,3386.79934496,106.95,0.0,1
1,[],26,[],2019-07-15 10:30:32,0.0,0,0,7820418,2019-07-15 10:30:32,,0.0,0.0,0,,0.0,0.0,0.0,1
1,[],28,[],2019-07-15 10:30:34,1041.4,0.008120000000,0.0000008416339400000001,7820419,2019-07-15 10:30:34,btc,0.364618146,60885.15,0.008120000000,btc,23.2792,0.0,0.280306096,1
1,[],10,[],2019-07-13 08:58:05,251434.9725798,0.00271069,0.00000031407274150500003,7812232,2019-07-13 08:58:05,btc,6515.317158446701,1686.04548878,0.00271069,btc,2002.66956917,0.0,1.2639712180673435,1
1,[],5,[],2019-07-06 00:27:44,0.0,0,0,7800775,2019-07-06 00:27:44,btc,0.0,0.00190933,0,btc,0.0,0.0,0.0,1
0,[],2,[],2019-01-20 23:28:45,0.0,0,0,6477011,2019-01-20 23:28:45,,0.0,0.0,0,,0.0,0.0,0.0,1
1,[],22,[],2019-07-15 10:30:38,11550.3,0.0000002,0.000000000020729900000000003,7820420,2019-07-15 10:30:38,BTC,21.00878619,0.0,0.0000002,"BTC,XMR",19931.59287795317,0.0,0.00143681,2
1,[],5,[],2019-07-06 00:28:14,0.0,0,0,7800785,2019-07-06 00:28:14,btc,0.0,0.00208797,0,btc,0.0,0.0,0.0,2
1,[],12,[],2019-07-15 10:30:40,3497730.80657419,0.000000071,0.0000000000073591145,7820421,2019-07-15 10:30:40,btc,6946.576441203902,0.0,0.000000071,btc,6458005.96115207,0.007972705909,0.16997885688821912,3
0,[],28,[],2019-07-15 10:30:41,0.0,0,0,7820422,2019-07-15 10:30:41,,0.0,0.0,0,,0.0,0.0,0.0,3
1,[],5,[],2019-06-03 14:48:58,0.0,0,0,7731126,2019-06-03 14:48:58,btc,0.0,0.05905545,0,btc,0.0,0.0,0.0,3
0,[],2,[],2019-01-20 23:31:32,0.0,0,0,6477077,2019-01-20 23:31:32,,0.0,0.0,0,,0.0,0.0,0.0,4
1,[],4,[],2019-07-15 10:30:42,4524663.6443914,0.00000001,0.000000000001036495,7820423,2019-07-15 10:30:42,btc,51.871887619838404,0.0,0.00000001,btc,1306572.57573822,0.0,0.045246636443914,4
0,[],12,[],2019-07-10 21:32:46,0.0,0,0,7800866,2019-07-10 21:32:46,btc,641.7517620215584,0.0,0,btc,1208658.0779220702,0.0,0.0,5
0,[],2,[],2019-01-20 23:31:51,0.0,0,0,6477087,2019-01-20 23:31:51,,0.0,0.0,0,,0.0,0.0,0.0,6
1,[],11,[],2019-07-15 10:30:44,2069748.67673599,0.00000001,0.000000000001036495,7820424,2019-07-15 10:30:44,btc,9583.559593810252,420000.0,0.00000001,btc,78408032.80704153,0.0,0.0206974867673599,6
1,[],3,[],2019-07-15 10:30:45,12933.243448067165,0.000108480000000000004916657359022025275407941080629825592041015625,0.00000001124389776,7820425,2019-07-15 10:30:45,btc,2027.642508240987,804.920324277,0.000108480000000000004916657359022025275407941080629825592041015625,btc,386.769788161607,0.0,0.04519639339052335,7
1,[],4,[],2019-07-15 10:30:46,327998.72988435,0.00011373,0.000000011788057635000001,7820426,2019-07-15 10:30:46,btc,12.799069647161414,0.0,0.00011373,btc,62516.83925189,1.91798919,3.7478971850767,7
1,[],5,[],2019-07-06 00:28:21,0.0,0,0,7800789,2019-07-06 00:28:21,btc,0.0,0.38662001,0,btc,0.0,0.0,0.0,7
1,[],20,[],2019-04-07 22:06:50,3201475.0482,0.000000001,0.000000000000051590000000000004,7213932,2019-04-07 22:06:50,btc,30.8005781811902,0.0,0.000000001,btc,23077405.3926,0.0,0.0032014750482,8
0,[],2,[],2019-01-20 23:22:42,0.0,0,0,6476876,2019-01-20 23:22:42,,0.0,0.0,0,,0.0,0.0,0.0,9
0,[],23,[],2019-01-20 23:22:48,0.0,0,0,6476878,2019-01-20 23:22:48,,0.0,0.0,0,,0.0,0.0,0.0,9
1,[],4,[],2019-07-15 10:30:48,2418160.76411114,0.00000055,0.000000000057007225000000006,7820427,2019-07-15 10:30:48,btc,3.307459260409441,0.0,0.00000055,btc,2487326.23291849,0.34478052,0.5600486978810673,9
1,[],28,[],2019-07-15 10:30:50,144734.809,0.00000049,0.00000000005078825500000001,7820428,2019-07-15 10:30:50,btc,2708.7852197151,196939.0,0.00000049,btc,37061.367,0.0,0.03740016978,9
1,[],1,[],2019-02-17 23:31:42,1822507.21,0.00000181000000000000003456111265232042484285557293333113193511962890625,0.000000000066086901,6701244,2019-02-17 23:31:42,btc,3.6990969245,17153386.5,0.00000181000000000000003456111265232042484285557293333113193511962890625,btc,1997391.71,31.11772986,3.2610482446,9
1,[],4,[],2019-02-17 11:22:43,4341674.27126056,0.00000002,0.0000000000007272960000000001,6696112,2019-02-17 11:22:43,btc,0.1997230937751353,0.0,0.00000002,btc,4109766.79808031,0.00215132,0.0479381022052112,10
1,[],5,[],2019-07-05 17:50:59,0.0,0,0,7799863,2019-07-05 17:50:59,btc,0.0,0.04857279,0,btc,0.0,0.0,0.0,12
0,[],2,[],2019-01-20 23:23:08,0.0,0,0,6476890,2019-01-20 23:23:08,,0.0,0.0,0,,0.0,0.0,0.0,12
1,[],4,[],2019-07-15 10:30:50,24456732.23942824,0.00000035,0.000000000036277325000000003,7820429,2019-07-15 10:30:50,btc,5.71230868180145,0.0,0.00000035,btc,6953613.98171473,0.58949094,2.0720676577505657,12
0.0,[],25,[],2019-07-15 10:30:52,0.0,0,0,7820430,2019-07-15 10:30:52,,0.0,0.0,0.0,btc,0.0,0.0,0.0,12
1,[],4,[],2019-07-15 10:30:53,605840.18937943,0.00000189,0.000000000195897555,7820431,2019-07-15 10:30:53,btc,1.7656139664203505,0.0,0.00000189,btc,379297.20046906,0.15734403,0.32457571769405,13
1,[],10,[],2019-07-15 10:30:56,658445.52775768,0.00000193,0.00000000020004353500000005,7820432,2019-07-15 10:30:56,btc,666797.9668518621,15331.3399237,0.00000193,btc,1052073.23920227,0.0,0.1013668278309141,13
1,[],21,[],2019-07-15 10:30:57,10286072.60098923,0.000001900000000000000019900530876,0.00000000019693405,7820433,2019-07-15 10:30:57,btc,3.754221909313978,795952.17538672,0.00000190000000000000001990053087597143388620679615996778011322021484375,btc,1534544.72036995,1.56463419,5.257267171891359,13
1,[],4,[],2019-07-15 10:30:58,1092691.00265871,0.00000066,0.00000000006840867000000001,7820434,2019-07-15 10:30:58,btc,7.136636949240532,0.0,0.00000066,btc,1982406.27806829,0.19455822,0.1312070334224552,14
1,[],12,[],2019-07-15 10:30:59,237525.13771318,0.00000066,0.00000000006840867000000001,7820435,2019-07-15 10:30:59,btc,189.70261405728843,0.0,0.00000066,btc,54865.57321381,0.002651056273,0.0157587199999808,14
1,[],26,[],2019-07-15 10:32:59,0.0,0.00000050,0.000000000051824750000000004,7820436,2019-07-15 10:32:59,btc,0.0,0.0,0.00000050,btc,0.0,0.0,0.0,14
0,[],17,[],2019-05-03 00:53:32,0.0,0,0,7558876,2019-05-03 00:53:32,btc,0.0,0.0,0,btc,0.0,0.0,0.0,14
0,[],4,[],2019-07-15 10:33:00,0.0,0,0,7820437,2019-07-15 10:33:00,,0.0,0.0,0,,0.0,0.0,0.0,15
,[],12,[],2018-12-01 15:15:48,204241.84496,0.00000489,0.000000000202473384,5260204,2018-12-01 15:15:48,btc,49.5475654835,0.0,,btc,35763.2193806,0.0163153972027625,0.0203389899998,15
0,[],2,[],2019-01-20 23:23:38,0.0,0,0,6476906,2019-01-20 23:23:38,,0.0,0.0,0,,0.0,0.0,0.0,18
1,[],4,[],2019-07-15 10:33:02,28603.63985871,0.00000801,0.0000000008302324950000001,7820438,2019-07-15 10:33:02,btc,2.38443650602169,0.0,0.00000801,btc,17942.59816742,0.03465605,0.021870035288542,18
1,[],10,[],2019-07-15 10:33:04,371740.80976651,0.00000803,0.000000000832305485,7820439,2019-07-15 10:33:04,btc,15.059663331440133,8332.67635931,0.00000803,btc,18692.6754111,0.0,0.1300320897186758,18
1,[],12,[],2019-07-15 10:33:05,3256.88361272,0.0000070099999999999997992512941469289700080480542965233325958251953125,0.0000000007265829950000001,7820440,2019-07-15 10:33:05,btc,0.5288770044186151,0.0,0.0000070099999999999997992512941469289700080480542965233325958251953125,btc,2016.94500919,7.9826e-06,0.0054020489550313,18
0,[],17,[],2019-05-03 00:53:39,0.0,0,0,7558882,2019-05-03 00:53:39,btc,0.0,0.0,0,btc,0.0,0.0,0.0,18
0,[],2,[],2019-01-20 23:24:19,0.0,0,0,6476924,2019-01-20 23:24:19,,0.0,0.0,0,,0.0,0.0,0.0,19
1,[],3,[],2019-07-15 10:35:06,159747.1173606961,0.000007920000000000000403934698189889473951552645303308963775634765625,0.0000000008209040400000001,7820441,2019-07-15 10:35:06,btc,190.32501951312238,16672.454221,0.000007920000000000000403934698189889473951552645303308963775634765625,btc,18354.991943610636,0.0,0.09189607177524776,19
1,[],4,[],2019-07-15 10:35:07,313716.30811366,0.00000577,0.000000000598057615,7820442,2019-07-15 10:35:07,btc,2.576252916356364,0.0,0.00000577,btc,197791.25428443,0.8877014,0.5531949172534452,19
1,[],12,[],2019-07-15 10:35:08,107009.12013144,0.0000042799999999999996792669765266481363141792826354503631591796875,0.00000000044361986,7820443,2019-07-15 10:35:08,btc,0.3689324105533575,0.0,0.0000042799999999999996792669765266481363141792826354503631591796875,btc,3017.42994847,0.0,0.0089356039997258,19
0,[],27,[],2019-07-15 10:35:12,0.0,0,0,7820444,2019-07-15 10:35:12,,0.0,0.0,0,btc,0.0,0.0,0.0,19
1,[],5,[],2019-07-06 02:01:19,0.0,0,0,7800799,2019-07-06 02:01:19,btc,0.0,0.0,0,btc,0.0,0.0,0.0,19
1,[],4,[],2019-07-15 10:35:13,10109815.20478478,0.00000005,0.000000000005182475000000001,7820445,2019-07-15 10:35:13,btc,5.154892367544921,0.0,0.00000005,btc,2212540.08702876,0.0,0.1126456577405056,20
0,[],4,[],2019-07-15 10:35:14,0.0,0,0,7820446,2019-07-15 10:35:14,,54631.37727076294,0.0,0,,164576489.71072474,0.0,0.0,21
0,[],12,[],2019-07-15 10:35:16,0.0,0,0,7820447,2019-07-15 10:35:16,btc,2615.540971153187,0.0,0,btc,11239416.11688308,2.7972e-07,0.0,21
0,[],17,[],2019-05-03 00:53:51,0.0,0,0,7558891,2019-05-03 00:53:51,btc,0.0,0.0,0,btc,0.0,0.0,0.0,21
1,[],12,[],2019-07-15 10:37:17,5422854231.959567,0.0000000011,0.00000000000011401445,7820448,2019-07-15 10:37:17,btc,1546660809608.3997,0.0,0.0000000011,btc,2764595125.5618696,2.03318943214,2.155720832637484,23
0.00000000021851840000000002,[],27,[],2019-07-15 10:37:19,73150398.33966026,4.3703680000000003e-17,4.5298645801600006e-21,7820449,2019-07-15 10:37:19,eth,1056.5213814896158,611605.05,0.0000002,eth,1516165.8012028,2.6729391391584e-11,1.7212857392637189e-09,23
1,[],4,[],2019-07-15 10:37:21,5872609.36580374,0.00000022,0.000000000022802890000000002,7820450,2019-07-15 10:37:21,btc,11.145522843152275,0.0,0.00000022,btc,1618496.8322087,0.01298233,0.1030475822046498,24
0,[],22,[],2019-07-15 10:37:24,0.0,0,0,7820451,2019-07-15 10:37:24,,0.0,0.0,0,,0.0,0.0,0.0,24
0.0,[],25,[],2019-07-15 10:37:27,0.0,0,0,7820452,2019-07-15 10:37:27,,0.0,0.0,0.0,btc,0.0,0.0,0.0,24
1,[],4,[],2019-07-15 10:37:28,26950180.7002485,0.00000286,0.00000000029643757000000004,7820453,2019-07-15 10:37:28,btc,7.6312795789319985,0.0,0.00000286,btc,198041.89885115,0.07473395,0.3867458458239908,26
1,[],10,[],2019-07-15 10:37:30,232823.35892195,0.00000252,0.00000000026119674000000004,7820454,2019-07-15 10:37:30,btc,26.266497910899798,10324.655535,0.00000252,btc,21820.04094386,0.0,0.0507379873526551,26
0,[],2,[],2019-01-20 23:25:56,0.0,0,0,6476976,2019-01-20 23:25:56,,0.0,0.0,0,,0.0,0.0,0.0,26
1,[],5,[],2019-04-26 09:47:06,0.0,0,0,7465326,2019-04-26 09:47:06,btc,0.0,0.0,0,btc,0.0,0.0,0.0,27
1,[],3,[],2019-06-17 14:30:26,13571825.64059417,0.00000001,0.00000000000092914,7740112,2019-06-17 14:30:26,btc,3.485049956644059,4264730.43754,0.00000001,btc,23500048.28518193,0.0,0.1357182564059417,27
1,[],11,[],2019-07-15 06:07:59,993045.80216525,0.00000001,0.000000000001021634,7819506,2019-07-15 06:07:59,btc,67502.92060589766,178.77941309,0.00000001,btc,6487362.95640949,0.0,0.0099304580216525,27
0.0000000000855944,[],4,[],2019-07-15 10:37:30,591869257.1390526,9.415384e-17,9.758998439080001e-21,7820455,2019-07-15 10:37:30,ltc,11.280094106233356,0.0,0.00000110,ltc,637618611.8339701,0.17821131,1.4072770493487661e-08,29
1,[],7,[],2019-07-15 10:37:31,0.0,0,0,7820456,2019-07-15 10:37:31,btc,1236880.8443482397,551.44855144,0,btc,37516316.13050334,0.0,0.0,29
0,[],17,[],2019-05-03 01:11:25,0.0,0,0,7559066,2019-05-03 01:11:25,btc,0.0,0.0,0,btc,0.0,0.0,0.0,30
1,[],4,[],2019-07-15 10:37:32,15102880.45624046,0.00000006,0.0000000000062189700000000005,7820457,2019-07-15 10:37:32,btc,2.5708026539239883,0.0,0.00000006,btc,2188514.9831277,0.00369706,0.1654363303776773,30
1,[],4,[],2019-07-15 10:39:33,225558.74928851,0.00002542,0.0000000026347702900000002,7820458,2019-07-15 10:39:33,btc,3.030209103848144,0.0,0.00002542,btc,55377.4404783,0.13702809,0.2635811876716516,31
1,[],21,[],2019-07-15 10:39:33,722395.81610125,0.00002599999999999999839993443385,0.0000000026948870000000003,7820459,2019-07-15 10:39:33,btc,5.317277208924201,52349.80055244,0.00002599999999999999839993443384589255629180115647614002227783203125,btc,153623.45516267,1.39326653,2.6232519123565776,31
0,[],2,[],2019-01-20 23:28:43,0.0,0,0,6477009,2019-01-20 23:28:43,,0.0,0.0,0,,0.0,0.0,0.0,32
0,[],4,[],2019-07-15 10:39:34,0.0,0,0,7820460,2019-07-15 10:39:34,,0.0,0.0,0,,0.0,0.0,0.0,33
1,[],12,[],2019-03-30 07:55:10,40641173.964,0.00000003,0.000000000001228359,7108785,2019-03-30 07:55:10,btc,4233210.82356125,0.0,0.00000003,btc,28378394.68333462,0.0126927883965248,0.90752895892,33
0.0000000000855944,[],4,[],2019-07-15 10:39:36,65986472.75709429,2.9102096e-17,3.016417699352e-21,7820461,2019-07-15 10:39:36,ltc,4.153714635098175,0.0,0.00000034,ltc,172338572.97352013,0.0,6.685942667999208e-10,34
1,[],5,[],2019-07-06 02:03:46,0.0,0,0,7800811,2019-07-06 02:03:46,btc,0.0,0.0,0,btc,0.0,0.0,0.0,34
0,[],4,[],2019-07-11 00:07:02,0.0,0,0,7801420,2019-07-11 00:07:02,,3.68295914902898e-08,0.0,0,,6667385825.224262,0.0,0.0,36
0.0000000002385992,[],27,[],2019-07-11 00:09:09,11642390.307056,6.9193768e-17,8.4302504017872e-21,7801421,2019-07-11 00:09:09,eth,1120.18186,0.0,0.00000029,"ltc,eth",2270631.0,0.0,1.3601704595377105e-10,36
0.0000000002926451,[],17,[],2019-05-02 18:17:47,200000.0,2.9264510000000002e-18,1.596703856561e-22,7556430,2019-05-02 18:17:47,eth,0.20942468735267253,0.0,0.00000001,"btc,eth",1018272.20243647,0.0,5.852902e-13,36
1,[],5,[],2019-05-31 13:28:21,0.0,0,0,7717484,2019-05-31 13:28:21,btc,0.0,0.0,0,btc,0.0,0.0,0.0,36
1,[],17,[],2019-05-03 01:11:36,211752.74075282,0.00000025,0.000000000013700074999999998,7559074,2019-05-03 01:11:36,btc,0.055484923955058496,0.0,0.00000025,"btc,eth",1387.19918473,0.0,0.0005381851887916605,37
1,[],4,[],2019-07-15 10:39:37,11049030.74833109,0.00000005,0.000000000005182475000000001,7820462,2019-07-15 10:39:37,btc,19772.143130320343,0.0,0.00000005,btc,752506.25626014,0.0,0.1273084537306471,37
1,[],12,[],2019-07-15 10:39:38,9357843.35357401,0.00000006,0.00000000000621897,7820463,2019-07-15 10:39:38,btc,135.92473088069625,0.0,0.00000006,btc,2905525.65685184,0.020239396674,0.1882118876787005,37
1,[],27,[],2019-07-15 10:41:41,10792.0,0.00000019,0.000000000019693405000000003,7820464,2019-07-15 10:41:41,btc,22.62000024371233,0.0,0.00000019,btc,4248.824835,0.0,0.00164037,37
1,[],12,[],2019-07-15 10:41:43,189924.10289965,0.000001039999999999999995289683661636725986454621306620538234710693359375,0.00000000010779548000000001,7820465,2019-07-15 10:41:43,btc,650.0949887736979,0.0,0.000001039999999999999995289683661636725986454621306620538234710693359375,btc,143569.53018964,0.048621522186,0.0407495678316203,42
1,[],27,[],2019-07-15 10:41:46,11.0,0.00000003,0.0000000000031094850000000003,7820466,2019-07-15 10:41:46,btc,0.07600425,0.0,0.00000003,"btc,eth",18.0,0.0,3.3e-07,42
1,[],5,[],2019-07-06 02:03:47,0.0,0,0,7800812,2019-07-06 02:03:47,btc,0.0,0.14382058,0,btc,0.0,0.0,0.0,42
1,[],12,[],2019-03-13 09:13:29,1112112.0,0.00000001,0.000000000000386531,6919902,2019-03-13 09:13:29,btc,29058.00478931866,0.0,0.00000001,btc,5967681.93306694,9.99000999e-07,0.01112112,43
1,[],5,[],2019-04-26 22:38:52,0.0,0,0,7474154,2019-04-26 22:38:52,btc,0.0,0.02638891,0,btc,0.0,0.0,0.0,43
0,[],17,[],2019-04-26 22:38:53,0.0,0,0,7474155,2019-04-26 22:38:53,btc,0.0,0.0,0,btc,0.0,0.0,0.0,43
1,[],12,[],2019-03-05 01:54:08,639326.02,0.00000004,0.000000000001486676,6845775,2019-03-05 01:54:08,btc,11116042.728239931,0.0,0.00000004,btc,1103841.4595604,0.0003330765234764,0.014975410599999999,44
0.0000000000855944,[],4,[],2019-07-15 10:43:48,117857605.6649515,2.0542656e-17,2.129236023072e-21,7820467,2019-07-15 10:43:48,ltc,4098.499235657125,0.0,0.00000024,ltc,27513649.7673703,0.0001,4.4319358677235103e-10,49
0.0000000000855944,[],4,[],2019-07-15 10:43:49,307557717.0639452,1.711888e-17,1.77436335256e-21,7820468,2019-07-15 10:43:49,ltc,28621.06287459351,0.0,0.0000002,ltc,242190977.8014457,0.0,1.482997994678686e-09,52
0,[],22,[],2019-07-15 10:43:52,0.0,0,0,7820469,2019-07-15 10:43:52,,10289.83185391,0.0,0,,287184669.4566013,0.0,0.0,57
0,[],27,[],2019-07-15 10:43:56,0.0,0,0,7820470,2019-07-15 10:43:56,,0.0,0.0,0,"btc,eth",0.0,0.0,0.0,57
1,[],17,[],2019-05-03 01:12:09,1200000.0,0.0000000001,0.00000000000000548003,7559085,2019-05-03 01:12:09,btc,1e+24,0.0,0.0000000001,"btc,eth",39516342.31952568,0.0,0.00010000000058666061,58
0,[],4,[],2019-07-15 10:43:57,0.0,0,0,7820471,2019-07-15 10:43:57,,19.722312280474153,0.0,0,,5971997142.44014,0.00088001,0.0,58
0,[],12,[],2019-07-15 10:43:58,0.0,0,0,7820472,2019-07-15 10:43:58,btc,671217859.7465045,0.0,0,btc,3975739223.3366604,0.050231398301,0.0,58
0.00000000007817680000000001,[],22,[],2019-07-15 10:46:01,126877.0,7.817680000000001e-19,8.102986231600001e-23,7820473,2019-07-15 10:46:01,XMR,68.17454206,0.0,0.00000001,XMR,9626402.6,0.0,0.00126877,58
0,[],22,[],2019-07-14 23:40:09,0.0,0,0,7818507,2019-07-14 23:40:09,,1000.95215461,0.0,0,,8934.866843792322,0.0,0.0,61
1,[],26,[],2019-07-14 23:40:10,0.0,0.00000013,0.000000000013594256000000001,7818508,2019-07-14 23:40:10,btc,0.0,0.0,0.00000013,btc,0.0,0.0,0.0,61
1,[],27,[],2019-07-14 23:40:13,8400.0,0.00000018,0.000000000018822816000000003,7818509,2019-07-14 23:40:13,btc,1.97314195,0.0,0.00000018,"btc,eth",10936.9,0.0,0.001512,61
1,[],28,[],2019-07-14 23:40:27,40101.0,0.00000004,0.0000000000041828480000000006,7818510,2019-07-14 23:40:27,btc,0.242436445415105,398.0,0.00000004,btc,9316.46650005,0.0,0.00100202,61
1,[],5,[],2019-06-17 14:31:27,0.0,0,0,7740135,2019-06-17 14:31:27,btc,0.0,0.00079154,0,btc,0.0,0.0,0.0,61
1,[],4,[],2019-07-15 10:46:02,4337038.27685049,0.00000039,0.000000000040423305,7820474,2019-07-15 10:46:02,btc,3.5301859885133156,0.0,0.00000039,btc,1392577.62058655,0.02629554,1.4375203549033617,67
0.0,[],25,[],2019-07-15 10:46:05,0.0,0,0,7820475,2019-07-15 10:46:05,,0.0,0.0,0.0,btc,0.0,0.0,0.0,67
1,[],12,[],2019-06-02 06:23:14,910048.355,0.00000006,0.000000000005154929999999999,7725270,2019-06-02 06:23:14,btc,5.167005424215783,0.0,0.00000006,btc,738530.60239759,0.003159757462,0.0187188113,71
,[],5,[],2018-11-20 23:02:39,1.5e-07,0.00000005,0.000000000002128045,4862160,2018-11-20 23:02:39,btc,2.84511358,0.0,,btc,0.00036572,0.0,0.07381892,74
1,[],5,[],2019-07-06 00:15:01,0.0,0,0,7800749,2019-07-06 00:15:01,btc,0.0,0.01883861,0,btc,0.0,0.0,0.0,75
0,[],4,[],2019-07-10 21:51:38,0.0,0,0,7800925,2019-07-10 21:51:38,,581890.2410093442,0.0,0,,38279594.33970312,0.0,0.0,81
0,[],20,[],2019-01-25 09:30:31,0.0,0,0,6495923,2019-01-25 09:30:31,btc,0.0,0.0,0,btc,0.0,0.0,0.0,81
1,[],4,[],2019-07-15 10:46:07,165656.97745586,0.00005916,0.0000000061319044200000006,7820476,2019-07-15 10:46:07,btc,58.28699745218429,0.0,0.00005916,btc,122936.11205955,0.54763538,0.254513271700983,82
1,[],21,[],2019-07-15 10:46:07,301295.88318556,0.00005873000000000000182104331614,0.0000000060873351350000005,7820477,2019-07-15 10:46:07,btc,4.966174116997904,7883.76944118,0.000058730000000000001821043316141413015429861843585968017578125,btc,53875.678594850004,0.48880782,1.7070230030553133,82
0,[],17,[],2019-03-25 22:42:34,0.0,0,0,7038780,2019-03-25 22:42:34,btc,0.0445064681804024,0.0,0,btc,995513.18476001,0.0,0.0,84
0,[],4,[],2019-07-15 10:46:08,0.0,0,0,7820478,2019-07-15 10:46:08,,1.6446423818328446,0.0,0,,601005173.3340665,0.0,0.0,85
,[],22,[],2018-11-20 23:09:34,3408.1,0.0000001,0.0000000000041895,4862324,2018-11-20 23:09:34,BTC,0.04624735,0.0,,BTC,4990.0,0.0,0.00033081,86
0,[],22,[],2019-07-15 10:46:11,0.0,0,0,7820479,2019-07-15 10:46:11,,1.87767438,0.0,0,,591186.447368421,0.0,0.0,87
1,[],27,[],2019-07-15 10:46:15,17841.0,0.00000005,0.000000000005182475000000001,7820480,2019-07-15 10:46:15,btc,6.250621422774,500.0,0.00000005,btc,300278.29336,2.5e-05,0.00049205,87
,[],2,[],2018-11-20 23:10:47,0.0,0,0,4862359,2018-11-20 23:10:47,,0.0,0.0,,,0.0,0.0,0.0,88
1,[],11,[],2019-07-13 06:40:01,299353.97557583,0.0000369999999999999981139219007442164866006351076066493988037109375,0.0000000043049315,7811813,2019-07-13 06:40:01,btc,156.70253706438987,1923.2,0.0000369999999999999981139219007442164866006351076066493988037109375,btc,146186.36192325,0.0,0.8075395878505254,89
0,[],2,[],2019-01-20 23:31:45,0.0,0,0,6477083,2019-01-20 23:31:45,,0.0,0.0,0,,0.0,0.0,0.0,91
0,[],17,[],2019-05-03 01:12:26,0.0,0,0,7559096,2019-05-03 01:12:26,btc,0.0,0.0,0,btc,0.0,0.0,0.0,91
1,[],12,[],2019-07-15 10:46:16,440723.28261903,0.00000047,0.00000000004871526500000001,7820481,2019-07-15 10:46:16,btc,415.0013551654952,0.0,0.00000047,btc,236671.85584967,4.155844e-06,0.0388876280954602,91
1,[],22,[],2019-07-15 10:48:19,75900.0,0.00000001,0.000000000001036495,7820482,2019-07-15 10:48:19,BTC,0.495,0.0,0.00000001,"BTC,LTC",4.95,0.0,0.001659,91
1,[],22,[],2019-07-10 21:56:00,91614.0,0.00000002,0.000000000002352202,7800934,2019-07-10 21:56:00,BTC,11.8980079,0.0,0.00000002,"BTC,LTC",347503.789747713,0.0,0.06622228,95
0,[],17,[],2019-05-03 01:12:32,0.0,0,0,7559100,2019-05-03 01:12:32,btc,0.0,0.0,0,btc,0.0,0.0,0.0,96
0.0000000000855944,[],4,[],2019-07-15 10:48:20,562435937.677794,1.8830768e-17,1.9517996878160003e-21,7820483,2019-07-15 10:48:20,ltc,11.650809873478115,0.0,0.00000022,ltc,174691950.29646632,0.0,6.182190224689976e-10,96
0,[],12,[],2019-07-15 10:48:21,0.0,0,0,7820484,2019-07-15 10:48:21,btc,38.02633287751249,0.0,0,btc,10917432.75124874,0.0,0.0,96
1,[],4,[],2019-04-14 03:32:46,1039404.33283278,0.00000038,0.000000000019245518,7293458,2019-04-14 03:32:46,btc,4.170086055365747,0.0,0.00000038,btc,3097704.34561074,0.06260606,0.1859928211030784,99
0,[],2,[],2019-01-20 23:23:55,0.0,0,0,6476914,2019-01-20 23:23:55,,0.0,0.0,0,,0.0,0.0,0.0,100
1,[],4,[],2019-07-15 10:50:22,205941.70567897,0.00001442,0.00000000149462579,7820485,2019-07-15 10:50:22,btc,8.431657301119465,0.0,0.00001442,btc,171027.10745667,0.40696837,0.69525347315671,100
1,[],22,[],2019-07-15 10:50:25,146000.0,0.00000002,0.00000000000207299,7820486,2019-07-15 10:50:25,BTC,26.50623849,0.0,0.00000002,BTC,10383.92,0.0,0.00162,101
1,[],4,[],2019-07-15 10:50:26,554945.26581208,0.00000111,0.00000000011505094500000002,7820487,2019-07-15 10:50:26,btc,616.816214201926,0.0,0.00000111,btc,768099.23237035,0.00906804,0.0704104597957787,103
1,[],12,[],2019-07-15 10:50:29,62614887.05301303,0.000000004,0.0000000000004145980000000001,7820488,2019-07-15 10:50:29,btc,349456.3939618557,0.0,0.000000004,btc,111844247.68472528,0.003904559456,0.11894981221205213,105
1,[],27,[],2019-07-15 10:50:32,131091.90050008,0.00000003,0.0000000000031094850000000003,7820489,2019-07-15 10:50:32,btc,208.9479291019637,11182.8494999,0.00000003,btc,646360.44359946,0.00033549,0.0020906345150027,105
1,[],22,[],2019-07-10 21:58:18,21333.0,0.00000001,0.000000000001176101,7800942,2019-07-10 21:58:18,BTC,51.38182867,0.0,0.00000001,BTC,470435.0,0.0,0.00021333,107
1,[],26,[],2019-07-10 21:58:18,0.0,0.00000000,0,7800943,2019-07-10 21:58:18,btc,0.0,0.0,0.00000000,btc,0.0,0.0,0.0,107
1,[],5,[],2019-07-06 00:19:31,0.0,0,0,7800761,2019-07-06 00:19:31,btc,0.0,0.0,0,btc,0.0,0.0,0.0,112
0,[],22,[],2019-07-15 10:50:35,0.0,0,0,7820490,2019-07-15 10:50:35,,6.79500102,0.0,0,,3375892.0833333335,0.0,0.0,112
1,[],27,[],2019-07-15 10:50:38,1.0,0.00000001,0.000000000001036495,7820491,2019-07-15 10:50:38,btc,0.0,0.0,0.00000001,"btc,eth",0.0,0.0,1e-08,112
1,[],5,[],2019-07-06 00:19:43,0.0,0,0,7800765,2019-07-06 00:19:43,btc,0.0,0.0,0,btc,0.0,0.0,0.0,113
1,[],4,[],2019-07-15 10:50:39,1068115.13411204,0.00000028,0.00000000002902186,7820492,2019-07-15 10:50:39,btc,6.600638933220895,0.0,0.00000028,btc,1039308.11073921,0.01449799,0.0977121354193564,113
0,[],27,[],2019-07-15 10:20:17,0.0,0,0,7820369,2019-07-15 10:20:17,,0.0,0.0,0,,0.0,0.0,0.0,116
1,[],17,[],2019-04-26 02:17:47,162738.278,0.00000004,0.0000000000021069000000000002,7461287,2019-04-26 02:17:47,btc,1.3331140273775473,0.0,0.00000004,btc,51796.221,0.0,0.00230953112,116
1,[],4,[],2019-07-15 10:52:43,1176176.54918562,0.00000220,0.00000000022802890000000002,7820494,2019-07-15 10:52:43,btc,20.851401185260418,0.0,0.00000220,btc,290022.23000686,0.40603975,0.1424509466482833,120
1,[],7,[],2019-07-15 10:52:45,3776.47366957,0.0000075399999999999998070315289366849498264855355955660343170166015625,0.0000000007815172300000001,7820495,2019-07-15 10:52:45,btc,231270.5184483115,13.1394953,0.0000075399999999999998070315289366849498264855355955660343170166015625,btc,4243.39738107,9.867e-05,0.0092456174196859,120
1,[],20,[],2019-04-07 18:42:29,1914137.0852,0.000000035,0.0000000000017871910000000002,7211992,2019-04-07 18:42:29,btc,32.2497668025648,25528.85,0.000000035,btc,1001975.4986,0.00089350975,0.0152723574729,125
1,[],22,[],2019-06-17 14:32:38,10000.0,0.00000001,0.00000000000092914,7740161,2019-06-17 14:32:38,BTC,0.032061,0.0,0.00000001,BTC,299316.7611111111,0.0,0.0001,126
0,[],2,[],2019-01-20 23:25:46,0.0,0,0,6476969,2019-01-20 23:25:46,,0.0,0.0,0,,0.0,0.0,0.0,131
1,[],17,[],2019-05-03 01:13:10,10000.0,0.00000001,0.000000000000548003,7559115,2019-05-03 01:13:10,btc,0.0953976503951408,0.0,0.00000001,btc,5037.62507334,0.0,0.0001,131
1,[],4,[],2019-07-15 10:52:47,348513.37445014,0.00000266,0.00000000027570767000000004,7820496,2019-07-15 10:52:47,btc,2.5412939419476417,0.0,0.00000266,btc,251206.80437961,0.06794265,0.1904848206214052,131
1,[],4,[],2019-07-15 10:22:19,4148.28289365,0.00007009,0.0000000072644009509999995,7820371,2019-07-15 10:22:19,btc,0.5138379100033112,0.0,0.00007009,btc,259.27955961,0.0,0.005172304606766,135
1,[],3,[],2019-07-13 16:51:20,187.26592867,0.00000001,0.000000000001140965,7813490,2019-07-13 16:51:20,btc,419.77407087449336,1935513.62324,0.00000001,btc,3179086.72005867,0.0,1.8726592866999999e-06,136
1,[],4,[],2019-07-15 10:22:20,728258.14900599,0.00000101,0.000000000104680339,7820372,2019-07-15 10:22:20,btc,18.947549492517453,0.0,0.00000101,btc,595130.59812228,0.01607229,0.0767973819377735,137
1,[],12,[],2019-07-15 10:22:23,31121.4351806,0.00000101000000000000007076262319161141789436442195437848567962646484375,0.000000000104680339,7820373,2019-07-15 10:22:23,btc,25.49532933141325,0.0,0.00000101000000000000007076262319161141789436442195437848567962646484375,btc,76592.01351402,0.00103560067,0.004555719999983,137
1,[],4,[],2019-07-15 10:22:23,312579.12138033,0.00000698,0.000000000723434422,7820374,2019-07-15 10:22:23,btc,2.800556846186907,0.0,0.00000698,btc,131672.62056092,0.09949493,0.2847752271386415,142
1,[],20,[],2019-07-15 10:24:26,189939.99,0.000005961,0.0000000006178212879,7820375,2019-07-15 10:24:26,btc,1.5871337995857,0.01,0.000005961,btc,10104.9991,5.961e-08,0.00166615539,142
1,[],22,[],2019-07-15 10:24:39,10619.88,0.00000200,0.00000000020728779999999999,7820376,2019-07-15 10:24:39,BTC,2.99759384,0.0,0.00000200,BTC,835.7198755539798,0.0,0.00416696,142
0.0,[],25,[],2019-07-15 10:24:41,0.0,0,0,7820377,2019-07-15 10:24:41,,0.0,0.0,0.0,btc,0.0,0.0,0.0,142
1,[],28,[],2019-07-15 10:24:43,76710.0,0.000011100000,0.00000000115044729,7820378,2019-07-15 10:24:43,btc,0.438587390411,1688.0,0.000011100000,btc,1381.1951,0.0,0.0043322,142
1,[],17,[],2019-05-03 01:13:16,32967.38636364,0.00000088,0.000000000048224264,7559122,2019-05-03 01:13:16,btc,20.06976206696776,0.0,0.00000088,btc,2746.079105,0.0,0.0105613000000032,142
1,[],5,[],2019-07-06 02:06:10,0.0,0,0,7800822,2019-07-06 02:06:10,btc,0.0,0.00140707,0,btc,0.0,0.0,0.0,142
0,[],22,[],2019-07-15 10:24:50,0.0,0,0,7820379,2019-07-15 10:24:50,,68.37063373,0.0,0,,760031684.3744589,0.0,0.0,143
0,[],22,[],2019-02-25 15:42:22,0.0,0,0,6783783,2019-02-25 15:42:22,,4.2131946,0.0,0,,2322156.0,0.0,0.0,146
,[],22,[],2018-11-20 23:01:11,0.0,0,0,4862114,2018-11-20 23:01:11,,2.56807021,0.0,,,61828.4988236,0.0,0.0,147
1,[],12,[],2019-04-21 06:38:04,193091.5971266,0.00000071,0.000000000037635183,7388679,2019-04-21 06:38:04,btc,2.301232411611175,0.0,0.00000071,btc,9957.48302385,0.00023528,0.0313308199999888,148
1,[],4,[],2019-03-19 21:31:25,255810.0415942,0.00000029,0.000000000011615747,6982695,2019-03-19 21:31:25,btc,218.94922712414143,0.0,0.00000029,btc,793529.37642722,0.00117,0.0608347789473395,152
0,[],22,[],2019-03-19 21:31:27,0.0,0,0,6982696,2019-03-19 21:31:27,,0.0,0.0,0,,0.0,0.0,0.0,152
1,[],5,[],2019-04-26 09:36:59,0.0,0,0,7465040,2019-04-26 09:36:59,btc,0.0,0.0,0,btc,0.0,0.0,0.0,153
,[],16,[],2019-01-11 15:38:59,0.0,0,0,6366141,2019-01-11 15:38:59,btc,0.0,0.0,,btc,0.0,0.0,0.0,155
0,[],22,[],2019-07-15 10:25:03,0.0,0,0,7820380,2019-07-15 10:25:03,,7.42843365,0.0,0,,5840816.592592592,0.0,0.0,156
0,[],23,[],2019-01-20 23:24:29,0.0,0,0,6476932,2019-01-20 23:24:29,,0.0,0.0,0,,0.0,0.0,0.0,156
1,[],22,[],2019-07-15 10:25:12,6996.0,0.00000001,0.000000000001036439,7820381,2019-07-15 10:25:12,BTC,1.7543039,0.0,0.00000001,BTC,57.0,0.0,6.996e-05,157
0,[],22,[],2019-07-15 10:25:32,0.0,0,0,7820382,2019-07-15 10:25:32,,50234.60468402,0.0,0,,54786159.03179465,0.0,0.0,158
,[],17,[],2018-11-20 22:56:10,0.0,0,0,4861976,2018-11-20 22:56:10,btc,1.1265625,0.0,,btc,1000.0,0.0,0.0,159
,[],20,[],2018-11-20 22:56:12,0.0,0,0,4861977,2018-11-20 22:56:12,btc,11912.7940471,0.0,,btc,34413894.3617,0.0,0.0,159
1,[],12,[],2019-07-10 22:05:17,232905.70345548,0.0000063199999999999996293047720141711209862478426657617092132568359375,0.000000000743295832,7800964,2019-07-10 22:05:17,btc,9.923963040252861,0.0,0.0000063199999999999996293047720141711209862478426657617092132568359375,btc,15215.45465465,0.0062861,0.033379940599723996,168
1,[],17,[],2019-05-03 01:13:36,42852.0,0.00000002,0.000000000001096006,7559132,2019-05-03 01:13:36,btc,0.04279856251542,0.0,0.00000002,btc,274.46171372,0.0,0.00052852,168
1,[],22,[],2019-05-17 03:01:52,10.0,0.00000001,0.000000000000778341,7642059,2019-05-17 03:01:52,BTC,41.95893009,0.0,0.00000001,BTC,1753972.7737547632,0.0,1e-07,169
1,[],22,[],2019-07-15 10:25:59,121381.0,0.00000001,0.000000000001036439,7820383,2019-07-15 10:25:59,BTC,27.84093315,0.0,0.00000001,"BTC,LTC",276583.94947371836,2.02e-06,0.00140381,171
1,[],22,[],2019-07-15 10:26:11,447891.0,0.00000001,0.000000000001036439,7820384,2019-07-15 10:26:11,BTC,21.25995863,0.0,0.00000001,"BTC,LTC",1441168.2469384319,8.889e-05,0.00744093,173
1,[],5,[],2019-07-06 02:08:45,0.0,0,0,7800830,2019-07-06 02:08:45,btc,0.0,0.00700197,0,btc,0.0,0.0,0.0,175
1,[],22,[],2019-07-15 10:26:31,10000.0,0.00000001,0.000000000001036439,7820385,2019-07-15 10:26:31,BTC,393.97654772,0.0,0.00000001,BTC,136275.61833431243,0.0,0.0001,176
1,[],22,[],2019-07-15 10:26:42,30.0,0.00000001,0.000000000001036439,7820386,2019-07-15 10:26:42,BTC,1.00242428,0.0,0.00000001,BTC,57512.0,0.0,3e-07,178
1,[],7,[],2019-07-01 10:15:32,0.0,0,0,7783526,2019-07-01 10:15:32,btc,521516.2326888725,0.0,0,btc,26809253.73522063,0.0,0.0,178
0,[],2,[],2019-01-20 23:28:34,0.0,0,0,6477001,2019-01-20 23:28:34,,0.0,0.0,0,,0.0,0.0,0.0,178
1,[],5,[],2019-07-06 02:08:50,0.0,0,0,7800832,2019-07-06 02:08:50,btc,0.0,6.904e-05,0,btc,0.0,0.0,0.0,179
0,[],22,[],2019-07-15 10:26:46,0.0,0,0,7820387,2019-07-15 10:26:46,,9.35473504,0.0,0,,14838900.311946675,0.0,0.0,179
0,[],23,[],2019-01-20 23:25:08,0.0,0,0,6476952,2019-01-20 23:25:08,,0.0,0.0,0,,0.0,0.0,0.0,179
1,[],22,[],2019-07-15 10:28:50,740695.4706585081,0.00000039,0.000000000040421120999999995,7820388,2019-07-15 10:28:50,BTC,40.59929988,0.0,0.00000039,"BTC,LTC",155049.4107012939,0.00876457,0.58472786,180
1,[],26,[],2019-07-15 10:28:50,0.0,0.00000010,0.00000000001036439,7820389,2019-07-15 10:28:50,btc,0.0,0.0,0.00000010,btc,0.0,0.0,0.0,180
1,[],17,[],2019-05-03 01:13:56,20504.725000000002,0.0000001,0.00000000000548003,7559141,2019-05-03 01:13:56,btc,5.2010695838400265,0.0,0.0000001,btc,5033.45945,0.0,0.0011504725,180
,[],7,[],2018-11-20 22:58:01,562227.975654,0.00000085,0.000000000036176765,4862015,2018-11-20 22:58:01,btc,21836.6059674,2491.87645172,,btc,749999.041456,0.00211021,0.127565380455,183
,[],5,[],2019-01-10 08:11:41,0.0,0,0,6347036,2019-01-10 08:11:41,btc,82.15055501,0.00261,,btc,1.19002445,0.0,0.0,187
,[],17,[],2018-11-16 20:58:10,4062536.27273,0.00000001,0.000000000000550501,4708775,2018-11-16 20:58:10,btc,3.36492563466,0.195460381006,,"btc,eth",110697919.549,0.0,0.0157628953496,187
1,[],24,[],2019-05-22 21:04:52,0.0,0.000000000014,0.0000000000000010960978,7670219,2019-05-22 21:04:52,btc,0.0,0.0,0.000000000014,btc,0.0,0.0,0.0,187
0,[],22,[],2019-07-13 22:02:15,0.0,0,0,7814314,2019-07-13 22:02:15,,7.54794454,0.0,0,,76361.7243344055,0.0,0.0,191
0,[],22,[],2019-06-17 14:33:34,0.0,0,0,7740182,2019-06-17 14:33:34,,0.0,0.0,0,,0.0,0.0,0.0,197
0,[],23,[],2019-01-20 23:31:41,0.0,0,0,6477079,2019-01-20 23:31:41,,0.0,0.0,0,,0.0,0.0,0.0,199
0,[],22,[],2019-07-15 10:28:54,0.0,0,0,7820390,2019-07-15 10:28:54,,10.5844317,0.0,0,,84460965.0,0.0,0.0,199
1,[],26,[],2019-07-15 10:28:54,0.0,0.00000000,0,7820391,2019-07-15 10:28:54,btc,0.0,0.0,0.00000000,btc,0.0,0.0,0.0,199
0,[],2,[],2019-01-20 23:30:49,0.0,0,0,6477059,2019-01-20 23:30:49,,0.0,0.0,0,,0.0,0.0,0.0,201
1,[],4,[],2019-01-25 15:51:35,2084389.58565343,0.00000936,0.000000000333526752,6499557,2019-01-25 15:51:35,btc,2.0092503037378524,0.0,0.00000936,btc,160195.80207885,0.19272417,1.242687955921835,211
1,[],7,[],2019-07-01 02:21:28,1170054124.6898527,0.00000018,0.000000000019815389999999997,7782694,2019-07-01 02:21:28,btc,1346735.6331920293,0.0,0.00000018,btc,5516233.71348162,0.0,11.954344045954047,212
1,[],12,[],2019-01-25 02:44:32,207462.42853209,0.000001080000000000000035831255497387193287295303889550268650054931640625,0.000000000038610756000000006,6493050,2019-01-25 02:44:32,btc,85023.03793723314,0.0,0.000001080000000000000035831255497387193287295303889550268650054931640625,btc,43675.73520027,0.000146250909087,0.0348620860622024,213
1,[],24,[],2019-07-14 17:01:36,0.0,0.000000200000,0.00000000002082346,7817375,2019-07-14 17:01:36,btc,0.0,0.0,0.000000200000,btc,0.0,0.0,0.0,213
1,[],26,[],2019-07-14 17:01:36,0.0,0.00000040,0.00000000004164692,7817376,2019-07-14 17:01:36,btc,0.0,0.0,0.00000040,btc,0.0,0.0,0.0,213
1,[],5,[],2019-05-30 00:07:46,0.0,0,0,7709357,2019-05-30 00:07:46,btc,0.0,0.06425239,0,btc,0.0,0.0,0.0,213
0,[],22,[],2019-07-15 10:28:58,0.0,0,0,7820392,2019-07-15 10:28:58,,9.54552254,0.0,0,,3658585.214064925,0.0,0.0,216
0,[],27,[],2019-07-15 10:29:04,0.0,0,0,7820393,2019-07-15 10:29:04,,174.1455070140976,0.0,0,"btc,ltc",469967.12534794,0.0,0.0,216
1,[],22,[],2019-07-15 10:29:06,1062954.0,0.00000005,0.000000000005182195,7820394,2019-07-15 10:29:06,BTC,12055.84531524,0.0,0.00000005,BTC,624125.9750633198,5.64e-06,0.02543111,217
1,[],7,[],2019-06-27 19:02:35,0.0,0,0,7772298,2019-06-27 19:02:35,btc,2123800.2774640615,0.0,0,btc,82333746.4752352,0.0,0.0,219
0,[],27,[],2019-07-13 16:03:15,0.0,0,0,7813311,2019-07-13 16:03:15,,250.20642758069673,0.0,0,btc,46772.535837,0.0,0.0,219
0,[],28,[],2019-07-13 16:03:25,0.0,0,0,7813312,2019-07-13 16:03:25,,0.0,0.0,0,,0.0,0.0,0.0,219
0,[],22,[],2019-07-15 10:29:09,0.0,0,0,7820395,2019-07-15 10:29:09,,57.73116496,0.0,0,,182427.70709740353,0.0,0.0,221
1,[],24,[],2019-07-15 10:29:09,0.0,0.000000010000,0.000000000001036439,7820396,2019-07-15 10:29:09,btc,0.0,0.0,0.000000010000,btc,0.0,0.0,0.0,221
1,[],20,[],2019-06-17 14:34:11,26882155.8301,0.000000003,0.000000000000278742,7740192,2019-06-17 14:34:11,btc,100050.81956632523,233521.3529,0.000000003,btc,38769742.8604,0.0007925640587,0.0306863532672,224
0,[],22,[],2019-06-17 14:34:13,0.0,0,0,7740193,2019-06-17 14:34:13,,0.0,0.0,0,,0.0,0.0,0.0,224
1,[],26,[],2019-07-15 10:29:10,0.0,0.00000022,0.000000000022801658,7820397,2019-07-15 10:29:10,btc,0.0,0.0,0.00000022,btc,0.0,0.0,0.0,231
1,[],26,[],2019-07-15 10:29:10,0.0,0.00000005,0.000000000005182195,7820398,2019-07-15 10:29:10,btc,0.0,0.0,0.00000005,btc,0.0,0.0,0.0,234
0.0000000002197456,[],27,[],2019-07-15 10:29:14,100.0,2.197456e-18,2.277529099184e-22,7820399,2019-07-15 10:29:14,eth,0.0,0.0,0.00000001,"btc,eth",0.0,0.0,2.197456e-16,234
1,[],4,[],2019-05-22 17:06:12,91780.56053785,0.00000078,0.000000000061977552,7669277,2019-05-22 17:06:12,btc,5.573372450018177,0.0,0.00000078,btc,729173.93529783,0.0,0.0307060663355679,236
1,[],24,[],2019-05-22 17:06:12,0.0,0.000000010000,0.000000000000794584,7669278,2019-05-22 17:06:12,btc,0.0,0.0,0.000000010000,btc,0.0,0.0,0.0,236
1,[],5,[],2019-07-06 02:11:21,0.0,0,0,7800842,2019-07-06 02:11:21,btc,0.0,0.10652887,0,btc,0.0,0.0,0.0,237
1,[],22,[],2019-07-15 10:29:21,2131868.0,0.00000004,0.000000000004145756,7820400,2019-07-15 10:29:21,BTC,1.20109922,0.0,0.00000004,"BTC,LTC",14430.948717948719,0.0,0.0281597,237
1,[],20,[],2019-07-15 09:55:54,145545920.2156,0.000000048,0.0000000000049467648000000006,7820275,2019-07-15 09:55:54,btc,540.3139868147573,12857958.7536,0.000000048,btc,34095808.0253,0.6744141596663,0.7355717723853,237
1,[],5,[],2019-07-06 02:11:32,0.0,0,0,7800846,2019-07-06 02:11:32,btc,0.0,0.05525444,0,btc,0.0,0.0,0.0,238
1,[],4,[],2019-07-15 10:29:21,23706194.18463467,0.00000004,0.000000000004145756,7820401,2019-07-15 10:29:21,btc,2.7313829926746362,0.0,0.00000004,btc,13554635.87259117,0.06039647,0.3530850216253865,238
0.00000000008609419999999999,[],22,[],2019-07-15 10:29:25,419253.0,8.60942e-19,8.923138655379999e-23,7820402,2019-07-15 10:29:25,LTC,0.40428224,0.0,0.00000001,LTC,497363.0639027493,0.0,0.00419253,249
0,[],22,[],2019-07-15 10:29:28,0.0,0,0,7820403,2019-07-15 10:29:28,,13.44711564,0.0,0,,43776457.3426455,0.0,0.0,252
1,[],28,[],2019-07-15 10:29:30,1466626.0,0.00000003,0.000000000003109317,7820404,2019-07-15 10:29:30,btc,205.777381380793,374581.66,0.00000003,btc,5436356.242,0.0,0.02441806,256
0.00000000008609419999999999,[],22,[],2019-07-15 10:29:33,1517.0,8.60942e-19,8.923138655379999e-23,7820405,2019-07-15 10:29:33,LTC,31472.74791374,0.0,0.00000001,LTC,773636.028948892,0.0,1.517e-05,258
1,[],22,[],2019-05-19 18:12:02,400.0,0.00000001,0.0000000000007957800000000001,7653905,2019-05-19 18:12:02,BTC,2.415167,0.0,0.00000001,BTC,157.0,0.0,4e-06,259
1,[],5,[],2019-07-02 14:44:15,0.0,0,0,7788374,2019-07-02 14:44:15,btc,0.0,0.02775788,0,btc,0.0,0.0,0.0,264
1,[],20,[],2019-07-15 10:29:36,976003.0564,0.000000145,0.0000000000150283655,7820406,2019-07-15 10:29:36,btc,0.5205702997573,413.3333,0.000000145,btc,36343.1439,0.0001183249904,0.0060266313155,264
0,[],22,[],2019-04-12 17:57:27,0.0,0,0,7278186,2019-04-12 17:57:27,,66.37522201,0.0,0,,677842.4169881374,0.0,0.0,271
0,[],22,[],2019-07-15 10:29:39,0.0,0,0,7820407,2019-07-15 10:29:39,,33050469.74148113,0.0,0,,14261527780.7,0.0,0.0,272
0.000000000000002916,[],28,[],2019-07-15 10:29:42,365146388886.0,2.916e-22,3.022256124e-26,7820408,2019-07-15 10:29:42,doge,61942691.79666725,11774482097.636,0.0000001,doge,144707897423.75565,0.0,3.397861709959176e-11,272
1,[],22,[],2019-05-23 07:12:29,219930.0,0.00000004,0.000000000003048688,7671985,2019-05-23 07:12:29,BTC,426.77835217,0.0,0.00000004,BTC,248664.3325962929,0.0,0.00739728,281
1,[],22,[],2019-07-15 10:29:46,957875.9,0.00000002,0.000000000002072878,7820409,2019-07-15 10:29:46,BTC,6.83879134,0.0,0.00000002,"BTC,LTC",1148577.7620311212,3.09e-06,0.02479668,286
0,[],22,[],2019-07-12 21:46:03,0.0,0,0,7810176,2019-07-12 21:46:03,,7337942.20855518,0.0,0,,2077158967.6797826,0.0,0.0,294
