pairValue,buyBook,exchangeId,sellBook,updated,buyTotal,satoshiPrice,usdPrice,exchangeLogId,created,bestPair,sellTotalBtc,volume,pairPrice,activePairs,sellTotal,volumeBtc,buyTotalBtc,coinId
1,[],22,[],2019-06-24 10:00:28,0.0199,0.00110000,0.00000012023153999999999,7758592,2019-06-24 10:00:28,BTC,0.01666796,0.0,0.00110000,BTC,0.25318100557485945,0.0,2.189e-05,1
1,[],24,[],2019-06-24 10:00:29,0.0,0.000000000000,0,7758593,2019-06-24 10:00:29,btc,0.0,0.0,0.000000000000,btc,0.0,0.0,0.0,1
0.0,[],25,[],2019-06-24 10:00:30,0.0,0,0,7758594,2019-06-24 10:00:30,btc,62.17459999757871,9873.55281669,0.0,btc,5664.23521741,106.9574,0.0,1
1,[],26,[],2019-06-24 10:00:42,0.0,0,0,7758595,2019-06-24 10:00:42,,0.0,0.0,0,,0.0,0.0,0.0,1
0,[],28,[],2019-06-24 10:00:43,0.0,0,0,7758596,2019-06-24 10:00:43,,0.0,0.0,0,,0.0,0.0,0.0,1
0,[],2,[],2019-01-20 23:28:45,0.0,0,0,6477011,2019-01-20 23:28:45,,0.0,0.0,0,,0.0,0.0,0.0,1
1,[],3,[],2019-06-24 10:00:15,31487.450995617186,0.0107141800000000002313083058425036142580211162567138671875,0.000001171074873851999987419471305,7758585,2019-06-24 10:00:15,btc,9.159424619887744,58.1333881751,0.0107141800000000002313083058425036142580211162567138671875,btc,20.830331490573002,0.0,0.3737998362738838,1
1,[],4,[],2019-06-24 10:00:15,353711.64523341,0.01074000,0.000001173897035999999962045904323,7758586,2019-06-24 10:00:15,btc,8.65810332155561,0.0,0.01074000,btc,378.42848794,3.14443943,2.2757970488572234,1
1,[],5,[],2019-06-24 10:00:17,0.0,0,0,7758587,2019-06-24 10:00:17,btc,0.0,0.0121473,0,btc,0.0,0.0,0.0,1
1,[],10,[],2019-06-24 10:00:19,310512.12335685,0.00378649,0.000000413868658086,7758588,2019-06-24 10:00:19,btc,6521.724655413003,1248.52687512,0.00378649,btc,1294.55079017,0.0,1.5256235666805702,1
1,[],12,[],2019-06-24 10:00:22,93.79764341,0.0106400000000000001521005543736464460380375385284423828125,0.000001162966895999999979024097947,7758589,2019-06-24 10:00:22,btc,0.3606319281349,0.0,0.0106400000000000001521005543736464460380375385284423828125,btc,31.06414206,3.191287028821,0.2153166992202,1
1,[],20,[],2019-06-24 10:00:24,919.0879,0.01030003,0.000001125807699041999963600714703,7758590,2019-06-24 10:00:24,btc,0.1561810269851,0.9091,0.01030003,btc,11.5511,0.0106765024671,0.1359220934259,1
1,[],21,[],2019-06-24 10:00:25,2016.49933042,0.01065323999999999958487872931,0.000001164414046535999916979169509,7758591,2019-06-24 10:00:25,btc,13.179758124935395,1837.72220646,0.01065323999999999958487872930845696828328073024749755859375,"btc,eth",1597.08590159,15.60639618043681,16.176137074697756,1
1,[],5,[],2019-06-17 14:29:02,0.0,0,0,7740076,2019-06-17 14:29:02,btc,0.0,2.72e-05,0,btc,0.0,0.0,0.0,2
1,[],22,[],2019-06-17 14:29:06,11550.3,0.0000002,0.0000000000185828,7740077,2019-06-17 14:29:06,BTC,21.00897301,0.0,0.0000002,"BTC,XMR",20678.87287795317,1.754e-05,0.00143681,2
1,[],5,[],2019-06-03 14:48:58,0.0,0,0,7731126,2019-06-03 14:48:58,btc,0.0,0.05905545,0,btc,0.0,0.0,0.0,3
1,[],12,[],2019-06-03 14:48:59,3468623.70302,0.000000116,0.000000000009823402000000002,7731127,2019-06-03 14:48:59,btc,169531.0336573751,0.0,0.000000116,btc,2361209.62379607,0.041350953071,0.33764769154428,3
0,[],28,[],2019-06-03 14:49:00,0.0,0,0,7731128,2019-06-03 14:49:00,,0.0,0.0,0,,0.0,0.0,0.0,3
0,[],2,[],2019-01-20 23:31:32,0.0,0,0,6477077,2019-01-20 23:31:32,,0.0,0.0,0,,0.0,0.0,0.0,4
1,[],4,[],2019-05-18 21:29:50,562734.9206932,0.00000010,0.000000000007298720000000001,7650946,2019-05-18 21:29:50,btc,41.9347137769675,0.0,0.00000010,btc,1123702.32192634,0.00052462,0.029254593370966,4
0,[],12,[],2019-06-02 05:03:43,0.0,0,0,7724919,2019-06-02 05:03:43,btc,625.901992874995,0.0,0,btc,1211362.4995005,0.0,0.0,5
1,[],11,[],2019-06-24 10:00:45,5614839.276736,0.00000002,0.0000000000021860279999999998,7758597,2019-06-24 10:00:45,btc,9583.588788561648,1938000.0,0.00000002,btc,75249151.28160685,0.0,0.07043955276736,6
0,[],2,[],2019-01-20 23:31:51,0.0,0,0,6477087,2019-01-20 23:31:51,,0.0,0.0,0,,0.0,0.0,0.0,6
1,[],3,[],2019-06-24 10:00:46,11754.631821863077,0.00008500000000000000610622663543836097232997417449951171875,0.000000009290619,7758598,2019-06-24 10:00:46,btc,2027.938406261843,514.854334368,0.00008500000000000000610622663543836097232997417449951171875,btc,419.617573268042,0.0,0.02330550059040057,7
1,[],4,[],2019-06-24 10:00:46,299730.50636636,0.00007400,0.0000000080883036,7758599,2019-06-24 10:00:46,btc,7.232941158976962,0.0,0.00007400,btc,55232.10331265,1.16796559,1.7767359252415462,7
1,[],5,[],2019-06-24 10:00:47,0.0,0,0,7758600,2019-06-24 10:00:47,btc,0.0,0.02612672,0,btc,0.0,0.0,0.0,7
1,[],20,[],2019-04-07 22:06:50,3201475.0482,0.000000001,0.000000000000051590000000000004,7213932,2019-04-07 22:06:50,btc,30.8005781811902,0.0,0.000000001,btc,23077405.3926,0.0,0.0032014750482,8
1,[],4,[],2019-06-24 10:00:49,1758622.9067323,0.00000054,0.000000000059022756,7758601,2019-06-24 10:00:49,btc,3.1511903870253963,0.0,0.00000054,btc,2905233.05149831,0.70090285,0.4340879601137232,9
0,[],28,[],2019-06-24 10:00:51,0.0,0,0,7758602,2019-06-24 10:00:51,,0.0,0.0,0,,0.0,0.0,0.0,9
0,[],2,[],2019-01-20 23:22:42,0.0,0,0,6476876,2019-01-20 23:22:42,,0.0,0.0,0,,0.0,0.0,0.0,9
0,[],23,[],2019-01-20 23:22:48,0.0,0,0,6476878,2019-01-20 23:22:48,,0.0,0.0,0,,0.0,0.0,0.0,9
1,[],1,[],2019-02-17 23:31:42,1822507.21,0.00000181000000000000003456111265232042484285557293333113193511962890625,0.000000000066086901,6701244,2019-02-17 23:31:42,btc,3.6990969245,17153386.5,0.00000181000000000000003456111265232042484285557293333113193511962890625,btc,1997391.71,31.11772986,3.2610482446,9
1,[],4,[],2019-02-17 11:22:43,4341674.27126056,0.00000002,0.0000000000007272960000000001,6696112,2019-02-17 11:22:43,btc,0.1997230937751353,0.0,0.00000002,btc,4109766.79808031,0.00215132,0.0479381022052112,10
1,[],4,[],2019-06-24 10:00:52,40452148.26420625,0.00000030,0.00000000003279042,7758603,2019-06-24 10:00:52,btc,6.924798779013943,0.0,0.00000030,btc,7999543.63906702,0.85134064,1.987114353358613,12
1,[],5,[],2019-06-24 10:00:53,0.0,0,0,7758604,2019-06-24 10:00:53,btc,0.0,0.00981378,0,btc,0.0,0.0,0.0,12
0.0,[],25,[],2019-06-24 10:00:54,0.0,0,0,7758605,2019-06-24 10:00:54,,0.0,0.0,0.0,btc,0.0,0.0,0.0,12
0,[],2,[],2019-01-20 23:23:08,0.0,0,0,6476890,2019-01-20 23:23:08,,0.0,0.0,0,,0.0,0.0,0.0,12
1,[],4,[],2019-06-24 10:00:55,574580.3547028,0.00000324,0.000000000354136536,7758606,2019-06-24 10:00:55,btc,2.096314180182588,0.0,0.00000324,btc,336666.64214903,0.99078081,0.3375313576674458,13
1,[],21,[],2019-06-24 10:00:58,5925049.46087774,0.000003249999999999999799991804231,0.00000000035522955,7758607,2019-06-24 10:00:58,btc,3.068546537902952,1599404.55394441,0.00000324999999999999979999180423073656953647514455951750278472900390625,btc,689773.35768148,5.26715918,3.562909788465487,13
1,[],10,[],2019-06-24 06:53:57,568612.52781676,0.00000339,0.000000000364859598,7757923,2019-06-24 06:53:57,btc,666798.2740581548,33827.5076299,0.00000339,btc,869417.29192553,0.0,0.2477024361972625,13
1,[],4,[],2019-06-24 10:00:59,974051.90497419,0.00000065,0.00000000007104591,7758608,2019-06-24 10:00:59,btc,9.74081597466722,0.0,0.00000065,btc,1269778.40597265,0.07353121,0.0991585997459667,14
1,[],12,[],2019-06-24 10:01:00,217085.60526916,0.00000057,0.000000000062301798,7758609,2019-06-24 10:01:00,btc,195.91373952457226,0.0,0.00000057,btc,26433.59520206,0.000392508282,0.0177256199999547,14
1,[],26,[],2019-06-24 10:03:00,0.0,0.00000050,0.0000000000546507,7758610,2019-06-24 10:03:00,btc,0.0,0.0,0.00000050,btc,0.0,0.0,0.0,14
0,[],17,[],2019-05-03 00:53:32,0.0,0,0,7558876,2019-05-03 00:53:32,btc,0.0,0.0,0,btc,0.0,0.0,0.0,14
0,[],4,[],2019-06-24 10:03:01,0.0,0,0,7758611,2019-06-24 10:03:01,,0.0,0.0,0,,0.0,0.0,0.0,15
,[],12,[],2018-12-01 15:15:48,204241.84496,0.00000489,0.000000000202473384,5260204,2018-12-01 15:15:48,btc,49.5475654835,0.0,,btc,35763.2193806,0.0163153972027625,0.0203389899998,15
1,[],4,[],2019-06-24 10:03:03,31807.43359841,0.00000934,0.000000001020875076,7758612,2019-06-24 10:03:03,btc,2.4500450373867806,0.0,0.00000934,btc,16522.40822789,0.05686416,0.0475755162201124,18
1,[],10,[],2019-06-24 10:03:04,383119.59218502,0.00000971,0.0000000010613165939999999,7758613,2019-06-24 10:03:04,btc,14.886943072780184,2186.95006553,0.00000971,btc,10759.42754753,0.0,0.1243627615757375,18
1,[],12,[],2019-06-24 10:03:06,933.53969559,0.000009500000000000000523019128007007338965195231139659881591796875,0.0000000010383633,7758614,2019-06-24 10:03:06,btc,0.5224324056693588,0.0,0.000009500000000000000523019128007007338965195231139659881591796875,btc,1928.44661749,7.04898e-07,0.0037162471239405,18
0,[],2,[],2019-01-20 23:23:38,0.0,0,0,6476906,2019-01-20 23:23:38,,0.0,0.0,0,,0.0,0.0,0.0,18
0,[],17,[],2019-05-03 00:53:39,0.0,0,0,7558882,2019-05-03 00:53:39,btc,0.0,0.0,0,btc,0.0,0.0,0.0,18
1,[],3,[],2019-06-24 10:05:06,159830.67263425546,0.000007659999999999999505139770816786182194846333004534244537353515625,0.0000000008372487239999999,7758615,2019-06-24 10:05:06,btc,190.34668727895254,12994.6057188,0.000007659999999999999505139770816786182194846333004534244537353515625,btc,18689.065406828817,0.0,0.07732195894365179,19
1,[],4,[],2019-06-24 10:05:07,363540.47726642,0.00000903,0.0000000009869916419999999,7758616,2019-06-24 10:05:07,btc,5.553882950416039,0.0,0.00000903,btc,248677.64224013,0.35567455,1.6098324692449797,19
1,[],5,[],2019-06-24 10:05:09,0.0,0,0,7758617,2019-06-24 10:05:09,btc,0.0,0.00550017,0,btc,0.0,0.0,0.0,19
1,[],12,[],2019-06-24 10:05:10,109035.02620482,0.0000070199999999999997035075686990790444497179123573005199432373046875,0.000000000767295828,7758618,2019-06-24 10:05:10,btc,1.2048440128522668,0.0,0.0000070199999999999997035075686990790444497179123573005199432373046875,btc,2973.67008334,0.0,0.0199374313763947,19
0,[],27,[],2019-06-24 10:05:16,0.0,0,0,7758619,2019-06-24 10:05:16,,0.0,0.0,0,btc,0.0,0.0,0.0,19
0,[],2,[],2019-01-20 23:24:19,0.0,0,0,6476924,2019-01-20 23:24:19,,0.0,0.0,0,,0.0,0.0,0.0,19
1,[],4,[],2019-06-24 10:05:16,10157212.92416777,0.00000005,0.00000000000546507,7758620,2019-06-24 10:05:16,btc,6.356454564440009,0.0,0.00000005,btc,2286607.6527402,0.0,0.1211805081896551,20
0,[],4,[],2019-06-24 10:05:17,0.0,0,0,7758621,2019-06-24 10:05:17,,11157.642988422389,0.0,0,,83613383.40349498,0.0,0.0,21
0,[],12,[],2019-06-24 10:05:18,0.0,0,0,7758622,2019-06-24 10:05:18,btc,2602.9610072350947,0.0,0,btc,7969338.30769228,0.0,0.0,21
0,[],17,[],2019-05-03 00:53:51,0.0,0,0,7558891,2019-05-03 00:53:51,btc,0.0,0.0,0,btc,0.0,0.0,0.0,21
1,[],12,[],2019-06-24 10:07:20,5960060885.277,0.0000000004,0.00000000000004372056,7758623,2019-06-24 10:07:20,btc,1428624034790.5627,0.0,0.0000000004,btc,2594366181.837163,0.046147655558,1.4911019642108003,23
0.000000000283097,[],27,[],2019-06-24 10:07:24,66005494.24775226,1.1323880000000001e-17,1.237715937432e-21,7758624,2019-06-24 10:07:24,eth,1046.0968162079005,56394.75224774,0.00000004,eth,7505122.70979221,6.3860738163e-13,2.729682167910169e-10,23
1,[],4,[],2019-06-22 05:45:29,6100414.07522138,0.00000017,0.00000000001823352,7751732,2019-06-22 05:45:29,btc,10.22685272773715,0.0,0.00000017,btc,1790815.48208265,0.0,0.1345450262400025,24
0,[],22,[],2019-06-22 05:45:31,0.0,0,0,7751733,2019-06-22 05:45:31,,6.22e-05,0.0,0,,517.4264705882352,0.0,0.0,24
0.0,[],25,[],2019-06-22 05:45:32,0.0,0,0,7751734,2019-06-22 05:45:32,,0.0,0.0,0.0,btc,0.0,0.0,0.0,24
1,[],4,[],2019-06-24 10:07:25,26927138.18936607,0.00000397,0.000000000433926558,7758625,2019-06-24 10:07:25,btc,6.5506738395287725,0.0,0.00000397,btc,209352.26508855,0.10757171,0.4082723432880539,26
1,[],10,[],2019-06-24 10:07:27,162464.04805252,0.00000425,0.00000000046453095,7758626,2019-06-24 10:07:27,btc,25.269449935739747,6344.26268832,0.00000425,btc,19874.76895288,0.0,0.0503891524746279,26
0,[],2,[],2019-01-20 23:25:56,0.0,0,0,6476976,2019-01-20 23:25:56,,0.0,0.0,0,,0.0,0.0,0.0,26
1,[],5,[],2019-04-26 09:47:06,0.0,0,0,7465326,2019-04-26 09:47:06,btc,0.0,0.0,0,btc,0.0,0.0,0.0,27
1,[],3,[],2019-06-17 14:30:26,13571825.64059417,0.00000001,0.00000000000092914,7740112,2019-06-17 14:30:26,btc,3.485049956644059,4264730.43754,0.00000001,btc,23500048.28518193,0.0,0.1357182564059417,27
1,[],11,[],2019-06-17 14:30:28,2031833.58157834,0.00000001,0.00000000000092914,7740113,2019-06-17 14:30:28,btc,67502.92060589766,32677.9652116,0.00000001,btc,6487362.95640949,0.0,0.0203183358157834,27
1,[],4,[],2019-06-24 10:07:27,874608290.8630419,0.00000001,0.0000000000010930139999999999,7758627,2019-06-24 10:07:27,btc,6.506245523092587,0.0,0.00000001,"btc,ltc",433608759.08907205,0.08301665,5.358848589822443,29
1,[],7,[],2019-06-24 10:07:28,88235545.39145988,0.00000001,0.0000000000010930139999999999,7758628,2019-06-24 10:07:28,btc,46548272.19330446,0.0,0.00000001,btc,36539979.61698,0.0,0.8823554539145988,29
1,[],4,[],2019-06-24 10:07:29,15492325.97378427,0.00000005,0.00000000000546507,7758629,2019-06-24 10:07:29,btc,2.5882812799918344,0.0,0.00000005,btc,2237643.51667946,0.00010978,0.1716198680678411,30
0,[],17,[],2019-05-03 01:11:25,0.0,0,0,7559066,2019-05-03 01:11:25,btc,0.0,0.0,0,btc,0.0,0.0,0.0,30
1,[],4,[],2019-06-24 09:45:11,208988.08479358,0.00003369,0.000000003670936518,7758508,2019-06-24 09:45:11,btc,3.5979170468994104,0.0,0.00003369,btc,56547.64038877,0.33628192,0.5025071427184793,31
1,[],21,[],2019-06-24 09:45:12,671282.21885356,0.00003300000000000000253009418971,0.0000000035957526,7758509,2019-06-24 09:45:12,btc,4.733569322318177,218926.49592442,0.000033000000000000002530094189712173147199791856110095977783203125,btc,111342.04606297,7.60211418,3.515124129981371,31
0,[],2,[],2019-01-20 23:28:43,0.0,0,0,6477009,2019-01-20 23:28:43,,0.0,0.0,0,,0.0,0.0,0.0,32
0,[],4,[],2019-06-24 09:45:13,0.0,0,0,7758510,2019-06-24 09:45:13,,0.0,0.0,0,,0.0,0.0,0.0,33
1,[],12,[],2019-03-30 07:55:10,40641173.964,0.00000003,0.000000000001228359,7108785,2019-03-30 07:55:10,btc,4233210.82356125,0.0,0.00000003,btc,28378394.68333462,0.0126927883965248,0.90752895892,33
0.0000000001244379,[],4,[],2019-06-24 10:09:30,149605921.5550944,6.4707708e-17,7.0726430751912e-21,7758630,2019-06-24 10:09:30,ltc,4.302726594522343,0.0,0.00000052,ltc,164169106.24994242,0.0,8.231518333615506e-10,34
1,[],5,[],2019-06-24 10:09:31,0.0,0,0,7758631,2019-06-24 10:09:31,btc,0.0,0.0011,0,btc,0.0,0.0,0.0,34
0.0000000002926451,[],17,[],2019-05-02 18:17:47,200000.0,2.9264510000000002e-18,1.596703856561e-22,7556430,2019-05-02 18:17:47,eth,0.20942468735267253,0.0,0.00000001,"btc,eth",1018272.20243647,0.0,5.852902e-13,36
0.0000000001311821,[],4,[],2019-05-31 13:28:19,2417517744.0607657,1.311821e-18,1.105058333085e-22,7717483,2019-05-31 13:28:19,ltc,5.019900492391546e-08,0.0,0.00000001,ltc,7102398142.262129,0.0,3.171350544531538e-09,36
1,[],5,[],2019-05-31 13:28:21,0.0,0,0,7717484,2019-05-31 13:28:21,btc,0.0,0.0,0,btc,0.0,0.0,0.0,36
0.0000000003108179,[],27,[],2019-05-31 13:30:34,10388811.226876,6.216358000000001e-18,5.236566733830001e-22,7717485,2019-05-31 13:30:34,eth,1569.8708019850988,761866.634299,0.00000002,"ltc,eth",5084024.2511555,4.736034912207001e-12,3.3251980286483705e-11,36
1,[],4,[],2019-06-24 10:09:32,10848112.6575313,0.00000013,0.000000000014209182,7758632,2019-06-24 10:09:32,btc,19773.055461372427,0.0,0.00000013,btc,682946.14349671,0.0,0.1477865110994347,37
1,[],12,[],2019-06-24 10:09:33,4253189.79935103,0.00000014,0.000000000015302196,7758633,2019-06-24 10:09:33,btc,7.377188780899107,0.0,0.00000014,btc,1681114.55625206,0.020888724184,0.1586827907756336,37
1,[],27,[],2019-06-24 10:11:37,11304.0,0.00000019,0.000000000020767265999999998,7758634,2019-06-24 10:11:37,btc,22.62970013895233,0.0,0.00000019,btc,4298.824295,0.0,0.00168776,37
1,[],17,[],2019-05-03 01:11:36,211752.74075282,0.00000025,0.000000000013700074999999998,7559074,2019-05-03 01:11:36,btc,0.055484923955058496,0.0,0.00000025,"btc,eth",1387.19918473,0.0,0.0005381851887916605,37
1,[],5,[],2019-06-24 09:47:25,0.0,0,0,7758516,2019-06-24 09:47:25,btc,0.0,0.24780896,0,btc,0.0,0.0,0.0,42
1,[],12,[],2019-06-24 09:47:27,1335689.05947381,0.000001520000000000000058272072063492164062381561961956322193145751953125,0.000000000165622544,7758517,2019-06-24 09:47:27,btc,537.9376720951427,0.0,0.000001520000000000000058272072063492164062381561961956322193145751953125,btc,136306.43345592,0.061048408265,0.0678501284242506,42
1,[],27,[],2019-06-24 09:47:32,889.0,0.00000140,0.00000000015254708,7758518,2019-06-24 09:47:32,btc,0.07600425,0.0,0.00000140,"btc,eth",18.0,0.0,0.0005422000002990196,42
1,[],12,[],2019-03-13 09:13:29,1112112.0,0.00000001,0.000000000000386531,6919902,2019-03-13 09:13:29,btc,29058.00478931866,0.0,0.00000001,btc,5967681.93306694,9.99000999e-07,0.01112112,43
1,[],5,[],2019-04-26 22:38:52,0.0,0,0,7474154,2019-04-26 22:38:52,btc,0.0,0.02638891,0,btc,0.0,0.0,0.0,43
0,[],17,[],2019-04-26 22:38:53,0.0,0,0,7474155,2019-04-26 22:38:53,btc,0.0,0.0,0,btc,0.0,0.0,0.0,43
1,[],12,[],2019-03-05 01:54:08,639326.02,0.00000004,0.000000000001486676,6845775,2019-03-05 01:54:08,btc,11116042.728239931,0.0,0.00000004,btc,1103841.4595604,0.0003330765234764,0.014975410599999999,44
0.0000000001248146,[],4,[],2019-06-24 09:47:33,106678477.19824575,4.992584e-17,5.440029363248e-21,7758519,2019-06-24 09:47:33,ltc,1601.9027329614103,0.0,0.0000004,ltc,26158612.92896898,0.0,5.959408274077841e-10,49
0.0000000001248146,[],4,[],2019-06-24 09:47:34,317543985.9721978,2.496292e-17,2.720014681624e-21,7758520,2019-06-24 09:47:34,ltc,28149.843071865376,0.0,0.0000002,ltc,198133714.55693698,0.0,2.3858707128798994e-09,52
0,[],22,[],2019-06-24 09:47:37,0.0,0,0,7758521,2019-06-24 09:47:37,,10289.80784133,0.0,0,,287058287.4566013,0.0,0.0,57
0,[],27,[],2019-06-24 09:47:42,0.0,0,0,7758522,2019-06-24 09:47:42,,0.0,0.0,0,"btc,eth",0.0,0.0,0.0,57
1,[],17,[],2019-05-03 01:12:09,1200000.0,0.0000000001,0.00000000000000548003,7559085,2019-05-03 01:12:09,btc,1e+24,0.0,0.0000000001,"btc,eth",39516342.31952568,0.0,0.00010000000058666061,58
0,[],4,[],2019-06-24 09:47:43,0.0,0,0,7758523,2019-06-24 09:47:43,,19.720157768943103,0.0,0,,5725604268.906376,0.0,0.0,58
1,[],12,[],2019-06-24 09:47:44,458536912.0999,0.0000000001,0.00000000000001089622,7758524,2019-06-24 09:47:44,btc,34228899.44007043,0.0,0.0000000001,btc,3032533521.6722846,0.002599766751,0.04585369120999,58
0.00000000010684880000000002,[],22,[],2019-06-24 09:49:47,126877.0,1.068488e-18,1.164248031536e-22,7758525,2019-06-24 09:49:47,XMR,68.17454206,0.0,0.00000001,XMR,9626402.6,0.0,0.00126877,58
1,[],5,[],2019-06-17 14:31:27,0.0,0,0,7740135,2019-06-17 14:31:27,btc,0.0,0.00079154,0,btc,0.0,0.0,0.0,61
1,[],22,[],2019-06-17 14:31:30,13612.833333333334,0.00000012,0.00000000001114968,7740136,2019-06-17 14:31:30,BTC,1002.29123003,0.0,0.00000012,BTC,15014.200177125656,0.0,0.00153257,61
1,[],26,[],2019-06-17 14:31:30,0.0,0.00000050,0.000000000046457,7740137,2019-06-17 14:31:30,btc,0.0,0.0,0.00000050,btc,0.0,0.0,0.0,61
1,[],27,[],2019-06-17 14:31:36,8400.0,0.00000018,0.00000000001672452,7740138,2019-06-17 14:31:36,btc,1.9742539297246655,0.0,0.00000018,"btc,eth",10953.51663696,0.0,0.001512,61
0,[],28,[],2019-06-17 14:31:38,0.0,0,0,7740139,2019-06-17 14:31:38,,0.0,0.0,0,,0.0,0.0,0.0,61
1,[],4,[],2019-06-24 09:49:48,620224.63592677,0.00000074,0.00000000008063202799999999,7758526,2019-06-24 09:49:48,btc,3.5634774039222954,0.0,0.00000074,btc,1312357.5508903,0.04337079,0.3531931917263195,67
0.0,[],25,[],2019-06-24 09:49:49,0.0,0,0,7758527,2019-06-24 09:49:49,,0.0,0.0,0.0,btc,0.0,0.0,0.0,67
1,[],12,[],2019-06-02 06:23:14,910048.355,0.00000006,0.000000000005154929999999999,7725270,2019-06-02 06:23:14,btc,5.167005424215783,0.0,0.00000006,btc,738530.60239759,0.003159757462,0.0187188113,71
,[],5,[],2018-11-20 23:02:39,1.5e-07,0.00000005,0.000000000002128045,4862160,2018-11-20 23:02:39,btc,2.84511358,0.0,,btc,0.00036572,0.0,0.07381892,74
1,[],5,[],2019-06-24 09:49:50,0.0,0,0,7758528,2019-06-24 09:49:50,btc,0.0,0.00195669,0,btc,0.0,0.0,0.0,75
1,[],4,[],2019-06-04 03:25:15,715281.46076168,0.00000001,0.000000000000803619,7734085,2019-06-04 03:25:15,btc,581089.6218469425,0.0,0.00000001,btc,37692563.61091116,0.0,0.0071528146076168,81
0,[],20,[],2019-01-25 09:30:31,0.0,0,0,6495923,2019-01-25 09:30:31,btc,0.0,0.0,0,btc,0.0,0.0,0.0,81
1,[],4,[],2019-06-24 09:49:51,222301.54415869,0.00009703,0.000000010572602266,7758529,2019-06-24 09:49:51,btc,56.73603386997743,0.0,0.00009703,btc,109697.70920797,0.96969266,0.4074468575049038,82
1,[],21,[],2019-06-24 09:49:52,65590.68470239,0.00009283000000000000398372307364,0.000000010114961026,7758530,2019-06-24 09:49:52,btc,6.310972433195883,12443.13732637,0.000092830000000000003983723073641698420033208094537258148193359375,btc,50467.6961082,1.15275438,4.584326322336978,82
0,[],17,[],2019-03-25 22:42:34,0.0,0,0,7038780,2019-03-25 22:42:34,btc,0.0445064681804024,0.0,0,btc,995513.18476001,0.0,0.0,84
0.0000000001161485,[],4,[],2019-05-20 13:09:39,216715621.0206096,1.161485e-18,9.0533806701e-23,7657228,2019-05-20 13:09:39,ltc,1.6511566870244727,0.0,0.00000001,ltc,471032407.9048656,0.0,2.5171194308112273e-10,85
,[],22,[],2018-11-20 23:09:34,3408.1,0.0000001,0.0000000000041895,4862324,2018-11-20 23:09:34,BTC,0.04624735,0.0,,BTC,4990.0,0.0,0.00033081,86
1,[],22,[],2019-06-24 09:49:55,69694.0,0.00000005,0.00000000000544811,7758531,2019-06-24 09:49:55,BTC,1.84070553,0.0,0.00000005,BTC,241024.94736842104,0.00025,0.00097846,87
1,[],27,[],2019-06-24 09:50:01,269536.0,0.00000003,0.0000000000032688659999999997,7758532,2019-06-24 09:50:01,btc,2.01453544326,0.0,0.00000003,btc,553681.402,0.0,0.00708608,87
,[],2,[],2018-11-20 23:10:47,0.0,0,0,4862359,2018-11-20 23:10:47,,0.0,0.0,,,0.0,0.0,0.0,88
1,[],11,[],2019-06-17 14:31:59,193715.3529613,0.000073310000000000001140094962881477158589405007660388946533203125,0.00000000681152534,7740147,2019-06-17 14:31:59,btc,168.35454702024953,5791.70569014,0.000073310000000000001140094962881477158589405007660388946533203125,btc,196971.41170107,0.0,1.1996165759440112,89
0,[],2,[],2019-01-20 23:31:45,0.0,0,0,6477083,2019-01-20 23:31:45,,0.0,0.0,0,,0.0,0.0,0.0,91
1,[],12,[],2019-06-18 02:35:48,427715.74,0.00000015,0.000000000013911045000000001,7746087,2019-06-18 02:35:48,btc,116.61022144471085,0.0,0.00000015,btc,193315.55943968,0.000180759303,0.0129558314,91
1,[],22,[],2019-06-20 20:27:07,75910.0,0.00000002,0.000000000001914908,7746207,2019-06-20 20:27:07,BTC,0.49565371,0.0,0.00000002,"BTC,LTC",6.384990670617935,0.0,0.0016592,91
0,[],17,[],2019-05-03 01:12:26,0.0,0,0,7559096,2019-05-03 01:12:26,btc,0.0,0.0,0,btc,0.0,0.0,0.0,91
1,[],22,[],2019-06-24 09:50:07,105655.66666666667,0.00000003,0.0000000000032688659999999997,7758533,2019-06-24 09:50:07,BTC,11.44314296,0.0,0.00000003,"BTC,LTC",306964.4683191416,0.0,0.06677967,95
0,[],17,[],2019-05-03 01:12:32,0.0,0,0,7559100,2019-05-03 01:12:32,btc,0.0,0.0,0,btc,0.0,0.0,0.0,96
0.0000000001248146,[],4,[],2019-06-24 09:50:08,536587955.29259694,3.744438e-17,4.080022022436e-21,7758534,2019-06-24 09:50:08,ltc,11.317147819060793,0.0,0.0000003,ltc,157872171.22981915,0.0,8.110958056310374e-10,96
0,[],12,[],2019-06-24 09:50:09,0.0,0,0,7758535,2019-06-24 09:50:09,btc,36.49991329884116,0.0,0,btc,9855758.88411588,0.0,0.0,96
1,[],4,[],2019-04-14 03:32:46,1039404.33283278,0.00000038,0.000000000019245518,7293458,2019-04-14 03:32:46,btc,4.170086055365747,0.0,0.00000038,btc,3097704.34561074,0.06260606,0.1859928211030784,99
0,[],2,[],2019-01-20 23:23:55,0.0,0,0,6476914,2019-01-20 23:23:55,,0.0,0.0,0,,0.0,0.0,0.0,100
1,[],4,[],2019-06-24 09:52:10,282383.76865386,0.00001145,0.00000000124761719,7758536,2019-06-24 09:52:10,btc,7.115147964693881,0.0,0.00001145,btc,162631.15492346,0.17282496,0.2159923049012627,100
1,[],22,[],2019-06-05 06:30:35,150000.0,0.00000002,0.000000000001558192,7740007,2019-06-05 06:30:35,BTC,28.56386409,0.0,0.00000002,BTC,12787.719,0.0,0.0017,101
1,[],4,[],2019-06-24 09:52:11,548047.4677228,0.00000171,0.000000000186325362,7758537,2019-06-24 09:52:11,btc,882.579485178719,0.0,0.00000171,btc,736328.61156085,0.06398161,0.0995349514957415,103
1,[],12,[],2019-06-17 14:32:14,179201505.10870332,0.000000005,0.00000000000046457,7740154,2019-06-17 14:32:14,btc,113577.79366343976,0.0,0.000000005,btc,79148141.67831126,0.019059029059,0.27280986350611003,105
1,[],27,[],2019-06-17 14:32:19,18306828.03496503,0.00000002,0.00000000000185828,7740155,2019-06-17 14:32:19,btc,180.7198218385489,1083.96503497,0.00000002,btc,276513.60142659,7.588e-05,0.3661365606993006,105
1,[],22,[],2019-04-21 00:17:26,21333.0,0.00000001,0.000000000000532493,7385819,2019-04-21 00:17:26,BTC,51.38182867,0.0,0.00000001,BTC,470435.0,0.0,0.00021333,107
1,[],26,[],2019-04-21 00:17:26,0.0,0.00000000,0,7385820,2019-04-21 00:17:26,btc,0.0,0.0,0.00000000,btc,0.0,0.0,0.0,107
1,[],5,[],2019-06-24 09:52:13,0.0,0,0,7758538,2019-06-24 09:52:13,btc,0.0,0.0,0,btc,0.0,0.0,0.0,112
0,[],22,[],2019-06-24 09:52:16,0.0,0,0,7758539,2019-06-24 09:52:16,,6.79500102,0.0,0,,3375892.0833333335,0.0,0.0,112
1,[],27,[],2019-06-24 09:52:22,1.0,0.00000001,0.0000000000010896219999999999,7758540,2019-06-24 09:52:22,btc,1.14885,0.0,0.00000001,"btc,eth",39.0,0.0,1e-08,112
1,[],4,[],2019-06-24 09:52:23,1026799.72534792,0.00000063,0.000000000068646186,7758541,2019-06-24 09:52:23,btc,4.69086690791905,0.0,0.00000063,btc,730363.96120675,0.02939285,0.2126238807182158,113
1,[],5,[],2019-06-24 09:52:24,0.0,0,0,7758542,2019-06-24 09:52:24,btc,0.0,0.0002604,0,btc,0.0,0.0,0.0,113
1,[],17,[],2019-04-26 02:17:47,162738.278,0.00000004,0.0000000000021069000000000002,7461287,2019-04-26 02:17:47,btc,1.3331140273775473,0.0,0.00000004,btc,51796.221,0.0,0.00230953112,116
1,[],27,[],2019-05-22 05:13:01,210000.0,0.00000001,0.00000000000079145,7666372,2019-05-22 05:13:01,btc,3919.0005001478,0.0,0.00000001,btc,128660.871,0.0,0.0021,116
1,[],4,[],2019-05-21 22:31:11,138169.03963019,0.00000701,0.000000000558364025,7664793,2019-05-21 22:31:11,btc,150.95388250938234,0.0,0.00000701,btc,344631.17141974,0.07552974,0.4288357684941946,120
1,[],7,[],2019-05-21 22:31:12,3901.07750076,0.000010679999999999999389654892212320191902108490467071533203125,0.0000000008506887,7664794,2019-05-21 22:31:12,btc,231188.94669936574,0.0,0.000010679999999999999389654892212320191902108490467071533203125,btc,4133.83151364,0.0,0.0113888422364489,120
1,[],20,[],2019-04-07 18:42:29,1914137.0852,0.000000035,0.0000000000017871910000000002,7211992,2019-04-07 18:42:29,btc,32.2497668025648,25528.85,0.000000035,btc,1001975.4986,0.00089350975,0.0152723574729,125
1,[],22,[],2019-06-17 14:32:38,10000.0,0.00000001,0.00000000000092914,7740161,2019-06-17 14:32:38,BTC,0.032061,0.0,0.00000001,BTC,299316.7611111111,0.0,0.0001,126
0,[],2,[],2019-01-20 23:25:46,0.0,0,0,6476969,2019-01-20 23:25:46,,0.0,0.0,0,,0.0,0.0,0.0,131
1,[],17,[],2019-05-03 01:13:10,10000.0,0.00000001,0.000000000000548003,7559115,2019-05-03 01:13:10,btc,0.0953976503951408,0.0,0.00000001,btc,5037.62507334,0.0,0.0001,131
1,[],4,[],2019-06-24 09:52:25,942861.98257271,0.00000340,0.00000000037047148,7758543,2019-06-24 09:52:25,btc,2.4256144270770634,0.0,0.00000340,btc,186247.23393085,0.09576497,0.6127588229322655,131
1,[],4,[],2019-06-17 14:32:42,4848.49465417,0.00007919,0.00000000735785966,7740163,2019-06-17 14:32:42,btc,0.9905723729472744,0.0,0.00007919,btc,202.13055914,0.0,0.0061509344290166,135
1,[],3,[],2019-06-05 06:33:11,40600.27748212,0.00000001,0.000000000000779096,7740019,2019-06-05 06:33:11,btc,0.2308097808993716,2146378.52189,0.00000001,btc,2477992.76904676,0.0,0.0004060027748212,136
1,[],4,[],2019-06-24 09:54:26,679179.60275087,0.00000170,0.00000000018523574,7758544,2019-06-24 09:54:26,btc,110.1087712449148,0.0,0.00000170,btc,538253.78739139,0.08055321,0.3651907922655268,137
1,[],12,[],2019-06-24 09:54:27,67719.30672521,0.000001599999999999999927596978921418013896982301957905292510986328125,0.00000000017433952,7758545,2019-06-24 09:54:27,btc,79.71268470243157,0.0,0.000001599999999999999927596978921418013896982301957905292510986328125,btc,81826.92097078,3.2e-06,0.0165283499999453,137
1,[],17,[],2019-05-03 01:13:16,32967.38636364,0.00000088,0.000000000048224264,7559122,2019-05-03 01:13:16,btc,20.06976206696776,0.0,0.00000088,btc,2746.079105,0.0,0.0105613000000032,142
1,[],4,[],2019-06-24 09:54:27,616661.13896335,0.00001244,0.000000001355489768,7758546,2019-06-24 09:54:27,btc,5.436812596294127,0.0,0.00001244,btc,161911.99763661,0.89733906,0.6000768685945674,142
1,[],5,[],2019-06-24 09:54:29,0.0,0,0,7758547,2019-06-24 09:54:29,btc,0.0,0.03978296,0,btc,0.0,0.0,0.0,142
1,[],20,[],2019-06-24 09:56:30,262785.6771,0.00001091,0.000000001188777602,7758548,2019-06-24 09:56:30,btc,1.610678548352,751.7124,0.00001091,btc,10067.362,0.0106901865735,0.0074121806379,142
1,[],22,[],2019-06-24 09:56:33,10620.0,0.00000200,0.0000000002179244,7758549,2019-06-24 09:56:33,BTC,2.99759384,0.0,0.00000200,BTC,835.7198755539798,0.0,0.0041672,142
0.0,[],25,[],2019-06-24 09:56:36,0.0,0,0,7758550,2019-06-24 09:56:36,,0.0,0.0,0.0,btc,0.0,0.0,0.0,142
0,[],28,[],2019-06-24 09:56:37,0.0,0,0,7758551,2019-06-24 09:56:37,,0.0,0.0,0,,0.0,0.0,0.0,142
0,[],22,[],2019-06-24 09:56:39,0.0,0,0,7758552,2019-06-24 09:56:39,,1635.98618676,0.0,0,,788450755.3,0.0,0.0,143
0,[],22,[],2019-02-25 15:42:22,0.0,0,0,6783783,2019-02-25 15:42:22,,4.2131946,0.0,0,,2322156.0,0.0,0.0,146
,[],22,[],2018-11-20 23:01:11,0.0,0,0,4862114,2018-11-20 23:01:11,,2.56807021,0.0,,,61828.4988236,0.0,0.0,147
1,[],12,[],2019-04-21 06:38:04,193091.5971266,0.00000071,0.000000000037635183,7388679,2019-04-21 06:38:04,btc,2.301232411611175,0.0,0.00000071,btc,9957.48302385,0.00023528,0.0313308199999888,148
1,[],4,[],2019-03-19 21:31:25,255810.0415942,0.00000029,0.000000000011615747,6982695,2019-03-19 21:31:25,btc,218.94922712414143,0.0,0.00000029,btc,793529.37642722,0.00117,0.0608347789473395,152
0,[],22,[],2019-03-19 21:31:27,0.0,0,0,6982696,2019-03-19 21:31:27,,0.0,0.0,0,,0.0,0.0,0.0,152
1,[],5,[],2019-04-26 09:36:59,0.0,0,0,7465040,2019-04-26 09:36:59,btc,0.0,0.0,0,btc,0.0,0.0,0.0,153
,[],16,[],2019-01-11 15:38:59,0.0,0,0,6366141,2019-01-11 15:38:59,btc,0.0,0.0,,btc,0.0,0.0,0.0,155
0,[],23,[],2019-01-20 23:24:29,0.0,0,0,6476932,2019-01-20 23:24:29,,0.0,0.0,0,,0.0,0.0,0.0,156
0,[],22,[],2019-06-04 06:02:09,0.0,0,0,7734688,2019-06-04 06:02:09,,7.43375324,0.0,0,,5955762.942592593,0.0,0.0,156
1,[],22,[],2019-06-24 09:56:45,6996.0,0.00000001,0.0000000000010896219999999999,7758553,2019-06-24 09:56:45,BTC,1.7543039,0.0,0.00000001,BTC,57.0,0.0,6.996e-05,157
0,[],22,[],2019-05-21 23:40:32,0.0,0,0,7665049,2019-05-21 23:40:32,,50234.60468402,0.0,0,,54786159.03179465,0.0,0.0,158
,[],17,[],2018-11-20 22:56:10,0.0,0,0,4861976,2018-11-20 22:56:10,btc,1.1265625,0.0,,btc,1000.0,0.0,0.0,159
,[],20,[],2018-11-20 22:56:12,0.0,0,0,4861977,2018-11-20 22:56:12,btc,11912.7940471,0.0,,btc,34413894.3617,0.0,0.0,159
1,[],12,[],2019-05-24 02:51:20,9178.522006449999,0.00000191999999999999982841307998027158276954651228152215480804443359375,0.000000000151222656,7676256,2019-05-24 02:51:20,btc,149.80414728631675,0.0,0.00000191999999999999982841307998027158276954651228152215480804443359375,btc,1115.7451448499999,0.01783167678326,0.0120075778999181,168
1,[],17,[],2019-05-03 01:13:36,42852.0,0.00000002,0.000000000001096006,7559132,2019-05-03 01:13:36,btc,0.04279856251542,0.0,0.00000002,btc,274.46171372,0.0,0.00052852,168
1,[],22,[],2019-05-17 03:01:52,10.0,0.00000001,0.000000000000778341,7642059,2019-05-17 03:01:52,BTC,41.95893009,0.0,0.00000001,BTC,1753972.7737547632,0.0,1e-07,169
1,[],22,[],2019-05-30 08:38:18,202834.0,0.00000002,0.0000000000017416160000000001,7711049,2019-05-30 08:38:18,BTC,27.87002826,0.0,0.00000002,BTC,462189.5410507793,0.0,0.00211768,171
1,[],22,[],2019-05-29 08:05:18,349870.0,0.00000002,0.000000000001705894,7705265,2019-05-29 08:05:18,BTC,24.05907723,0.0,0.00000002,"BTC,LTC",1224285.4355616204,0.0,0.0039847,173
1,[],5,[],2019-06-24 09:56:47,0.0,0,0,7758554,2019-06-24 09:56:47,btc,0.0,0.00358726,0,btc,0.0,0.0,0.0,175
1,[],22,[],2019-06-17 14:33:12,90671.0,0.00000001,0.00000000000092914,7740175,2019-06-17 14:33:12,BTC,394.35459412,0.0,0.00000001,BTC,136275.61833431243,0.0,0.00090671,176
0,[],2,[],2019-01-20 23:28:34,0.0,0,0,6477001,2019-01-20 23:28:34,,0.0,0.0,0,,0.0,0.0,0.0,178
1,[],7,[],2019-06-24 09:56:47,0.0,0,0,7758555,2019-06-24 09:56:47,btc,522272.5837346951,0.0,0,btc,27702952.41786136,0.0,0.0,178
0,[],22,[],2019-06-24 09:56:50,0.0,0,0,7758556,2019-06-24 09:56:50,,1.00242428,0.0,0,,57512.0,0.0,0.0,178
0,[],23,[],2019-01-20 23:25:08,0.0,0,0,6476952,2019-01-20 23:25:08,,0.0,0.0,0,,0.0,0.0,0.0,179
1,[],5,[],2019-06-24 09:56:51,0.0,0,0,7758557,2019-06-24 09:56:51,btc,0.0,0.0090017,0,btc,0.0,0.0,0.0,179
0,[],22,[],2019-06-24 09:56:54,0.0,0,0,7758558,2019-06-24 09:56:54,,5.31753917,0.0,0,,14450788.311946675,0.0,0.0,179
1,[],22,[],2019-06-24 09:58:57,669754.0863636363,0.0000004,0.00000000004358488,7758559,2019-06-24 09:58:57,BTC,40.59239898,0.0,0.0000004,"BTC,LTC",152842.78752857723,0.00365728,0.56434511,180
1,[],26,[],2019-06-24 09:58:58,0.0,0.00000010,0.00000000001089622,7758560,2019-06-24 09:58:58,btc,0.0,0.0,0.00000010,btc,0.0,0.0,0.0,180
1,[],17,[],2019-05-03 01:13:56,20504.725000000002,0.0000001,0.00000000000548003,7559141,2019-05-03 01:13:56,btc,5.2010695838400265,0.0,0.0000001,btc,5033.45945,0.0,0.0011504725,180
,[],7,[],2018-11-20 22:58:01,562227.975654,0.00000085,0.000000000036176765,4862015,2018-11-20 22:58:01,btc,21836.6059674,2491.87645172,,btc,749999.041456,0.00211021,0.127565380455,183
,[],5,[],2019-01-10 08:11:41,0.0,0,0,6347036,2019-01-10 08:11:41,btc,82.15055501,0.00261,,btc,1.19002445,0.0,0.0,187
,[],17,[],2018-11-16 20:58:10,4062536.27273,0.00000001,0.000000000000550501,4708775,2018-11-16 20:58:10,btc,3.36492563466,0.195460381006,,"btc,eth",110697919.549,0.0,0.0157628953496,187
1,[],24,[],2019-05-22 21:04:52,0.0,0.000000000014,0.0000000000000010960978,7670219,2019-05-22 21:04:52,btc,0.0,0.0,0.000000000014,btc,0.0,0.0,0.0,187
0,[],22,[],2019-04-25 02:54:07,0.0,0,0,7447896,2019-04-25 02:54:07,,7.54794454,0.0,0,,76361.7243344055,0.0,0.0,191
0,[],22,[],2019-06-17 14:33:34,0.0,0,0,7740182,2019-06-17 14:33:34,,0.0,0.0,0,,0.0,0.0,0.0,197
0,[],23,[],2019-01-20 23:31:41,0.0,0,0,6477079,2019-01-20 23:31:41,,0.0,0.0,0,,0.0,0.0,0.0,199
0,[],22,[],2019-06-24 09:59:00,0.0,0,0,7758561,2019-06-24 09:59:00,,10.58263174,0.0,0,,84280969.0,0.0,0.0,199
1,[],26,[],2019-06-24 09:59:00,0.0,0.00000000,0,7758562,2019-06-24 09:59:00,btc,0.0,0.0,0.00000000,btc,0.0,0.0,0.0,199
0,[],2,[],2019-01-20 23:30:49,0.0,0,0,6477059,2019-01-20 23:30:49,,0.0,0.0,0,,0.0,0.0,0.0,201
1,[],4,[],2019-01-25 15:51:35,2084389.58565343,0.00000936,0.000000000333526752,6499557,2019-01-25 15:51:35,btc,2.0092503037378524,0.0,0.00000936,btc,160195.80207885,0.19272417,1.242687955921835,211
1,[],7,[],2019-06-24 09:59:04,1170054124.6898527,0.00000018,0.000000000019613195999999997,7758563,2019-06-24 09:59:04,btc,1346838.6258339162,0.0,0.00000018,btc,5739479.26464841,0.0,11.954344045954047,212
1,[],12,[],2019-01-25 02:44:32,207462.42853209,0.000001080000000000000035831255497387193287295303889550268650054931640625,0.000000000038610756000000006,6493050,2019-01-25 02:44:32,btc,85023.03793723314,0.0,0.000001080000000000000035831255497387193287295303889550268650054931640625,btc,43675.73520027,0.000146250909087,0.0348620860622024,213
1,[],5,[],2019-05-30 00:07:46,0.0,0,0,7709357,2019-05-30 00:07:46,btc,0.0,0.06425239,0,btc,0.0,0.0,0.0,213
1,[],24,[],2019-05-30 00:07:46,0.0,0.000000399202,0.0000000000344859829346,7709358,2019-05-30 00:07:46,btc,0.0,0.0,0.000000399202,btc,0.0,0.0,0.0,213
1,[],26,[],2019-05-30 00:07:47,0.0,0.00000040,0.000000000034554919999999996,7709359,2019-05-30 00:07:47,btc,0.0,0.0,0.00000040,btc,0.0,0.0,0.0,213
0,[],22,[],2019-06-24 09:59:07,0.0,0,0,7758564,2019-06-24 09:59:07,,9.56923849,0.0,0,,3661587.2040649247,0.0,0.0,216
0,[],27,[],2019-06-24 09:59:13,0.0,0,0,7758565,2019-06-24 09:59:13,,146.80000842107754,6012.0240481,0,"btc,ltc",615796.19799191,2.0040005002589137e-05,0.0,216
1,[],22,[],2019-06-24 09:59:16,387012.7087912088,0.0000002,0.00000000002179244,7758566,2019-06-24 09:59:16,BTC,12055.85616541,0.0,0.0000002,BTC,505205.9621278814,0.001895,0.01468479,217
1,[],7,[],2019-06-24 09:59:17,0.0,0,0,7758567,2019-06-24 09:59:17,btc,1234912.6160040614,0.0,0,btc,89377746.4752352,0.0,0.0,219
0,[],27,[],2019-06-24 09:59:21,0.0,0,0,7758568,2019-06-24 09:59:21,,250.34372354432625,0.0,0,btc,5709879.26511325,0.0,0.0,219
0,[],28,[],2019-06-24 09:59:23,0.0,0,0,7758569,2019-06-24 09:59:23,,0.0,0.0,0,,0.0,0.0,0.0,219
1,[],22,[],2019-05-23 16:41:05,172069.0,0.00000004,0.0000000000031167080000000004,7674065,2019-05-23 16:41:05,BTC,56.76466137,0.0,0.00000004,BTC,127061.6482738741,0.0,0.00393676,221
1,[],24,[],2019-05-23 16:41:05,0.0,0.000000010000,0.0000000000007791770000000001,7674066,2019-05-23 16:41:05,btc,0.0,0.0,0.000000010000,btc,0.0,0.0,0.0,221
1,[],20,[],2019-06-17 14:34:11,26882155.8301,0.000000003,0.000000000000278742,7740192,2019-06-17 14:34:11,btc,100050.81956632523,233521.3529,0.000000003,btc,38769742.8604,0.0007925640587,0.0306863532672,224
0,[],22,[],2019-06-17 14:34:13,0.0,0,0,7740193,2019-06-17 14:34:13,,0.0,0.0,0,,0.0,0.0,0.0,224
1,[],26,[],2019-06-24 09:59:23,0.0,0.00000022,0.000000000023971684,7758570,2019-06-24 09:59:23,btc,0.0,0.0,0.00000022,btc,0.0,0.0,0.0,231
1,[],26,[],2019-06-24 09:59:23,0.0,0.00000005,0.00000000000544811,7758571,2019-06-24 09:59:23,btc,0.0,0.0,0.00000005,btc,0.0,0.0,0.0,234
0.0000000002846179,[],27,[],2019-06-24 09:59:29,100.0,2.846179e-18,3.101259254338e-22,7758572,2019-06-24 09:59:29,eth,0.0,0.0,0.00000001,"btc,eth",0.0,0.0,2.846179e-16,234
1,[],4,[],2019-05-22 17:06:12,91780.56053785,0.00000078,0.000000000061977552,7669277,2019-05-22 17:06:12,btc,5.573372450018177,0.0,0.00000078,btc,729173.93529783,0.0,0.0307060663355679,236
1,[],24,[],2019-05-22 17:06:12,0.0,0.000000010000,0.000000000000794584,7669278,2019-05-22 17:06:12,btc,0.0,0.0,0.000000010000,btc,0.0,0.0,0.0,236
1,[],5,[],2019-06-24 09:59:30,0.0,0,0,7758573,2019-06-24 09:59:30,btc,0.0,1.07593097,0,btc,0.0,0.0,0.0,237
1,[],20,[],2019-06-24 09:59:32,50056832.6877,0.000000079,0.0000000000086080138,7758574,2019-06-24 09:59:32,btc,8172549.198884388,9983443.0717,0.000000079,btc,41188513.1877,0.7995369951722,1.1702013026937,237
1,[],22,[],2019-06-24 09:59:35,2084614.0,0.00000004,0.0000000000043584879999999996,7758575,2019-06-24 09:59:35,BTC,1.20112207,0.0,0.00000004,"BTC,LTC",14507.148717948718,0.0,0.02587451,237
1,[],4,[],2019-06-24 09:59:36,40050381.0426027,0.00000007,0.000000000007627354,7758576,2019-06-24 09:59:36,btc,2.5557824308101833,0.0,0.00000007,btc,11774163.09729933,0.12236645,0.7550737174515206,238
1,[],5,[],2019-06-24 09:59:37,0.0,0,0,7758577,2019-06-24 09:59:37,btc,0.0,0.0008018,0,btc,0.0,0.0,0.0,238
0,[],22,[],2019-03-12 16:49:32,0.0,0,0,6914458,2019-03-12 16:49:32,,0.40415746,0.0,0,,526736.5639027493,0.0,0.0,249
0,[],22,[],2019-05-28 23:53:45,0.0,0,0,7703643,2019-05-28 23:53:45,,13.44714864,0.0,0,,43777534.3426455,0.0,0.0,252
0,[],28,[],2019-06-24 09:59:39,0.0,0,0,7758578,2019-06-24 09:59:39,,0.0,0.0,0,,0.0,0.0,0.0,256
1,[],22,[],2019-06-24 09:59:42,551915.0,0.00000001,0.0000000000010896219999999999,7758579,2019-06-24 09:59:42,BTC,31464.57209997,0.0,0.00000001,BTC,1031955.2230878276,0.00014014,0.00551915,258
1,[],22,[],2019-05-19 18:12:02,400.0,0.00000001,0.0000000000007957800000000001,7653905,2019-05-19 18:12:02,BTC,2.415167,0.0,0.00000001,BTC,157.0,0.0,4e-06,259
1,[],5,[],2019-06-24 09:59:43,0.0,0,0,7758580,2019-06-24 09:59:43,btc,0.0,0.02630282,0,btc,0.0,0.0,0.0,264
1,[],20,[],2019-06-24 09:59:45,908317.7921,0.000000395,0.000000000043040068999999995,7758581,2019-06-24 09:59:45,btc,1.1633595156718,4867.39,0.000000395,btc,69463.1156,0.0031669890136,0.0064042344687,264
0,[],22,[],2019-04-12 17:57:27,0.0,0,0,7278186,2019-04-12 17:57:27,,66.37522201,0.0,0,,677842.4169881374,0.0,0.0,271
0,[],22,[],2019-06-24 09:59:47,0.0,0,0,7758582,2019-06-24 09:59:47,,33050469.74148113,0.0,0,,14261527780.7,0.0,0.0,272
0,[],28,[],2019-06-24 09:59:49,0.0,0,0,7758583,2019-06-24 09:59:49,,0.0,0.0,0,,0.0,0.0,0.0,272
1,[],22,[],2019-05-23 07:12:29,219930.0,0.00000004,0.000000000003048688,7671985,2019-05-23 07:12:29,BTC,426.77835217,0.0,0.00000004,BTC,248664.3325962929,0.0,0.00739728,281
1,[],22,[],2019-06-24 09:59:53,20826.1,0.00000001,0.0000000000010896219999999999,7758584,2019-06-24 09:59:53,BTC,4.41825555,0.0,0.00000001,"BTC,LTC",1086197.637193209,4.651e-05,0.00470395,286
0,[],22,[],2019-06-17 14:34:53,0.0,0,0,7740207,2019-06-17 14:34:53,,7337915.80475575,0.0,0,,2078527309.6797826,0.0,0.0,294
