pairValue,buyBook,exchangeId,sellBook,updated,buyTotal,satoshiPrice,usdPrice,exchangeLogId,created,bestPair,sellTotalBtc,volume,pairPrice,activePairs,sellTotal,volumeBtc,buyTotalBtc,coinId
0,[],2,[],2019-01-20 23:28:45,0.0,0,0,6477011,2019-01-20 23:28:45,,0.0,0.0,0,,0.0,0.0,0.0,1
1,[],3,[],2019-02-22 02:28:28,30555.12238329834,0.0125839899999999997592947664770690607838332653045654296875,0.000000497750915657,6756082,2019-02-22 02:28:28,btc,61.11811592913639,0.495793572924,0.0125839899999999997592947664770690607838332653045654296875,btc,25.7803261499,0.0,0.25009275909141765,1
1,[],4,[],2019-02-22 02:28:29,120065.94702133,0.01272500,0.0000005033284675,6756083,2019-02-22 02:28:29,btc,9.16133279351542,0.0,0.01272500,btc,256.57686317,0.94357574,1.264836452424443,1
1,[],5,[],2019-02-22 02:28:32,0.0,0,0,6756084,2019-02-22 02:28:32,btc,0.0,0.30362655,0,btc,0.0,0.0,0.0,1
1,[],10,[],2019-02-22 02:28:34,414440.28936227,0.01160227,0.00000045891966826099996,6756085,2019-02-22 02:28:34,btc,6524.674517875627,1045.58462612,0.01160227,btc,1200.38255849,0.0,5.4953153740944956,1
1,[],12,[],2019-02-22 02:28:40,10445.11664953,0.01264999999999999978628206775965736596845090389251708984375,0.000000500361895,6756086,2019-02-22 02:28:40,btc,0.2810939886804,0.0,0.01264999999999999978628206775965736596845090389251708984375,btc,14.171749909999999,0.1181719926218,0.4647293942285,1
1,[],20,[],2019-02-22 02:28:42,1152.7302,0.0106,0.00000041927558,6756087,2019-02-22 02:28:42,btc,0.0630660786722,0.0,0.0106,btc,2.9601,0.0,0.1067393885231,1
1,[],21,[],2019-02-22 02:28:43,2783.68141611,0.01265792999999999952909224277,0.000000500675560599,6756088,2019-02-22 02:28:43,btc,24.667694826268693,2541.63358518,0.01265792999999999952909224276709210244007408618927001953125,"btc,eth",2460.02358394,31.169583102524037,26.22733433546473,1
1,[],22,[],2019-02-22 02:29:55,0.0163776,0.01300000,0.0000005142059,6756089,2019-02-22 02:29:55,BTC,0.31423927,0.0,0.01300000,BTC,0.11751954901960784,0.0,0.00020972,1
1,[],24,[],2019-02-22 02:29:55,0.0,0.000000000000,0,6756090,2019-02-22 02:29:55,btc,0.0,0.0,0.000000000000,btc,0.0,0.0,0.0,1
0.0,[],25,[],2019-02-22 02:29:56,0.0,0,0,6756091,2019-02-22 02:29:56,btc,16.1511999982949,573.46065374,0.0,btc,1239.62985071,7.3317,0.0,1
1,[],26,[],2019-02-22 02:30:06,0.0,0,0,6756092,2019-02-22 02:30:06,,0.0,0.0,0,,0.0,0.0,0.0,1
1,[],28,[],2019-02-22 02:30:09,993.21,0.01323000,0.0000005233033889999999,6756093,2019-02-22 02:30:09,btc,0.162839806,18605.3,0.01323000,btc,8.9,0.0,0.090071836,1
1,[],5,[],2019-02-22 02:30:10,0.0,0,0,6756094,2019-02-22 02:30:10,btc,0.0,0.00154106,0,btc,0.0,0.0,0.0,2
0,[],22,[],2019-02-22 02:30:37,0.0,0,0,6756095,2019-02-22 02:30:37,,0.0,0.0,0,,0.0,0.0,0.0,2
1,[],5,[],2019-02-22 02:30:38,0.0,0,0,6756096,2019-02-22 02:30:38,btc,0.0,0.29378129,0,btc,0.0,0.0,0.0,3
1,[],12,[],2019-02-22 02:30:39,12370928.08707754,0.000000173,0.0000000000068428939,6756097,2019-02-22 02:30:39,btc,924396.6047149098,0.0,0.000000173,btc,8699682.90397035,0.0929986321255287,0.5309043114803064,3
0,[],28,[],2019-02-22 02:30:41,0.0,0,0,6756098,2019-02-22 02:30:41,,0.0,0.0,0,,0.0,0.0,0.0,3
1,[],4,[],2019-02-22 02:30:42,400333.88749235,0.00000032,0.000000000012657376,6756099,2019-02-22 02:30:42,btc,31.537298912891686,0.0,0.00000032,btc,683574.47034998,0.0,0.0547125982646265,4
0,[],2,[],2019-01-20 23:31:32,0.0,0,0,6477077,2019-01-20 23:31:32,,0.0,0.0,0,,0.0,0.0,0.0,4
1,[],12,[],2019-02-21 15:21:17,1297518.5219999999,0.00000003,0.000000000001178625,6753381,2019-02-21 15:21:17,btc,11013879.586285478,0.0,0.00000003,btc,1205406.24379976,0.001562545568112,0.01981748044,5
1,[],11,[],2019-02-22 02:30:44,1699030.5,0.00000001,0.000000000000395543,6756100,2019-02-22 02:30:44,btc,9432.801435181234,1076145.0,0.00000001,btc,40969686.95347657,0.0,0.016990305,6
0,[],2,[],2019-01-20 23:31:51,0.0,0,0,6477087,2019-01-20 23:31:51,,0.0,0.0,0,,0.0,0.0,0.0,6
1,[],3,[],2019-02-22 02:30:47,1091.956916111364,0.00015101000000000000598847360588905530676129274070262908935546875,0.000000005973094843,6756101,2019-02-22 02:30:47,btc,27.605796873748474,0.0,0.00015101000000000000598847360588905530676129274070262908935546875,btc,249.144760639695,0.0,0.03419747781770456,7
1,[],4,[],2019-02-22 02:30:48,354687.83876779,0.00023011,0.000000009101839973,6756102,2019-02-22 02:30:48,btc,13.117958178187397,0.0,0.00023011,btc,43564.49100957,6.12512829,5.78543648602536,7
1,[],5,[],2019-02-22 02:30:49,0.0,0,0,6756103,2019-02-22 02:30:49,btc,0.0,0.52964445,0,btc,0.0,0.0,0.0,7
1,[],20,[],2019-02-20 02:16:17,39399275.8418,0.000000001,0.0000000000000390183,6728586,2019-02-20 02:16:17,btc,116.9737569154545,525.0,0.000000001,btc,56932965.8895,5.25e-07,0.0393992758418,8
1,[],4,[],2019-02-22 02:30:50,1993545.25191508,0.00000182,0.000000000071988826,6756104,2019-02-22 02:30:50,btc,3.729588595797019,0.0,0.00000182,btc,1843657.8349607,2.60729007,0.6924325425839616,9
1,[],28,[],2019-02-22 02:30:52,44667.0,0.00000175,0.000000000069220025,6756105,2019-02-22 02:30:52,btc,2708.762412957195,3544994.92,0.00000175,btc,12356.2201,0.0,0.04554025,9
0,[],2,[],2019-01-20 23:22:42,0.0,0,0,6476876,2019-01-20 23:22:42,,0.0,0.0,0,,0.0,0.0,0.0,9
0,[],23,[],2019-01-20 23:22:48,0.0,0,0,6476878,2019-01-20 23:22:48,,0.0,0.0,0,,0.0,0.0,0.0,9
1,[],1,[],2019-02-17 23:31:42,1822507.21,0.00000181000000000000003456111265232042484285557293333113193511962890625,0.000000000066086901,6701244,2019-02-17 23:31:42,btc,3.6990969245,17153386.5,0.00000181000000000000003456111265232042484285557293333113193511962890625,btc,1997391.71,31.11772986,3.2610482446,9
1,[],4,[],2019-02-17 11:22:43,4341674.27126056,0.00000002,0.0000000000007272960000000001,6696112,2019-02-17 11:22:43,btc,0.1997230937751353,0.0,0.00000002,btc,4109766.79808031,0.00215132,0.0479381022052112,10
1,[],4,[],2019-02-22 02:30:53,3119529.87445714,0.00000149,0.000000000058935907,6756106,2019-02-22 02:30:53,btc,15.932965317051812,0.0,0.00000149,btc,6992432.05867524,1.96427901,3.2533164871208737,12
1,[],5,[],2019-02-22 02:30:54,0.0,0,0,6756107,2019-02-22 02:30:54,btc,0.0,0.4924018,0,btc,0.0,0.0,0.0,12
0.0,[],25,[],2019-02-22 02:30:55,0.0,0,0,6756108,2019-02-22 02:30:55,,0.0,0.0,0.0,btc,0.0,0.0,0.0,12
0,[],2,[],2019-01-20 23:23:08,0.0,0,0,6476890,2019-01-20 23:23:08,,0.0,0.0,0,,0.0,0.0,0.0,12
1,[],4,[],2019-02-22 02:30:56,1309761.97422406,0.00000588,0.00000000023257928399999999,6756109,2019-02-22 02:30:56,btc,3.4970608496448667,0.0,0.00000588,btc,472420.31921923,0.87381773,1.3354826419606178,13
1,[],10,[],2019-02-22 02:30:58,482202.7685931,0.00000581,0.000000000229810483,6756110,2019-02-22 02:30:58,btc,666802.4694942798,6042.22610514,0.00000581,btc,723570.93993133,0.0,0.2946583804054335,13
1,[],21,[],2019-02-22 02:31:00,499968.10841974,0.000006059999999999999577542791895,0.00000000023969905799999997,6756111,2019-02-22 02:31:00,btc,7.1710821526463775,525673.15517927,0.0000060599999999999995775427918953681682978640310466289520263671875,btc,1110940.55373849,3.1345324,2.726975897435976,13
1,[],4,[],2019-02-22 02:31:01,984974.93990937,0.00000139,0.000000000054980477,6756112,2019-02-22 02:31:01,btc,21.430319125800125,0.0,0.00000139,btc,867204.82948932,0.1086131,0.4073835834701232,14
1,[],12,[],2019-02-22 02:31:02,111218.19607843,0.000001300000000000000047051663780439678674838432925753295421600341796875,0.00000000005142059,6756113,2019-02-22 02:31:02,btc,5.309829492932805,0.0,0.000001300000000000000047051663780439678674838432925753295421600341796875,btc,32714.78078516,0.0011178089006826,0.0179822799999986,14
0,[],17,[],2019-02-22 02:31:04,0.0,0,0,6756114,2019-02-22 02:31:04,btc,0.0,0.0,0,btc,0.0,0.0,0.0,14
1,[],26,[],2019-02-22 02:31:04,0.0,0.00000050,0.00000000001977715,6756115,2019-02-22 02:31:04,btc,0.0,0.0,0.00000050,btc,0.0,0.0,0.0,14
0,[],4,[],2019-02-22 02:31:05,0.0,0,0,6756116,2019-02-22 02:31:05,,0.0,0.0,0,,0.0,0.0,0.0,15
,[],12,[],2018-12-01 15:15:48,204241.84496,0.00000489,0.000000000202473384,5260204,2018-12-01 15:15:48,btc,49.5475654835,0.0,,btc,35763.2193806,0.0163153972027625,0.0203389899998,15
1,[],4,[],2019-02-22 02:31:06,26714.45477335,0.00001807,0.000000000714746201,6756117,2019-02-22 02:31:06,btc,1.2479008419888502,0.0,0.00001807,btc,8971.46469854,0.02407083,0.0964293580409245,18
1,[],10,[],2019-02-22 02:31:08,779757.33688066,0.00001774,0.000000000701693282,6756118,2019-02-22 02:31:08,btc,15.542550981472766,19248.8534002,0.00001774,btc,10849.37807742,0.0,0.1316546905676832,18
1,[],12,[],2019-02-22 02:31:09,199492.36432912,0.00001800000000000000045601543374740316494353464804589748382568359375,0.0000000007119774,6756119,2019-02-22 02:31:09,btc,21.979794228383298,0.0,0.00001800000000000000045601543374740316494353464804589748382568359375,btc,1744.43913463,2.46198218381e-05,0.0362542898148382,18
0,[],17,[],2019-02-22 02:31:21,0.0,0,0,6756120,2019-02-22 02:31:21,btc,0.0,0.0,0,btc,0.0,0.0,0.0,18
0,[],2,[],2019-01-20 23:23:38,0.0,0,0,6476906,2019-01-20 23:23:38,,0.0,0.0,0,,0.0,0.0,0.0,18
1,[],3,[],2019-02-22 02:31:22,120776.55875134739,0.00002220000000000000090123221385685070572435506619513034820556640625,0.00000000087810546,6756121,2019-02-22 02:31:22,btc,0.562685580307966,0.21768707483,0.00002220000000000000090123221385685070572435506619513034820556640625,btc,9524.56963067002,0.0,0.07966721993169824,19
1,[],4,[],2019-02-22 02:31:23,282611.47234894,0.00002175,0.000000000860306025,6756122,2019-02-22 02:31:23,btc,2.4867278969127384,0.0,0.00002175,btc,72300.70809139,1.06952917,2.8218204444689756,19
1,[],5,[],2019-02-22 02:31:24,0.0,0,0,6756123,2019-02-22 02:31:24,btc,0.0,0.0,0,btc,0.0,0.0,0.0,19
1,[],12,[],2019-02-22 02:31:25,128816.0,0.0000224199999999999987948702540041523434410919435322284698486328125,0.0000000008868074059999999,6756124,2019-02-22 02:31:25,btc,1.2822215785220323,0.0,0.0000224199999999999987948702540041523434410919435322284698486328125,btc,365.1508782,0.00062844,0.03021488,19
0,[],27,[],2019-02-22 02:31:28,0.0,0,0,6756125,2019-02-22 02:31:28,,0.0,0.0,0,btc,0.0,0.0,0.0,19
0,[],2,[],2019-01-20 23:24:19,0.0,0,0,6476924,2019-01-20 23:24:19,,0.0,0.0,0,,0.0,0.0,0.0,19
1,[],4,[],2019-02-22 02:31:29,8070160.95424551,0.00000013,0.000000000005142059,6756126,2019-02-22 02:31:29,btc,7.376065179582633,0.0,0.00000013,btc,2843149.4360639,0.0,0.2584025451781454,20
1,[],4,[],2019-02-22 02:31:30,109302084.86437024,0.00000002,0.000000000000791086,6756127,2019-02-22 02:31:30,btc,360.01099823782266,0.0,0.00000002,btc,55684427.81417261,0.0,1.2238821411680452,21
1,[],12,[],2019-02-22 02:31:31,18647378.0,0.00000002,0.000000000000791086,6756128,2019-02-22 02:31:31,btc,670.5900728834847,0.0,0.00000002,btc,8549209.32857329,0.0015968180219782,0.2451878,21
0,[],17,[],2019-02-22 02:06:11,0.0,0,0,6756003,2019-02-22 02:06:11,btc,0.0,0.0,0,btc,0.0,0.0,0.0,21
1,[],12,[],2019-02-22 02:31:44,3054571957.531895,0.0000000001,0.0000000000000039554300000000005,6756129,2019-02-22 02:31:44,btc,880865842988.1663,0.0,0.0000000001,btc,4909199995.529916,0.00216559944795243,0.3054571957531895,23
0,[],27,[],2019-02-22 02:31:46,0.0,0,0,6756130,2019-02-22 02:31:46,,1.3429826565934113,0.0,0,eth,1964879.85514486,0.0,0.0,23
1,[],4,[],2019-02-22 02:31:47,281669.77442223,0.00000060,0.000000000023732579999999998,6756131,2019-02-22 02:31:47,btc,8.44393695413508,0.0,0.00000060,btc,1471186.95122282,0.0071125,0.1381979570821121,24
1,[],22,[],2019-02-22 02:31:53,11.76,0.00000100,0.0000000000395543,6756132,2019-02-22 02:31:53,BTC,7.415e-05,0.0,0.00000100,BTC,23.919354838709676,0.0,1.176e-05,24
0.0,[],25,[],2019-02-22 02:31:54,0.0,0,0,6756133,2019-02-22 02:31:54,,0.0,0.0,0.0,btc,0.0,0.0,0.0,24
1,[],4,[],2019-02-22 02:31:55,26867054.10968142,0.00000609,0.000000000240885687,6756134,2019-02-22 02:31:55,btc,129.12971697483894,0.0,0.00000609,btc,219028.97587086,0.09115746,0.4854381884735403,26
1,[],10,[],2019-02-22 02:31:57,691117.28078475,0.00000552,0.00000000021833973599999997,6756135,2019-02-22 02:31:57,btc,25.92989277889956,6547.10904223,0.00000552,btc,14702.98277874,0.0,0.2178898390092254,26
0,[],2,[],2019-01-20 23:25:56,0.0,0,0,6476976,2019-01-20 23:25:56,,0.0,0.0,0,,0.0,0.0,0.0,26
1,[],3,[],2019-02-22 02:31:58,7034251.70213569,0.00000001,0.000000000000395543,6756136,2019-02-22 02:31:58,btc,2.82825642819826,412.5,0.00000001,btc,18068492.95734499,0.0,0.0703425170213569,27
1,[],5,[],2019-02-22 02:31:59,0.0,0,0,6756137,2019-02-22 02:31:59,btc,0.0,0.0,0,btc,0.0,0.0,0.0,27
1,[],11,[],2019-02-22 02:32:01,9803584.35433359,0.00000005,0.0000000000019777149999999997,6756138,2019-02-22 02:32:01,btc,67506.54015390559,8080.0,0.00000005,btc,8318063.39032784,0.0,0.458287845339645,27
1,[],4,[],2019-02-22 02:32:02,1626739101.731342,0.00000002,0.000000000000791086,6756139,2019-02-22 02:32:02,btc,7.858326456435299,0.0,0.00000002,"btc,ltc",392280049.2326908,0.76619962,11.509006056577602,29
1,[],7,[],2019-02-22 02:32:03,37617242.79364199,0.00000002,0.000000000000791086,6756140,2019-02-22 02:32:03,btc,44465227.24029916,68938.0594504,0.00000002,btc,58767825.08419364,0.00137876,0.37620306562841055,29
1,[],4,[],2019-02-22 02:32:04,1433646.90671723,0.00000031,0.000000000012261833,6756141,2019-02-22 02:32:04,btc,2.3144567217672094,0.0,0.00000031,btc,1505776.42324625,0.00191749,0.1070706428612412,30
0,[],17,[],2019-02-22 02:07:07,0.0,0,0,6756015,2019-02-22 02:07:07,btc,0.0,0.0,0,btc,0.0,0.0,0.0,30
1,[],4,[],2019-02-22 02:32:07,1132025.51371313,0.00005800,0.0000000022941493999999998,6756142,2019-02-22 02:32:07,btc,5.202789415219534,0.0,0.00005800,btc,60125.43029751,1.86693985,1.432454815027891,31
1,[],21,[],2019-02-22 02:32:07,51626.41597607,0.00005821000000000000002345346140,0.000000002302455803,6756143,2019-02-22 02:32:07,btc,2.929409546771591,135602.77107795,0.0000582100000000000000234534613952064319164492189884185791015625,btc,46391.818423900004,7.85498705,2.57427923756335,31
0,[],2,[],2019-01-20 23:28:43,0.0,0,0,6477009,2019-01-20 23:28:43,,0.0,0.0,0,,0.0,0.0,0.0,32
1,[],4,[],2019-02-22 02:32:09,367508867.22750527,0.00000004,0.000000000001582172,6756144,2019-02-22 02:32:09,btc,11.481605221507955,0.0,0.00000004,"btc,ltc",195829993.7650358,0.67928441,8.50919766703759,33
1,[],12,[],2019-02-22 02:32:10,15053172.0,0.00000004,0.000000000001582172,6756145,2019-02-22 02:32:10,btc,35620499.84976888,0.0,0.00000004,btc,89175217.01398575,0.0205180877522485,0.49124209,33
1,[],4,[],2019-02-22 02:32:11,127842661.0327251,0.00000001,0.000000000000395543,6756146,2019-02-22 02:32:11,btc,4.709742564658136,0.0,0.00000001,btc,100881926.76546296,0.01280995,1.2784266103272508,34
1,[],5,[],2019-02-22 02:32:12,0.0,0,0,6756147,2019-02-22 02:32:12,btc,0.0,0.52461714,0,btc,0.0,0.0,0.0,34
0.0000000001252781,[],4,[],2019-02-22 02:32:12,1046293970.9310471,2.505562e-18,9.91057510166e-23,6756148,2019-02-22 02:32:12,ltc,2.726281113394517e-08,0.0,0.00000002,ltc,3203738434.5245266,0.0,2.0123551441646237e-09,36
1,[],5,[],2019-02-22 02:32:14,0.0,0,0,6756149,2019-02-22 02:32:14,btc,0.0,0.0,0,btc,0.0,0.0,0.0,36
0,[],17,[],2019-02-22 02:32:16,0.0,0,0,6756150,2019-02-22 02:32:16,btc,0.07464582844446674,0.0,0,btc,4105386.20243647,0.0,0.0,36
0,[],27,[],2019-02-22 02:32:18,0.0,0,0,6756151,2019-02-22 02:32:18,,114.1676941557863,0.0,0,"ltc,eth",4107666.4875004,0.0,0.0,36
1,[],4,[],2019-02-22 02:32:19,274523.4756124,0.00000071,0.000000000028083553,6756152,2019-02-22 02:32:19,btc,19772.48359816142,0.0,0.00000071,btc,566708.78431417,0.00318013,0.1271971055894221,37
1,[],12,[],2019-02-22 02:32:20,513091.11895505,0.00000072,0.000000000028479096,6756153,2019-02-22 02:32:20,btc,1365.0901295447936,0.0,0.00000072,btc,872266.89204943,0.2062860835551595,0.147250600000001,37
1,[],17,[],2019-02-22 02:32:21,1752.74075282,0.00000025,0.000000000009888574999999999,6756154,2019-02-22 02:32:21,btc,0.055484923777095005,0.0,0.00000025,btc,1319.19918473,0.0,0.00043818518820499993,37
1,[],27,[],2019-02-22 02:32:23,14685.567,0.00000045,0.000000000017799435,6756155,2019-02-22 02:32:23,btc,25.83024737411233,66.433,0.00000045,btc,6763.38138508,2.989e-05,0.00480032515,37
1,[],5,[],2019-02-22 02:32:25,0.0,0,0,6756156,2019-02-22 02:32:25,btc,0.0,0.09251317,0,btc,0.0,0.0,0.0,42
1,[],12,[],2019-02-22 02:32:25,132833.03417636,0.00000086,0.000000000034016698,6756157,2019-02-22 02:32:25,btc,94.68320540282552,0.0,0.00000086,btc,102599.21495161,0.0071907896336393,0.0403110800000077,42
0,[],27,[],2019-02-22 02:32:28,0.0,0,0,6756158,2019-02-22 02:32:28,,0.00315028,0.0,0,"btc,eth",11.007,0.0,0.0,42
1,[],5,[],2019-02-22 02:32:28,0.0,0,0,6756159,2019-02-22 02:32:28,btc,0.0,0.0001592,0,btc,0.0,0.0,0.0,43
1,[],12,[],2019-02-22 02:32:29,3709302.0,0.00000002,0.000000000000791086,6756160,2019-02-22 02:32:29,btc,20007435.27450556,0.0,0.00000002,btc,38974190.26313686,2.0085914085e-06,0.03759302,43
0,[],17,[],2019-02-22 02:32:31,0.0,0,0,6756161,2019-02-22 02:32:31,btc,0.0,0.0,0,btc,0.0,0.0,0.0,43
1,[],12,[],2019-02-22 02:32:32,694430.0,0.00000005,0.0000000000019777149999999997,6756162,2019-02-22 02:32:32,btc,11115177.726584056,0.0,0.00000005,btc,1077583.39762234,6.9750249752e-06,0.018040379999999998,44
1,[],4,[],2019-02-22 02:32:32,304163016.64405817,0.00000002,0.000000000000791086,6756163,2019-02-22 02:32:32,btc,474.5713450007084,0.0,0.00000002,"btc,ltc",12283111.22500239,0.00013356,0.21780285782226008,49
0,[],4,[],2019-02-22 02:32:33,0.0,0,0,6756164,2019-02-22 02:32:33,,25.46993631919128,0.0,0,,10615528693.087873,0.0,0.0,52
0.0000000001253654,[],22,[],2019-02-22 02:32:49,80945862.0,1.253654e-18,4.95874064122e-23,6756165,2019-02-22 02:32:49,XMR,4366.33224183,0.0,0.00000001,XMR,248874057.67882353,9.022694515518e-12,0.80945862,57
0,[],27,[],2019-02-22 02:32:51,0.0,0,0,6756166,2019-02-22 02:32:51,,0.0,0.0,0,"btc,eth",0.0,0.0,0.0,57
0.0000000001252781,[],4,[],2019-02-22 02:32:53,760315423.4753206,3.758343e-18,1.486586265249e-22,6756167,2019-02-22 02:32:53,ltc,18.829624788056265,0.0,0.00000003,ltc,3898281412.3083434,0.0,1.6397208610098398e-09,58
1,[],12,[],2019-02-22 02:32:54,1602653371.843957,0.0000000004,0.000000000000015821720000000002,6756168,2019-02-22 02:32:54,btc,224005479443.05774,0.0,0.0000000004,btc,3670392075.218083,0.107788186005994,0.5162418861011392,58
0,[],17,[],2019-02-22 02:32:57,0.0,0,0,6756169,2019-02-22 02:32:57,btc,1e+24,0.0,0,btc,41481695.95832568,0.0,0.0,58
0.0000000001253654,[],22,[],2019-02-22 02:33:35,137438.0,1.253654e-18,4.95874064122e-23,6756170,2019-02-22 02:33:35,XMR,69.8835922,0.0,0.00000001,XMR,9887963.0,0.0,0.00137438,58
1,[],5,[],2019-02-22 02:33:37,0.0,0,0,6756171,2019-02-22 02:33:37,btc,0.0,0.1342861,0,btc,0.0,0.0,0.0,61
1,[],22,[],2019-02-22 02:34:03,5149.5,0.00000011,0.000000000004350973,6756172,2019-02-22 02:34:03,BTC,1002.29597012,0.0,0.00000011,BTC,14947.700278135757,0.0,0.00051596,61
1,[],26,[],2019-02-22 02:34:03,0.0,0.00000800,0.0000000003164344,6756173,2019-02-22 02:34:03,btc,0.0,0.0,0.00000800,btc,0.0,0.0,0.0,61
1,[],27,[],2019-02-22 02:34:06,2493.55,0.00000045,0.000000000017799435,6756174,2019-02-22 02:34:06,btc,2.9493343005130614,0.0,0.00000045,"btc,eth",19197.38399471,0.0,0.0002155975036398768,61
1,[],28,[],2019-02-22 02:34:07,13882.304,0.0000005,0.00000000001977715,6756175,2019-02-22 02:34:07,btc,2.056350085685105,739.0,0.0000005,btc,9766.52450005,0.0,0.00566491304,61
1,[],4,[],2019-02-22 02:34:09,1452716.24622493,0.00000276,0.000000000109169868,6756176,2019-02-22 02:34:09,btc,11.231588600375565,0.0,0.00000276,btc,785283.66326143,0.1208938,1.3052389030986207,67
0.0,[],25,[],2019-02-22 02:34:11,0.0,0,0,6756177,2019-02-22 02:34:11,,0.0,0.0,0.0,btc,0.0,0.0,0.0,67
1,[],12,[],2019-02-22 02:34:12,3013665.48162626,0.00000025,0.000000000009888574999999999,6756178,2019-02-22 02:34:12,btc,11115996.103801649,0.0,0.00000025,btc,1989435.89946717,0.0044115827472545,0.1063726364411112,71
,[],5,[],2018-11-20 23:02:39,1.5e-07,0.00000005,0.000000000002128045,4862160,2018-11-20 23:02:39,btc,2.84511358,0.0,,btc,0.00036572,0.0,0.07381892,74
1,[],5,[],2019-02-22 02:34:13,0.0,0,0,6756179,2019-02-22 02:34:13,btc,0.0,0.0,0,btc,0.0,0.0,0.0,75
1,[],4,[],2019-02-22 02:34:14,17197128.37031862,0.00000001,0.000000000000395543,6756180,2019-02-22 02:34:14,btc,11394.388595673243,0.0,0.00000001,btc,34744270.17624532,0.00757814,0.1719712837031862,81
0,[],20,[],2019-01-25 09:30:31,0.0,0,0,6495923,2019-01-25 09:30:31,btc,0.0,0.0,0,btc,0.0,0.0,0.0,81
1,[],4,[],2019-02-22 02:34:16,33580.88077801,0.00007602,0.000000003006917886,6756181,2019-02-22 02:34:16,btc,17.759338136730605,0.0,0.00007602,btc,12590.63201567,0.00441627,0.5312747392729528,82
1,[],21,[],2019-02-22 02:34:16,49587.51199653,0.00007834999999999999354283880537,0.0000000030990794049999997,6756182,2019-02-22 02:34:16,btc,2.841773435206068,4096.62561187,0.000078349999999999993542838805371530952470493502914905548095703125,btc,28233.17195431,0.3181649,2.808125183289378,82
0,[],17,[],2019-02-21 22:08:50,0.0,0,0,6755035,2019-02-21 22:08:50,btc,0.0447233088476774,0.0,0,btc,999127.19588126,0.0,0.0,84
0.0000000001252781,[],4,[],2019-02-22 02:34:28,177364470.1336371,5.011124e-18,1.982115020332e-22,6756183,2019-02-22 02:34:28,ltc,1.7857317862438644,0.0,0.00000004,ltc,403325003.23880136,0.0001,4.998642694679218e-10,85
,[],22,[],2018-11-20 23:09:34,3408.1,0.0000001,0.0000000000041895,4862324,2018-11-20 23:09:34,BTC,0.04624735,0.0,,BTC,4990.0,0.0,0.00033081,86
0,[],22,[],2019-02-22 02:35:10,0.0,0,0,6756184,2019-02-22 02:35:10,,2.0760781,0.0,0,,140622.94736842104,0.0,0.0,87
0,[],27,[],2019-02-22 02:35:12,0.0,0,0,6756185,2019-02-22 02:35:12,,0.0,0.0,0,btc,0.0,0.0,0.0,87
,[],2,[],2018-11-20 23:10:47,0.0,0,0,4862359,2018-11-20 23:10:47,,0.0,0.0,,,0.0,0.0,0.0,88
1,[],11,[],2019-02-22 02:35:14,90909.27431009,0.0001460599999999999940893113947737447233521379530429840087890625,0.000000005777301058,6756186,2019-02-22 02:35:14,btc,609.1447421915633,0.5000978,0.0001460599999999999940893113947737447233521379530429840087890625,btc,89469.36829785,0.0,5.97677134128358,89
0,[],2,[],2019-01-20 23:31:45,0.0,0,0,6477083,2019-01-20 23:31:45,,0.0,0.0,0,,0.0,0.0,0.0,91
1,[],12,[],2019-02-22 02:35:15,430325.60684546,0.00000154999999999999998279913253351747215447176131419837474822998046875,0.000000000061309165,6756187,2019-02-22 02:35:15,btc,4.298961190096202,0.0,0.00000154999999999999998279913253351747215447176131419837474822998046875,btc,53001.7323838,0.0003796517999968,0.0440370144000056,91
0,[],17,[],2019-02-22 02:35:17,0.0,0,0,6756188,2019-02-22 02:35:17,btc,0.0,0.0,0,btc,0.0,0.0,0.0,91
0,[],22,[],2019-02-22 02:35:41,0.0,0,0,6756189,2019-02-22 02:35:41,,3.1e-06,0.0,0,,2.0,0.0,0.0,91
0.0000000001252781,[],22,[],2019-02-22 02:36:41,3506520.0,5.011124e-18,1.982115020332e-22,6756190,2019-02-22 02:36:41,LTC,8.54811591,0.0,0.00000004,LTC,72080461.1,0.0,0.1050108,95
0.0000000001252781,[],4,[],2019-02-22 02:36:43,138979614.5296412,7.6419641e-17,3.0227254060063e-21,6756191,2019-02-22 02:36:43,ltc,12.436994848307094,0.0,0.00000061,ltc,149569819.23032004,0.0001,1.0673759819381617e-09,96
1,[],12,[],2019-02-22 02:36:44,244006.0,0.00000001,0.000000000000395543,6756192,2019-02-22 02:36:44,btc,255075.89595435586,0.0,0.00000001,btc,8802090.84546427,0.000290989000999,0.00244006,96
0,[],17,[],2019-02-22 02:36:57,0.0,0,0,6756193,2019-02-22 02:36:57,btc,0.0,0.0,0,btc,0.0,0.0,0.0,96
1,[],4,[],2019-02-22 02:36:58,1362991.10246835,0.00000032,0.000000000012657376,6756194,2019-02-22 02:36:58,btc,3.2445833112710063,0.0,0.00000032,btc,2466005.11437209,0.04340099,0.1244488237891703,99
1,[],4,[],2019-02-22 02:36:59,211638.90609086,0.00003516,0.000000001390729188,6756195,2019-02-22 02:36:59,btc,7.505348345410152,0.0,0.00003516,btc,113846.85491516,1.33377216,1.176564979634088,100
0,[],2,[],2019-01-20 23:23:55,0.0,0,0,6476914,2019-01-20 23:23:55,,0.0,0.0,0,,0.0,0.0,0.0,100
1,[],22,[],2019-02-22 02:12:53,50000.0,0.00000001,0.00000000000039423899999999997,6756060,2019-02-22 02:12:53,BTC,23.49896609,0.0,0.00000001,BTC,10277.22,0.0,0.0005,101
1,[],4,[],2019-02-22 02:12:54,457600.14957719,0.00000086,0.000000000033904554,6756061,2019-02-22 02:12:54,btc,257.7084424182349,0.0,0.00000086,btc,504001.71368128,0.00245306,0.2302808479689907,103
1,[],12,[],2019-02-22 02:12:57,56284440.93,0.000000012,0.0000000000004730868,6756062,2019-02-22 02:12:57,btc,137279450.89573658,0.0,0.000000012,btc,119078364.77596687,0.04100152914578515,0.17526227716,105
1,[],27,[],2019-02-22 02:13:00,413310.89,0.00000001,0.00000000000039423899999999997,6756063,2019-02-22 02:13:00,btc,0.2139890355560939,9980.0,0.00000001,btc,389775.05581977,0.0001996,0.0041331089,105
1,[],22,[],2019-02-22 02:14:13,9328.0,0.00000001,0.00000000000039423899999999997,6756064,2019-02-22 02:14:13,BTC,51.10837004,0.0,0.00000001,BTC,470435.0,0.0,9.328e-05,107
1,[],26,[],2019-02-22 02:14:13,0.0,0.00000000,0,6756065,2019-02-22 02:14:13,btc,0.0,0.0,0.00000000,btc,0.0,0.0,0.0,107
1,[],5,[],2019-02-22 02:14:15,0.0,0,0,6756066,2019-02-22 02:14:15,btc,0.0,0.00142413,0,btc,0.0,0.0,0.0,112
1,[],22,[],2019-02-22 02:14:47,1966.0,0.00000001,0.00000000000039423899999999997,6756067,2019-02-22 02:14:47,BTC,2.81183288,0.0,0.00000001,BTC,808524.0833333334,0.0,1.966e-05,112
0,[],27,[],2019-02-22 02:14:50,0.0,0,0,6756068,2019-02-22 02:14:50,,1.35132491849924,0.0,0,"btc,eth",1328.641654,0.0,0.0,112
1,[],4,[],2019-02-22 02:14:52,483830.16671463,0.00000313,0.000000000123396807,6756069,2019-02-22 02:14:52,btc,5.6304153195718465,0.0,0.00000313,btc,316112.39758256,0.03061875,0.2969899098105272,113
1,[],5,[],2019-02-22 02:14:52,0.0,0,0,6756070,2019-02-22 02:14:52,btc,0.0,0.00016901,0,btc,0.0,0.0,0.0,113
1,[],17,[],2019-02-22 01:36:24,152738.278,0.00000004,0.000000000001572364,6755872,2019-02-22 01:36:24,btc,1.3368030275265324,0.0,0.00000004,btc,51896.221,0.0,0.0022095311199999998,116
0,[],27,[],2019-02-22 02:15:06,0.0,0,0,6756071,2019-02-22 02:15:06,,0.0,0.0,0,btc,0.0,0.0,0.0,116
1,[],4,[],2019-02-22 02:15:06,71119.89522301,0.00002854,0.000000001125158106,6756072,2019-02-22 02:15:06,btc,26.625961385582805,0.0,0.00002854,btc,55738.38303285,0.65117098,0.9298527829671029,120
1,[],7,[],2019-02-22 02:15:45,210547.69459977,0.000017379999999999999615862833479695837013423442840576171875,0.000000000685187382,6756073,2019-02-22 02:15:45,btc,115652.75105571284,6741.45055791,0.000017379999999999999615862833479695837013423442840576171875,btc,34958.163854880004,0.26475611,0.060239817736359495,120
1,[],20,[],2019-02-22 01:36:32,1205470.0397,0.000000012,0.0000000000004717092,6755876,2019-02-22 01:36:32,btc,31.9239877861223,1057.6,0.000000012,btc,1149876.605,1.26912e-05,0.0037161417072,125
1,[],22,[],2019-02-22 02:16:30,3053.0,0.00000001,0.00000000000039423899999999997,6756074,2019-02-22 02:16:30,BTC,0.01444887,0.0,0.00000001,BTC,296263.5111111111,0.0,3.053e-05,126
1,[],4,[],2019-02-22 01:37:31,104481.86774145,0.00001553,0.000000000610470323,6755878,2019-02-22 01:37:31,btc,24.222020823371277,0.0,0.00001553,btc,136041.30421943,0.21211923,0.6897991181069228,131
0,[],2,[],2019-01-20 23:25:46,0.0,0,0,6476969,2019-01-20 23:25:46,,0.0,0.0,0,,0.0,0.0,0.0,131
0,[],17,[],2019-02-21 23:39:18,0.0,0,0,6755265,2019-02-21 23:39:18,btc,0.0009561751951600001,0.0,0,btc,35.42829368,0.0,0.0,131
1,[],4,[],2019-02-22 01:37:43,4557.68211361,0.00016708,0.000000006567764428,6755879,2019-02-22 01:37:43,btc,1.6462887882650394,0.0,0.00016708,btc,334.27808618,0.0,0.0091207582511997,135
1,[],3,[],2019-02-22 01:37:45,1494906.66238508,0.00000005,0.000000000001965455,6755880,2019-02-22 01:37:45,btc,0.1358217413247742,28286.31,0.00000005,btc,597822.99008313,0.0,0.0548386662803677,136
1,[],4,[],2019-02-22 01:37:46,320656.18078931,0.00000165,0.000000000064860015,6755881,2019-02-22 01:37:46,btc,38.87100605764255,0.0,0.00000165,btc,634614.41483331,0.09515608,0.1638024349253153,137
1,[],12,[],2019-02-22 01:37:48,288578.74607104,0.000001340000000000000087593235616190145975679115508683025836944580078125,0.000000000052674194,6755882,2019-02-22 01:37:48,btc,11807.701470288377,0.0,0.000001340000000000000087593235616190145975679115508683025836944580078125,btc,158269.38316351,0.0028533286897057,0.0148869999999596,137
1,[],4,[],2019-02-22 02:16:31,205896.11495526,0.00004750,0.00000000187263525,6756075,2019-02-22 02:16:31,btc,28.46653899055961,0.0,0.00004750,btc,42344.72951522,0.13117114,0.3180703161541872,142
1,[],5,[],2019-02-22 02:16:32,0.0,0,0,6756076,2019-02-22 02:16:32,btc,0.0,0.2089962,0,btc,0.0,0.0,0.0,142
1,[],17,[],2019-02-22 02:16:34,22967.386363640002,0.00000088,0.000000000034693032000000004,6756077,2019-02-22 02:16:34,btc,20.0699133484,0.0,0.00000088,btc,405.079105,0.0,0.0104613000000032,142
1,[],20,[],2019-02-22 02:16:37,133495.7644,0.0000451,0.00000000177801789,6756078,2019-02-22 02:16:37,btc,0.4934565146914,20.9232,0.0000451,btc,3751.6313,0.00107819622,0.2417000720137,142
1,[],22,[],2019-02-22 02:17:19,1670.2794996606253,0.00004651,0.0000000018336055889999999,6756079,2019-02-22 02:17:19,BTC,3.00424677,0.0,0.00004651,BTC,896.9785515239478,0.0,0.00544952,142
0.0,[],25,[],2019-02-22 02:17:20,0.0,0,0,6756080,2019-02-22 02:17:20,,0.0,0.0,0.0,btc,0.0,0.0,0.0,142
1,[],28,[],2019-02-22 02:17:26,76883.0,0.00004500,0.0000000017740755,6756081,2019-02-22 02:17:26,btc,0.060714749,564.0,0.00004500,btc,406.4319,0.0,0.0388422,142
0,[],22,[],2019-02-22 01:39:02,0.0,0,0,6755889,2019-02-22 01:39:02,,61.2661956,0.0,0,,747539842.3,0.0,0.0,143
1,[],21,[],2019-02-22 01:39:03,50922727.97754479,0.00000024,0.000000000009434183999999998,6755890,2019-02-22 01:39:03,btc,57.850588503407685,5723470.73807143,0.00000024,btc,101265617.01019657,1.42889951,3.354795388457496,145
0,[],22,[],2019-02-22 01:39:34,0.0,0,0,6755891,2019-02-22 01:39:34,,4.24946284,0.0,0,,1812156.0,0.0,0.0,146
,[],22,[],2018-11-20 23:01:11,0.0,0,0,4862114,2018-11-20 23:01:11,,2.56807021,0.0,,,61828.4988236,0.0,0.0,147
1,[],12,[],2019-02-22 01:39:34,99304.11000625,0.00000251000000000000010876390933722834830632564262486994266510009765625,0.000000000098665841,6755892,2019-02-22 01:39:34,btc,16.28904369327137,0.0,0.00000251000000000000010876390933722834830632564262486994266510009765625,btc,116932.3360165,0.006109418,0.0182653099999905,148
1,[],4,[],2019-02-22 01:39:35,241613.36796929,0.00000029,0.000000000011399638999999999,6755893,2019-02-22 01:39:35,btc,219.9404515031162,0.0,0.00000029,btc,793918.66646363,0.0,0.0568147890840236,152
0,[],22,[],2019-02-22 01:39:59,0.0,0,0,6755894,2019-02-22 01:39:59,,0.0,0.0,0,,0.0,0.0,0.0,152
1,[],5,[],2019-02-22 01:40:01,0.0,0,0,6755895,2019-02-22 01:40:01,btc,0.0,0.0001,0,btc,0.0,0.0,0.0,153
,[],16,[],2019-01-11 15:38:59,0.0,0,0,6366141,2019-01-11 15:38:59,btc,0.0,0.0,,btc,0.0,0.0,0.0,155
0,[],22,[],2019-02-22 01:40:39,0.0,0,0,6755896,2019-02-22 01:40:39,,6.74608761,0.0,0,,4644402.242592593,0.0,0.0,156
0,[],23,[],2019-01-20 23:24:29,0.0,0,0,6476932,2019-01-20 23:24:29,,0.0,0.0,0,,0.0,0.0,0.0,156
1,[],22,[],2019-02-22 01:41:28,7073.8,0.00005300,0.0000000020833823,6755897,2019-02-22 01:41:28,BTC,1.80343699,0.0,0.00005300,BTC,899.6422341958436,0.0,0.00104336,157
0,[],22,[],2019-02-22 01:43:25,0.0,0,0,6755898,2019-02-22 01:43:25,,50175.68008609,0.0,0,,54479136.04179466,0.0,0.0,158
,[],17,[],2018-11-20 22:56:10,0.0,0,0,4861976,2018-11-20 22:56:10,btc,1.1265625,0.0,,btc,1000.0,0.0,0.0,159
,[],20,[],2018-11-20 22:56:12,0.0,0,0,4861977,2018-11-20 22:56:12,btc,11912.7940471,0.0,,btc,34413894.3617,0.0,0.0,159
1,[],12,[],2019-02-22 01:43:26,183068.32753357,0.000008820000000000000257328880426399564385064877569675445556640625,0.000000000346706262,6755899,2019-02-22 01:43:26,btc,6.658358703558141,0.0,0.000008820000000000000257328880426399564385064877569675445556640625,btc,14574.64059133,0.0055860417230108,0.1009152493497678,168
1,[],17,[],2019-02-22 01:43:39,29784.95,0.000001,0.000000000039309099999999995,6755900,2019-02-22 01:43:39,btc,0.03026736251542,0.0,0.000001,btc,144.46171372,0.0,0.00716147,168
0,[],22,[],2019-02-22 01:44:08,0.0,0,0,6755901,2019-02-22 01:44:08,,1.14695792,0.0,0,,779972.8900917594,0.0,0.0,169
1,[],22,[],2019-02-22 01:44:51,151150.0,0.0000003,0.00000000001179273,6755902,2019-02-22 01:44:51,BTC,13.25720559,0.0,0.0000003,BTC,154928.8139641707,0.000668,0.020138,171
1,[],22,[],2019-02-22 01:45:19,152929.125,0.00000008,0.000000000003144728,6755903,2019-02-22 01:45:19,BTC,2.66650723,0.0,0.00000008,BTC,275598.94731670973,0.00156826,0.0089885,173
1,[],5,[],2019-02-22 01:45:20,0.0,0,0,6755904,2019-02-22 01:45:20,btc,0.0,0.06273533,0,btc,0.0,0.0,0.0,175
1,[],22,[],2019-02-22 01:45:37,45784.0,0.0000003,0.00000000001179273,6755905,2019-02-22 01:45:37,BTC,0.5289391,0.0,0.0000003,BTC,142708.91384013777,0.0,0.0052016,176
1,[],7,[],2019-02-22 01:45:38,0.0,0,0,6755906,2019-02-22 01:45:38,btc,410932.427678026,0.0,0,btc,117633836.32502417,0.0,0.0,178
0,[],22,[],2019-02-22 01:45:52,0.0,0,0,6755907,2019-02-22 01:45:52,,1.00242428,0.0,0,,57512.0,0.0,0.0,178
0,[],2,[],2019-01-20 23:28:34,0.0,0,0,6477001,2019-01-20 23:28:34,,0.0,0.0,0,,0.0,0.0,0.0,178
1,[],5,[],2019-02-22 01:45:54,0.0,0,0,6755908,2019-02-22 01:45:54,btc,0.0,0.12562775,0,btc,0.0,0.0,0.0,179
1,[],22,[],2019-02-22 01:46:31,7050947.0,0.00000002,0.000000000000786182,6755909,2019-02-22 01:46:31,BTC,5.48914188,0.0,0.00000002,"BTC,LTC",17362807.968656633,0.0,0.37595966,179
0,[],23,[],2019-01-20 23:25:08,0.0,0,0,6476952,2019-01-20 23:25:08,,0.0,0.0,0,,0.0,0.0,0.0,179
1,[],17,[],2019-02-22 01:46:33,10504.725,0.0000001,0.00000000000393091,6755910,2019-02-22 01:46:33,btc,5.201069583845955,0.0,0.0000001,btc,5033.45945,0.0,0.0010504725,180
0.0000000001242203,[],22,[],2019-02-22 01:47:19,128605.4,1.2422030000000001e-17,4.88298819473e-22,6755911,2019-02-22 01:47:19,LTC,0.19387709,0.0,0.0000001,LTC,57423.30659767064,0.0,0.00130544,180
1,[],26,[],2019-02-22 01:47:19,0.0,0.00000100,0.0000000000393091,6755912,2019-02-22 01:47:19,btc,0.0,100.0,0.00000100,btc,0.0,0.0,0.0,180
,[],7,[],2018-11-20 22:58:01,562227.975654,0.00000085,0.000000000036176765,4862015,2018-11-20 22:58:01,btc,21836.6059674,2491.87645172,,btc,749999.041456,0.00211021,0.127565380455,183
,[],5,[],2019-01-10 08:11:41,0.0,0,0,6347036,2019-01-10 08:11:41,btc,82.15055501,0.00261,,btc,1.19002445,0.0,0.0,187
1,[],24,[],2019-02-22 01:47:19,0.0,0.000000000001,3.93091e-17,6755913,2019-02-22 01:47:19,btc,0.0,0.0,0.000000000001,btc,0.0,0.0,0.0,187
,[],17,[],2018-11-16 20:58:10,4062536.27273,0.00000001,0.000000000000550501,4708775,2018-11-16 20:58:10,btc,3.36492563466,0.195460381006,,"btc,eth",110697919.549,0.0,0.0157628953496,187
0,[],22,[],2019-02-22 01:47:49,0.0,0,0,6755914,2019-02-22 01:47:49,,1.19374396,0.0,0,,16308.869534405507,0.0,0.0,191
0,[],22,[],2019-02-22 01:49:30,0.0,0,0,6755915,2019-02-22 01:49:30,,0.0,0.0,0,,0.0,0.0,0.0,197
0,[],23,[],2019-01-20 23:31:41,0.0,0,0,6477079,2019-01-20 23:31:41,,0.0,0.0,0,,0.0,0.0,0.0,199
0,[],22,[],2019-02-22 01:49:45,0.0,0,0,6755916,2019-02-22 01:49:45,,5.17330081,0.0,0,,21824453.0,0.0,0.0,199
1,[],26,[],2019-02-22 01:49:45,0.0,0.00000000,0,6755917,2019-02-22 01:49:45,btc,0.0,0.0,0.00000000,btc,0.0,0.0,0.0,199
0,[],17,[],2019-01-30 16:32:01,0.0,0,0,6540827,2019-01-30 16:32:01,btc,6.802544163788159,0.0,0,btc,105897.55575295,0.0,0.0,200
0,[],2,[],2019-01-20 23:30:49,0.0,0,0,6477059,2019-01-20 23:30:49,,0.0,0.0,0,,0.0,0.0,0.0,201
1,[],4,[],2019-01-25 15:51:35,2084389.58565343,0.00000936,0.000000000333526752,6499557,2019-01-25 15:51:35,btc,2.0092503037378524,0.0,0.00000936,btc,160195.80207885,0.19272417,1.242687955921835,211
1,[],7,[],2019-02-22 01:49:49,4142548.70084441,0.00000137000000000000001212029608621545406776931486092507839202880859375,0.000000000053853467,6755918,2019-02-22 01:49:49,btc,15475878.165499778,564544.343841,0.00000137000000000000001212029608621545406776931486092507839202880859375,btc,14327328.3449021,0.0,3.075841925657486,212
1,[],5,[],2019-02-22 01:49:50,0.0,0,0,6755919,2019-02-22 01:49:50,btc,0.0,0.13973455,0,btc,0.0,0.0,0.0,213
1,[],24,[],2019-02-22 01:49:51,0.0,0.000000150000,0.000000000005896365,6755920,2019-02-22 01:49:51,btc,0.0,0.0,0.000000150000,btc,0.0,0.0,0.0,213
1,[],26,[],2019-02-22 01:49:51,0.0,0.00000009,0.0000000000035378189999999998,6755921,2019-02-22 01:49:51,btc,0.0,0.0,0.00000009,btc,0.0,0.0,0.0,213
1,[],12,[],2019-01-25 02:44:32,207462.42853209,0.000001080000000000000035831255497387193287295303889550268650054931640625,0.000000000038610756000000006,6493050,2019-01-25 02:44:32,btc,85023.03793723314,0.0,0.000001080000000000000035831255497387193287295303889550268650054931640625,btc,43675.73520027,0.000146250909087,0.0348620860622024,213
1,[],22,[],2019-02-22 01:50:41,120000.0,0.00000001,0.000000000000393091,6755922,2019-02-22 01:50:41,BTC,2.19671377,0.0,0.00000001,BTC,271112.59081706154,0.0,0.0012,216
1,[],27,[],2019-02-22 01:50:43,1217904.5615,0.00000008,0.000000000003144728,6755923,2019-02-22 01:50:43,btc,355.9342228329,40299.4,0.00000008,"btc,ltc",219414.501,0.00523892,0.03527856246,216
1,[],22,[],2019-02-22 01:51:14,277681.72409638553,0.00000230,0.00000000009041093,6755924,2019-02-22 01:51:14,BTC,12673.4875715,0.0,0.00000230,BTC,356992.62392557156,0.11618898,0.41776713,217
1,[],7,[],2019-02-22 01:51:16,0.0,0,0,6755925,2019-02-22 01:51:16,btc,77969.6156418105,0.0,0,btc,137055636.5050253,0.0,0.0,219
0,[],27,[],2019-02-22 01:51:17,0.0,0,0,6755926,2019-02-22 01:51:17,,0.0740438339680921,0.0,0,btc,1536429.20709513,0.0,0.0,219
0.0000000000000052,[],28,[],2019-02-22 01:51:24,168262604.092,4.31652e-18,1.69678516332e-22,6755927,2019-02-22 01:51:24,doge,83804.0328917675,39406.7478,0.00083010,"btc,doge",4821437.84751,0.0,1.198831752510288e-11,219
1,[],22,[],2019-02-22 01:51:57,196135.6,0.00000012,0.000000000004717092,6755928,2019-02-22 01:51:57,BTC,3.00159283,0.0,0.00000012,BTC,106936.27041875875,0.01625106,0.02066356,221
1,[],24,[],2019-02-22 01:51:57,0.0,0.000000200000,0.00000000000786182,6755929,2019-02-22 01:51:57,btc,0.0,0.0,0.000000200000,btc,0.0,0.0,0.0,221
1,[],20,[],2019-02-22 01:52:00,43228436.1239,0.000000001,0.000000000000039309099999999997,6755930,2019-02-22 01:52:00,btc,47.9968636290187,1015845.7339,0.000000001,btc,11147457.9984,0.0010158457339,0.0432284361239,224
0,[],22,[],2019-02-22 01:52:41,0.0,0,0,6755931,2019-02-22 01:52:41,,0.0,0.0,0,,0.0,0.0,0.0,224
1,[],26,[],2019-02-22 01:52:41,0.0,0.00000036,0.000000000014151275999999999,6755932,2019-02-22 01:52:41,btc,0.0,0.0,0.00000036,btc,0.0,0.0,0.0,231
1,[],26,[],2019-02-22 01:52:42,0.0,0.00000006,0.000000000002358546,6755933,2019-02-22 01:52:42,btc,0.0,0.0,0.00000006,btc,0.0,0.0,0.0,234
0,[],27,[],2019-02-22 01:52:44,0.0,0,0,6755934,2019-02-22 01:52:44,,0.0113483662182,0.0,0,"btc,eth",11462.99618,0.0,0.0,234
0,[],22,[],2019-02-22 01:53:03,0.0,0,0,6755935,2019-02-22 01:53:03,,4.02258988,0.0,0,,106046393.81349206,0.0,0.0,235
1,[],4,[],2019-02-22 01:53:04,1247709.46229429,0.00000093,0.000000000036557463,6755936,2019-02-22 01:53:04,btc,4.888413545612849,0.0,0.00000093,btc,1055679.81067666,0.19220231,0.5140282806514471,236
1,[],24,[],2019-02-22 01:53:04,0.0,0.000000020010,0.0000000000007865750909999999,6755937,2019-02-22 01:53:04,btc,0.0,0.0,0.000000020010,btc,0.0,0.0,0.0,236
1,[],20,[],2019-02-22 01:53:07,64789678.0844,0.000000065,0.0000000000025550915,6755938,2019-02-22 01:53:07,btc,8.8706213377096,29941537.4685,0.000000065,btc,44072914.17,1.8160618104499,0.3225107772993,237
1,[],22,[],2019-02-22 01:53:37,116403.0,0.00000004,0.000000000001572364,6755939,2019-02-22 01:53:37,BTC,0.0405823,0.0,0.00000004,"BTC,LTC",3164.0,0.0,0.00482009,237
1,[],4,[],2019-02-22 01:53:38,8213110.29851847,0.00000033,0.000000000012972003,6755940,2019-02-22 01:53:38,btc,5.462424705778829,0.0,0.00000033,btc,8189979.82669544,0.39414932,1.8340580319565385,238
1,[],5,[],2019-02-22 01:53:41,0.0,0,0,6755941,2019-02-22 01:53:41,btc,0.0,0.01419387,0,btc,0.0,0.0,0.0,238
0,[],22,[],2019-02-22 01:54:10,0.0,0,0,6755942,2019-02-22 01:54:10,,27.41701007,0.0,0,,370860.0639027493,0.0,0.0,249
0.0000000001242203,[],22,[],2019-02-22 01:54:49,7021097.666666667,3.726609e-18,1.464896458419e-22,6755943,2019-02-22 01:54:49,LTC,0.54280194,0.0,0.00000003,LTC,14549981.09,2.9688949828720003e-12,0.20963595,252
1,[],28,[],2019-02-22 01:54:54,4391956.698,0.0000001,0.00000000000393091,6755944,2019-02-22 01:54:54,btc,164693.72235365084,110429.4,0.0000001,btc,1231660.0351,0.0,0.2663411375,256
1,[],22,[],2019-02-22 01:56:46,2448447.6666666665,0.00000003,0.000000000001179273,6755945,2019-02-22 01:56:46,BTC,31.42325404,0.0,0.00000003,BTC,516668.9505485993,0.00075,0.05230815,258
1,[],22,[],2019-02-22 01:57:08,48751.0,0.00000001,0.000000000000393091,6755946,2019-02-22 01:57:08,BTC,2.4175745,0.0,0.00000001,BTC,1762.0,0.0,0.00048751,259
1,[],22,[],2019-02-22 01:59:28,4488.0,0.00000950,0.00000000037343645,6755947,2019-02-22 01:59:28,BTC,1217.05796381,0.0,0.00000950,"BTC,LTC",7553.505954526347,0.0,0.02735525,262
1,[],5,[],2019-02-22 01:59:30,0.0,0,0,6755948,2019-02-22 01:59:30,btc,0.0,0.18652746,0,btc,0.0,0.0,0.0,264
1,[],20,[],2019-02-22 01:59:31,1221316.0908,0.000002032,0.0000000000798760912,6755949,2019-02-22 01:59:31,btc,7.6838665914988,67371.0077,0.000002032,btc,106405.0146,0.224130246221,0.0309189336348,264
1,[],22,[],2019-02-22 02:00:21,31914.0,0.00000001,0.000000000000393091,6755950,2019-02-22 02:00:21,BTC,8.4442135,0.0,0.00000001,BTC,427909.69136002666,6.5e-05,0.00031914,271
0,[],22,[],2019-02-22 02:00:34,0.0,0,0,6755951,2019-02-22 02:00:34,,390.78678703,0.0,0,,15707597515.9,0.0,0.0,272
0.0000000000000052,[],28,[],2019-02-22 02:00:39,253278339768.612,4.16e-21,1.63525856e-25,6755952,2019-02-22 02:00:39,doge,6000225.781107035,17301962104.733,0.0000008,doge,212595866142.02954,0.0,7.034083809722813e-10,272
1,[],22,[],2019-02-22 02:01:05,15071.41,0.00000206,0.000000000080976746,6755953,2019-02-22 02:01:05,BTC,74.30180155,0.0,0.00000206,"BTC,LTC",7862.487639773189,0.09422626,0.04526758,281
1,[],22,[],2019-02-22 02:01:26,59394.0,0.00000002,0.000000000000786182,6755954,2019-02-22 02:01:26,BTC,1.3322851,0.0,0.00000002,BTC,139503.04598459575,0.00011106,0.00098018,286
0,[],22,[],2019-02-22 02:03:17,0.0,0,0,6755955,2019-02-22 02:03:17,,43633.68112286,0.0,0,,335177129.0,0.0,0.0,294
