pairValue,buyBook,exchangeId,sellBook,updated,buyTotal,satoshiPrice,usdPrice,exchangeLogId,created,bestPair,sellTotalBtc,volume,pairPrice,activePairs,sellTotal,volumeBtc,buyTotalBtc,coinId
1,[],3,[],2019-01-30 08:18:15,112.710096135721,0.01269679999999999940596406844406374148093163967132568359375,0.00000043517139287999996,6536740,2019-01-30 08:18:15,btc,107.00395359060936,0.137556789836,0.01269679999999999940596406844406374148093163967132568359375,btc,13.806714587123,0.0,0.2329584289597109,1
1,[],4,[],2019-01-30 08:18:16,25063.61238464,0.01265013,0.00000043357182063299997,6536741,2019-01-30 08:18:16,btc,0.9609703446505559,0.0,0.01265013,btc,71.68750317,0.3021742,1.0581132432312028,1
1,[],5,[],2019-01-30 08:18:19,0.23971994,0.01253437,0.000000429604250817,6536742,2019-01-30 08:18:19,btc,14578.44797989,0.00191965,0.01253437,btc,35555556.29113319,0.0,1.41219902,1
1,[],10,[],2019-01-30 08:18:22,272495.66310143,0.012234,0.0000004193093394,6536743,2019-01-30 08:18:22,btc,6536.375361190753,1225.28079034,0.012234,btc,920.41958083,0.0,4.995992528320631,1
1,[],12,[],2019-01-30 08:18:23,10413.87369308,0.0118399999999999998301358772323510493151843547821044921875,0.000000405805344,6536744,2019-01-30 08:18:23,btc,0.7573693917462,0.0,0.0118399999999999998301358772323510493151843547821044921875,btc,53.81445971,0.0263939059707,0.0752152381209,1
1,[],20,[],2019-01-30 08:18:25,1453.8517,0.0105001,0.00000035988147740999997,6536745,2019-01-30 08:18:25,btc,0.0564711704203,0.0,0.0105001,btc,2.4781,0.0,0.0967112513876,1
1,[],21,[],2019-01-30 08:18:26,1879.18060763,0.01248805000000000053894666507,0.00000042801667450500003,6536746,2019-01-30 08:18:26,btc,18.177973906589198,3651.8234866599996,0.0124880500000000005389466650740359909832477569580078125,"btc,eth",1911.69038325,42.05312585098745,19.53117948581215,1
1,[],22,[],2019-01-30 08:18:30,0.03636045714285714,0.01400000,0.0000004798374,6536747,2019-01-30 08:18:30,BTC,0.31380731,0.0,0.01400000,BTC,0.09124366666666667,6.237e-05,0.00048448,1
1,[],24,[],2019-01-30 08:18:31,0.0,0.000000000000,0,6536748,2019-01-30 08:18:31,btc,0.0,0.0,0.000000000000,btc,0.0,0.0,0.0,1
0.0,[],25,[],2019-01-30 08:18:32,0.0,0,0,6536749,2019-01-30 08:18:32,btc,17.58789999810331,369.87394508,0.0,btc,1376.67513565,4.6915,0.0,1
1,[],26,[],2019-01-30 08:18:42,0.0,0,0,6536750,2019-01-30 08:18:42,,0.0,0.0,0,,0.0,0.0,0.0,1
1,[],28,[],2019-01-30 08:18:47,987.9,0.01131000,0.000000387640071,6536751,2019-01-30 08:18:47,btc,0.162839806,17544.2,0.01131000,btc,8.9,0.0,0.024551096,1
0,[],2,[],2019-01-20 23:28:45,0.0,0,0,6477011,2019-01-20 23:28:45,,0.0,0.0,0,,0.0,0.0,0.0,1
1,[],5,[],2019-01-30 08:18:49,1.96e-05,0.00000075,0.000000000025705575,6536752,2019-01-30 08:18:49,btc,0.1350513,0.04504264,0.00000075,btc,7.413e-05,0.0,0.47833566,2
1,[],22,[],2019-01-30 08:18:53,1754.625335862178,0.0000004,0.00000000001370964,6536753,2019-01-30 08:18:53,BTC,0.0231601,0.0,0.0000004,"BTC,XMR",14562.72385,0.0,0.00111682,2
1,[],5,[],2019-01-30 08:18:55,1.42e-06,0.00000017,0.000000000005826597,6536754,2019-01-30 08:18:55,btc,3.87774427,0.12215701,0.00000017,btc,2.267e-05,0.0,3.69862926,3
1,[],12,[],2019-01-30 08:18:55,12380935.9061564,0.000000168,0.000000000005758048799999999,6536755,2019-01-30 08:18:55,btc,921319.9138825238,0.0,0.000000168,btc,8033359.68379363,0.02800275577511242,0.5319879558197599,3
0,[],28,[],2019-01-30 08:19:00,0.0,0,0,6536756,2019-01-30 08:19:00,,0.0,0.0,0,,0.0,0.0,0.0,3
0,[],2,[],2019-01-20 23:31:32,0.0,0,0,6477077,2019-01-20 23:31:32,,0.0,0.0,0,,0.0,0.0,0.0,4
1,[],4,[],2019-01-30 08:19:01,265022.55275136,0.00000037,0.000000000012681416999999999,6536757,2019-01-30 08:19:01,btc,0.412513041017036,0.0,0.00000037,btc,333111.97555063,0.00061667,0.0224269704563063,4
1,[],12,[],2019-01-25 15:53:49,1222127.5219999999,0.00000003,0.000000000001069017,6499609,2019-01-25 15:53:49,btc,11013867.817925906,0.0,0.00000003,btc,969763.77092902,0.0,0.01617509044,5
0,[],2,[],2019-01-20 23:31:51,0.0,0,0,6477087,2019-01-20 23:31:51,,0.0,0.0,0,,0.0,0.0,0.0,6
1,[],11,[],2019-01-30 08:19:03,5464997.5,0.00000001,0.000000000000342741,6536758,2019-01-30 08:19:03,btc,9432.52693976905,531050.96,0.00000001,btc,41805294.538379386,0.0,0.054649975,6
1,[],3,[],2019-01-30 08:19:04,0.0,0.000150559999999999995050348200464895853656344115734100341796875,0.000000005160308496,6536759,2019-01-30 08:19:04,btc,0.0,0.0,0.000150559999999999995050348200464895853656344115734100341796875,btc,0.0,0.0,0.0,7
1,[],4,[],2019-01-30 08:19:04,21069.85568475,0.00015946,0.000000005465347986,6536760,2019-01-30 08:19:04,btc,2.655762781087542,0.0,0.00015946,btc,15040.41690723,3.64206746,3.0863213537843213,7
1,[],5,[],2019-01-30 08:19:06,0.00549463,0.00015538,0.0000000053255096579999996,6536761,2019-01-30 08:19:06,btc,1.64360078,0.78950142,0.00015538,btc,0.01067501,0.0,1.49361592,7
1,[],20,[],2019-01-30 07:24:52,62771509.8802,0.000000001,0.0000000000000342005,6536583,2019-01-30 07:24:52,btc,136.3855656321072,0.0,0.000000001,btc,28004456.1818,0.0,0.0627715098802,8
1,[],1,[],2019-01-30 08:19:07,4255040.34,0.000001799999999999999918546601286595265634105089702643454074859619140625,0.00000000006169338,6536762,2019-01-30 08:19:07,btc,4.1130279063,17433719.81,0.000001799999999999999918546601286595265634105089702643454074859619140625,btc,2240432.95,31.59341147,7.5935847385,9
1,[],4,[],2019-01-30 08:19:08,1097998.3918378,0.00000177,0.000000000060665157,6536763,2019-01-30 08:19:08,btc,1.0267474426175196,0.0,0.00000177,btc,531587.55665416,0.54613767,0.3493552621697598,9
1,[],28,[],2019-01-30 08:19:12,49320.0,0.00000190,0.00000000006512079,6536764,2019-01-30 08:19:12,btc,2708.750989044,3614474.0,0.00000190,btc,7870.28,0.0,0.056698,9
0,[],2,[],2019-01-20 23:22:42,0.0,0,0,6476876,2019-01-20 23:22:42,,0.0,0.0,0,,0.0,0.0,0.0,9
0,[],23,[],2019-01-20 23:22:48,0.0,0,0,6476878,2019-01-20 23:22:48,,0.0,0.0,0,,0.0,0.0,0.0,9
1,[],4,[],2019-01-30 07:25:00,7704347.66126053,0.00000002,0.00000000000068401,6536587,2019-01-30 07:25:00,btc,0.2059096907857639,0.0,0.00000002,btc,4034631.16091358,0.00998019,0.0827994438452106,10
1,[],4,[],2019-01-30 08:19:13,3720206.93515022,0.00000140,0.00000000004798374,6536765,2019-01-30 08:19:13,btc,1.2797847332054801,0.0,0.00000140,btc,873812.79076196,3.19486805,3.0086475823095955,12
1,[],5,[],2019-01-30 08:19:14,1.312e-05,0.00000134,0.000000000045927294,6536766,2019-01-30 08:19:14,btc,0.46437023,1.59167627,0.00000134,btc,0.00010854,0.0,0.64824689,12
0.0,[],25,[],2019-01-30 08:19:16,0.0,0,0,6536767,2019-01-30 08:19:16,,0.0,0.0,0.0,btc,0.0,0.0,0.0,12
0,[],2,[],2019-01-20 23:23:08,0.0,0,0,6476890,2019-01-20 23:23:08,,0.0,0.0,0,,0.0,0.0,0.0,12
1,[],4,[],2019-01-30 08:19:17,291511.55402586,0.00000628,0.000000000215241348,6536768,2019-01-30 08:19:17,btc,0.4358232518795016,0.0,0.00000628,btc,63203.75880402,1.27204864,1.2240039242047724,13
1,[],10,[],2019-01-30 08:19:18,581488.65995438,0.0000063,0.00000000021592683,6536769,2019-01-30 08:19:18,btc,666810.8540535896,11819.310166,0.0000063,btc,837771.30769711,0.0,0.8017824441239403,13
1,[],21,[],2019-01-30 08:19:20,2182502.92307164,0.000006420000000000000365933412044,0.000000000220039722,6536770,2019-01-30 08:19:20,btc,7.038553760676046,1189438.96198032,0.0000064200000000000003659334120442725435395914246328175067901611328125,btc,978927.40442739,7.7530584,9.764939939815275,13
1,[],4,[],2019-01-30 08:19:21,850012.96147645,0.00000147,0.000000000050382927,6536771,2019-01-30 08:19:21,btc,0.159105676683051,0.0,0.00000147,btc,75805.67883003,0.00184196,0.1572678046628363,14
1,[],12,[],2019-01-30 08:19:23,86181.42857143,0.0000011599999999999999051561623553130431218960438854992389678955078125,0.000000000039757955999999996,6536772,2019-01-30 08:19:23,btc,1.7870420966516911,0.0,0.0000011599999999999999051561623553130431218960438854992389678955078125,btc,38567.61958427,3.22e-05,0.0096009600000016,14
0,[],17,[],2019-01-30 08:19:25,0.0,0,0,6536773,2019-01-30 08:19:25,btc,0.0,0.0,0,btc,0.0,0.0,0.0,14
1,[],26,[],2019-01-30 08:19:25,0.0,0.00000049,0.000000000016794309,6536774,2019-01-30 08:19:25,btc,0.0,0.0,0.00000049,btc,0.0,0.0,0.0,14
0,[],4,[],2019-01-30 08:19:26,0.0,0,0,6536775,2019-01-30 08:19:26,,0.0,0.0,0,,0.0,0.0,0.0,15
,[],12,[],2018-12-01 15:15:48,204241.84496,0.00000489,0.000000000202473384,5260204,2018-12-01 15:15:48,btc,49.5475654835,0.0,,btc,35763.2193806,0.0163153972027625,0.0203389899998,15
1,[],4,[],2019-01-30 08:19:27,24728.63339518,0.00001825,0.000000000625502325,6536776,2019-01-30 08:19:27,btc,1.228481857644696,0.0,0.00001825,btc,7474.07286198,0.01342765,0.0761152375068372,18
1,[],10,[],2019-01-30 08:19:29,395322.20375672,0.00001751,0.000000000600139491,6536777,2019-01-30 08:19:29,btc,15.57026361994189,400.8438511,0.00001751,btc,11361.64401366,0.0,0.2760146769352225,18
1,[],12,[],2019-01-30 08:19:30,201041.910637,0.0000175899999999999992993104935834480784251354634761810302734375,0.000000000602881419,6536778,2019-01-30 08:19:30,btc,0.1978284741753638,0.0,0.0000175899999999999992993104935834480784251354634761810302734375,btc,2114.02781987,0.0058428789058218,0.0212143666722803,18
0,[],17,[],2019-01-30 08:19:32,0.0,0,0,6536779,2019-01-30 08:19:32,btc,0.0,0.0,0,btc,0.0,0.0,0.0,18
0,[],2,[],2019-01-20 23:23:38,0.0,0,0,6476906,2019-01-20 23:23:38,,0.0,0.0,0,,0.0,0.0,0.0,18
1,[],3,[],2019-01-30 08:19:34,109030.71646377914,0.00003512000000000000256121512887119706647354178130626678466796875,0.0000000012037063920000001,6536780,2019-01-30 08:19:34,btc,1.1927526871130079,147.24687733,0.00003512000000000000256121512887119706647354178130626678466796875,btc,8377.144083289311,0.0,0.11033968065899341,19
1,[],4,[],2019-01-30 08:19:35,65857.50599412,0.00003196,0.000000001095400236,6536781,2019-01-30 08:19:35,btc,0.4369255838905431,0.0,0.00003196,btc,11261.73798226,0.88424141,1.3517575163037518,19
1,[],5,[],2019-01-30 08:19:37,0.00038549,0.00003157,0.000000001082033337,6536782,2019-01-30 08:19:37,btc,0.31830458,0.0,0.00003157,btc,0.00350906,0.0,0.19357146,19
1,[],12,[],2019-01-30 08:19:39,133661.0,0.0000333099999999999978679728063202247767549124546349048614501953125,0.000000001141670271,6536783,2019-01-30 08:19:39,btc,1.9925471229136473,0.0,0.0000333099999999999978679728063202247767549124546349048614501953125,btc,436.27457877,0.002528288601326,0.033221469999999996,19
0,[],27,[],2019-01-30 08:19:40,0.0,0,0,6536784,2019-01-30 08:19:40,,0.0,0.0,0,btc,0.0,0.0,0.0,19
0,[],2,[],2019-01-20 23:24:19,0.0,0,0,6476924,2019-01-20 23:24:19,,0.0,0.0,0,,0.0,0.0,0.0,19
1,[],4,[],2019-01-30 08:19:41,9444946.67823895,0.00000015,0.000000000005141115,6536785,2019-01-30 08:19:41,btc,0.8117516495642991,0.0,0.00000015,btc,1593908.38687793,0.00505725,0.3953610081621242,20
1,[],4,[],2019-01-30 08:19:43,119733972.56523025,0.00000002,0.000000000000685482,6536786,2019-01-30 08:19:43,btc,0.6201433144414744,0.0,0.00000002,btc,14692927.66181205,0.00012321,1.4041741264744454,21
1,[],12,[],2019-01-30 08:19:44,19395794.0,0.00000002,0.000000000000685482,6536787,2019-01-30 08:19:44,btc,668.0295063924888,0.0,0.00000002,btc,8130389.96204064,0.000226443556444,0.2608524,21
0,[],17,[],2019-01-30 08:19:45,0.0,0,0,6536788,2019-01-30 08:19:45,btc,0.0,0.0,0,btc,0.0,0.0,0.0,21
1,[],12,[],2019-01-30 08:19:46,4523977269.531896,0.0000000001,0.0000000000000034274100000000002,6536789,2019-01-30 08:19:46,btc,1721704714463.6128,0.0,0.0000000001,btc,6997572591.15108,4.277883086913e-05,0.4523977269531896,23
0,[],27,[],2019-01-30 08:19:48,0.0,0,0,6536790,2019-01-30 08:19:48,,0.424699,0.0,0,eth,424699.0,0.0,0.0,23
1,[],4,[],2019-01-30 08:19:49,892964.36493474,0.00000088,0.000000000030161208,6536791,2019-01-30 08:19:49,btc,0.0807619583289187,0.0,0.00000088,btc,67827.1706293,0.00350324,0.3757945241019091,24
1,[],22,[],2019-01-30 08:19:52,11.76,0.00000100,0.000000000034274099999999997,6536792,2019-01-30 08:19:52,BTC,7.415e-05,0.0,0.00000100,BTC,23.919354838709676,0.0,1.176e-05,24
0.0,[],25,[],2019-01-30 08:19:53,0.0,0,0,6536793,2019-01-30 08:19:53,,0.0,0.0,0.0,btc,0.0,0.0,0.0,24
1,[],4,[],2019-01-30 08:19:54,27089862.8173765,0.00000664,0.000000000227580024,6536794,2019-01-30 08:19:54,btc,0.4519981403376329,0.0,0.00000664,btc,36915.00665263,0.13031849,0.4747850450166914,26
1,[],10,[],2019-01-30 08:19:56,733328.43752765,0.00000669,0.00000000022929372900000002,6536795,2019-01-30 08:19:56,btc,27.982107503474477,870.67655727,0.00000669,btc,13072.4981014,0.0,0.2207742799175711,26
0,[],2,[],2019-01-20 23:25:56,0.0,0,0,6476976,2019-01-20 23:25:56,,0.0,0.0,0,,0.0,0.0,0.0,26
1,[],3,[],2019-01-30 08:19:57,6417152.03885143,0.00000001,0.000000000000342741,6536796,2019-01-30 08:19:57,btc,2.9567696814174513,2815726.0,0.00000001,btc,17505913.9542977,0.0,0.0641715203885143,27
1,[],5,[],2019-01-30 08:19:58,3e-08,0.00000002,0.000000000000685482,6536797,2019-01-30 08:19:58,btc,1.46024833,0.06970281,0.00000002,btc,5.219e-05,0.0,0.09102784,27
1,[],11,[],2019-01-30 08:20:00,10597882.41182718,0.00000005,0.000000000001713705,6536798,2019-01-30 08:20:00,btc,370.5931920764931,1000.0,0.00000005,btc,8220964.80991447,0.0,0.4932896594767663,27
1,[],4,[],2019-01-30 08:20:01,144363819.19302487,0.00000003,0.000000000001028223,6536799,2019-01-30 08:20:01,btc,4.004462302149522,0.0,0.00000003,"btc,ltc",156439065.65310603,0.15596993,2.060163214161904,29
1,[],7,[],2019-01-30 08:20:02,39618548.00730954,0.00000003,0.000000000001028223,6536800,2019-01-30 08:20:02,btc,44465206.10834112,3156392.92464,0.00000003,btc,38215152.27247228,0.13076474,0.7207515612616656,29
1,[],4,[],2019-01-30 08:20:03,1315708.37155411,0.00000035,0.000000000011995935,6536801,2019-01-30 08:20:03,btc,0.268869505264041,0.0,0.00000035,btc,482973.89994279,0.00471434,0.0725558312735864,30
0,[],17,[],2019-01-30 08:20:04,0.0,0,0,6536802,2019-01-30 08:20:04,btc,0.0,0.0,0,btc,0.0,0.0,0.0,30
1,[],4,[],2019-01-30 08:20:05,133817.36429045,0.00008350,0.00000000286188735,6536803,2019-01-30 08:20:05,btc,1.3107953616879262,0.0,0.00008350,btc,13708.67672512,0.86762849,2.641421739356733,31
1,[],21,[],2019-01-30 08:20:06,39569.2577113,0.00008399999999999999535180844612,0.0000000028790243999999996,6536804,2019-01-30 08:20:06,btc,3.6341944464087104,86031.60345226,0.000083999999999999995351808446120145390523248352110385894775390625,btc,38843.00994109,7.23789208,3.1234261978729765,31
0,[],2,[],2019-01-20 23:28:43,0.0,0,0,6477009,2019-01-20 23:28:43,,0.0,0.0,0,,0.0,0.0,0.0,32
1,[],4,[],2019-01-30 08:20:07,142452068.37388316,0.00000005,0.000000000001713705,6536805,2019-01-30 08:20:07,btc,3.3263121934100703,0.0,0.00000005,"btc,ltc",53321088.17968416,0.27167181,2.1884160243792223,33
1,[],12,[],2019-01-30 08:20:08,21025599.0,0.00000006,0.000000000002056446,6536806,2019-01-30 08:20:08,btc,17267338.70859141,0.0,0.00000006,btc,89103183.62737247,0.0232556411188816,0.8344954299999999,33
1,[],4,[],2019-01-30 08:20:09,105606645.89015792,0.00000002,0.000000000000685482,6536807,2019-01-30 08:20:09,btc,0.8382296976582684,0.0,0.00000002,btc,27940989.92194228,4.03694997,1.0744468862615792,34
1,[],5,[],2019-01-30 08:20:10,1e-08,0.00000001,0.000000000000342741,6536808,2019-01-30 08:20:10,btc,4.0022523,1.11295404,0.00000001,btc,1.394e-05,0.0,0.78999574,34
0.0000000000900916,[],4,[],2019-01-30 08:20:11,2247561471.4744267,3.603664e-18,1.235123403024e-22,6536809,2019-01-30 08:20:11,ltc,5.939041614407755e-09,0.0,0.00000004,ltc,1227766922.0393832,0.0,5.157337282843456e-09,36
1,[],5,[],2019-01-30 08:20:13,0.0,0,0,6536810,2019-01-30 08:20:13,btc,202.53652883,0.0,0,btc,1.295e-05,0.0,0.0,36
0,[],17,[],2019-01-30 08:20:14,0.0,0,0,6536811,2019-01-30 08:20:14,btc,0.14892131545745535,0.0,0,btc,12533924.99083647,0.0,0.0,36
0.0000000000900916,[],27,[],2019-01-30 08:20:16,2000000.0,1.801832e-18,6.17561701512e-23,6536812,2019-01-30 08:20:16,ltc,448.594787045,0.0,0.00000002,"ltc,eth",3711932.58,0.0,2.702748e-12,36
1,[],4,[],2019-01-30 08:20:17,520582.14797429,0.00000145,0.000000000049697445,6536813,2019-01-30 08:20:17,btc,0.4520030620364351,0.0,0.00000145,btc,239474.58141389,0.16890058,0.5161859273327294,37
1,[],12,[],2019-01-30 08:20:18,503004.77996811,0.00000145000000000000009320343975771638866945068002678453922271728515625,0.000000000049697445000000005,6536814,2019-01-30 08:20:18,btc,1337.7807906242328,0.0,0.00000145000000000000009320343975771638866945068002678453922271728515625,btc,798960.14360776,0.1860814945601137,0.400332454330317,37
1,[],17,[],2019-01-30 08:20:21,1752.74075282,0.00000025,0.000000000008568524999999999,6536815,2019-01-30 08:20:21,btc,0.05548731396322654,0.0,0.00000025,btc,1388.79251806,0.0,0.00043818518820499993,37
1,[],27,[],2019-01-30 08:20:22,53443.0,0.0000001,0.00000000000342741,6536816,2019-01-30 08:20:22,btc,29.95599075772291,318.000945,0.0000001,btc,5318.79525841,3.18e-06,0.00278367,37
1,[],5,[],2019-01-30 08:20:24,7.67e-06,0.00000072,0.000000000024677352,6536817,2019-01-30 08:20:24,btc,0.10127886,0.03367945,0.00000072,btc,0.00010993,0.0,0.03557417,42
1,[],12,[],2019-01-30 08:20:25,120604.01565794,0.00000084,0.000000000028790244,6536818,2019-01-30 08:20:25,btc,109.31393911329387,0.0,0.00000084,btc,83875.04783867,0.0413993158946734,0.0271028100000046,42
0,[],27,[],2019-01-30 08:20:28,0.0,0,0,6536819,2019-01-30 08:20:28,,0.00315028,0.0,0,"btc,eth",11.007,0.0,0.0,42
1,[],5,[],2019-01-30 08:20:30,3e-08,0.00000002,0.000000000000685482,6536820,2019-01-30 08:20:30,btc,6.1628983,1.96e-06,0.00000002,btc,1.425e-05,0.0,0.51720659,43
1,[],12,[],2019-01-30 08:20:31,6432534.0,0.00000001,0.000000000000342741,6536821,2019-01-30 08:20:31,btc,20007434.363029543,0.0,0.00000001,btc,40010957.77462537,0.0009415594605394,0.06432534,43
0,[],17,[],2019-01-30 08:20:33,0.0,0,0,6536822,2019-01-30 08:20:33,btc,0.0,0.0,0,btc,0.0,0.0,0.0,43
1,[],12,[],2019-01-30 08:20:35,911013.42666667,0.00000015,0.000000000005141114999999999,6536823,2019-01-30 08:20:35,btc,11114794.500689518,0.0,0.00000015,btc,881705.39760239,0.1431481203296987,0.0309184340000005,44
1,[],4,[],2019-01-30 08:20:36,261471956.2022475,0.00000003,0.000000000001028223,6536824,2019-01-30 08:20:36,btc,0.19723851552922514,0.0,0.00000003,"btc,ltc",3775157.06655899,0.01099428,0.5590158756763186,49
0.0000000000900916,[],4,[],2019-01-30 08:20:37,3816587598.640062,1.801832e-18,6.17561701512e-23,6536825,2019-01-30 08:20:37,ltc,4.99439463450671,0.0,0.00000002,ltc,2175104956.357089,0.0,3.4715492789934256e-09,52
0,[],22,[],2019-01-30 08:20:57,0.0,0,0,6536826,2019-01-30 08:20:57,,3693.80493996,0.0,0,,264578085.90882352,0.0,0.0,57
0,[],27,[],2019-01-30 08:20:59,0.0,0,0,6536827,2019-01-30 08:20:59,,0.0,0.0,0,"btc,eth",0.0,0.0,0.0,57
0.0000000000900916,[],4,[],2019-01-30 08:21:00,1314318546.1171017,5.405496000000001e-18,1.852685104536e-22,6536828,2019-01-30 08:21:00,ltc,3.3216613262226486,0.0,0.00000006,ltc,1215638760.0697575,0.01501568,5.628757786157727e-09,58
1,[],12,[],2019-01-30 08:21:01,2507662357.932997,0.0000000007,0.000000000000023991869999999998,6536829,2019-01-30 08:21:01,btc,684074799629.3024,0.0,0.0000000007,btc,3140678511.103996,0.017843370017382624,1.0272381573195632,58
0,[],17,[],2019-01-30 08:21:03,0.0,0,0,6536830,2019-01-30 08:21:03,btc,1e+24,0.0,0,btc,41616695.95832568,0.0,0.0,58
0.0000000001240399,[],22,[],2019-01-30 08:21:25,137438.0,1.240399e-18,4.25135593659e-23,6536831,2019-01-30 08:21:25,XMR,69.8835922,0.0,0.00000001,XMR,9887963.0,0.0,0.00137438,58
1,[],5,[],2019-01-30 08:21:27,2.08e-06,0.00000037,0.000000000012681416999999999,6536832,2019-01-30 08:21:27,btc,0.43428835,0.00764719,0.00000037,btc,7.621e-05,0.0,0.01244498,61
1,[],22,[],2019-01-30 08:21:30,5111.5,0.00000011,0.000000000003770151,6536833,2019-01-30 08:21:30,BTC,1002.29606732,0.0,0.00000011,BTC,15028.700278135757,0.0,0.00051178,61
1,[],26,[],2019-01-30 08:21:30,0.0,0.00000800,0.00000000027419279999999997,6536834,2019-01-30 08:21:30,btc,0.0,0.0,0.00000800,btc,0.0,0.0,0.0,61
0,[],27,[],2019-01-30 08:21:33,0.0,0,0,6536835,2019-01-30 08:21:33,,0.0,0.0,0,"btc,eth",0.0,0.0,0.0,61
1,[],28,[],2019-01-30 08:21:38,6900.304,0.00000210,0.00000000007197560999999999,6536836,2019-01-30 08:21:38,btc,2.064440110600106,767.0,0.00000210,btc,11198.17500005,0.0,0.00218431304,61
1,[],4,[],2019-01-30 08:21:39,1352190.77296148,0.00000167,0.000000000057237747,6536837,2019-01-30 08:21:39,btc,0.4412468012299845,0.0,0.00000167,btc,177932.34838745,0.04645935,1.0334229906941068,67
0.0,[],25,[],2019-01-30 08:21:40,0.0,0,0,6536838,2019-01-30 08:21:40,,0.0,0.0,0.0,btc,0.0,0.0,0.0,67
1,[],12,[],2019-01-30 08:21:41,3072339.66344444,0.0000001,0.00000000000342741,6536839,2019-01-30 08:21:41,btc,16893710.136858914,0.0,0.0000001,btc,2012499.97582412,0.0059438614206734,0.0816519164411108,71
,[],5,[],2018-11-20 23:02:39,1.5e-07,0.00000005,0.000000000002128045,4862160,2018-11-20 23:02:39,btc,2.84511358,0.0,,btc,0.00036572,0.0,0.07381892,74
1,[],5,[],2019-01-25 15:53:51,3.303e-05,0.00000156,0.000000000055588884,6499610,2019-01-25 15:53:51,btc,1.42844212,0.0,0.00000156,btc,0.00015937,0.0,0.49487621,75
1,[],4,[],2019-01-30 08:21:42,71883049.91787337,0.00000001,0.000000000000342741,6536840,2019-01-30 08:21:42,btc,0.8144650091483037,0.0,0.00000001,btc,15000789.10300357,0.0,0.7188304991787337,81
0,[],20,[],2019-01-25 09:30:31,0.0,0,0,6495923,2019-01-25 09:30:31,btc,0.0,0.0,0,btc,0.0,0.0,0.0,81
1,[],4,[],2019-01-30 08:21:44,23636.778113,0.00007265,0.0000000024900133649999998,6536841,2019-01-30 08:21:44,btc,0.9384371404420864,0.0,0.00007265,btc,8633.72539015,0.00726388,0.0790432329384282,82
1,[],21,[],2019-01-30 08:21:45,94559.72570035,0.00008137000000000000189768339931,0.000000002788883517,6536842,2019-01-30 08:21:45,btc,4.451967386192278,1574.08799791,0.000081370000000000001897683399310068352860980667173862457275390625,btc,47348.12726478,0.12661478,5.274244480281572,82
0,[],17,[],2019-01-30 08:21:48,0.0,0,0,6536843,2019-01-30 08:21:48,btc,0.0447233088476774,0.0,0,btc,999127.19588126,0.0,0.0,84
0.0000000000900916,[],4,[],2019-01-30 08:21:49,131251157.7867536,1.3513740000000001e-17,4.63171276134e-22,6536844,2019-01-30 08:21:49,ltc,0.19754182493532232,0.0,0.00000015,ltc,71045245.81789103,0.0,1.1266092976204167e-09,85
,[],22,[],2018-11-20 23:09:34,3408.1,0.0000001,0.0000000000041895,4862324,2018-11-20 23:09:34,BTC,0.04624735,0.0,,BTC,4990.0,0.0,0.00033081,86
0,[],22,[],2019-01-30 08:21:52,0.0,0,0,6536845,2019-01-30 08:21:52,,2.07810912,0.0,0,,154826.94736842104,0.0,0.0,87
0,[],27,[],2019-01-30 08:21:54,0.0,0,0,6536846,2019-01-30 08:21:54,,0.0,0.0,0,btc,0.0,0.0,0.0,87
,[],2,[],2018-11-20 23:10:47,0.0,0,0,4862359,2018-11-20 23:10:47,,0.0,0.0,,,0.0,0.0,0.0,88
1,[],11,[],2019-01-30 08:21:55,98114.26554826,0.00019980000000000000472295813569445499524590559303760528564453125,0.00000000684796518,6536847,2019-01-30 08:21:55,btc,235.54890734865972,1940.15094791,0.00019980000000000000472295813569445499524590559303760528564453125,btc,184301.57370753,0.0,7.020730160532052,89
0,[],2,[],2019-01-20 23:31:45,0.0,0,0,6477083,2019-01-20 23:31:45,,0.0,0.0,0,,0.0,0.0,0.0,91
1,[],12,[],2019-01-30 08:21:56,525695.01097392,0.0000030999999999999999655982650670349443089435226283967494964599609375,0.00000000010624971,6536848,2019-01-30 08:21:56,btc,2.8374065618359556,0.0,0.0000030999999999999999655982650670349443089435226283967494964599609375,btc,12762.73512689,0.1638466478538472,0.1067276656000107,91
0,[],17,[],2019-01-30 08:21:58,0.0,0,0,6536849,2019-01-30 08:21:58,btc,0.0,0.0,0,btc,0.0,0.0,0.0,91
0.0000000000900916,[],22,[],2019-01-30 08:22:02,39057603.0,5.405496000000001e-18,1.852685104536e-22,6536850,2019-01-30 08:22:02,LTC,8.48445395,0.0,0.00000006,LTC,73792734.1,1.68471292e-16,1.47544257,95
1,[],4,[],2019-01-30 08:22:04,133349848.54872286,0.00000001,0.000000000000342741,6536851,2019-01-30 08:22:04,btc,1.3638392965010486,0.0,0.00000001,"btc,ltc",68047647.76995106,0.00327191,0.006662661712039128,96
1,[],12,[],2019-01-30 08:22:04,1221033.0,0.00000001,0.000000000000342741,6536852,2019-01-30 08:22:04,btc,255060.87464816563,0.0,0.00000001,btc,8059555.332976759,0.0006100612287712,0.01221033,96
0,[],17,[],2019-01-30 08:22:06,0.0,0,0,6536853,2019-01-30 08:22:06,btc,0.0,0.0,0,btc,0.0,0.0,0.0,96
1,[],4,[],2019-01-28 01:29:03,1472892.19429314,0.00000039,0.000000000013841295,6517118,2019-01-28 01:29:03,btc,0.30363706505258,0.0,0.00000039,btc,473598.41813208,0.02260545,0.1322524391209234,99
0,[],2,[],2019-01-20 23:23:55,0.0,0,0,6476914,2019-01-20 23:23:55,,0.0,0.0,0,,0.0,0.0,0.0,100
1,[],4,[],2019-01-30 08:22:07,130483.11027336,0.00004140,0.00000000141894774,6536854,2019-01-30 08:22:07,btc,1.4336475165502316,0.0,0.00004140,btc,28791.10418775,3.01992748,2.9475161926531395,100
1,[],22,[],2019-01-30 08:22:11,50000.0,0.00000001,0.000000000000342741,6536855,2019-01-30 08:22:11,BTC,23.50383609,0.0,0.00000001,BTC,11277.22,0.0,0.0005,101
1,[],4,[],2019-01-30 08:22:12,179316.19868579,0.00000091,0.000000000031189431,6536856,2019-01-30 08:22:12,btc,0.4015533843053923,0.0,0.00000091,btc,153628.18054447,0.02748459,0.0881370448103044,103
1,[],12,[],2019-01-30 08:22:13,82357181.77474426,0.000000019,0.0000000000006512079,6536857,2019-01-30 08:22:13,btc,9138279191.575348,0.0,0.000000019,btc,148107320.66443926,0.03680571222192089,0.5957987459453967,105
1,[],27,[],2019-01-30 08:22:15,528809.46811249,0.00000002,0.000000000000685482,6536858,2019-01-30 08:22:15,btc,0.5568805755148419,14477.0,0.00000002,btc,645722.67435029,0.00028954,0.0059436446811249,105
0,[],22,[],2019-01-30 08:22:17,0.0,0,0,6536859,2019-01-30 08:22:17,,1.07253299,0.0,0,,94300.0,0.0,0.0,107
1,[],26,[],2019-01-30 08:22:18,0.0,0.00000000,0,6536860,2019-01-30 08:22:18,btc,0.0,0.0,0.00000000,btc,0.0,0.0,0.0,107
1,[],5,[],2019-01-30 08:22:19,1e-08,0.00000001,0.000000000000342741,6536861,2019-01-30 08:22:19,btc,3.28194531,0.00162872,0.00000001,btc,1.512e-05,0.0,0.04400725,112
1,[],22,[],2019-01-30 08:22:23,1966.0,0.00000001,0.000000000000342741,6536862,2019-01-30 08:22:23,BTC,2.84243449,0.0,0.00000001,BTC,977103.5833333334,0.0,1.966e-05,112
0,[],27,[],2019-01-30 08:22:25,0.0,0,0,6536863,2019-01-30 08:22:25,,1.25356065,0.0,0,"btc,eth",1328.0,0.0,0.0,112
1,[],4,[],2019-01-30 08:22:25,422951.64276063,0.00000427,0.000000000146350407,6536864,2019-01-30 08:22:25,btc,0.5848925310121108,0.0,0.00000427,btc,93504.07302478,0.41817657,0.3840327963269279,113
1,[],5,[],2019-01-30 08:22:27,2.467e-05,0.00000367,0.000000000125785947,6536865,2019-01-30 08:22:27,btc,2.31816408,0.00567134,0.00000367,btc,0.00357971,0.0,0.20200081,113
1,[],17,[],2019-01-30 08:22:28,233369.0,0.00000004,0.000000000001370964,6536866,2019-01-30 08:22:28,btc,1.337629057560942,0.0,0.00000004,btc,72546.975,0.0,0.00543476,116
0,[],27,[],2019-01-30 08:22:30,0.0,0,0,6536867,2019-01-30 08:22:30,,0.0,0.0,0,btc,0.0,0.0,0.0,116
1,[],4,[],2019-01-30 08:22:32,1086260.18594012,0.00001769,0.000000000606308829,6536868,2019-01-30 08:22:32,btc,0.4519176662887476,0.0,0.00001769,btc,20384.28894264,0.4239875,1.6561184672315714,120
1,[],7,[],2019-01-30 08:22:33,2481.2784803600002,0.0000217899999999999997445272736928956192059558816254138946533203125,0.000000000746832639,6536869,2019-01-30 08:22:33,btc,90.12212983314336,4823.35514077,0.0000217899999999999997445272736928956192059558816254138946533203125,btc,22919.17984438,0.17638718,0.0281329586295114,120
1,[],20,[],2019-01-30 08:22:35,1165301.6608,0.000000013,0.0000000000004455633,6536870,2019-01-30 08:22:35,btc,33.7489442370083,0.0,0.000000013,btc,1074422.3317,0.0,0.0061929111866,125
1,[],22,[],2019-01-30 08:22:53,68433.0,0.00000001,0.000000000000342741,6536871,2019-01-30 08:22:53,BTC,0.01415863,0.0,0.00000001,BTC,293039.4,0.0,0.00068433,126
1,[],4,[],2019-01-30 08:22:54,78152.47426259,0.00001495,0.000000000512397795,6536872,2019-01-30 08:22:54,btc,0.7605990788823322,0.0,0.00001495,btc,39826.44989453,0.31804209,0.3597254853328343,131
0,[],17,[],2019-01-30 08:22:55,0.0,0,0,6536873,2019-01-30 08:22:55,btc,0.0008451375975800001,0.0,0,btc,30.89614684,0.0,0.0,131
0,[],2,[],2019-01-20 23:25:46,0.0,0,0,6476969,2019-01-20 23:25:46,,0.0,0.0,0,,0.0,0.0,0.0,131
1,[],4,[],2019-01-30 08:22:56,4562.18243739,0.00018451,0.0000000063239141909999995,6536874,2019-01-30 08:22:56,btc,1.6368322841627845,0.0,0.00018451,btc,284.34476376,0.0,0.0093874177115714,135
1,[],3,[],2019-01-30 08:22:57,1826203.10018509,0.00000008,0.000000000002741928,6536875,2019-01-30 08:22:57,btc,0.1278477105720618,47976.1822874,0.00000008,btc,256779.5398801,0.0,0.06455943733703501,136
1,[],4,[],2019-01-30 08:22:58,125111.09847559,0.00000190,0.00000000006512079,6536876,2019-01-30 08:22:58,btc,0.4592378070206507,0.0,0.00000190,btc,179907.21693647,0.12534236,0.1902155686027715,137
1,[],12,[],2019-01-30 08:22:59,328992.29924899,0.00000193000000000000015618582815957182674537762068212032318115234375,0.000000000066149013,6536877,2019-01-30 08:22:59,btc,11972.817034228006,0.0,0.00000193000000000000015618582815957182674537762068212032318115234375,btc,130156.45668293,0.1244334318977979,0.0842308201281131,137
1,[],5,[],2019-01-30 08:23:00,0.00116353,0.00003502,0.000000001200278982,6536878,2019-01-30 08:23:00,btc,2.46746023,1.14757677,0.00003502,btc,0.00210283,0.0,1.11876202,142
1,[],17,[],2019-01-30 08:23:02,12500.0,0.0000001,0.00000000000342741,6536879,2019-01-30 08:23:02,btc,0.6809500038309703,0.0,0.0000001,btc,5932.0,0.0,0.00125,142
1,[],20,[],2019-01-30 08:23:03,152286.0319,0.000036073,0.0000000012363696093,6536880,2019-01-30 08:23:03,btc,2.8398142487135,16345.94,0.000036073,btc,11683.9705,0.676514311044,0.2868796354205,142
1,[],22,[],2019-01-30 08:23:37,990.0,0.00001880,0.00000000064435308,6536881,2019-01-30 08:23:37,BTC,0.00073414,0.0,0.00001880,BTC,10.000500375281462,0.0,0.00022106,142
0.0,[],25,[],2019-01-30 08:23:39,0.0,0,0,6536882,2019-01-30 08:23:39,,0.0,0.0,0.0,btc,0.0,0.0,0.0,142
1,[],28,[],2019-01-30 08:23:43,78710.0,0.00002500,0.0000000008568525,6536883,2019-01-30 08:23:43,btc,0.15112850002,3310.291,0.00002500,btc,3009.998,0.0,0.0312247,142
0,[],22,[],2019-01-28 18:33:43,0.0,0,0,6521842,2019-01-28 18:33:43,,61.27958297,0.0,0,,815366265.8,0.0,0.0,143
1,[],21,[],2019-01-30 08:23:45,36173870.412495,0.00000029,0.000000000009939488999999999,6536884,2019-01-30 08:23:45,btc,52.735107091212384,10728784.29876382,0.00000029,btc,87970935.19863816,3.03495818,5.309846704315704,145
0,[],22,[],2019-01-30 08:23:47,0.0,0,0,6536885,2019-01-30 08:23:47,,4.49004284,0.0,0,,1498238.5,0.0,0.0,146
,[],22,[],2018-11-20 23:01:11,0.0,0,0,4862114,2018-11-20 23:01:11,,2.56807021,0.0,,,61828.4988236,0.0,0.0,147
1,[],12,[],2019-01-30 08:23:48,8694687.94778319,0.00000319999999999999985519395784283602779396460391581058502197265625,0.00000000010967712,6536886,2019-01-30 08:23:48,btc,17.075938235435533,0.0,0.00000319999999999999985519395784283602779396460391581058502197265625,btc,111840.39732023,0.0016922468333146,0.1301977800000072,148
1,[],4,[],2019-01-30 08:23:50,246103.43992936,0.00000030,0.00000000001028223,6536887,2019-01-30 08:23:50,btc,0.6896379865968252,0.0,0.00000030,btc,504704.17821085,0.0,0.0514325588797323,152
0,[],22,[],2019-01-30 08:23:52,0.0,0,0,6536888,2019-01-30 08:23:52,,0.0,0.0,0,,0.0,0.0,0.0,152
1,[],5,[],2019-01-30 08:23:54,0.0,0,0,6536889,2019-01-30 08:23:54,btc,4.37874355,0.0,0,btc,0.00161275,0.0,0.0,153
,[],16,[],2019-01-11 15:38:59,0.0,0,0,6366141,2019-01-11 15:38:59,btc,0.0,0.0,,btc,0.0,0.0,0.0,155
0,[],23,[],2019-01-20 23:24:29,0.0,0,0,6476932,2019-01-20 23:24:29,,0.0,0.0,0,,0.0,0.0,0.0,156
0,[],22,[],2019-01-30 08:24:01,0.0,0,0,6536890,2019-01-30 08:24:01,,6.73308927,0.0,0,,4561867.742592593,0.0,0.0,156
1,[],22,[],2019-01-30 08:24:05,7906.0,0.00000801,0.000000000274535541,6536891,2019-01-30 08:24:05,BTC,43.78801181,0.0,0.00000801,BTC,1067.5805334758436,0.0,0.00743836,157
0,[],22,[],2019-01-30 08:24:08,0.0,0,0,6536892,2019-01-30 08:24:08,,50175.6753658,0.0,0,,54007107.04179466,0.0,0.0,158
,[],17,[],2018-11-20 22:56:10,0.0,0,0,4861976,2018-11-20 22:56:10,btc,1.1265625,0.0,,btc,1000.0,0.0,0.0,159
,[],20,[],2018-11-20 22:56:12,0.0,0,0,4861977,2018-11-20 22:56:12,btc,11912.7940471,0.0,,btc,34413894.3617,0.0,0.0,159
1,[],12,[],2019-01-30 08:24:09,194667.82076921,0.000010000000000000000818030539140313095458623138256371021270751953125,0.000000000342741,6536893,2019-01-30 08:24:09,btc,6.678052834253867,0.0,0.000010000000000000000818030539140313095458623138256371021270751953125,btc,14143.87133708,0.0075177283176115,0.0969980819997944,168
1,[],17,[],2019-01-30 08:24:11,29784.95,0.000001,0.000000000034274099999999997,6536894,2019-01-30 08:24:11,btc,0.0353989844335,0.0,0.000001,btc,196.82520268,0.0,0.00716147,168
1,[],22,[],2019-01-30 08:24:14,1433447.0,0.00000001,0.000000000000342741,6536895,2019-01-30 08:24:14,BTC,1.13380276,0.0,0.00000001,BTC,689102.5537281231,0.0,0.01433447,169
1,[],22,[],2019-01-30 08:24:33,37774.65714285714,0.0000004,0.00000000001370964,6536896,2019-01-30 08:24:33,BTC,2.46482878,0.0,0.0000004,BTC,56810.52031707235,0.00509592,0.01100414,171
1,[],22,[],2019-01-30 08:24:56,176627.00789473683,0.00000021,0.000000000007197561,6536897,2019-01-30 08:24:56,BTC,2.85219245,0.0,0.00000021,BTC,255994.31238041833,1.688e-05,0.01099656,173
1,[],5,[],2019-01-30 08:24:57,6.693e-05,0.00000445,0.000000000152519745,6536898,2019-01-30 08:24:57,btc,0.41817527,0.01615096,0.00000445,btc,0.00035055,0.0,0.83437759,175
1,[],22,[],2019-01-30 08:25:01,40554.0,0.0000007,0.00000000002399187,6536899,2019-01-30 08:25:01,BTC,0.64856239,0.0,0.0000007,BTC,158526.57822767255,0.0,0.01480313,176
1,[],7,[],2019-01-30 08:25:02,0.0,0,0,6536900,2019-01-30 08:25:02,btc,10965.643600862513,3579107.0,0,btc,118922270.45418899,0.03579107,0.0,178
0,[],22,[],2019-01-30 08:25:05,0.0,0,0,6536901,2019-01-30 08:25:05,,1.00242428,0.0,0,,57512.0,0.0,0.0,178
0,[],2,[],2019-01-20 23:28:34,0.0,0,0,6477001,2019-01-20 23:28:34,,0.0,0.0,0,,0.0,0.0,0.0,178
0,[],23,[],2019-01-20 23:25:08,0.0,0,0,6476952,2019-01-20 23:25:08,,0.0,0.0,0,,0.0,0.0,0.0,179
1,[],5,[],2019-01-30 08:25:07,6e-08,0.00000003,0.000000000001028223,6536902,2019-01-30 08:25:07,btc,16.21162521,1.56478536,0.00000003,btc,2.285e-05,0.0,1.3973347,179
1,[],22,[],2019-01-30 08:25:11,8029423.0,0.00000003,0.000000000001028223,6536903,2019-01-30 08:25:11,BTC,5.47004887,0.0,0.00000003,"BTC,LTC",16479205.651989967,0.00742083,0.39540237,179
1,[],17,[],2019-01-30 08:25:13,10504.725,0.0000001,0.00000000000342741,6536904,2019-01-30 08:25:13,btc,5.2068774898770345,0.0,0.0000001,btc,7465.6174587,0.0,0.0010504725,180
1,[],22,[],2019-01-30 08:25:17,5785.4,0.00000001,0.000000000000342741,6536905,2019-01-30 08:25:17,BTC,0.09613315,0.0,0.00000001,"BTC,LTC",16616.37037600151,0.0,7.724e-05,180
1,[],26,[],2019-01-30 08:25:17,0.0,0.00000020,0.00000000000685482,6536906,2019-01-30 08:25:17,btc,0.0,4415.5353,0.00000020,btc,0.0,0.0,0.0,180
,[],7,[],2018-11-20 22:58:01,562227.975654,0.00000085,0.000000000036176765,4862015,2018-11-20 22:58:01,btc,21836.6059674,2491.87645172,,btc,749999.041456,0.00211021,0.127565380455,183
,[],5,[],2019-01-10 08:11:41,0.0,0,0,6347036,2019-01-10 08:11:41,btc,82.15055501,0.00261,,btc,1.19002445,0.0,0.0,187
,[],17,[],2018-11-16 20:58:10,4062536.27273,0.00000001,0.000000000000550501,4708775,2018-11-16 20:58:10,btc,3.36492563466,0.195460381006,,"btc,eth",110697919.549,0.0,0.0157628953496,187
1,[],24,[],2019-01-30 08:25:17,0.0,0.000000000001,3.42741e-17,6536907,2019-01-30 08:25:17,btc,0.0,0.0,0.000000000001,btc,0.0,0.0,0.0,187
0,[],22,[],2019-01-30 08:25:20,0.0,0,0,6536908,2019-01-30 08:25:20,,1.19382741,0.0,0,,13380.036201072173,0.0,0.0,191
0,[],22,[],2019-01-29 02:57:02,0.0,0,0,6524994,2019-01-29 02:57:02,,0.0,0.0,0,,0.0,0.0,0.0,197
0,[],23,[],2019-01-20 23:31:41,0.0,0,0,6477079,2019-01-20 23:31:41,,0.0,0.0,0,,0.0,0.0,0.0,199
1,[],26,[],2019-01-30 08:25:21,0.0,0.00000000,0,6536909,2019-01-30 08:25:21,btc,0.0,763573.0,0.00000000,btc,0.0,0.0,0.0,199
0,[],17,[],2019-01-30 08:25:22,0.0,0,0,6536910,2019-01-30 08:25:22,btc,6.802544163752385,0.0,0,btc,105897.55575295,0.0,0.0,200
0,[],2,[],2019-01-20 23:30:49,0.0,0,0,6477059,2019-01-20 23:30:49,,0.0,0.0,0,,0.0,0.0,0.0,201
1,[],4,[],2019-01-25 15:51:35,2084389.58565343,0.00000936,0.000000000333526752,6499557,2019-01-25 15:51:35,btc,2.0092503037378524,0.0,0.00000936,btc,160195.80207885,0.19272417,1.242687955921835,211
1,[],7,[],2019-01-30 08:25:25,17490488.48258856,0.000001219999999999999965968520108938744073157067759893834590911865234375,0.000000000041814402,6536911,2019-01-30 08:25:25,btc,16567816.148245813,339656.649077,0.000001219999999999999965968520108938744073157067759893834590911865234375,btc,11935193.29130893,0.0,7.5218837264628355,212
1,[],12,[],2019-01-25 02:44:32,207462.42853209,0.000001080000000000000035831255497387193287295303889550268650054931640625,0.000000000038610756000000006,6493050,2019-01-25 02:44:32,btc,85023.03793723314,0.0,0.000001080000000000000035831255497387193287295303889550268650054931640625,btc,43675.73520027,0.000146250909087,0.0348620860622024,213
1,[],5,[],2019-01-30 08:25:27,4.21e-06,0.00000032,0.000000000010967712,6536912,2019-01-30 08:25:27,btc,0.89009142,0.05674722,0.00000032,btc,3e-05,0.0,0.3202098,213
1,[],24,[],2019-01-30 08:25:27,0.0,0.000000050000,0.000000000001713705,6536913,2019-01-30 08:25:27,btc,0.0,0.0,0.000000050000,btc,0.0,0.0,0.0,213
1,[],26,[],2019-01-30 08:25:27,0.0,0.00000003,0.000000000001028223,6536914,2019-01-30 08:25:27,btc,0.0,0.0,0.00000003,btc,0.0,0.0,0.0,213
1,[],22,[],2019-01-30 08:25:30,276400.0,0.00000002,0.000000000000685482,6536915,2019-01-30 08:25:30,BTC,70.22563965,0.0,0.00000002,BTC,269624.63907173084,0.0,0.004714,216
1,[],27,[],2019-01-30 08:25:33,5051645.0,0.00000011,0.000000000003770151,6536916,2019-01-30 08:25:33,btc,323.29074826316,5000.0,0.00000011,"btc,ltc",264811.13311,0.00265,0.0511825,216
1,[],22,[],2019-01-30 08:25:36,274669.9617002085,0.00000264,0.00000000009048362399999999,6536917,2019-01-30 08:25:36,BTC,12677.78952514,0.0,0.00000264,BTC,367362.24981019273,0.06495202,0.37750343,217
1,[],7,[],2019-01-30 08:25:37,0.0,0,0,6536918,2019-01-30 08:25:37,btc,302.63431663911064,0.0,0,btc,140240320.6214003,0.0,0.0,219
0,[],27,[],2019-01-30 08:25:39,0.0,0,0,6536919,2019-01-30 08:25:39,,0.0747309448198,0.0,0,btc,1605140.29226592,0.0,0.0,219
0.0000000000000056,[],28,[],2019-01-30 08:25:44,202542996.698,5.32e-18,1.8233821200000002e-22,6536920,2019-01-30 08:25:44,doge,88554.0333717675,13941.0,0.00095000,"btc,doge",5119437.84751,0.0,1.4918454132883785e-11,219
1,[],22,[],2019-01-30 08:25:48,203718.0,0.00000055,0.000000000018850755,6536921,2019-01-30 08:25:48,BTC,2.38959129,0.0,0.00000055,BTC,30954.90111646381,0.00176035,0.02094473,221
1,[],24,[],2019-01-30 08:25:48,0.0,0.000000550000,0.000000000018850755,6536922,2019-01-30 08:25:48,btc,0.0,0.0,0.000000550000,btc,0.0,0.0,0.0,221
1,[],26,[],2019-01-30 08:25:48,0.0,0.00000002,0.000000000000685482,6536923,2019-01-30 08:25:48,btc,0.0,11512.0,0.00000002,btc,0.0,0.0,0.0,231
1,[],26,[],2019-01-30 08:25:49,0.0,0.00000004,0.000000000001370964,6536924,2019-01-30 08:25:49,btc,0.0,200.0,0.00000004,btc,0.0,0.0,0.0,234
0,[],27,[],2019-01-30 08:25:51,0.0,0,0,6536925,2019-01-30 08:25:51,,0.0113483662182,0.0,0,"btc,eth",11462.99618,0.0,0.0,234
0.0000000000900916,[],22,[],2019-01-30 08:25:55,10015864.0,1.801832e-18,6.17561701512e-23,6536926,2019-01-30 08:25:55,LTC,3.47278345,0.0,0.00000002,LTC,95093207.88015874,9.912341803740001e-12,0.11615864,235
1,[],4,[],2019-01-30 08:25:56,754681.282523,0.00000081,0.000000000027762021,6536927,2019-01-30 08:25:56,btc,0.1433271981262395,0.0,0.00000081,btc,119777.67347373,0.02442903,0.1867813133329156,236
1,[],24,[],2019-01-30 08:25:56,0.0,0.000000010000,0.000000000000342741,6536928,2019-01-30 08:25:56,btc,0.0,0.0,0.000000010000,btc,0.0,0.0,0.0,236
1,[],20,[],2019-01-30 08:25:58,23789764.9713,0.000000066,0.0000000000022620906,6536929,2019-01-30 08:25:58,btc,14.2983569700216,26545742.8659,0.000000066,btc,24152090.9787,1.8742909348026,0.6861520175998,237
1,[],22,[],2019-01-30 08:26:01,10000.0,0.00000001,0.000000000000342741,6536930,2019-01-30 08:26:01,BTC,0.04144357,0.0,0.00000001,BTC,10254.2,0.0,0.0001,237
1,[],4,[],2019-01-30 08:26:02,4325746.89466351,0.00000033,0.000000000011310452999999999,6536931,2019-01-30 08:26:02,btc,0.3719044552581624,0.0,0.00000033,btc,1052727.27661691,0.09482286,1.2640251771270734,238
1,[],5,[],2019-01-30 08:26:04,3.96e-06,0.00000032,0.000000000010967712,6536932,2019-01-30 08:26:04,btc,0.75604936,0.0046571,0.00000032,btc,2.906e-05,0.0,0.32660069,238
1,[],22,[],2019-01-30 08:26:08,244318.05,0.00000005,0.000000000001713705,6536933,2019-01-30 08:26:08,BTC,15.40997189,0.0,0.00000005,BTC,236142.18162280702,0.00084724,0.00781745,249
0.0000000000900916,[],22,[],2019-01-30 08:26:12,4782656.0,2.7027480000000003e-18,9.26342552268e-23,6536934,2019-01-30 08:26:12,LTC,0.69139672,0.0,0.00000003,LTC,15451945.015,5.1703118782e-13,0.10741884,252
1,[],28,[],2019-01-30 08:26:20,2322889.485,0.00000008,0.000000000002741928,6536935,2019-01-30 08:26:20,btc,164692.82160623124,36800.4,0.00000008,btc,1119412.6695,0.0,0.07908255623,256
0,[],27,[],2019-01-30 08:26:22,0.0,0,0,6536936,2019-01-30 08:26:22,,4.96668,0.0,0,"btc,eth",90.59,0.0,0.0,257
1,[],22,[],2019-01-30 08:26:25,189135.0,0.00000007,0.000000000002399187,6536937,2019-01-30 08:26:25,BTC,35605.55932372,0.0,0.00000007,BTC,481159.71026957524,0.000405,0.00240735,258
1,[],22,[],2019-01-26 20:58:41,368451.0,0.00000001,0.000000000000356135,6510120,2019-01-26 20:58:41,BTC,2.642917,0.0,0.00000001,"BTC,LTC",1862.0,0.0,0.02488451,259
1,[],22,[],2019-01-30 08:26:29,3440.8449032258063,0.00000775,0.000000000265624275,6536938,2019-01-30 08:26:29,BTC,4.68663743,0.0,0.00000775,BTC,6070.145866142444,0.0,0.02375359,262
1,[],5,[],2019-01-30 08:26:31,0.00013054,0.00000660,0.00000000022620906,6536939,2019-01-30 08:26:31,btc,2.88369232,1.21282742,0.00000660,btc,0.00208602,0.0,0.34513851,264
1,[],20,[],2019-01-30 08:26:32,1178214.9131,0.0000051,0.00000000017479791,6536940,2019-01-30 08:26:32,btc,6.3364484880237,31667.85,0.0000051,btc,108795.8722,0.163485072885,0.0413880369253,264
1,[],22,[],2019-01-30 08:26:36,149751.0,0.00000002,0.000000000000685482,6536941,2019-01-30 08:26:36,BTC,6.54364963,0.0,0.00000002,BTC,248648.0926495266,0.00017724,0.00249739,271
0,[],22,[],2019-01-30 08:26:39,0.0,0,0,6536942,2019-01-30 08:26:39,,360.60221793,0.0,0,,13878103693.9,0.0,0.0,272
0.0000000000000056,[],28,[],2019-01-30 08:26:44,197457894006.683,5.208e-21,1.7849951280000002e-25,6536943,2019-01-30 08:26:44,doge,51928734.43234119,20956059879.773975,0.00000093,doge,149607359668.039,0.0,5.394024248297354e-10,272
