pairValue,buyBook,exchangeId,sellBook,updated,buyTotal,satoshiPrice,usdPrice,exchangeLogId,created,bestPair,sellTotalBtc,volume,pairPrice,activePairs,sellTotal,volumeBtc,buyTotalBtc,coinId
1,[],3,[],2019-05-13 13:33:34,32353.87395643876,0.0106595900000000000373834296851782710291445255279541015625,0.000000781661338946,7624504,2019-05-13 13:33:34,btc,3.41112718683666,124.833425779,0.0106595900000000000373834296851782710291445255279541015625,btc,20.651999958393002,0.0,0.6062109345254766,1
1,[],4,[],2019-05-13 13:33:35,251137.23549361,0.01070384,0.0000007849061648959999,7624505,2019-05-13 13:33:35,btc,8.438941548965868,0.0,0.01070384,btc,373.11234254,1.28205571,0.7253585795343483,1
1,[],5,[],2019-05-13 13:33:39,0.0,0,0,7624506,2019-05-13 13:33:39,btc,0.0,0.08464901,0,btc,0.0,0.0,0.0,1
1,[],10,[],2019-05-13 13:33:41,256936.57624598,0.0090179,0.00000066127719626,7624507,2019-05-13 13:33:41,btc,6521.7196396494355,1615.93714461,0.0090179,btc,1153.38948149,0.0,3.490552975349123,1
1,[],12,[],2019-05-13 13:33:44,73.57824603,0.010649999999999999744648704336213995702564716339111328125,0.00000078095811,7624508,2019-05-13 13:33:44,btc,0.1360886887362,0.0,0.010649999999999999744648704336213995702564716339111328125,btc,8.94652709,0.5919614798433,0.3264513526313,1
1,[],20,[],2019-05-13 13:33:46,974.0607,0.010700243,0.0000007846423990442,7624509,2019-05-13 13:33:46,btc,0.0784675484287,0.0645,0.010700243,btc,5.1721,0.0007998,0.1703752766083,1
1,[],21,[],2019-05-13 13:33:48,2076.29790005,0.01069999999999999944211293013,0.00000078462458,7624510,2019-05-13 13:33:48,btc,14.862761628145915,9271.01905976,0.01069999999999999944211293012585883843712508678436279296875,"btc,eth",1770.0137035999999,98.2994234683214,15.051710768843513,1
0,[],22,[],2019-05-13 13:33:51,0.0,0,0,7624511,2019-05-13 13:33:51,,0.3163308,0.0,0,,0.2527518593615956,0.0,0.0,1
1,[],24,[],2019-05-13 13:33:52,0.0,0.000000000000,0,7624512,2019-05-13 13:33:52,btc,0.0,0.0,0.000000000000,btc,0.0,0.0,0.0,1
0.0,[],25,[],2019-05-13 13:33:52,0.0,0,0,7624513,2019-05-13 13:33:52,btc,35.36999999858698,671.87424117,0.0,btc,3232.15872545,7.4067,0.0,1
1,[],26,[],2019-05-13 13:33:54,0.0,0,0,7624514,2019-05-13 13:33:54,,0.0,0.0,0,,0.0,0.0,0.0,1
1,[],28,[],2019-05-13 13:34:34,987.9,0.01131000,0.0000008293555139999999,7624515,2019-05-13 13:34:34,btc,0.160832048,344606.75,0.01131000,btc,8.7307,0.0,0.024551096,1
0,[],2,[],2019-01-20 23:28:45,0.0,0,0,6477011,2019-01-20 23:28:45,,0.0,0.0,0,,0.0,0.0,0.0,1
1,[],5,[],2019-05-13 13:34:36,0.0,0,0,7624516,2019-05-13 13:34:36,btc,0.0,0.00010574,0,btc,0.0,0.0,0.0,2
1,[],22,[],2019-05-13 13:34:41,12625.0,0.00000018,0.000000000013199292,7624517,2019-05-13 13:34:41,BTC,21.00846647,0.0,0.00000018,"BTC,XMR",24148.96059725142,0.0,0.00158221,2
1,[],5,[],2019-05-13 13:34:43,0.0,0,0,7624518,2019-05-13 13:34:43,btc,0.0,0.29208444,0,btc,0.0,0.0,0.0,3
1,[],12,[],2019-05-13 13:34:44,3786948.69473,0.000000129,0.0000000000094594926,7624519,2019-05-13 13:34:44,btc,11597.343963404352,0.0,0.000000129,btc,3321626.61344249,0.04188904722460977,0.38207724981854,3
0,[],28,[],2019-05-13 13:34:46,0.0,0,0,7624520,2019-05-13 13:34:46,,0.0,0.0,0,,0.0,0.0,0.0,3
0,[],2,[],2019-01-20 23:31:32,0.0,0,0,6477077,2019-01-20 23:31:32,,0.0,0.0,0,,0.0,0.0,0.0,4
1,[],4,[],2019-04-26 19:14:12,610911.70993152,0.00000026,0.000000000013566046,7471614,2019-04-26 19:14:12,btc,31.457742656463164,0.0,0.00000026,btc,718733.71307795,0.00142695,0.0638464483338706,4
0,[],12,[],2019-04-25 23:08:22,0.0,0,0,7459310,2019-04-25 23:08:22,btc,1111851.94727753,0.0,0,btc,953412.0,0.0,0.0,5
0,[],2,[],2019-01-20 23:31:51,0.0,0,0,6477087,2019-01-20 23:31:51,,0.0,0.0,0,,0.0,0.0,0.0,6
1,[],11,[],2019-05-12 00:02:31,5042415.307535999,0.00000001,0.00000000000072476,7617400,2019-05-12 00:02:31,btc,9576.518911699495,10000.0,0.00000001,btc,47478529.75253575,0.0,0.05042415307536,6
1,[],3,[],2019-05-13 13:34:47,11138.16320362058,0.00012434999999999998680257073946364698713296093046665191650390625,0.000000009118510889999999,7624521,2019-05-13 13:34:47,btc,1.3508794413383627,103.699727413,0.00012434999999999998680257073946364698713296093046665191650390625,btc,294.851292004476,0.0,0.03283885047865824,7
1,[],4,[],2019-05-13 13:34:48,61118.5880583,0.00013632,0.000000009996263808,7624522,2019-05-13 13:34:48,btc,8.281889724017981,0.0,0.00013632,btc,38144.04776206,2.88345772,3.6618050569439493,7
1,[],5,[],2019-05-13 13:34:50,0.0,0,0,7624523,2019-05-13 13:34:50,btc,0.0,0.05850044,0,btc,0.0,0.0,0.0,7
1,[],20,[],2019-04-07 22:06:50,3201475.0482,0.000000001,0.000000000000051590000000000004,7213932,2019-04-07 22:06:50,btc,30.8005781811902,0.0,0.000000001,btc,23077405.3926,0.0,0.0032014750482,8
1,[],4,[],2019-05-13 13:34:53,24114328.50425027,0.00000061,0.000000000044730934,7624524,2019-05-13 13:34:53,btc,4.402920296951931,0.0,0.00000061,btc,3441800.56533078,0.60288246,1.0970815923707002,9
0,[],2,[],2019-01-20 23:22:42,0.0,0,0,6476876,2019-01-20 23:22:42,,0.0,0.0,0,,0.0,0.0,0.0,9
1,[],28,[],2019-05-13 13:35:34,18055.0,0.00000021,0.000000000015399173999999998,7624525,2019-05-13 13:35:34,btc,2708.775233808764,3560596.0,0.00000021,btc,25766.3492,0.0,0.00186155,9
0,[],23,[],2019-01-20 23:22:48,0.0,0,0,6476878,2019-01-20 23:22:48,,0.0,0.0,0,,0.0,0.0,0.0,9
1,[],1,[],2019-02-17 23:31:42,1822507.21,0.00000181000000000000003456111265232042484285557293333113193511962890625,0.000000000066086901,6701244,2019-02-17 23:31:42,btc,3.6990969245,17153386.5,0.00000181000000000000003456111265232042484285557293333113193511962890625,btc,1997391.71,31.11772986,3.2610482446,9
1,[],4,[],2019-02-17 11:22:43,4341674.27126056,0.00000002,0.0000000000007272960000000001,6696112,2019-02-17 11:22:43,btc,0.1997230937751353,0.0,0.00000002,btc,4109766.79808031,0.00215132,0.0479381022052112,10
1,[],4,[],2019-05-13 13:35:35,7957400.06834681,0.00000101,0.00000000007406269399999999,7624526,2019-05-13 13:35:35,btc,5.703180024900451,0.0,0.00000101,btc,3722105.43572567,3.27278979,3.8090361777161847,12
1,[],5,[],2019-05-13 13:35:36,0.0,0,0,7624527,2019-05-13 13:35:36,btc,0.0,0.04592933,0,btc,0.0,0.0,0.0,12
0.0,[],25,[],2019-05-13 13:35:37,0.0,0,0,7624528,2019-05-13 13:35:37,,0.0,0.0,0.0,btc,0.0,0.0,0.0,12
0,[],2,[],2019-01-20 23:23:08,0.0,0,0,6476890,2019-01-20 23:23:08,,0.0,0.0,0,,0.0,0.0,0.0,12
1,[],4,[],2019-05-13 13:35:38,32139616.63192133,0.00000600,0.0000000004399764,7624529,2019-05-13 13:35:38,btc,2.9762826732509167,0.0,0.00000600,btc,349626.64407425,0.41396932,0.9371165655052527,13
1,[],21,[],2019-05-13 13:35:42,2288743.41107658,0.000006019999999999999960517693687,0.00000000044144298799999997,7624530,2019-05-13 13:35:42,btc,3.0478933977816944,1311340.65482425,0.00000601999999999999996051769368676787053118459880352020263671875,btc,430308.72538883,7.94747732,11.827977944042996,13
1,[],10,[],2019-05-13 11:10:46,687014.52278331,0.00000585,0.00000000041388633,7624079,2019-05-13 11:10:46,btc,666793.686959174,5262.60229904,0.00000585,btc,744146.15035342,0.0,0.4173740344042994,13
1,[],4,[],2019-05-13 13:35:44,967677.62893572,0.00000106,0.000000000077729164,7624531,2019-05-13 13:35:44,btc,1702.7798371552642,0.0,0.00000106,btc,894728.06528392,0.47268068,0.1377235695190745,14
1,[],12,[],2019-05-13 13:35:45,246619.59595956,0.0000008,0.00000000005866352,7624532,2019-05-13 13:35:45,btc,0.1179990445773911,0.0,0.0000008,btc,13729.53626621,0.001230517302697,0.0232379899999841,14
1,[],26,[],2019-05-13 13:37:45,0.0,0.00000050,0.0000000000366647,7624533,2019-05-13 13:37:45,btc,0.0,0.0,0.00000050,btc,0.0,0.0,0.0,14
0,[],17,[],2019-05-03 00:53:32,0.0,0,0,7558876,2019-05-03 00:53:32,btc,0.0,0.0,0,btc,0.0,0.0,0.0,14
0,[],4,[],2019-05-13 13:37:46,0.0,0,0,7624534,2019-05-13 13:37:46,,0.0,0.0,0,,0.0,0.0,0.0,15
,[],12,[],2018-12-01 15:15:48,204241.84496,0.00000489,0.000000000202473384,5260204,2018-12-01 15:15:48,btc,49.5475654835,0.0,,btc,35763.2193806,0.0163153972027625,0.0203389899998,15
1,[],4,[],2019-05-13 13:37:48,533216.21027702,0.00001125,0.00000000082495575,7624535,2019-05-13 13:37:48,btc,1.1077300459554813,0.0,0.00001125,btc,14111.43421088,0.09935996,0.0931723454001286,18
1,[],10,[],2019-05-13 13:37:50,334996.84194279,0.00001498,0.000000001098474412,7624536,2019-05-13 13:37:50,btc,15.412993391010023,1685.87378525,0.00001498,btc,10170.38265943,0.0,0.5011772934428238,18
1,[],12,[],2019-05-13 13:37:51,222774.01347992,0.000012500000000000000599021700298241199789117672480642795562744140625,0.0000000009166175,7624537,2019-05-13 13:37:51,btc,33215.12304857795,0.0,0.000012500000000000000599021700298241199789117672480642795562744140625,btc,1396.24432362,0.0043000050584673,0.0214662387716635,18
0,[],2,[],2019-01-20 23:23:38,0.0,0,0,6476906,2019-01-20 23:23:38,,0.0,0.0,0,,0.0,0.0,0.0,18
0,[],17,[],2019-05-03 00:53:39,0.0,0,0,7558882,2019-05-03 00:53:39,btc,0.0,0.0,0,btc,0.0,0.0,0.0,18
1,[],3,[],2019-05-13 13:39:53,163663.31216515947,0.000012809999999999999325032105923494185617528273724019527435302734375,0.000000000939349614,7624538,2019-05-13 13:39:53,btc,0.1946701423969571,945.525562509,0.000012809999999999999325032105923494185617528273724019527435302734375,btc,6437.668315884959,0.0,0.101188363350671,19
1,[],4,[],2019-05-13 13:39:53,473933.7777685,0.00001259,0.000000000923217146,7624539,2019-05-13 13:39:53,btc,2.557558567227402,0.0,0.00001259,btc,90739.48945876,0.219669,1.2769539459421362,19
1,[],5,[],2019-05-13 13:39:55,0.0,0,0,7624540,2019-05-13 13:39:55,btc,0.0,0.00882009,0,btc,0.0,0.0,0.0,19
1,[],12,[],2019-05-13 13:39:56,205450.04758039,0.0000102999999999999996397846702134160068453638814389705657958984375,0.0000000007552928199999999,7624541,2019-05-13 13:39:56,btc,0.3003636705891543,0.0,0.0000102999999999999996397846702134160068453638814389705657958984375,btc,3065.34453584,0.0,0.0821564099995335,19
1,[],27,[],2019-05-13 13:40:01,100.0,0.0000001,0.00000000000733294,7624542,2019-05-13 13:40:01,btc,0.0,0.0,0.0000001,btc,0.0,0.0,1e-05,19
0,[],2,[],2019-01-20 23:24:19,0.0,0,0,6476924,2019-01-20 23:24:19,,0.0,0.0,0,,0.0,0.0,0.0,19
1,[],4,[],2019-05-13 13:42:01,1835078.57391266,0.00000009,0.000000000006599646,7624543,2019-05-13 13:42:01,btc,5.279309685630553,0.0,0.00000009,btc,2279170.28595418,0.0,0.0608465352282092,20
1,[],4,[],2019-05-13 13:42:02,73195545.91551691,0.00000001,0.000000000000733294,7624544,2019-05-13 13:42:02,btc,1740.3458763808774,0.0,0.00000001,btc,58032813.64345615,0.00034082,0.7319554591551692,21
1,[],12,[],2019-05-13 13:42:03,5098087.0,0.00000001,0.000000000000733294,7624545,2019-05-13 13:42:03,btc,2895.660699465804,0.0,0.00000001,btc,7179938.54745251,0.000415635014985,0.050980870000000005,21
0,[],17,[],2019-05-03 00:53:51,0.0,0,0,7558891,2019-05-03 00:53:51,btc,0.0,0.0,0,btc,0.0,0.0,0.0,21
1,[],12,[],2019-05-13 13:44:04,7450043643.0,0.0000000005,0.0000000000000366647,7624546,2019-05-13 13:44:04,btc,311118500636.48157,0.0,0.0000000005,btc,2779371952.171233,0.10384573722197403,1.725338974,23
0.0000000002623654,[],27,[],2019-05-13 13:44:24,59969800.0,7.870962e-18,5.771729208828e-22,7624547,2019-05-13 13:44:24,eth,1193.426407647749,1816313389.9015996,0.00000003,eth,25848393.969311,1.906151156370824e-08,1.9447215567925199e-10,23
1,[],4,[],2019-05-13 13:44:25,802103.18643928,0.00000026,0.000000000019065643999999998,7624548,2019-05-13 13:44:25,btc,13.89494829839196,0.0,0.00000026,btc,2030674.18555472,0.01704135,0.0247873186999998,24
1,[],22,[],2019-05-13 13:44:28,21.76,0.00000100,0.0000000000733294,7624549,2019-05-13 13:44:28,BTC,7.415e-05,0.0,0.00000100,BTC,23.919354838709676,0.0,1.186e-05,24
0.0,[],25,[],2019-05-13 13:44:31,0.0,0,0,7624550,2019-05-13 13:44:31,,0.0,0.0,0.0,btc,0.0,0.0,0.0,24
1,[],4,[],2019-05-13 13:44:33,26946841.62614483,0.00000406,0.000000000297717364,7624551,2019-05-13 13:44:33,btc,10.785150413451644,0.0,0.00000406,btc,343678.26186618,0.03795727,0.4073440100754701,26
1,[],10,[],2019-05-13 13:44:35,161234.52294863,0.00000834,0.0000000006115671959999999,7624552,2019-05-13 13:44:35,btc,25.25598080017649,2922.27203209,0.00000834,btc,18806.18788709,0.0,0.0881085349677013,26
0,[],2,[],2019-01-20 23:25:56,0.0,0,0,6476976,2019-01-20 23:25:56,,0.0,0.0,0,,0.0,0.0,0.0,26
1,[],11,[],2019-04-30 04:16:17,7094566.83690364,0.00000006,0.000000000003115554,7518027,2019-04-30 04:16:17,btc,67504.138725751,6116.07566417,0.00000006,btc,6591680.7351637,0.0,0.38529422037817224,27
1,[],5,[],2019-04-26 09:47:06,0.0,0,0,7465326,2019-04-26 09:47:06,btc,0.0,0.0,0,btc,0.0,0.0,0.0,27
1,[],3,[],2019-04-28 02:38:55,141621.60361514,0.00000001,0.0000000000005253330000000001,7491060,2019-04-28 02:38:55,btc,2.501704004580372,921815.184511,0.00000001,btc,21091882.2176418,0.0,0.0014162160361513999,27
1,[],4,[],2019-05-13 13:46:35,1242791768.4625745,0.00000001,0.000000000000733294,7624553,2019-05-13 13:46:35,btc,4.0772313946049685,0.0,0.00000001,"btc,ltc",248553157.5662943,0.0,8.433452423994986,29
1,[],7,[],2019-05-13 13:46:36,113333441.7229273,0.00000001,0.000000000000733294,7624554,2019-05-13 13:46:36,btc,46550610.569706224,0.0,0.00000001,btc,42519464.89006518,0.0,1.133334417229273,29
1,[],4,[],2019-05-13 13:46:37,1569635.45440297,0.00000011,0.000000000008066234,7624555,2019-05-13 13:46:37,btc,2.5844244168259207,0.0,0.00000011,btc,2074465.22080747,0.00251251,0.0315670481954721,30
0,[],17,[],2019-05-03 01:11:25,0.0,0,0,7559066,2019-05-03 01:11:25,btc,0.0,0.0,0,btc,0.0,0.0,0.0,30
1,[],4,[],2019-05-13 13:48:38,202591.60126412,0.00004730,0.00000000346848062,7624556,2019-05-13 13:48:38,btc,6.710364568460576,0.0,0.00004730,btc,64295.2080873,0.44909882,0.7115005830662778,31
1,[],21,[],2019-05-13 13:48:39,71157.38395811,0.00004740000000000000018440110550,0.00000000347581356,7624557,2019-05-13 13:48:39,btc,4.584820580913491,130181.11587703,0.000047400000000000000184401105496334594135987572371959686279296875,btc,87604.48926402,6.2206957,2.892485574904036,31
0,[],2,[],2019-01-20 23:28:43,0.0,0,0,6477009,2019-01-20 23:28:43,,0.0,0.0,0,,0.0,0.0,0.0,32
0,[],4,[],2019-05-13 13:48:40,0.0,0,0,7624558,2019-05-13 13:48:40,,0.0,0.0,0,,0.0,0.0,0.0,33
1,[],12,[],2019-03-30 07:55:10,40641173.964,0.00000003,0.000000000001228359,7108785,2019-03-30 07:55:10,btc,4233210.82356125,0.0,0.00000003,btc,28378394.68333462,0.0126927883965248,0.90752895892,33
0,[],4,[],2019-05-13 13:48:41,0.0,0,0,7624559,2019-05-13 13:48:41,,3.1071367623695387,0.0,0,,138380099.55059293,0.00054621,0.0,34
1,[],5,[],2019-05-13 13:48:44,0.0,0,0,7624560,2019-05-13 13:48:44,btc,0.0,0.01901113,0,btc,0.0,0.0,0.0,34
0.000000000133684,[],4,[],2019-05-02 18:17:45,3384239970.6360936,1.3368400000000002e-18,7.293946092400001e-23,7556428,2019-05-02 18:17:45,ltc,5.381102735485169e-08,0.0,0.00000001,ltc,6862894551.7408495,0.0,4.524187362345155e-09,36
1,[],5,[],2019-05-02 18:17:46,0.0,0,0,7556429,2019-05-02 18:17:46,btc,0.0,0.0,0,btc,0.0,0.0,0.0,36
0.0000000002926451,[],17,[],2019-05-02 18:17:47,200000.0,2.9264510000000002e-18,1.596703856561e-22,7556430,2019-05-02 18:17:47,eth,0.20942468735267253,0.0,0.00000001,"btc,eth",1018272.20243647,0.0,5.852902e-13,36
0.000000000133684,[],27,[],2019-05-02 18:17:55,7883196.008,1.3368400000000002e-18,7.293946092400001e-23,7556431,2019-05-02 18:17:55,ltc,25567.4086131264,0.0,0.00000001,"ltc,eth",21753551.64,0.0,1.0538571751334722e-11,36
1,[],4,[],2019-05-13 13:48:45,250322.38543174,0.00000021,0.000000000015399173999999998,7624561,2019-05-13 13:48:45,btc,19772.68210611208,0.0,0.00000021,btc,831879.46767868,0.00122318,0.0167593030424792,37
1,[],12,[],2019-05-13 13:48:47,2066560.95638094,0.00000021,0.000000000015399173999999998,7624562,2019-05-13 13:48:47,btc,19604.339126708168,0.0,0.00000021,btc,414722.89882899,0.0314734824642425,0.2374372908399974,37
1,[],27,[],2019-05-13 13:50:55,1600.0,0.00000015,0.00000000001099941,7624563,2019-05-13 13:50:55,btc,24.12760334291843,0.0,0.00000015,btc,5839.49448498,0.0,3e-05,37
1,[],17,[],2019-05-03 01:11:36,211752.74075282,0.00000025,0.000000000013700074999999998,7559074,2019-05-03 01:11:36,btc,0.055484923955058496,0.0,0.00000025,"btc,eth",1387.19918473,0.0,0.0005381851887916605,37
1,[],5,[],2019-05-13 13:50:57,0.0,0,0,7624564,2019-05-13 13:50:57,btc,0.0,0.01029123,0,btc,0.0,0.0,0.0,42
1,[],12,[],2019-05-13 13:50:58,349863.15596002,0.0000025600000000000000535617557251288900488361832685768604278564453125,0.000000000187723264,7624565,2019-05-13 13:50:58,btc,2227607.758443587,0.0,0.0000025600000000000000535617557251288900488361832685768604278564453125,btc,105200.62438349001,0.0532496937891623,0.07844077980275,42
1,[],27,[],2019-05-13 13:51:09,506.0,0.00000002,0.000000000001466588,7624566,2019-05-13 13:51:09,btc,1.22618465,0.0,0.00000002,"btc,eth",1336.4476,0.0,3.000000408135616e-06,42
1,[],12,[],2019-03-13 09:13:29,1112112.0,0.00000001,0.000000000000386531,6919902,2019-03-13 09:13:29,btc,29058.00478931866,0.0,0.00000001,btc,5967681.93306694,9.99000999e-07,0.01112112,43
1,[],5,[],2019-04-26 22:38:52,0.0,0,0,7474154,2019-04-26 22:38:52,btc,0.0,0.02638891,0,btc,0.0,0.0,0.0,43
0,[],17,[],2019-04-26 22:38:53,0.0,0,0,7474155,2019-04-26 22:38:53,btc,0.0,0.0,0,btc,0.0,0.0,0.0,43
1,[],12,[],2019-03-05 01:54:08,639326.02,0.00000004,0.000000000001486676,6845775,2019-03-05 01:54:08,btc,11116042.728239931,0.0,0.00000004,btc,1103841.4595604,0.0003330765234764,0.014975410599999999,44
1,[],4,[],2019-05-13 13:51:09,123546466.25859171,0.00000001,0.000000000000733294,7624567,2019-05-13 13:51:09,btc,436.8455846110181,0.0,0.00000001,"btc,ltc",23990892.08342435,0.00166189,0.21828387276488007,49
1,[],4,[],2019-05-13 13:53:10,1152184.63009,0.00000001,0.000000000000733294,7624568,2019-05-13 13:53:10,btc,21662.66577939807,0.0,0.00000001,btc,62106380.51631337,0.00024292,0.0115218463009,52
0,[],22,[],2019-05-13 13:53:13,0.0,0,0,7624569,2019-05-13 13:53:13,,10289.59645273,0.0,0,,308785658.4566013,0.0,0.0,57
0,[],27,[],2019-05-13 13:53:19,0.0,0,0,7624570,2019-05-13 13:53:19,,0.0,0.0,0,"btc,eth",0.0,0.0,0.0,57
0.0000000001189703,[],4,[],2019-05-13 13:53:20,817890876.5561304,1.189703e-18,8.724020716819999e-23,7624571,2019-05-13 13:53:20,ltc,19.1106614310061,0.0,0.00000001,ltc,6161988955.671694,0.0,9.73047229511458e-10,58
0.0000000001075248,[],22,[],2019-05-13 13:57:23,137323.0,1.075248e-18,7.884729069119999e-23,7624572,2019-05-13 13:57:23,XMR,69.17947824,0.0,0.00000001,XMR,9887848.044444444,0.0,0.00137323,58
1,[],17,[],2019-05-03 01:12:09,1200000.0,0.0000000001,0.00000000000000548003,7559085,2019-05-03 01:12:09,btc,1e+24,0.0,0.0000000001,"btc,eth",39516342.31952568,0.0,0.00010000000058666061,58
1,[],12,[],2019-05-13 12:49:59,1482401817.0,0.0000000001,0.00000000000000728033,7624422,2019-05-13 12:49:59,btc,118395954.55622737,0.0,0.0000000001,btc,4630575624.345663,0.000300449012287712,0.1482401817,58
1,[],5,[],2019-05-13 13:57:25,0.0,0,0,7624573,2019-05-13 13:57:25,btc,0.0,0.03564246,0,btc,0.0,0.0,0.0,61
1,[],22,[],2019-05-13 13:57:28,13613.833333333334,0.00000012,0.000000000008799528,7624574,2019-05-13 13:57:28,BTC,1002.33190883,0.0,0.00000012,BTC,15392.180177125656,0.0,0.00153269,61
1,[],26,[],2019-05-13 13:57:28,0.0,0.00000050,0.0000000000366647,7624575,2019-05-13 13:57:28,btc,0.0,0.0,0.00000050,btc,0.0,0.0,0.0,61
1,[],27,[],2019-05-13 13:57:34,101000.0,0.00000001,0.000000000000733294,7624576,2019-05-13 13:57:34,btc,1.9482732497246655,0.0,0.00000001,"btc,eth",13266.51663696,0.0,1.00000002623654e-05,61
1,[],28,[],2019-05-13 13:58:25,1039.304,0.00000008,0.000000000005866352,7624577,2019-05-13 13:58:25,btc,2.056501795415105,775.0,0.00000008,btc,10022.46650005,0.0,2.439304e-05,61
1,[],4,[],2019-05-13 13:58:26,1188680.05712295,0.00000096,0.000000000070396224,7624578,2019-05-13 13:58:26,btc,2.1920326263944454,0.0,0.00000096,btc,741574.4123833,0.03403478,0.7654752805333435,67
0.0,[],25,[],2019-05-13 13:58:28,0.0,0,0,7624579,2019-05-13 13:58:28,,0.0,0.0,0.0,btc,0.0,0.0,0.0,67
1,[],12,[],2019-05-13 13:58:29,1478001.0,0.0000001,0.00000000000733294,7624580,2019-05-13 13:58:29,btc,55556353.34331147,0.0,0.0000001,btc,1402755.64138299,0.0022441313386664,0.0231092,71
,[],5,[],2018-11-20 23:02:39,1.5e-07,0.00000005,0.000000000002128045,4862160,2018-11-20 23:02:39,btc,2.84511358,0.0,,btc,0.00036572,0.0,0.07381892,74
1,[],5,[],2019-05-13 13:58:32,0.0,0,0,7624581,2019-05-13 13:58:32,btc,0.0,0.00753129,0,btc,0.0,0.0,0.0,75
0,[],4,[],2019-05-13 13:58:33,0.0,0,0,7624582,2019-05-13 13:58:33,,133647.3434328639,0.0,0,,34200062.02546142,0.0,0.0,81
0,[],20,[],2019-01-25 09:30:31,0.0,0,0,6495923,2019-01-25 09:30:31,btc,0.0,0.0,0,btc,0.0,0.0,0.0,81
0,[],4,[],2019-05-13 14:00:36,0.0,0,0,7624583,2019-05-13 14:00:36,,0.0,0.0,0,,0.0,0.53957632,0.0,82
1,[],21,[],2019-05-13 14:00:38,535097.8843532,0.00005776999999999999745991380307,0.000000004236239438,7624584,2019-05-13 14:00:38,btc,4.237948337138409,27585.04240581,0.000057769999999999997459913803066200443936395458877086639404296875,btc,59292.30596339,1.77312787,2.4963615999366513,82
0,[],17,[],2019-03-25 22:42:34,0.0,0,0,7038780,2019-03-25 22:42:34,btc,0.0445064681804024,0.0,0,btc,995513.18476001,0.0,0.0,84
0.00000000013644,[],4,[],2019-05-01 19:17:39,299701867.376,1.3644e-18,7.259508504e-23,7542161,2019-05-01 19:17:39,ltc,1.6769037726995486,0.0,0.00000001,ltc,427823536.87452894,0.00010978,4.089132278478144e-10,85
,[],22,[],2018-11-20 23:09:34,3408.1,0.0000001,0.0000000000041895,4862324,2018-11-20 23:09:34,BTC,0.04624735,0.0,,BTC,4990.0,0.0,0.00033081,86
1,[],22,[],2019-05-13 14:00:41,85999.0,0.00000001,0.000000000000733294,7624585,2019-05-13 14:00:41,BTC,3.66445213,0.0,0.00000001,BTC,336978.29736842104,0.0,0.00085999,87
0,[],27,[],2019-05-13 14:00:48,0.0,0,0,7624586,2019-05-13 14:00:48,,4.961703020736,2742.0,0,btc,19948.62841,8.226e-05,0.0,87
,[],2,[],2018-11-20 23:10:47,0.0,0,0,4862359,2018-11-20 23:10:47,,0.0,0.0,,,0.0,0.0,0.0,88
1,[],11,[],2019-05-13 14:00:50,74864.67225475,0.0001362199999999999934334471429764334970968775451183319091796875,0.000000009988930867999999,7624587,2019-05-13 14:00:50,btc,175.98397392504694,2977.10958091,0.0001362199999999999934334471429764334970968775451183319091796875,btc,187050.93239236,0.0,4.033711033323426,89
0,[],2,[],2019-01-20 23:31:45,0.0,0,0,6477083,2019-01-20 23:31:45,,0.0,0.0,0,,0.0,0.0,0.0,91
1,[],12,[],2019-05-13 14:00:52,557994.64533843,0.00000039,0.000000000028598466,7624588,2019-05-13 14:00:52,btc,89.86827883497145,0.0,0.00000039,btc,185425.72152962,5.004995005e-06,0.0741557022999849,91
1,[],22,[],2019-05-13 14:02:56,76012.0,0.0000007,0.00000000005133058,7624589,2019-05-13 14:02:56,BTC,0.49509699,0.0,0.0000007,"BTC,LTC",98.95,1.6e-06,0.0017119,91
0,[],17,[],2019-05-03 01:12:26,0.0,0,0,7559096,2019-05-03 01:12:26,btc,0.0,0.0,0,btc,0.0,0.0,0.0,91
1,[],22,[],2019-04-09 20:17:52,374949.73333333334,0.00000015,0.000000000007771935,7235704,2019-04-09 20:17:52,BTC,6.87372503,0.0,0.00000015,"BTC,LTC",159980.01196797504,1.1e-05,0.80510266,95
0.0000000001189703,[],4,[],2019-05-13 14:02:57,548068915.5161316,7.257188299999999e-17,5.3216526372601996e-21,7624590,2019-05-13 14:02:57,ltc,11.305905200041703,0.0,0.00000061,ltc,135578493.25165564,0.0,1.3705532383775875e-09,96
0,[],17,[],2019-05-03 01:12:32,0.0,0,0,7559100,2019-05-03 01:12:32,btc,0.0,0.0,0,btc,0.0,0.0,0.0,96
0,[],12,[],2019-05-13 13:01:29,0.0,0,0,7624441,2019-05-13 13:01:29,btc,25054.270923706474,0.0,0,btc,7550278.46658341,0.0,0.0,96
1,[],4,[],2019-04-14 03:32:46,1039404.33283278,0.00000038,0.000000000019245518,7293458,2019-04-14 03:32:46,btc,4.170086055365747,0.0,0.00000038,btc,3097704.34561074,0.06260606,0.1859928211030784,99
0,[],2,[],2019-01-20 23:23:55,0.0,0,0,6476914,2019-01-20 23:23:55,,0.0,0.0,0,,0.0,0.0,0.0,100
1,[],4,[],2019-05-13 13:03:29,397941.92102324,0.00003301,0.000000002403236933,7624442,2019-05-13 13:03:29,btc,6.894119492079108,0.0,0.00003301,btc,118467.32387239,0.32516039,0.7497487378659292,100
1,[],22,[],2019-05-13 13:03:34,130000.0,0.00000001,0.000000000000728033,7624443,2019-05-13 13:03:34,BTC,24.83526409,0.0,0.00000001,BTC,11187.719,0.0,0.0013,101
1,[],4,[],2019-05-13 13:03:35,608039.7829514,0.00000416,0.000000000302861728,7624444,2019-05-13 13:03:35,btc,255.91071408614383,0.0,0.00000416,btc,501795.88288999,2.82882117,0.5495623236140136,103
1,[],12,[],2019-05-13 13:03:39,96350919.76392001,0.000000006,0.0000000000004368198,7624445,2019-05-13 13:03:39,btc,468525176.26778716,0.0,0.000000006,btc,83522566.0757113,0.00708384285294707,0.26942461296776005,105
0,[],27,[],2019-05-13 13:03:44,0.0,0,0,7624446,2019-05-13 13:03:44,,0.0584885651331397,0.0,0,btc,600596.63747933,0.0,0.0,105
1,[],22,[],2019-04-21 00:17:26,21333.0,0.00000001,0.000000000000532493,7385819,2019-04-21 00:17:26,BTC,51.38182867,0.0,0.00000001,BTC,470435.0,0.0,0.00021333,107
1,[],26,[],2019-04-21 00:17:26,0.0,0.00000000,0,7385820,2019-04-21 00:17:26,btc,0.0,0.0,0.00000000,btc,0.0,0.0,0.0,107
1,[],22,[],2019-05-13 13:03:50,79003.0,0.00000001,0.000000000000728033,7624448,2019-05-13 13:03:50,BTC,2.79232726,0.0,0.00000001,BTC,1380942.0833333333,0.0,0.00079003,112
1,[],27,[],2019-05-13 13:03:56,1.0,0.00000001,0.000000000000728033,7624449,2019-05-13 13:03:56,btc,1.25032588,0.0,0.00000001,"btc,eth",1819.0,0.0,1e-08,112
1,[],5,[],2019-05-13 13:03:47,0.0,0,0,7624447,2019-05-13 13:03:47,btc,0.0,0.0,0,btc,0.0,0.0,0.0,112
1,[],4,[],2019-05-13 13:03:56,351711.61362195,0.00000159,0.000000000115757247,7624450,2019-05-13 13:03:56,btc,4.70138233907314,0.0,0.00000159,btc,517203.87879921,0.02378341,0.1893778094647182,113
1,[],5,[],2019-05-13 13:03:57,0.0,0,0,7624451,2019-05-13 13:03:57,btc,0.0,0.0,0,btc,0.0,0.0,0.0,113
1,[],17,[],2019-04-26 02:17:47,162738.278,0.00000004,0.0000000000021069000000000002,7461287,2019-04-26 02:17:47,btc,1.3331140273775473,0.0,0.00000004,btc,51796.221,0.0,0.00230953112,116
0,[],27,[],2019-04-26 02:19:51,0.0,0,0,7461288,2019-04-26 02:19:51,,0.0,0.0,0,,0.0,0.0,0.0,116
1,[],4,[],2019-05-07 20:09:28,131822.85721655,0.00001022,0.00000000060230548,7572994,2019-05-07 20:09:28,btc,132.18460413545117,0.0,0.00001022,btc,268070.13193351,0.06918336,1.0489745103085106,120
1,[],7,[],2019-05-07 20:09:30,9501.79941055,0.000011699999999999999788190263583231853772304020822048187255859375,0.0000000006895277999999999,7572995,2019-05-07 20:09:30,btc,231185.88817567716,62.23644451,0.000011699999999999999788190263583231853772304020822048187255859375,btc,4076.97424313,0.00072692,0.018013380795019,120
1,[],20,[],2019-04-07 18:42:29,1914137.0852,0.000000035,0.0000000000017871910000000002,7211992,2019-04-07 18:42:29,btc,32.2497668025648,25528.85,0.000000035,btc,1001975.4986,0.00089350975,0.0152723574729,125
1,[],22,[],2019-05-13 13:04:02,10000.0,0.00000001,0.000000000000728033,7624452,2019-05-13 13:04:02,BTC,0.032061,0.0,0.00000001,BTC,299316.7611111111,0.0,0.0001,126
1,[],4,[],2019-05-13 13:04:02,2173440.05579799,0.00000630,0.00000000045866079,7624453,2019-05-13 13:04:02,btc,3.3359472450767886,0.0,0.00000630,btc,169069.86833409,0.07073757,0.4415709569079824,131
0,[],2,[],2019-01-20 23:25:46,0.0,0,0,6476969,2019-01-20 23:25:46,,0.0,0.0,0,,0.0,0.0,0.0,131
1,[],17,[],2019-05-03 01:13:10,10000.0,0.00000001,0.000000000000548003,7559115,2019-05-03 01:13:10,btc,0.0953976503951408,0.0,0.00000001,btc,5037.62507334,0.0,0.0001,131
1,[],4,[],2019-05-13 13:06:03,4702.85256705,0.00025474,0.000000018545912642,7624454,2019-05-13 13:06:03,btc,5.026798700606594,0.0,0.00025474,btc,179.49429964,0.00500062,0.0081390447017568,135
1,[],3,[],2019-05-13 13:06:04,67103.7525,0.00000001,0.000000000000728033,7624455,2019-05-13 13:06:04,btc,0.2089268479486088,870248.638893,0.00000001,btc,1711126.41412391,0.0,0.000671037525,136
1,[],4,[],2019-05-13 13:06:06,2532731.48195759,0.00000185,0.000000000134686105,7624456,2019-05-13 13:06:06,btc,318.7414137498478,0.0,0.00000185,btc,526494.09275273,0.0029799,0.5795994544214906,137
1,[],12,[],2019-05-13 13:06:08,324368.28053023,0.000001879999999999999999629744958096200235786454868502914905548095703125,0.000000000136870204,7624457,2019-05-13 13:06:08,btc,48531.24401400809,0.0,0.000001879999999999999999629744958096200235786454868502914905548095703125,btc,42366.65209715,0.0011572793806448,0.023847765727122,137
1,[],4,[],2019-05-13 13:06:09,51389.59230309,0.00003027,0.000000002203755891,7624458,2019-05-13 13:06:09,btc,4.986425823715214,0.0,0.00003027,btc,74823.7432228,0.27432063,0.3237307023465121,142
1,[],5,[],2019-05-13 13:06:11,0.0,0,0,7624459,2019-05-13 13:06:11,btc,0.0,0.00894519,0,btc,0.0,0.0,0.0,142
1,[],20,[],2019-05-13 13:08:14,162651.4557,0.00002857,0.000000002079990281,7624460,2019-05-13 13:08:14,btc,1.7319145258487,0.0,0.00002857,btc,8790.6601,0.0,0.046011157544,142
1,[],22,[],2019-05-13 13:08:16,1370.0,0.00000200,0.0000000001456066,7624461,2019-05-13 13:08:16,BTC,3.2756588,0.0,0.00000200,BTC,1135.5948275773155,0.0,0.0003632,142
0.0,[],25,[],2019-05-13 13:08:18,0.0,0,0,7624462,2019-05-13 13:08:18,,0.0,0.0,0.0,btc,0.0,0.0,0.0,142
1,[],28,[],2019-05-13 13:08:19,79102.0,0.00003311,0.000000002410517263,7624463,2019-05-13 13:08:19,btc,0.0555251924,254374.0,0.00003311,btc,438.37303,0.0,0.07347342,142
1,[],17,[],2019-05-03 01:13:16,32967.38636364,0.00000088,0.000000000048224264,7559122,2019-05-03 01:13:16,btc,20.06976206696776,0.0,0.00000088,btc,2746.079105,0.0,0.0105613000000032,142
0,[],22,[],2019-05-13 13:08:22,0.0,0,0,7624464,2019-05-13 13:08:22,,64.21505383,0.0,0,,691775795.8,0.0,0.0,143
0,[],22,[],2019-02-25 15:42:22,0.0,0,0,6783783,2019-02-25 15:42:22,,4.2131946,0.0,0,,2322156.0,0.0,0.0,146
,[],22,[],2018-11-20 23:01:11,0.0,0,0,4862114,2018-11-20 23:01:11,,2.56807021,0.0,,,61828.4988236,0.0,0.0,147
1,[],12,[],2019-04-21 06:38:04,193091.5971266,0.00000071,0.000000000037635183,7388679,2019-04-21 06:38:04,btc,2.301232411611175,0.0,0.00000071,btc,9957.48302385,0.00023528,0.0313308199999888,148
1,[],4,[],2019-03-19 21:31:25,255810.0415942,0.00000029,0.000000000011615747,6982695,2019-03-19 21:31:25,btc,218.94922712414143,0.0,0.00000029,btc,793529.37642722,0.00117,0.0608347789473395,152
0,[],22,[],2019-03-19 21:31:27,0.0,0,0,6982696,2019-03-19 21:31:27,,0.0,0.0,0,,0.0,0.0,0.0,152
1,[],5,[],2019-04-26 09:36:59,0.0,0,0,7465040,2019-04-26 09:36:59,btc,0.0,0.0,0,btc,0.0,0.0,0.0,153
,[],16,[],2019-01-11 15:38:59,0.0,0,0,6366141,2019-01-11 15:38:59,btc,0.0,0.0,,btc,0.0,0.0,0.0,155
0,[],22,[],2019-05-11 16:24:45,0.0,0,0,7616280,2019-05-11 16:24:45,,6.80191271,0.0,0,,4673448.342592592,0.0,0.0,156
0,[],23,[],2019-01-20 23:24:29,0.0,0,0,6476932,2019-01-20 23:24:29,,0.0,0.0,0,,0.0,0.0,0.0,156
1,[],22,[],2019-05-13 13:08:25,7066.0,0.00000800,0.0000000005824264,7624465,2019-05-13 13:08:25,BTC,1.79802465,0.0,0.00000800,BTC,802.6461988741639,0.0,0.00062996,157
0,[],22,[],2019-05-07 22:25:46,0.0,0,0,7574238,2019-05-07 22:25:46,,50234.60468402,0.0,0,,54786159.03179465,0.0,0.0,158
,[],17,[],2018-11-20 22:56:10,0.0,0,0,4861976,2018-11-20 22:56:10,btc,1.1265625,0.0,,btc,1000.0,0.0,0.0,159
,[],20,[],2018-11-20 22:56:12,0.0,0,0,4861977,2018-11-20 22:56:12,btc,11912.7940471,0.0,,btc,34413894.3617,0.0,0.0,159
1,[],12,[],2019-05-13 13:08:26,262805.44955171,0.00000200999999999999981375249820392259181289773550815880298614501953125,0.00000000014633463299999998,7624466,2019-05-13 13:08:26,btc,23.17802397538895,0.0,0.00000200999999999999981375249820392259181289773550815880298614501953125,btc,13846.91716398,0.003312323502304,0.0370537708999293,168
1,[],17,[],2019-05-03 01:13:36,42852.0,0.00000002,0.000000000001096006,7559132,2019-05-03 01:13:36,btc,0.04279856251542,0.0,0.00000002,btc,274.46171372,0.0,0.00052852,168
1,[],22,[],2019-05-07 03:57:18,743122.0,0.00000001,0.000000000000593596,7562020,2019-05-07 03:57:18,BTC,41.40912107,0.0,0.00000001,BTC,1593401.2737547632,0.00342649,0.00743122,169
1,[],22,[],2019-05-13 13:10:31,354790.0,0.0000001,0.00000000000728033,7624467,2019-05-13 13:10:31,BTC,27.85857669,0.0,0.0000001,BTC,431785.56626337627,0.00049925,0.0082357,171
1,[],22,[],2019-05-13 13:10:35,174985.2,0.00000014,0.000000000010192462,7624468,2019-05-13 13:10:35,BTC,10824.11324934,0.0,0.00000014,"BTC,LTC",779906.7943490599,0.00386883,0.0104528,173
1,[],5,[],2019-05-06 19:49:32,0.0,0,0,7559281,2019-05-06 19:49:32,btc,0.0,0.00023336,0,btc,0.0,0.0,0.0,175
1,[],22,[],2019-05-13 13:10:38,90671.0,0.00000001,0.000000000000728033,7624469,2019-05-13 13:10:38,BTC,394.35459412,0.0,0.00000001,BTC,136275.61833431243,0.0,0.00090671,176
1,[],7,[],2019-05-13 13:10:39,0.0,0,0,7624470,2019-05-13 13:10:39,btc,520274.19906904455,6470.52947052,0,btc,18656355.20259758,0.0,0.0,178
0,[],22,[],2019-05-13 13:10:41,0.0,0,0,7624471,2019-05-13 13:10:41,,1.00242428,0.0,0,,57512.0,0.0,0.0,178
0,[],2,[],2019-01-20 23:28:34,0.0,0,0,6477001,2019-01-20 23:28:34,,0.0,0.0,0,,0.0,0.0,0.0,178
1,[],5,[],2019-05-13 13:10:43,0.0,0,0,7624472,2019-05-13 13:10:43,btc,0.0,0.02121657,0,btc,0.0,0.0,0.0,179
1,[],22,[],2019-05-13 13:10:45,2000776.0,0.00000001,0.000000000000728033,7624473,2019-05-13 13:10:45,BTC,5.3375539,0.0,0.00000001,BTC,14270381.911946677,7.1e-07,0.02000776,179
0,[],23,[],2019-01-20 23:25:08,0.0,0,0,6476952,2019-01-20 23:25:08,,0.0,0.0,0,,0.0,0.0,0.0,179
1,[],22,[],2019-05-13 13:12:50,654757.982953083,0.00000021,0.000000000015288693,7624474,2019-05-13 13:12:50,BTC,40.27284384,0.0,0.00000021,"BTC,LTC",47482.728924167706,0.00393843,0.55347942,180
1,[],26,[],2019-05-13 13:12:51,0.0,0.00000250,0.00000000018200825,7624475,2019-05-13 13:12:51,btc,0.0,0.0,0.00000250,btc,0.0,0.0,0.0,180
1,[],17,[],2019-05-03 01:13:56,20504.725000000002,0.0000001,0.00000000000548003,7559141,2019-05-03 01:13:56,btc,5.2010695838400265,0.0,0.0000001,btc,5033.45945,0.0,0.0011504725,180
,[],7,[],2018-11-20 22:58:01,562227.975654,0.00000085,0.000000000036176765,4862015,2018-11-20 22:58:01,btc,21836.6059674,2491.87645172,,btc,749999.041456,0.00211021,0.127565380455,183
,[],5,[],2019-01-10 08:11:41,0.0,0,0,6347036,2019-01-10 08:11:41,btc,82.15055501,0.00261,,btc,1.19002445,0.0,0.0,187
1,[],24,[],2019-04-30 17:34:05,0.0,0.000000000014,7.396256000000001e-16,7526291,2019-04-30 17:34:05,btc,0.0,0.0,0.000000000014,btc,0.0,0.0,0.0,187
,[],17,[],2018-11-16 20:58:10,4062536.27273,0.00000001,0.000000000000550501,4708775,2018-11-16 20:58:10,btc,3.36492563466,0.195460381006,,"btc,eth",110697919.549,0.0,0.0157628953496,187
0,[],22,[],2019-04-25 02:54:07,0.0,0,0,7447896,2019-04-25 02:54:07,,7.54794454,0.0,0,,76361.7243344055,0.0,0.0,191
0,[],22,[],2019-05-13 13:12:55,0.0,0,0,7624476,2019-05-13 13:12:55,,0.0,0.0,0,,0.0,0.0,0.0,197
0,[],23,[],2019-01-20 23:31:41,0.0,0,0,6477079,2019-01-20 23:31:41,,0.0,0.0,0,,0.0,0.0,0.0,199
0.0000000001199465,[],22,[],2019-05-13 13:12:58,53056789.0,2.3989300000000004e-18,1.7465002046900003e-22,7624477,2019-05-13 13:12:58,LTC,7.64571369,0.0,0.00000002,LTC,35310436.0,0.0,0.60713197,199
1,[],26,[],2019-05-13 13:12:58,0.0,0.00000000,0,7624478,2019-05-13 13:12:58,btc,0.0,0.0,0.00000000,btc,0.0,0.0,0.0,199
0,[],2,[],2019-01-20 23:30:49,0.0,0,0,6477059,2019-01-20 23:30:49,,0.0,0.0,0,,0.0,0.0,0.0,201
1,[],4,[],2019-01-25 15:51:35,2084389.58565343,0.00000936,0.000000000333526752,6499557,2019-01-25 15:51:35,btc,2.0092503037378524,0.0,0.00000936,btc,160195.80207885,0.19272417,1.242687955921835,211
1,[],7,[],2019-05-13 13:13:02,13788387.90882787,0.00000085,0.00000000006188280500000001,7624479,2019-05-13 13:13:02,btc,15200781.492717328,97592.4540997,0.00000085,btc,13296266.6203966,0.0,1.1456102108129762,212
1,[],5,[],2019-05-07 13:02:51,0.0,0,0,7566706,2019-05-07 13:02:51,btc,0.0,0.43032184,0,btc,0.0,0.0,0.0,213
1,[],24,[],2019-05-07 13:02:52,0.0,0.000000050000,0.000000000002968865,7566707,2019-05-07 13:02:52,btc,0.0,0.0,0.000000050000,btc,0.0,0.0,0.0,213
1,[],26,[],2019-05-07 13:02:52,0.0,0.00000040,0.00000000002375092,7566708,2019-05-07 13:02:52,btc,0.0,0.0,0.00000040,btc,0.0,0.0,0.0,213
1,[],12,[],2019-01-25 02:44:32,207462.42853209,0.000001080000000000000035831255497387193287295303889550268650054931640625,0.000000000038610756000000006,6493050,2019-01-25 02:44:32,btc,85023.03793723314,0.0,0.000001080000000000000035831255497387193287295303889550268650054931640625,btc,43675.73520027,0.000146250909087,0.0348620860622024,213
0,[],22,[],2019-05-13 13:13:05,0.0,0,0,7624480,2019-05-13 13:13:05,,9.58264616,0.0,0,,2560817.094064925,0.0,0.0,216
0,[],27,[],2019-05-13 13:13:15,0.0,0,0,7624481,2019-05-13 13:13:15,,65.60807910867707,0.0,0,"btc,ltc",232630.447308,0.0,0.0,216
1,[],22,[],2019-05-13 13:13:19,1065256.6701677854,0.00000075,0.000000000054602475,7624482,2019-05-13 13:13:19,BTC,12054.94306283,0.0,0.00000075,BTC,436834.00974225573,0.00711659,0.14808831,217
0,[],27,[],2019-05-13 13:15:28,0.0,0,0,7624483,2019-05-13 13:15:28,,0.06997067,0.0,0,btc,1753528.0,0.0,0.0,219
0.000000000000003789,[],28,[],2019-05-13 13:15:30,472567134.161,2.466639e-18,1.795794591087e-22,7624484,2019-05-13 13:15:30,doge,3651615.266323337,625307.623,0.00065100,"btc,doge",46211323.3823,0.0,2.0119703360513533e-11,219
1,[],7,[],2019-05-13 12:28:17,0.0,0,0,7624333,2019-05-13 12:28:17,btc,111302.56865462937,0.0,0,btc,137781098.61523312,0.0,0.0,219
1,[],22,[],2019-05-13 13:15:33,373170.0,0.00000004,0.000000000002912132,7624485,2019-05-13 13:15:33,BTC,56.7649867,0.0,0.00000004,BTC,131552.84827387411,0.0,0.0119808,221
1,[],24,[],2019-05-13 13:15:34,0.0,0.000000010000,0.000000000000728033,7624486,2019-05-13 13:15:34,btc,0.0,0.0,0.000000010000,btc,0.0,0.0,0.0,221
1,[],20,[],2019-05-13 13:15:36,7919428.5971,0.000000009,0.0000000000006552297000000001,7624487,2019-05-13 13:15:36,btc,100049.98908601116,7915937.9222,0.000000009,btc,28431133.3666,0.0870250170247,0.0251742442985,224
0,[],22,[],2019-05-13 13:15:38,0.0,0,0,7624488,2019-05-13 13:15:38,,0.0,0.0,0,,0.0,0.0,0.0,224
1,[],26,[],2019-05-13 13:15:39,0.0,0.00000026,0.000000000018928858,7624489,2019-05-13 13:15:39,btc,0.0,0.0,0.00000026,btc,0.0,0.0,0.0,231
1,[],26,[],2019-05-13 13:15:39,0.0,0.00000005,0.000000000003640165,7624490,2019-05-13 13:15:39,btc,0.0,0.0,0.00000005,btc,0.0,0.0,0.0,234
0,[],27,[],2019-05-13 13:15:47,0.0,0,0,7624491,2019-05-13 13:15:47,,0.01134836604,0.0,0,"btc,eth",11462.996,0.0,0.0,234
1,[],4,[],2019-04-29 21:02:20,217188.93193785,0.00000080,0.00000000004151584,7514327,2019-04-29 21:02:20,btc,5.239800103892936,0.0,0.00000080,btc,797346.30008933,0.0,0.0590549781555679,236
1,[],24,[],2019-04-29 21:02:20,0.0,0.000000100000,0.00000000000518948,7514328,2019-04-29 21:02:20,btc,0.0,0.0,0.000000100000,btc,0.0,0.0,0.0,236
1,[],5,[],2019-05-06 20:53:15,0.0,0,0,7559637,2019-05-06 20:53:15,btc,0.0,0.20253514,0,btc,0.0,0.0,0.0,237
1,[],20,[],2019-05-06 20:53:18,38173217.6136,0.000000083,0.0000000000047460728,7559638,2019-05-06 20:53:18,btc,21342.514614200165,8832375.7238,0.000000083,btc,27701499.3386,0.7554403456107,1.3621107610479,237
1,[],22,[],2019-05-06 20:53:20,343938.0,0.00000009,0.000000000005146344,7559639,2019-05-06 20:53:20,BTC,1.20267422,0.0,0.00000009,BTC,17930.94871794872,0.0,0.01017442,237
1,[],4,[],2019-05-13 13:15:48,8449230.00794721,0.00000013,0.000000000009464429,7624492,2019-05-13 13:15:48,btc,2.635132564763614,0.0,0.00000013,btc,8024368.44778369,0.11848666,0.6905028457578655,238
1,[],5,[],2019-05-13 13:15:50,0.0,0,0,7624493,2019-05-13 13:15:50,btc,0.0,0.00014876,0,btc,0.0,0.0,0.0,238
0,[],22,[],2019-03-12 16:49:32,0.0,0,0,6914458,2019-03-12 16:49:32,,0.40415746,0.0,0,,526736.5639027493,0.0,0.0,249
0,[],22,[],2019-05-13 13:15:54,0.0,0,0,7624494,2019-05-13 13:15:54,,4.50924384,0.0,0,,38675894.69978836,0.0,0.0,252
1,[],28,[],2019-05-13 13:15:55,46016527.652,0.00000023,0.000000000016744759,7624495,2019-05-13 13:15:55,btc,43893.05410567365,249123.7782,0.00000023,btc,2914203.1182,0.0,0.58868509304,256
1,[],22,[],2019-05-13 13:15:58,1088993.5,0.00000002,0.000000000001456066,7624496,2019-05-13 13:15:58,BTC,21.86085896,0.0,0.00000002,BTC,501508.63333384093,0.0,0.01124633,258
1,[],22,[],2019-03-13 00:07:30,47146.0,0.00000001,0.000000000000387233,6917028,2019-03-13 00:07:30,BTC,2.415167,0.0,0.00000001,BTC,157.0,0.0,0.00047146,259
1,[],5,[],2019-05-13 13:16:00,0.0,0,0,7624497,2019-05-13 13:16:00,btc,0.0,0.22699077,0,btc,0.0,0.0,0.0,264
1,[],20,[],2019-05-13 13:16:02,1323495.7375,0.0000008,0.00000000005824264,7624498,2019-05-13 13:16:02,btc,5.0413261066443,47618.9685,0.0000008,btc,89784.4139,0.0542541065971,0.0384986521946,264
0,[],22,[],2019-04-12 17:57:27,0.0,0,0,7278186,2019-04-12 17:57:27,,66.37522201,0.0,0,,677842.4169881374,0.0,0.0,271
0,[],22,[],2019-05-13 13:16:04,0.0,0,0,7624499,2019-05-13 13:16:04,,33050467.4724609,0.0,0,,14361462970.7,0.0,0.0,272
0.000000000000003789,[],28,[],2019-05-13 13:16:06,311251238682.584,2.2355099999999998e-21,1.62752505183e-25,7624500,2019-05-13 13:16:06,doge,25516545.235245187,22510166234.24,0.00000059,doge,363389176106.476,0.0,2.38372333132272e-10,272
1,[],22,[],2019-05-13 13:16:09,127364.9,0.0000001,0.00000000000728033,7624501,2019-05-13 13:16:09,BTC,427.36550097,0.0,0.0000001,BTC,252522.95264460208,0.0,0.0039223,281
1,[],22,[],2019-05-13 13:16:15,632206.6333333333,0.00000005,0.000000000003640165,7624502,2019-05-13 13:16:15,BTC,1.4917872,0.0,0.00000005,"BTC,LTC",478654.14177864796,0.00073589,0.02426571,286
0,[],22,[],2019-05-13 13:16:18,0.0,0,0,7624503,2019-05-13 13:16:18,,7337893.19360497,0.0,0,,1388519263.7797825,0.0,0.0,294
