pairValue,buyBook,exchangeId,sellBook,updated,buyTotal,satoshiPrice,usdPrice,exchangeLogId,created,bestPair,sellTotalBtc,volume,pairPrice,activePairs,sellTotal,volumeBtc,buyTotalBtc,coinId
0,[],2,[],2019-01-20 23:28:45,0.0,0,0,6477011,2019-01-20 23:28:45,,0.0,0.0,0,,0.0,0.0,0.0,1
1,[],3,[],2019-06-28 02:12:33,32163.123777716733,0.00809468999999999987149390534568738075904548168182373046875,0.000000934616954745,7773403,2019-06-28 02:12:33,btc,9.328326934506132,105.165621764,0.00809468999999999987149390534568738075904548168182373046875,btc,38.23559171522,0.0,0.24795483101870872,1
1,[],4,[],2019-06-28 02:12:34,207805.13066947,0.00832831,0.0000009615908367549999,7773404,2019-06-28 02:12:34,btc,9.33496190623162,0.0,0.00832831,btc,441.65833981,5.40581043,0.6424607925594625,1
1,[],5,[],2019-06-28 02:12:36,0.0,0,0,7773405,2019-06-28 02:12:36,btc,0.0,0.42720048,0,btc,0.0,0.0,0.0,1
1,[],10,[],2019-06-28 02:12:39,248822.4553594,0.00387806,0.00000044776274662999996,7773406,2019-06-28 02:12:39,btc,6521.637080980057,1732.10768872,0.00387806,btc,1203.33511157,0.0,1.7794426530952356,1
1,[],12,[],2019-06-28 02:12:42,170.07860207,0.00829000000000000049349413444588208221830427646636962890625,0.000000957167545,7773407,2019-06-28 02:12:42,btc,0.6880332402584,0.0,0.00829000000000000049349413444588208221830427646636962890625,btc,32.74751065,1.470054022374,0.0541487655093,1
1,[],20,[],2019-06-28 02:12:44,928.1619,0.008070528,0.0000009318271981439999,7773408,2019-06-28 02:12:44,btc,0.1477455505012,0.7379,0.008070528,btc,10.9308,0.007642806998,0.1257987058174,1
1,[],21,[],2019-06-28 02:12:45,2168.95604261,0.008323789999999999314472809431,0.000000961068955295,7773409,2019-06-28 02:12:45,btc,11.452341682182642,9593.36473359,0.00832378999999999931447280943075384129770100116729736328125,"btc,eth",1875.21133323,69.22017706696423,12.733784624582237,1
1,[],22,[],2019-06-28 02:12:49,0.0469,0.00850000,0.00000098141425,7773410,2019-06-28 02:12:49,BTC,0.01666796,0.0,0.00850000,BTC,0.25318100557485945,0.0,0.00025139,1
1,[],24,[],2019-06-28 02:12:50,0.0,0.000000000000,0,7773411,2019-06-28 02:12:50,btc,0.0,0.0,0.000000000000,btc,0.0,0.0,0.0,1
0.0,[],25,[],2019-06-28 02:12:51,0.0,0,0,7773412,2019-06-28 02:12:51,btc,41.2200999991546,24151.80708026,0.0,btc,4754.18042878,196.7,0.0,1
1,[],26,[],2019-06-28 02:12:55,0.0,0,0,7773413,2019-06-28 02:12:55,,0.0,0.0,0,,0.0,0.0,0.0,1
0,[],28,[],2019-06-28 02:12:58,0.0,0,0,7773414,2019-06-28 02:12:58,,0.0,0.0,0,,0.0,0.0,0.0,1
1,[],5,[],2019-06-17 14:29:02,0.0,0,0,7740076,2019-06-17 14:29:02,btc,0.0,2.72e-05,0,btc,0.0,0.0,0.0,2
1,[],22,[],2019-06-17 14:29:06,11550.3,0.0000002,0.0000000000185828,7740077,2019-06-17 14:29:06,BTC,21.00897301,0.0,0.0000002,"BTC,XMR",20678.87287795317,1.754e-05,0.00143681,2
1,[],5,[],2019-06-03 14:48:58,0.0,0,0,7731126,2019-06-03 14:48:58,btc,0.0,0.05905545,0,btc,0.0,0.0,0.0,3
1,[],12,[],2019-06-03 14:48:59,3468623.70302,0.000000116,0.000000000009823402000000002,7731127,2019-06-03 14:48:59,btc,169531.0336573751,0.0,0.000000116,btc,2361209.62379607,0.041350953071,0.33764769154428,3
0,[],28,[],2019-06-03 14:49:00,0.0,0,0,7731128,2019-06-03 14:49:00,,0.0,0.0,0,,0.0,0.0,0.0,3
0,[],2,[],2019-01-20 23:31:32,0.0,0,0,6477077,2019-01-20 23:31:32,,0.0,0.0,0,,0.0,0.0,0.0,4
1,[],4,[],2019-05-18 21:29:50,562734.9206932,0.00000010,0.000000000007298720000000001,7650946,2019-05-18 21:29:50,btc,41.9347137769675,0.0,0.00000010,btc,1123702.32192634,0.00052462,0.029254593370966,4
0,[],12,[],2019-06-02 05:03:43,0.0,0,0,7724919,2019-06-02 05:03:43,btc,625.901992874995,0.0,0,btc,1211362.4995005,0.0,0.0,5
0,[],2,[],2019-01-20 23:31:51,0.0,0,0,6477087,2019-01-20 23:31:51,,0.0,0.0,0,,0.0,0.0,0.0,6
1,[],11,[],2019-06-28 02:13:00,6351847.276736,0.00000001,0.000000000001154605,7773415,2019-06-28 02:13:00,btc,9583.568469362632,300000.0,0.00000001,btc,76378844.64770687,0.0,0.06351847276736,6
1,[],3,[],2019-06-28 02:13:01,12584.428608565666,0.0000531700000000000008444460408707499254887807182967662811279296875,0.000000006139034785,7773416,2019-06-28 02:13:01,btc,1026.306376534974,627.29874475,0.0000531700000000000008444460408707499254887807182967662811279296875,btc,415.569905543096,0.0,0.018165000268471863,7
1,[],4,[],2019-06-28 02:13:02,552168.09187621,0.00006459,0.000000007457593695,7773417,2019-06-28 02:13:02,btc,6.729185392556984,0.0,0.00006459,btc,51964.28665404,1.32438561,1.8261947317923108,7
1,[],5,[],2019-06-28 02:13:03,0.0,0,0,7773418,2019-06-28 02:13:03,btc,0.0,0.02643726,0,btc,0.0,0.0,0.0,7
1,[],20,[],2019-04-07 22:06:50,3201475.0482,0.000000001,0.000000000000051590000000000004,7213932,2019-04-07 22:06:50,btc,30.8005781811902,0.0,0.000000001,btc,23077405.3926,0.0,0.0032014750482,8
0,[],2,[],2019-01-20 23:22:42,0.0,0,0,6476876,2019-01-20 23:22:42,,0.0,0.0,0,,0.0,0.0,0.0,9
0,[],23,[],2019-01-20 23:22:48,0.0,0,0,6476878,2019-01-20 23:22:48,,0.0,0.0,0,,0.0,0.0,0.0,9
1,[],1,[],2019-02-17 23:31:42,1822507.21,0.00000181000000000000003456111265232042484285557293333113193511962890625,0.000000000066086901,6701244,2019-02-17 23:31:42,btc,3.6990969245,17153386.5,0.00000181000000000000003456111265232042484285557293333113193511962890625,btc,1997391.71,31.11772986,3.2610482446,9
1,[],4,[],2019-06-28 02:13:06,1717851.63124241,0.00000040,0.0000000000461842,7773419,2019-06-28 02:13:06,btc,2.9154598087489916,0.0,0.00000040,btc,3043342.96021545,0.38997493,0.2391404491928311,9
0,[],28,[],2019-06-28 02:13:08,0.0,0,0,7773420,2019-06-28 02:13:08,,0.0,0.0,0,,0.0,0.0,0.0,9
1,[],4,[],2019-02-17 11:22:43,4341674.27126056,0.00000002,0.0000000000007272960000000001,6696112,2019-02-17 11:22:43,btc,0.1997230937751353,0.0,0.00000002,btc,4109766.79808031,0.00215132,0.0479381022052112,10
0,[],2,[],2019-01-20 23:23:08,0.0,0,0,6476890,2019-01-20 23:23:08,,0.0,0.0,0,,0.0,0.0,0.0,12
1,[],4,[],2019-06-28 02:13:09,38635398.56798927,0.00000027,0.000000000031174334999999996,7773421,2019-06-28 02:13:09,btc,7.146108002717432,0.0,0.00000027,btc,8386290.11123845,0.71262447,1.2283286144788526,12
1,[],5,[],2019-06-28 02:13:10,0.0,0,0,7773422,2019-06-28 02:13:10,btc,0.0,0.03137016,0,btc,0.0,0.0,0.0,12
0.0,[],25,[],2019-06-28 02:13:12,0.0,0,0,7773423,2019-06-28 02:13:12,,0.0,0.0,0.0,btc,0.0,0.0,0.0,12
1,[],10,[],2019-06-28 01:38:19,614476.56392959,0.00000267,0.000000000308368446,7773367,2019-06-28 01:38:19,btc,666797.6647989933,37948.7112933,0.00000267,btc,876193.82379263,0.0,0.2641858709190415,13
1,[],4,[],2019-06-28 02:13:13,453621.09691407,0.00000275,0.000000000317516375,7773424,2019-06-28 02:13:13,btc,2.204644286130917,0.0,0.00000275,btc,385682.99729497,0.35589195,0.2306229606914632,13
1,[],21,[],2019-06-28 02:13:18,5830016.88226334,0.000002799999999999999873294713112,0.0000000003232894,7773425,2019-06-28 02:13:18,btc,3.9440333239707543,1452692.39201482,0.00000279999999999999987329471311248152431971902842633426189422607421875,btc,1080077.43676777,3.71961082,3.835053723236438,13
0,[],17,[],2019-05-03 00:53:32,0.0,0,0,7558876,2019-05-03 00:53:32,btc,0.0,0.0,0,btc,0.0,0.0,0.0,14
1,[],4,[],2019-06-28 02:13:20,998169.16416004,0.00000040,0.0000000000461842,7773426,2019-06-28 02:13:20,btc,3.7054292956183934,0.0,0.00000040,btc,1554698.64093022,0.0240599,0.09185471058001,14
1,[],12,[],2019-06-28 02:13:21,223124.0,0.00000046,0.000000000053111829999999995,7773427,2019-06-28 02:13:21,btc,193.48289394886896,0.0,0.00000046,btc,40421.03945346,0.002543748172,0.00965484,14
1,[],26,[],2019-06-28 02:15:22,0.0,0.00000050,0.00000000005773025,7773428,2019-06-28 02:15:22,btc,0.0,0.0,0.00000050,btc,0.0,0.0,0.0,14
,[],12,[],2018-12-01 15:15:48,204241.84496,0.00000489,0.000000000202473384,5260204,2018-12-01 15:15:48,btc,49.5475654835,0.0,,btc,35763.2193806,0.0163153972027625,0.0203389899998,15
0,[],4,[],2019-06-28 02:15:22,0.0,0,0,7773429,2019-06-28 02:15:22,,0.0,0.0,0,,0.0,0.0,0.0,15
0,[],2,[],2019-01-20 23:23:38,0.0,0,0,6476906,2019-01-20 23:23:38,,0.0,0.0,0,,0.0,0.0,0.0,18
0,[],17,[],2019-05-03 00:53:39,0.0,0,0,7558882,2019-05-03 00:53:39,btc,0.0,0.0,0,btc,0.0,0.0,0.0,18
1,[],4,[],2019-06-28 02:15:24,31795.52303799,0.00000815,0.000000000941003075,7773430,2019-06-28 02:15:24,btc,2.3550763429900696,0.0,0.00000815,btc,15653.06813126,0.04684396,0.0453973466281466,18
1,[],10,[],2019-06-28 02:15:26,398417.87056148,0.00000748,0.00000000086364454,7773431,2019-06-28 02:15:26,btc,14.898830538055321,25655.4257588,0.00000748,btc,11341.23763454,0.0,0.295770000630635,18
1,[],12,[],2019-06-28 02:15:28,1709.47792268,0.000008509999999999999837252580292545900420009274967014789581298828125,0.000000000982568855,7773432,2019-06-28 02:15:28,btc,0.5294732736781077,0.0,0.000008509999999999999837252580292545900420009274967014789581298828125,btc,1928.78278592,1.638175e-06,0.0036357915409667998,18
0,[],2,[],2019-01-20 23:24:19,0.0,0,0,6476924,2019-01-20 23:24:19,,0.0,0.0,0,,0.0,0.0,0.0,19
1,[],3,[],2019-06-28 02:17:28,152500.6123530483,0.00000287999999999999995437785678398245892140039359219372272491455078125,0.00000000033252624,7773433,2019-06-28 02:17:28,btc,190.30645296855693,17008.6379468,0.00000287999999999999995437785678398245892140039359219372272491455078125,btc,17780.295128400634,0.0,0.04855012138152558,19
1,[],4,[],2019-06-28 02:17:29,271432.72610577,0.00000685,0.000000000790904425,7773434,2019-06-28 02:17:29,btc,4.3730142616511625,0.0,0.00000685,btc,247259.05772745,0.24320395,1.1672242584133905,19
1,[],5,[],2019-06-28 02:17:31,0.0,0,0,7773435,2019-06-28 02:17:31,btc,0.0,0.0022785,0,btc,0.0,0.0,0.0,19
1,[],12,[],2019-06-28 02:17:32,107187.20708297,0.0000060599999999999995775427918953681682978640310466289520263671875,0.0000000006996906299999999,7773436,2019-06-28 02:17:32,btc,1.2068840039990973,0.0,0.0000060599999999999995775427918953681682978640310466289520263671875,btc,3008.56634116,0.0,0.0096925499998398,19
0,[],27,[],2019-06-28 02:17:38,0.0,0,0,7773437,2019-06-28 02:17:38,,0.0,0.0,0,btc,0.0,0.0,0.0,19
1,[],4,[],2019-06-28 02:17:39,9983391.22860978,0.00000005,0.000000000005773025,7773438,2019-06-28 02:17:39,btc,5.165016677550609,0.0,0.00000005,btc,2227203.78226973,0.00332511,0.1122674220535056,20
0,[],12,[],2019-06-28 02:17:42,0.0,0,0,7773440,2019-06-28 02:17:42,btc,2602.953865236953,0.0,0,btc,8123562.49350646,0.0,0.0,21
0,[],17,[],2019-05-03 00:53:51,0.0,0,0,7558891,2019-05-03 00:53:51,btc,0.0,0.0,0,btc,0.0,0.0,0.0,21
0,[],4,[],2019-06-28 02:17:40,0.0,0,0,7773439,2019-06-28 02:17:40,,13881.911990223658,0.0,0,,81729842.85940409,0.0,0.0,21
1,[],12,[],2019-06-28 02:19:43,5882947743.277,0.0000000004,0.0000000000000461842,7773441,2019-06-28 02:19:43,btc,1426620276532.6917,0.0,0.0000000004,btc,2758010419.270164,0.073349284224,1.4656977681108003,23
0.0000000002636641,[],27,[],2019-06-28 02:19:49,43175472.03796204,7.909923e-18,9.132836645415e-22,7773442,2019-06-28 02:19:49,eth,1071.599085,2128262.462,0.00000003,eth,3778036.294,6.733756999515e-11,1.950546779661108e-10,23
1,[],4,[],2019-06-22 05:45:29,6100414.07522138,0.00000017,0.00000000001823352,7751732,2019-06-22 05:45:29,btc,10.22685272773715,0.0,0.00000017,btc,1790815.48208265,0.0,0.1345450262400025,24
0,[],22,[],2019-06-22 05:45:31,0.0,0,0,7751733,2019-06-22 05:45:31,,6.22e-05,0.0,0,,517.4264705882352,0.0,0.0,24
0.0,[],25,[],2019-06-22 05:45:32,0.0,0,0,7751734,2019-06-22 05:45:32,,0.0,0.0,0.0,btc,0.0,0.0,0.0,24
1,[],4,[],2019-06-28 02:19:50,26926183.77207577,0.00000342,0.00000000039487491,7773443,2019-06-28 02:19:50,btc,6.398333913512106,0.0,0.00000342,btc,203694.43801479,0.12280676,0.3483965681921827,26
1,[],10,[],2019-06-28 02:19:53,128644.20278676,0.00000438,0.00000000050571699,7773444,2019-06-28 02:19:53,btc,25.13480739839815,4700.59200135,0.00000438,btc,20537.75135159,0.0,0.0470538778112931,26
0,[],2,[],2019-01-20 23:25:56,0.0,0,0,6476976,2019-01-20 23:25:56,,0.0,0.0,0,,0.0,0.0,0.0,26
1,[],5,[],2019-04-26 09:47:06,0.0,0,0,7465326,2019-04-26 09:47:06,btc,0.0,0.0,0,btc,0.0,0.0,0.0,27
1,[],3,[],2019-06-17 14:30:26,13571825.64059417,0.00000001,0.00000000000092914,7740112,2019-06-17 14:30:26,btc,3.485049956644059,4264730.43754,0.00000001,btc,23500048.28518193,0.0,0.1357182564059417,27
1,[],11,[],2019-06-17 14:30:28,2031833.58157834,0.00000001,0.00000000000092914,7740113,2019-06-17 14:30:28,btc,67502.92060589766,32677.9652116,0.00000001,btc,6487362.95640949,0.0,0.0203183358157834,27
0.0000000001012161,[],4,[],2019-06-28 02:19:54,409780428.9281525,9.008232899999999e-17,1.0400950747504499e-20,7773445,2019-06-28 02:19:54,ltc,10.565159108439763,0.0,0.00000089,ltc,671103720.7791699,0.28123689,9.576209089443857e-09,29
1,[],7,[],2019-06-28 02:19:56,6129980.32767227,0.00000001,0.000000000001154605,7773446,2019-06-28 02:19:56,btc,46548272.404371664,23977.314345,0.00000001,btc,46100215.78252416,0.00023977,0.0612998032767227,29
1,[],4,[],2019-06-28 02:19:56,15532901.4650687,0.00000003,0.000000000003463815,7773447,2019-06-28 02:19:56,btc,2.5761836567667915,0.0,0.00000003,btc,2271461.54845355,0.0,0.1640680086667236,30
0,[],17,[],2019-05-03 01:11:25,0.0,0,0,7559066,2019-05-03 01:11:25,btc,0.0,0.0,0,btc,0.0,0.0,0.0,30
1,[],4,[],2019-06-28 02:21:57,230509.27322833,0.00002802,0.0000000032352032099999998,7773448,2019-06-28 02:21:57,btc,3.2681403639787474,0.0,0.00002802,btc,52745.17197342,0.36716661,0.5937286914933797,31
1,[],21,[],2019-06-28 02:21:59,706830.31543206,0.00002968999999999999864588352827,0.000000003428022245,7773449,2019-06-28 02:21:59,btc,6.978492766393243,142171.48872541,0.00002968999999999999864588352826988426613752380944788455963134765625,btc,171032.07639744,4.1638708,2.717795829500581,31
0,[],2,[],2019-01-20 23:28:43,0.0,0,0,6477009,2019-01-20 23:28:43,,0.0,0.0,0,,0.0,0.0,0.0,32
0,[],4,[],2019-06-28 02:22:00,0.0,0,0,7773450,2019-06-28 02:22:00,,0.0,0.0,0,,0.0,0.0,0.0,33
1,[],12,[],2019-03-30 07:55:10,40641173.964,0.00000003,0.000000000001228359,7108785,2019-03-30 07:55:10,btc,4233210.82356125,0.0,0.00000003,btc,28378394.68333462,0.0126927883965248,0.90752895892,33
0.0000000001012161,[],4,[],2019-06-28 02:22:02,151187086.23431605,5.5668855e-17,6.4275538327275e-21,7773451,2019-06-28 02:22:02,ltc,4.523081338745329,0.0,0.00000055,ltc,165425364.30726722,0.00077867,7.418716678923201e-10,34
1,[],5,[],2019-06-28 02:22:05,0.0,0,0,7773452,2019-06-28 02:22:05,btc,0.0,0.002,0,btc,0.0,0.0,0.0,34
0.0000000002926451,[],17,[],2019-05-02 18:17:47,200000.0,2.9264510000000002e-18,1.596703856561e-22,7556430,2019-05-02 18:17:47,eth,0.20942468735267253,0.0,0.00000001,"btc,eth",1018272.20243647,0.0,5.852902e-13,36
0.0000000001311821,[],4,[],2019-05-31 13:28:19,2417517744.0607657,1.311821e-18,1.105058333085e-22,7717483,2019-05-31 13:28:19,ltc,5.019900492391546e-08,0.0,0.00000001,ltc,7102398142.262129,0.0,3.171350544531538e-09,36
1,[],5,[],2019-05-31 13:28:21,0.0,0,0,7717484,2019-05-31 13:28:21,btc,0.0,0.0,0,btc,0.0,0.0,0.0,36
0.0000000003108179,[],27,[],2019-05-31 13:30:34,10388811.226876,6.216358000000001e-18,5.236566733830001e-22,7717485,2019-05-31 13:30:34,eth,1569.8708019850988,761866.634299,0.00000002,"ltc,eth",5084024.2511555,4.736034912207001e-12,3.3251980286483705e-11,36
1,[],4,[],2019-06-25 10:05:55,10747826.61931615,0.00000014,0.000000000015920562,7762320,2019-06-25 10:05:55,btc,19773.05513423956,0.0,0.00000014,btc,682946.14349671,0.0006293,0.1362851255028938,37
1,[],12,[],2019-06-25 10:05:57,4167862.54235103,0.00000013,0.000000000014783379,7762321,2019-06-25 10:05:57,btc,7.381091518261743,0.0,0.00000013,btc,1713444.53926904,0.016313049979,0.1478110147956336,37
1,[],27,[],2019-06-25 10:08:02,10970.0,0.00000019,0.000000000021606477,7762322,2019-06-25 10:08:02,btc,22.62970013895233,0.0,0.00000019,btc,4298.824295,0.0,0.00167419,37
1,[],17,[],2019-05-03 01:11:36,211752.74075282,0.00000025,0.000000000013700074999999998,7559074,2019-05-03 01:11:36,btc,0.055484923955058496,0.0,0.00000025,"btc,eth",1387.19918473,0.0,0.0005381851887916605,37
1,[],5,[],2019-06-28 02:22:06,0.0,0,0,7773453,2019-06-28 02:22:06,btc,0.0,0.26835263,0,btc,0.0,0.0,0.0,42
1,[],12,[],2019-06-28 02:22:07,2025671.86898151,0.000001410000000000000052661867921965921368609997443854808807373046875,0.000000000162799305,7773454,2019-06-28 02:22:07,btc,524.5606528913108,0.0,0.000001410000000000000052661867921965921368609997443854808807373046875,btc,139780.27300575,0.078221122545,0.0625831099999591,42
1,[],27,[],2019-06-28 02:22:15,683.0,0.00000140,0.0000000001616447,7773455,2019-06-28 02:22:15,btc,0.07600425,0.0,0.00000140,"btc,eth",18.0,0.0,0.0005422,42
1,[],12,[],2019-03-13 09:13:29,1112112.0,0.00000001,0.000000000000386531,6919902,2019-03-13 09:13:29,btc,29058.00478931866,0.0,0.00000001,btc,5967681.93306694,9.99000999e-07,0.01112112,43
1,[],5,[],2019-04-26 22:38:52,0.0,0,0,7474154,2019-04-26 22:38:52,btc,0.0,0.02638891,0,btc,0.0,0.0,0.0,43
0,[],17,[],2019-04-26 22:38:53,0.0,0,0,7474155,2019-04-26 22:38:53,btc,0.0,0.0,0,btc,0.0,0.0,0.0,43
1,[],12,[],2019-03-05 01:54:08,639326.02,0.00000004,0.000000000001486676,6845775,2019-03-05 01:54:08,btc,11116042.728239931,0.0,0.00000004,btc,1103841.4595604,0.0003330765234764,0.014975410599999999,44
0.0000000001012161,[],4,[],2019-06-28 02:22:16,107939924.86963736,4.3522923e-17,5.0251784510415e-21,7773456,2019-06-28 02:22:16,ltc,2762.214935339971,0.0,0.00000043,ltc,26902672.47986898,0.00066187,4.598076367824742e-10,49
0.0000000001012161,[],4,[],2019-06-28 02:22:18,318063839.28515255,2.024322e-17,2.33729230281e-21,7773457,2019-06-28 02:22:18,ltc,28232.106432992066,0.0,0.0000002,ltc,195733688.3458976,0.0,1.8726820364186762e-09,52
0,[],22,[],2019-06-27 15:51:08,0.0,0,0,7771544,2019-06-27 15:51:08,,10289.80784133,0.0,0,,287058287.4566013,0.0,0.0,57
0,[],27,[],2019-06-27 15:51:16,0.0,0,0,7771545,2019-06-27 15:51:16,,0.0,0.0,0,"btc,eth",0.0,0.0,0.0,57
0,[],4,[],2019-06-28 02:22:18,0.0,0,0,7773458,2019-06-28 02:22:18,,19.719362111909845,0.0,0,,6085129995.992692,0.0,0.0,58
0,[],12,[],2019-06-28 02:22:20,0.0,0,0,7773459,2019-06-28 02:22:20,btc,53807175.31868136,0.0,0,btc,3410200029.965991,0.040073935561,0.0,58
0.000000000083082,[],22,[],2019-06-28 02:24:23,126877.0,8.3082e-19,9.592689261e-23,7773460,2019-06-28 02:24:23,XMR,68.17454206,0.0,0.00000001,XMR,9626402.6,0.0,0.00126877,58
1,[],17,[],2019-05-03 01:12:09,1200000.0,0.0000000001,0.00000000000000548003,7559085,2019-05-03 01:12:09,btc,1e+24,0.0,0.0000000001,"btc,eth",39516342.31952568,0.0,0.00010000000058666061,58
1,[],5,[],2019-06-17 14:31:27,0.0,0,0,7740135,2019-06-17 14:31:27,btc,0.0,0.00079154,0,btc,0.0,0.0,0.0,61
1,[],22,[],2019-06-17 14:31:30,13612.833333333334,0.00000012,0.00000000001114968,7740136,2019-06-17 14:31:30,BTC,1002.29123003,0.0,0.00000012,BTC,15014.200177125656,0.0,0.00153257,61
1,[],26,[],2019-06-17 14:31:30,0.0,0.00000050,0.000000000046457,7740137,2019-06-17 14:31:30,btc,0.0,0.0,0.00000050,btc,0.0,0.0,0.0,61
1,[],27,[],2019-06-17 14:31:36,8400.0,0.00000018,0.00000000001672452,7740138,2019-06-17 14:31:36,btc,1.9742539297246655,0.0,0.00000018,"btc,eth",10953.51663696,0.0,0.001512,61
0,[],28,[],2019-06-17 14:31:38,0.0,0,0,7740139,2019-06-17 14:31:38,,0.0,0.0,0,,0.0,0.0,0.0,61
1,[],4,[],2019-06-28 02:24:24,319987.36099286,0.00000066,0.00000000007620393,7773461,2019-06-28 02:24:24,btc,3.465624220787304,0.0,0.00000066,btc,1270346.96632297,0.06854371,0.1529386765622699,67
0.0,[],25,[],2019-06-28 02:24:26,0.0,0,0,7773462,2019-06-28 02:24:26,,0.0,0.0,0.0,btc,0.0,0.0,0.0,67
1,[],12,[],2019-06-02 06:23:14,910048.355,0.00000006,0.000000000005154929999999999,7725270,2019-06-02 06:23:14,btc,5.167005424215783,0.0,0.00000006,btc,738530.60239759,0.003159757462,0.0187188113,71
,[],5,[],2018-11-20 23:02:39,1.5e-07,0.00000005,0.000000000002128045,4862160,2018-11-20 23:02:39,btc,2.84511358,0.0,,btc,0.00036572,0.0,0.07381892,74
1,[],5,[],2019-06-28 02:24:27,0.0,0,0,7773463,2019-06-28 02:24:27,btc,0.0,0.00129168,0,btc,0.0,0.0,0.0,75
1,[],4,[],2019-06-04 03:25:15,715281.46076168,0.00000001,0.000000000000803619,7734085,2019-06-04 03:25:15,btc,581089.6218469425,0.0,0.00000001,btc,37692563.61091116,0.0,0.0071528146076168,81
0,[],20,[],2019-01-25 09:30:31,0.0,0,0,6495923,2019-01-25 09:30:31,btc,0.0,0.0,0,btc,0.0,0.0,0.0,81
1,[],4,[],2019-06-28 02:24:28,198261.09878396,0.00007987,0.000000009221830134999999,7773464,2019-06-28 02:24:28,btc,58.26325556138738,0.0,0.00007987,btc,116779.1776425,0.55246317,0.171316795352649,82
1,[],21,[],2019-06-28 02:24:30,319100.98320252,0.00006553999999999999930000438297,0.00000000756728117,7773465,2019-06-28 02:24:30,btc,4.121738821248279,83468.2284156,0.00006553999999999999930000438297383880126290023326873779296875,btc,43306.01412023,5.32721416,3.484164375892565,82
0,[],17,[],2019-03-25 22:42:34,0.0,0,0,7038780,2019-03-25 22:42:34,btc,0.0445064681804024,0.0,0,btc,995513.18476001,0.0,0.0,84
0.0000000001161485,[],4,[],2019-05-20 13:09:39,216715621.0206096,1.161485e-18,9.0533806701e-23,7657228,2019-05-20 13:09:39,ltc,1.6511566870244727,0.0,0.00000001,ltc,471032407.9048656,0.0,2.5171194308112273e-10,85
,[],22,[],2018-11-20 23:09:34,3408.1,0.0000001,0.0000000000041895,4862324,2018-11-20 23:09:34,BTC,0.04624735,0.0,,BTC,4990.0,0.0,0.00033081,86
1,[],22,[],2019-06-26 09:07:19,62694.0,0.00000005,0.0000000000063518149999999994,7766682,2019-06-26 09:07:19,BTC,1.85249053,0.0,0.00000005,BTC,287024.94736842107,0.0003,0.00062846,87
1,[],27,[],2019-06-26 09:07:25,361781.0,0.0000002,0.000000000025407259999999998,7766683,2019-06-26 09:07:25,btc,19.86923154858,99950.0,0.0000002,btc,548343.482,0.01999,0.01237888,87
,[],2,[],2018-11-20 23:10:47,0.0,0,0,4862359,2018-11-20 23:10:47,,0.0,0.0,,,0.0,0.0,0.0,88
1,[],11,[],2019-06-17 14:31:59,193715.3529613,0.000073310000000000001140094962881477158589405007660388946533203125,0.00000000681152534,7740147,2019-06-17 14:31:59,btc,168.35454702024953,5791.70569014,0.000073310000000000001140094962881477158589405007660388946533203125,btc,196971.41170107,0.0,1.1996165759440112,89
1,[],12,[],2019-06-28 02:24:32,395683.4530769,0.00000026,0.000000000030019729999999996,7773466,2019-06-28 02:24:32,btc,122.14745426302156,0.0,0.00000026,btc,292630.68259661,0.000461238761,0.0253584629538402,91
1,[],22,[],2019-06-28 02:26:36,75900.0,0.00000001,0.000000000001154605,7773467,2019-06-28 02:26:36,BTC,0.495,0.0,0.00000001,"BTC,LTC",4.95,0.0,0.001659,91
0,[],2,[],2019-01-20 23:31:45,0.0,0,0,6477083,2019-01-20 23:31:45,,0.0,0.0,0,,0.0,0.0,0.0,91
0,[],17,[],2019-05-03 01:12:26,0.0,0,0,7559096,2019-05-03 01:12:26,btc,0.0,0.0,0,btc,0.0,0.0,0.0,91
1,[],22,[],2019-06-28 02:26:40,105655.66666666667,0.00000003,0.000000000003463815,7773468,2019-06-28 02:26:40,BTC,11.44483916,0.0,0.00000003,"BTC,LTC",321272.4683191416,0.0,0.06677967,95
0.0000000001012161,[],4,[],2019-06-28 02:26:42,538424537.4656559,3.9474279e-17,4.5577199904794995e-21,7773469,2019-06-28 02:26:42,ltc,10.925358709637596,0.0,0.00000039,ltc,154256371.5071718,0.0,6.960771298685935e-10,96
0,[],12,[],2019-06-28 02:26:43,0.0,0,0,7773470,2019-06-28 02:26:43,btc,36.63288118448551,0.0,0,btc,9955295.448551439,0.0,0.0,96
0,[],17,[],2019-05-03 01:12:32,0.0,0,0,7559100,2019-05-03 01:12:32,btc,0.0,0.0,0,btc,0.0,0.0,0.0,96
1,[],4,[],2019-04-14 03:32:46,1039404.33283278,0.00000038,0.000000000019245518,7293458,2019-04-14 03:32:46,btc,4.170086055365747,0.0,0.00000038,btc,3097704.34561074,0.06260606,0.1859928211030784,99
1,[],4,[],2019-06-28 02:28:44,209210.06880361,0.00001221,0.000000001409772705,7773471,2019-06-28 02:28:44,btc,7.724208147539911,0.0,0.00001221,btc,172713.71694309,0.62039086,0.6159810911979567,100
0,[],2,[],2019-01-20 23:23:55,0.0,0,0,6476914,2019-01-20 23:23:55,,0.0,0.0,0,,0.0,0.0,0.0,100
1,[],22,[],2019-06-05 06:30:35,150000.0,0.00000002,0.000000000001558192,7740007,2019-06-05 06:30:35,BTC,28.56386409,0.0,0.00000002,BTC,12787.719,0.0,0.0017,101
1,[],4,[],2019-06-28 02:28:45,437484.27431947,0.00000153,0.000000000176654565,7773472,2019-06-28 02:28:45,btc,882.6018701583912,0.0,0.00000153,btc,739432.16186881,0.00127057,0.0786120503610866,103
1,[],12,[],2019-06-17 14:32:14,179201505.10870332,0.000000005,0.00000000000046457,7740154,2019-06-17 14:32:14,btc,113577.79366343976,0.0,0.000000005,btc,79148141.67831126,0.019059029059,0.27280986350611003,105
1,[],27,[],2019-06-17 14:32:19,18306828.03496503,0.00000002,0.00000000000185828,7740155,2019-06-17 14:32:19,btc,180.7198218385489,1083.96503497,0.00000002,btc,276513.60142659,7.588e-05,0.3661365606993006,105
1,[],22,[],2019-04-21 00:17:26,21333.0,0.00000001,0.000000000000532493,7385819,2019-04-21 00:17:26,BTC,51.38182867,0.0,0.00000001,BTC,470435.0,0.0,0.00021333,107
1,[],26,[],2019-04-21 00:17:26,0.0,0.00000000,0,7385820,2019-04-21 00:17:26,btc,0.0,0.0,0.00000000,btc,0.0,0.0,0.0,107
1,[],5,[],2019-06-28 02:28:49,0.0,0,0,7773473,2019-06-28 02:28:49,btc,0.0,0.0,0,btc,0.0,0.0,0.0,112
0,[],22,[],2019-06-28 02:28:52,0.0,0,0,7773474,2019-06-28 02:28:52,,6.79500102,0.0,0,,3375892.0833333335,0.0,0.0,112
1,[],27,[],2019-06-28 02:29:00,1.0,0.00000001,0.000000000001154605,7773475,2019-06-28 02:29:00,btc,0.0,0.0,0.00000001,"btc,eth",0.0,0.0,1e-08,112
1,[],4,[],2019-06-28 02:29:01,941041.2615009,0.00000040,0.0000000000461842,7773476,2019-06-28 02:29:01,btc,6.394916859706605,0.0,0.00000040,btc,1000886.15746709,0.04101271,0.1057096078928556,113
1,[],5,[],2019-06-28 02:29:02,0.0,0,0,7773477,2019-06-28 02:29:02,btc,0.0,6e-07,0,btc,0.0,0.0,0.0,113
1,[],17,[],2019-04-26 02:17:47,162738.278,0.00000004,0.0000000000021069000000000002,7461287,2019-04-26 02:17:47,btc,1.3331140273775473,0.0,0.00000004,btc,51796.221,0.0,0.00230953112,116
1,[],27,[],2019-05-22 05:13:01,210000.0,0.00000001,0.00000000000079145,7666372,2019-05-22 05:13:01,btc,3919.0005001478,0.0,0.00000001,btc,128660.871,0.0,0.0021,116
1,[],4,[],2019-05-21 22:31:11,138169.03963019,0.00000701,0.000000000558364025,7664793,2019-05-21 22:31:11,btc,150.95388250938234,0.0,0.00000701,btc,344631.17141974,0.07552974,0.4288357684941946,120
1,[],7,[],2019-05-21 22:31:12,3901.07750076,0.000010679999999999999389654892212320191902108490467071533203125,0.0000000008506887,7664794,2019-05-21 22:31:12,btc,231188.94669936574,0.0,0.000010679999999999999389654892212320191902108490467071533203125,btc,4133.83151364,0.0,0.0113888422364489,120
1,[],20,[],2019-04-07 18:42:29,1914137.0852,0.000000035,0.0000000000017871910000000002,7211992,2019-04-07 18:42:29,btc,32.2497668025648,25528.85,0.000000035,btc,1001975.4986,0.00089350975,0.0152723574729,125
1,[],22,[],2019-06-17 14:32:38,10000.0,0.00000001,0.00000000000092914,7740161,2019-06-17 14:32:38,BTC,0.032061,0.0,0.00000001,BTC,299316.7611111111,0.0,0.0001,126
1,[],4,[],2019-06-28 02:29:03,1188449.83635508,0.00000301,0.000000000347536105,7773478,2019-06-28 02:29:03,btc,2.396450036354592,0.0,0.00000301,btc,174337.90018931,0.0486924,0.6580420029220819,131
0,[],2,[],2019-01-20 23:25:46,0.0,0,0,6476969,2019-01-20 23:25:46,,0.0,0.0,0,,0.0,0.0,0.0,131
1,[],17,[],2019-05-03 01:13:10,10000.0,0.00000001,0.000000000000548003,7559115,2019-05-03 01:13:10,btc,0.0953976503951408,0.0,0.00000001,btc,5037.62507334,0.0,0.0001,131
1,[],4,[],2019-06-17 14:32:42,4848.49465417,0.00007919,0.00000000735785966,7740163,2019-06-17 14:32:42,btc,0.9905723729472744,0.0,0.00007919,btc,202.13055914,0.0,0.0061509344290166,135
1,[],3,[],2019-06-05 06:33:11,40600.27748212,0.00000001,0.000000000000779096,7740019,2019-06-05 06:33:11,btc,0.2308097808993716,2146378.52189,0.00000001,btc,2477992.76904676,0.0,0.0004060027748212,136
1,[],4,[],2019-06-28 02:31:05,182394.79989434,0.00000163,0.00000000018820061499999998,7773479,2019-06-28 02:31:05,btc,112.34810297687415,0.0,0.00000163,btc,461831.37077576,0.13071616,0.2037291223699337,137
1,[],12,[],2019-06-28 02:31:06,62738.28039122,0.0000015000000000000000380012861456169304119612206704914569854736328125,0.00000000017319075,7773480,2019-06-28 02:31:06,btc,80.2408111699851,0.0,0.0000015000000000000000380012861456169304119612206704914569854736328125,btc,82606.19175735,0.001221954585,0.0093266099998976,137
1,[],4,[],2019-06-28 02:31:07,340960.51517876,0.00001102,0.00000000127237471,7773481,2019-06-28 02:31:07,btc,5.9638490818898235,0.0,0.00001102,btc,165935.40782708,0.08848423,0.119368327954777,142
1,[],5,[],2019-06-28 02:31:09,0.0,0,0,7773482,2019-06-28 02:31:09,btc,0.0,0.03024518,0,btc,0.0,0.0,0.0,142
1,[],20,[],2019-06-28 01:33:45,274418.8523,0.000010133,0.0000000011786867728,7773309,2019-06-28 01:33:45,btc,1.6096521347564,0.0,0.000010133,btc,10035.3774,0.0,0.0067822770749,142
1,[],22,[],2019-06-28 01:33:49,10820.0,0.00000600,0.0000000006979296,7773310,2019-06-28 01:33:49,BTC,2.99759384,0.0,0.00000600,BTC,835.7198755539798,0.0,0.0053672,142
0.0,[],25,[],2019-06-28 01:33:51,0.0,0,0,7773311,2019-06-28 01:33:51,,0.0,0.0,0.0,btc,0.0,0.0,0.0,142
0,[],28,[],2019-06-28 01:33:53,0.0,0,0,7773312,2019-06-28 01:33:53,,0.0,0.0,0,,0.0,0.0,0.0,142
1,[],17,[],2019-05-03 01:13:16,32967.38636364,0.00000088,0.000000000048224264,7559122,2019-05-03 01:13:16,btc,20.06976206696776,0.0,0.00000088,btc,2746.079105,0.0,0.0105613000000032,142
0,[],22,[],2019-06-28 01:33:56,0.0,0,0,7773313,2019-06-28 01:33:56,,1635.10917276,0.0,0,,700749355.3,0.0,0.0,143
0,[],22,[],2019-02-25 15:42:22,0.0,0,0,6783783,2019-02-25 15:42:22,,4.2131946,0.0,0,,2322156.0,0.0,0.0,146
,[],22,[],2018-11-20 23:01:11,0.0,0,0,4862114,2018-11-20 23:01:11,,2.56807021,0.0,,,61828.4988236,0.0,0.0,147
1,[],12,[],2019-04-21 06:38:04,193091.5971266,0.00000071,0.000000000037635183,7388679,2019-04-21 06:38:04,btc,2.301232411611175,0.0,0.00000071,btc,9957.48302385,0.00023528,0.0313308199999888,148
1,[],4,[],2019-03-19 21:31:25,255810.0415942,0.00000029,0.000000000011615747,6982695,2019-03-19 21:31:25,btc,218.94922712414143,0.0,0.00000029,btc,793529.37642722,0.00117,0.0608347789473395,152
0,[],22,[],2019-03-19 21:31:27,0.0,0,0,6982696,2019-03-19 21:31:27,,0.0,0.0,0,,0.0,0.0,0.0,152
1,[],5,[],2019-04-26 09:36:59,0.0,0,0,7465040,2019-04-26 09:36:59,btc,0.0,0.0,0,btc,0.0,0.0,0.0,153
,[],16,[],2019-01-11 15:38:59,0.0,0,0,6366141,2019-01-11 15:38:59,btc,0.0,0.0,,btc,0.0,0.0,0.0,155
0,[],23,[],2019-01-20 23:24:29,0.0,0,0,6476932,2019-01-20 23:24:29,,0.0,0.0,0,,0.0,0.0,0.0,156
0,[],22,[],2019-06-04 06:02:09,0.0,0,0,7734688,2019-06-04 06:02:09,,7.43375324,0.0,0,,5955762.942592593,0.0,0.0,156
1,[],22,[],2019-06-28 01:34:00,6996.0,0.00000001,0.000000000001163216,7773314,2019-06-28 01:34:00,BTC,1.7543039,0.0,0.00000001,BTC,57.0,0.0,6.996e-05,157
0,[],22,[],2019-05-21 23:40:32,0.0,0,0,7665049,2019-05-21 23:40:32,,50234.60468402,0.0,0,,54786159.03179465,0.0,0.0,158
,[],17,[],2018-11-20 22:56:10,0.0,0,0,4861976,2018-11-20 22:56:10,btc,1.1265625,0.0,,btc,1000.0,0.0,0.0,159
,[],20,[],2018-11-20 22:56:12,0.0,0,0,4861977,2018-11-20 22:56:12,btc,11912.7940471,0.0,,btc,34413894.3617,0.0,0.0,159
1,[],12,[],2019-05-24 02:51:20,9178.522006449999,0.00000191999999999999982841307998027158276954651228152215480804443359375,0.000000000151222656,7676256,2019-05-24 02:51:20,btc,149.80414728631675,0.0,0.00000191999999999999982841307998027158276954651228152215480804443359375,btc,1115.7451448499999,0.01783167678326,0.0120075778999181,168
1,[],17,[],2019-05-03 01:13:36,42852.0,0.00000002,0.000000000001096006,7559132,2019-05-03 01:13:36,btc,0.04279856251542,0.0,0.00000002,btc,274.46171372,0.0,0.00052852,168
1,[],22,[],2019-05-17 03:01:52,10.0,0.00000001,0.000000000000778341,7642059,2019-05-17 03:01:52,BTC,41.95893009,0.0,0.00000001,BTC,1753972.7737547632,0.0,1e-07,169
1,[],22,[],2019-05-30 08:38:18,202834.0,0.00000002,0.0000000000017416160000000001,7711049,2019-05-30 08:38:18,BTC,27.87002826,0.0,0.00000002,BTC,462189.5410507793,0.0,0.00211768,171
1,[],22,[],2019-05-29 08:05:18,349870.0,0.00000002,0.000000000001705894,7705265,2019-05-29 08:05:18,BTC,24.05907723,0.0,0.00000002,"BTC,LTC",1224285.4355616204,0.0,0.0039847,173
1,[],5,[],2019-06-28 01:34:01,0.0,0,0,7773315,2019-06-28 01:34:01,btc,0.0,0.00243721,0,btc,0.0,0.0,0.0,175
1,[],22,[],2019-06-17 14:33:12,90671.0,0.00000001,0.00000000000092914,7740175,2019-06-17 14:33:12,BTC,394.35459412,0.0,0.00000001,BTC,136275.61833431243,0.0,0.00090671,176
1,[],7,[],2019-06-28 01:34:02,0.0,0,0,7773316,2019-06-28 01:34:02,btc,521516.243407432,0.0,0,btc,27713522.85351229,0.0,0.0,178
0,[],22,[],2019-06-28 01:34:05,0.0,0,0,7773317,2019-06-28 01:34:05,,1.00242428,0.0,0,,57512.0,0.0,0.0,178
0,[],2,[],2019-01-20 23:28:34,0.0,0,0,6477001,2019-01-20 23:28:34,,0.0,0.0,0,,0.0,0.0,0.0,178
1,[],5,[],2019-06-28 01:34:06,0.0,0,0,7773318,2019-06-28 01:34:06,btc,0.0,0.0,0,btc,0.0,0.0,0.0,179
0,[],22,[],2019-06-28 01:34:09,0.0,0,0,7773319,2019-06-28 01:34:09,,9.34623917,0.0,0,,14491075.311946675,0.0,0.0,179
0,[],23,[],2019-01-20 23:25:08,0.0,0,0,6476952,2019-01-20 23:25:08,,0.0,0.0,0,,0.0,0.0,0.0,179
1,[],22,[],2019-06-28 01:36:13,702008.7363636363,0.0000004,0.00000000004652864,7773320,2019-06-28 01:36:13,BTC,40.60630676,0.0,0.0000004,"BTC,LTC",161907.44444646587,0.00102035,0.56780697,180
1,[],26,[],2019-06-28 01:36:13,0.0,0.00000010,0.00000000001163216,7773321,2019-06-28 01:36:13,btc,0.0,0.0,0.00000010,btc,0.0,0.0,0.0,180
1,[],17,[],2019-05-03 01:13:56,20504.725000000002,0.0000001,0.00000000000548003,7559141,2019-05-03 01:13:56,btc,5.2010695838400265,0.0,0.0000001,btc,5033.45945,0.0,0.0011504725,180
,[],7,[],2018-11-20 22:58:01,562227.975654,0.00000085,0.000000000036176765,4862015,2018-11-20 22:58:01,btc,21836.6059674,2491.87645172,,btc,749999.041456,0.00211021,0.127565380455,183
,[],5,[],2019-01-10 08:11:41,0.0,0,0,6347036,2019-01-10 08:11:41,btc,82.15055501,0.00261,,btc,1.19002445,0.0,0.0,187
,[],17,[],2018-11-16 20:58:10,4062536.27273,0.00000001,0.000000000000550501,4708775,2018-11-16 20:58:10,btc,3.36492563466,0.195460381006,,"btc,eth",110697919.549,0.0,0.0157628953496,187
1,[],24,[],2019-05-22 21:04:52,0.0,0.000000000014,0.0000000000000010960978,7670219,2019-05-22 21:04:52,btc,0.0,0.0,0.000000000014,btc,0.0,0.0,0.0,187
0,[],22,[],2019-04-25 02:54:07,0.0,0,0,7447896,2019-04-25 02:54:07,,7.54794454,0.0,0,,76361.7243344055,0.0,0.0,191
0,[],22,[],2019-06-17 14:33:34,0.0,0,0,7740182,2019-06-17 14:33:34,,0.0,0.0,0,,0.0,0.0,0.0,197
0,[],23,[],2019-01-20 23:31:41,0.0,0,0,6477079,2019-01-20 23:31:41,,0.0,0.0,0,,0.0,0.0,0.0,199
0,[],22,[],2019-06-28 01:36:16,0.0,0,0,7773322,2019-06-28 01:36:16,,10.58263174,0.0,0,,84280969.0,0.0,0.0,199
1,[],26,[],2019-06-28 01:36:16,0.0,0.00000000,0,7773323,2019-06-28 01:36:16,btc,0.0,0.0,0.00000000,btc,0.0,0.0,0.0,199
0,[],2,[],2019-01-20 23:30:49,0.0,0,0,6477059,2019-01-20 23:30:49,,0.0,0.0,0,,0.0,0.0,0.0,201
1,[],4,[],2019-01-25 15:51:35,2084389.58565343,0.00000936,0.000000000333526752,6499557,2019-01-25 15:51:35,btc,2.0092503037378524,0.0,0.00000936,btc,160195.80207885,0.19272417,1.242687955921835,211
1,[],7,[],2019-06-28 01:36:21,1170054124.6898527,0.00000018,0.000000000020937888,7773324,2019-06-28 01:36:21,btc,1346736.4469593363,0.0,0.00000018,btc,5688088.26464841,0.0,11.954344045954047,212
1,[],12,[],2019-01-25 02:44:32,207462.42853209,0.000001080000000000000035831255497387193287295303889550268650054931640625,0.000000000038610756000000006,6493050,2019-01-25 02:44:32,btc,85023.03793723314,0.0,0.000001080000000000000035831255497387193287295303889550268650054931640625,btc,43675.73520027,0.000146250909087,0.0348620860622024,213
1,[],5,[],2019-05-30 00:07:46,0.0,0,0,7709357,2019-05-30 00:07:46,btc,0.0,0.06425239,0,btc,0.0,0.0,0.0,213
1,[],24,[],2019-05-30 00:07:46,0.0,0.000000399202,0.0000000000344859829346,7709358,2019-05-30 00:07:46,btc,0.0,0.0,0.000000399202,btc,0.0,0.0,0.0,213
1,[],26,[],2019-05-30 00:07:47,0.0,0.00000040,0.000000000034554919999999996,7709359,2019-05-30 00:07:47,btc,0.0,0.0,0.00000040,btc,0.0,0.0,0.0,213
0,[],22,[],2019-06-28 01:36:23,0.0,0,0,7773325,2019-06-28 01:36:23,,9.56923849,0.0,0,,3661587.2040649247,0.0,0.0,216
0,[],27,[],2019-06-28 01:36:31,0.0,0,0,7773326,2019-06-28 01:36:31,,1949.4811598191975,0.0,0,"btc,ltc",468700.29534794,0.0,0.0,216
1,[],22,[],2019-06-28 01:36:35,911796.619047619,0.00000024,0.000000000027917184,7773327,2019-06-28 01:36:35,BTC,12055.85422553,0.0,0.00000024,BTC,535409.7178421671,0.00510216,0.02987671,217
1,[],7,[],2019-06-27 19:02:35,0.0,0,0,7772298,2019-06-27 19:02:35,btc,2123800.2774640615,0.0,0,btc,82333746.4752352,0.0,0.0,219
0,[],27,[],2019-06-28 01:36:42,0.0,0,0,7773328,2019-06-28 01:36:42,,250.21442758069674,0.0,0,btc,146772.535837,0.0,0.0,219
0,[],28,[],2019-06-28 01:36:43,0.0,0,0,7773329,2019-06-28 01:36:43,,0.0,0.0,0,,0.0,0.0,0.0,219
0,[],22,[],2019-06-26 23:36:41,0.0,0,0,7769178,2019-06-26 23:36:41,,56.75439223,0.0,0,,184664.6482738741,0.0,0.0,221
1,[],24,[],2019-06-26 23:36:41,0.0,0.000000030000,0.000000000003835668,7769179,2019-06-26 23:36:41,btc,0.0,0.0,0.000000030000,btc,0.0,0.0,0.0,221
1,[],20,[],2019-06-17 14:34:11,26882155.8301,0.000000003,0.000000000000278742,7740192,2019-06-17 14:34:11,btc,100050.81956632523,233521.3529,0.000000003,btc,38769742.8604,0.0007925640587,0.0306863532672,224
0,[],22,[],2019-06-17 14:34:13,0.0,0,0,7740193,2019-06-17 14:34:13,,0.0,0.0,0,,0.0,0.0,0.0,224
1,[],26,[],2019-06-28 01:36:43,0.0,0.00000022,0.000000000025590752,7773330,2019-06-28 01:36:43,btc,0.0,0.0,0.00000022,btc,0.0,0.0,0.0,231
1,[],26,[],2019-06-28 01:36:43,0.0,0.00000005,0.00000000000581608,7773331,2019-06-28 01:36:43,btc,0.0,0.0,0.00000005,btc,0.0,0.0,0.0,234
0.0000000002622181,[],27,[],2019-06-28 01:36:51,100.0,2.6221810000000002e-18,3.050162894096e-22,7773332,2019-06-28 01:36:51,eth,0.0,0.0,0.00000001,"btc,eth",0.0,0.0,2.6221810000000005e-16,234
1,[],4,[],2019-05-22 17:06:12,91780.56053785,0.00000078,0.000000000061977552,7669277,2019-05-22 17:06:12,btc,5.573372450018177,0.0,0.00000078,btc,729173.93529783,0.0,0.0307060663355679,236
1,[],24,[],2019-05-22 17:06:12,0.0,0.000000010000,0.000000000000794584,7669278,2019-05-22 17:06:12,btc,0.0,0.0,0.000000010000,btc,0.0,0.0,0.0,236
1,[],5,[],2019-06-28 01:36:53,0.0,0,0,7773333,2019-06-28 01:36:53,btc,0.0,0.25004627,0,btc,0.0,0.0,0.0,237
1,[],20,[],2019-06-28 01:36:55,121977595.4725,0.000000057,0.0000000000066303312,7773334,2019-06-28 01:36:55,btc,8172548.849070582,18547353.9704,0.000000057,btc,46188830.1051,1.2112851859409,0.5810347766345,237
1,[],22,[],2019-06-28 01:36:59,2084614.0,0.00000004,0.000000000004652864,7773335,2019-06-28 01:36:59,BTC,1.20112188,0.0,0.00000004,"BTC,LTC",14507.148717948718,0.0,0.02587451,237
1,[],4,[],2019-06-28 01:37:00,32419158.76028671,0.00000006,0.000000000006979296,7773336,2019-06-28 01:37:00,btc,2.5087812321357217,0.0,0.00000006,btc,10757314.86361974,0.06099884,0.5870332079905195,238
1,[],5,[],2019-06-28 01:37:01,0.0,0,0,7773337,2019-06-28 01:37:01,btc,0.0,0.0084481,0,btc,0.0,0.0,0.0,238
0,[],22,[],2019-03-12 16:49:32,0.0,0,0,6914458,2019-03-12 16:49:32,,0.40415746,0.0,0,,526736.5639027493,0.0,0.0,249
0,[],22,[],2019-05-28 23:53:45,0.0,0,0,7703643,2019-05-28 23:53:45,,13.44714864,0.0,0,,43777534.3426455,0.0,0.0,252
0,[],28,[],2019-06-28 01:37:03,0.0,0,0,7773338,2019-06-28 01:37:03,,0.0,0.0,0,,0.0,0.0,0.0,256
1,[],22,[],2019-06-28 01:37:08,532932.0,0.00000001,0.000000000001163216,7773339,2019-06-28 01:37:08,BTC,31464.57209997,0.0,0.00000001,"BTC,LTC",1031955.2230878276,0.00016,0.00772932,258
1,[],22,[],2019-05-19 18:12:02,400.0,0.00000001,0.0000000000007957800000000001,7653905,2019-05-19 18:12:02,BTC,2.415167,0.0,0.00000001,BTC,157.0,0.0,4e-06,259
1,[],5,[],2019-06-28 01:37:09,0.0,0,0,7773340,2019-06-28 01:37:09,btc,0.0,0.03125925,0,btc,0.0,0.0,0.0,264
1,[],20,[],2019-06-28 01:37:11,934939.73,0.000000175,0.00000000002035628,7773341,2019-06-28 01:37:11,btc,1.0497460162332,29453.6953,0.000000175,btc,33756.4616,0.011505126965,0.005567080155,264
0,[],22,[],2019-04-12 17:57:27,0.0,0,0,7278186,2019-04-12 17:57:27,,66.37522201,0.0,0,,677842.4169881374,0.0,0.0,271
0,[],22,[],2019-06-28 01:37:13,0.0,0,0,7773342,2019-06-28 01:37:13,,33050469.74148113,0.0,0,,14261527780.7,0.0,0.0,272
0,[],28,[],2019-06-28 01:37:15,0.0,0,0,7773343,2019-06-28 01:37:15,,0.0,0.0,0,,0.0,0.0,0.0,272
1,[],22,[],2019-05-23 07:12:29,219930.0,0.00000004,0.000000000003048688,7671985,2019-05-23 07:12:29,BTC,426.77835217,0.0,0.00000004,BTC,248664.3325962929,0.0,0.00739728,281
0.0000000001013789,[],22,[],2019-06-28 01:37:18,4541.1,1.0137890000000001e-16,1.179255585424e-20,7773344,2019-06-28 01:37:18,LTC,4.68214553,0.0,0.00000100,LTC,1121137.7657646376,0.0,0.0045411,286
0,[],22,[],2019-06-17 14:34:53,0.0,0,0,7740207,2019-06-17 14:34:53,,7337915.80475575,0.0,0,,2078527309.6797826,0.0,0.0,294
