pairValue,buyBook,exchangeId,sellBook,updated,buyTotal,satoshiPrice,usdPrice,exchangeLogId,created,bestPair,sellTotalBtc,volume,pairPrice,activePairs,sellTotal,volumeBtc,buyTotalBtc,coinId
1,[],3,[],2019-08-26 17:11:30,954.268369261179,0.007800060000000000152986512347297320957295596599578857421875,0.0000008038648235279999,7969322,2019-08-26 17:11:30,btc,9.363711295817042,0.00034934902128,0.007800060000000000152986512347297320957295596599578857421875,btc,38.641340718381,0.0,0.2103057100248992,1
1,[],4,[],2019-08-26 17:11:31,25009.9038252,0.00787438,0.000000811524153544,7969323,2019-08-26 17:11:31,btc,11.906037618173002,0.0,0.00787438,btc,479.47999174,0.61802625,0.8132269436868096,1
1,[],12,[],2019-08-26 17:11:36,124.26264090000001,0.00786000000000000066668892628740650252439081668853759765625,0.000000810042168,7969324,2019-08-26 17:11:36,btc,0.5586797542268,0.0,0.00786000000000000066668892628740650252439081668853759765625,btc,61.806735610000004,0.007222106062,0.08500751779770001,1
1,[],20,[],2019-08-26 17:11:38,1931.8101,0.007650001,0.0000007883999230587999,7969325,2019-08-26 17:11:38,btc,0.2360934440053,0.359,0.007650001,btc,20.2392,0.0027937472702,0.1252110083672,1
1,[],21,[],2019-08-26 17:11:39,2375.37833745,0.007880520000000000233053576437,0.000000812156934576,7969326,2019-08-26 17:11:39,btc,8.747341089528176,761.7956347400001,0.00788052000000000023305357643721436033956706523895263671875,"btc,eth",1763.2060161499999,5.668844133525414,15.702854884963243,1
1,[],22,[],2019-08-26 17:11:43,0.5198816666666667,0.00600000,0.0000006183528,7969327,2019-08-26 17:11:43,BTC,0.01700334,0.0,0.00600000,BTC,0.283670650841137,0.0,0.00302178,1
1,[],24,[],2019-08-26 17:11:44,0.0,0.000000000000,0,7969328,2019-08-26 17:11:44,btc,0.0,0.0,0.000000000000,btc,0.0,0.0,0.0,1
0.0,[],25,[],2019-08-26 17:11:48,0.0,0,0,7969329,2019-08-26 17:11:48,btc,49.79999999903776,9781.7449925,0.0,btc,6129.63782296,78.1645,0.0,1
1,[],26,[],2019-08-26 17:11:50,0.0,0,0,7969330,2019-08-26 17:11:50,,0.0,0.0,0,,0.0,0.0,0.0,1
1,[],28,[],2019-08-26 17:11:52,1060.4,0.008000000000,0.0000008244704,7969331,2019-08-26 17:11:52,btc,0.40444155597,2767.095745,0.008000000000,btc,26.8294,0.0,0.420986096,1
1,[],10,[],2019-07-13 08:58:05,251434.9725798,0.00271069,0.00000031407274150500003,7812232,2019-07-13 08:58:05,btc,6515.317158446701,1686.04548878,0.00271069,btc,2002.66956917,0.0,1.2639712180673435,1
1,[],5,[],2019-07-06 00:27:44,0.0,0,0,7800775,2019-07-06 00:27:44,btc,0.0,0.00190933,0,btc,0.0,0.0,0.0,1
0,[],2,[],2019-01-20 23:28:45,0.0,0,0,6477011,2019-01-20 23:28:45,,0.0,0.0,0,,0.0,0.0,0.0,1
0,[],22,[],2019-08-26 17:11:56,0.0,0,0,7969332,2019-08-26 17:11:56,,0.0,0.0,0,,0.0,0.0,0.0,2
1,[],5,[],2019-07-06 00:28:14,0.0,0,0,7800785,2019-07-06 00:28:14,btc,0.0,0.00208797,0,btc,0.0,0.0,0.0,2
1,[],12,[],2019-08-26 17:11:58,4708965.0489662,0.000000059,0.000000000006080469199999999,7969333,2019-08-26 17:11:58,btc,43044.77203221418,0.0,0.000000059,btc,9378585.62218963,0.003603053953,0.1958181243496937,3
0,[],28,[],2019-08-26 17:11:59,0.0,0,0,7969334,2019-08-26 17:11:59,,0.0,0.0,0,,0.0,0.0,0.0,3
1,[],5,[],2019-06-03 14:48:58,0.0,0,0,7731126,2019-06-03 14:48:58,btc,0.0,0.05905545,0,btc,0.0,0.0,0.0,3
0,[],2,[],2019-01-20 23:31:32,0.0,0,0,6477077,2019-01-20 23:31:32,,0.0,0.0,0,,0.0,0.0,0.0,4
1,[],4,[],2019-08-19 07:13:39,5576051.9095195,0.00000012,0.000000000012681852,7911861,2019-08-19 07:13:39,btc,25.86361324985451,0.0,0.00000012,btc,1094878.27526979,0.00024951,0.0793524101309535,4
0,[],2,[],2019-01-20 23:31:51,0.0,0,0,6477087,2019-01-20 23:31:51,,0.0,0.0,0,,0.0,0.0,0.0,6
1,[],11,[],2019-08-15 15:27:29,324074.0,0.00000001,0.0000000000010065590000000001,7900084,2019-08-15 15:27:29,btc,9583.47119397936,4910218.0,0.00000001,btc,78345418.50750598,0.0,0.00324074,6
1,[],3,[],2019-08-26 17:12:02,11469.400119600366,0.00007145999999999999682982754212190457110409624874591827392578125,0.000000007364581847999999,7969335,2019-08-26 17:12:02,btc,1026.3008259891228,0.0,0.00007145999999999999682982754212190457110409624874591827392578125,btc,427.820520509976,0.0,0.02481156054264346,7
1,[],4,[],2019-08-26 17:12:02,43748.35636128,0.00007737,0.000000007973659356,7969336,2019-08-26 17:12:02,btc,11.667375984921302,0.0,0.00007737,btc,74245.00029549,1.07296712,1.7478816365295866,7
1,[],5,[],2019-07-06 00:28:21,0.0,0,0,7800789,2019-07-06 00:28:21,btc,0.0,0.38662001,0,btc,0.0,0.0,0.0,7
1,[],5,[],2019-07-05 17:50:59,0.0,0,0,7799863,2019-07-05 17:50:59,btc,0.0,0.04857279,0,btc,0.0,0.0,0.0,12
1,[],4,[],2019-08-26 17:12:04,22927773.39883638,0.00000019,0.000000000019581172,7969337,2019-08-26 17:12:04,btc,5.705759234110129,0.0,0.00000019,btc,12125828.03778054,0.10339889,1.4728786305749908,12
0.0,[],25,[],2019-08-26 17:12:08,0.0,0,0,7969338,2019-08-26 17:12:08,,0.0,0.0,0.0,btc,0.0,0.0,0.0,12
0,[],2,[],2019-01-20 23:23:08,0.0,0,0,6476890,2019-01-20 23:23:08,,0.0,0.0,0,,0.0,0.0,0.0,12
1,[],10,[],2019-08-26 15:54:30,726193.3691661,0.00000128,0.000000000131890048,7968527,2019-08-26 15:54:30,btc,666797.325216718,12758.6409294,0.00000128,btc,1009881.0824957,0.0,0.0968471351187746,13
1,[],4,[],2019-08-26 17:12:08,1529820.27347449,0.00000126,0.000000000129854088,7969339,2019-08-26 17:12:08,btc,2.7844973518060816,0.0,0.00000126,btc,814941.22815869,0.06917846,0.3791602732474646,13
1,[],21,[],2019-08-26 17:12:12,3644714.330074,0.000001280000000000000026780877863,0.000000000131915264,7969340,2019-08-26 17:12:12,btc,3.421803884789646,123494.62130268,0.00000128000000000000002678087786256444502441809163428843021392822265625,btc,1771541.42582809,0.16213714,1.1567531923497207,13
0,[],17,[],2019-08-21 20:54:35,0.0,0,0,7923253,2019-08-21 20:54:35,btc,0.0,0.0,0,btc,0.0,0.0,0.0,14
1,[],4,[],2019-08-26 17:12:13,1266021.85806381,0.00000068,0.000000000070079984,7969341,2019-08-26 17:12:13,btc,2.1909354798799616,0.0,0.00000068,btc,811903.31211232,0.03486387,0.1936854859160623,14
1,[],12,[],2019-08-26 17:12:14,216007.88848982,0.00000067,0.000000000069049396,7969342,2019-08-26 17:12:14,btc,181.98787339155186,0.0,0.00000067,btc,37897.9926539,0.000121478622,0.0186357699999808,14
1,[],26,[],2019-08-26 17:12:14,0.0,0,0,7969343,2019-08-26 17:12:14,,0.0,0.0,0,,0.0,0.0,0.0,14
0,[],4,[],2019-08-26 17:12:15,0.0,0,0,7969344,2019-08-26 17:12:15,,0.0,0.0,0,,0.0,0.0,0.0,15
,[],12,[],2018-12-01 15:15:48,204241.84496,0.00000489,0.000000000202473384,5260204,2018-12-01 15:15:48,btc,49.5475654835,0.0,,btc,35763.2193806,0.0163153972027625,0.0203389899998,15
0,[],17,[],2019-08-21 20:54:42,0.0,0,0,7923259,2019-08-21 20:54:42,btc,0.0,0.0,0,btc,0.0,0.0,0.0,18
1,[],4,[],2019-08-26 17:12:16,33159.25159992,0.00000735,0.0000000007574821799999999,7969345,2019-08-26 17:12:16,btc,2.424149074267953,0.0,0.00000735,btc,22124.75237239,0.01547912,0.051795983161918,18
1,[],10,[],2019-08-26 17:12:18,395344.66334439,0.00000675,0.0000000006956468999999999,7969346,2019-08-26 17:12:18,btc,14.890349621694357,3762.25948602,0.00000675,btc,12476.76415086,0.0,0.2658548766536691,18
1,[],12,[],2019-08-26 17:12:19,4969.85863389,0.0000075100000000000000942627052802347265014759614132344722747802734375,0.0000000007739715879999999,7969347,2019-08-26 17:12:19,btc,0.562996181902967,0.0,0.0000075100000000000000942627052802347265014759614132344722747802734375,btc,1698.07599648,0.00043091725,0.0128521652767823,18
0,[],2,[],2019-01-20 23:23:38,0.0,0,0,6476906,2019-01-20 23:23:38,,0.0,0.0,0,,0.0,0.0,0.0,18
1,[],3,[],2019-08-26 17:12:20,159567.7833017759,0.0000047500000000000002615095640035036694825976155698299407958984375,0.0000000004895293,7969348,2019-08-26 17:12:20,btc,190.42302195347983,2295.65238923,0.0000047500000000000002615095640035036694825976155698299407958984375,btc,32570.829779131025,0.0,0.07473414324324305,19
1,[],4,[],2019-08-26 17:12:20,527443.86741521,0.00000489,0.0000000005039575319999999,7969349,2019-08-26 17:12:20,btc,3.161786262493075,0.0,0.00000489,btc,294166.62026042,0.14592793,1.3102031678885078,19
1,[],12,[],2019-08-26 17:12:22,131174.25513636,0.0000046600000000000002761701457798526604392463923431932926177978515625,0.000000000480254008,7969350,2019-08-26 17:12:22,btc,0.3198066544203732,0.0,0.0000046600000000000002761701457798526604392463923431932926177978515625,btc,3390.41140654,0.0,0.0184041999998818,19
0,[],27,[],2019-08-12 16:48:42,0.0,0,0,7891818,2019-08-12 16:48:42,,0.0,0.0,0,btc,0.0,0.0,0.0,19
0,[],2,[],2019-01-20 23:24:19,0.0,0,0,6476924,2019-01-20 23:24:19,,0.0,0.0,0,,0.0,0.0,0.0,19
1,[],5,[],2019-07-06 02:01:19,0.0,0,0,7800799,2019-07-06 02:01:19,btc,0.0,0.0,0,btc,0.0,0.0,0.0,19
1,[],4,[],2019-08-19 09:56:57,10479102.32813501,0.00000006,0.00000000000640596,7912317,2019-08-19 09:56:57,btc,4.984292824562718,0.0,0.00000006,btc,2305413.8842246,0.0,0.1263090499480169,20
0,[],17,[],2019-08-21 20:54:51,0.0,0,0,7923265,2019-08-21 20:54:51,btc,0.0,0.0,0,btc,0.0,0.0,0.0,21
0,[],4,[],2019-08-26 17:12:24,0.0,0,0,7969351,2019-08-26 17:12:24,,31717.397515593588,0.0,0,,173148533.12414378,0.0,0.0,21
0,[],12,[],2019-08-26 17:12:25,0.0,0,0,7969352,2019-08-26 17:12:25,btc,2616.578980830929,0.0,0,btc,8218961.89110887,0.0,0.0,21
1,[],12,[],2019-08-26 17:12:26,4499401431.584651,0.0000000021,0.00000000000021642348,7969353,2019-08-26 17:12:26,btc,167285694048.77112,0.0,0.0000000021,btc,1856693720.3069508,0.287689920972,3.2318125322925333,23
0.0000000002204393,[],27,[],2019-07-29 17:24:02,79794022.5,8.5971327e-17,8.21370058158e-21,7852364,2019-07-29 17:24:02,eth,1253.5830452782222,787155.0,0.00000039,eth,2317982.66147653,6.7672759904685e-11,2.1948587434632156e-09,23
1,[],4,[],2019-08-26 17:12:27,6065332.43958348,0.00000025,0.0000000000257647,7969354,2019-08-26 17:12:27,btc,8.123298425276865,0.0,0.00000025,btc,2452926.14759959,0.0727321,0.1678523811289985,24
0,[],22,[],2019-08-26 17:12:30,0.0,0,0,7969355,2019-08-26 17:12:30,,2.9367775,0.0,0,,2936.7775,0.0,0.0,24
0.0,[],25,[],2019-08-26 17:12:32,0.0,0,0,7969356,2019-08-26 17:12:32,,0.0,0.0,0.0,btc,0.0,0.0,0.0,24
1,[],4,[],2019-08-26 17:12:33,27013285.30457314,0.00000334,0.00000000034421639199999996,7969357,2019-08-26 17:12:33,btc,3.5660446005710402,0.0,0.00000334,btc,210559.10341156,0.07867048,0.5761069737800354,26
1,[],10,[],2019-08-26 17:12:35,220843.84891928,0.00000355,0.00000000036585874,7969358,2019-08-26 17:12:35,btc,25.713398000643835,4599.43782636,0.00000355,btc,19635.49082483,0.0,0.0332945282544595,26
0,[],2,[],2019-01-20 23:25:56,0.0,0,0,6476976,2019-01-20 23:25:56,,0.0,0.0,0,,0.0,0.0,0.0,26
0.0000000000719854,[],4,[],2019-08-26 17:12:35,851112421.2331388,4.8950072e-17,5.0447356802336e-21,7969359,2019-08-26 17:12:35,ltc,12.12625025213457,0.0,0.00000068,ltc,1009030929.1904143,0.00021053,7.235087515390394e-09,29
1,[],7,[],2019-08-26 17:12:37,0.0,0,0,7969360,2019-08-26 17:12:37,btc,1236993.9836332614,0.0,0,btc,38527819.81525098,0.0,0.0,29
0,[],17,[],2019-08-21 20:55:05,0.0,0,0,7923275,2019-08-21 20:55:05,btc,0.0,0.0,0,btc,0.0,0.0,0.0,30
1,[],4,[],2019-08-26 17:12:37,15036556.83756628,0.00000007,0.000000000007214116,7969361,2019-08-26 17:12:37,btc,2.5858399225737903,0.0,0.00000007,btc,2009590.75084338,0.0,0.1720253123988888,30
1,[],4,[],2019-08-26 17:12:38,215897.1903879,0.00002920,0.00000000300931696,7969362,2019-08-26 17:12:38,btc,2.4534880521002487,0.0,0.00002920,btc,52018.04497869,0.21951601,0.6141504017552036,31
1,[],21,[],2019-08-26 17:12:39,6372096.15115354,0.00002977000000000000126806551370,0.000000003068060476,7969363,2019-08-26 17:12:39,btc,4.472235904002585,22740.27969215,0.0000297700000000000012680655137042862179441726766526699066162109375,btc,125317.27430621,0.69383674,4.482818587522567,31
0,[],2,[],2019-01-20 23:28:43,0.0,0,0,6477009,2019-01-20 23:28:43,,0.0,0.0,0,,0.0,0.0,0.0,32
0,[],4,[],2019-08-22 11:37:22,0.0,0,0,7928708,2019-08-22 11:37:22,,0.0,0.0,0,,0.0,0.0,0.0,33
1,[],12,[],2019-03-30 07:55:10,40641173.964,0.00000003,0.000000000001228359,7108785,2019-03-30 07:55:10,btc,4233210.82356125,0.0,0.00000003,btc,28378394.68333462,0.0126927883965248,0.90752895892,33
0.0000000000719854,[],4,[],2019-08-26 17:12:40,34130206.01079407,2.9514014e-17,3.0416788660231998e-21,7969364,2019-08-26 17:12:40,ltc,6.005331200508091,0.0,0.00000041,ltc,209681042.8761944,0.0,2.665137106241219e-10,34
1,[],5,[],2019-07-06 02:03:46,0.0,0,0,7800811,2019-07-06 02:03:46,btc,0.0,0.0,0,btc,0.0,0.0,0.0,34
1,[],27,[],2019-08-12 16:26:17,6255.0,0.00000019,0.000000000021630303,7891745,2019-08-12 16:26:17,btc,22.61101824371233,0.0,0.00000019,btc,4198.924835,0.0,0.00091445,37
1,[],17,[],2019-08-21 20:55:15,210000.45146899,0.00000025,0.000000000025489949999999998,7923282,2019-08-21 20:55:15,btc,0.003138923777095,0.0,0.00000025,"btc,eth",803.94918473,0.0,0.0001001128676138302,37
1,[],4,[],2019-08-26 17:03:22,10977585.15300402,0.00000013,0.00000000001341223,7969189,2019-08-26 17:03:22,btc,19773.217908413393,0.0,0.00000013,btc,2410931.95278542,0.00991197,0.1782973691434796,37
1,[],12,[],2019-08-26 17:03:23,8121615.49916549,0.00000013,0.00000000001341223,7969190,2019-08-26 17:03:23,btc,1777.4708266881312,0.0,0.00000013,btc,2340741.38191485,0.018182151476,0.2665266497399986,37
0,[],27,[],2019-08-12 16:26:27,0.0,0,0,7891747,2019-08-12 16:26:27,,0.001005,0.0,0,"btc,eth",3.0,0.0,0.0,42
1,[],12,[],2019-08-26 17:12:42,220520.72340451,0.00000101999999999999997501889774376149233603428001515567302703857421875,0.000000000105119976,7969365,2019-08-26 17:12:42,btc,522.2355812593992,0.0,0.00000101999999999999997501889774376149233603428001515567302703857421875,btc,150137.61824497,0.019497640741,0.055112912825725,42
1,[],5,[],2019-07-06 02:03:47,0.0,0,0,7800812,2019-07-06 02:03:47,btc,0.0,0.14382058,0,btc,0.0,0.0,0.0,42
1,[],12,[],2019-03-13 09:13:29,1112112.0,0.00000001,0.000000000000386531,6919902,2019-03-13 09:13:29,btc,29058.00478931866,0.0,0.00000001,btc,5967681.93306694,9.99000999e-07,0.01112112,43
1,[],5,[],2019-04-26 22:38:52,0.0,0,0,7474154,2019-04-26 22:38:52,btc,0.0,0.02638891,0,btc,0.0,0.0,0.0,43
0,[],17,[],2019-04-26 22:38:53,0.0,0,0,7474155,2019-04-26 22:38:53,btc,0.0,0.0,0,btc,0.0,0.0,0.0,43
0.0000000000719854,[],4,[],2019-08-26 17:12:42,111292531.78713886,3.59927e-17,3.70936447076e-21,7969366,2019-08-26 17:12:42,ltc,8467.166797598828,0.0,0.0000005,ltc,25923448.69035985,0.0,4.827719282544944e-10,49
0.0000000000719854,[],4,[],2019-08-26 17:12:43,312802263.71493465,1.5116934e-17,1.5579330777192e-21,7969367,2019-08-26 17:12:43,ltc,32194.892536906365,0.0,0.00000021,ltc,232267929.3438575,0.0,5.587096929738205e-10,52
0,[],27,[],2019-08-12 16:26:37,0.0,0,0,7891750,2019-08-12 16:26:37,,0.0,0.0,0,"btc,eth",0.0,0.0,0.0,57
0,[],22,[],2019-08-26 17:03:29,0.0,0,0,7969194,2019-08-26 17:03:29,,10290.06395626,0.0,0,,285312171.3316013,0.0,0.0,57
0.0000000000719854,[],4,[],2019-08-26 17:12:44,979704292.3517817,7.19854e-19,7.41872894152e-23,7969368,2019-08-26 17:12:44,ltc,19.781646904689804,0.0,0.00000001,ltc,5525229098.703656,0.0,7.052440536665995e-10,58
1,[],12,[],2019-08-26 17:12:45,232557599.5137265,0.0000000001,0.00000000000001030588,7969369,2019-08-26 17:12:45,btc,72847530.85567795,0.0,0.0000000001,btc,4994262027.998038,0.001818495542,0.02325575995137265,58
1,[],17,[],2019-08-21 20:55:25,1200000.0,0.0000000001,0.00000000000001019598,7923289,2019-08-21 20:55:25,btc,1e+24,0.0,0.0000000001,"btc,eth",39506342.31952568,0.0,0.00010000000036633021,58
0.00000000007918079999999999,[],22,[],2019-08-26 17:12:49,626877.0,7.918079999999999e-19,8.160278231039999e-23,7969370,2019-08-26 17:12:49,XMR,68.17454206,0.0,0.00000001,XMR,9626402.6,0.0,0.00626877,58
0,[],27,[],2019-07-29 19:34:56,0.0,0,0,7852673,2019-07-29 19:34:56,,1.97314195,0.0,0,"btc,eth",10936.9,0.0,0.0,61
0,[],22,[],2019-08-22 14:00:27,0.0,0,0,7929496,2019-08-22 14:00:27,,1000.95212109,0.0,0,,9656.689066014545,0.0,0.0,61
1,[],26,[],2019-08-22 14:00:27,0.0,0,0,7929497,2019-08-22 14:00:27,,0.0,0.0,0,,0.0,0.0,0.0,61
1,[],28,[],2019-08-22 14:00:41,40000.0,0.00000004,0.000000000004031476,7929498,2019-08-22 14:00:41,btc,0.242343945415105,338.0,0.00000004,btc,8016.46650005,0.0,0.001,61
1,[],5,[],2019-06-17 14:31:27,0.0,0,0,7740135,2019-06-17 14:31:27,btc,0.0,0.00079154,0,btc,0.0,0.0,0.0,61
0.0,[],25,[],2019-08-26 17:07:16,0.0,0,0,7969280,2019-08-26 17:07:16,,0.0,0.0,0.0,btc,0.0,0.0,0.0,67
1,[],4,[],2019-08-26 17:07:03,1707357.5437348,0.00000070,0.00000000007224371000000001,7969279,2019-08-26 17:07:03,btc,2.7261903255895477,0.0,0.00000070,btc,1217582.28408987,0.02542514,0.7605302892493419,67
1,[],12,[],2019-06-02 06:23:14,910048.355,0.00000006,0.000000000005154929999999999,7725270,2019-06-02 06:23:14,btc,5.167005424215783,0.0,0.00000006,btc,738530.60239759,0.003159757462,0.0187188113,71
,[],5,[],2018-11-20 23:02:39,1.5e-07,0.00000005,0.000000000002128045,4862160,2018-11-20 23:02:39,btc,2.84511358,0.0,,btc,0.00036572,0.0,0.07381892,74
1,[],5,[],2019-07-06 00:15:01,0.0,0,0,7800749,2019-07-06 00:15:01,btc,0.0,0.01883861,0,btc,0.0,0.0,0.0,75
1,[],4,[],2019-08-26 17:12:50,188866.30457147,0.00006411,0.000000006607099668,7969371,2019-08-26 17:12:50,btc,54.922122180312584,0.0,0.00006411,btc,115515.98966234,0.04108514,0.6457853916857202,82
1,[],21,[],2019-08-26 17:12:51,795138.17896971,0.00006242000000000000206699241057,0.000000006432930296,7969372,2019-08-26 17:12:51,btc,3.928739786949614,11470.50321964,0.000062420000000000002066992410565404725275584496557712554931640625,btc,45143.5694313,0.71273867,0.9042048221040552,82
0,[],4,[],2019-07-23 20:51:52,0.0,0,0,7830376,2019-07-23 20:51:52,,1.6413985531662756,0.0,0,,620289065.5915176,0.0,0.0,85
,[],22,[],2018-11-20 23:09:34,3408.1,0.0000001,0.0000000000041895,4862324,2018-11-20 23:09:34,BTC,0.04624735,0.0,,BTC,4990.0,0.0,0.00033081,86
1,[],22,[],2019-08-26 17:12:55,253675.0,0.00000002,0.000000000002061176,7969373,2019-08-26 17:12:55,BTC,1.78750438,0.0,0.00000002,BTC,705704.4764823451,0.00173406,0.00322292,87
1,[],27,[],2019-08-06 12:06:36,100155.0,0.00000003,0.000000000003516594,7875448,2019-08-06 12:06:36,btc,7.177196150774,345.0,0.00000003,btc,287406.89336,1.035e-05,0.00300465,87
,[],2,[],2018-11-20 23:10:47,0.0,0,0,4862359,2018-11-20 23:10:47,,0.0,0.0,,,0.0,0.0,0.0,88
0,[],2,[],2019-01-20 23:31:45,0.0,0,0,6477083,2019-01-20 23:31:45,,0.0,0.0,0,,0.0,0.0,0.0,91
1,[],12,[],2019-08-21 08:36:52,425737.18747014,0.00000027,0.00000000002755863,7920587,2019-08-21 08:36:52,btc,589.0196553122464,0.0,0.00000027,btc,329461.8088511,0.000457377432,0.0207804367963476,91
0,[],17,[],2019-08-21 08:36:53,0.0,0,0,7920588,2019-08-21 08:36:53,btc,0.0,0.0,0,btc,0.0,0.0,0.0,91
1,[],22,[],2019-08-21 08:36:57,54200.0,0.00000003,0.00000000000306207,7920589,2019-08-21 08:36:57,BTC,1.05335,0.0,0.00000003,"BTC,LTC",1839.95,0.0,0.002326,91
0.0000000000719854,[],4,[],2019-08-26 17:12:56,590490882.5573508,9.358102e-18,9.644347623975999e-22,7969374,2019-08-26 17:12:56,ltc,11.756159238793446,0.0,0.00000013,ltc,208704097.86884874,0.0,7.190851985089956e-10,96
0,[],12,[],2019-08-26 17:12:57,0.0,0,0,7969375,2019-08-26 17:12:57,btc,109.4341437856943,0.0,0,btc,12650559.56943056,0.0,0.0,96
0,[],17,[],2019-08-21 20:55:48,0.0,0,0,7923301,2019-08-21 20:55:48,btc,0.0,0.0,0,btc,0.0,0.0,0.0,96
1,[],4,[],2019-08-26 17:12:58,123798.74065368,0.00001268,0.000000001306785584,7969376,2019-08-26 17:12:58,btc,7.6198219801139,0.0,0.00001268,btc,188964.0428394,0.06005308,0.3961997555095361,100
0,[],2,[],2019-01-20 23:23:55,0.0,0,0,6476914,2019-01-20 23:23:55,,0.0,0.0,0,,0.0,0.0,0.0,100
1,[],22,[],2019-08-26 17:13:02,146000.0,0.00000002,0.000000000002061176,7969377,2019-08-26 17:13:02,BTC,26.50623849,0.0,0.00000002,BTC,10383.92,0.0,0.00162,101
1,[],27,[],2019-08-12 16:30:59,2050161.9,0.00000005,0.0000000000056921850000000005,7891762,2019-08-12 16:30:59,btc,261.32824567561846,0.0,0.00000005,btc,285690.80442935,0.0,0.060251537,105
1,[],12,[],2019-08-26 10:09:37,94297270.0,0.000000001,0.00000000000010357180000000001,7965278,2019-08-26 10:09:37,btc,339276.63475285517,0.0,0.000000001,btc,137493066.90169865,0.002908079082,0.09429727,105
1,[],27,[],2019-08-12 16:31:06,1.0,0.00000001,0.000000000001138437,7891764,2019-08-12 16:31:06,btc,0.0,0.0,0.00000001,"btc,eth",0.0,0.0,1e-08,112
0,[],22,[],2019-08-26 17:13:06,0.0,0,0,7969378,2019-08-26 17:13:06,,6.8000552,0.0,0,,3881310.0833333335,0.0,0.0,112
1,[],5,[],2019-07-06 00:19:31,0.0,0,0,7800761,2019-07-06 00:19:31,btc,0.0,0.0,0,btc,0.0,0.0,0.0,112
1,[],5,[],2019-07-06 00:19:43,0.0,0,0,7800765,2019-07-06 00:19:43,btc,0.0,0.0,0,btc,0.0,0.0,0.0,113
1,[],4,[],2019-08-23 18:16:44,371097.09099114,0.00000094,0.000000000097689594,7938037,2019-08-23 18:16:44,btc,6.337079582375524,0.0,0.00000094,btc,946945.41992512,0.00337055,0.1031406582583925,113
1,[],17,[],2019-08-21 20:55:59,212000.0,0.00000004,0.000000000004078392,7923307,2019-08-21 20:55:59,btc,1.3335225243619424,1.12e-06,0.00000004,btc,55804.73574154,0.0,0.00218,116
1,[],27,[],2019-08-02 18:48:59,95525.16595526,0.00000001,0.000000000001045936,7866367,2019-08-02 18:48:59,btc,3918.96487209,0.0,0.00000001,btc,88497.69,0.0,0.0009552516595526,116
1,[],4,[],2019-08-26 17:13:07,19054109.82888958,0.00000080,0.00000000008244704,7969379,2019-08-26 17:13:07,btc,130.27355917938124,0.0,0.00000080,btc,1359029.81448717,0.00132307,1.6654489336366747,120
1,[],7,[],2019-08-26 17:13:08,3532.78384563,0.00000757000000000000036683329984743551221981761045753955841064453125,0.000000000780155116,7969380,2019-08-26 17:13:08,btc,115616.30092645819,0.0,0.00000757000000000000036683329984743551221981761045753955841064453125,btc,3185.01841564,0.0,0.0091558593913947,120
1,[],4,[],2019-08-26 17:13:10,926333.68763043,0.00000221,0.000000000227759948,7969381,2019-08-26 17:13:10,btc,2.338235129063282,0.0,0.00000221,btc,342247.35968462,0.03105332,0.1507384840333201,131
1,[],17,[],2019-08-21 20:56:04,10000.0,0.00000001,0.000000000001019598,7923311,2019-08-21 20:56:04,btc,0.0953976503951408,0.0,0.00000001,btc,5037.62507334,0.0,0.0001,131
0,[],2,[],2019-01-20 23:25:46,0.0,0,0,6476969,2019-01-20 23:25:46,,0.0,0.0,0,,0.0,0.0,0.0,131
1,[],4,[],2019-08-20 14:43:19,8549.6097675,0.00005121,0.0000000054409242329999995,7915998,2019-08-20 14:43:19,btc,0.2921428325204394,0.0,0.00005121,btc,235.83446249,0.0,0.0027602632940558,135
1,[],3,[],2019-07-13 16:51:20,187.26592867,0.00000001,0.000000000001140965,7813490,2019-07-13 16:51:20,btc,419.77407087449336,1935513.62324,0.00000001,btc,3179086.72005867,0.0,1.8726592866999999e-06,136
1,[],4,[],2019-08-26 17:13:12,640614.97730829,0.00000450,0.0000000004637646,7969382,2019-08-26 17:13:12,btc,23.29392755756979,0.0,0.00000450,btc,514313.38044459,0.12907727,1.2412229435006708,137
1,[],12,[],2019-08-26 17:13:14,141205.31994846,0.00000439000000000000032015189110889963330919272266328334808349609375,0.000000000452428132,7969383,2019-08-26 17:13:14,btc,39.94758830330155,0.0,0.00000439000000000000032015189110889963330919272266328334808349609375,btc,55527.22314252,0.006827657217,0.0209037926776798,137
1,[],4,[],2019-08-26 17:13:15,320546.58010212,0.00002806,0.000000002891829928,7969384,2019-08-26 17:13:15,btc,4.486977756556068,0.0,0.00002806,btc,93206.09781063,1.15639814,1.4848527284522748,142
1,[],20,[],2019-08-26 17:13:17,110013.1318,0.000028,0.0000000028856464,7969385,2019-08-26 17:13:17,btc,1.2718371249974,341.81,0.000028,btc,3379.3622,0.0099301654745,0.0094231957436,142
1,[],22,[],2019-08-26 17:13:21,10619.88,0.00000200,0.0000000002061176,7969386,2019-08-26 17:13:21,BTC,1.55898515,0.0,0.00000200,BTC,835.8398331062671,0.0,0.00416696,142
0.0,[],25,[],2019-08-26 17:13:23,0.0,0,0,7969387,2019-08-26 17:13:23,,0.0,0.0,0.0,btc,0.0,0.0,0.0,142
1,[],28,[],2019-08-26 17:13:25,10093420.0,0.000030000000,0.0000000030917639999999997,7969388,2019-08-26 17:13:25,btc,0.51474502,4217.0,0.000030000000,btc,2808.485,0.0,1.3892752,142
1,[],17,[],2019-08-21 20:56:08,32967.38636364,0.00000088,0.00000000008972462400000001,7923315,2019-08-21 20:56:08,btc,20.069762065592148,0.0,0.00000088,btc,2746.079105,0.0,0.0105613000000032,142
1,[],5,[],2019-07-06 02:06:10,0.0,0,0,7800822,2019-07-06 02:06:10,btc,0.0,0.00140707,0,btc,0.0,0.0,0.0,142
0,[],22,[],2019-08-21 15:01:35,0.0,0,0,7922332,2019-08-21 15:01:35,,68.14027224,0.0,0,,718000153.5744588,0.0,0.0,143
0,[],22,[],2019-02-25 15:42:22,0.0,0,0,6783783,2019-02-25 15:42:22,,4.2131946,0.0,0,,2322156.0,0.0,0.0,146
,[],22,[],2018-11-20 23:01:11,0.0,0,0,4862114,2018-11-20 23:01:11,,2.56807021,0.0,,,61828.4988236,0.0,0.0,147
1,[],12,[],2019-04-21 06:38:04,193091.5971266,0.00000071,0.000000000037635183,7388679,2019-04-21 06:38:04,btc,2.301232411611175,0.0,0.00000071,btc,9957.48302385,0.00023528,0.0313308199999888,148
1,[],5,[],2019-04-26 09:36:59,0.0,0,0,7465040,2019-04-26 09:36:59,btc,0.0,0.0,0,btc,0.0,0.0,0.0,153
0,[],22,[],2019-08-26 17:13:28,0.0,0,0,7969389,2019-08-26 17:13:28,,6.87813965,0.0,0,,4570228.592592592,0.0,0.0,156
0,[],23,[],2019-01-20 23:24:29,0.0,0,0,6476932,2019-01-20 23:24:29,,0.0,0.0,0,,0.0,0.0,0.0,156
1,[],22,[],2019-08-26 17:13:32,6996.0,0.00000001,0.000000000001030588,7969390,2019-08-26 17:13:32,BTC,1.7547719,0.0,0.00000001,BTC,64.8,0.0,6.996e-05,157
0,[],22,[],2019-08-17 00:05:41,0.0,0,0,7905012,2019-08-17 00:05:41,,50234.60468402,0.0,0,,54786159.03179465,0.0,0.0,158
,[],17,[],2018-11-20 22:56:10,0.0,0,0,4861976,2018-11-20 22:56:10,btc,1.1265625,0.0,,btc,1000.0,0.0,0.0,159
,[],20,[],2018-11-20 22:56:12,0.0,0,0,4861977,2018-11-20 22:56:12,btc,11912.7940471,0.0,,btc,34413894.3617,0.0,0.0,159
1,[],22,[],2019-08-26 17:13:37,64700.0,0.00000001,0.000000000001030588,7969391,2019-08-26 17:13:37,BTC,22.83980558,0.0,0.00000001,"BTC,LTC",289966.6604070517,0.0,0.036467,171
0.0000000000719854,[],22,[],2019-08-26 17:13:40,144000.0,3.59927e-18,3.7093644707599995e-22,7969392,2019-08-26 17:13:40,LTC,15.4492312,0.0,0.00000005,LTC,1460044.9526050987,0.0,0.00344,173
1,[],5,[],2019-07-06 02:08:45,0.0,0,0,7800830,2019-07-06 02:08:45,btc,0.0,0.00700197,0,btc,0.0,0.0,0.0,175
0,[],22,[],2019-08-19 04:17:22,0.0,0,0,7911532,2019-08-19 04:17:22,,393.97295672,0.0,0,,135375.61833431243,0.0,0.0,176
1,[],7,[],2019-07-01 10:15:32,0.0,0,0,7783526,2019-07-01 10:15:32,btc,521516.2326888725,0.0,0,btc,26809253.73522063,0.0,0.0,178
0,[],22,[],2019-08-26 17:13:43,0.0,0,0,7969393,2019-08-26 17:13:43,,1.00205534,0.0,0,,62828.0,0.0,0.0,178
0,[],2,[],2019-01-20 23:28:34,0.0,0,0,6477001,2019-01-20 23:28:34,,0.0,0.0,0,,0.0,0.0,0.0,178
1,[],5,[],2019-07-06 02:08:50,0.0,0,0,7800832,2019-07-06 02:08:50,btc,0.0,6.904e-05,0,btc,0.0,0.0,0.0,179
0,[],22,[],2019-08-26 17:13:47,0.0,0,0,7969394,2019-08-26 17:13:47,,10.36918575,0.0,0,,14931737.231946677,0.0,0.0,179
0,[],23,[],2019-01-20 23:25:08,0.0,0,0,6476952,2019-01-20 23:25:08,,0.0,0.0,0,,0.0,0.0,0.0,179
1,[],22,[],2019-08-26 17:13:52,759435.8504662005,0.00000039,0.000000000040192932,7969395,2019-08-26 17:13:52,BTC,2.96416003,0.0,0.00000039,"BTC,LTC",242303.75937730202,0.00055791,0.60767873,180
1,[],26,[],2019-08-26 17:13:52,0.0,0,0,7969396,2019-08-26 17:13:52,,0.0,0.0,0,,0.0,0.0,0.0,180
1,[],17,[],2019-08-21 20:57:03,32504.725000000002,0.00000015,0.00000000001529397,7923326,2019-08-21 20:57:03,btc,5.201614863967379,8e-06,0.00000015,btc,5020.40125,0.0,0.0029504724999999997,180
,[],7,[],2018-11-20 22:58:01,562227.975654,0.00000085,0.000000000036176765,4862015,2018-11-20 22:58:01,btc,21836.6059674,2491.87645172,,btc,749999.041456,0.00211021,0.127565380455,183
,[],5,[],2019-01-10 08:11:41,0.0,0,0,6347036,2019-01-10 08:11:41,btc,82.15055501,0.00261,,btc,1.19002445,0.0,0.0,187
,[],17,[],2018-11-16 20:58:10,4062536.27273,0.00000001,0.000000000000550501,4708775,2018-11-16 20:58:10,btc,3.36492563466,0.195460381006,,"btc,eth",110697919.549,0.0,0.0157628953496,187
1,[],24,[],2019-05-22 21:04:52,0.0,0.000000000014,0.0000000000000010960978,7670219,2019-05-22 21:04:52,btc,0.0,0.0,0.000000000014,btc,0.0,0.0,0.0,187
0,[],23,[],2019-01-20 23:31:41,0.0,0,0,6477079,2019-01-20 23:31:41,,0.0,0.0,0,,0.0,0.0,0.0,199
0,[],22,[],2019-08-26 17:10:30,0.0,0,0,7969307,2019-08-26 17:10:30,,6.89638052,0.0,0,,108398000.0,0.0,0.0,199
1,[],26,[],2019-08-26 17:10:30,0.0,0,0,7969308,2019-08-26 17:10:30,,0.0,0.0,0,,0.0,0.0,0.0,199
1,[],4,[],2019-01-25 15:51:35,2084389.58565343,0.00000936,0.000000000333526752,6499557,2019-01-25 15:51:35,btc,2.0092503037378524,0.0,0.00000936,btc,160195.80207885,0.19272417,1.242687955921835,211
1,[],7,[],2019-07-01 02:21:28,1170054124.6898527,0.00000018,0.000000000019815389999999997,7782694,2019-07-01 02:21:28,btc,1346735.6331920293,0.0,0.00000018,btc,5516233.71348162,0.0,11.954344045954047,212
0,[],22,[],2019-08-19 07:38:07,0.0,0,0,7911940,2019-08-19 07:38:07,,6.8412543,0.0,0,,3272264.174064925,0.0,0.0,216
1,[],27,[],2019-08-12 16:37:52,320029.088,0.00000001,0.000000000001138437,7891783,2019-08-12 16:37:52,btc,176.0318120012664,0.0,0.00000001,"btc,ltc",485496.05456794,0.0,0.00320029088,216
1,[],22,[],2019-08-26 17:13:57,388827.1,0.00000013,0.000000000013397643999999999,7969397,2019-08-26 17:13:57,BTC,12055.77298817,0.0,0.00000013,BTC,503074.4175871489,0.00247954,0.01669117,217
0,[],22,[],2019-08-26 17:14:01,0.0,0,0,7969398,2019-08-26 17:14:01,,4.69007484,0.0,0,,180254.70709740353,0.0,0.0,221
1,[],24,[],2019-08-26 17:14:01,0.0,0.000000010000,0.000000000001030588,7969399,2019-08-26 17:14:01,btc,0.0,0.0,0.000000010000,btc,0.0,0.0,0.0,221
1,[],26,[],2019-08-26 17:14:01,0.0,0,0,7969400,2019-08-26 17:14:01,,0.0,0.0,0,,0.0,0.0,0.0,231
0.0000000001859265,[],27,[],2019-08-12 16:38:10,100.0,1.859265e-18,2.1166560688050002e-22,7891787,2019-08-12 16:38:10,eth,0.0,0.0,0.00000001,"btc,eth",0.0,0.0,1.8592649999999999e-16,234
1,[],26,[],2019-08-26 17:14:02,0.0,0,0,7969401,2019-08-26 17:14:02,,0.0,0.0,0,,0.0,0.0,0.0,234
1,[],5,[],2019-07-06 02:11:21,0.0,0,0,7800842,2019-07-06 02:11:21,btc,0.0,0.10652887,0,btc,0.0,0.0,0.0,237
1,[],20,[],2019-08-26 17:10:42,86510763.262,0.000000033,0.0000000000034057749000000003,7969314,2019-08-26 17:10:42,btc,514.1025720870974,7418792.16,0.000000033,btc,29663207.9004,0.2510679032091,0.3821415670012,237
1,[],22,[],2019-08-26 17:14:08,1838057.0,0.00000001,0.000000000001030588,7969402,2019-08-26 17:14:08,BTC,1.20571969,0.0,0.00000001,"BTC,LTC",60838.34871794872,0.0,0.01838057,237
1,[],5,[],2019-07-06 02:11:32,0.0,0,0,7800846,2019-07-06 02:11:32,btc,0.0,0.05525444,0,btc,0.0,0.0,0.0,238
1,[],4,[],2019-08-18 21:55:28,28766182.9187235,0.00000006,0.0000000000062177580000000004,7910606,2019-08-18 21:55:28,btc,2.1262004590211685,0.0,0.00000006,btc,15667280.40051822,0.02567584,0.5811165339764514,238
0.0000000000711565,[],22,[],2019-08-17 13:20:25,419253.0,7.115650000000001e-19,7.3700771814e-23,7906682,2019-08-17 13:20:25,LTC,0.40427224,0.0,0.00000001,LTC,496363.0639027493,0.0,0.00419253,249
0,[],22,[],2019-08-26 17:10:52,0.0,0,0,7969316,2019-08-26 17:10:52,,13.4488406,0.0,0,,43819581.3426455,0.0,0.0,252
1,[],28,[],2019-08-26 17:14:10,1999181.785,0.00000007,0.000000000007214116,7969403,2019-08-26 17:14:10,btc,164699.1769203049,805013.851,0.00000007,btc,3488664.4211,0.0,0.07662761995,256
0.0000000000916764,[],22,[],2019-07-23 20:12:22,1517.0,9.16764e-19,9.31930943616e-23,7830286,2019-07-23 20:12:22,LTC,31474.63788373,0.0,0.00000001,LTC,1024398.9185893413,0.0,1.517e-05,258
1,[],20,[],2019-08-26 17:10:56,896228.977,0.00000016,0.000000000016512848000000002,7969318,2019-08-26 17:10:56,btc,0.5342512243024,8114.3117,0.00000016,btc,104516.4117,0.0014598542124,0.006006336291,264
1,[],5,[],2019-07-02 14:44:15,0.0,0,0,7788374,2019-07-02 14:44:15,btc,0.0,0.02775788,0,btc,0.0,0.0,0.0,264
0,[],22,[],2019-08-26 17:14:16,0.0,0,0,7969404,2019-08-26 17:14:16,,33050469.74148113,0.0,0,,14261527780.7,0.0,0.0,272
0.000000000000002577,[],28,[],2019-08-26 17:14:20,139871533017.964,4.3809e-22,4.5149029691999997e-26,7969405,2019-08-26 17:14:20,doge,1708945032124391.0,5177711847.65,0.00000017,doge,44171639673.584,0.0,3.1399205438705e-11,272
0,[],22,[],2019-08-26 17:14:24,0.0,0,0,7969406,2019-08-26 17:14:24,,73.45815928,0.0,0,,1287554.3487135023,0.0,0.0,286
