pairValue,buyBook,exchangeId,sellBook,updated,buyTotal,satoshiPrice,usdPrice,exchangeLogId,created,bestPair,sellTotalBtc,volume,pairPrice,activePairs,sellTotal,volumeBtc,buyTotalBtc,coinId
1,[],3,[],2019-05-27 09:22:22,1799.577416443269,0.0101110100000000001363442692081662244163453578948974609375,0.0000008814384188610001,7694237,2019-05-27 09:22:22,btc,33.77885891910379,66.1274781688,0.0101110100000000001363442692081662244163453578948974609375,btc,24.15993391737,0.0,0.2221171373238993,1
1,[],4,[],2019-05-27 09:22:23,207672.92510007,0.01070721,0.0000009334128096810001,7694238,2019-05-27 09:22:23,btc,8.589878198184227,0.0,0.01070721,btc,382.05851312,1.16848377,0.495526154599766,1
1,[],5,[],2019-05-27 09:22:25,0.0,0,0,7694239,2019-05-27 09:22:25,btc,0.0,0.04866716,0,btc,0.0,0.0,0.0,1
1,[],10,[],2019-05-27 09:22:27,225830.09011536,0.00760059,0.0000006625897938990001,7694240,2019-05-27 09:22:27,btc,6521.470708080142,2008.46068255,0.00760059,btc,1309.66784083,0.0,2.296079650933745,1
1,[],12,[],2019-05-27 09:22:29,75.49808205,0.01076000000000000046684878185487832524813711643218994140625,0.0000009380148360000001,7694241,2019-05-27 09:22:29,btc,0.2273467667245,0.0,0.01076000000000000046684878185487832524813711643218994140625,btc,20.00279126,0.347147730773,0.2874503479356,1
1,[],20,[],2019-05-27 09:22:30,973.488,0.010262851,0.0000008946753250611,7694242,2019-05-27 09:22:30,btc,0.5024417712745,0.2028,0.010262851,btc,41.6349,0.002309406169,0.1102834229092,1
1,[],21,[],2019-05-27 09:22:31,1942.12303479,0.01079428999999999978787190713,0.0000009410041044690001,7694243,2019-05-27 09:22:31,btc,11.471026705634785,2937.6480292799997,0.01079428999999999978787190713092059013433754444122314453125,"btc,eth",1410.32016238,26.8683133763747,17.252223990009288,1
1,[],22,[],2019-05-27 09:22:35,0.0025666666666666667,0.00900000,0.0000007845849,7694244,2019-05-27 09:22:35,BTC,0.31629903,0.0,0.00900000,BTC,0.2505752479991019,0.0,2.31e-05,1
1,[],24,[],2019-05-27 09:22:36,0.0,0.000000000000,0,7694245,2019-05-27 09:22:36,btc,0.0,0.0,0.000000000000,btc,0.0,0.0,0.0,1
0.0,[],25,[],2019-05-27 09:22:37,0.0,0,0,7694246,2019-05-27 09:22:37,btc,43.749999998414694,4612.99118913,0.0,btc,3971.28958737,49.475,0.0,1
1,[],26,[],2019-05-27 09:22:39,0.0,0,0,7694247,2019-05-27 09:22:39,,0.0,0.0,0,,0.0,0.0,0.0,1
0,[],28,[],2019-05-27 09:22:40,0.0,0,0,7694248,2019-05-27 09:22:40,,0.0,0.0,0,,0.0,0.0,0.0,1
0,[],2,[],2019-01-20 23:28:45,0.0,0,0,6477011,2019-01-20 23:28:45,,0.0,0.0,0,,0.0,0.0,0.0,1
1,[],5,[],2019-05-27 09:22:43,0.0,0,0,7694249,2019-05-27 09:22:43,btc,0.0,0.0006115,0,btc,0.0,0.0,0.0,2
1,[],22,[],2019-05-27 09:22:47,11638.0,0.0000002,0.00000000001743522,7694250,2019-05-27 09:22:47,BTC,21.00897301,0.0,0.0000002,"BTC,XMR",20678.87287795317,0.0,0.00145435,2
1,[],5,[],2019-05-27 09:22:48,0.0,0,0,7694251,2019-05-27 09:22:48,btc,0.0,0.01714933,0,btc,0.0,0.0,0.0,3
1,[],12,[],2019-05-27 09:22:49,2821927.35367,0.000000108,0.0000000000094150188,7694252,2019-05-27 09:22:49,btc,4688.203600225144,0.0,0.000000108,btc,3284348.3263576,0.021050023158,0.19801819319636,3
0,[],28,[],2019-05-27 09:22:50,0.0,0,0,7694253,2019-05-27 09:22:50,,0.0,0.0,0,,0.0,0.0,0.0,3
0,[],2,[],2019-01-20 23:31:32,0.0,0,0,6477077,2019-01-20 23:31:32,,0.0,0.0,0,,0.0,0.0,0.0,4
1,[],4,[],2019-05-18 21:29:50,562734.9206932,0.00000010,0.000000000007298720000000001,7650946,2019-05-18 21:29:50,btc,41.9347137769675,0.0,0.00000010,btc,1123702.32192634,0.00052462,0.029254593370966,4
0,[],12,[],2019-05-27 07:07:39,0.0,0,0,7693608,2019-05-27 07:07:39,btc,0.40767300499500503,0.0,0,btc,1036053.4995005,0.0,0.0,5
0,[],2,[],2019-01-20 23:31:51,0.0,0,0,6477087,2019-01-20 23:31:51,,0.0,0.0,0,,0.0,0.0,0.0,6
1,[],11,[],2019-05-27 09:22:52,6490289.776736,0.00000002,0.0000000000017435220000000002,7694254,2019-05-27 09:22:52,btc,9578.939007718547,956000.0,0.00000002,btc,66055121.06531829,0.0,0.07817137276736,6
1,[],3,[],2019-05-27 09:22:53,11839.51071712379,0.0000888800000000000028389790518446034184307791292667388916015625,0.000000007748211768000001,7694255,2019-05-27 09:22:53,btc,0.10473360656406104,176.533509258,0.0000888800000000000028389790518446034184307791292667388916015625,btc,225.368057543764,0.0,0.026272586265569185,7
1,[],4,[],2019-05-27 09:22:54,327750.51154512,0.00008814,0.000000007683701454,7694256,2019-05-27 09:22:54,btc,8.200911639448222,0.0,0.00008814,btc,49140.28922535,2.50670297,2.1085470953082917,7
1,[],5,[],2019-05-27 09:22:55,0.0,0,0,7694257,2019-05-27 09:22:55,btc,0.0,0.30438449,0,btc,0.0,0.0,0.0,7
1,[],20,[],2019-04-07 22:06:50,3201475.0482,0.000000001,0.000000000000051590000000000004,7213932,2019-04-07 22:06:50,btc,30.8005781811902,0.0,0.000000001,btc,23077405.3926,0.0,0.0032014750482,8
0,[],2,[],2019-01-20 23:22:42,0.0,0,0,6476876,2019-01-20 23:22:42,,0.0,0.0,0,,0.0,0.0,0.0,9
0,[],23,[],2019-01-20 23:22:48,0.0,0,0,6476878,2019-01-20 23:22:48,,0.0,0.0,0,,0.0,0.0,0.0,9
1,[],4,[],2019-05-27 09:22:58,21046062.29853592,0.00000048,0.000000000041844528000000004,7694258,2019-05-27 09:22:58,btc,4.041328132419911,0.0,0.00000048,btc,3568333.5880783,0.97162451,0.5205621205249819,9
0,[],28,[],2019-05-27 09:23:00,0.0,0,0,7694259,2019-05-27 09:23:00,,0.0,0.0,0,,0.0,0.0,0.0,9
1,[],1,[],2019-02-17 23:31:42,1822507.21,0.00000181000000000000003456111265232042484285557293333113193511962890625,0.000000000066086901,6701244,2019-02-17 23:31:42,btc,3.6990969245,17153386.5,0.00000181000000000000003456111265232042484285557293333113193511962890625,btc,1997391.71,31.11772986,3.2610482446,9
1,[],4,[],2019-02-17 11:22:43,4341674.27126056,0.00000002,0.0000000000007272960000000001,6696112,2019-02-17 11:22:43,btc,0.1997230937751353,0.0,0.00000002,btc,4109766.79808031,0.00215132,0.0479381022052112,10
0,[],2,[],2019-01-20 23:23:08,0.0,0,0,6476890,2019-01-20 23:23:08,,0.0,0.0,0,,0.0,0.0,0.0,12
1,[],4,[],2019-05-27 09:23:01,7690175.23643163,0.00000047,0.000000000040972767,7694260,2019-05-27 09:23:01,btc,4.761825521606352,0.0,0.00000047,btc,4949607.74844782,1.4005953,1.3935664933002685,12
1,[],5,[],2019-05-27 09:23:02,0.0,0,0,7694261,2019-05-27 09:23:02,btc,0.0,0.35936217,0,btc,0.0,0.0,0.0,12
0.0,[],25,[],2019-05-27 09:23:04,0.0,0,0,7694262,2019-05-27 09:23:04,,0.0,0.0,0.0,btc,0.0,0.0,0.0,12
1,[],4,[],2019-05-27 09:23:05,341946.98212314,0.00000578,0.000000000503877858,7694263,2019-05-27 09:23:05,btc,1.9767021685719222,0.0,0.00000578,btc,245289.26303797,0.54592422,0.5545426978814615,13
1,[],10,[],2019-05-27 09:23:09,566898.56544956,0.0000057,0.0000000004969037700000001,7694264,2019-05-27 09:23:09,btc,666803.276905028,8492.75123259,0.0000057,btc,864322.75104785,0.0,0.2742764029860784,13
1,[],21,[],2019-05-27 09:23:10,1374893.18607832,0.000005810000000000000277070033583,0.000000000506493141,7694265,2019-05-27 09:23:10,btc,2.06561530889376,1127994.21042988,0.00000581000000000000027707003358301562911947257816791534423828125,btc,314242.3148074,6.85076477,5.605965433176238,13
1,[],4,[],2019-05-27 09:23:11,784054.27039892,0.00000080,0.00000000006974088,7694266,2019-05-27 09:23:11,btc,3.849381719715381,0.0,0.00000080,btc,849290.69510078,0.015276,0.0428611640752081,14
1,[],12,[],2019-05-27 09:23:11,134754.94995188,0.00000076,0.00000000006625383600000001,7694267,2019-05-27 09:23:11,btc,14.134857284636498,0.0,0.00000076,btc,21508.71741965,0.000322191372,0.0149863209570328,14
1,[],26,[],2019-05-27 09:25:12,0.0,0.00000050,0.000000000043588050000000007,7694268,2019-05-27 09:25:12,btc,0.0,0.0,0.00000050,btc,0.0,0.0,0.0,14
0,[],17,[],2019-05-03 00:53:32,0.0,0,0,7558876,2019-05-03 00:53:32,btc,0.0,0.0,0,btc,0.0,0.0,0.0,14
,[],12,[],2018-12-01 15:15:48,204241.84496,0.00000489,0.000000000202473384,5260204,2018-12-01 15:15:48,btc,49.5475654835,0.0,,btc,35763.2193806,0.0163153972027625,0.0203389899998,15
0,[],4,[],2019-05-27 09:25:12,0.0,0,0,7694269,2019-05-27 09:25:12,,0.0,0.0,0,,0.0,0.0,0.0,15
0,[],2,[],2019-01-20 23:23:38,0.0,0,0,6476906,2019-01-20 23:23:38,,0.0,0.0,0,,0.0,0.0,0.0,18
1,[],4,[],2019-05-27 09:25:15,34441.2184234,0.00001066,0.0000000009292972260000001,7694270,2019-05-27 09:25:15,btc,0.972987506316017,0.0,0.00001066,btc,11241.31910008,0.04531491,0.0772357374580051,18
1,[],10,[],2019-05-27 09:25:17,308489.11306853,0.00001135,0.000000000989448735,7694271,2019-05-27 09:25:17,btc,15.349945151727761,8518.59303179,0.00001135,btc,13950.78034279,0.0,0.0700597596287627,18
1,[],12,[],2019-05-27 09:25:17,6522.55927368,0.000010499999999999999418976055765018173815406044013798236846923828125,0.0000000009153490500000001,7694272,2019-05-27 09:25:17,btc,0.1130435355356843,0.0,0.000010499999999999999418976055765018173815406044013798236846923828125,btc,1155.70089134,0.003193834928,0.0080616783359481,18
0,[],17,[],2019-05-03 00:53:39,0.0,0,0,7558882,2019-05-03 00:53:39,btc,0.0,0.0,0,btc,0.0,0.0,0.0,18
0,[],2,[],2019-01-20 23:24:19,0.0,0,0,6476924,2019-01-20 23:24:19,,0.0,0.0,0,,0.0,0.0,0.0,19
1,[],3,[],2019-05-27 09:27:18,158206.16772550077,0.00000815999999999999980015118195009193868827424012124538421630859375,0.000000000711356976,7694273,2019-05-27 09:27:18,btc,0.1478836422390142,3754.77071591,0.00000815999999999999980015118195009193868827424012124538421630859375,btc,3998.3671295043778,0.0,0.0486150132436851,19
1,[],4,[],2019-05-27 09:27:20,621120.4386032,0.00000862,0.0000000007514579820000001,7694274,2019-05-27 09:27:20,btc,3.7573973409257895,0.0,0.00000862,btc,160082.00857235,0.59140537,0.8705279135280513,19
1,[],5,[],2019-05-27 09:27:22,0.0,0,0,7694275,2019-05-27 09:27:22,btc,0.0,0.0,0,btc,0.0,0.0,0.0,19
1,[],12,[],2019-05-27 09:27:24,15460.06320117,0.000007109999999999999688846986922730053493069135583937168121337890625,0.000000000619822071,7694276,2019-05-27 09:27:24,btc,0.057773319330824,0.0,0.000007109999999999999688846986922730053493069135583937168121337890625,btc,2080.17136297,0.00236618,0.028466189999716,19
0,[],27,[],2019-05-27 09:27:28,0.0,0,0,7694277,2019-05-27 09:27:28,,0.0,0.0,0,btc,0.0,0.0,0.0,19
1,[],4,[],2019-05-27 09:27:29,10228410.21811859,0.00000007,0.000000000006102327,7694278,2019-05-27 09:27:29,btc,6.430827295077759,0.0,0.00000007,btc,2333215.60836933,0.0,0.1274738176872813,20
1,[],4,[],2019-05-27 09:27:30,72781483.2473748,0.00000001,0.0000000000008717610000000001,7694279,2019-05-27 09:27:30,btc,1774.7844046158937,0.0,0.00000001,btc,66471138.91973631,0.0,0.7278148324737481,21
1,[],12,[],2019-05-27 09:27:32,2434860.0,0.00000001,0.0000000000008717610000000001,7694280,2019-05-27 09:27:32,btc,1008.0168623015485,0.0,0.00000001,btc,6038338.0769230705,0.00066666,0.0243486,21
0,[],17,[],2019-05-03 00:53:51,0.0,0,0,7558891,2019-05-03 00:53:51,btc,0.0,0.0,0,btc,0.0,0.0,0.0,21
1,[],12,[],2019-05-27 09:29:33,6166818345.0,0.0000000004,0.000000000000034870440000000003,7694281,2019-05-27 09:29:33,btc,708147254.1833223,0.0,0.0000000004,btc,2556013693.8101897,0.028761752482,1.2507413496,23
0.00000000030659780000000003,[],27,[],2019-05-27 09:29:38,101246759.92107894,9.197934e-18,8.018400141774001e-22,7694282,2019-05-27 09:29:38,eth,1170.9402976408,1641078551.4415588,0.00000003,eth,7930383.208,1.5094532203979613e-08,5.313421237797013e-10,23
1,[],4,[],2019-05-27 09:29:39,1840289.0255225,0.00000021,0.000000000018306981,7694283,2019-05-27 09:29:39,btc,13.479707648527055,0.0,0.00000021,btc,2113288.49252825,0.01147966,0.0629879520920127,24
1,[],22,[],2019-05-27 09:29:43,21.76,0.00000100,0.00000000008717610000000001,7694284,2019-05-27 09:29:43,BTC,7.415e-05,0.0,0.00000100,BTC,23.919354838709676,0.0,1.186e-05,24
0.0,[],25,[],2019-05-27 09:29:44,0.0,0,0,7694285,2019-05-27 09:29:44,,0.0,0.0,0.0,btc,0.0,0.0,0.0,24
0,[],2,[],2019-01-20 23:25:56,0.0,0,0,6476976,2019-01-20 23:25:56,,0.0,0.0,0,,0.0,0.0,0.0,26
1,[],4,[],2019-05-27 09:29:45,331467.36807995,0.00000419,0.000000000365267859,7694286,2019-05-27 09:29:45,btc,10.19490998853103,0.0,0.00000419,btc,261242.91375345,0.15591479,0.2791843749718436,26
1,[],10,[],2019-05-27 09:29:48,159417.44893447,0.00000402,0.000000000350447922,7694287,2019-05-27 09:29:48,btc,25.508960136749486,5098.78985258,0.00000402,btc,22959.07349936,0.0,0.029794126394687,26
1,[],5,[],2019-04-26 09:47:06,0.0,0,0,7465326,2019-04-26 09:47:06,btc,0.0,0.0,0,btc,0.0,0.0,0.0,27
1,[],3,[],2019-05-27 09:29:49,10800453.60144003,0.00000001,0.0000000000008717610000000001,7694288,2019-05-27 09:29:49,btc,3.5918286910274504,5156255.03413,0.00000001,btc,26896489.61147607,0.0,0.1080045360144003,27
1,[],11,[],2019-05-27 09:29:50,1069867.58157834,0.00000001,0.0000000000008717610000000001,7694289,2019-05-27 09:29:50,btc,67503.03909773499,19676.5543251,0.00000001,btc,6639861.32608848,0.0,0.0106986758157834,27
1,[],4,[],2019-05-27 09:29:52,1182337860.0669014,0.00000001,0.0000000000008717610000000001,7694290,2019-05-27 09:29:52,btc,4.861848177196893,0.0,0.00000001,"btc,ltc",297890374.03915614,0.02322161,8.127520706590643,29
1,[],7,[],2019-05-27 09:29:54,86565332.30740812,0.00000001,0.0000000000008717610000000001,7694291,2019-05-27 09:29:54,btc,46548272.111264184,2247.75224775,0.00000001,btc,35027684.50498739,4.496e-05,0.8656533230740813,29
0,[],17,[],2019-05-03 01:11:25,0.0,0,0,7559066,2019-05-03 01:11:25,btc,0.0,0.0,0,btc,0.0,0.0,0.0,30
1,[],4,[],2019-05-27 09:29:56,15165592.27217546,0.00000006,0.0000000000052305660000000005,7694292,2019-05-27 09:29:56,btc,2.6742592265630787,0.0,0.00000006,btc,2116030.49425126,0.00363937,0.1660759159941774,30
1,[],4,[],2019-05-27 09:32:00,316465.49605651,0.00004610,0.00000000401881821,7694293,2019-05-27 09:32:00,btc,3.190474125374075,0.0,0.00004610,btc,39976.4148435,1.38462008,0.7842842228225042,31
1,[],21,[],2019-05-27 09:32:01,208063.97985463002,0.00004605000000000000125134277940,0.000000004014459405,7694294,2019-05-27 09:32:01,btc,5.193660439124921,627987.23894984,0.0000460500000000000012513427793958697975540417246520519256591796875,btc,99806.72072897,25.90107855,6.333208969117928,31
0,[],2,[],2019-01-20 23:28:43,0.0,0,0,6477009,2019-01-20 23:28:43,,0.0,0.0,0,,0.0,0.0,0.0,32
1,[],12,[],2019-03-30 07:55:10,40641173.964,0.00000003,0.000000000001228359,7108785,2019-03-30 07:55:10,btc,4233210.82356125,0.0,0.00000003,btc,28378394.68333462,0.0126927883965248,0.90752895892,33
0,[],4,[],2019-05-27 09:32:02,0.0,0,0,7694295,2019-05-27 09:32:02,,0.0,0.0,0,,0.0,0.0,0.0,33
0.0000000001306038,[],4,[],2019-05-27 09:32:04,502130821.5845238,9.142266e-18,7.969870950426001e-22,7694296,2019-05-27 09:32:04,ltc,3.498506352815526,0.0,0.00000007,ltc,155843966.89423943,0.0,1.8418716128000737e-09,34
1,[],5,[],2019-05-27 09:32:05,0.0,0,0,7694297,2019-05-27 09:32:05,btc,0.0,5.256e-05,0,btc,0.0,0.0,0.0,34
0.0000000001304055,[],4,[],2019-05-27 08:59:27,46810195.093,1.304055e-18,1.13535722898e-22,7694136,2019-05-27 08:59:27,ltc,4.7439874772772907e-08,0.0,0.00000001,ltc,6852100111.610488,0.0,6.104306896200211e-11,36
1,[],5,[],2019-05-27 08:59:29,0.0,0,0,7694137,2019-05-27 08:59:29,btc,0.0,6.38e-06,0,btc,0.0,0.0,0.0,36
0.00000000030670739999999997,[],27,[],2019-05-27 09:01:36,68641264.0,9.201222e-18,8.010915117192001e-22,7694138,2019-05-27 09:01:36,eth,1670.41955568,4878901063.004001,0.00000003,"ltc,eth",4735977.0,2.9774752444116865e-08,4.26566983431744e-10,36
0.0000000002926451,[],17,[],2019-05-02 18:17:47,200000.0,2.9264510000000002e-18,1.596703856561e-22,7556430,2019-05-02 18:17:47,eth,0.20942468735267253,0.0,0.00000001,"btc,eth",1018272.20243647,0.0,5.852902e-13,36
1,[],17,[],2019-05-03 01:11:36,211752.74075282,0.00000025,0.000000000013700074999999998,7559074,2019-05-03 01:11:36,btc,0.055484923955058496,0.0,0.00000025,"btc,eth",1387.19918473,0.0,0.0005381851887916605,37
1,[],4,[],2019-05-27 09:32:07,10009560.80033799,0.00000018,0.000000000015691698,7694298,2019-05-27 09:32:07,btc,19772.582213659523,0.0,0.00000018,btc,785340.86244527,0.00107418,0.1425970957863112,37
1,[],12,[],2019-05-27 09:32:08,4208816.33528572,0.00000019,0.000000000016563459000000002,7694299,2019-05-27 09:32:08,btc,8.128996486719943,0.0,0.00000019,btc,829088.37695636,0.079050234905,0.1845793704442866,37
1,[],27,[],2019-05-27 09:34:20,1600.0,0.00000015,0.000000000013076415000000002,7694300,2019-05-27 09:34:20,btc,24.11463822903233,0.0,0.00000015,btc,5792.59438508,0.0,3e-05,37
1,[],5,[],2019-05-27 09:34:21,0.0,0,0,7694301,2019-05-27 09:34:21,btc,0.0,0.00455829,0,btc,0.0,0.0,0.0,42
1,[],12,[],2019-05-27 09:34:23,141033.53076563,0.000001120000000000000076372827333137660588135986472479999065399169921875,0.00000000009763723200000002,7694302,2019-05-27 09:34:23,btc,24.495624619577853,0.0,0.000001120000000000000076372827333137660588135986472479999065399169921875,btc,53570.23840597,0.011350741495,0.0514508399999586,42
1,[],27,[],2019-05-27 09:34:29,506.0,0.00000002,0.0000000000017435220000000002,7694303,2019-05-27 09:34:29,btc,0.39085425,0.0,0.00000002,"btc,eth",735.0,0.0,6.0000003221116485e-06,42
1,[],12,[],2019-03-13 09:13:29,1112112.0,0.00000001,0.000000000000386531,6919902,2019-03-13 09:13:29,btc,29058.00478931866,0.0,0.00000001,btc,5967681.93306694,9.99000999e-07,0.01112112,43
1,[],5,[],2019-04-26 22:38:52,0.0,0,0,7474154,2019-04-26 22:38:52,btc,0.0,0.02638891,0,btc,0.0,0.0,0.0,43
0,[],17,[],2019-04-26 22:38:53,0.0,0,0,7474155,2019-04-26 22:38:53,btc,0.0,0.0,0,btc,0.0,0.0,0.0,43
1,[],12,[],2019-03-05 01:54:08,639326.02,0.00000004,0.000000000001486676,6845775,2019-03-05 01:54:08,btc,11116042.728239931,0.0,0.00000004,btc,1103841.4595604,0.0003330765234764,0.014975410599999999,44
1,[],4,[],2019-05-27 09:34:32,115094544.4371562,0.00000001,0.0000000000008717610000000001,7694304,2019-05-27 09:34:32,btc,291324.2229575368,0.0,0.00000001,"btc,ltc",27145055.23262538,0.00246197,0.09009918641214722,49
0.0000000001306038,[],4,[],2019-05-27 09:34:34,130580132.6709344,3.1344912e-17,2.7325271830032003e-21,7694305,2019-05-27 09:34:34,ltc,22050.152072995243,0.0,0.00000024,ltc,157404572.07505667,0.00010884,4.846639520864751e-10,52
0,[],22,[],2019-05-27 09:34:37,0.0,0,0,7694306,2019-05-27 09:34:37,,10289.55991011,0.0,0,,308568058.4566013,0.0,0.0,57
0,[],27,[],2019-05-27 09:34:45,0.0,0,0,7694307,2019-05-27 09:34:45,,0.0,0.0,0,"btc,eth",0.0,0.0,0.0,57
1,[],17,[],2019-05-03 01:12:09,1200000.0,0.0000000001,0.00000000000000548003,7559085,2019-05-03 01:12:09,btc,1e+24,0.0,0.0000000001,"btc,eth",39516342.31952568,0.0,0.00010000000058666061,58
0.0000000001306038,[],4,[],2019-05-27 09:34:46,2721265703.046031,1.306038e-18,1.1385529929180002e-22,7694308,2019-05-27 09:34:46,ltc,19.263871441141433,0.0,0.00000001,ltc,5768380386.228598,0.0,3.554076416274832e-09,58
1,[],12,[],2019-05-27 09:34:47,775647440.0,0.0000000001,0.000000000000008717610000000001,7694309,2019-05-27 09:34:47,btc,2038065.137557464,0.0,0.0000000001,btc,2389315035.6273727,0.000639483874,0.077564744,58
0.00000000010813980000000001,[],22,[],2019-05-27 09:36:50,126877.0,1.081398e-18,9.427206018780002e-23,7694310,2019-05-27 09:36:50,XMR,68.17454206,0.0,0.00000001,XMR,9626402.6,0.0,0.00126877,58
1,[],5,[],2019-05-27 09:36:51,0.0,0,0,7694311,2019-05-27 09:36:51,btc,0.0,0.01987476,0,btc,0.0,0.0,0.0,61
1,[],22,[],2019-05-27 09:36:54,13613.833333333334,0.00000012,0.000000000010461132000000001,7694312,2019-05-27 09:36:54,BTC,1002.29590883,0.0,0.00000012,BTC,15092.180177125656,0.0,0.00153269,61
1,[],26,[],2019-05-27 09:36:55,0.0,0.00000050,0.000000000043588050000000007,7694313,2019-05-27 09:36:55,btc,0.0,0.0,0.00000050,btc,0.0,0.0,0.0,61
1,[],27,[],2019-05-27 09:37:02,13712.0,0.0000002,0.00000000001743522,7694314,2019-05-27 09:37:02,btc,1.9582485601246655,747.001,0.0000002,"btc,eth",11379.41563696,0.00717121,0.00252178,61
0,[],28,[],2019-05-27 09:37:55,0.0,0,0,7694315,2019-05-27 09:37:55,,0.0,786.0,0,,0.0,0.0,0.0,61
1,[],4,[],2019-05-27 09:37:56,1071399.16833099,0.00000080,0.00000000006974088,7694316,2019-05-27 09:37:56,btc,2.6337910513076217,0.0,0.00000080,btc,877570.42683349,0.03868885,0.635128776728012,67
0.0,[],25,[],2019-05-27 09:37:57,0.0,0,0,7694317,2019-05-27 09:37:57,,0.0,0.0,0.0,btc,0.0,0.0,0.0,67
1,[],12,[],2019-05-27 09:37:58,806136.0,0.00000006,0.000000000005230566,7694318,2019-05-27 09:37:58,btc,5.170055824485513,0.0,0.00000006,btc,767840.17582416,5.898e-05,0.01733805,71
,[],5,[],2018-11-20 23:02:39,1.5e-07,0.00000005,0.000000000002128045,4862160,2018-11-20 23:02:39,btc,2.84511358,0.0,,btc,0.00036572,0.0,0.07381892,74
1,[],5,[],2019-05-27 09:37:59,0.0,0,0,7694319,2019-05-27 09:37:59,btc,0.0,0.06560646,0,btc,0.0,0.0,0.0,75
0,[],4,[],2019-05-25 21:33:44,0.0,0,0,7686249,2019-05-25 21:33:44,,133656.37989170782,0.0,0,,33439209.5909442,0.0,0.0,81
0,[],20,[],2019-01-25 09:30:31,0.0,0,0,6495923,2019-01-25 09:30:31,btc,0.0,0.0,0,btc,0.0,0.0,0.0,81
1,[],4,[],2019-05-27 09:38:00,25031.190994,0.00006387,0.000000005567937507000001,7694320,2019-05-27 09:38:00,btc,18.284933000148207,0.0,0.00006387,btc,22199.36938392,0.21477176,0.1582106237701577,82
1,[],21,[],2019-05-27 09:38:01,75246.0883883,0.00007436999999999999437939185443,0.000000006483286557,7694321,2019-05-27 09:38:01,btc,2.53828158294792,41802.94603752,0.000074369999999999994379391854426586405679699964821338653564453125,btc,29440.4314436,2.98286216,2.6316640652459484,82
0,[],17,[],2019-03-25 22:42:34,0.0,0,0,7038780,2019-03-25 22:42:34,btc,0.0445064681804024,0.0,0,btc,995513.18476001,0.0,0.0,84
0.0000000001161485,[],4,[],2019-05-20 13:09:39,216715621.0206096,1.161485e-18,9.0533806701e-23,7657228,2019-05-20 13:09:39,ltc,1.6511566870244727,0.0,0.00000001,ltc,471032407.9048656,0.0,2.5171194308112273e-10,85
,[],22,[],2018-11-20 23:09:34,3408.1,0.0000001,0.0000000000041895,4862324,2018-11-20 23:09:34,BTC,0.04624735,0.0,,BTC,4990.0,0.0,0.00033081,86
1,[],22,[],2019-05-27 09:38:04,65156.0,0.00000001,0.0000000000008717610000000001,7694322,2019-05-27 09:38:04,BTC,1.45608405,0.0,0.00000001,BTC,314587.29736842104,0.0,0.00065156,87
0,[],27,[],2019-05-27 09:38:11,0.0,0,0,7694323,2019-05-27 09:38:11,,4.962566382816,0.0,0,btc,66120.49241,0.0,0.0,87
,[],2,[],2018-11-20 23:10:47,0.0,0,0,4862359,2018-11-20 23:10:47,,0.0,0.0,,,0.0,0.0,0.0,88
1,[],11,[],2019-05-27 09:38:13,63236.34192775,0.00008307000000000000256190901826158778931130655109882354736328125,0.000000007241718627000001,7694324,2019-05-27 09:38:13,btc,184.3666333902241,4926.08172604,0.00008307000000000000256190901826158778931130655109882354736328125,btc,225649.49343184,0.0,3.2028194954229585,89
0,[],2,[],2019-01-20 23:31:45,0.0,0,0,6477083,2019-01-20 23:31:45,,0.0,0.0,0,,0.0,0.0,0.0,91
0,[],17,[],2019-05-03 01:12:26,0.0,0,0,7559096,2019-05-03 01:12:26,btc,0.0,0.0,0,btc,0.0,0.0,0.0,91
1,[],12,[],2019-05-27 09:38:14,200379.88526831,0.00000038,0.000000000033126918000000004,7694325,2019-05-27 09:38:14,btc,87.64722681613833,0.0,0.00000038,btc,114188.80555554,0.006921365237,0.0109491119999903,91
1,[],22,[],2019-05-27 09:40:17,75910.55,0.0000002,0.00000000001743522,7694326,2019-05-27 09:40:17,BTC,0.495,0.0,0.0000002,"BTC,LTC",4.95,0.0,0.00165931,91
1,[],22,[],2019-04-09 20:17:52,374949.73333333334,0.00000015,0.000000000007771935,7235704,2019-04-09 20:17:52,BTC,6.87372503,0.0,0.00000015,"BTC,LTC",159980.01196797504,1.1e-05,0.80510266,95
0,[],12,[],2019-05-27 09:08:51,0.0,0,0,7694169,2019-05-27 09:08:51,btc,10.433545760379621,0.0,0,btc,7434340.03796204,3.0969e-07,0.0,96
0,[],17,[],2019-05-03 01:12:32,0.0,0,0,7559100,2019-05-03 01:12:32,btc,0.0,0.0,0,btc,0.0,0.0,0.0,96
0.0000000001306038,[],4,[],2019-05-27 09:40:20,541072615.3140295,3.7875102e-17,3.3018036794622005e-21,7694327,2019-05-27 09:40:20,ltc,11.604971293848465,0.0,0.00000029,ltc,174185783.1665344,0.0,8.583173326777495e-10,96
1,[],4,[],2019-04-14 03:32:46,1039404.33283278,0.00000038,0.000000000019245518,7293458,2019-04-14 03:32:46,btc,4.170086055365747,0.0,0.00000038,btc,3097704.34561074,0.06260606,0.1859928211030784,99
1,[],4,[],2019-05-27 09:10:52,218825.48890929,0.00001851,0.0000000016115472360000002,7694170,2019-05-27 09:10:52,btc,7.150201396888919,0.0,0.00001851,btc,142910.67841324,0.76507159,0.3190990587171086,100
0,[],2,[],2019-01-20 23:23:55,0.0,0,0,6476914,2019-01-20 23:23:55,,0.0,0.0,0,,0.0,0.0,0.0,100
1,[],22,[],2019-05-27 09:10:55,150000.0,0.00000002,0.000000000001741272,7694171,2019-05-27 09:10:55,BTC,24.83526409,0.0,0.00000002,BTC,11187.719,0.0,0.0017,101
1,[],4,[],2019-05-27 09:10:57,555847.69205445,0.00000161,0.000000000140172396,7694172,2019-05-27 09:10:57,btc,362.74526962804697,0.0,0.00000161,btc,633085.90582754,0.03517985,0.2005610574117783,103
1,[],12,[],2019-05-27 09:10:59,138684876.04047254,0.000000004,0.00000000000034825440000000007,7694173,2019-05-27 09:10:59,btc,2374.4102128632585,0.0,0.000000004,btc,56572736.64561437,0.001860332631,0.1652978351618902,105
0,[],27,[],2019-05-27 09:11:06,0.0,0,0,7694174,2019-05-27 09:11:06,,0.2583801973531397,300.0,0,btc,612120.85947933,3e-06,0.0,105
1,[],22,[],2019-04-21 00:17:26,21333.0,0.00000001,0.000000000000532493,7385819,2019-04-21 00:17:26,BTC,51.38182867,0.0,0.00000001,BTC,470435.0,0.0,0.00021333,107
1,[],26,[],2019-04-21 00:17:26,0.0,0.00000000,0,7385820,2019-04-21 00:17:26,btc,0.0,0.0,0.00000000,btc,0.0,0.0,0.0,107
1,[],5,[],2019-05-27 09:11:07,0.0,0,0,7694175,2019-05-27 09:11:07,btc,0.0,0.0001,0,btc,0.0,0.0,0.0,112
0,[],22,[],2019-05-27 09:11:10,0.0,0,0,7694176,2019-05-27 09:11:10,,2.79635781,0.0,0,,3274992.0833333335,0.0,0.0,112
1,[],27,[],2019-05-27 09:11:18,1.0,0.00000001,0.000000000000870636,7694177,2019-05-27 09:11:18,btc,1.15032588,0.0,0.00000001,"btc,eth",1818.0,0.0,1e-08,112
1,[],4,[],2019-05-27 09:11:19,180879.55561795,0.00000089,0.00000000007748660400000001,7694178,2019-05-27 09:11:19,btc,5.0178095407634995,0.0,0.00000089,btc,574778.09988358,0.07153364,0.0981155958743621,113
1,[],5,[],2019-05-27 09:11:21,0.0,0,0,7694179,2019-05-27 09:11:21,btc,0.0,0.0,0,btc,0.0,0.0,0.0,113
1,[],17,[],2019-04-26 02:17:47,162738.278,0.00000004,0.0000000000021069000000000002,7461287,2019-04-26 02:17:47,btc,1.3331140273775473,0.0,0.00000004,btc,51796.221,0.0,0.00230953112,116
1,[],27,[],2019-05-22 05:13:01,210000.0,0.00000001,0.00000000000079145,7666372,2019-05-22 05:13:01,btc,3919.0005001478,0.0,0.00000001,btc,128660.871,0.0,0.0021,116
1,[],4,[],2019-05-21 22:31:11,138169.03963019,0.00000701,0.000000000558364025,7664793,2019-05-21 22:31:11,btc,150.95388250938234,0.0,0.00000701,btc,344631.17141974,0.07552974,0.4288357684941946,120
1,[],7,[],2019-05-21 22:31:12,3901.07750076,0.000010679999999999999389654892212320191902108490467071533203125,0.0000000008506887,7664794,2019-05-21 22:31:12,btc,231188.94669936574,0.0,0.000010679999999999999389654892212320191902108490467071533203125,btc,4133.83151364,0.0,0.0113888422364489,120
1,[],20,[],2019-04-07 18:42:29,1914137.0852,0.000000035,0.0000000000017871910000000002,7211992,2019-04-07 18:42:29,btc,32.2497668025648,25528.85,0.000000035,btc,1001975.4986,0.00089350975,0.0152723574729,125
1,[],22,[],2019-05-27 09:11:27,10000.0,0.00000001,0.000000000000870636,7694180,2019-05-27 09:11:27,BTC,0.032061,0.0,0.00000001,BTC,299316.7611111111,0.0,0.0001,126
1,[],4,[],2019-05-27 09:11:28,183626.93251011,0.00000600,0.0000000005223816,7694181,2019-05-27 09:11:28,btc,3.516007572606647,0.0,0.00000600,btc,172849.96548625,0.18691156,0.4967399087879872,131
0,[],2,[],2019-01-20 23:25:46,0.0,0,0,6476969,2019-01-20 23:25:46,,0.0,0.0,0,,0.0,0.0,0.0,131
1,[],17,[],2019-05-03 01:13:10,10000.0,0.00000001,0.000000000000548003,7559115,2019-05-03 01:13:10,btc,0.0953976503951408,0.0,0.00000001,btc,5037.62507334,0.0,0.0001,131
1,[],4,[],2019-05-27 09:13:29,4724.23208406,0.00007919,0.000000006894566484000001,7694182,2019-05-27 09:13:29,btc,5.045464576942064,0.0,0.00007919,btc,247.17378338,0.0,0.0067632248092456,135
1,[],3,[],2019-05-27 09:13:30,433141.0025,0.00000001,0.0000000000008706360000000001,7694183,2019-05-27 09:13:30,btc,0.2186883925269629,1001168.8208,0.00000001,btc,1859371.474937,0.0,0.004331410025,136
1,[],4,[],2019-05-27 09:13:31,2399999.15886892,0.00000199,0.000000000173256564,7694184,2019-05-27 09:13:31,btc,107.3083398131058,0.0,0.00000199,btc,476881.4793434,0.03077436,0.6853067453299794,137
1,[],12,[],2019-05-27 09:13:32,77424.3199116,0.00000213999999999999983963348826332406815708964131772518157958984375,0.000000000186316104,7694185,2019-05-27 09:13:32,btc,57.77746856195783,0.0,0.00000213999999999999983963348826332406815708964131772518157958984375,btc,48260.81344692,0.002439903846,0.0188819199999084,137
1,[],4,[],2019-05-27 09:13:33,106851.08298745,0.00001551,0.0000000013503564360000002,7694186,2019-05-27 09:13:33,btc,9.42742534413724,0.0,0.00001551,btc,138088.31622912,0.9920902,1.1095528350231918,142
1,[],5,[],2019-05-27 09:13:35,0.0,0,0,7694187,2019-05-27 09:13:35,btc,0.0,0.01935765,0,btc,0.0,0.0,0.0,142
1,[],20,[],2019-05-27 09:15:37,209175.6359,0.00001425,0.0000000012406563000000002,7694188,2019-05-27 09:15:37,btc,1.6068837958624,4.98,0.00001425,btc,9788.8796,7.47e-05,0.0230593781861,142
1,[],22,[],2019-05-27 09:15:40,11028.645,0.00001000,0.0000000008706360000000001,7694189,2019-05-27 09:15:40,BTC,3.2754788,0.0,0.00001000,BTC,1133.9993657797618,0.0,0.00745365,142
0.0,[],25,[],2019-05-27 09:15:41,0.0,0,0,7694190,2019-05-27 09:15:41,,0.0,0.0,0.0,btc,0.0,0.0,0.0,142
0,[],28,[],2019-05-27 09:15:42,0.0,0,0,7694191,2019-05-27 09:15:42,,0.0,0.0,0,,0.0,0.0,0.0,142
1,[],17,[],2019-05-03 01:13:16,32967.38636364,0.00000088,0.000000000048224264,7559122,2019-05-03 01:13:16,btc,20.06976206696776,0.0,0.00000088,btc,2746.079105,0.0,0.0105613000000032,142
0,[],22,[],2019-05-27 09:15:45,0.0,0,0,7694192,2019-05-27 09:15:45,,65.51518676,0.0,0,,839924755.3,0.0,0.0,143
0,[],22,[],2019-02-25 15:42:22,0.0,0,0,6783783,2019-02-25 15:42:22,,4.2131946,0.0,0,,2322156.0,0.0,0.0,146
,[],22,[],2018-11-20 23:01:11,0.0,0,0,4862114,2018-11-20 23:01:11,,2.56807021,0.0,,,61828.4988236,0.0,0.0,147
1,[],12,[],2019-04-21 06:38:04,193091.5971266,0.00000071,0.000000000037635183,7388679,2019-04-21 06:38:04,btc,2.301232411611175,0.0,0.00000071,btc,9957.48302385,0.00023528,0.0313308199999888,148
1,[],4,[],2019-03-19 21:31:25,255810.0415942,0.00000029,0.000000000011615747,6982695,2019-03-19 21:31:25,btc,218.94922712414143,0.0,0.00000029,btc,793529.37642722,0.00117,0.0608347789473395,152
0,[],22,[],2019-03-19 21:31:27,0.0,0,0,6982696,2019-03-19 21:31:27,,0.0,0.0,0,,0.0,0.0,0.0,152
1,[],5,[],2019-04-26 09:36:59,0.0,0,0,7465040,2019-04-26 09:36:59,btc,0.0,0.0,0,btc,0.0,0.0,0.0,153
,[],16,[],2019-01-11 15:38:59,0.0,0,0,6366141,2019-01-11 15:38:59,btc,0.0,0.0,,btc,0.0,0.0,0.0,155
0,[],22,[],2019-05-27 09:15:49,0.0,0,0,7694193,2019-05-27 09:15:49,,7.44455324,0.0,0,,5955762.942592593,0.0,0.0,156
0,[],23,[],2019-01-20 23:24:29,0.0,0,0,6476932,2019-01-20 23:24:29,,0.0,0.0,0,,0.0,0.0,0.0,156
1,[],22,[],2019-05-27 09:15:53,7066.0,0.00000800,0.0000000006965088,7694194,2019-05-27 09:15:53,BTC,1.79802465,0.0,0.00000800,BTC,802.6461988741639,0.0,0.00062996,157
0,[],22,[],2019-05-21 23:40:32,0.0,0,0,7665049,2019-05-21 23:40:32,,50234.60468402,0.0,0,,54786159.03179465,0.0,0.0,158
,[],17,[],2018-11-20 22:56:10,0.0,0,0,4861976,2018-11-20 22:56:10,btc,1.1265625,0.0,,btc,1000.0,0.0,0.0,159
,[],20,[],2018-11-20 22:56:12,0.0,0,0,4861977,2018-11-20 22:56:12,btc,11912.7940471,0.0,,btc,34413894.3617,0.0,0.0,159
1,[],12,[],2019-05-24 02:51:20,9178.522006449999,0.00000191999999999999982841307998027158276954651228152215480804443359375,0.000000000151222656,7676256,2019-05-24 02:51:20,btc,149.80414728631675,0.0,0.00000191999999999999982841307998027158276954651228152215480804443359375,btc,1115.7451448499999,0.01783167678326,0.0120075778999181,168
1,[],17,[],2019-05-03 01:13:36,42852.0,0.00000002,0.000000000001096006,7559132,2019-05-03 01:13:36,btc,0.04279856251542,0.0,0.00000002,btc,274.46171372,0.0,0.00052852,168
1,[],22,[],2019-05-17 03:01:52,10.0,0.00000001,0.000000000000778341,7642059,2019-05-17 03:01:52,BTC,41.95893009,0.0,0.00000001,BTC,1753972.7737547632,0.0,1e-07,169
1,[],22,[],2019-05-27 09:15:57,203664.0,0.00000002,0.000000000001741272,7694195,2019-05-27 09:15:57,BTC,27.86391449,0.0,0.00000002,BTC,461410.9785507793,0.0,0.00213428,171
1,[],22,[],2019-05-27 09:16:02,493923.0,0.00000002,0.000000000001741272,7694196,2019-05-27 09:16:02,BTC,24.41124799,0.0,0.00000002,"BTC,LTC",1165344.8364505093,1.894e-05,0.00546576,173
1,[],5,[],2019-05-27 09:16:05,0.0,0,0,7694197,2019-05-27 09:16:05,btc,0.0,0.01364524,0,btc,0.0,0.0,0.0,175
1,[],22,[],2019-05-27 09:16:10,90671.0,0.00000001,0.000000000000870636,7694198,2019-05-27 09:16:10,BTC,394.35459412,0.0,0.00000001,BTC,136275.61833431243,0.0,0.00090671,176
1,[],7,[],2019-05-27 09:16:11,0.0,0,0,7694199,2019-05-27 09:16:11,btc,522274.26989051927,260553.446553,0,btc,28207405.909312557,0.00260553,0.0,178
0,[],22,[],2019-05-27 09:16:14,0.0,0,0,7694200,2019-05-27 09:16:14,,1.00242428,0.0,0,,57512.0,0.0,0.0,178
0,[],2,[],2019-01-20 23:28:34,0.0,0,0,6477001,2019-01-20 23:28:34,,0.0,0.0,0,,0.0,0.0,0.0,178
1,[],5,[],2019-05-27 09:16:16,0.0,0,0,7694201,2019-05-27 09:16:16,btc,0.0,0.03691718,0,btc,0.0,0.0,0.0,179
0,[],22,[],2019-05-27 09:16:18,0.0,0,0,7694202,2019-05-27 09:16:18,,5.31437491,0.0,0,,13411089.311946675,0.0,0.0,179
0,[],23,[],2019-01-20 23:25:08,0.0,0,0,6476952,2019-01-20 23:25:08,,0.0,0.0,0,,0.0,0.0,0.0,179
1,[],22,[],2019-05-27 09:20:19,663207.0606446359,0.00000101,0.000000000087934236,7694203,2019-05-27 09:20:19,BTC,39.29320559,0.0,0.00000101,BTC,154126.6732478466,0.00830791,0.56166219,180
1,[],26,[],2019-05-27 09:20:19,0.0,0.00000010,0.00000000000870636,7694204,2019-05-27 09:20:19,btc,0.0,0.0,0.00000010,btc,0.0,0.0,0.0,180
1,[],17,[],2019-05-03 01:13:56,20504.725000000002,0.0000001,0.00000000000548003,7559141,2019-05-03 01:13:56,btc,5.2010695838400265,0.0,0.0000001,btc,5033.45945,0.0,0.0011504725,180
,[],7,[],2018-11-20 22:58:01,562227.975654,0.00000085,0.000000000036176765,4862015,2018-11-20 22:58:01,btc,21836.6059674,2491.87645172,,btc,749999.041456,0.00211021,0.127565380455,183
,[],5,[],2019-01-10 08:11:41,0.0,0,0,6347036,2019-01-10 08:11:41,btc,82.15055501,0.00261,,btc,1.19002445,0.0,0.0,187
,[],17,[],2018-11-16 20:58:10,4062536.27273,0.00000001,0.000000000000550501,4708775,2018-11-16 20:58:10,btc,3.36492563466,0.195460381006,,"btc,eth",110697919.549,0.0,0.0157628953496,187
1,[],24,[],2019-05-22 21:04:52,0.0,0.000000000014,0.0000000000000010960978,7670219,2019-05-22 21:04:52,btc,0.0,0.0,0.000000000014,btc,0.0,0.0,0.0,187
0,[],22,[],2019-04-25 02:54:07,0.0,0,0,7447896,2019-04-25 02:54:07,,7.54794454,0.0,0,,76361.7243344055,0.0,0.0,191
0,[],22,[],2019-05-27 09:20:25,0.0,0,0,7694205,2019-05-27 09:20:25,,0.0,0.0,0,,0.0,0.0,0.0,197
0,[],23,[],2019-01-20 23:31:41,0.0,0,0,6477079,2019-01-20 23:31:41,,0.0,0.0,0,,0.0,0.0,0.0,199
0,[],22,[],2019-05-27 09:20:28,0.0,0,0,7694206,2019-05-27 09:20:28,,10.5548544,0.0,0,,99290037.0,0.0,0.0,199
1,[],26,[],2019-05-27 09:20:28,0.0,0.00000000,0,7694207,2019-05-27 09:20:28,btc,0.0,0.0,0.00000000,btc,0.0,0.0,0.0,199
0,[],2,[],2019-01-20 23:30:49,0.0,0,0,6477059,2019-01-20 23:30:49,,0.0,0.0,0,,0.0,0.0,0.0,201
1,[],4,[],2019-01-25 15:51:35,2084389.58565343,0.00000936,0.000000000333526752,6499557,2019-01-25 15:51:35,btc,2.0092503037378524,0.0,0.00000936,btc,160195.80207885,0.19272417,1.242687955921835,211
1,[],7,[],2019-05-27 09:20:31,21813094.92938916,0.00000036,0.000000000031342896,7694208,2019-05-27 09:20:31,btc,15200498.606012253,955302.427072,0.00000036,btc,9784522.26781006,0.37920925,1.4651727566312212,212
1,[],12,[],2019-01-25 02:44:32,207462.42853209,0.000001080000000000000035831255497387193287295303889550268650054931640625,0.000000000038610756000000006,6493050,2019-01-25 02:44:32,btc,85023.03793723314,0.0,0.000001080000000000000035831255497387193287295303889550268650054931640625,btc,43675.73520027,0.000146250909087,0.0348620860622024,213
1,[],5,[],2019-05-27 09:20:33,0.0,0,0,7694209,2019-05-27 09:20:33,btc,0.0,0.088998,0,btc,0.0,0.0,0.0,213
1,[],24,[],2019-05-27 09:20:33,0.0,0.000000090000,0.000000000007835724,7694210,2019-05-27 09:20:33,btc,0.0,0.0,0.000000090000,btc,0.0,0.0,0.0,213
1,[],26,[],2019-05-27 09:20:33,0.0,0.00000040,0.00000000003482544,7694211,2019-05-27 09:20:33,btc,0.0,0.0,0.00000040,btc,0.0,0.0,0.0,213
0,[],22,[],2019-05-27 09:20:36,0.0,0,0,7694212,2019-05-27 09:20:36,,9.61445386,0.0,0,,3661587.094064925,0.0,0.0,216
0,[],27,[],2019-05-27 09:20:44,0.0,0,0,7694213,2019-05-27 09:20:44,,70.1244104180052,0.0,0,"btc,ltc",398750.40768,0.0,0.0,216
1,[],22,[],2019-05-27 09:20:49,516671.0,0.00000021,0.000000000018283356000000002,7694214,2019-05-27 09:20:49,BTC,12054.78582343,0.0,0.00000021,BTC,481693.71642271616,9.232e-05,0.01923425,217
1,[],7,[],2019-05-27 09:20:50,0.0,0,0,7694215,2019-05-27 09:20:50,btc,1234863.9973694147,0.0,0,btc,163302363.92083928,0.0,0.0,219
0,[],27,[],2019-05-27 09:20:57,0.0,0,0,7694216,2019-05-27 09:20:57,,0.103066823472,0.0,0,btc,2818319.8967,0.0,0.0,219
0,[],28,[],2019-05-27 09:20:59,0.0,0,0,7694217,2019-05-27 09:20:59,,0.0,37451.0,0,,0.0,0.0,0.0,219
1,[],22,[],2019-05-23 16:41:05,172069.0,0.00000004,0.0000000000031167080000000004,7674065,2019-05-23 16:41:05,BTC,56.76466137,0.0,0.00000004,BTC,127061.6482738741,0.0,0.00393676,221
1,[],24,[],2019-05-23 16:41:05,0.0,0.000000010000,0.0000000000007791770000000001,7674066,2019-05-23 16:41:05,btc,0.0,0.0,0.000000010000,btc,0.0,0.0,0.0,221
1,[],20,[],2019-05-27 09:21:04,5423738.9208,0.000000003,0.00000000000026119080000000003,7694218,2019-05-27 09:21:04,btc,100050.73144918322,340862.7332,0.000000003,btc,39832517.8618,0.0012549264496,0.0057505195438,224
0,[],22,[],2019-05-27 09:21:07,0.0,0,0,7694219,2019-05-27 09:21:07,,0.0,0.0,0,,0.0,0.0,0.0,224
1,[],26,[],2019-05-27 09:21:08,0.0,0.00000026,0.000000000022636536000000003,7694220,2019-05-27 09:21:08,btc,0.0,0.0,0.00000026,btc,0.0,0.0,0.0,231
1,[],26,[],2019-05-27 09:21:09,0.0,0.00000006,0.000000000005223816000000001,7694221,2019-05-27 09:21:09,btc,0.0,0.0,0.00000006,btc,0.0,0.0,0.0,234
0,[],27,[],2019-05-27 09:21:17,0.0,0,0,7694222,2019-05-27 09:21:17,,0.01134836604,0.0,0,"btc,eth",11462.996,0.0,0.0,234
1,[],4,[],2019-05-22 17:06:12,91780.56053785,0.00000078,0.000000000061977552,7669277,2019-05-22 17:06:12,btc,5.573372450018177,0.0,0.00000078,btc,729173.93529783,0.0,0.0307060663355679,236
1,[],24,[],2019-05-22 17:06:12,0.0,0.000000010000,0.000000000000794584,7669278,2019-05-22 17:06:12,btc,0.0,0.0,0.000000010000,btc,0.0,0.0,0.0,236
1,[],5,[],2019-05-27 09:21:19,0.0,0,0,7694223,2019-05-27 09:21:19,btc,0.0,0.10340117,0,btc,0.0,0.0,0.0,237
1,[],20,[],2019-05-27 09:21:21,121115796.758,0.000000039,0.0000000000033954804000000002,7694224,2019-05-27 09:21:21,btc,58794.11714806971,16598573.8004,0.000000039,btc,42212672.558,0.7014080976941,0.4763051281222,237
1,[],22,[],2019-05-27 09:21:25,363100.0,0.00000003,0.0000000000026119080000000004,7694225,2019-05-27 09:21:25,BTC,1.20267422,0.0,0.00000003,"BTC,LTC",17930.94871794872,0.0,0.009791,237
1,[],4,[],2019-05-27 09:21:26,27283692.66480242,0.00000013,0.000000000011318268000000001,7694226,2019-05-27 09:21:26,btc,3.214281521213931,0.0,0.00000013,btc,9016287.39126414,0.11936601,0.6102788671830407,238
1,[],5,[],2019-05-27 09:21:27,0.0,0,0,7694227,2019-05-27 09:21:27,btc,0.0,0.00209987,0,btc,0.0,0.0,0.0,238
0,[],22,[],2019-03-12 16:49:32,0.0,0,0,6914458,2019-03-12 16:49:32,,0.40415746,0.0,0,,526736.5639027493,0.0,0.0,249
0,[],22,[],2019-05-27 09:21:30,0.0,0,0,7694228,2019-05-27 09:21:30,,13.44714864,0.0,0,,43777534.3426455,0.0,0.0,252
0,[],28,[],2019-05-27 09:21:32,0.0,0,0,7694229,2019-05-27 09:21:32,,0.0,213885.820086,0,,0.0,0.0,0.0,256
1,[],22,[],2019-05-27 09:21:36,1051629.0,0.00000001,0.000000000000870636,7694230,2019-05-27 09:21:36,BTC,21.85885958,0.0,0.00000001,BTC,542925.7509808998,8.82e-06,0.01051629,258
1,[],22,[],2019-05-19 18:12:02,400.0,0.00000001,0.0000000000007957800000000001,7653905,2019-05-19 18:12:02,BTC,2.415167,0.0,0.00000001,BTC,157.0,0.0,4e-06,259
1,[],5,[],2019-05-27 09:21:38,0.0,0,0,7694231,2019-05-27 09:21:38,btc,0.0,0.06847748,0,btc,0.0,0.0,0.0,264
1,[],20,[],2019-05-27 09:21:41,923434.8097,0.000000139,0.000000000012101840400000002,7694232,2019-05-27 09:21:41,btc,0.9790953617205,34445.0479,0.000000139,btc,53674.7364,0.018608795628,0.00953272185,264
0,[],22,[],2019-04-12 17:57:27,0.0,0,0,7278186,2019-04-12 17:57:27,,66.37522201,0.0,0,,677842.4169881374,0.0,0.0,271
0,[],22,[],2019-05-27 09:21:43,0.0,0,0,7694233,2019-05-27 09:21:43,,33050470.74998113,0.0,0,,14361377780.7,0.0,0.0,272
0,[],28,[],2019-05-27 09:21:46,0.0,0,0,7694234,2019-05-27 09:21:46,,0.0,7458177381.0,0,,0.0,0.0,0.0,272
1,[],22,[],2019-05-23 07:12:29,219930.0,0.00000004,0.000000000003048688,7671985,2019-05-23 07:12:29,BTC,426.77835217,0.0,0.00000004,BTC,248664.3325962929,0.0,0.00739728,281
1,[],22,[],2019-05-27 09:21:53,581380.1,0.00000005,0.00000000000435318,7694235,2019-05-27 09:21:53,BTC,31.62765902,0.0,0.00000005,"BTC,LTC",1162922.857672661,0.007731240000037557,0.02291194,286
0,[],22,[],2019-05-27 09:21:55,0.0,0,0,7694236,2019-05-27 09:21:55,,7337904.52734956,0.0,0,,1960786582.6797826,0.0,0.0,294
