pairValue,buyBook,exchangeId,sellBook,updated,buyTotal,satoshiPrice,usdPrice,exchangeLogId,created,bestPair,sellTotalBtc,volume,pairPrice,activePairs,sellTotal,volumeBtc,buyTotalBtc,coinId
1,[],3,[],2019-03-02 03:31:24,30532.82708769086,0.01256276999999999914592319072426107595674693584442138671875,0.000000481897806984,6824331,2019-03-02 03:31:24,btc,61.081446029510296,0.0,0.01256276999999999914592319072426107595674693584442138671875,btc,22.910054886169,0.0,0.21806885404119355,1
1,[],4,[],2019-03-02 03:31:24,208059.69599325,0.01262468,0.000000484272625056,6824332,2019-03-02 03:31:24,btc,9.367242824154022,0.0,0.01262468,btc,275.5890342,0.89489836,3.032223454766787,1
1,[],5,[],2019-03-02 03:31:27,0.0,0,0,6824333,2019-03-02 03:31:27,btc,0.0,0.07308801,0,btc,0.0,0.0,0.0,1
1,[],10,[],2019-03-02 03:31:30,414726.18495064,0.01051818,0.000000403468970256,6824334,2019-03-02 03:31:30,btc,6523.085425553373,1160.5984524,0.01051818,btc,1178.21585338,0.0,6.029882979575955,1
1,[],12,[],2019-03-02 03:31:33,10501.94821791,0.01255999999999999998390176614293523016385734081268310546875,0.000000481791552,6824335,2019-03-02 03:31:33,btc,0.5199202065891,0.0,0.01255999999999999998390176614293523016385734081268310546875,btc,31.83670439,0.1208899300505,0.4871833807467,1
1,[],20,[],2019-03-02 03:31:35,1151.4783,0.01151,0.00000044151439200000004,6824336,2019-03-02 03:31:35,btc,0.0662082325693,0.0,0.01151,btc,3.0133,0.0,0.0946511826215,1
1,[],21,[],2019-03-02 03:31:36,2284.58162009,0.01261499999999999947764006691,0.000000483901308,6824337,2019-03-02 03:31:36,btc,19.598064503726945,1367.35924983,0.01261499999999999947764006691386384773068130016326904296875,"btc,eth",2197.42806579,16.841202893452998,22.7037602302461,1
1,[],22,[],2019-03-02 03:31:40,0.006382215384615385,0.01300000,0.0000004986696,6824338,2019-03-02 03:31:40,BTC,0.31439419,0.0,0.01300000,BTC,0.12751438772928525,0.0,7.978e-05,1
1,[],24,[],2019-03-02 03:31:43,0.0,0.000000000000,0,6824339,2019-03-02 03:31:43,btc,0.0,0.0,0.000000000000,btc,0.0,0.0,0.0,1
0.0,[],25,[],2019-03-02 03:31:44,0.0,0,0,6824340,2019-03-02 03:31:44,btc,27.958699997944915,645.05079265,0.0,btc,2155.23342621,8.1671,0.0,1
1,[],26,[],2019-03-02 03:31:46,0.0,0,0,6824341,2019-03-02 03:31:46,,0.0,0.0,0,,0.0,0.0,0.0,1
1,[],28,[],2019-03-02 03:31:48,993.142,0.01323000,0.000000507492216,6824342,2019-03-02 03:31:48,btc,0.162839806,18760.55,0.01323000,btc,8.9,0.0,0.089302756,1
0,[],2,[],2019-01-20 23:28:45,0.0,0,0,6477011,2019-01-20 23:28:45,,0.0,0.0,0,,0.0,0.0,0.0,1
1,[],5,[],2019-03-02 03:31:50,0.0,0,0,6824343,2019-03-02 03:31:50,btc,0.0,0.00657586,0,btc,0.0,0.0,0.0,2
0.00000000012551939999999999,[],22,[],2019-03-02 03:31:54,1148.0,1.3807134e-16,5.296306145328e-21,6824344,2019-03-02 03:31:54,XMR,21.01373823,0.0,0.00000110,XMR,14319.12581,0.0,0.00087635,2
1,[],5,[],2019-03-02 03:31:57,0.0,0,0,6824345,2019-03-02 03:31:57,btc,0.0,1.87577418,0,btc,0.0,0.0,0.0,3
1,[],12,[],2019-03-02 03:32:00,13277921.54179804,0.000000177,0.0000000000067895784000000005,6824346,2019-03-02 03:32:00,btc,924384.188733188,0.0,0.000000177,btc,7992438.10073583,0.06780143236993848,0.7125820711136625,3
0,[],28,[],2019-03-02 03:32:02,0.0,0,0,6824347,2019-03-02 03:32:02,,0.0,0.0,0,,0.0,0.0,0.0,3
0,[],2,[],2019-01-20 23:31:32,0.0,0,0,6477077,2019-01-20 23:31:32,,0.0,0.0,0,,0.0,0.0,0.0,4
1,[],4,[],2019-03-02 03:32:04,394515.51681416,0.00000033,0.000000000012658536000000001,6824348,2019-03-02 03:32:04,btc,31.987340114656288,0.0,0.00000033,btc,711488.43491406,0.0,0.0533407895458889,4
1,[],12,[],2019-03-02 03:32:07,1367060.18866667,0.00000003,0.000000000001150776,6824349,2019-03-02 03:32:07,btc,11013925.612257794,0.0,0.00000003,btc,1143872.32371984,0.004077703996004,0.0205238404400001,5
0,[],2,[],2019-01-20 23:31:51,0.0,0,0,6477087,2019-01-20 23:31:51,,0.0,0.0,0,,0.0,0.0,0.0,6
1,[],11,[],2019-03-02 03:32:09,4961818.5,0.00000002,0.0000000000007671840000000001,6824350,2019-03-02 03:32:09,btc,9568.044664252815,482490.0,0.00000002,btc,41579250.07452957,0.0,0.066711205,6
1,[],3,[],2019-03-02 03:32:10,1078.296102889327,0.0001510899999999999916699966462374504772014915943145751953125,0.0000000057956915279999996,6824351,2019-03-02 03:32:10,btc,28.402034233092024,0.0,0.0001510899999999999916699966462374504772014915943145751953125,btc,243.122414578101,0.0,0.032847457816655636,7
1,[],4,[],2019-03-02 03:32:11,90874.14854636,0.00021413,0.000000008213855496,6824352,2019-03-02 03:32:11,btc,9.9293438272782,0.0,0.00021413,btc,31852.39121038,7.71992132,4.661111179344859,7
1,[],5,[],2019-03-02 03:32:13,0.0,0,0,6824353,2019-03-02 03:32:13,btc,0.0,1.70441716,0,btc,0.0,0.0,0.0,7
1,[],20,[],2019-02-20 02:16:17,39399275.8418,0.000000001,0.0000000000000390183,6728586,2019-02-20 02:16:17,btc,116.9737569154545,525.0,0.000000001,btc,56932965.8895,5.25e-07,0.0393992758418,8
0,[],2,[],2019-01-20 23:22:42,0.0,0,0,6476876,2019-01-20 23:22:42,,0.0,0.0,0,,0.0,0.0,0.0,9
0,[],23,[],2019-01-20 23:22:48,0.0,0,0,6476878,2019-01-20 23:22:48,,0.0,0.0,0,,0.0,0.0,0.0,9
1,[],4,[],2019-03-02 03:32:14,1856314.28348139,0.00000165,0.00000000006329268,6824354,2019-03-02 03:32:14,btc,7.179783511740156,0.0,0.00000165,btc,3090082.83314034,1.89564348,0.4936855831814947,9
1,[],28,[],2019-03-02 03:32:16,45852.853,0.00000181,0.000000000069430152,6824355,2019-03-02 03:32:16,btc,2708.763406715895,3602952.32,0.00000181,btc,12476.4655,0.0,0.04775258393,9
1,[],1,[],2019-02-17 23:31:42,1822507.21,0.00000181000000000000003456111265232042484285557293333113193511962890625,0.000000000066086901,6701244,2019-02-17 23:31:42,btc,3.6990969245,17153386.5,0.00000181000000000000003456111265232042484285557293333113193511962890625,btc,1997391.71,31.11772986,3.2610482446,9
1,[],4,[],2019-02-17 11:22:43,4341674.27126056,0.00000002,0.0000000000007272960000000001,6696112,2019-02-17 11:22:43,btc,0.1997230937751353,0.0,0.00000002,btc,4109766.79808031,0.00215132,0.0479381022052112,10
0,[],2,[],2019-01-20 23:23:08,0.0,0,0,6476890,2019-01-20 23:23:08,,0.0,0.0,0,,0.0,0.0,0.0,12
1,[],4,[],2019-03-02 03:32:18,5504939.7344487,0.00000119,0.000000000045647448,6824356,2019-03-02 03:32:18,btc,10.338410211830515,0.0,0.00000119,btc,5603286.45071252,1.11681342,1.645185609437733,12
1,[],5,[],2019-03-02 03:32:20,0.0,0,0,6824357,2019-03-02 03:32:20,btc,0.0,0.29702502,0,btc,0.0,0.0,0.0,12
0.0,[],25,[],2019-03-02 03:32:21,0.0,0,0,6824358,2019-03-02 03:32:21,,0.0,0.0,0.0,btc,0.0,0.0,0.0,12
1,[],4,[],2019-03-02 03:32:22,31913302.19665154,0.00000556,0.000000000213277152,6824359,2019-03-02 03:32:22,btc,2.956169691219884,0.0,0.00000556,btc,411485.56603032,0.36886023,0.6048005791028385,13
1,[],21,[],2019-03-02 03:32:25,923939.33737321,0.000005720000000000000291730615359,0.00000000021941462400000003,6824360,2019-03-02 03:32:25,btc,6.004301586379964,340033.04108367,0.0000057200000000000002917306153593646200761213549412786960601806640625,btc,934292.60616728,1.96124721,4.9114873407882005,13
1,[],10,[],2019-03-02 02:21:21,397545.1046238,0.00000543,0.00000000020817588299999998,6824111,2019-03-02 02:21:21,btc,666802.6108698937,10120.9449033,0.00000543,btc,744084.33893005,0.0,0.240048414217541,13
1,[],4,[],2019-03-02 03:32:26,725646.19589981,0.00000150,0.0000000000575388,6824361,2019-03-02 03:32:26,btc,142.21238600133543,0.0,0.00000150,btc,873436.10730775,0.06752703,0.1821613936429559,14
1,[],12,[],2019-03-02 03:32:27,218098.91544809,0.000001309999999999999951307938332589753116508290986530482769012451171875,0.000000000050250552,6824362,2019-03-02 03:32:27,btc,5.290510528648301,0.0,0.000001309999999999999951307938332589753116508290986530482769012451171875,btc,31128.09057434,0.0022344232798528,0.028049959999872,14
0,[],17,[],2019-03-02 03:32:29,0.0,0,0,6824363,2019-03-02 03:32:29,btc,0.0,0.0,0,btc,0.0,0.0,0.0,14
1,[],26,[],2019-03-02 03:32:29,0.0,0.00000050,0.0000000000191796,6824364,2019-03-02 03:32:29,btc,0.0,0.0,0.00000050,btc,0.0,0.0,0.0,14
,[],12,[],2018-12-01 15:15:48,204241.84496,0.00000489,0.000000000202473384,5260204,2018-12-01 15:15:48,btc,49.5475654835,0.0,,btc,35763.2193806,0.0163153972027625,0.0203389899998,15
0,[],4,[],2019-03-02 03:32:30,0.0,0,0,6824365,2019-03-02 03:32:30,,0.0,0.0,0,,0.0,0.0,0.0,15
0,[],2,[],2019-01-20 23:23:38,0.0,0,0,6476906,2019-01-20 23:23:38,,0.0,0.0,0,,0.0,0.0,0.0,18
1,[],4,[],2019-03-02 03:32:32,26200.55168833,0.00001871,0.000000000717700632,6824366,2019-03-02 03:32:32,btc,1.3218415449942509,0.0,0.00001871,btc,13876.51210681,0.03332013,0.0877014447590936,18
1,[],10,[],2019-03-02 03:32:34,786046.57915684,0.00001751,0.000000000671669592,6824367,2019-03-02 03:32:34,btc,25.814447355608657,12462.7231071,0.00001751,btc,15197.71987959,0.0,0.1880681574118317,18
1,[],12,[],2019-03-02 03:32:35,193318.31277862,0.0000174999999999999984669381281054967303134617395699024200439453125,0.0000000006712859999999999,6824368,2019-03-02 03:32:35,btc,23.63050092434592,0.0,0.0000174999999999999984669381281054967303134617395699024200439453125,btc,1864.07352308,2.275e-06,0.0362021782257531,18
0,[],17,[],2019-03-02 03:32:37,0.0,0,0,6824369,2019-03-02 03:32:37,btc,0.0,0.0,0,btc,0.0,0.0,0.0,18
0,[],2,[],2019-01-20 23:24:19,0.0,0,0,6476924,2019-01-20 23:24:19,,0.0,0.0,0,,0.0,0.0,0.0,19
1,[],3,[],2019-03-02 03:32:37,118505.50419809256,0.0000200099999999999998462514583241755872222711332142353057861328125,0.0000000007675675920000001,6824370,2019-03-02 03:32:37,btc,0.5053401800644072,3010.86985,0.0000200099999999999998462514583241755872222711332142353057861328125,btc,7948.096912413742,0.0,0.03370559709400985,19
1,[],4,[],2019-03-02 03:32:39,519198.73211539,0.00002025,0.0000000007767738000000001,6824371,2019-03-02 03:32:39,btc,2.0953338002994446,0.0,0.00002025,btc,68331.44148956,0.37611865,2.377029358812719,19
1,[],5,[],2019-03-02 03:32:41,0.0,0,0,6824372,2019-03-02 03:32:41,btc,0.0,0.00046318,0,btc,0.0,0.0,0.0,19
1,[],12,[],2019-03-02 03:32:42,134039.9352518,0.00001821000000000000013946309385115540635524666868150234222412109375,0.000000000698521032,6824373,2019-03-02 03:32:42,btc,6.898773503888531,0.0,0.00001821000000000000013946309385115540635524666868150234222412109375,btc,467.19317902,0.00097764,0.108141670000016,19
0,[],27,[],2019-03-02 03:32:48,0.0,0,0,6824374,2019-03-02 03:32:48,,0.0,0.0,0,btc,0.0,0.0,0.0,19
0,[],4,[],2019-03-02 03:33:05,0.0,0,0,6824375,2019-03-02 03:33:05,,0.0,0.0,0,,0.0,0.00194537,0.0,20
1,[],4,[],2019-03-02 03:33:07,104036087.13737024,0.00000002,0.0000000000007671840000000001,6824376,2019-03-02 03:33:07,btc,1798.7485654879747,0.0,0.00000002,btc,55613109.76506001,0.0,1.1684621866280451,21
1,[],12,[],2019-03-02 03:33:08,18207001.0,0.00000002,0.0000000000007671840000000001,6824377,2019-03-02 03:33:08,btc,670.3733702334847,0.0,0.00000002,btc,8127598.32857329,0.0,0.23638026,21
0,[],17,[],2019-03-02 03:22:33,0.0,0,0,6824179,2019-03-02 03:22:33,btc,0.0,0.0,0,btc,0.0,0.0,0.0,21
1,[],12,[],2019-03-02 03:33:21,3030570464.531895,0.0000000002,0.00000000000000767184,6824378,2019-03-02 03:33:21,btc,875865855673.3081,0.0,0.0000000002,btc,4946578560.212227,0.012523102188611392,0.31238637215318954,23
0.00000000035348350000000003,[],27,[],2019-03-02 03:33:23,2000.0,3.5348350000000005e-18,1.3559344273200002e-22,6824379,2019-03-02 03:33:23,eth,1.3829826565934114,0.0,0.00000001,eth,2164879.85514486,0.0,7.06967e-15,23
1,[],4,[],2019-03-02 03:33:24,440457.83910907,0.00000050,0.0000000000191796,6824380,2019-03-02 03:33:24,btc,8.72391006655553,0.0,0.00000050,btc,1523980.18401145,0.0017728,0.1404635622934886,24
1,[],22,[],2019-03-02 03:33:28,11.76,0.00000100,0.0000000000383592,6824381,2019-03-02 03:33:28,BTC,7.415e-05,0.0,0.00000100,BTC,23.919354838709676,0.0,1.176e-05,24
0.0,[],25,[],2019-03-02 03:33:29,0.0,0,0,6824382,2019-03-02 03:33:29,,0.0,0.0,0.0,btc,0.0,0.0,0.0,24
0,[],2,[],2019-01-20 23:25:56,0.0,0,0,6476976,2019-01-20 23:25:56,,0.0,0.0,0,,0.0,0.0,0.0,26
1,[],4,[],2019-03-02 03:33:30,26576275.34230184,0.00000631,0.00000000024204655200000003,6824383,2019-03-02 03:33:30,btc,166.7956074136417,0.0,0.00000631,btc,238572.93373646,0.08691893,0.4241627445902909,26
1,[],10,[],2019-03-02 03:33:32,691126.43052741,0.00000603,0.000000000231305976,6824384,2019-03-02 03:33:32,btc,26.125950593308115,3558.52341359,0.00000603,btc,14054.67408507,0.0,0.2398199360174543,26
1,[],3,[],2019-03-02 03:33:35,5529569.78933568,0.00000001,0.00000000000038359200000000003,6824385,2019-03-02 03:33:35,btc,2.105204350837623,120469.133324,0.00000001,btc,17599728.13629621,0.0,0.0552956978933568,27
1,[],5,[],2019-03-02 03:33:37,0.0,0,0,6824386,2019-03-02 03:33:37,btc,0.0,0.0,0,btc,0.0,0.0,0.0,27
1,[],11,[],2019-03-02 03:33:38,9470054.891515061,0.00000005,0.00000000000191796,6824387,2019-03-02 03:33:38,btc,67506.38088715188,21889.311987,0.00000005,btc,7980367.26084264,0.0,0.4414030388653851,27
1,[],4,[],2019-03-02 03:33:42,1551432287.3995156,0.00000002,0.0000000000007671840000000001,6824388,2019-03-02 03:33:42,btc,2.8130432101632645,0.0,0.00000002,"btc,ltc",289001387.11795413,0.33606633,12.249717656447695,29
1,[],7,[],2019-03-02 03:33:45,35789322.2229483,0.00000002,0.0000000000007671840000000001,6824389,2019-03-02 03:33:45,btc,44462590.70380138,181805.011472,0.00000002,btc,47490092.04673502,0.0,0.3613047609592529,29
0,[],17,[],2019-03-02 01:06:58,0.0,0,0,6823584,2019-03-02 01:06:58,btc,0.0,0.0,0,btc,0.0,0.0,0.0,30
1,[],4,[],2019-03-02 03:33:46,2196198.90165661,0.00000026,0.000000000009973392,6824390,2019-03-02 03:33:46,btc,2.3404923837430687,0.0,0.00000026,btc,1566375.79800571,0.00023518,0.0942565325979219,30
1,[],4,[],2019-03-02 03:33:58,110037.75862967,0.00004725,0.0000000018124722000000001,6824391,2019-03-02 03:33:58,btc,5.932904036203996,0.0,0.00004725,btc,71950.13238438,1.04446293,0.559662902673812,31
1,[],21,[],2019-03-02 03:33:59,107733.18481528,0.00004874999999999999911745943160,0.000000001870011,6824392,2019-03-02 03:33:59,btc,2.941001572155458,76159.0689709,0.0000487499999999999991174594315967993907179334200918674468994140625,btc,53247.86082903,3.68090662,4.21953532987428,31
0,[],2,[],2019-01-20 23:28:43,0.0,0,0,6477009,2019-01-20 23:28:43,,0.0,0.0,0,,0.0,0.0,0.0,32
1,[],4,[],2019-03-02 03:34:00,385109622.4310568,0.00000004,0.0000000000015343680000000001,6824393,2019-03-02 03:34:00,btc,11.452308146173017,0.0,0.00000004,"btc,ltc",203485151.40502575,0.35925651,8.636331330445037,33
1,[],12,[],2019-03-02 03:34:02,17224266.0,0.00000004,0.0000000000015343680000000001,6824394,2019-03-02 03:34:02,btc,35630719.41478639,0.0,0.00000004,btc,90512536.21484381,0.002383882837163,0.55661944,33
1,[],4,[],2019-03-02 03:34:03,117559034.59062757,0.00000001,0.00000000000038359200000000003,6824395,2019-03-02 03:34:03,btc,3.6955440326772635,0.0,0.00000001,btc,101405693.70227136,0.01479243,1.1755903459062755,34
1,[],5,[],2019-03-02 03:34:06,0.0,0,0,6824396,2019-03-02 03:34:06,btc,0.0,0.01428973,0,btc,0.0,0.0,0.0,34
0.0000000001241905,[],4,[],2019-03-02 03:34:07,2425195813.583961,2.48381e-18,9.5276964552e-23,6824397,2019-03-02 03:34:07,ltc,5.086488171878798e-08,0.0,0.00000002,ltc,6207814372.511161,0.0,4.070461551057676e-09,36
1,[],5,[],2019-03-02 03:34:09,0.0,0,0,6824398,2019-03-02 03:34:09,btc,0.0,0.0,0,btc,0.0,0.0,0.0,36
0,[],17,[],2019-03-02 03:34:11,0.0,0,0,6824399,2019-03-02 03:34:11,btc,0.07464582819591557,0.0,0,btc,4105386.20243647,0.0,0.0,36
0.00000000035348350000000003,[],27,[],2019-03-02 03:34:15,1090000.0,3.5348350000000005e-18,1.3559344273200002e-22,6824400,2019-03-02 03:34:15,eth,222.5997971062634,0.0,0.00000001,"ltc,eth",11163566.48751039,0.0,1.47003376e-12,36
1,[],4,[],2019-03-02 03:34:17,240050.40129492,0.00000062,0.000000000023782704,6824401,2019-03-02 03:34:17,btc,19772.480213513496,0.0,0.00000062,btc,550481.88910938,0.03086395,0.1078755323981041,37
1,[],12,[],2019-03-02 03:34:18,637428.38103095,0.00000063,0.000000000024166296,6824402,2019-03-02 03:34:18,btc,1345.862113887698,0.0,0.00000063,btc,1004496.86767147,0.0757066671775482,0.2067983750000024,37
1,[],17,[],2019-03-02 03:34:20,1752.74075282,0.00000025,0.0000000000095898,6824403,2019-03-02 03:34:20,btc,0.055484923777095005,0.0,0.00000025,btc,1319.19918473,0.0,0.00043818518820499993,37
1,[],27,[],2019-03-02 03:34:23,14685.567,0.00000045,0.00000000001726164,6824404,2019-03-02 03:34:23,btc,25.82160105111233,0.0,0.00000045,btc,6804.86438508,0.0,0.00480032515,37
1,[],5,[],2019-03-02 03:34:25,0.0,0,0,6824405,2019-03-02 03:34:25,btc,0.0,0.04043885,0,btc,0.0,0.0,0.0,42
1,[],12,[],2019-03-02 03:34:26,253875.9780778,0.00000099,0.000000000037975608000000005,6824406,2019-03-02 03:34:26,btc,94.64634998055588,0.0,0.00000099,btc,98060.7890622,0.0306820727784248,0.0601631055709781,42
0.00000000035348350000000003,[],27,[],2019-03-02 03:34:30,2000.0,3.5348350000000005e-18,1.3559344273200002e-22,6824407,2019-03-02 03:34:30,eth,0.00315028,0.0,0.00000001,"btc,eth",11.007,0.0,7.06967e-15,42
1,[],5,[],2019-03-02 03:34:33,0.0,0,0,6824408,2019-03-02 03:34:33,btc,0.0,0.00145582,0,btc,0.0,0.0,0.0,43
1,[],12,[],2019-03-02 03:34:34,1209361.0,0.00000001,0.00000000000038359200000000003,6824409,2019-03-02 03:34:34,btc,3569.074552336114,0.0,0.00000001,btc,11768494.65174823,0.0064975024975026,0.01209361,43
0,[],17,[],2019-03-02 03:34:46,0.0,0,0,6824410,2019-03-02 03:34:46,btc,0.0,0.0,0,btc,0.0,0.0,0.0,43
1,[],12,[],2019-03-02 03:23:48,653806.0,0.00000004,0.0000000000015345200000000002,6824211,2019-03-02 03:23:48,btc,11116042.727857808,0.0,0.00000004,btc,1102976.40161834,0.00055526,0.01555463,44
1,[],4,[],2019-03-02 03:34:48,290669417.11038655,0.00000002,0.0000000000007671840000000001,6824411,2019-03-02 03:34:48,btc,473.5842550598702,0.0,0.00000002,"btc,ltc",12086887.23698875,0.00032556,0.19718587071220223,49
0.0000000001241905,[],4,[],2019-03-02 03:34:49,845713936.2635033,1.241905e-18,4.7638482276e-23,6824412,2019-03-02 03:34:49,ltc,25.56813392495349,0.0,0.00000001,ltc,10282859775.43118,0.0,1.050296366015326e-09,52
0.00000000012551939999999999,[],22,[],2019-03-02 03:34:53,80845862.0,1.255194e-18,4.81482376848e-23,6824413,2019-03-02 03:34:53,XMR,4366.96996713,0.0,0.00000001,XMR,255350310.67882353,0.0,0.80845862,57
0.00000000035348350000000003,[],27,[],2019-03-02 03:34:56,2000.0,3.5348350000000005e-18,1.3559344273200002e-22,6824414,2019-03-02 03:34:56,eth,0.0,0.0,0.00000001,"btc,eth",0.0,0.0,7.06967e-15,57
0,[],17,[],2019-03-02 03:24:01,0.0,0,0,6824218,2019-03-02 03:24:01,btc,1e+24,0.0,0,btc,49306342.21952568,0.0,0.0,58
0.0000000001241905,[],4,[],2019-03-02 03:34:57,1106263924.920153,4.96762e-18,1.90553929104e-22,6824415,2019-03-02 03:34:57,ltc,18.807185465446576,0.0,0.00000004,ltc,3900570703.1800942,0.0,3.025325037152124e-09,58
1,[],12,[],2019-03-02 03:34:59,1678127859.843957,0.0000000004,0.00000000000001534368,6824416,2019-03-02 03:34:59,btc,224005480062.68143,0.0,0.0000000004,btc,3826555480.833535,0.06065156957786057,0.5463969482011392,58
0.00000000012551939999999999,[],22,[],2019-03-02 03:35:06,137438.0,1.255194e-18,4.81482376848e-23,6824417,2019-03-02 03:35:06,XMR,69.8835922,0.0,0.00000001,XMR,9887963.0,0.0,0.00137438,58
1,[],5,[],2019-03-02 03:35:08,0.0,0,0,6824418,2019-03-02 03:35:08,btc,0.0,0.13550838,0,btc,0.0,0.0,0.0,61
1,[],22,[],2019-03-02 03:35:12,13788.5,0.00000012,0.000000000004603104,6824419,2019-03-02 03:35:12,BTC,1002.29597012,0.0,0.00000012,BTC,14947.700278135757,0.0,0.00155365,61
1,[],26,[],2019-03-02 03:35:12,0.0,0.00000800,0.0000000003068736,6824420,2019-03-02 03:35:12,btc,0.0,0.0,0.00000800,btc,0.0,0.0,0.0,61
1,[],27,[],2019-03-02 03:35:16,18037.3571,0.00000046,0.000000000017645232000000002,6824421,2019-03-02 03:35:16,btc,7.76205105961638,0.0,0.00000046,"btc,eth",20757.11257617,0.0,0.007503127488973214,61
1,[],28,[],2019-03-02 03:35:20,13880.304,0.0000005,0.0000000000191796,6824422,2019-03-02 03:35:20,btc,2.056312978300105,742.0,0.0000005,btc,9730.59500005,0.0,0.00566391304,61
1,[],4,[],2019-03-02 03:35:21,1435944.59516387,0.00000280,0.00000000010740576,6824423,2019-03-02 03:35:21,btc,11.247265320609005,0.0,0.00000280,btc,798173.48716247,0.08796265,1.4111300571177567,67
0.0,[],25,[],2019-03-02 03:35:23,0.0,0,0,6824424,2019-03-02 03:35:23,,0.0,0.0,0.0,btc,0.0,0.0,0.0,67
1,[],12,[],2019-03-02 03:35:25,1815859.86086486,0.00000023,0.000000000008822616,6824425,2019-03-02 03:35:25,btc,11115899.054893378,0.0,0.00000023,btc,2198615.43426572,0.0669292790602711,0.0834008764411088,71
,[],5,[],2018-11-20 23:02:39,1.5e-07,0.00000005,0.000000000002128045,4862160,2018-11-20 23:02:39,btc,2.84511358,0.0,,btc,0.00036572,0.0,0.07381892,74
1,[],5,[],2019-03-02 03:24:36,0.0,0,0,6824228,2019-03-02 03:24:36,btc,0.0,0.0,0,btc,0.0,0.0,0.0,75
1,[],4,[],2019-03-02 03:24:38,16197735.251575,0.00000001,0.00000000000038363,6824229,2019-03-02 03:24:38,btc,11388.632703683814,0.0,0.00000001,btc,34464598.85416836,0.0,0.16197735251575,81
0,[],20,[],2019-01-25 09:30:31,0.0,0,0,6495923,2019-01-25 09:30:31,btc,0.0,0.0,0,btc,0.0,0.0,0.0,81
1,[],4,[],2019-03-02 03:24:40,28554.50836187,0.00007153,0.0000000027441053900000003,6824230,2019-03-02 03:24:40,btc,17.743841256923876,0.0,0.00007153,btc,12625.5551488,0.03402019,0.1290567780155772,82
1,[],21,[],2019-03-02 03:24:41,291212.37879935,0.00007300999999999999384801135927,0.00000000280088263,6824231,2019-03-02 03:24:41,btc,2.0346268163636596,1954.05293454,0.000073009999999999993848011359265370856519439257681369781494140625,btc,22405.31173393,0.14374927,4.394868033955082,82
0,[],17,[],2019-03-02 03:24:43,0.0,0,0,6824232,2019-03-02 03:24:43,btc,0.0447233088476774,0.0,0,btc,999127.19588126,0.0,0.0,84
0.0000000001241905,[],4,[],2019-03-02 03:35:26,121829570.012268,3.725715e-18,1.42915446828e-22,6824426,2019-03-02 03:35:26,ltc,1.749493110846631,0.0,0.00000003,ltc,405021112.3461458,0.0,2.577536262957911e-10,85
,[],22,[],2018-11-20 23:09:34,3408.1,0.0000001,0.0000000000041895,4862324,2018-11-20 23:09:34,BTC,0.04624735,0.0,,BTC,4990.0,0.0,0.00033081,86
0,[],22,[],2019-02-22 12:52:35,0.0,0,0,6758847,2019-02-22 12:52:35,,2.0760781,0.0,0,,140622.94736842104,0.0,0.0,87
0,[],27,[],2019-02-22 12:52:37,0.0,0,0,6758848,2019-02-22 12:52:37,,0.0,0.0,0,btc,0.0,0.0,0.0,87
,[],2,[],2018-11-20 23:10:47,0.0,0,0,4862359,2018-11-20 23:10:47,,0.0,0.0,,,0.0,0.0,0.0,88
1,[],11,[],2019-03-02 03:35:28,91658.60445976,0.00013959000000000001029572260780042824990232475101947784423828125,0.0000000053545607280000004,6824427,2019-03-02 03:35:28,btc,608.7408470916514,2.86164874,0.00013959000000000001029572260780042824990232475101947784423828125,btc,96757.94255271,0.0,6.051491188525169,89
0,[],2,[],2019-01-20 23:31:45,0.0,0,0,6477083,2019-01-20 23:31:45,,0.0,0.0,0,,0.0,0.0,0.0,91
1,[],12,[],2019-03-02 03:35:30,500998.87444683997,0.000001790000000000000014290326734445191192435231641866266727447509765625,0.000000000068662968,6824428,2019-03-02 03:35:30,btc,4.374678609007614,0.0,0.000001790000000000000014290326734445191192435231641866266727447509765625,btc,61956.18925501,0.0102913011142309,0.1010547242998675,91
0,[],17,[],2019-03-02 03:35:42,0.0,0,0,6824429,2019-03-02 03:35:42,btc,0.0,0.0,0,btc,0.0,0.0,0.0,91
0,[],22,[],2019-03-02 03:36:00,0.0,0,0,6824430,2019-03-02 03:36:00,,3e-06,0.0,0,,1.0,0.0,0.0,91
0.000000000124379,[],22,[],2019-03-02 03:24:57,1820000.0,6.21895e-18,2.3857757885e-22,6824238,2019-03-02 03:24:57,LTC,8.53121199,0.0,0.00000005,LTC,71989912.1,5.0249116e-14,0.091,95
0.0000000001241905,[],4,[],2019-03-02 03:36:02,646641153.8479909,7.699811e-17,2.953585901112e-21,6824431,2019-03-02 03:36:02,ltc,11.885707499302097,0.0,0.00000062,ltc,136688836.36895764,0.0,1.938768244478744e-09,96
1,[],12,[],2019-03-02 03:36:04,821.47400001,0.00000001,0.00000000000038359200000000003,6824432,2019-03-02 03:36:04,btc,255079.46687466788,0.0,0.00000001,btc,8740171.94636337,5.26e-06,8.214740000100001e-06,96
0,[],17,[],2019-03-02 03:36:05,0.0,0,0,6824433,2019-03-02 03:36:05,btc,0.0,0.0,0,btc,0.0,0.0,0.0,96
1,[],4,[],2019-03-02 03:25:27,1351055.12417543,0.00000025,0.000000000009590750000000001,6824242,2019-03-02 03:25:27,btc,2.767641019743579,0.0,0.00000025,btc,2463143.71298013,0.0074052,0.0977754224559232,99
0,[],2,[],2019-01-20 23:23:55,0.0,0,0,6476914,2019-01-20 23:23:55,,0.0,0.0,0,,0.0,0.0,0.0,100
1,[],4,[],2019-03-02 03:36:06,331294.68776745,0.00004282,0.000000001642540944,6824434,2019-03-02 03:36:06,btc,12.219680037110146,0.0,0.00004282,btc,171114.6796406,2.37156191,2.151253980584675,100
1,[],22,[],2019-03-02 03:36:12,50000.0,0.00000001,0.00000000000038359200000000003,6824435,2019-03-02 03:36:12,BTC,23.49896609,0.0,0.00000001,BTC,10277.22,0.0,0.0005,101
1,[],4,[],2019-03-02 03:36:13,488418.8646108,0.00000088,0.000000000033756096000000003,6824436,2019-03-02 03:36:13,btc,256.30161602347596,0.0,0.00000088,btc,491309.54836349,0.00681693,0.2534794765741177,103
1,[],12,[],2019-03-02 03:36:17,66913456.0,0.000000009,0.0000000000003452328,6824437,2019-03-02 03:36:17,btc,137278946.7226094,0.0,0.000000009,btc,126959184.71168552,0.02337889683816216,0.251914903,105
1,[],27,[],2019-03-02 03:36:19,81803.89,0.00000001,0.00000000000038359200000000003,6824438,2019-03-02 03:36:19,btc,36.58422120075966,0.0,0.00000001,btc,531915.56793212,0.0,0.0008180389,105
1,[],22,[],2019-03-02 03:36:24,9328.0,0.00000001,0.00000000000038359200000000003,6824439,2019-03-02 03:36:24,BTC,51.10837004,0.0,0.00000001,BTC,470435.0,0.0,9.328e-05,107
1,[],26,[],2019-03-02 03:36:24,0.0,0.00000000,0,6824440,2019-03-02 03:36:24,btc,0.0,0.0,0.00000000,btc,0.0,0.0,0.0,107
1,[],5,[],2019-03-02 03:36:26,0.0,0,0,6824441,2019-03-02 03:36:26,btc,0.0,0.16693823,0,btc,0.0,0.0,0.0,112
1,[],22,[],2019-03-02 03:36:30,1966.0,0.00000001,0.00000000000038359200000000003,6824442,2019-03-02 03:36:30,BTC,2.81183288,0.0,0.00000001,BTC,808524.0833333334,0.0,1.966e-05,112
0.00000000035348350000000003,[],27,[],2019-03-02 03:36:34,2000.0,3.5348350000000005e-18,1.3559344273200002e-22,6824443,2019-03-02 03:36:34,eth,1.35132491849924,0.0,0.00000001,"btc,eth",1328.641654,0.0,7.06967e-15,112
1,[],4,[],2019-03-02 03:36:35,1019301.06769732,0.00000241,0.000000000092445672,6824444,2019-03-02 03:36:35,btc,86.22678272941094,0.0,0.00000241,btc,335644.44940487,0.11905131,0.7671754328444172,113
1,[],5,[],2019-03-02 03:36:36,0.0,0,0,6824445,2019-03-02 03:36:36,btc,0.0,0.0196357,0,btc,0.0,0.0,0.0,113
1,[],17,[],2019-03-02 03:26:00,152738.278,0.00000004,0.0000000000015345200000000002,6824255,2019-03-02 03:26:00,btc,1.3368030274955907,0.0,0.00000004,btc,51896.221,0.0,0.0022095311199999998,116
0,[],27,[],2019-03-02 03:26:03,0.0,0,0,6824256,2019-03-02 03:26:03,,0.0,0.0,0,btc,0.0,0.0,0.0,116
1,[],4,[],2019-03-02 03:36:37,98976.15989562,0.00002532,0.000000000971254944,6824446,2019-03-02 03:36:37,btc,28.70023097748216,0.0,0.00002532,btc,65718.6205301,3.42673788,1.374773445010268,120
1,[],7,[],2019-03-02 03:36:39,21318.55964884,0.000017300000000000000381812637062495241480064578354358673095703125,0.0000000006636141600000001,6824447,2019-03-02 03:36:39,btc,115751.20716146205,0.0,0.000017300000000000000381812637062495241480064578354358673095703125,btc,56300.26032296,0.0,0.0543822463690319,120
1,[],20,[],2019-03-02 03:36:42,1487677.9795,0.000000036,0.0000000000013809312000000001,6824448,2019-03-02 03:36:42,btc,32.2920319749844,993.9514,0.000000036,btc,949484.6857,3.87581046e-05,0.009737539801,125
1,[],22,[],2019-03-02 03:36:46,3053.0,0.00000001,0.00000000000038359200000000003,6824449,2019-03-02 03:36:46,BTC,0.01444887,0.0,0.00000001,BTC,296263.5111111111,0.0,3.053e-05,126
1,[],4,[],2019-03-02 03:26:17,161386.03096107,0.00001313,0.00000000050370619,6824261,2019-03-02 03:26:17,btc,6.528704899523661,0.0,0.00001313,btc,126887.62953396,0.21363851,0.4860968434505695,131
0,[],17,[],2019-03-02 03:26:31,0.0,0,0,6824262,2019-03-02 03:26:31,btc,0.0009561751951600001,0.0,0,btc,35.42829368,0.0,0.0,131
0,[],2,[],2019-01-20 23:25:46,0.0,0,0,6476969,2019-01-20 23:25:46,,0.0,0.0,0,,0.0,0.0,0.0,131
1,[],4,[],2019-03-02 03:36:50,4555.78420762,0.00016001,0.000000006137855592,6824450,2019-03-02 03:36:50,btc,1.620129496282067,0.0,0.00016001,btc,238.12730989,0.0,0.0082138371995835,135
1,[],3,[],2019-03-02 03:26:36,1012209.8877684299,0.00000004,0.0000000000015345200000000002,6824264,2019-03-02 03:26:36,btc,0.11451951769984779,0.0,0.00000004,btc,606864.60876711,0.0,0.0325515181737019,136
1,[],4,[],2019-03-02 03:36:51,264975.12108353,0.00000165,0.00000000006329268,6824451,2019-03-02 03:36:51,btc,39.0110636252538,0.0,0.00000165,btc,601369.74979047,0.02302927,0.0784843778405972,137
1,[],12,[],2019-03-02 03:36:52,303917.15207911,0.000001749999999999999973748754898694723891594549058936536312103271484375,0.0000000000671286,6824452,2019-03-02 03:36:52,btc,11807.60285947446,0.0,0.000001749999999999999973748754898694723891594549058936536312103271484375,btc,125767.13955294,0.0353971758480659,0.0376757869076319,137
1,[],4,[],2019-03-02 03:26:44,109594.24627295,0.00003363,0.0000000012901476900000002,6824267,2019-03-02 03:26:44,btc,28.761599125827548,0.0,0.00003363,btc,41991.32656828,0.39902078,0.6320953063323543,142
1,[],5,[],2019-03-02 03:26:46,0.0,0,0,6824268,2019-03-02 03:26:46,btc,0.0,0.43778131,0,btc,0.0,0.0,0.0,142
1,[],20,[],2019-03-02 03:26:59,132749.7136,0.00002513,0.0000000009640621900000001,6824269,2019-03-02 03:26:59,btc,0.3298057567336,3537.3787,0.00002513,btc,1914.8766,0.132367840964,0.2206000963183,142
1,[],22,[],2019-03-02 03:27:03,1685.8988921568628,0.00004000,0.0000000015345200000000002,6824270,2019-03-02 03:27:03,BTC,3.00385504,0.0,0.00004000,BTC,891.218,0.0,0.00174536,142
0.0,[],25,[],2019-03-02 03:27:05,0.0,0,0,6824271,2019-03-02 03:27:05,,0.0,0.0,0.0,btc,0.0,0.0,0.0,142
1,[],28,[],2019-03-02 03:27:12,76100.0,0.00000817,0.00000000031342571000000004,6824272,2019-03-02 03:27:12,btc,0.0669731472,1333.8009,0.00000817,btc,560.5893,0.0,0.0041072,142
1,[],17,[],2019-03-02 02:16:03,22967.386363640002,0.00000088,0.000000000033744744,6824023,2019-03-02 02:16:03,btc,20.069913352820414,0.0,0.00000088,btc,2746.079105,0.0,0.0104613000000032,142
0,[],22,[],2019-03-02 03:36:56,0.0,0,0,6824453,2019-03-02 03:36:56,,60.72280694,0.0,0,,696341446.3,0.0,0.0,143
0,[],22,[],2019-02-25 15:42:22,0.0,0,0,6783783,2019-02-25 15:42:22,,4.2131946,0.0,0,,2322156.0,0.0,0.0,146
,[],22,[],2018-11-20 23:01:11,0.0,0,0,4862114,2018-11-20 23:01:11,,2.56807021,0.0,,,61828.4988236,0.0,0.0,147
1,[],12,[],2019-03-02 03:36:56,222370.41366538,0.0000022900000000000000975435010541758629187825135886669158935546875,0.00000000008784256800000001,6824454,2019-03-02 03:36:56,btc,16.614326861682237,0.0,0.0000022900000000000000975435010541758629187825135886669158935546875,btc,117172.25034917,0.0002199868,0.0324256732000038,148
1,[],4,[],2019-03-02 03:27:33,246056.52673192,0.00000032,0.00000000001227616,6824275,2019-03-02 03:27:33,btc,219.967446742935,0.0,0.00000032,btc,800822.7951546,0.0008,0.0583338765945086,152
0,[],22,[],2019-03-02 03:27:36,0.0,0,0,6824276,2019-03-02 03:27:36,,0.0,0.0,0,,0.0,0.0,0.0,152
1,[],5,[],2019-03-02 03:27:39,0.0,0,0,6824277,2019-03-02 03:27:39,btc,0.0,0.0,0,btc,0.0,0.0,0.0,153
,[],16,[],2019-01-11 15:38:59,0.0,0,0,6366141,2019-01-11 15:38:59,btc,0.0,0.0,,btc,0.0,0.0,0.0,155
0,[],22,[],2019-03-02 03:36:59,0.0,0,0,6824455,2019-03-02 03:36:59,,6.74608751,0.0,0,,4644392.242592593,0.0,0.0,156
0,[],23,[],2019-01-20 23:24:29,0.0,0,0,6476932,2019-01-20 23:24:29,,0.0,0.0,0,,0.0,0.0,0.0,156
1,[],22,[],2019-03-02 03:37:04,7073.8,0.00005300,0.0000000020330376,6824456,2019-03-02 03:37:04,BTC,1.80343699,0.0,0.00005300,BTC,899.6422341958436,0.0,0.00104336,157
0,[],22,[],2019-03-02 01:01:10,0.0,0,0,6823471,2019-03-02 01:01:10,,50175.67608608,0.0,0,,54079135.04179466,0.0,0.0,158
,[],17,[],2018-11-20 22:56:10,0.0,0,0,4861976,2018-11-20 22:56:10,btc,1.1265625,0.0,,btc,1000.0,0.0,0.0,159
,[],20,[],2018-11-20 22:56:12,0.0,0,0,4861977,2018-11-20 22:56:12,btc,11912.7940471,0.0,,btc,34413894.3617,0.0,0.0,159
1,[],12,[],2019-03-02 03:37:06,181584.26234829,0.00000791000000000000049967842363773939950988278724253177642822265625,0.00000000030342127200000003,6824457,2019-03-02 03:37:06,btc,6.641544511296873,0.0,0.00000791000000000000049967842363773939950988278724253177642822265625,btc,13550.5431152,0.003102984914851,0.0931427555000717,168
1,[],17,[],2019-03-02 02:16:57,29784.95,0.000001,0.0000000000383463,6824035,2019-03-02 02:16:57,btc,0.03026736251542,0.0,0.000001,btc,144.46171372,0.0,0.00716147,168
0,[],22,[],2019-03-02 03:28:04,0.0,0,0,6824281,2019-03-02 03:28:04,,1.1341504,0.0,0,,539283.174707144,0.0,0.0,169
1,[],22,[],2019-03-02 03:37:11,203600.0,0.00000002,0.0000000000007671840000000001,6824458,2019-03-02 03:37:11,BTC,13.2501524,0.0,0.00000002,BTC,144336.2939341018,0.0,0.002072,171
1,[],22,[],2019-03-02 03:28:13,928145.1666666666,0.00000004,0.00000000000153452,6824283,2019-03-02 03:28:13,BTC,2.1976194,0.0,0.00000004,BTC,242703.64055692567,0.00046785,0.02450837,173
1,[],5,[],2019-03-02 03:28:15,0.0,0,0,6824284,2019-03-02 03:28:15,btc,0.0,0.00358047,0,btc,0.0,0.0,0.0,175
1,[],22,[],2019-03-02 03:28:20,45904.0,0.0000003,0.0000000000115089,6824285,2019-03-02 03:28:20,BTC,0.52955903,0.0,0.0000003,BTC,143368.41384013777,0.0,0.0052148,176
1,[],7,[],2019-03-02 03:37:13,0.0,0,0,6824459,2019-03-02 03:37:13,btc,410932.5273358376,0.0,0,btc,117801559.31901672,0.0,0.0,178
0,[],22,[],2019-03-02 03:37:16,0.0,0,0,6824460,2019-03-02 03:37:16,,1.00242428,0.0,0,,57512.0,0.0,0.0,178
0,[],2,[],2019-01-20 23:28:34,0.0,0,0,6477001,2019-01-20 23:28:34,,0.0,0.0,0,,0.0,0.0,0.0,178
1,[],5,[],2019-03-02 03:28:30,0.0,0,0,6824288,2019-03-02 03:28:30,btc,0.0,0.17380878,0,btc,0.0,0.0,0.0,179
1,[],22,[],2019-03-02 03:28:36,6949180.5,0.00000002,0.00000000000076726,6824289,2019-03-02 03:28:36,BTC,5.63122294,0.0,0.00000002,"BTC,LTC",17087464.423202086,0.0,0.37392433,179
0,[],23,[],2019-01-20 23:25:08,0.0,0,0,6476952,2019-01-20 23:25:08,,0.0,0.0,0,,0.0,0.0,0.0,179
1,[],17,[],2019-03-02 03:28:37,10504.725,0.0000001,0.0000000000038363,6824290,2019-03-02 03:28:37,btc,5.201069583844755,0.0,0.0000001,btc,5033.45945,0.0,0.0010504725,180
1,[],22,[],2019-03-02 03:28:43,139712.75,0.0000006,0.0000000000230178,6824291,2019-03-02 03:28:43,BTC,0.20532692,0.0,0.0000006,"BTC,LTC",65443.40600599537,0.00353,0.00466985,180
1,[],26,[],2019-03-02 03:28:43,0.0,0.00000160,0.00000000006138080000000001,6824292,2019-03-02 03:28:43,btc,0.0,0.0,0.00000160,btc,0.0,0.0,0.0,180
,[],7,[],2018-11-20 22:58:01,562227.975654,0.00000085,0.000000000036176765,4862015,2018-11-20 22:58:01,btc,21836.6059674,2491.87645172,,btc,749999.041456,0.00211021,0.127565380455,183
,[],5,[],2019-01-10 08:11:41,0.0,0,0,6347036,2019-01-10 08:11:41,btc,82.15055501,0.00261,,btc,1.19002445,0.0,0.0,187
1,[],24,[],2019-03-02 03:28:43,0.0,0.000000000001,3.8363000000000005e-17,6824293,2019-03-02 03:28:43,btc,0.0,0.0,0.000000000001,btc,0.0,0.0,0.0,187
,[],17,[],2018-11-16 20:58:10,4062536.27273,0.00000001,0.000000000000550501,4708775,2018-11-16 20:58:10,btc,3.36492563466,0.195460381006,,"btc,eth",110697919.549,0.0,0.0157628953496,187
0,[],22,[],2019-02-27 04:05:17,0.0,0,0,6799309,2019-02-27 04:05:17,,1.19374396,0.0,0,,16308.869534405507,0.0,0.0,191
0,[],22,[],2019-03-01 00:51:27,0.0,0,0,6814858,2019-03-01 00:51:27,,0.0,0.0,0,,0.0,0.0,0.0,197
0,[],23,[],2019-01-20 23:31:41,0.0,0,0,6477079,2019-01-20 23:31:41,,0.0,0.0,0,,0.0,0.0,0.0,199
0,[],22,[],2019-03-02 03:28:46,0.0,0,0,6824294,2019-03-02 03:28:46,,5.19477622,0.0,0,,21058553.0,0.0,0.0,199
1,[],26,[],2019-03-02 03:28:47,0.0,0.00000000,0,6824295,2019-03-02 03:28:47,btc,0.0,0.0,0.00000000,btc,0.0,0.0,0.0,199
0,[],17,[],2019-01-30 16:32:01,0.0,0,0,6540827,2019-01-30 16:32:01,btc,6.802544163788159,0.0,0,btc,105897.55575295,0.0,0.0,200
0,[],2,[],2019-01-20 23:30:49,0.0,0,0,6477059,2019-01-20 23:30:49,,0.0,0.0,0,,0.0,0.0,0.0,201
1,[],4,[],2019-01-25 15:51:35,2084389.58565343,0.00000936,0.000000000333526752,6499557,2019-01-25 15:51:35,btc,2.0092503037378524,0.0,0.00000936,btc,160195.80207885,0.19272417,1.242687955921835,211
1,[],7,[],2019-03-02 03:28:52,3060655.92469608,0.0000013200000000000000673224496983149123252587742172181606292724609375,0.000000000050639160000000005,6824296,2019-03-02 03:28:52,btc,15476836.509566339,302223.201912,0.0000013200000000000000673224496983149123252587742172181606292724609375,btc,13295354.68495237,0.0,2.714235059941123,212
1,[],5,[],2019-03-02 03:28:54,0.0,0,0,6824297,2019-03-02 03:28:54,btc,0.0,0.12722551,0,btc,0.0,0.0,0.0,213
1,[],24,[],2019-03-02 03:28:54,0.0,0.000000120000,0.000000000004603560000000001,6824298,2019-03-02 03:28:54,btc,0.0,0.0,0.000000120000,btc,0.0,0.0,0.0,213
1,[],26,[],2019-03-02 03:28:55,0.0,0.00000010,0.0000000000038363000000000005,6824299,2019-03-02 03:28:55,btc,0.0,0.0,0.00000010,btc,0.0,0.0,0.0,213
1,[],12,[],2019-01-25 02:44:32,207462.42853209,0.000001080000000000000035831255497387193287295303889550268650054931640625,0.000000000038610756000000006,6493050,2019-01-25 02:44:32,btc,85023.03793723314,0.0,0.000001080000000000000035831255497387193287295303889550268650054931640625,btc,43675.73520027,0.000146250909087,0.0348620860622024,213
1,[],22,[],2019-03-02 03:29:00,29644.0,0.00000002,0.00000000000076726,6824300,2019-03-02 03:29:00,BTC,2.2261193,0.0,0.00000002,BTC,481875.3963726171,0.0010292,0.00030203,216
1,[],27,[],2019-03-02 03:29:04,1298602.0,0.00000003,0.0000000000011508900000000002,6824301,2019-03-02 03:29:04,btc,316.25858560644,0.0,0.00000003,"btc,ltc",237761.907,0.0,0.03377204000022388,216
1,[],22,[],2019-03-02 03:29:11,201226.2070459645,0.00000215,0.00000000008248045000000001,6824302,2019-03-02 03:29:11,BTC,12673.40070665,0.0,0.00000215,BTC,369457.15099116566,0.0599528,0.25505188,217
1,[],7,[],2019-03-02 03:29:13,0.0,0,0,6824303,2019-03-02 03:29:13,btc,77969.77488735563,0.0,0,btc,137043486.5550253,0.0,0.0,219
0,[],27,[],2019-03-02 03:29:19,0.0,0,0,6824304,2019-03-02 03:29:19,,0.0205923249480942,0.0,0,btc,1427344.49480942,0.0,0.0,219
0.0000000000000052,[],28,[],2019-03-02 03:29:28,167530653.514,2.34e-18,8.976942000000001e-23,6824305,2019-03-02 03:29:28,doge,83977.39953907319,353992.0,0.00045000,"btc,doge",4848145.53751,0.0,9.09334222840524e-12,219
1,[],22,[],2019-03-02 03:29:33,319564.6666666667,0.00000005,0.0000000000019181500000000003,6824306,2019-03-02 03:29:33,BTC,2.94533216,0.0,0.00000005,BTC,114179.27041875875,2.25e-05,0.00896664,221
1,[],24,[],2019-03-02 03:29:33,0.0,0.000000200000,0.000000000007672600000000001,6824307,2019-03-02 03:29:33,btc,0.0,0.0,0.000000200000,btc,0.0,0.0,0.0,221
1,[],20,[],2019-03-02 03:29:35,39852858.8476,0.000000001,0.000000000000038363,6824308,2019-03-02 03:29:35,btc,48.2361191895339,948685.387,0.000000001,btc,12975085.5074,0.0010017733509,0.0398528588476,224
0,[],22,[],2019-03-02 03:29:38,0.0,0,0,6824309,2019-03-02 03:29:38,,0.0,0.0,0,,0.0,0.0,0.0,224
1,[],26,[],2019-03-02 03:29:38,0.0,0.00000035,0.00000000001342705,6824310,2019-03-02 03:29:38,btc,0.0,0.0,0.00000035,btc,0.0,0.0,0.0,231
1,[],26,[],2019-03-02 03:29:38,0.0,0.00000006,0.0000000000023017800000000003,6824311,2019-03-02 03:29:38,btc,0.0,0.0,0.00000006,btc,0.0,0.0,0.0,234
0.0000000003535667,[],27,[],2019-03-02 03:29:43,2000.0,3.535667e-18,1.3563879312100002e-22,6824312,2019-03-02 03:29:43,eth,0.01134836604,0.0,0.00000001,"btc,eth",11462.996,0.0,7.071334e-15,234
1,[],4,[],2019-03-02 03:29:45,914993.53781995,0.00000078,0.00000000002992314,6824313,2019-03-02 03:29:45,btc,4.478267335720314,0.0,0.00000078,btc,1185542.39076806,0.04126048,0.2853907843747968,236
1,[],24,[],2019-03-02 03:29:45,0.0,0.000000300000,0.0000000000115089,6824314,2019-03-02 03:29:45,btc,0.0,0.0,0.000000300000,btc,0.0,0.0,0.0,236
1,[],20,[],2019-03-02 03:29:47,72263866.7795,0.000000065,0.000000000002493595,6824315,2019-03-02 03:29:47,btc,9.923531130338,21362811.3608,0.000000065,btc,38764289.9431,1.399014935855,0.501291798703,237
0.000000000124379,[],22,[],2019-03-02 03:29:50,14400.0,1.24379e-17,4.771551577e-22,6824316,2019-03-02 03:29:50,LTC,0.0413973,0.0,0.0000001,LTC,7239.0,0.0,0.00144,237
1,[],4,[],2019-03-02 03:29:52,7595861.47201952,0.00000033,0.000000000012659790000000001,6824317,2019-03-02 03:29:52,btc,6.22307620205832,0.0,0.00000033,btc,9728440.68920508,0.41519022,1.7621367975379953,238
1,[],5,[],2019-03-02 03:29:54,0.0,0,0,6824318,2019-03-02 03:29:54,btc,0.0,0.01984868,0,btc,0.0,0.0,0.0,238
0,[],22,[],2019-03-02 03:29:59,0.0,0,0,6824319,2019-03-02 03:29:59,,0.41339518,0.0,0,,316626.5639027493,0.0,0.0,249
0.000000000124379,[],22,[],2019-03-02 03:30:08,86296870.66666667,4.97516e-18,1.9086206308000003e-22,6824320,2019-03-02 03:30:08,LTC,0.36061926,0.0,0.00000004,LTC,11515189.09,3.083446828565e-11,1.86675373,252
1,[],28,[],2019-03-02 03:30:20,2135829.123,0.00000027,0.00000000001035801,6824321,2019-03-02 03:30:20,btc,164725.80125926196,78244.1,0.00000027,btc,2374895.5783,0.0,0.32914861647,256
1,[],22,[],2019-03-02 03:30:25,1053354.0,0.00000001,0.00000000000038363,6824322,2019-03-02 03:30:25,BTC,31.47160001,0.0,0.00000001,BTC,670687.0957866946,0.0,0.01053354,258
1,[],22,[],2019-03-02 03:30:29,48751.0,0.00000001,0.00000000000038363,6824323,2019-03-02 03:30:29,BTC,2.4175745,0.0,0.00000001,BTC,1762.0,0.0,0.00048751,259
1,[],5,[],2019-03-02 03:30:30,0.0,0,0,6824324,2019-03-02 03:30:30,btc,0.0,0.06595127,0,btc,0.0,0.0,0.0,264
1,[],20,[],2019-03-02 03:30:32,1215263.1106,0.00000201,0.00000000007710963,6824325,2019-03-02 03:30:32,btc,7.4725454572816,14874.5705,0.00000201,btc,110790.6844,0.0411948213228,0.0160960572285,264
0,[],22,[],2019-03-02 03:30:39,0.0,0,0,6824326,2019-03-02 03:30:39,,8.33280293,0.0,0,,421298.34411321935,0.0,0.0,271
0,[],22,[],2019-03-02 03:30:43,0.0,0,0,6824327,2019-03-02 03:30:43,,271.27267057,0.0,0,,14421806420.692,0.0,0.0,272
0.0000000000000052,[],28,[],2019-03-02 03:30:49,234473087378.905,4.992e-21,1.9150809600000001e-25,6824328,2019-03-02 03:30:49,doge,35427502.18650561,7859353188.0,0.00000096,doge,188663486798.0366,0.0,6.845907587845697e-10,272
1,[],22,[],2019-03-02 03:30:55,114025.74,0.00000110,0.000000000042199300000000003,6824329,2019-03-02 03:30:55,BTC,74.20234185,0.0,0.00000110,"BTC,LTC",8368.517743939856,0.01172131,0.04276991,281
1,[],22,[],2019-03-02 03:31:00,834733.5,0.00000002,0.00000000000076726,6824330,2019-03-02 03:31:00,BTC,1.332275,0.0,0.00000002,BTC,135600.33221218394,8.162e-05,0.01656255,286
0,[],22,[],2019-03-01 23:03:05,0.0,0,0,6822721,2019-03-01 23:03:05,,43636.1539348,0.0,0,,398471066.0,0.0,0.0,294
