pairValue,buyBook,exchangeId,sellBook,updated,buyTotal,satoshiPrice,usdPrice,exchangeLogId,created,bestPair,sellTotalBtc,volume,pairPrice,activePairs,sellTotal,volumeBtc,buyTotalBtc,coinId
1,[],3,[],2019-02-11 20:52:30,130.952394878521,0.01310962000000000064747762706929279374890029430389404296875,0.0000004776490047000001,6637996,2019-02-11 20:52:30,btc,107.05620194656863,0.019595272549,0.01310962000000000064747762706929279374890029430389404296875,btc,20.596313484941,0.0,0.2904110456178123,1
1,[],4,[],2019-02-11 20:52:30,323.25052555,0.01317064,0.0000004798722684,6637997,2019-02-11 20:52:30,btc,0.9455431847674695,0.0,0.01317064,btc,68.15502217,0.82202673,1.5510653550899944,1
1,[],5,[],2019-02-11 20:52:33,0.34787893,0.01300137,0.00000047370491595,6637998,2019-02-11 20:52:33,btc,14577.90983248,6.256e-05,0.01300137,btc,35555556.05861302,0.0,2.66273536,1
1,[],10,[],2019-02-11 20:52:37,414493.32263767,0.01220001,0.00000044450736435,6637999,2019-02-11 20:52:37,btc,6532.35415756183,1034.45335006,0.01220001,btc,967.02681114,0.0,3.9580372845480483,1
1,[],12,[],2019-02-11 20:52:39,10438.10510308,0.01299999999999999940325512426397835952229797840118408203125,0.000000473655,6638000,2019-02-11 20:52:39,btc,0.4570924276231,0.0,0.01299999999999999940325512426397835952229797840118408203125,btc,27.40887761,1.6306105240462,0.3822987579246,1
1,[],20,[],2019-02-11 20:52:42,1151.3756,0.010400104,0.00000037892778924,6638001,2019-02-11 20:52:42,btc,0.0573537536243,0.0,0.010400104,btc,2.5253,0.0,0.0832230764283,1
1,[],21,[],2019-02-11 20:52:43,2525.42340098,0.01315447999999999964537700237,0.0000004792834788,6638002,2019-02-11 20:52:43,btc,13.774796496189857,4652.010764139999,0.0131544799999999996453770023663309984840452671051025390625,"btc,eth",1473.58681762,55.29982961927074,22.492336914019052,1
1,[],22,[],2019-02-11 20:52:47,0.0280576,0.01350000,0.0000004918725,6638003,2019-02-11 20:52:47,BTC,0.3139634,0.0,0.01350000,BTC,0.10070366666666666,0.0,0.00036518,1
1,[],24,[],2019-02-11 20:52:48,0.0,0.000000000000,0,6638004,2019-02-11 20:52:48,btc,0.0,0.0,0.000000000000,btc,0.0,0.0,0.0,1
0.0,[],25,[],2019-02-11 20:52:48,0.0,0,0,6638005,2019-02-11 20:52:48,btc,23.033499997455312,916.89434301,0.0,btc,1703.68493114,12.1753,0.0,1
1,[],26,[],2019-02-11 20:52:58,0.0,0,0,6638006,2019-02-11 20:52:58,,0.0,0.0,0,,0.0,0.0,0.0,1
1,[],28,[],2019-02-11 20:53:03,992.968,0.01231000,0.00000044851485,6638007,2019-02-11 20:53:03,btc,0.163517306,18026.75,0.01231000,btc,8.95,0.0,0.086870176,1
0,[],2,[],2019-01-20 23:28:45,0.0,0,0,6477011,2019-01-20 23:28:45,,0.0,0.0,0,,0.0,0.0,0.0,1
1,[],5,[],2019-02-11 20:53:05,8.73e-06,0.00000050,0.0000000000182175,6638008,2019-02-11 20:53:05,btc,0.14668939,0.07847214,0.00000050,btc,6.298e-05,0.0,0.15380652,2
1,[],22,[],2019-02-11 20:53:10,1348.0,0.00000018,0.0000000000065583000000000004,6638009,2019-02-11 20:53:10,BTC,4.22139106,0.0,0.00000018,"BTC,XMR",14654.709143333333,0.0,0.00091235,2
1,[],5,[],2019-02-11 20:53:12,1.12e-06,0.00000016,0.0000000000058296,6638010,2019-02-11 20:53:12,btc,4.33137069,0.00414441,0.00000016,btc,2.278e-05,0.0,2.89842162,3
1,[],12,[],2019-02-11 20:53:13,12113862.97662449,0.000000169,0.000000000006157515,6638011,2019-02-11 20:53:13,btc,923494.5778554608,0.0,0.000000169,btc,8374245.02223074,0.03317552070266821,0.4878331686468716,3
0,[],28,[],2019-02-11 20:53:17,0.0,0,0,6638012,2019-02-11 20:53:17,,0.0,0.0,0,,0.0,0.0,0.0,3
0,[],2,[],2019-01-20 23:31:32,0.0,0,0,6477077,2019-01-20 23:31:32,,0.0,0.0,0,,0.0,0.0,0.0,4
1,[],4,[],2019-02-11 20:53:18,383087.51963042,0.00000033,0.00000000001202355,6638013,2019-02-11 20:53:18,btc,0.3813419301034616,0.0,0.00000033,btc,338565.10181884,0.0007977,0.0490194166940436,4
1,[],12,[],2019-02-11 20:53:20,1574082.67700001,0.00000005,0.00000000000182175,6638014,2019-02-11 20:53:20,btc,11113878.3533149,0.0,0.00000005,btc,1004384.27743282,0.001514757492507,0.0268556981900005,5
0,[],2,[],2019-01-20 23:31:51,0.0,0,0,6477087,2019-01-20 23:31:51,,0.0,0.0,0,,0.0,0.0,0.0,6
1,[],11,[],2019-02-11 20:53:22,1013270.9999525,0.00000002,0.0000000000007287,6638015,2019-02-11 20:53:22,btc,9433.322586456285,694817.5,0.00000002,btc,40712597.9406106,0.0,0.01157511499905,6
1,[],3,[],2019-02-11 20:53:23,1074.273146428111,0.00014521000000000000053346216333238771767355501651763916015625,0.0000000052907263500000005,6638016,2019-02-11 20:53:23,btc,28.399990609446498,0.0,0.00014521000000000000053346216333238771767355501651763916015625,btc,235.145665820227,0.0,0.031531977816658056,7
1,[],4,[],2019-02-11 20:53:23,22502.18667691,0.00019138,0.0000000069729303,6638017,2019-02-11 20:53:23,btc,1.349156911934695,0.0,0.00019138,btc,6544.42053858,2.05454216,3.7525910903598394,7
1,[],5,[],2019-02-11 20:53:24,0.00562014,0.00019000,0.00000000692265,6638018,2019-02-11 20:53:24,btc,1.92871153,0.17926624,0.00019000,btc,0.01216289,0.0,1.58971096,7
1,[],20,[],2019-02-11 20:53:27,59781135.5697,0.000000001,0.000000000000036435,6638019,2019-02-11 20:53:27,btc,116.5923532606651,315535.1265,0.000000001,btc,33662875.6586,0.0003155351265,0.0597811355697,8
0,[],2,[],2019-01-20 23:22:42,0.0,0,0,6476876,2019-01-20 23:22:42,,0.0,0.0,0,,0.0,0.0,0.0,9
0,[],23,[],2019-01-20 23:22:48,0.0,0,0,6476878,2019-01-20 23:22:48,,0.0,0.0,0,,0.0,0.0,0.0,9
1,[],1,[],2019-02-11 20:53:28,2617548.98,0.000001940000000000000060442102711721901187047478742897510528564453125,0.0000000000706839,6638020,2019-02-11 20:53:28,btc,4.3441267607,15188599.84,0.000001940000000000000060442102711721901187047478742897510528564453125,btc,2192005.7600000002,29.85622821,5.013694409,9
1,[],4,[],2019-02-11 20:53:28,637814.43547815,0.00000194,0.0000000000706839,6638021,2019-02-11 20:53:28,btc,0.8103675863884579,0.0,0.00000194,btc,405460.59484915,1.18423587,1.199016732748452,9
1,[],28,[],2019-02-11 20:53:30,34500.0,0.00000165,0.00000000006011775,6638022,2019-02-11 20:53:30,btc,2708.767109048,3557795.08,0.00000165,btc,14964.28,0.0,0.02854,9
1,[],4,[],2019-02-10 09:54:02,5828483.02026053,0.00000002,0.000000000000726692,6623074,2019-02-10 09:54:02,btc,0.2014004865591215,0.0,0.00000002,btc,4198675.28035349,0.00021932,0.0653957035452106,10
0,[],2,[],2019-01-20 23:23:08,0.0,0,0,6476890,2019-01-20 23:23:08,,0.0,0.0,0,,0.0,0.0,0.0,12
1,[],4,[],2019-02-11 20:53:32,1963575.62619923,0.00000145,0.00000000005283075,6638023,2019-02-11 20:53:32,btc,1.3474520361826492,0.0,0.00000145,btc,878214.73709005,1.27581734,2.7047883865197684,12
1,[],5,[],2019-02-11 20:53:33,2.121e-05,0.00000141,0.00000000005137335,6638024,2019-02-11 20:53:33,btc,0.42797445,0.58236422,0.00000141,btc,0.00011071,0.0,0.3853073,12
0.0,[],25,[],2019-02-11 20:53:35,0.0,0,0,6638025,2019-02-11 20:53:35,,0.0,0.0,0.0,btc,0.0,0.0,0.0,12
1,[],4,[],2019-02-11 20:53:36,1301310.50717215,0.00000608,0.0000000002215248,6638026,2019-02-11 20:53:36,btc,0.8844550930436117,0.0,0.00000608,btc,127600.47619551,0.58229648,1.2346931677170134,13
1,[],10,[],2019-02-11 20:53:39,440987.66172392,0.00000579,0.00000000021095865,6638027,2019-02-11 20:53:39,btc,666806.4195488865,6890.71630872,0.00000579,btc,745731.04755133,0.0,0.3518953675583029,13
1,[],21,[],2019-02-11 20:53:40,1040052.32542492,0.000005969999999999999592203373672,0.00000000021751695,6638028,2019-02-11 20:53:40,btc,3.945954865826393,760692.45319198,0.0000059699999999999995922033736717171592545128078199923038482666015625,btc,585027.37486266,4.6483098,4.122433354692916,13
1,[],4,[],2019-02-11 20:53:41,1022411.21188504,0.00000138,0.0000000000502803,6638029,2019-02-11 20:53:41,btc,0.1396207231432477,0.0,0.00000138,btc,78584.58256205,0.01292361,0.4125125664590788,14
1,[],12,[],2019-02-11 20:53:43,87594.0,0.000001250000000000000102253817392539136932327892282046377658843994140625,0.000000000045543750000000005,6638030,2019-02-11 20:53:43,btc,1.7668998217980003,0.0,0.000001250000000000000102253817392539136932327892282046377658843994140625,btc,28870.33636749,6.273e-05,0.00910626,14
0,[],17,[],2019-02-11 20:53:45,0.0,0,0,6638031,2019-02-11 20:53:45,btc,0.0,0.0,0,btc,0.0,0.0,0.0,14
1,[],26,[],2019-02-11 20:53:45,0.0,0.00000050,0.0000000000182175,6638032,2019-02-11 20:53:45,btc,0.0,0.0,0.00000050,btc,0.0,0.0,0.0,14
,[],12,[],2018-12-01 15:15:48,204241.84496,0.00000489,0.000000000202473384,5260204,2018-12-01 15:15:48,btc,49.5475654835,0.0,,btc,35763.2193806,0.0163153972027625,0.0203389899998,15
0,[],4,[],2019-02-11 20:53:46,0.0,0,0,6638033,2019-02-11 20:53:46,,0.0,0.0,0,,0.0,0.0,0.0,15
0,[],2,[],2019-01-20 23:23:38,0.0,0,0,6476906,2019-01-20 23:23:38,,0.0,0.0,0,,0.0,0.0,0.0,18
0,[],4,[],2019-02-11 20:55:47,0.0,0,0,6638034,2019-02-11 20:55:47,,0.0,0.0,0,,0.0,0.01744837,0.0,18
1,[],10,[],2019-02-11 20:55:49,789321.17712831,0.0000184,0.000000000670404,6638035,2019-02-11 20:55:49,btc,15.534995044369087,329.93743233,0.0000184,btc,10403.08299186,0.0,0.3019506928572426,18
1,[],12,[],2019-02-11 20:55:50,204916.29692119,0.000017770000000000000964055224539350774648482911288738250732421875,0.0000000006474499500000001,6638036,2019-02-11 20:55:50,btc,21.66203510784984,0.0,0.000017770000000000000964055224539350774648482911288738250732421875,btc,1820.28259192,2.94811597e-05,0.0453138975893143,18
0,[],17,[],2019-02-11 20:55:52,0.0,0,0,6638037,2019-02-11 20:55:52,btc,0.0,0.0,0,btc,0.0,0.0,0.0,18
0,[],2,[],2019-01-20 23:24:19,0.0,0,0,6476924,2019-01-20 23:24:19,,0.0,0.0,0,,0.0,0.0,0.0,19
1,[],3,[],2019-02-11 20:55:53,129649.59871618681,0.0000250099999999999994082337806400317958832602016627788543701171875,0.0000000009112393499999999,6638038,2019-02-11 20:55:53,btc,0.4672449630434957,0.0,0.0000250099999999999994082337806400317958832602016627788543701171875,btc,5018.393100515442,0.0,0.09980301493181616,19
1,[],4,[],2019-02-11 20:55:53,222759.31742225,0.00002915,0.00000000106208025,6638039,2019-02-11 20:55:53,btc,0.3381782932568798,0.0,0.00002915,btc,10352.36556424,0.57060986,2.6488341113487683,19
1,[],5,[],2019-02-11 20:55:55,0.00025791,0.00002521,0.00000000091852635,6638040,2019-02-11 20:55:55,btc,0.23023177,0.00078086,0.00002521,btc,0.00288211,0.0,0.07743859,19
1,[],12,[],2019-02-11 20:55:57,134912.6271899,0.00002317000000000000008442031795841131724955630488693714141845703125,0.00000000084419895,6638041,2019-02-11 20:55:57,btc,0.0319955413457446,0.0,0.00002317000000000000008442031795841131724955630488693714141845703125,btc,352.20824053,0.0,0.034913781989982996,19
0,[],27,[],2019-02-11 20:56:00,0.0,0,0,6638042,2019-02-11 20:56:00,,0.0,0.0,0,btc,0.0,0.0,0.0,19
1,[],4,[],2019-02-11 20:56:02,8246372.49147127,0.00000015,0.00000000000546525,6638043,2019-02-11 20:56:02,btc,0.7688148810048183,0.0,0.00000015,btc,1574196.68621323,0.00497117,0.2847909977503536,20
1,[],4,[],2019-02-11 20:56:02,111640294.18584271,0.00000002,0.0000000000007287,6638044,2019-02-11 20:56:02,btc,0.6091824675255317,0.0,0.00000002,btc,16879071.16922736,0.02536472,1.3009730879266945,21
1,[],12,[],2019-02-11 20:56:04,17624470.0,0.00000002,0.0000000000007287,6638045,2019-02-11 20:56:04,btc,669.7258475491021,0.0,0.00000002,btc,8580604.84915351,0.0276,0.22552968,21
0,[],17,[],2019-02-11 20:56:06,0.0,0,0,6638046,2019-02-11 20:56:06,btc,0.0,0.0,0,btc,0.0,0.0,0.0,21
1,[],12,[],2019-02-11 20:56:08,2914133496.043896,0.0000000002,0.000000000000007287,6638047,2019-02-11 20:56:08,btc,825864718658.6436,0.0,0.0000000002,btc,4294251104.729473,0.006262747812987146,0.33451409965558976,23
0,[],27,[],2019-02-11 20:56:10,0.0,0,0,6638048,2019-02-11 20:56:10,,0.7240921565934114,0.0,0,eth,727098.85514486,0.0,0.0,23
1,[],4,[],2019-02-11 20:56:11,382420.11132299,0.00000068,0.0000000000247758,6638049,2019-02-11 20:56:11,btc,0.1656672045878017,0.0,0.00000068,btc,153340.13621928,0.02879762,0.1930566041673812,24
1,[],22,[],2019-02-11 20:56:14,11.76,0.00000100,0.000000000036435,6638050,2019-02-11 20:56:14,BTC,7.415e-05,0.0,0.00000100,BTC,23.919354838709676,0.0,1.176e-05,24
0.0,[],25,[],2019-02-11 20:56:15,0.0,0,0,6638051,2019-02-11 20:56:15,,0.0,0.0,0.0,btc,0.0,0.0,0.0,24
0,[],2,[],2019-01-20 23:25:56,0.0,0,0,6476976,2019-01-20 23:25:56,,0.0,0.0,0,,0.0,0.0,0.0,26
1,[],4,[],2019-02-11 20:56:18,27834074.35007409,0.00000587,0.00000000021387345,6638052,2019-02-11 20:56:18,btc,0.5175984166406026,0.0,0.00000587,btc,49837.0497766,0.10321675,0.4100298017032884,26
1,[],10,[],2019-02-11 20:56:19,730947.4321827,0.00000601,0.00000000021897435,6638053,2019-02-11 20:56:19,btc,25.91572666839495,0.0,0.00000601,btc,13164.47848257,0.0,0.213205382896882,26
1,[],3,[],2019-02-11 20:56:20,5906795.0,0.00000001,0.00000000000036435,6638054,2019-02-11 20:56:20,btc,2.515509586174345,167093.95,0.00000001,btc,16502569.42586114,0.0,0.05906795,27
1,[],5,[],2019-02-11 20:56:22,1e-08,0.00000001,0.00000000000036435,6638055,2019-02-11 20:56:22,btc,1.59370642,0.00029891,0.00000001,btc,4.577e-05,0.0,0.11923465,27
1,[],11,[],2019-02-11 20:56:23,10063996.7912115,0.00000005,0.00000000000182175,6638056,2019-02-11 20:56:23,btc,370.63310344475406,219.9,0.00000005,btc,8170877.7193934005,0.0,0.4661006184459823,27
1,[],4,[],2019-02-11 20:56:24,514623858.7239483,0.00000002,0.0000000000007287,6638057,2019-02-11 20:56:24,btc,0.235692938235909,0.0,0.00000002,"btc,ltc",25037516.10471755,0.30881129,7.141000625854995,29
1,[],7,[],2019-02-11 20:56:25,29035416.775896247,0.00000002,0.0000000000007287,6638058,2019-02-11 20:56:25,btc,44465207.127922386,7938.03668053,0.00000002,btc,52569078.26659874,0.00023814,0.4259103721086603,29
1,[],4,[],2019-02-11 20:56:26,1585665.26872956,0.00000028,0.0000000000102018,6638059,2019-02-11 20:56:26,btc,0.1999717868550414,0.0,0.00000028,btc,427111.70212775,0.00679023,0.1375381125222689,30
0,[],17,[],2019-02-11 20:56:27,0.0,0,0,6638060,2019-02-11 20:56:27,btc,0.0,0.0,0,btc,0.0,0.0,0.0,30
1,[],4,[],2019-02-11 20:56:29,1762748.85419684,0.00006435,0.00000000234459225,6638061,2019-02-11 20:56:29,btc,1.040439693639489,0.0,0.00006435,btc,13059.72294714,1.10075081,2.6248054032689625,31
1,[],21,[],2019-02-11 20:56:30,60571.78393156,0.00006446000000000000286406315331,0.0000000023486001,6638062,2019-02-11 20:56:30,btc,2.027748631378555,87105.9457888,0.000064460000000000002864063153307228049015975557267665863037109375,btc,29330.73362755,5.61029694,3.6155743159543663,31
0,[],2,[],2019-01-20 23:28:43,0.0,0,0,6477009,2019-01-20 23:28:43,,0.0,0.0,0,,0.0,0.0,0.0,32
1,[],4,[],2019-02-11 20:56:31,134904403.55909434,0.00000004,0.0000000000014574,6638063,2019-02-11 20:56:31,btc,2.101698898507619,0.0,0.00000004,"btc,ltc",45778054.65970709,0.16304558,1.9043148050705248,33
1,[],12,[],2019-02-11 20:56:31,12146429.0,0.00000005,0.00000000000182175,6638064,2019-02-11 20:56:31,btc,34509093.82601881,0.0,0.00000005,btc,89768938.00499484,0.080065428371628,0.3711839,33
1,[],4,[],2019-02-11 20:56:33,117586534.25115792,0.00000002,0.0000000000007287,6638065,2019-02-11 20:56:33,btc,0.7469392382411442,0.0,0.00000002,btc,24897974.60803814,0.12838741,1.1762677161515793,34
1,[],5,[],2019-02-11 20:56:34,1e-08,0.00000001,0.00000000000036435,6638066,2019-02-11 20:56:34,btc,4.4155786,1.06606082,0.00000001,btc,1.394e-05,0.0,0.73807466,34
0.000000000118395,[],4,[],2019-02-11 20:56:35,690567323.6765068,3.55185e-18,1.2941165475e-22,6638067,2019-02-11 20:56:35,ltc,1.0333168455993126e-08,0.0,0.00000003,ltc,1858047454.9228644,0.0,1.2342402712525399e-09,36
1,[],5,[],2019-02-11 20:56:36,0.0,0,0,6638068,2019-02-11 20:56:36,btc,197.38445614,0.0,0,btc,1.325e-05,0.0,0.0,36
0,[],17,[],2019-02-11 20:56:37,0.0,0,0,6638069,2019-02-11 20:56:37,btc,0.14155809866999708,0.0,0,btc,10796613.27743647,0.0,0.0,36
0.000000000118395,[],27,[],2019-02-11 20:56:40,1000000.0,2.3679e-18,8.62744365e-23,6638070,2019-02-11 20:56:40,ltc,240.2503276744,0.0,0.00000002,"ltc,eth",3711879.06,0.0,2.3679e-12,36
1,[],4,[],2019-02-11 20:56:41,274172.87524775,0.00000131,0.000000000047729850000000003,6638071,2019-02-11 20:56:41,btc,0.5405322336422584,0.0,0.00000131,btc,329575.16813619,0.15380658,0.173468383855324,37
1,[],12,[],2019-02-11 20:56:42,389111.68342153,0.000001309999999999999951307938332589753116508290986530482769012451171875,0.00000000004772985,6638072,2019-02-11 20:56:42,btc,1341.2767862152282,0.0,0.000001309999999999999951307938332589753116508290986530482769012451171875,btc,743522.81051644,0.1010332640659587,0.1722563400000078,37
1,[],17,[],2019-02-11 20:56:43,1752.74075282,0.00000025,0.00000000000910875,6638073,2019-02-11 20:56:43,btc,0.05548492397947587,0.0,0.00000025,btc,1387.19918473,0.0,0.00043818518820499993,37
1,[],27,[],2019-02-11 20:56:45,14852.0,0.0000005,0.0000000000182175,6638074,2019-02-11 20:56:45,btc,51.75602025030353,0.0,0.0000005,btc,29579.81438508,0.0,0.00488022,37
1,[],5,[],2019-02-11 20:56:47,1.38e-05,0.00000093,0.00000000003388455,6638075,2019-02-11 20:56:47,btc,0.08857346,0.10833875,0.00000093,btc,9.206e-05,0.0,0.03853085,42
1,[],12,[],2019-02-11 20:56:48,131117.24870899,0.0000010600000000000000155604695795119596368749625980854034423828125,0.0000000000386211,6638076,2019-02-11 20:56:48,btc,93.36994460408229,0.0,0.0000010600000000000000155604695795119596368749625980854034423828125,btc,102504.57058698,0.0431107545077952,0.0497744900000096,42
0,[],27,[],2019-02-11 20:56:50,0.0,0,0,6638077,2019-02-11 20:56:50,,0.00315028,0.0,0,"btc,eth",11.007,0.0,0.0,42
0,[],17,[],2019-02-11 20:56:58,0.0,0,0,6638080,2019-02-11 20:56:58,btc,0.0,0.0,0,btc,0.0,0.0,0.0,43
1,[],5,[],2019-02-11 20:56:55,6e-08,0.00000003,0.00000000000109305,6638078,2019-02-11 20:56:55,btc,6.25851383,0.00052003,0.00000003,btc,1.425e-05,0.0,0.56206155,43
1,[],12,[],2019-02-11 20:56:56,3951763.0,0.00000001,0.00000000000036435,6638079,2019-02-11 20:56:56,btc,20007456.492501527,0.0,0.00000001,btc,38967697.19920079,2.2e-06,0.03951763,43
1,[],12,[],2019-02-11 20:56:59,760905.0,0.00000005,0.00000000000182175,6638081,2019-02-11 20:56:59,btc,11115166.85784967,0.0,0.00000005,btc,1021828.64235763,0.0028569400899094,0.02130205,44
1,[],4,[],2019-02-11 20:57:00,225357038.70602155,0.00000002,0.0000000000007287,6638082,2019-02-11 20:57:00,btc,0.19246707815155623,0.0,0.00000002,"btc,ltc",4628907.18819572,0.00318419,0.4292363370497661,49
0.000000000118395,[],4,[],2019-02-11 20:57:00,2604101487.101079,1.18395e-18,4.313721825e-23,6638083,2019-02-11 20:57:00,ltc,4.645173507318564,0.0,0.00000001,ltc,3076520967.7179694,0.0,3.0831259556533223e-09,52
0,[],22,[],2019-02-11 09:44:56,0.0,0,0,6632671,2019-02-11 09:44:56,,3935.19376955,0.0,0,,263411682.90882352,0.0,0.0,57
0,[],27,[],2019-02-11 09:44:58,0.0,0,0,6632672,2019-02-11 09:44:58,,0.0,0.0,0,"btc,eth",0.0,0.0,0.0,57
0.000000000118395,[],4,[],2019-02-11 20:57:01,1167128570.114359,5.91975e-18,2.1568609125e-22,6638084,2019-02-11 20:57:01,ltc,3.2794086077695868,0.0,0.00000005,ltc,949516188.3217124,0.0,3.4794773079765717e-09,58
1,[],12,[],2019-02-11 20:57:02,1922998622.843957,0.0000000005,0.000000000000018217500000000002,6638085,2019-02-11 20:57:02,btc,224005489759.28418,0.0,0.0000000005,btc,3715067483.8614435,0.012840042626873103,0.6765519071011392,58
0,[],17,[],2019-02-11 20:57:04,0.0,0,0,6638086,2019-02-11 20:57:04,btc,1e+24,0.0,0,btc,41481695.95832568,0.0,0.0,58
0.00000000012885580000000001,[],22,[],2019-02-11 20:57:08,137438.0,1.2885580000000001e-18,4.6948610730000004e-23,6638087,2019-02-11 20:57:08,XMR,69.8835922,0.0,0.00000001,XMR,9887963.0,0.0,0.00137438,58
1,[],5,[],2019-02-11 20:57:09,1.919e-05,0.00000099,0.00000000003607065,6638088,2019-02-11 20:57:09,btc,0.27669772,0.02760351,0.00000099,btc,0.00016759,0.0,0.07388087,61
1,[],22,[],2019-02-11 20:57:14,5149.5,0.00000011,0.00000000000400785,6638089,2019-02-11 20:57:14,BTC,1002.29598212,0.0,0.00000011,BTC,14957.700278135757,0.0,0.00051596,61
1,[],26,[],2019-02-11 20:57:14,0.0,0.00000800,0.00000000029148,6638090,2019-02-11 20:57:14,btc,0.0,0.0,0.00000800,btc,0.0,0.0,0.0,61
1,[],27,[],2019-02-11 20:57:16,12554.3559,0.00000059,0.000000000021496650000000002,6638091,2019-02-11 20:57:16,btc,10.764413334806674,0.0,0.00000059,"btc,eth",15310.44146575,0.0,0.0013863899827582817,61
1,[],28,[],2019-02-11 20:57:22,19904.304,0.00000101,0.00000000003679935,6638092,2019-02-11 20:57:22,btc,2.056400593700105,775.0,0.00000101,btc,9787.52450005,0.0,0.00994531304,61
1,[],4,[],2019-02-11 20:57:23,740951.52151846,0.00000233,0.00000000008489355,6638093,2019-02-11 20:57:23,btc,1.0724424939154278,0.0,0.00000233,btc,267365.69809463,0.11431532,0.8883693307432483,67
0.0,[],25,[],2019-02-11 20:57:24,0.0,0,0,6638094,2019-02-11 20:57:24,,0.0,0.0,0.0,btc,0.0,0.0,0.0,67
1,[],12,[],2019-02-11 20:57:26,2764812.15698415,0.0000003,0.000000000010930499999999999,6638095,2019-02-11 20:57:26,btc,11115896.073550532,0.0,0.0000003,btc,1591220.47132168,0.031861132077922,0.1060781955320207,71
,[],5,[],2018-11-20 23:02:39,1.5e-07,0.00000005,0.000000000002128045,4862160,2018-11-20 23:02:39,btc,2.84511358,0.0,,btc,0.00036572,0.0,0.07381892,74
1,[],5,[],2019-01-25 15:53:51,3.303e-05,0.00000156,0.000000000055588884,6499610,2019-01-25 15:53:51,btc,1.42844212,0.0,0.00000156,btc,0.00015937,0.0,0.49487621,75
1,[],4,[],2019-02-11 20:57:27,42510294.16892337,0.00000001,0.00000000000036435,6638096,2019-02-11 20:57:27,btc,0.7675351259914514,0.0,0.00000001,btc,14662066.58791845,0.0,0.4251029416892337,81
0,[],20,[],2019-01-25 09:30:31,0.0,0,0,6495923,2019-01-25 09:30:31,btc,0.0,0.0,0,btc,0.0,0.0,0.0,81
1,[],4,[],2019-02-11 20:57:29,23860.39845446,0.00007410,0.0000000026998335,6638097,2019-02-11 20:57:29,btc,0.8926984300589969,0.0,0.00007410,btc,8039.16831006,0.00410619,0.091948872505859,82
1,[],21,[],2019-02-11 20:57:30,65364.607930729995,0.00007512999999999999387913229842,0.00000000273736155,6638098,2019-02-11 20:57:30,btc,3.458849189087653,3165.02273259,0.00007512999999999999387913229842439477579318918287754058837890625,btc,40222.09998727,0.23788704,2.9886657567534,82
0,[],17,[],2019-02-07 10:02:39,0.0,0,0,6611495,2019-02-07 10:02:39,btc,0.0447233088476774,0.0,0,btc,999127.19588126,0.0,0.0,84
0.000000000118395,[],4,[],2019-02-11 20:57:31,134333626.05278185,8.287649999999999e-18,3.0196052774999997e-22,6638099,2019-02-11 20:57:31,ltc,0.19569063263907407,0.0,0.00000007,ltc,91172823.65016237,0.0,5.388435884474733e-10,85
,[],22,[],2018-11-20 23:09:34,3408.1,0.0000001,0.0000000000041895,4862324,2018-11-20 23:09:34,BTC,0.04624735,0.0,,BTC,4990.0,0.0,0.00033081,86
0,[],22,[],2019-02-11 20:57:34,0.0,0,0,6638100,2019-02-11 20:57:34,,2.0760781,0.0,0,,140622.94736842104,0.0,0.0,87
0,[],27,[],2019-02-11 20:57:35,0.0,0,0,6638101,2019-02-11 20:57:35,,0.0,0.0,0,btc,0.0,0.0,0.0,87
,[],2,[],2018-11-20 23:10:47,0.0,0,0,4862359,2018-11-20 23:10:47,,0.0,0.0,,,0.0,0.0,0.0,88
1,[],11,[],2019-02-11 20:57:38,93984.16147723,0.000153040000000000011963485757604530590469948947429656982421875,0.0000000055760124000000004,6638102,2019-02-11 20:57:38,btc,702.2975721686124,1476.39316427,0.000153040000000000011963485757604530590469948947429656982421875,btc,187474.61573475,0.0,6.181837198545745,89
0,[],2,[],2019-01-20 23:31:45,0.0,0,0,6477083,2019-01-20 23:31:45,,0.0,0.0,0,,0.0,0.0,0.0,91
1,[],12,[],2019-02-11 13:47:32,437960.33682877,0.000003019999999999999884515121395534009707262157462537288665771484375,0.000000000109760692,6634220,2019-02-11 13:47:32,btc,1115.1226716710362,0.0,0.000003019999999999999884515121395534009707262157462537288665771484375,btc,41720.28046543,0.0086842655559191,0.0662389005708671,91
0,[],17,[],2019-02-11 13:47:34,0.0,0,0,6634221,2019-02-11 13:47:34,btc,0.0,0.0,0,btc,0.0,0.0,0.0,91
0.000000000118395,[],22,[],2019-02-11 20:57:42,23303133.4,5.91975e-18,2.1568609125e-22,6638103,2019-02-11 20:57:42,LTC,8.17576354,0.0,0.00000005,LTC,67492261.1,0.0,0.89647531,95
1,[],4,[],2019-02-11 20:57:43,136090620.62321353,0.00000001,0.00000000000036435,6638104,2019-02-11 20:57:43,btc,0.9615238381348018,0.0,0.00000001,"btc,ltc",47963376.86370184,0.00710337,0.013594122028753652,96
1,[],12,[],2019-02-11 20:57:43,759848.0,0.00000001,0.00000000000036435,6638105,2019-02-11 20:57:43,btc,255063.4736351099,0.0,0.00000001,btc,8812348.54676297,0.0005526,0.00759848,96
0,[],17,[],2019-02-11 20:57:45,0.0,0,0,6638106,2019-02-11 20:57:45,btc,0.0,0.0,0,btc,0.0,0.0,0.0,96
1,[],4,[],2019-02-11 20:57:45,1796710.70240567,0.00000036,0.000000000013116600000000001,6638107,2019-02-11 20:57:45,btc,0.2067671155542731,0.0,0.00000036,btc,418551.14996577,0.02313838,0.2213711052651898,99
1,[],4,[],2019-02-11 20:57:46,212470.31067245,0.00004190,0.0000000015266265,6638108,2019-02-11 20:57:46,btc,1.6719535341812062,0.0,0.00004190,btc,35426.36654502,1.38748755,1.2762216398303956,100
0,[],2,[],2019-01-20 23:23:55,0.0,0,0,6476914,2019-01-20 23:23:55,,0.0,0.0,0,,0.0,0.0,0.0,100
1,[],22,[],2019-02-11 20:57:50,50000.0,0.00000001,0.00000000000036435,6638109,2019-02-11 20:57:50,BTC,23.49896609,0.0,0.00000001,BTC,10277.22,0.0,0.0005,101
1,[],4,[],2019-02-11 20:57:51,116066.80749739,0.00000102,0.0000000000371637,6638110,2019-02-11 20:57:51,btc,0.4232555877682299,0.0,0.00000102,btc,160186.15851836,0.01983262,0.0660966884090913,103
1,[],12,[],2019-02-11 20:57:54,52053420.4663887,0.000000016,0.0000000000005829600000000001,6638111,2019-02-11 20:57:54,btc,137278794.6517609,0.0,0.000000016,btc,128386147.02763917,0.04953432970229842,0.2994235734622192,105
1,[],27,[],2019-02-11 20:57:55,4209342.89,0.00000001,0.00000000000036435,6638112,2019-02-11 20:57:55,btc,1.62008275136923,0.0,0.00000001,btc,575169.42860553,0.0,0.0420934289,105
0,[],22,[],2019-02-11 20:57:59,0.0,0,0,6638113,2019-02-11 20:57:59,,1.07253299,0.0,0,,94300.0,0.0,0.0,107
1,[],26,[],2019-02-11 20:57:59,0.0,0.00000000,0,6638114,2019-02-11 20:57:59,btc,0.0,0.0,0.00000000,btc,0.0,0.0,0.0,107
1,[],5,[],2019-02-11 20:58:01,1e-08,0.00000001,0.00000000000036435,6638115,2019-02-11 20:58:01,btc,2.89526906,2.157e-05,0.00000001,btc,1.571e-05,0.0,0.08746135,112
1,[],22,[],2019-02-11 20:58:05,189099.0,0.00000002,0.0000000000007287,6638116,2019-02-11 20:58:05,BTC,2.81183288,0.0,0.00000002,BTC,808524.0833333334,0.0,0.00189105,112
0.0000000003335765,[],27,[],2019-02-11 20:58:08,500000.0,3.335765e-18,1.2153859777500002e-22,6638117,2019-02-11 20:58:08,eth,1.35132491849924,0.0,0.00000001,"btc,eth",1328.641654,0.0,1.6678825000000002e-12,112
1,[],4,[],2019-02-11 20:58:08,471772.54384831,0.00000334,0.00000000012169290000000002,6638118,2019-02-11 20:58:08,btc,0.2271954295873372,0.0,0.00000334,btc,52896.0398805,0.10106769,0.2812030364003728,113
1,[],5,[],2019-02-11 20:58:10,1.232e-05,0.00000320,0.000000000116592,6638119,2019-02-11 20:58:10,btc,0.88316837,0.0,0.00000320,btc,0.00160736,0.0,0.29770362,113
1,[],17,[],2019-02-11 20:58:12,172038.724,0.00000004,0.0000000000014574,6638120,2019-02-11 20:58:12,btc,1.3373630274551322,0.0001,0.00000004,btc,60896.221,0.0,0.0029815489599999997,116
0,[],27,[],2019-02-11 20:58:14,0.0,0,0,6638121,2019-02-11 20:58:14,,0.0,0.0,0,btc,0.0,0.0,0.0,116
1,[],4,[],2019-02-11 20:58:15,44122.66030124,0.00002611,0.0000000009513178500000001,6638122,2019-02-11 20:58:15,btc,0.7138591117424004,0.0,0.00002611,btc,22657.10279095,4.815641,0.9457138182229738,120
1,[],7,[],2019-02-11 20:58:17,6352.20069624,0.00003009000000000000159239808839028995635089813731610774993896484375,0.00000000109632915,6638123,2019-02-11 20:58:17,btc,115647.2949460655,23.00116782,0.00003009000000000000159239808839028995635089813731610774993896484375,btc,29659.881626360002,0.00080849,0.0573466994773796,120
1,[],20,[],2019-02-11 20:58:19,1094534.6666,0.000000014,0.00000000000051009,6638124,2019-02-11 20:58:19,btc,33.8688445501599,0.0,0.000000014,btc,1142782.3764,0.0,0.0052806482171,125
1,[],22,[],2019-02-11 20:58:23,3053.0,0.00000001,0.00000000000036435,6638125,2019-02-11 20:58:23,BTC,0.01444889,0.0,0.00000001,BTC,296264.5111111111,0.0,3.053e-05,126
1,[],4,[],2019-02-11 20:58:24,140384.38738441,0.00001415,0.00000000051555525,6638126,2019-02-11 20:58:24,btc,0.6799711922729382,0.0,0.00001415,btc,37289.70483921,0.14227708,0.600001396835308,131
0,[],17,[],2019-02-11 20:58:26,0.0,0,0,6638127,2019-02-11 20:58:26,btc,0.0009561751951600001,0.0,0,btc,35.42829368,0.0,0.0,131
0,[],2,[],2019-01-20 23:25:46,0.0,0,0,6476969,2019-01-20 23:25:46,,0.0,0.0,0,,0.0,0.0,0.0,131
1,[],4,[],2019-02-11 20:58:27,4618.72335208,0.00016011,0.00000000583360785,6638128,2019-02-11 20:58:27,btc,1.6397450704738545,0.0,0.00016011,btc,295.92689166,0.0,0.0082576416964956,135
1,[],3,[],2019-02-11 20:58:28,1885233.99227397,0.00000006,0.0000000000021860999999999997,6638129,2019-02-11 20:58:28,btc,0.12396011445949519,13010.0,0.00000006,btc,428123.58715515,0.0,0.0708776094414789,136
1,[],4,[],2019-02-11 20:58:29,72639.29121187,0.00000172,0.0000000000626682,6638130,2019-02-11 20:58:29,btc,0.0527647416428289,0.0,0.00000172,btc,25840.82626242,0.04541338,0.0932618483114906,137
1,[],12,[],2019-02-11 20:58:30,307844.82731964,0.000001749999999999999973748754898694723891594549058936536312103271484375,0.00000000006376125,6638131,2019-02-11 20:58:30,btc,11982.945692846803,0.0,0.000001749999999999999973748754898694723891594549058936536312103271484375,btc,157808.23843048,0.0067404050475291,0.0467517169408988,137
1,[],4,[],2019-02-11 20:58:32,3562.81796246,0.00005668,0.0000000020651358,6638132,2019-02-11 20:58:32,btc,1.11823868379336,0.0,0.00005668,btc,15609.3961229,2.04276773,0.1596492108509228,142
1,[],5,[],2019-02-11 20:58:34,0.00190626,0.00005301,0.00000000193141935,6638133,2019-02-11 20:58:34,btc,1.62219354,2.613061,0.00005301,btc,0.00338484,0.0,1.47421677,142
1,[],17,[],2019-02-11 20:58:36,22967.386363640002,0.00000088,0.000000000032062800000000004,6638134,2019-02-11 20:58:36,btc,20.069913352565305,0.0,0.00000088,btc,2746.079105,0.0,0.0104613000000032,142
1,[],20,[],2019-02-11 20:58:38,139871.8026,0.000050001,0.0000000018217864350000001,6638135,2019-02-11 20:58:38,btc,0.4133105491382,9451.5938,0.000050001,btc,3951.9032,0.7549210403048,0.2966390847343,142
1,[],22,[],2019-02-11 20:58:54,1621.4,0.00001020,0.000000000371637,6638136,2019-02-11 20:58:54,BTC,3.0087007,0.0,0.00001020,BTC,897.0985020382753,0.0,0.00189903,142
0.0,[],25,[],2019-02-11 20:58:55,0.0,0,0,6638137,2019-02-11 20:58:55,,0.0,0.0,0.0,btc,0.0,0.0,0.0,142
1,[],28,[],2019-02-11 20:59:00,77893.0,0.00004500,0.000000001639575,6638138,2019-02-11 20:59:00,btc,0.048809112,2396.3746,0.00004500,btc,249.5089,0.0,0.0586872,142
0,[],22,[],2019-02-11 20:59:03,0.0,0,0,6638139,2019-02-11 20:59:03,,67.4684069,0.0,0,,838760972.3,0.0,0.0,143
1,[],21,[],2019-02-11 20:59:04,46356333.76889953,0.00000028,0.000000000010201800000000001,6638140,2019-02-11 20:59:04,btc,38.85480611869566,4998457.42933943,0.00000028,btc,75100141.7955273,1.44843388,8.015232837614844,145
0,[],22,[],2019-02-10 17:04:30,0.0,0,0,6625727,2019-02-10 17:04:30,,4.25427726,0.0,0,,2259598.0,0.0,0.0,146
,[],22,[],2018-11-20 23:01:11,0.0,0,0,4862114,2018-11-20 23:01:11,,2.56807021,0.0,,,61828.4988236,0.0,0.0,147
1,[],12,[],2019-02-11 20:59:06,8680310.6403792,0.0000035200000000000001795265325288397662006900645792484283447265625,0.00000000012825120000000002,6638141,2019-02-11 20:59:06,btc,16.562701490713543,0.0,0.0000035200000000000001795265325288397662006900645792484283447265625,btc,122161.71584867,0.038657562470881,0.1126112900000152,148
1,[],4,[],2019-02-11 20:59:06,270844.52195343,0.00000033,0.00000000001202355,6638142,2019-02-11 20:59:06,btc,0.7853873559338292,0.0,0.00000033,btc,586983.44659021,0.00056047,0.0640081885919068,152
0,[],22,[],2019-02-11 20:59:09,0.0,0,0,6638143,2019-02-11 20:59:09,,0.0,0.0,0,,0.0,0.0,0.0,152
1,[],5,[],2019-02-11 20:59:11,0.0,0,0,6638144,2019-02-11 20:59:11,btc,4.35601725,0.0,0,btc,0.0021126,0.0,0.0,153
,[],16,[],2019-01-11 15:38:59,0.0,0,0,6366141,2019-01-11 15:38:59,btc,0.0,0.0,,btc,0.0,0.0,0.0,155
0,[],22,[],2019-02-11 20:59:14,0.0,0,0,6638145,2019-02-11 20:59:14,,6.74578916,0.0,0,,4614557.242592593,0.0,0.0,156
0,[],23,[],2019-01-20 23:24:29,0.0,0,0,6476932,2019-01-20 23:24:29,,0.0,0.0,0,,0.0,0.0,0.0,156
1,[],22,[],2019-02-11 20:59:25,7913.8,0.00005300,0.0000000019310550000000002,6638146,2019-02-11 20:59:25,BTC,43.78801181,0.0,0.00005300,BTC,1067.5805334758436,0.0,0.00785176,157
0,[],22,[],2019-02-11 20:59:40,0.0,0,0,6638147,2019-02-11 20:59:40,,50175.67558609,0.0,0,,54029136.04179466,0.0,0.0,158
,[],17,[],2018-11-20 22:56:10,0.0,0,0,4861976,2018-11-20 22:56:10,btc,1.1265625,0.0,,btc,1000.0,0.0,0.0,159
,[],20,[],2018-11-20 22:56:12,0.0,0,0,4861977,2018-11-20 22:56:12,btc,11912.7940471,0.0,,btc,34413894.3617,0.0,0.0,159
1,[],12,[],2019-02-11 20:59:42,186452.64111911,0.000007449999999999999821692110713033940783134312368929386138916015625,0.00000000027144075,6638148,2019-02-11 20:59:42,btc,6.663182515954136,0.0,0.000007449999999999999821692110713033940783134312368929386138916015625,btc,14905.950160460001,0.0070414279,0.0884853779999914,168
1,[],17,[],2019-02-11 20:59:44,29784.95,0.000001,0.000000000036435,6638149,2019-02-11 20:59:44,btc,0.03026736251542,0.0,0.000001,btc,144.46171372,0.0,0.00716147,168
0,[],22,[],2019-02-11 20:59:46,0.0,0,0,6638150,2019-02-11 20:59:46,,1.14776715,0.0,0,,721548.0900917595,0.0,0.0,169
1,[],22,[],2019-02-11 20:59:51,245000.0,0.00000011,0.00000000000400785,6638151,2019-02-11 20:59:51,BTC,11.3317861,0.0,0.00000011,BTC,133310.7953486459,0.0,0.0224,171
1,[],22,[],2019-02-11 20:59:56,233083.57936507938,0.00000021,0.00000000000765135,6638152,2019-02-11 20:59:56,BTC,2.65516966,0.0,0.00000021,BTC,237858.19513371604,0.0,0.01861125,173
1,[],5,[],2019-02-11 20:59:59,1.413e-05,0.00000312,0.0000000001136772,6638153,2019-02-11 20:59:59,btc,0.32635548,0.02272127,0.00000312,btc,0.00028286,0.0,0.68525912,175
1,[],22,[],2019-02-11 21:00:08,48838.52380952381,0.00000062,0.0000000000225897,6638154,2019-02-11 21:00:08,BTC,0.50042383,0.0,0.00000062,BTC,127686.46882822087,9.9e-06,0.01774256,176
1,[],7,[],2019-02-11 21:00:09,0.0,0,0,6638155,2019-02-11 21:00:09,btc,410974.1987511513,0.0,0,btc,115535570.82091746,0.0,0.0,178
0,[],22,[],2019-02-11 21:00:12,0.0,0,0,6638156,2019-02-11 21:00:12,,1.00242428,0.0,0,,57512.0,0.0,0.0,178
0,[],2,[],2019-01-20 23:28:34,0.0,0,0,6477001,2019-01-20 23:28:34,,0.0,0.0,0,,0.0,0.0,0.0,178
1,[],5,[],2019-02-11 21:00:15,3e-08,0.00000002,0.0000000000007287,6638157,2019-02-11 21:00:15,btc,26.34393815,0.00281288,0.00000002,btc,2.088e-05,0.0,0.93193825,179
1,[],22,[],2019-02-11 21:00:20,7820284.0,0.00000002,0.0000000000007287,6638158,2019-02-11 21:00:20,BTC,5.48293504,0.0,0.00000002,"BTC,LTC",17867921.468656633,0.0,0.38366552,179
0,[],23,[],2019-01-20 23:25:08,0.0,0,0,6476952,2019-01-20 23:25:08,,0.0,0.0,0,,0.0,0.0,0.0,179
1,[],17,[],2019-02-11 21:00:22,10504.725,0.0000001,0.0000000000036435,6638159,2019-02-11 21:00:22,btc,5.206166879879136,0.0,0.0000001,btc,6755.0074587,0.0,0.0010504725,180
1,[],22,[],2019-02-11 21:00:27,18170.10751879699,0.00000098,0.0000000000357063,6638160,2019-02-11 21:00:27,BTC,0.09852595,0.0,0.00000098,"BTC,LTC",18836.625478042326,0.0006531,0.0061929,180
1,[],26,[],2019-02-11 21:00:28,0.0,0.00000010,0.0000000000036435,6638161,2019-02-11 21:00:28,btc,0.0,400.0,0.00000010,btc,0.0,0.0,0.0,180
,[],7,[],2018-11-20 22:58:01,562227.975654,0.00000085,0.000000000036176765,4862015,2018-11-20 22:58:01,btc,21836.6059674,2491.87645172,,btc,749999.041456,0.00211021,0.127565380455,183
,[],5,[],2019-01-10 08:11:41,0.0,0,0,6347036,2019-01-10 08:11:41,btc,82.15055501,0.00261,,btc,1.19002445,0.0,0.0,187
1,[],24,[],2019-02-11 21:00:29,0.0,0.000000000001,3.6435e-17,6638162,2019-02-11 21:00:29,btc,0.0,0.0,0.000000000001,btc,0.0,0.0,0.0,187
,[],17,[],2018-11-16 20:58:10,4062536.27273,0.00000001,0.000000000000550501,4708775,2018-11-16 20:58:10,btc,3.36492563466,0.195460381006,,"btc,eth",110697919.549,0.0,0.0157628953496,187
0,[],22,[],2019-02-11 21:00:33,0.0,0,0,6638163,2019-02-11 21:00:33,,1.19370255,0.0,0,,14406.10286773884,0.0,0.0,191
0,[],22,[],2019-02-11 21:00:49,0.0,0,0,6638164,2019-02-11 21:00:49,,0.0,0.0,0,,0.0,0.0,0.0,197
0,[],23,[],2019-01-20 23:31:41,0.0,0,0,6477079,2019-01-20 23:31:41,,0.0,0.0,0,,0.0,0.0,0.0,199
1,[],26,[],2019-02-11 21:00:51,0.0,0.00000000,0,6638165,2019-02-11 21:00:51,btc,0.0,747784.0,0.00000000,btc,0.0,0.0,0.0,199
0,[],17,[],2019-01-30 16:32:01,0.0,0,0,6540827,2019-01-30 16:32:01,btc,6.802544163788159,0.0,0,btc,105897.55575295,0.0,0.0,200
0,[],2,[],2019-01-20 23:30:49,0.0,0,0,6477059,2019-01-20 23:30:49,,0.0,0.0,0,,0.0,0.0,0.0,201
1,[],4,[],2019-01-25 15:51:35,2084389.58565343,0.00000936,0.000000000333526752,6499557,2019-01-25 15:51:35,btc,2.0092503037378524,0.0,0.00000936,btc,160195.80207885,0.19272417,1.242687955921835,211
1,[],7,[],2019-02-11 21:00:56,4687260.23771068,0.000001529999999999999962528346615642238504051420022733509540557861328125,0.00000000005574555,6638166,2019-02-11 21:00:56,btc,16567793.110456288,434998.50063,0.000001529999999999999962528346615642238504051420022733509540557861328125,btc,12990059.48830149,0.0,3.6121614519758882,212
1,[],5,[],2019-02-11 21:00:58,3.88e-06,0.00000032,0.0000000000116592,6638167,2019-02-11 21:00:58,btc,1.14431019,0.1974585,0.00000032,btc,3.049e-05,0.0,0.2686932,213
1,[],24,[],2019-02-11 21:01:00,0.0,0.000000050000,0.00000000000182175,6638168,2019-02-11 21:01:00,btc,0.0,0.0,0.000000050000,btc,0.0,0.0,0.0,213
1,[],26,[],2019-02-11 21:01:01,0.0,0.00000009,0.0000000000032791500000000002,6638169,2019-02-11 21:01:01,btc,0.0,0.0,0.00000009,btc,0.0,0.0,0.0,213
1,[],12,[],2019-01-25 02:44:32,207462.42853209,0.000001080000000000000035831255497387193287295303889550268650054931640625,0.000000000038610756000000006,6493050,2019-01-25 02:44:32,btc,85023.03793723314,0.0,0.000001080000000000000035831255497387193287295303889550268650054931640625,btc,43675.73520027,0.000146250909087,0.0348620860622024,213
1,[],22,[],2019-02-11 21:01:06,162299.0,0.00000002,0.0000000000007287,6638170,2019-02-11 21:01:06,BTC,2.19554618,0.0,0.00000002,BTC,195021.63137942314,0.00217762,0.00243198,216
1,[],27,[],2019-02-11 21:01:09,5081157.5555,0.00000004,0.0000000000014574,6638171,2019-02-11 21:01:09,btc,391.91107336756,0.0,0.00000004,"btc,ltc",274171.569,0.0,0.05225726222,216
1,[],22,[],2019-02-11 21:01:13,304521.8247499803,0.00000210,0.00000000007651350000000001,6638172,2019-02-11 21:01:13,BTC,12677.00690404,0.0,0.00000210,BTC,396913.44122941507,0.02135529,0.43428173,217
1,[],7,[],2019-02-11 21:01:16,0.0,0,0,6638173,2019-02-11 21:01:16,btc,77970.05582791512,0.0,0,btc,137091858.32140028,0.0,0.0,219
0,[],27,[],2019-02-11 21:01:19,0.0,0,0,6638174,2019-02-11 21:01:19,,5.3418937883169715,0.0,0,btc,1605140.99226592,0.0,0.0,219
0.0000000000000053,[],28,[],2019-02-11 21:01:25,203358937.646,6.89e-18,2.5103715e-22,6638175,2019-02-11 21:01:25,doge,88584.47496696751,14176.0,0.00130000,"btc,doge",4974548.69631,0.0,1.8496633673467018e-11,219
1,[],22,[],2019-02-11 21:01:28,226763.57777777777,0.00000100,0.000000000036435,6638176,2019-02-11 21:01:28,BTC,3.02587392,0.0,0.00000100,BTC,74961.14955994174,0.06172071,0.0413167,221
1,[],24,[],2019-02-11 21:01:28,0.0,0.000000610000,0.00000000002222535,6638177,2019-02-11 21:01:28,btc,0.0,0.0,0.000000610000,btc,0.0,0.0,0.0,221
1,[],20,[],2019-02-11 21:01:31,52202920.2575,0.000000003,0.00000000000010930500000000001,6638178,2019-02-11 21:01:31,btc,49.923482619049,523024.2584,0.000000003,btc,10284905.1748,0.0015690727752,0.0547525771171,224
0,[],22,[],2019-02-11 21:01:33,0.0,0,0,6638179,2019-02-11 21:01:33,,0.0,0.0,0,,0.0,0.0,0.0,224
1,[],26,[],2019-02-11 21:01:34,0.0,0.00000045,0.000000000016395750000000002,6638180,2019-02-11 21:01:34,btc,0.0,0.0,0.00000045,btc,0.0,0.0,0.0,231
1,[],26,[],2019-02-11 21:01:34,0.0,0.00000004,0.0000000000014574,6638181,2019-02-11 21:01:34,btc,0.0,0.0,0.00000004,btc,0.0,0.0,0.0,234
0,[],27,[],2019-02-11 21:01:36,0.0,0,0,6638182,2019-02-11 21:01:36,,0.0113483662182,0.0,0,"btc,eth",11462.99618,0.0,0.0,234
0,[],22,[],2019-02-11 21:01:39,0.0,0,0,6638183,2019-02-11 21:01:39,,3.0822287,0.0,0,,103833019.06349206,0.0,0.0,235
1,[],4,[],2019-02-11 21:01:40,1349153.6868901,0.00000064,0.0000000000233184,6638184,2019-02-11 21:01:40,btc,0.1067937174797748,0.0,0.00000064,btc,107523.82427985,0.09164577,0.4042318566798192,236
1,[],24,[],2019-02-11 21:01:40,0.0,0.000000020000,0.0000000000007287,6638185,2019-02-11 21:01:40,btc,0.0,0.0,0.000000020000,btc,0.0,0.0,0.0,236
1,[],20,[],2019-02-11 21:01:42,66314996.7649,0.000000065,0.000000000002368275,6638186,2019-02-11 21:01:42,btc,14.7043954697741,23522894.2499,0.000000065,btc,28691096.379,1.5880980886698,0.4238009693569,237
0.000000000118395,[],22,[],2019-02-11 21:01:46,14400.0,1.18395e-17,4.313721825e-22,6638187,2019-02-11 21:01:46,LTC,0.04083605,0.0,0.0000001,LTC,4179.0,0.0,0.00144,237
1,[],4,[],2019-02-11 21:01:46,4969411.27083872,0.00000033,0.00000000001202355,6638188,2019-02-11 21:01:46,btc,0.602569105644711,0.0,0.00000033,btc,1575839.67509642,0.51079287,1.5264722006245963,238
1,[],5,[],2019-02-11 21:01:48,4.25e-06,0.00000033,0.00000000001202355,6638189,2019-02-11 21:01:48,btc,0.73020716,0.01156672,0.00000033,btc,2.957e-05,0.0,0.26590861,238
0,[],22,[],2019-02-11 21:01:50,0.0,0,0,6638190,2019-02-11 21:01:50,,15.41678688,0.0,0,,370860.0639027493,0.0,0.0,249
0.000000000118395,[],22,[],2019-02-11 21:01:54,7124354.333333333,3.55185e-18,1.2941165475e-22,6638191,2019-02-11 21:01:54,LTC,0.36811719,0.0,0.00000003,LTC,11588757.09,0.0,0.21273365,252
1,[],28,[],2019-02-11 21:01:59,3479213.286,0.00000013,0.00000000000473655,6638192,2019-02-11 21:01:59,btc,164693.50960716058,41003.0,0.00000013,btc,596326.7599,0.0,0.2108710963,256
1,[],22,[],2019-02-11 21:02:03,114602.0,0.00000001,0.00000000000036435,6638193,2019-02-11 21:02:03,BTC,30.20524227,0.0,0.00000001,BTC,445890.0289327789,2.05e-06,0.00114602,258
1,[],22,[],2019-01-26 20:58:41,368451.0,0.00000001,0.000000000000356135,6510120,2019-01-26 20:58:41,BTC,2.642917,0.0,0.00000001,"BTC,LTC",1862.0,0.0,0.02488451,259
1,[],22,[],2019-02-11 21:02:19,15802.185470109685,0.00000751,0.00000000027362685,6638194,2019-02-11 21:02:19,BTC,1293.02944701,0.0,0.00000751,"BTC,LTC",6721.170370006906,0.12090511,0.04429819,262
1,[],5,[],2019-02-11 21:02:20,7.308e-05,0.00000274,0.0000000000998319,6638195,2019-02-11 21:02:20,btc,0.71384347,0.36615262,0.00000274,btc,0.00053464,0.0,0.23090062,264
1,[],20,[],2019-02-11 21:02:22,1264323.292,0.000001511,0.000000000055053285,6638196,2019-02-11 21:02:22,btc,4.9580164345172,26270.8149,0.000001511,btc,94612.7706,0.079534310411,0.020507588253,264
1,[],22,[],2019-02-11 21:02:25,95356.5,0.00000002,0.0000000000007287,6638197,2019-02-11 21:02:25,BTC,9.07980096,0.0,0.00000002,BTC,228209.31707431233,0.0,0.0014095,271
0,[],22,[],2019-02-11 21:02:28,0.0,0,0,6638198,2019-02-11 21:02:28,,384.77798703,0.0,0,,15106717515.9,0.0,0.0,272
0.0000000000000053,[],28,[],2019-02-11 21:02:34,172771001151.097,4.3460000000000005e-21,1.5834651e-25,6638199,2019-02-11 21:02:34,doge,374510567.2151715,15702259339.0,0.00000082,doge,215572252550.4426,0.0,4.2833723920028514e-10,272
1,[],22,[],2019-02-11 21:02:39,11546.4,0.00001000,0.00000000036435,6638200,2019-02-11 21:02:39,BTC,74.0785149,0.0,0.00001000,"BTC,LTC",1524.3826333333334,0.0206128,0.01658032,281
