pairValue,buyBook,exchangeId,sellBook,updated,buyTotal,satoshiPrice,usdPrice,exchangeLogId,created,bestPair,sellTotalBtc,volume,pairPrice,activePairs,sellTotal,volumeBtc,buyTotalBtc,coinId
1,[],3,[],2019-02-02 18:04:09,127.087731561651,0.01247849000000000006804778962532509467564523220062255859375,0.000000432085186136,6566084,2019-02-02 18:04:09,btc,107.00589476345165,0.24474688,0.01247849000000000006804778962532509467564523220062255859375,btc,13.957903517064,0.0,0.29075892188341423,1
1,[],4,[],2019-02-02 18:04:10,25050.43231129,0.01251500,0.000000433349396,6566085,2019-02-02 18:04:10,btc,1.6026913116211516,0.0,0.01251500,btc,123.71641133,0.21001611,0.90171084776539,1
1,[],5,[],2019-02-02 18:04:13,0.22333313,0.01259999,0.000000436292293736,6566086,2019-02-02 18:04:13,btc,14578.41396572,0.00812007,0.01259999,btc,35555556.26496434,0.0,1.42123011,1
1,[],10,[],2019-02-02 18:04:15,272768.30495942,0.0122203,0.00000042314499592,6566087,2019-02-02 18:04:15,btc,6538.157734295558,942.95604652,0.0122203,btc,1067.82794743,0.0,4.988570521266431,1
1,[],12,[],2019-02-02 18:04:19,10424.28111285,0.01246000000000000058897331456364554469473659992218017578125,0.000000431444944,6566088,2019-02-02 18:04:19,btc,0.43466087372289997,0.0,0.01246000000000000058897331456364554469473659992218017578125,btc,28.75990651,0.0320346290166,0.2028446662399,1
1,[],20,[],2019-02-02 18:04:21,1350.353,0.010520003,0.0000003642698318792,6566089,2019-02-02 18:04:21,btc,0.0759258647725,0.06,0.010520003,btc,4.0135,0.00075174,0.1066875034543,1
1,[],21,[],2019-02-02 18:04:22,2130.73992804,0.01242448999999999983967491346,0.000000430215360536,6566090,2019-02-02 18:04:22,btc,16.021295628500162,2137.32890305,0.0124244899999999998396749134599303943105041980743408203125,"btc,eth",1772.2934618,26.15401854581913,19.32696455925241,1
1,[],22,[],2019-02-02 18:04:51,0.0263776,0.01350000,0.0000004674564,6566091,2019-02-02 18:04:51,BTC,0.31397231,0.0,0.01350000,BTC,0.10124366666666666,0.0,0.00034472,1
1,[],24,[],2019-02-02 18:04:52,0.0,0.000000000000,0,6566092,2019-02-02 18:04:52,btc,0.0,0.0,0.000000000000,btc,0.0,0.0,0.0,1
0.0,[],25,[],2019-02-02 18:04:53,0.0,0,0,6566093,2019-02-02 18:04:53,btc,23.103399997634355,471.0618946,0.0,btc,1794.25723845,5.9737,0.0,1
1,[],26,[],2019-02-02 18:06:16,0.0,0,0,6566094,2019-02-02 18:06:16,,0.0,0.0,0,,0.0,0.0,0.0,1
1,[],28,[],2019-02-02 18:06:21,987.9,0.01131000,0.000000391624584,6566095,2019-02-02 18:06:21,btc,0.162839806,17160.6,0.01131000,btc,8.9,0.0,0.024551096,1
0,[],2,[],2019-01-20 23:28:45,0.0,0,0,6477011,2019-01-20 23:28:45,,0.0,0.0,0,,0.0,0.0,0.0,1
1,[],5,[],2019-02-02 18:06:24,1.923e-05,0.00000068,0.000000000023545951999999998,6566096,2019-02-02 18:06:24,btc,0.1458597,0.03008262,0.00000068,btc,7.012e-05,0.0,0.49405655,2
1,[],22,[],2019-02-02 18:06:30,1704.625335862178,0.0000004,0.00000000001385056,6566097,2019-02-02 18:06:30,BTC,0.0231601,0.0,0.0000004,"BTC,XMR",14562.72385,0.0,0.00109732,2
1,[],5,[],2019-02-02 18:06:32,1.25e-06,0.00000016,0.000000000005540224,6566098,2019-02-02 18:06:32,btc,3.86676765,0.52864971,0.00000016,btc,2.204e-05,0.0,2.95134799,3
1,[],12,[],2019-02-02 18:06:33,12516484.79417791,0.000000167,0.0000000000057826088,6566099,2019-02-02 18:06:33,btc,921349.3770880018,0.0,0.000000167,btc,8077714.52630899,0.04926054824697416,0.5513436730485135,3
0,[],28,[],2019-02-02 18:06:37,0.0,0,0,6566100,2019-02-02 18:06:37,,0.0,0.0,0,,0.0,0.0,0.0,3
0,[],2,[],2019-01-20 23:31:32,0.0,0,0,6477077,2019-01-20 23:31:32,,0.0,0.0,0,,0.0,0.0,0.0,4
1,[],4,[],2019-02-02 18:06:38,404586.75114772,0.00000031,0.000000000010734184,6566101,2019-02-02 18:06:38,btc,0.4023997871619802,0.0,0.00000031,btc,355607.13122764,0.01623284,0.0490181830129448,4
1,[],12,[],2019-02-02 18:06:39,1675665.30192615,0.00000009,0.000000000003116376,6566102,2019-02-02 18:06:39,btc,11014980.065173885,0.0,0.00000009,btc,852817.28135717,0.0019190725738804,0.0366955806333535,5
0,[],2,[],2019-01-20 23:31:51,0.0,0,0,6477087,2019-01-20 23:31:51,,0.0,0.0,0,,0.0,0.0,0.0,6
1,[],11,[],2019-02-02 18:06:41,7655951.5,0.00000002,0.000000000000692528,6566103,2019-02-02 18:06:41,btc,9433.332009680316,597000.0,0.00000002,btc,40983125.45717939,0.0,0.116679515,6
1,[],3,[],2019-02-02 18:06:42,1069.652384675756,0.000150559999999999995050348200464895853656344115734100341796875,0.0000000052133507839999995,6566104,2019-02-02 18:06:42,btc,28.510202753279106,0.0,0.000150559999999999995050348200464895853656344115734100341796875,btc,234.145665820227,0.0,0.030997767816609203,7
1,[],4,[],2019-02-02 18:06:42,26678.73335587,0.00018231,0.000000006312738984,6566105,2019-02-02 18:06:42,btc,2.7748197310992695,0.0,0.00018231,btc,13810.66713193,2.30915158,4.179742056619365,7
1,[],5,[],2019-02-02 18:06:44,0.00530504,0.00018000,0.000000006232752,6566106,2019-02-02 18:06:44,btc,1.22912503,0.20882798,0.00018000,btc,0.01157012,0.0,1.63469564,7
1,[],20,[],2019-02-02 18:06:46,65771509.91,0.000000001,0.0000000000000346264,6566107,2019-02-02 18:06:46,btc,136.3892062542774,0.0,0.000000001,btc,29825029.7669,0.0,0.06577150991,8
0,[],2,[],2019-01-20 23:22:42,0.0,0,0,6476876,2019-01-20 23:22:42,,0.0,0.0,0,,0.0,0.0,0.0,9
0,[],23,[],2019-01-20 23:22:48,0.0,0,0,6476878,2019-01-20 23:22:48,,0.0,0.0,0,,0.0,0.0,0.0,9
1,[],1,[],2019-02-02 18:06:46,5197822.37,0.00000199000000000000000523994909962244292955801938660442829132080078125,0.000000000068906536,6566108,2019-02-02 18:06:46,btc,6.5878974992,30865045.35,0.00000199000000000000000523994909962244292955801938660442829132080078125,btc,3251585.47,61.72500056,10.1484384758,9
1,[],4,[],2019-02-02 18:06:47,357623.72569075,0.00000201,0.000000000069599064,6566109,2019-02-02 18:06:47,btc,0.6455700351758664,0.0,0.00000201,btc,290400.37637447,2.78426498,0.661349782869511,9
1,[],28,[],2019-02-02 18:06:52,34500.0,0.00000165,0.00000000005713356,6566110,2019-02-02 18:06:52,btc,2708.75028702,3640967.0,0.00000165,btc,7642.68,0.0,0.02854,9
1,[],4,[],2019-02-02 18:06:53,7404102.37826053,0.00000002,0.000000000000692528,6566111,2019-02-02 18:06:53,btc,0.2035971882340986,0.0,0.00000002,btc,4100158.16841361,0.00222668,0.0799114518652106,10
0,[],2,[],2019-01-20 23:23:08,0.0,0,0,6476890,2019-01-20 23:23:08,,0.0,0.0,0,,0.0,0.0,0.0,12
1,[],4,[],2019-02-02 18:06:54,3451746.56134661,0.00000138,0.000000000047784432,6566112,2019-02-02 18:06:54,btc,0.8125774446697546,0.0,0.00000138,btc,557758.73343514,1.88010237,2.605998185754936,12
1,[],5,[],2019-02-02 18:06:55,1.574e-05,0.00000134,0.000000000046399376,6566113,2019-02-02 18:06:55,btc,0.60110189,0.89290034,0.00000134,btc,0.00011683,0.0,0.28619803,12
0.0,[],25,[],2019-02-02 18:06:56,0.0,0,0,6566114,2019-02-02 18:06:56,,0.0,0.0,0.0,btc,0.0,0.0,0.0,12
1,[],10,[],2019-02-02 10:58:19,561789.3339171,0.00000625,0.00000000021672125000000001,6564050,2019-02-02 10:58:19,btc,666809.5972143377,4511.28246057,0.00000625,btc,732055.82446968,0.0,0.795208955788352,13
1,[],4,[],2019-02-02 18:06:57,252730.32802443,0.00000610,0.00000000021122104,6566115,2019-02-02 18:06:57,btc,0.4276316720168514,0.0,0.00000610,btc,63238.38898147,0.6628794,0.9852363179623554,13
1,[],21,[],2019-02-02 18:07:00,1072704.35727414,0.000006180000000000000122683981030,0.000000000213991152,6566116,2019-02-02 18:07:00,btc,5.025989245283585,582508.57256103,0.000006180000000000000122683981029769739734547329135239124298095703125,btc,734955.08485613,3.63020338,5.347420696383741,13
1,[],4,[],2019-02-02 18:07:01,1139250.99653371,0.00000167,0.000000000057826088,6566117,2019-02-02 18:07:01,btc,0.1250768113901429,0.0,0.00000167,btc,57589.85422023,0.15589433,0.4348273488842805,14
1,[],12,[],2019-02-02 18:07:02,87402.81677704,0.000001520000000000000058272072063492164062381561961956322193145751953125,0.000000000052632128000000004,6566118,2019-02-02 18:07:02,btc,1.784998347719179,0.0,0.000001520000000000000058272072063492164062381561961956322193145751953125,btc,37450.01291797,1.8283544823e-06,0.0115177699999971,14
0,[],17,[],2019-02-02 18:07:04,0.0,0,0,6566119,2019-02-02 18:07:04,btc,0.0,0.0,0,btc,0.0,0.0,0.0,14
1,[],26,[],2019-02-02 18:07:04,0.0,0,0,6566120,2019-02-02 18:07:04,,0.0,0.0,0,,0.0,0.0,0.0,14
,[],12,[],2018-12-01 15:15:48,204241.84496,0.00000489,0.000000000202473384,5260204,2018-12-01 15:15:48,btc,49.5475654835,0.0,,btc,35763.2193806,0.0163153972027625,0.0203389899998,15
0,[],4,[],2019-02-02 18:07:05,0.0,0,0,6566121,2019-02-02 18:07:05,,0.0,0.0,0,,0.0,0.0,0.0,15
0,[],2,[],2019-01-20 23:23:38,0.0,0,0,6476906,2019-01-20 23:23:38,,0.0,0.0,0,,0.0,0.0,0.0,18
1,[],4,[],2019-02-02 18:07:06,24070.66344036,0.00001804,0.000000000624660256,6566122,2019-02-02 18:07:06,btc,1.2300890774896058,0.0,0.00001804,btc,7558.57720744,0.02713617,0.0642074145692229,18
1,[],10,[],2019-02-02 18:07:09,392566.73878702,0.00001771,0.0000000006132335440000001,6566123,2019-02-02 18:07:09,btc,15.540921040585946,7046.6833801,0.00001771,btc,10173.39857865,0.0,0.2248693168675336,18
1,[],12,[],2019-02-02 18:07:11,200544.07777656,0.0000176000000000000008976326626441988310034503228962421417236328125,0.00000000060942464,6566124,2019-02-02 18:07:11,btc,0.1835915026040905,0.0,0.0000176000000000000008976326626441988310034503228962421417236328125,btc,1599.72865824,0.0004990001179143,0.0131226753620148,18
0,[],17,[],2019-02-02 18:07:13,0.0,0,0,6566125,2019-02-02 18:07:13,btc,0.0,0.0,0,btc,0.0,0.0,0.0,18
0,[],2,[],2019-01-20 23:24:19,0.0,0,0,6476924,2019-01-20 23:24:19,,0.0,0.0,0,,0.0,0.0,0.0,19
1,[],3,[],2019-02-02 18:07:14,108630.2152140883,0.00002600999999999999999825660290664330887011601589620113372802734375,0.000000000900632664,6566126,2019-02-02 18:07:14,btc,0.4508423888609896,58.0257591838,0.00002600999999999999999825660290664330887011601589620113372802734375,btc,5170.719121372528,0.0,0.09625628493181745,19
1,[],4,[],2019-02-02 18:07:15,61603.69682752,0.00003028,0.000000001048487392,6566127,2019-02-02 18:07:15,btc,0.4350517206812425,0.0,0.00003028,btc,12452.77694505,0.49554851,1.0718317149550793,19
1,[],5,[],2019-02-02 18:07:16,0.00043857,0.00003156,0.000000001092809184,6566128,2019-02-02 18:07:16,btc,0.29232866,0.0016091,0.00003156,btc,0.00321359,0.0,0.23945984,19
1,[],12,[],2019-02-02 18:07:18,133629.41974807,0.00002460999999999999984985100953682746194317587651312351226806640625,0.0000000008521557039999999,6566129,2019-02-02 18:07:18,btc,1.9921308640301176,0.0,0.00002460999999999999984985100953682746194317587651312351226806640625,btc,466.27457877,0.0001992407591076,0.0326368100000027,19
0,[],27,[],2019-02-02 18:07:20,0.0,0,0,6566130,2019-02-02 18:07:20,,0.0,0.0,0,btc,0.0,0.0,0.0,19
1,[],4,[],2019-02-02 18:07:20,9014587.35985938,0.00000014,0.000000000004847696,6566131,2019-02-02 18:07:20,btc,0.8119940963808697,0.0,0.00000014,btc,1597393.93239221,0.0,0.3455227171115698,20
1,[],4,[],2019-02-02 18:07:21,122703653.90622224,0.00000003,0.000000000001038792,6566132,2019-02-02 18:07:21,btc,0.7483916416912767,0.0,0.00000003,btc,16393372.56438166,0.11413557,1.4649272879542852,21
1,[],12,[],2019-02-02 18:07:23,19029947.0,0.00000002,0.000000000000692528,6566133,2019-02-02 18:07:23,btc,668.5417807029282,0.0,0.00000002,btc,8439775.6433593,0.0010502805994006,0.25353902,21
0,[],17,[],2019-02-02 18:07:24,0.0,0,0,6566134,2019-02-02 18:07:24,btc,0.0,0.0,0,btc,0.0,0.0,0.0,21
1,[],12,[],2019-02-02 18:07:26,2304032776.531895,0.0000000001,0.00000000000000346264,6566135,2019-02-02 18:07:26,btc,1729404717463.7844,0.0,0.0000000001,btc,5078744208.726503,0.007428143154246172,0.23040327765318952,23
0,[],27,[],2019-02-02 18:07:28,0.0,0,0,6566136,2019-02-02 18:07:28,,0.424699,0.0,0,eth,424699.0,0.0,0.0,23
1,[],4,[],2019-02-02 18:07:30,923559.50309679,0.00000082,0.000000000028393648,6566137,2019-02-02 18:07:30,btc,0.0851741848307505,0.0,0.00000082,btc,76194.87673185,0.0096818,0.4066222080469241,24
1,[],22,[],2019-02-02 18:07:34,11.76,0.00000100,0.0000000000346264,6566138,2019-02-02 18:07:34,BTC,7.415e-05,0.0,0.00000100,BTC,23.919354838709676,0.0,1.176e-05,24
0.0,[],25,[],2019-02-02 18:07:35,0.0,0,0,6566139,2019-02-02 18:07:35,,0.0,0.0,0.0,btc,0.0,0.0,0.0,24
0,[],2,[],2019-01-20 23:25:56,0.0,0,0,6476976,2019-01-20 23:25:56,,0.0,0.0,0,,0.0,0.0,0.0,26
1,[],4,[],2019-02-02 18:07:36,27065830.40656964,0.00000667,0.000000000230958088,6566140,2019-02-02 18:07:36,btc,0.2194948769641862,0.0,0.00000667,btc,23511.01643,0.08170777,0.4210523620773725,26
1,[],10,[],2019-02-02 18:07:39,725860.70874179,0.00000588,0.00000000020360323199999998,6566141,2019-02-02 18:07:39,btc,27.982976895087432,782.41413713,0.00000588,btc,13184.83133363,0.0,0.2069460833237116,26
1,[],11,[],2019-02-02 18:07:42,10615374.41182718,0.00000005,0.00000000000173132,6566144,2019-02-02 18:07:42,btc,370.6426334117441,1000.0,0.00000005,btc,8221035.4403934,0.0,0.4936394994767663,27
1,[],3,[],2019-02-02 18:07:39,9997940.70570576,0.00000002,0.000000000000692528,6566142,2019-02-02 18:07:39,btc,2.2808902335217685,72996.6152639,0.00000002,btc,15506495.93222337,0.0,0.1190067337256009,27
1,[],5,[],2019-02-02 18:07:40,3e-08,0.00000002,0.000000000000692528,6566143,2019-02-02 18:07:40,btc,1.52458241,0.00296435,0.00000002,btc,4.69e-05,0.0,0.13086009,27
1,[],4,[],2019-02-02 18:07:43,411752634.9307531,0.00000003,0.000000000001038792,6566145,2019-02-02 18:07:43,btc,3.9867869941375047,0.0,0.00000003,"btc,ltc",112959359.26554212,1.24514109,4.201405423035835,29
1,[],7,[],2019-02-02 18:07:44,40877962.84750861,0.00000003,0.0000000000010387919999999998,6566146,2019-02-02 18:07:44,btc,44465206.20443952,66205.1943322,0.00000003,btc,40561959.34575318,0.00263134,0.7582820339220514,29
1,[],4,[],2019-02-02 18:07:45,1445650.39775483,0.00000028,0.000000000009695392,6566147,2019-02-02 18:07:45,btc,0.2727778100063581,0.0,0.00000028,btc,558475.606486,0.00778931,0.0872960950884219,30
0,[],17,[],2019-02-02 18:07:47,0.0,0,0,6566148,2019-02-02 18:07:47,btc,0.0,0.0,0,btc,0.0,0.0,0.0,30
1,[],4,[],2019-02-02 18:07:48,1138563.35868166,0.00007263,0.000000002514915432,6566149,2019-02-02 18:07:48,btc,1.588581949077426,0.0,0.00007263,btc,18986.64784671,1.17905424,2.1146412853280108,31
1,[],21,[],2019-02-02 18:07:49,75480.63736039,0.00007270000000000000528639632069,0.00000000251733928,6566150,2019-02-02 18:07:49,btc,1.3831290874523086,93921.75174704,0.00007270000000000000528639632069172193951089866459369659423828125,btc,18213.57183272,6.92750877,5.018079329730228,31
0,[],2,[],2019-01-20 23:28:43,0.0,0,0,6477009,2019-01-20 23:28:43,,0.0,0.0,0,,0.0,0.0,0.0,32
1,[],4,[],2019-02-02 18:07:50,136122813.69941688,0.00000005,0.00000000000173132,6566151,2019-02-02 18:07:50,btc,3.436320699933834,0.0,0.00000005,"btc,ltc",55446356.90136432,0.4104676,2.046131469014971,33
1,[],12,[],2019-02-02 18:07:52,19061173.278,0.00000006,0.0000000000020775839999999996,6566152,2019-02-02 18:07:52,btc,17261782.117027316,0.0,0.00000006,btc,87766094.44855128,0.0799279679720283,0.71607085668,33
1,[],4,[],2019-02-02 18:07:53,111179547.47515793,0.00000001,0.000000000000346264,6566153,2019-02-02 18:07:53,btc,0.7689732493024845,0.0,0.00000001,btc,25632454.99674948,0.00733193,1.1117954747515792,34
1,[],5,[],2019-02-02 18:07:55,3e-08,0.00000002,0.000000000000692528,6566154,2019-02-02 18:07:55,btc,3.92817502,1.617e-05,0.00000002,btc,1.394e-05,0.0,0.72925407,34
0.0000000000956237,[],4,[],2019-02-02 18:07:56,1395224761.8817065,3.824948e-18,1.324441794272e-22,6566155,2019-02-02 18:07:56,ltc,7.946702462389368e-09,0.0,0.00000004,ltc,1619606367.0506732,0.0,2.5749189608515534e-09,36
1,[],5,[],2019-02-02 18:07:58,0.0,0,0,6566156,2019-02-02 18:07:58,btc,202.3675558,0.0,0,btc,1.295e-05,0.0,0.0,36
0,[],17,[],2019-02-02 18:07:59,0.0,0,0,6566157,2019-02-02 18:07:59,btc,0.08200904473123746,0.0,0,btc,4841707.91583647,0.0,0.0,36
0.0000000000956237,[],27,[],2019-02-02 18:08:03,1000000.0,1.912474e-18,6.62220897136e-23,6566158,2019-02-02 18:08:03,ltc,447.7310973004,0.0,0.00000002,"ltc,eth",3711879.16,0.0,1.912474e-12,36
1,[],4,[],2019-02-02 18:08:03,508008.37827978,0.00000149,0.000000000051593336,6566159,2019-02-02 18:08:03,btc,0.3821216496360707,0.0,0.00000149,btc,196390.94687186,0.08878769,0.501358777983164,37
1,[],12,[],2019-02-02 18:08:04,507475.96337837,0.000001529999999999999962528346615642238504051420022733509540557861328125,0.000000000052978391999999997,6566160,2019-02-02 18:08:04,btc,1330.9419135685896,0.0,0.000001529999999999999962528346615642238504051420022733509540557861328125,btc,695548.47063474,0.2175933266539548,0.4339519604933422,37
1,[],17,[],2019-02-02 18:08:06,2198.29156809,0.0000015000000000000000380012861456169304119612206704914569854736328125,0.0000000000519396,6566161,2019-02-02 18:08:06,btc,0.05547900018825295,8.31377709e-06,0.0000015000000000000000380012861456169304119612206704914569854736328125,btc,1383.25,0.0,0.00110651141111,37
1,[],27,[],2019-02-02 18:08:08,16843.0,0.00000046,0.000000000015928143999999998,6566162,2019-02-02 18:08:08,btc,24.45584702489649,0.0,0.00000046,btc,5279.81438508,0.0,0.00561124,37
1,[],5,[],2019-02-02 18:08:09,1.308e-05,0.00000092,0.000000000031856287999999997,6566163,2019-02-02 18:08:09,btc,0.11157612,0.08471282,0.00000092,btc,0.00010596,0.0,0.05059187,42
1,[],12,[],2019-02-02 18:08:10,149488.57124408,0.00000101000000000000007076262319161141789436442195437848567962646484375,0.000000000034972664,6566164,2019-02-02 18:08:10,btc,85.0984906792479,0.0,0.00000101000000000000007076262319161141789436442195437848567962646484375,btc,57438.84160584,0.017031420780309,0.050169409999999096,42
0,[],27,[],2019-02-02 18:08:12,0.0,0,0,6566165,2019-02-02 18:08:12,,0.00315028,0.0,0,"btc,eth",11.007,0.0,0.0,42
1,[],5,[],2019-02-02 18:08:14,6e-08,0.00000003,0.000000000001038792,6566166,2019-02-02 18:08:14,btc,6.10271066,0.0,0.00000003,btc,1.425e-05,0.0,0.53368313,43
1,[],12,[],2019-02-02 18:08:15,6512126.0,0.00000002,0.000000000000692528,6566167,2019-02-02 18:08:15,btc,20007456.464662522,0.0,0.00000002,btc,38831663.74765234,0.00036916,0.06512137,43
0,[],17,[],2019-02-02 18:08:17,0.0,0,0,6566168,2019-02-02 18:08:17,btc,0.0,0.0,0,btc,0.0,0.0,0.0,43
1,[],12,[],2019-02-02 18:08:18,909123.0,0.00000008,0.000000000002770112,6566169,2019-02-02 18:08:18,btc,11115205.988848098,0.0,0.00000008,btc,1007141.39660339,0.0016175200999,0.02849347,44
1,[],4,[],2019-02-02 18:08:19,234975162.86953342,0.00000002,0.000000000000692528,6566170,2019-02-02 18:08:19,btc,0.18493459095417814,0.0,0.00000002,"btc,ltc",8133508.74861888,0.00635185,0.5428927653527112,49
0.0000000000956237,[],4,[],2019-02-02 18:08:20,4326580512.446036,9.56237e-19,3.31110448568e-23,6566171,2019-02-02 18:08:20,ltc,4.9943946352963735,0.0,0.00000001,ltc,2828792542.895576,0.0,4.13723636947986e-09,52
0,[],22,[],2019-02-02 18:08:25,0.0,0,0,6566172,2019-02-02 18:08:25,,3693.684999,0.0,0,,258562666.90882352,0.0,0.0,57
0,[],27,[],2019-02-02 18:08:28,0.0,0,0,6566173,2019-02-02 18:08:28,,0.0,0.0,0,"btc,eth",0.0,0.0,0.0,57
0.0000000000956237,[],4,[],2019-02-02 18:08:29,1329366961.4913878,5.737422000000001e-18,1.9866626914080001e-22,6566174,2019-02-02 18:08:29,ltc,3.310165342753229,0.0,0.00000006,ltc,1293250546.025467,0.0,5.4818882836200105e-09,58
1,[],12,[],2019-02-02 18:08:30,2210913943.282997,0.0000000006,0.00000000000002077584,6566175,2019-02-02 18:08:30,btc,625179814391.0963,0.0,0.0000000006,btc,3080636416.254845,0.03830928995944058,0.8374926545645631,58
0,[],17,[],2019-02-02 18:08:31,0.0,0,0,6566176,2019-02-02 18:08:31,btc,1e+24,0.0,0,btc,41616695.95832568,0.0,0.0,58
0.00000000012257290000000002,[],22,[],2019-02-02 18:08:41,137438.0,1.225729e-18,4.2442582645600005e-23,6566177,2019-02-02 18:08:41,XMR,69.8835922,0.0,0.00000001,XMR,9887963.0,0.0,0.00137438,58
1,[],5,[],2019-02-02 18:08:43,6.77e-06,0.00000051,0.000000000017659464,6566178,2019-02-02 18:08:43,btc,0.33937002,0.04968176,0.00000051,btc,0.00012936,0.0,0.05712008,61
1,[],22,[],2019-02-02 17:20:59,5111.5,0.00000011,0.000000000003802821,6566010,2019-02-02 17:20:59,BTC,1002.29606732,0.0,0.00000011,BTC,15028.700278135757,0.0,0.00051178,61
1,[],26,[],2019-02-02 17:20:59,0.0,0,0,6566011,2019-02-02 17:20:59,,0.0,0.0,0,,0.0,0.0,0.0,61
0,[],27,[],2019-02-02 17:21:01,0.0,0,0,6566012,2019-02-02 17:21:01,,0.1550356,0.0,0,"btc,eth",155.72848,0.0,0.0,61
1,[],28,[],2019-02-02 17:21:04,6898.304,0.00000130,0.00000000004494243,6566013,2019-02-02 17:21:04,btc,2.064424118300105,846.0,0.00000130,btc,11198.17500005,0.0,0.00218011304,61
1,[],4,[],2019-02-02 17:06:42,1262511.19051394,0.00000171,0.000000000059149242,6565827,2019-02-02 17:06:42,btc,0.7398684475036392,0.0,0.00000171,btc,259507.1599871,0.10048179,0.887924160317824,67
0.0,[],25,[],2019-02-02 17:06:43,0.0,0,0,6565828,2019-02-02 17:06:43,,0.0,0.0,0.0,btc,0.0,0.0,0.0,67
1,[],12,[],2019-02-02 17:06:45,3099600.68300001,0.0000001,0.00000000000345902,6565829,2019-02-02 17:06:45,btc,16893709.22650889,0.0,0.0000001,btc,2202805.56003993,0.0001384067932072,0.0848715128411122,71
,[],5,[],2018-11-20 23:02:39,1.5e-07,0.00000005,0.000000000002128045,4862160,2018-11-20 23:02:39,btc,2.84511358,0.0,,btc,0.00036572,0.0,0.07381892,74
1,[],5,[],2019-01-25 15:53:51,3.303e-05,0.00000156,0.000000000055588884,6499610,2019-01-25 15:53:51,btc,1.42844212,0.0,0.00000156,btc,0.00015937,0.0,0.49487621,75
1,[],4,[],2019-02-02 17:21:05,70997797.82492337,0.00000001,0.000000000000345711,6566014,2019-02-02 17:21:05,btc,0.8205304024205091,0.0,0.00000001,btc,15307943.35273608,0.0,0.7099779782492337,81
0,[],20,[],2019-01-25 09:30:31,0.0,0,0,6495923,2019-01-25 09:30:31,btc,0.0,0.0,0,btc,0.0,0.0,0.0,81
1,[],4,[],2019-02-02 17:21:07,23708.92890128,0.00007423,0.000000002566212753,6566015,2019-02-02 17:21:07,btc,1.3339155498908724,0.0,0.00007423,btc,11634.0319036,0.01331133,0.0840756625628978,82
1,[],21,[],2019-02-02 17:21:07,89267.46141488,0.00007554999999999999324602761863,0.000000002611846605,6566016,2019-02-02 17:21:07,btc,3.590977177662763,1838.48304346,0.00007554999999999999324602761863189925861661322414875030517578125,btc,41005.30147121,0.14098517,4.674408565284995,82
0,[],17,[],2019-02-02 17:06:50,0.0,0,0,6565833,2019-02-02 17:06:50,btc,0.0447233088476774,0.0,0,btc,999127.19588126,0.0,0.0,84
0.00000000009554429999999999,[],4,[],2019-02-02 17:06:52,352586781.45310587,1.2420759e-17,4.296365379617999e-22,6565834,2019-02-02 17:06:52,ltc,0.19754182494774605,0.0,0.00000013,ltc,75383983.23272166,0.0,1.4917003406741768e-09,85
,[],22,[],2018-11-20 23:09:34,3408.1,0.0000001,0.0000000000041895,4862324,2018-11-20 23:09:34,BTC,0.04624735,0.0,,BTC,4990.0,0.0,0.00033081,86
0,[],22,[],2019-02-02 17:21:11,0.0,0,0,6566017,2019-02-02 17:21:11,,2.07810912,0.0,0,,154826.94736842104,0.0,0.0,87
0,[],27,[],2019-02-02 17:21:13,0.0,0,0,6566018,2019-02-02 17:21:13,,0.0,0.0,0,btc,0.0,0.0,0.0,87
,[],2,[],2018-11-20 23:10:47,0.0,0,0,4862359,2018-11-20 23:10:47,,0.0,0.0,,,0.0,0.0,0.0,88
1,[],11,[],2019-02-02 17:06:58,102450.64360608,0.00018547999999999999275017426025868871874990873038768768310546875,0.000000006415790296,6565837,2019-02-02 17:06:58,btc,235.5960437163782,2953.38947856,0.00018547999999999999275017426025868871874990873038768768310546875,btc,185185.14800233,0.0,7.613577959904758,89
0,[],2,[],2019-01-20 23:31:45,0.0,0,0,6477083,2019-01-20 23:31:45,,0.0,0.0,0,,0.0,0.0,0.0,91
1,[],12,[],2019-02-02 17:06:59,520557.5469307,0.00000287000000000000005012158223183238447973053553141653537750244140625,0.000000000099273874,6565838,2019-02-02 17:06:59,btc,3.6802469445117696,0.0,0.00000287000000000000005012158223183238447973053553141653537750244140625,btc,28753.66415164,0.002839487265158,0.154492131100014,91
0,[],17,[],2019-02-02 17:07:01,0.0,0,0,6565839,2019-02-02 17:07:01,btc,0.0,0.0,0,btc,0.0,0.0,0.0,91
0.00000000009556820000000001,[],22,[],2019-02-02 17:21:16,27704795.57142857,6.689774000000001e-18,2.3127284593140003e-22,6566019,2019-02-02 17:21:16,LTC,8.49222787,0.0,0.00000007,LTC,73854658.1,0.0,1.42417449,95
0.00000000009556820000000001,[],4,[],2019-02-02 17:21:17,132665160.74618319,9.7479564e-17,3.3699757550004005e-21,6566020,2019-02-02 17:21:17,ltc,1.18957250149955,0.0,0.00000102,ltc,70819434.38285363,0.0,7.00222423718418e-10,96
1,[],12,[],2019-02-02 17:21:17,327577.0,0.00000001,0.000000000000345711,6566021,2019-02-02 17:21:17,btc,255063.40130774563,0.0,0.00000001,btc,7911785.33297676,7.082e-05,0.00327577,96
0,[],17,[],2019-02-02 17:21:19,0.0,0,0,6566022,2019-02-02 17:21:19,btc,0.0,0.0,0,btc,0.0,0.0,0.0,96
1,[],4,[],2019-01-28 01:29:03,1472892.19429314,0.00000039,0.000000000013841295,6517118,2019-01-28 01:29:03,btc,0.30363706505258,0.0,0.00000039,btc,473598.41813208,0.02260545,0.1322524391209234,99
0,[],2,[],2019-01-20 23:23:55,0.0,0,0,6476914,2019-01-20 23:23:55,,0.0,0.0,0,,0.0,0.0,0.0,100
1,[],4,[],2019-02-02 17:21:20,69851.44159198,0.00004463,0.000000001542908193,6566023,2019-02-02 17:21:20,btc,4.192988507442294,0.0,0.00004463,btc,71372.08886289,1.72010722,2.7209699267262275,100
1,[],22,[],2019-02-02 17:07:13,50000.0,0.00000001,0.000000000000345902,6565845,2019-02-02 17:07:13,BTC,23.50383609,0.0,0.00000001,BTC,11277.22,0.0,0.0005,101
1,[],4,[],2019-02-02 17:07:14,111022.12501457,0.00000079,0.000000000027326258,6565846,2019-02-02 17:07:14,btc,0.3974531922375242,0.0,0.00000079,btc,154855.3718434,0.02447376,0.0619454817725822,103
1,[],12,[],2019-02-02 17:21:21,78482146.968,0.000000016,0.0000000000005531376,6566024,2019-02-02 17:21:21,btc,138278964.48939794,0.0,0.000000016,btc,151911083.42007142,0.03543629864674215,0.490686906512,105
1,[],27,[],2019-02-02 17:21:23,127001.89,0.00000001,0.000000000000345711,6566025,2019-02-02 17:21:23,btc,0.6931767791760939,23.0,0.00000001,btc,717067.82781977,4.6e-07,0.0012700189,105
0,[],22,[],2019-02-02 17:21:26,0.0,0,0,6566026,2019-02-02 17:21:26,,1.07253299,0.0,0,,94300.0,0.0,0.0,107
1,[],26,[],2019-02-02 17:21:27,0.0,0,0,6566027,2019-02-02 17:21:27,,0.0,0.0,0,,0.0,0.0,0.0,107
1,[],5,[],2019-02-02 17:07:22,3e-08,0.00000002,0.000000000000691804,6565851,2019-02-02 17:07:22,btc,2.98400964,0.12824406,0.00000002,btc,1.589e-05,0.0,0.1255088,112
1,[],22,[],2019-02-02 17:07:25,1966.0,0.00000001,0.000000000000345902,6565852,2019-02-02 17:07:25,BTC,2.84203449,0.0,0.00000001,BTC,957103.5833333334,0.0,1.966e-05,112
0.0000000003103471,[],27,[],2019-02-02 17:07:27,500000.0,3.103471e-18,1.073496825842e-22,6565853,2019-02-02 17:07:27,eth,1.25356065,0.0,0.00000001,"btc,eth",1328.0,0.0,1.5517355e-12,112
1,[],4,[],2019-02-02 17:21:27,463800.98147872,0.00000371,0.00000000012825878100000002,6566028,2019-02-02 17:21:27,btc,0.498334686349636,0.0,0.00000371,btc,91125.75629289,0.07068837,0.2316587849891476,113
1,[],5,[],2019-02-02 17:21:29,2.349e-05,0.00000370,0.00000000012791307,6566029,2019-02-02 17:21:29,btc,2.10234824,0.0284823,0.00000370,btc,0.00274708,0.0,0.24860342,113
1,[],17,[],2019-02-02 17:21:30,212548.72400000002,0.00000004,0.000000000001382844,6566030,2019-02-02 17:21:30,btc,1.3368030274080995,0.0,0.00000004,btc,51896.221,0.0,0.00460194896,116
0,[],27,[],2019-02-02 17:21:32,0.0,0,0,6566031,2019-02-02 17:21:32,,0.0,0.0,0,btc,0.0,0.0,0.0,116
1,[],4,[],2019-02-02 17:21:33,24505.82990128,0.00001853,0.0000000006406024830000001,6566032,2019-02-02 17:21:33,btc,0.3677250222145621,0.0,0.00001853,btc,16002.69837709,0.12668192,0.3922818457899503,120
1,[],7,[],2019-02-02 17:21:34,11042.85478813,0.00001796000000000000083899033553880286717685521580278873443603515625,0.000000000620896956,6566033,2019-02-02 17:21:34,btc,88979.01892508702,1.46021706,0.00001796000000000000083899033553880286717685521580278873443603515625,btc,23766.34108922,2.636e-05,0.0983716639235912,120
1,[],20,[],2019-02-02 17:07:37,1607028.1906,0.000000013,0.00000000000044967260000000003,6565860,2019-02-02 17:07:37,btc,33.7489442370083,222.819,0.000000013,btc,1074422.3317,2.896647e-06,0.0088322132172,125
1,[],22,[],2019-02-02 17:21:37,3053.0,0.00000001,0.000000000000345711,6566034,2019-02-02 17:21:37,BTC,0.01444889,0.0,0.00000001,BTC,296264.5111111111,0.0,3.053e-05,126
1,[],4,[],2019-02-02 17:21:38,92590.80013911,0.00001497,0.000000000517529367,6566035,2019-02-02 17:21:38,btc,0.5211779342086077,0.0,0.00001497,btc,27260.49086094,0.20978385,0.5983881593538743,131
0,[],17,[],2019-02-02 17:21:40,0.0,0,0,6566036,2019-02-02 17:21:40,btc,0.0008451375975800001,0.0,0,btc,30.89614684,0.0,0.0,131
0,[],2,[],2019-01-20 23:25:46,0.0,0,0,6476969,2019-01-20 23:25:46,,0.0,0.0,0,,0.0,0.0,0.0,131
1,[],4,[],2019-02-02 17:07:43,4614.03278242,0.00016003,0.000000005535469706,6565864,2019-02-02 17:07:43,btc,1.6409185098474472,0.0,0.00016003,btc,302.35845559,0.0,0.0118639733053923,135
1,[],3,[],2019-02-02 17:07:43,1799384.85018509,0.00000007,0.000000000002421314,6565865,2019-02-02 17:07:43,btc,0.1536855347210978,2903.83333333,0.00000007,btc,396445.95521158,0.0,0.066624347337035,136
1,[],4,[],2019-02-02 17:21:40,96687.88346502,0.00000189,0.000000000065339379,6566037,2019-02-02 17:21:40,btc,0.4610499441045296,0.0,0.00000189,btc,174569.67393195,0.15819103,0.1351690917865121,137
1,[],12,[],2019-02-02 17:21:41,296930.91100666,0.000001830000000000000054831898570195658493275914224795997142791748046875,0.00000000006326511300000001,6566038,2019-02-02 17:21:41,btc,11982.850951805272,0.0,0.000001830000000000000054831898570195658493275914224795997142791748046875,btc,127101.47957699,0.125513575183886,0.0275571499999385,137
1,[],5,[],2019-02-02 17:21:43,0.00124607,0.00003750,0.00000000129641625,6566039,2019-02-02 17:21:43,btc,2.70343829,2.20503514,0.00003750,btc,0.0027864,0.0,1.21181456,142
1,[],17,[],2019-02-02 17:21:46,12500.0,0.0000001,0.00000000000345711,6566040,2019-02-02 17:21:46,btc,20.26098602587513,0.0,0.0000001,btc,5932.0,0.0,0.00125,142
1,[],20,[],2019-02-02 17:21:48,149737.5967,0.000038296,0.0000000013239348456,6566041,2019-02-02 17:21:48,btc,4.19771129976,928.7526,0.000038296,btc,11105.5349,0.0383945727957,0.2499788725116,142
1,[],22,[],2019-02-02 17:21:51,962.0,0.00001800,0.0000000006222798000000001,6566042,2019-02-02 17:21:51,BTC,3.00453575,0.0,0.00001800,BTC,900.098,0.0,0.0001637,142
0.0,[],25,[],2019-02-02 17:21:53,0.0,0,0,6566043,2019-02-02 17:21:53,,0.0,0.0,0.0,btc,0.0,0.0,0.0,142
1,[],28,[],2019-02-02 17:21:54,78705.0,0.00002500,0.0000000008642775000000001,6566044,2019-02-02 17:21:54,btc,0.03667767585,132.0,0.00002500,btc,732.8325,0.0,0.0312237,142
0,[],22,[],2019-01-28 18:33:43,0.0,0,0,6521842,2019-01-28 18:33:43,,61.27958297,0.0,0,,815366265.8,0.0,0.0,143
1,[],21,[],2019-02-02 17:08:01,32383706.26690389,0.00000027,0.000000000009339354,6565874,2019-02-02 17:08:01,btc,53.31665486135434,3206200.07015751,0.00000027,btc,92475903.72205819,0.8790476,4.573995687691659,145
0,[],22,[],2019-02-02 17:08:04,0.0,0,0,6565875,2019-02-02 17:08:04,,4.55130384,0.0,0,,1498760.5,0.0,0.0,146
,[],22,[],2018-11-20 23:01:11,0.0,0,0,4862114,2018-11-20 23:01:11,,2.56807021,0.0,,,61828.4988236,0.0,0.0,147
1,[],12,[],2019-02-02 15:15:29,8691009.87408606,0.0000037299999999999998629741926325920076124020852148532867431640625,0.000000000129301569,6565467,2019-02-02 15:15:29,btc,16.56565328746627,0.0,0.0000037299999999999998629741926325920076124020852148532867431640625,btc,112319.49663261,0.0024230212164879,0.1236417499999977,148
1,[],4,[],2019-02-02 17:08:04,306014.43554579,0.00000040,0.00000000001383608,6565876,2019-02-02 17:08:04,btc,0.6883024420580723,0.0,0.00000040,btc,502645.08636268,0.000202,0.0680073852441792,152
0,[],22,[],2019-02-02 17:08:07,0.0,0,0,6565877,2019-02-02 17:08:07,,0.0,0.0,0,,0.0,0.0,0.0,152
1,[],5,[],2019-02-02 17:08:08,0.0,0,0,6565878,2019-02-02 17:08:08,btc,4.41264381,0.0,0,btc,0.00161275,0.0,0.0,153
,[],16,[],2019-01-11 15:38:59,0.0,0,0,6366141,2019-01-11 15:38:59,btc,0.0,0.0,,btc,0.0,0.0,0.0,155
0,[],23,[],2019-01-20 23:24:29,0.0,0,0,6476932,2019-01-20 23:24:29,,0.0,0.0,0,,0.0,0.0,0.0,156
0,[],22,[],2019-02-02 17:21:57,0.0,0,0,6566045,2019-02-02 17:21:57,,6.73312347,0.0,0,,4564272.742592593,0.0,0.0,156
1,[],22,[],2019-02-02 17:22:00,7906.0,0.00000801,0.000000000276914511,6566046,2019-02-02 17:22:00,BTC,43.78801181,0.0,0.00000801,BTC,1067.5805334758436,0.0,0.00743836,157
0,[],22,[],2019-02-02 17:08:21,0.0,0,0,6565881,2019-02-02 17:08:21,,50175.6753658,0.0,0,,54007107.04179466,0.0,0.0,158
,[],17,[],2018-11-20 22:56:10,0.0,0,0,4861976,2018-11-20 22:56:10,btc,1.1265625,0.0,,btc,1000.0,0.0,0.0,159
,[],20,[],2018-11-20 22:56:12,0.0,0,0,4861977,2018-11-20 22:56:12,btc,11912.7940471,0.0,,btc,34413894.3617,0.0,0.0,159
1,[],12,[],2019-02-02 17:22:01,189063.44568862,0.0000080600000000000007575884364285911942715756595134735107421875,0.00000000027864306600000003,6566047,2019-02-02 17:22:01,btc,6.688865693263597,0.0,0.0000080600000000000007575884364285911942715756595134735107421875,btc,15033.1752054,0.0046802883589539,0.08665810509998159,168
1,[],17,[],2019-02-02 17:22:03,29784.95,0.000001,0.0000000000345711,6566048,2019-02-02 17:22:03,btc,0.0353989844335,0.0,0.000001,btc,196.82520268,0.0,0.00716147,168
1,[],22,[],2019-02-02 17:22:06,3800.0,0.00000001,0.000000000000345711,6566049,2019-02-02 17:22:06,BTC,1.13102814,0.0,0.00000001,BTC,689102.4758060451,0.0,3.8e-05,169
1,[],22,[],2019-02-02 17:08:38,72289.8,0.00000031,0.000000000010722962,6565885,2019-02-02 17:08:38,BTC,10.33545545,0.0,0.00000031,BTC,125068.39239311396,0.0023736,0.01215944,171
1,[],22,[],2019-02-02 17:08:51,429268.6212121212,0.00000011,0.000000000003804922,6565886,2019-02-02 17:08:51,BTC,2.63880909,0.0,0.00000011,BTC,243483.55842249017,0.0,0.02920804,173
1,[],5,[],2019-02-02 17:08:52,4e-05,0.00000381,0.000000000131788662,6565887,2019-02-02 17:08:52,btc,0.34728653,0.01694511,0.00000381,btc,0.00032214,0.0,0.68361248,175
1,[],22,[],2019-02-02 17:22:09,49681.25714285715,0.0000004,0.00000000001382844,6566050,2019-02-02 17:22:09,BTC,0.6258775,0.0,0.0000004,BTC,161432.17417750834,0.0,0.01684637,176
1,[],7,[],2019-02-02 17:22:10,0.0,0,0,6566051,2019-02-02 17:22:10,btc,233208.59190894547,1248.75124875,0,btc,116200784.21566916,1.249e-05,0.0,178
0,[],22,[],2019-02-02 17:22:14,0.0,0,0,6566052,2019-02-02 17:22:14,,1.00242428,0.0,0,,57512.0,0.0,0.0,178
0,[],2,[],2019-01-20 23:28:34,0.0,0,0,6477001,2019-01-20 23:28:34,,0.0,0.0,0,,0.0,0.0,0.0,178
0,[],23,[],2019-01-20 23:25:08,0.0,0,0,6476952,2019-01-20 23:25:08,,0.0,0.0,0,,0.0,0.0,0.0,179
1,[],5,[],2019-02-02 17:22:16,3e-08,0.00000002,0.000000000000691422,6566053,2019-02-02 17:22:16,btc,17.03930417,0.03052733,0.00000002,btc,2.088e-05,0.0,1.26524157,179
1,[],22,[],2019-02-02 17:22:28,7842183.0,0.00000003,0.000000000001037133,6566054,2019-02-02 17:22:28,BTC,5.51941121,0.0,0.00000003,"BTC,LTC",18215229.401989967,4.4e-07,0.38978517,179
1,[],17,[],2019-02-02 17:22:30,10504.725,0.0000001,0.00000000000345711,6566055,2019-02-02 17:22:30,btc,5.206166879877312,0.0,0.0000001,btc,6755.0074587,0.0,0.0010504725,180
1,[],22,[],2019-02-02 17:22:36,21726.4,0.00000011,0.000000000003802821,6566056,2019-02-02 17:22:36,BTC,0.09635417,0.0,0.00000011,"BTC,LTC",16844.655997271177,1.9e-06,0.00230475,180
1,[],26,[],2019-02-02 17:22:36,0.0,0,0,6566057,2019-02-02 17:22:36,,0.0,0.0,0,,0.0,0.0,0.0,180
,[],7,[],2018-11-20 22:58:01,562227.975654,0.00000085,0.000000000036176765,4862015,2018-11-20 22:58:01,btc,21836.6059674,2491.87645172,,btc,749999.041456,0.00211021,0.127565380455,183
,[],5,[],2019-01-10 08:11:41,0.0,0,0,6347036,2019-01-10 08:11:41,btc,82.15055501,0.00261,,btc,1.19002445,0.0,0.0,187
,[],17,[],2018-11-16 20:58:10,4062536.27273,0.00000001,0.000000000000550501,4708775,2018-11-16 20:58:10,btc,3.36492563466,0.195460381006,,"btc,eth",110697919.549,0.0,0.0157628953496,187
1,[],24,[],2019-02-02 17:22:36,0.0,0.000000000001,3.45711e-17,6566058,2019-02-02 17:22:36,btc,0.0,0.0,0.000000000001,btc,0.0,0.0,0.0,187
0,[],22,[],2019-02-02 17:10:30,0.0,0,0,6565897,2019-02-02 17:10:30,,1.19382741,0.0,0,,13380.036201072173,0.0,0.0,191
0,[],22,[],2019-01-29 02:57:02,0.0,0,0,6524994,2019-01-29 02:57:02,,0.0,0.0,0,,0.0,0.0,0.0,197
1,[],26,[],2019-02-02 17:10:30,0.0,0,0,6565898,2019-02-02 17:10:30,,0.0,0.0,0,,0.0,0.0,0.0,199
0,[],23,[],2019-01-20 23:31:41,0.0,0,0,6477079,2019-01-20 23:31:41,,0.0,0.0,0,,0.0,0.0,0.0,199
0,[],17,[],2019-01-30 16:32:01,0.0,0,0,6540827,2019-01-30 16:32:01,btc,6.802544163788159,0.0,0,btc,105897.55575295,0.0,0.0,200
0,[],2,[],2019-01-20 23:30:49,0.0,0,0,6477059,2019-01-20 23:30:49,,0.0,0.0,0,,0.0,0.0,0.0,201
1,[],4,[],2019-01-25 15:51:35,2084389.58565343,0.00000936,0.000000000333526752,6499557,2019-01-25 15:51:35,btc,2.0092503037378524,0.0,0.00000936,btc,160195.80207885,0.19272417,1.242687955921835,211
1,[],7,[],2019-02-02 17:22:40,16572099.70224475,0.00000146999999999999990171598886201653755279039614833891391754150390625,0.000000000050819517,6566059,2019-02-02 17:22:40,btc,16567795.80581536,2787089.41264,0.00000146999999999999990171598886201653755279039614833891391754150390625,btc,12602565.8642382,0.0,7.927882006617002,212
1,[],5,[],2019-02-02 17:10:36,4.94e-06,0.00000034,0.000000000011760668,6565900,2019-02-02 17:10:36,btc,1.10904741,0.02784012,0.00000034,btc,3.228e-05,0.0,0.21048562,213
1,[],24,[],2019-02-02 17:10:36,0.0,0.000000050000,0.00000000000172951,6565901,2019-02-02 17:10:36,btc,0.0,0.0,0.000000050000,btc,0.0,0.0,0.0,213
1,[],26,[],2019-02-02 17:10:36,0.0,0,0,6565902,2019-02-02 17:10:36,,0.0,0.0,0,,0.0,0.0,0.0,213
1,[],12,[],2019-01-25 02:44:32,207462.42853209,0.000001080000000000000035831255497387193287295303889550268650054931640625,0.000000000038610756000000006,6493050,2019-01-25 02:44:32,btc,85023.03793723314,0.0,0.000001080000000000000035831255497387193287295303889550268650054931640625,btc,43675.73520027,0.000146250909087,0.0348620860622024,213
1,[],22,[],2019-02-02 17:22:43,276400.0,0.00000002,0.000000000000691422,6566060,2019-02-02 17:22:43,BTC,70.20188801,0.0,0.00000002,BTC,241693.63137942314,0.0,0.004714,216
1,[],27,[],2019-02-02 17:22:45,5050645.0,0.0000001,0.00000000000345711,6566061,2019-02-02 17:22:45,btc,313.98413178316,0.0,0.0000001,"btc,ltc",287018.13411,0.0,0.0510735,216
1,[],22,[],2019-02-02 17:22:48,249214.65531722977,0.00000235,0.000000000081242085,6566062,2019-02-02 17:22:48,BTC,12677.8740751,0.0,0.00000235,BTC,477993.15204654605,0.1364173,0.32379772,217
1,[],7,[],2019-02-02 17:22:49,0.0,0,0,6566063,2019-02-02 17:22:49,btc,77970.02600413912,0.0,0,btc,134531561.1214003,0.0,0.0,219
0,[],27,[],2019-02-02 17:22:51,0.0,0,0,6566064,2019-02-02 17:22:51,,0.0741038339680918,0.0,0,btc,1542429.2070951,0.0,0.0,219
0.0000000000000056,[],28,[],2019-02-02 17:22:57,205135012.733,6.16e-18,2.1295797600000003e-22,6566065,2019-02-02 17:22:57,doge,88554.0318717675,13821.0,0.00110000,"btc,doge",4969437.84751,0.0,3.063889635311647e-11,219
1,[],22,[],2019-02-02 17:23:02,203201.0,0.00000038,0.000000000013137018,6566066,2019-02-02 17:23:02,BTC,2.3877883,0.0,0.00000038,BTC,31617.55212317522,0.000165,0.02039238,221
1,[],24,[],2019-02-02 17:23:03,0.0,0.000000100000,0.00000000000345711,6566067,2019-02-02 17:23:03,btc,0.0,0.0,0.000000100000,btc,0.0,0.0,0.0,221
1,[],26,[],2019-02-02 17:23:03,0.0,0,0,6566068,2019-02-02 17:23:03,,0.0,0.0,0,,0.0,0.0,0.0,231
1,[],26,[],2019-02-02 17:23:03,0.0,0,0,6566069,2019-02-02 17:23:03,,0.0,0.0,0,,0.0,0.0,0.0,234
0,[],27,[],2019-02-02 17:23:05,0.0,0,0,6566070,2019-02-02 17:23:05,,0.0113483662182,0.0,0,"btc,eth",11462.99618,0.0,0.0,234
0.00000000009554429999999999,[],22,[],2019-02-02 17:13:06,8720000.0,9.55443e-19,3.30489644586e-23,6565914,2019-02-02 17:13:06,LTC,3.67066696,0.0,0.00000001,LTC,99030043.93217893,0.0,0.0872,235
1,[],4,[],2019-02-02 17:25:07,736752.93842332,0.00000065,0.000000000022471215,6566071,2019-02-02 17:25:07,btc,0.1553003650382957,0.0,0.00000065,btc,137435.68862499,0.0,0.142128230311428,236
1,[],24,[],2019-02-02 17:25:07,0.0,0.000000010000,0.000000000000345711,6566072,2019-02-02 17:25:07,btc,0.0,0.0,0.000000010000,btc,0.0,0.0,0.0,236
1,[],20,[],2019-02-02 17:25:12,12776527.0226,0.000000063,0.0000000000021779793,6566073,2019-02-02 17:25:12,btc,14.4321896492753,25313245.9074,0.000000063,btc,25864640.2564,1.620379044844,0.3936563743932,237
1,[],22,[],2019-02-02 17:25:15,260000.0,0.00000001,0.000000000000345711,6566074,2019-02-02 17:25:15,BTC,0.04103605,0.0,0.00000001,BTC,6179.0,0.0,0.0026,237
1,[],4,[],2019-02-02 17:25:16,3290926.46819376,0.00000032,0.000000000011062752,6566075,2019-02-02 17:25:16,btc,0.5498111616826835,0.0,0.00000032,btc,1573469.2964758,0.3660736,0.9404902900357752,238
1,[],5,[],2019-02-02 17:25:17,3.64e-06,0.00000031,0.000000000010717041,6566076,2019-02-02 17:25:17,btc,0.76163672,0.06486864,0.00000031,btc,2.906e-05,0.0,0.34355562,238
1,[],22,[],2019-02-02 17:13:20,255903.0,0.00000004,0.000000000001383608,6565921,2019-02-02 17:13:20,BTC,15.4137757,0.0,0.00000004,BTC,289404.9139027493,6.26e-05,0.00823624,249
0.00000000009556820000000001,[],22,[],2019-02-02 17:25:20,4179658.0,3.822728000000001e-18,1.3215591196080002e-22,6566077,2019-02-02 17:25:20,LTC,0.78482199,0.0,0.00000004,LTC,14362861.015,0.0,0.12455864,252
1,[],28,[],2019-02-02 17:25:22,2296908.428,0.00000008,0.000000000002765688,6566078,2019-02-02 17:25:22,btc,164692.27922170624,196501.745,0.00000008,btc,768339.3995,0.0,0.07672742624,256
1,[],22,[],2019-02-02 17:25:33,109523.69642857143,0.00000008,0.000000000002765688,6566079,2019-02-02 17:25:33,BTC,35605.5641573,0.0,0.00000008,BTC,505535.43279209774,0.00029968,0.00311128,258
1,[],22,[],2019-01-26 20:58:41,368451.0,0.00000001,0.000000000000356135,6510120,2019-01-26 20:58:41,BTC,2.642917,0.0,0.00000001,"BTC,LTC",1862.0,0.0,0.02488451,259
1,[],22,[],2019-02-02 17:25:36,1894.9046847690388,0.00000801,0.000000000276914511,6566080,2019-02-02 17:25:36,BTC,4.68960145,0.0,0.00000801,BTC,6366.988399675977,0.0,0.0150305,262
1,[],5,[],2019-02-02 17:25:38,5.983e-05,0.00000247,0.000000000085390617,6566081,2019-02-02 17:25:38,btc,1.00770152,0.32594476,0.00000247,btc,0.0007779,0.0,0.2701613,264
1,[],20,[],2019-02-02 17:25:40,1174997.1573,0.00000228,0.00000000007882210800000001,6566082,2019-02-02 17:25:40,btc,5.0015202054324,24012.6999,0.00000228,btc,94044.6904,0.0986614175214,0.0324450982078,264
1,[],22,[],2019-02-02 17:25:43,139217.0,0.00000002,0.000000000000691422,6566083,2019-02-02 17:25:43,BTC,8.65596445,0.0,0.00000002,BTC,330085.0934647885,8.428e-05,0.00228671,271
0,[],22,[],2019-02-02 17:15:43,0.0,0,0,6565929,2019-02-02 17:15:43,,365.69624814,0.0,0,,14224919503.9,0.0,0.0,272
0.0000000000000056,[],28,[],2019-02-02 17:15:48,221667976645.48,5.936e-21,2.0532742720000002e-25,6565930,2019-02-02 17:15:48,doge,299045242.7560342,239063663.9,0.00000106,doge,192022227173.1598,0.0,7.119169110797069e-10,272
