pairValue,buyBook,exchangeId,sellBook,updated,buyTotal,satoshiPrice,usdPrice,exchangeLogId,created,bestPair,sellTotalBtc,volume,pairPrice,activePairs,sellTotal,volumeBtc,buyTotalBtc,coinId
1,[],3,[],2019-03-15 16:28:38,30543.7254295635,0.013111390000000000544133627045084722340106964111328125,0.0000005134564549290001,6939064,2019-03-15 16:28:38,btc,61.12314631470396,0.0,0.013111390000000000544133627045084722340106964111328125,btc,25.35148501488,0.0,0.3405784060615476,1
1,[],4,[],2019-03-15 16:28:40,207785.08600835,0.01309531,0.000000512826744441,6939065,2019-03-15 16:28:40,btc,13.989811486770057,0.0,0.01309531,btc,284.98744739,1.75883571,1.5316201362328126,1
1,[],5,[],2019-03-15 16:28:43,0.0,0,0,6939066,2019-03-15 16:28:43,btc,0.0,0.0321167,0,btc,0.0,0.0,0.0,1
1,[],10,[],2019-03-15 16:28:46,413725.8066841,0.01020107,0.000000399485122377,6939067,2019-03-15 16:28:46,btc,6520.51357545657,1258.81577422,0.01020107,btc,1077.77445153,0.0,4.269531168613969,1
1,[],12,[],2019-03-15 16:28:48,115.52564541,0.01316999999999999941546757753485508146695792675018310546875,0.000000515751687,6939068,2019-03-15 16:28:48,btc,0.2948191603822,0.0,0.01316999999999999941546757753485508146695792675018310546875,btc,21.826133249999998,0.1840949045209,0.45347604010660003,1
1,[],20,[],2019-03-15 16:28:50,1152.4766,0.01050023,0.000000411200557053,6939069,2019-03-15 16:28:50,btc,0.0552085068997,0.0,0.01050023,btc,2.4565,0.0,0.0960064155941,1
1,[],21,[],2019-03-15 16:28:51,2171.44507758,0.01317214000000000058421267823,0.000000515835491754,6939070,2019-03-15 16:28:51,btc,31.19109735743306,10848.5905491,0.01317214000000000058421267823405287344940006732940673828125,"btc,eth",3446.16493103,138.97420269917833,21.794349824830025,1
1,[],22,[],2019-03-15 16:29:20,0.07686088253968254,0.01260000,0.00000049342986,6939071,2019-03-15 16:29:20,BTC,0.31439419,0.0,0.01260000,BTC,0.12751438772928525,0.0,0.00096785,1
1,[],24,[],2019-03-15 16:29:21,0.0,0.000000000000,0,6939072,2019-03-15 16:29:21,btc,0.0,0.0,0.000000000000,btc,0.0,0.0,0.0,1
0.0,[],25,[],2019-03-15 16:29:22,0.0,0,0,6939073,2019-03-15 16:29:22,btc,38.816799997944294,868.54929673,0.0,btc,2867.21959837,11.498,0.0,1
1,[],26,[],2019-03-15 16:29:23,0.0,0,0,6939074,2019-03-15 16:29:23,,0.0,0.0,0,,0.0,0.0,0.0,1
1,[],28,[],2019-03-15 16:29:30,992.977,0.01232000,0.000000482464752,6939075,2019-03-15 16:29:30,btc,0.147901439075,17955.6,0.01232000,btc,7.9421,0.0,0.087049736,1
0,[],2,[],2019-01-20 23:28:45,0.0,0,0,6477011,2019-01-20 23:28:45,,0.0,0.0,0,,0.0,0.0,0.0,1
1,[],5,[],2019-03-15 16:29:33,0.0,0,0,6939076,2019-03-15 16:29:33,btc,0.0,0.0,0,btc,0.0,0.0,0.0,2
0,[],22,[],2019-03-15 16:29:47,0.0,0,0,6939077,2019-03-15 16:29:47,,0.0,0.0,0,,0.0,0.0,0.0,2
1,[],5,[],2019-03-15 16:29:48,0.0,0,0,6939078,2019-03-15 16:29:48,btc,0.0,0.12850665,0,btc,0.0,0.0,0.0,3
1,[],12,[],2019-03-15 16:29:50,2719907.59267014,0.000000209,0.0000000000081846699,6939079,2019-03-15 16:29:50,btc,22818.034181767674,0.0,0.000000209,btc,1003503.26345035,0.10990572034660281,0.383279264827628,3
0,[],28,[],2019-03-15 16:29:56,0.0,0,0,6939080,2019-03-15 16:29:56,,0.0,0.0,0,,0.0,0.0,0.0,3
0,[],2,[],2019-01-20 23:31:32,0.0,0,0,6477077,2019-01-20 23:31:32,,0.0,0.0,0,,0.0,0.0,0.0,4
1,[],4,[],2019-03-15 16:29:58,405777.75341799,0.00000031,0.000000000012139941000000001,6939081,2019-03-15 16:29:58,btc,32.05489163026723,0.0,0.00000031,btc,720784.71980171,0.00496694,0.0477260437254755,4
1,[],12,[],2019-03-15 16:29:59,444440.0,0.00000002,0.000000000000783222,6939082,2019-03-15 16:29:59,btc,1111742.17693489,0.0,0.00000002,btc,760710.33266733,0.0,0.0048480400000000005,5
0,[],2,[],2019-01-20 23:31:51,0.0,0,0,6477087,2019-01-20 23:31:51,,0.0,0.0,0,,0.0,0.0,0.0,6
1,[],11,[],2019-03-15 16:30:01,4128120.39882,0.00000002,0.000000000000783222,6939083,2019-03-15 16:30:01,btc,9568.19311769159,95000.0,0.00000002,btc,42762212.926142,0.0,0.0488047513342,6
1,[],3,[],2019-03-15 16:30:02,1087.833962084558,0.000154759999999999988719301402539940681890584528446197509765625,0.000000006060571836,6939084,2019-03-15 16:30:02,btc,29.634085403952064,0.0,0.000154759999999999988719301402539940681890584528446197509765625,btc,239.122414578101,0.0,0.03439493781756314,7
1,[],4,[],2019-03-15 16:30:04,76484.85640675,0.00020001,0.000000007832611611,6939085,2019-03-15 16:30:04,btc,10.451528407665359,0.0,0.00020001,btc,40728.53789267,7.58998486,4.789606617150523,7
1,[],5,[],2019-03-15 16:30:06,0.0,0,0,6939086,2019-03-15 16:30:06,btc,0.0,0.62537132,0,btc,0.0,0.0,0.0,7
1,[],20,[],2019-02-20 02:16:17,39399275.8418,0.000000001,0.0000000000000390183,6728586,2019-02-20 02:16:17,btc,116.9737569154545,525.0,0.000000001,btc,56932965.8895,5.25e-07,0.0393992758418,8
0,[],2,[],2019-01-20 23:22:42,0.0,0,0,6476876,2019-01-20 23:22:42,,0.0,0.0,0,,0.0,0.0,0.0,9
0,[],23,[],2019-01-20 23:22:48,0.0,0,0,6476878,2019-01-20 23:22:48,,0.0,0.0,0,,0.0,0.0,0.0,9
1,[],1,[],2019-02-17 23:31:42,1822507.21,0.00000181000000000000003456111265232042484285557293333113193511962890625,0.000000000066086901,6701244,2019-02-17 23:31:42,btc,3.6990969245,17153386.5,0.00000181000000000000003456111265232042484285557293333113193511962890625,btc,1997391.71,31.11772986,3.2610482446,9
1,[],4,[],2019-03-15 16:30:09,1541039.84549754,0.00000163,0.000000000063832593,6939087,2019-03-15 16:30:09,btc,7.132309550341657,0.0,0.00000163,btc,2905841.52991518,1.68514506,1.564660830698895,9
1,[],28,[],2019-03-15 16:30:24,26353.0,0.00000159,0.000000000062266149,6939088,2019-03-15 16:30:24,btc,2708.770603154283,3547890.0,0.00000159,btc,17073.9197,0.0,0.0147295,9
1,[],4,[],2019-02-17 11:22:43,4341674.27126056,0.00000002,0.0000000000007272960000000001,6696112,2019-02-17 11:22:43,btc,0.1997230937751353,0.0,0.00000002,btc,4109766.79808031,0.00215132,0.0479381022052112,10
0,[],2,[],2019-01-20 23:23:08,0.0,0,0,6476890,2019-01-20 23:23:08,,0.0,0.0,0,,0.0,0.0,0.0,12
1,[],4,[],2019-03-15 16:30:25,6503523.96275642,0.00000199,0.00000000007793058900000001,6939089,2019-03-15 16:30:25,btc,17.470790699292337,0.0,0.00000199,btc,6236013.12654687,12.5852687,5.123370953344637,12
1,[],5,[],2019-03-15 16:30:26,0.0,0,0,6939090,2019-03-15 16:30:26,btc,0.0,1.19492537,0,btc,0.0,0.0,0.0,12
0.0,[],25,[],2019-03-15 16:30:28,0.0,0,0,6939091,2019-03-15 16:30:28,,0.0,0.0,0.0,btc,0.0,0.0,0.0,12
1,[],4,[],2019-03-15 16:30:29,32045218.1644996,0.00000929,0.000000000363806619,6939092,2019-03-15 16:30:29,btc,3.198633337296807,0.0,0.00000929,btc,255905.34870994,4.86923258,1.5701329496713106,13
1,[],10,[],2019-03-15 16:30:31,444120.69179237,0.0000087,0.00000000034070157,6939093,2019-03-15 16:30:31,btc,666777.449020942,37847.2294575,0.0000087,btc,673691.78475142,0.0,0.3237390527154216,13
1,[],21,[],2019-03-15 16:30:33,1838379.01748133,0.000009520000000000000331531677111,0.00000000037281367200000003,6939094,2019-03-15 16:30:33,btc,6.475127343836191,9785119.05647689,0.00000952000000000000033153167711130748784853494726121425628662109375,btc,620028.5734005,86.7472316,15.043518697864346,13
0,[],17,[],2019-03-15 15:32:50,0.0,0,0,6938708,2019-03-15 15:32:50,btc,0.0,0.0,0,btc,0.0,0.0,0.0,14
1,[],4,[],2019-03-15 16:30:34,1694705.53238611,0.00000078,0.000000000030545658,6939095,2019-03-15 16:30:34,btc,5.593925455784206,0.0,0.00000078,btc,1009452.39405641,0.10317628,0.2227253452153472,14
1,[],12,[],2019-03-15 16:30:35,285993.20621468,0.0000006,0.00000000002349666,6939096,2019-03-15 16:30:35,btc,0.0455444835326888,0.0,0.0000006,btc,8480.72532682,0.00071296,0.0234309799999945,14
1,[],26,[],2019-03-15 16:30:36,0.0,0.00000050,0.000000000019580550000000003,6939097,2019-03-15 16:30:36,btc,0.0,0.0,0.00000050,btc,0.0,0.0,0.0,14
,[],12,[],2018-12-01 15:15:48,204241.84496,0.00000489,0.000000000202473384,5260204,2018-12-01 15:15:48,btc,49.5475654835,0.0,,btc,35763.2193806,0.0163153972027625,0.0203389899998,15
0,[],4,[],2019-03-15 16:30:37,0.0,0,0,6939098,2019-03-15 16:30:37,,0.0,0.0,0,,0.0,0.0,0.0,15
0,[],2,[],2019-01-20 23:23:38,0.0,0,0,6476906,2019-01-20 23:23:38,,0.0,0.0,0,,0.0,0.0,0.0,18
1,[],4,[],2019-03-15 16:30:39,25545.9834825,0.00001665,0.000000000652032315,6939099,2019-03-15 16:30:39,btc,3.7748360717022886,0.0,0.00001665,btc,18281.45876796,0.05190345,0.0668997295263527,18
1,[],10,[],2019-03-15 16:30:41,783473.48332849,0.00001479,0.0000000005791926690000001,6939100,2019-03-15 16:30:41,btc,15.40796663334778,7729.03635654,0.00001479,btc,13416.21488696,0.0,0.1254111722568042,18
1,[],12,[],2019-03-15 16:30:42,313733.11643676,0.0000161099999999999999168547037964316359648364596068859100341796875,0.0000000006308853210000001,6939101,2019-03-15 16:30:42,btc,33214.72653431471,0.0,0.0000161099999999999999168547037964316359648364596068859100341796875,btc,736.99807341,0.0044944402718259,0.0256524186607928,18
0,[],17,[],2019-03-15 16:30:44,0.0,0,0,6939102,2019-03-15 16:30:44,btc,0.0,0.0,0,btc,0.0,0.0,0.0,18
0,[],2,[],2019-01-20 23:24:19,0.0,0,0,6476924,2019-01-20 23:24:19,,0.0,0.0,0,,0.0,0.0,0.0,19
1,[],3,[],2019-03-15 16:30:44,120899.22045164702,0.00002040999999999999940463422942737992116235545836389064788818359375,0.000000000799278051,6939103,2019-03-15 16:30:44,btc,0.6773049790147447,482.820496505,0.00002040999999999999940463422942737992116235545836389064788818359375,btc,14996.522464053525,0.0,0.05627550105098476,19
1,[],4,[],2019-03-15 16:30:45,216156.47805317,0.00001937,0.000000000758550507,6939104,2019-03-15 16:30:45,btc,2.7865776929036534,0.0,0.00001937,btc,87578.74368842,1.68365238,2.239479952390126,19
1,[],5,[],2019-03-15 16:30:48,0.0,0,0,6939105,2019-03-15 16:30:48,btc,0.0,0.00103749,0,btc,0.0,0.0,0.0,19
1,[],12,[],2019-03-15 16:30:49,192198.75268817,0.000019369999999999999197586308952168110408820211887359619140625,0.000000000758550507,6939106,2019-03-15 16:30:49,btc,0.7015561894667323,0.0,0.000019369999999999999197586308952168110408820211887359619140625,btc,442.84086563,0.00042537,0.0395609699999658,19
0,[],27,[],2019-03-15 16:30:51,0.0,0,0,6939107,2019-03-15 16:30:51,,0.0,0.0,0,btc,0.0,0.0,0.0,19
1,[],4,[],2019-03-15 16:30:52,2774806.59355758,0.00000012,0.000000000004699332,6939108,2019-03-15 16:30:52,btc,7.3822217746397,0.0,0.00000012,btc,2872436.96906976,0.0008903,0.0771874578980249,20
1,[],4,[],2019-03-15 16:30:53,98537787.9883036,0.00000002,0.000000000000783222,6939109,2019-03-15 16:30:53,btc,39166.841126882915,0.0,0.00000002,btc,53653675.20673696,0.00198394,1.0991608126667125,21
1,[],12,[],2019-03-15 16:30:54,1889897.0,0.00000001,0.000000000000391611,6939110,2019-03-15 16:30:54,btc,1247.5331530893407,0.0,0.00000001,btc,2594643.96703296,6.782e-05,0.01889897,21
0,[],17,[],2019-03-15 16:31:06,0.0,0,0,6939111,2019-03-15 16:31:06,btc,0.0,0.0,0,btc,0.0,0.0,0.0,21
1,[],12,[],2019-03-15 16:31:07,2589786956.0,0.0000000001,0.0000000000000039161100000000004,6939112,2019-03-15 16:31:07,btc,1933695.4311359096,0.0,0.0000000001,btc,1695239111.2611277,0.053546191168831164,0.25897869560000003,23
0,[],27,[],2019-03-15 16:31:11,0.0,0,0,6939113,2019-03-15 16:31:11,,13.83979783885341,0.0,0,eth,6296692.91714486,0.0,0.0,23
1,[],4,[],2019-03-15 16:31:12,657025.50787422,0.00000050,0.000000000019580550000000003,6939114,2019-03-15 16:31:12,btc,10.020368344844911,0.0,0.00000050,btc,1612918.91696015,0.02184627,0.1647344855100972,24
1,[],22,[],2019-03-15 16:33:12,11.76,0.00000100,0.000000000039161100000000005,6939115,2019-03-15 16:33:12,BTC,7.415e-05,0.0,0.00000100,BTC,23.919354838709676,0.0,1.176e-05,24
0.0,[],25,[],2019-03-15 16:33:13,0.0,0,0,6939116,2019-03-15 16:33:13,,0.0,0.0,0.0,btc,0.0,0.0,0.0,24
0,[],2,[],2019-01-20 23:25:56,0.0,0,0,6476976,2019-01-20 23:25:56,,0.0,0.0,0,,0.0,0.0,0.0,26
1,[],4,[],2019-03-15 16:33:15,28193882.77755079,0.00000642,0.000000000251414262,6939117,2019-03-15 16:33:15,btc,66.24632234342361,0.0,0.00000642,btc,241971.03278946,0.27179696,0.5246113736087106,26
1,[],10,[],2019-03-15 16:33:17,601488.57016192,0.00000541,0.000000000211861551,6939118,2019-03-15 16:33:17,btc,26.085673223396704,3755.63171281,0.00000541,btc,15156.53027449,0.0,0.1488545025720906,26
1,[],3,[],2019-03-15 16:33:18,10188536.54084747,0.00000001,0.000000000000391611,6939119,2019-03-15 16:33:18,btc,2.0419950364540074,30555.5,0.00000001,btc,14990829.16060025,0.0,0.10188536540847469,27
1,[],5,[],2019-03-15 16:33:19,0.0,0,0,6939120,2019-03-15 16:33:19,btc,0.0,0.00059427,0,btc,0.0,0.0,0.0,27
1,[],11,[],2019-03-15 16:33:21,8483578.24590115,0.00000006,0.0000000000023496659999999997,6939121,2019-03-15 16:33:21,btc,67506.1992155516,5956.66666667,0.00000006,btc,7966196.08369704,0.0,0.4686349049180229,27
1,[],4,[],2019-03-15 16:33:22,2285592285.8217525,0.00000002,0.000000000000783222,6939122,2019-03-15 16:33:22,btc,2.9334411777361717,0.0,0.00000002,"btc,ltc",289669315.7398024,3.93452011,12.329181053480152,29
1,[],7,[],2019-03-15 16:33:25,35611182.13418711,0.00000001,0.000000000000391611,6939123,2019-03-15 16:33:25,btc,44461604.29289064,674.32567432,0.00000001,btc,52437394.81183364,0.0,0.3561118213418711,29
1,[],4,[],2019-03-15 16:33:26,1594503.48725403,0.00000017,0.000000000006657387,6939124,2019-03-15 16:33:26,btc,2.679668432578796,0.0,0.00000017,btc,2172528.61049548,0.00696322,0.085803368644685,30
0,[],17,[],2019-03-15 16:33:38,0.0,0,0,6939125,2019-03-15 16:33:38,btc,0.0,0.0,0,btc,0.0,0.0,0.0,30
1,[],4,[],2019-03-15 16:33:39,183835.3322288,0.00005668,0.000000002219651148,6939126,2019-03-15 16:33:39,btc,9.596722270397999,0.0,0.00005668,btc,119454.95586779,1.64406268,1.911333175021196,31
1,[],21,[],2019-03-15 16:33:40,27117.58302866,0.00005666999999999999782732823528,0.000000002219259537,6939127,2019-03-15 16:33:40,btc,6.776446915551025,85954.19432688,0.000056669999999999997827328235278088186532841064035892486572265625,btc,109971.18010993,4.89506887,1.407890121087832,31
0,[],2,[],2019-01-20 23:28:43,0.0,0,0,6477009,2019-01-20 23:28:43,,0.0,0.0,0,,0.0,0.0,0.0,32
1,[],4,[],2019-03-15 16:33:41,415516215.0102292,0.00000004,0.000000000001566444,6939128,2019-03-15 16:33:41,btc,8.651800552525842,0.0,0.00000004,"btc,ltc",174295307.8376893,1.04652031,9.107158745122321,33
1,[],12,[],2019-03-15 16:33:42,26582241.658999998,0.00000004,0.000000000001566444,6939129,2019-03-15 16:33:42,btc,2818210.44363663,0.0,0.00000004,btc,18396601.40159832,0.0058564976023985,0.61445014672,33
1,[],4,[],2019-03-15 16:35:43,91458410.99231108,0.00000001,0.000000000000391611,6939130,2019-03-15 16:35:43,btc,3.3833868331090624,0.0,0.00000001,btc,102826465.79850414,0.02351417,0.9145841099231107,34
1,[],5,[],2019-03-15 16:35:44,0.0,0,0,6939131,2019-03-15 16:35:44,btc,0.0,0.00085242,0,btc,0.0,0.0,0.0,34
0,[],17,[],2019-03-15 16:01:57,0.0,0,0,6938938,2019-03-15 16:01:57,btc,0.0746458232965017,0.0,0,btc,4103573.70243647,0.0,0.0,36
0.00000000014861680000000001,[],4,[],2019-03-15 16:35:46,3901616982.0586705,1.486168e-18,5.819997366480001e-23,6939132,2019-03-15 16:35:46,ltc,4.982825721594117e-08,0.0,0.00000001,ltc,6563492971.93365,0.0,5.79845830699217e-09,36
1,[],5,[],2019-03-15 16:35:48,0.0,0,0,6939133,2019-03-15 16:35:48,btc,0.0,0.0,0,btc,0.0,0.0,0.0,36
0.00000000034859969999999997,[],27,[],2019-03-15 16:35:52,998000.16325,3.485997e-18,1.365154771167e-22,6939134,2019-03-15 16:35:52,eth,223.68719070580784,0.0,0.00000001,"ltc,eth",12165396.31058689,0.0,1.4831962330890103e-12,36
1,[],12,[],2019-03-15 16:35:55,1004806.65629717,0.00000057,0.000000000022321827,6939136,2019-03-15 16:35:55,btc,22.44705538728214,0.0,0.00000057,btc,411666.74406224,0.0334965068375855,0.1367828824886847,37
1,[],27,[],2019-03-15 16:36:08,14685.567,0.00000045,0.000000000017622495000000002,6939137,2019-03-15 16:36:08,btc,24.25536383611233,0.0,0.00000045,btc,6518.38138508,0.0,0.00480032515,37
1,[],17,[],2019-03-15 16:04:01,1752.74075282,0.00000025,0.000000000009827,6938942,2019-03-15 16:04:01,btc,0.055484923777095005,0.0,0.00000025,btc,1319.19918473,0.0,0.00043818518820499993,37
1,[],4,[],2019-03-15 16:35:53,221017.81732037,0.00000059,0.000000000023105049,6939135,2019-03-15 16:35:53,btc,19772.480052462593,0.0,0.00000059,btc,586200.69486425,0.00281039,0.0922318547019289,37
1,[],5,[],2019-03-15 16:36:09,0.0,0,0,6939138,2019-03-15 16:36:09,btc,0.0,0.04836989,0,btc,0.0,0.0,0.0,42
1,[],12,[],2019-03-15 16:36:11,254875.78876844,0.0000009,0.00000000003524499,6939139,2019-03-15 16:36:11,btc,5.6191492505527085,0.0,0.0000009,btc,45046.69338078,0.0098621049039124,0.0202887899999974,42
0.00000000034859969999999997,[],27,[],2019-03-15 16:36:14,2000.0,3.485997e-18,1.365154771167e-22,6939140,2019-03-15 16:36:14,eth,0.00315028,0.0,0.00000001,"btc,eth",11.007,0.0,6.971993999999999e-15,42
1,[],5,[],2019-03-15 16:36:15,0.0,0,0,6939141,2019-03-15 16:36:15,btc,0.0,0.00127779,0,btc,0.0,0.0,0.0,43
0,[],17,[],2019-03-15 14:47:56,0.0,0,0,6938557,2019-03-15 14:47:56,btc,0.0,0.0,0,btc,0.0,0.0,0.0,43
1,[],12,[],2019-03-13 09:13:29,1112112.0,0.00000001,0.000000000000386531,6919902,2019-03-13 09:13:29,btc,29058.00478931866,0.0,0.00000001,btc,5967681.93306694,9.99000999e-07,0.01112112,43
1,[],12,[],2019-03-05 01:54:08,639326.02,0.00000004,0.000000000001486676,6845775,2019-03-05 01:54:08,btc,11116042.728239931,0.0,0.00000004,btc,1103841.4595604,0.0003330765234764,0.014975410599999999,44
1,[],4,[],2019-03-15 16:36:28,298006519.58054495,0.00000002,0.000000000000783222,6939142,2019-03-15 16:36:28,btc,757.6588526593107,0.0,0.00000002,"btc,ltc",16691740.94051626,0.00370571,0.2795305139052075,49
0.00000000014861680000000001,[],4,[],2019-03-15 16:36:30,230088824.8073521,1.486168e-18,5.819997366480001e-23,6939143,2019-03-15 16:36:30,ltc,25.9016546844047,0.0,0.00000001,ltc,10157741836.692127,0.0,3.419506485862929e-10,52
0,[],22,[],2019-03-15 16:38:14,0.0,0,0,6939144,2019-03-15 16:38:14,,4428.59026215,0.0,0,,305937213.5359664,0.0,0.0,57
0.00000000034859969999999997,[],27,[],2019-03-15 16:38:17,2000.0,3.485997e-18,1.365154771167e-22,6939145,2019-03-15 16:38:17,eth,0.0,0.0,0.00000001,"btc,eth",0.0,0.0,6.971993999999999e-15,57
0.00000000014861680000000001,[],4,[],2019-03-15 16:38:18,552696297.678,2.972336e-18,1.1639994732960002e-22,6939146,2019-03-15 16:38:18,ltc,18.65761746398755,0.0,0.00000002,ltc,4686866173.42737,0.0,1.051510084628095e-09,58
1,[],12,[],2019-03-15 16:38:20,1145084365.0,0.0000000003,0.000000000000011748330000000001,6939147,2019-03-15 16:38:20,btc,4023056.496559239,0.0,0.0000000003,btc,1554315732.8041956,0.04488867178201798,0.2858494036,58
0.0000000001306708,[],22,[],2019-03-15 16:38:45,137438.0,1.306708e-18,5.1172122658800004e-23,6939148,2019-03-15 16:38:45,XMR,69.1795942,0.0,0.00000001,XMR,9887963.0,0.0,0.00137438,58
0,[],17,[],2019-03-15 16:05:00,0.0,0,0,6938954,2019-03-15 16:05:00,btc,1e+24,0.0,0,btc,49306342.21952568,0.0,0.0,58
1,[],5,[],2019-03-15 16:38:46,0.0,0,0,6939149,2019-03-15 16:38:46,btc,0.0,0.01007117,0,btc,0.0,0.0,0.0,61
1,[],22,[],2019-03-15 16:39:14,13757.0,0.00000012,0.000000000004699332,6939150,2019-03-15 16:39:14,BTC,1002.2960049,0.0,0.00000012,BTC,14976.68361146909,0.0,0.00154987,61
1,[],26,[],2019-03-15 16:39:14,0.0,0.00000800,0.00000000031328880000000004,6939151,2019-03-15 16:39:14,btc,0.0,0.0,0.00000800,btc,0.0,0.0,0.0,61
1,[],27,[],2019-03-15 16:39:17,4411.22008,0.00000047,0.000000000018405717,6939152,2019-03-15 16:39:17,btc,2.8850305703141323,0.0,0.00000047,"btc,eth",19862.59257617,0.0,0.001243759959532136,61
1,[],28,[],2019-03-15 16:39:24,13880.304,0.0000005,0.000000000019580550000000003,6939153,2019-03-15 16:39:24,btc,2.056329762300105,871.0,0.0000005,btc,9751.57500005,0.0,0.00566391304,61
1,[],4,[],2019-03-15 16:39:25,1506123.0486755,0.00000213,0.00000000008341314300000001,6939154,2019-03-15 16:39:25,btc,9.62906206853342,0.0,0.00000213,btc,818842.91931434,0.19433809,1.4362214084112666,67
0.0,[],25,[],2019-03-15 16:39:27,0.0,0,0,6939155,2019-03-15 16:39:27,,0.0,0.0,0.0,btc,0.0,0.0,0.0,67
1,[],12,[],2019-03-15 16:39:28,1568157.20771904,0.00000014,0.000000000005482554000000001,6939156,2019-03-15 16:39:28,btc,1111115.1694841462,0.0,0.00000014,btc,940785.67211608,0.0125587482026226,0.0778908041918172,71
,[],5,[],2018-11-20 23:02:39,1.5e-07,0.00000005,0.000000000002128045,4862160,2018-11-20 23:02:39,btc,2.84511358,0.0,,btc,0.00036572,0.0,0.07381892,74
1,[],5,[],2019-03-15 16:39:29,0.0,0,0,6939157,2019-03-15 16:39:29,btc,0.0,0.0,0,btc,0.0,0.0,0.0,75
1,[],4,[],2019-03-15 16:39:31,13382103.94481309,0.00000001,0.000000000000391611,6939158,2019-03-15 16:39:31,btc,11370.019787479292,0.0,0.00000001,btc,39920990.88589334,0.00028514,0.1338210394481309,81
0,[],20,[],2019-01-25 09:30:31,0.0,0,0,6495923,2019-01-25 09:30:31,btc,0.0,0.0,0,btc,0.0,0.0,0.0,81
1,[],4,[],2019-03-15 16:39:33,23680.23284391,0.00007969,0.0000000031207480590000003,6939159,2019-03-15 16:39:33,btc,18.142972744234257,0.0,0.00007969,btc,12520.25611225,0.04033656,0.0840158487353535,82
1,[],21,[],2019-03-15 16:39:34,923161.30489536,0.00007964000000000000321475485121,0.0000000031187900040000003,6939160,2019-03-15 16:39:34,btc,2.992123067741494,9241.55477421,0.000079640000000000003214754851210699371222290210425853729248046875,btc,32976.34834127,0.72534507,4.023466969849246,82
0,[],17,[],2019-03-15 16:39:46,0.0,0,0,6939161,2019-03-15 16:39:46,btc,0.0447233088476774,0.0,0,btc,999127.19588126,0.0,0.0,84
0.00000000014861680000000001,[],4,[],2019-03-15 16:39:47,170698605.1963211,4.458504e-18,1.7459992099440002e-22,6939162,2019-03-15 16:39:47,ltc,1.6762915331325023,0.0,0.00000003,ltc,389048398.7211258,0.0,3.7461526307374957e-10,85
,[],22,[],2018-11-20 23:09:34,3408.1,0.0000001,0.0000000000041895,4862324,2018-11-20 23:09:34,BTC,0.04624735,0.0,,BTC,4990.0,0.0,0.00033081,86
1,[],22,[],2019-03-15 16:40:14,111869.83333333333,0.00000006,0.000000000002349666,6939163,2019-03-15 16:40:14,BTC,2.07824106,0.0,0.00000006,BTC,165278.94736842104,0.00034069,0.00185219,87
1,[],27,[],2019-03-15 16:40:17,55.0,0.00000001,0.000000000000391611,6939164,2019-03-15 16:40:17,btc,5.087355898429583,4.49458,0.00000001,btc,23359.90385968,3.82e-05,5.5e-07,87
,[],2,[],2018-11-20 23:10:47,0.0,0,0,4862359,2018-11-20 23:10:47,,0.0,0.0,,,0.0,0.0,0.0,88
1,[],11,[],2019-03-15 16:40:19,93323.73846071,0.00014559999999999998832912739832323723021545447409152984619140625,0.00000000570185616,6939165,2019-03-15 16:40:19,btc,611.69273546762,824.43418448,0.00014559999999999998832912739832323723021545447409152984619140625,btc,99222.47056678,0.0,6.317896794185945,89
0,[],2,[],2019-01-20 23:31:45,0.0,0,0,6477083,2019-01-20 23:31:45,,0.0,0.0,0,,0.0,0.0,0.0,91
1,[],12,[],2019-03-15 16:40:20,280483.56192869,0.00000083,0.000000000032503713,6939166,2019-03-15 16:40:20,btc,61.02227980434134,0.0,0.00000083,btc,116993.33450275,9.333e-06,0.0436120980999761,91
0,[],17,[],2019-03-15 16:40:31,0.0,0,0,6939167,2019-03-15 16:40:31,btc,0.0,0.0,0,btc,0.0,0.0,0.0,91
1,[],22,[],2019-03-15 16:41:15,65900.0,0.00000001,0.000000000000391611,6939168,2019-03-15 16:41:15,BTC,3e-06,0.0,0.00000001,BTC,1.0,0.0,0.000659,91
0,[],22,[],2019-03-15 16:41:34,0.0,0,0,6939169,2019-03-15 16:41:34,,3.31498785,0.0,0,,37200566.889473684,0.0,0.0,95
0.00000000014861680000000001,[],4,[],2019-03-15 16:41:36,632803534.2979062,7.8766904e-17,3.0845986042344004e-21,6939170,2019-03-15 16:41:36,ltc,11.904843906171898,0.0,0.00000053,ltc,135951210.97123328,0.0,1.5652565098813403e-09,96
0,[],12,[],2019-03-15 16:41:38,0.0,0,0,6939171,2019-03-15 16:41:38,btc,10.675070516643357,0.0,0,btc,3189616.66433565,0.0,0.0,96
0,[],17,[],2019-03-15 16:09:43,0.0,0,0,6938977,2019-03-15 16:09:43,btc,0.0,0.0,0,btc,0.0,0.0,0.0,96
1,[],4,[],2019-03-15 03:18:27,3741781.64750534,0.00000030,0.00000000001164369,6933939,2019-03-15 03:18:27,btc,3.1415705615866827,0.0,0.00000030,btc,2614934.46977896,0.10910643,0.560295321154128,99
1,[],4,[],2019-03-15 16:41:50,324879.62820787,0.00003545,0.0000000013882609950000001,6939172,2019-03-15 16:41:50,btc,11.753142608588856,0.0,0.00003545,btc,176501.08546148,2.72589171,2.857642165382201,100
0,[],2,[],2019-01-20 23:23:55,0.0,0,0,6476914,2019-01-20 23:23:55,,0.0,0.0,0,,0.0,0.0,0.0,100
1,[],22,[],2019-03-15 16:42:56,120000.0,0.00000002,0.000000000000783222,6939173,2019-03-15 16:42:56,BTC,24.82891609,0.0,0.00000002,BTC,11877.22,0.0,0.0014,101
1,[],4,[],2019-03-15 16:42:58,457880.58657276,0.00000089,0.000000000034853379,6939174,2019-03-15 16:42:58,btc,276.1964070187147,0.0,0.00000089,btc,512321.52321983,0.02413644,0.2289891229391557,103
1,[],12,[],2019-03-15 16:43:01,34768508.0,0.000000007,0.0000000000002741277,6939175,2019-03-15 16:43:01,btc,3218940.2702385685,0.0,0.000000007,btc,80626858.94210076,0.00766349178528132,0.052690752,105
0,[],27,[],2019-03-15 16:43:04,0.0,0,0,6939176,2019-03-15 16:43:04,,36.609683327666005,0.0,0,btc,1428542.52239724,0.0,0.0,105
1,[],22,[],2019-03-15 16:43:30,9328.0,0.00000001,0.000000000000391611,6939177,2019-03-15 16:43:30,BTC,51.10837004,0.0,0.00000001,BTC,470435.0,0.0,9.328e-05,107
1,[],26,[],2019-03-15 16:43:30,0.0,0.00000000,0,6939178,2019-03-15 16:43:30,btc,0.0,0.0,0.00000000,btc,0.0,0.0,0.0,107
1,[],5,[],2019-03-15 16:43:31,0.0,0,0,6939179,2019-03-15 16:43:31,btc,0.0,0.00031436,0,btc,0.0,0.0,0.0,112
1,[],22,[],2019-03-15 16:45:28,1966.0,0.00000001,0.000000000000391611,6939180,2019-03-15 16:45:28,BTC,2.7794366,0.0,0.00000001,BTC,826409.0833333334,0.0,1.966e-05,112
0.00000000034859969999999997,[],27,[],2019-03-15 16:45:31,2000.0,3.485997e-18,1.365154771167e-22,6939181,2019-03-15 16:45:31,eth,1.24996908,0.0,0.00000001,"btc,eth",1289.0,0.0,6.971993999999999e-15,112
1,[],4,[],2019-03-15 16:45:32,1317163.58039092,0.00000209,0.00000000008184669900000001,6939182,2019-03-15 16:45:32,btc,5.885539810671707,0.0,0.00000209,btc,375008.84951809,0.04653636,1.0301736859361073,113
1,[],5,[],2019-03-15 16:45:35,0.0,0,0,6939183,2019-03-15 16:45:35,btc,0.0,0.0,0,btc,0.0,0.0,0.0,113
1,[],17,[],2019-03-15 16:45:39,152738.278,0.00000004,0.000000000001566444,6939184,2019-03-15 16:45:39,btc,1.33680302678,0.0,0.00000004,btc,50696.221,0.0,0.0022095311199999998,116
0,[],27,[],2019-03-15 16:45:41,0.0,0,0,6939185,2019-03-15 16:45:41,,0.0,0.0,0,btc,0.0,0.0,0.0,116
1,[],4,[],2019-03-15 16:45:42,79598.61996766,0.00003603,0.000000001410974433,6939186,2019-03-15 16:45:42,btc,84.38918851172498,0.0,0.00003603,btc,28328.97795176,0.66011962,1.5729036163179877,120
1,[],7,[],2019-03-15 16:45:44,21670.53494641,0.000024919999999999998575861415162080447771586477756500244140625,0.000000000975894612,6939187,2019-03-15 16:45:44,btc,126637.41783762374,3772.74593463,0.000024919999999999998575861415162080447771586477756500244140625,btc,33378.51084672,0.17976868,0.0714683347284077,120
1,[],20,[],2019-03-15 16:45:47,1592697.5674,0.000000034,0.0000000000013314774,6939188,2019-03-15 16:45:47,btc,32.3019317846648,25720.2,0.000000034,btc,1028084.0986,0.0008744868,0.0128347659626,125
1,[],22,[],2019-03-15 16:46:22,3053.0,0.00000001,0.000000000000391611,6939189,2019-03-15 16:46:22,BTC,0.01444887,0.0,0.00000001,BTC,296263.5111111111,0.0,3.053e-05,126
1,[],4,[],2019-03-15 16:46:24,132276.89850769,0.00001185,0.00000000046405903500000004,6939190,2019-03-15 16:46:24,btc,3.4682893642908073,0.0,0.00001185,btc,129351.13600426,0.06014633,0.4695135951853853,131
0,[],17,[],2019-03-15 16:13:46,0.0,0,0,6938996,2019-03-15 16:13:46,btc,0.0009561751951600001,0.0,0,btc,35.42829368,0.0,0.0,131
0,[],2,[],2019-01-20 23:25:46,0.0,0,0,6476969,2019-01-20 23:25:46,,0.0,0.0,0,,0.0,0.0,0.0,131
1,[],4,[],2019-03-15 16:46:35,4627.6631545,0.00016683,0.000000006533246313000001,6939191,2019-03-15 16:46:35,btc,1.6418611949575717,0.0,0.00016683,btc,302.65462358,0.00203238,0.0201607522480066,135
1,[],3,[],2019-03-07 00:20:44,877702.73244099,0.00000004,0.00000000000154846,6863392,2019-03-07 00:20:44,btc,0.119366241821405,0.0,0.00000004,btc,760637.99421222,0.0,0.023771231960604298,136
1,[],4,[],2019-03-15 16:46:37,470775.53913655,0.00000114,0.000000000044643654,6939192,2019-03-15 16:46:37,btc,38.65440532907473,0.0,0.00000114,btc,559361.90192918,0.02604891,0.0301478081191015,137
1,[],12,[],2019-03-15 16:46:38,163551.72903039,0.00000101999999999999997501889774376149233603428001515567302703857421875,0.000000000039944322,6939193,2019-03-15 16:46:38,btc,7.501812363008739,0.0,0.00000101999999999999997501889774376149233603428001515567302703857421875,btc,6410.7078212,0.0007012552007964,0.0138385799999929,137
1,[],4,[],2019-03-15 16:46:40,15677.04908912,0.00003800,0.0000000014881218,6939194,2019-03-15 16:46:40,btc,28.38332801508957,0.0,0.00003800,btc,45093.23964517,0.2714566,0.4166744191623832,142
1,[],5,[],2019-03-15 16:46:42,0.0,0,0,6939195,2019-03-15 16:46:42,btc,0.0,0.1028987,0,btc,0.0,0.0,0.0,142
1,[],17,[],2019-03-15 16:46:44,22967.386363640002,0.00000088,0.000000000034461768,6939196,2019-03-15 16:46:44,btc,20.069913352752895,0.0,0.00000088,btc,2746.079105,0.0,0.0104613000000032,142
1,[],20,[],2019-03-15 16:46:45,152933.2628,0.00003333,0.000000001305239463,6939197,2019-03-15 16:46:45,btc,0.3359270077722,3.1446,0.00003333,btc,2242.1971,9.4399992e-05,0.3057933080069,142
1,[],22,[],2019-03-15 16:47:06,1470.2803921568627,0.00001020,0.00000000039944322000000004,6939198,2019-03-15 16:47:06,BTC,3.0054103,0.0,0.00001020,BTC,910.5995,0.0,0.00121106,142
0.0,[],25,[],2019-03-15 16:47:08,0.0,0,0,6939199,2019-03-15 16:47:08,,0.0,0.0,0.0,btc,0.0,0.0,0.0,142
1,[],28,[],2019-03-15 16:47:16,76600.0,0.00002270,0.00000000088895697,6939200,2019-03-15 16:47:16,btc,0.067100461059305,1837.0,0.00002270,btc,552.61077999,0.0,0.0154572,142
0,[],22,[],2019-03-15 16:47:36,0.0,0,0,6939201,2019-03-15 16:47:36,,65.83990167,0.0,0,,1043231670.8,0.0,0.0,143
0,[],22,[],2019-02-25 15:42:22,0.0,0,0,6783783,2019-02-25 15:42:22,,4.2131946,0.0,0,,2322156.0,0.0,0.0,146
,[],22,[],2018-11-20 23:01:11,0.0,0,0,4862114,2018-11-20 23:01:11,,2.56807021,0.0,,,61828.4988236,0.0,0.0,147
1,[],12,[],2019-03-15 16:47:37,375900.87049183,0.00000331999999999999997681867335008742969648665166459977626800537109375,0.000000000130014852,6939202,2019-03-15 16:47:37,btc,8.065797426367249,0.0,0.00000331999999999999997681867335008742969648665166459977626800537109375,btc,108407.34426101,0.0936229295613321,0.1444427472126416,148
1,[],4,[],2019-03-15 16:47:39,215430.11890431,0.00000027,0.000000000010573497000000001,6939203,2019-03-15 16:47:39,btc,218.95073401357487,0.0,0.00000027,btc,805282.68165608,0.00181861,0.0492098099147619,152
0,[],22,[],2019-03-15 16:47:55,0.0,0,0,6939204,2019-03-15 16:47:55,,0.0,0.0,0,,0.0,0.0,0.0,152
1,[],5,[],2019-03-15 16:47:57,0.0,0,0,6939205,2019-03-15 16:47:57,btc,0.0,0.0,0,btc,0.0,0.0,0.0,153
,[],16,[],2019-01-11 15:38:59,0.0,0,0,6366141,2019-01-11 15:38:59,btc,0.0,0.0,,btc,0.0,0.0,0.0,155
0,[],22,[],2019-03-15 16:48:19,0.0,0,0,6939206,2019-03-15 16:48:19,,6.7463775,0.0,0,,4673391.242592593,0.0,0.0,156
0,[],23,[],2019-01-20 23:24:29,0.0,0,0,6476932,2019-01-20 23:24:29,,0.0,0.0,0,,0.0,0.0,0.0,156
1,[],22,[],2019-03-15 16:48:44,7073.8,0.00005300,0.0000000020755383,6939207,2019-03-15 16:48:44,BTC,1.79802465,0.0,0.00005300,BTC,802.6461988741639,0.0,0.00104336,157
0,[],22,[],2019-03-15 11:02:57,0.0,0,0,6937132,2019-03-15 11:02:57,,50175.67608608,0.0,0,,54079135.04179466,0.0,0.0,158
,[],17,[],2018-11-20 22:56:10,0.0,0,0,4861976,2018-11-20 22:56:10,btc,1.1265625,0.0,,btc,1000.0,0.0,0.0,159
,[],20,[],2018-11-20 22:56:12,0.0,0,0,4861977,2018-11-20 22:56:12,btc,11912.7940471,0.0,,btc,34413894.3617,0.0,0.0,159
1,[],12,[],2019-03-15 16:48:46,234232.35071261998,0.0000073400000000000000278401433850827828564433730207383632659912109375,0.000000000287442474,6939208,2019-03-15 16:48:46,btc,1.5538391965743137,0.0,0.0000073400000000000000278401433850827828564433730207383632659912109375,btc,7540.85628128,0.0054634347962512,0.1106885715996633,168
1,[],17,[],2019-03-15 16:17:14,29784.95,0.000001,0.000000000039308,6939015,2019-03-15 16:17:14,btc,0.03026736251542,0.0,0.000001,btc,144.46171372,0.0,0.00716147,168
0,[],22,[],2019-03-15 16:49:27,0.0,0,0,6939209,2019-03-15 16:49:27,,1.13364782,0.0,0,,524897.174707144,0.0,0.0,169
1,[],22,[],2019-03-15 16:50:13,195096.25,0.00000008,0.000000000003132888,6939210,2019-03-15 16:50:13,BTC,14.35186143,0.0,0.00000008,BTC,159427.3751826074,1.486e-05,0.0019885,171
1,[],22,[],2019-03-15 16:50:40,590027.4761904762,0.00000008,0.000000000003132888,6939211,2019-03-15 16:50:40,BTC,1.92624972,0.0,0.00000008,"BTC,LTC",351164.1306706753,0.00144044,0.01399546,173
1,[],5,[],2019-03-05 01:59:40,0.0,0,0,6845846,2019-03-05 01:59:40,btc,0.0,0.00384852,0,btc,0.0,0.0,0.0,175
1,[],22,[],2019-03-15 16:50:56,37100.0,0.00000013,0.000000000005090943,6939212,2019-03-15 16:50:56,BTC,0.54529973,0.0,0.00000013,BTC,137376.41444619838,4.8e-05,0.002272,176
1,[],7,[],2019-03-15 16:50:57,0.0,0,0,6939213,2019-03-15 16:50:57,btc,410194.04876419745,0.0,0,btc,111901383.24861808,0.0,0.0,178
0,[],22,[],2019-03-15 16:51:16,0.0,0,0,6939214,2019-03-15 16:51:16,,1.00242438,0.0,0,,57522.0,0.0,0.0,178
0,[],2,[],2019-01-20 23:28:34,0.0,0,0,6477001,2019-01-20 23:28:34,,0.0,0.0,0,,0.0,0.0,0.0,178
1,[],5,[],2019-03-15 16:51:18,0.0,0,0,6939215,2019-03-15 16:51:18,btc,0.0,0.08778985,0,btc,0.0,0.0,0.0,179
1,[],22,[],2019-03-15 16:51:58,6867106.0,0.00000002,0.000000000000783222,6939216,2019-03-15 16:51:58,BTC,5.63082152,0.0,0.00000002,"BTC,LTC",17356276.489868753,0.0,0.37228284,179
0,[],23,[],2019-01-20 23:25:08,0.0,0,0,6476952,2019-01-20 23:25:08,,0.0,0.0,0,,0.0,0.0,0.0,179
1,[],17,[],2019-03-15 16:52:00,10504.725,0.0000001,0.00000000000391611,6939217,2019-03-15 16:52:00,btc,5.201069583844365,0.0,0.0000001,btc,5033.45945,0.0,0.0010504725,180
1,[],22,[],2019-03-15 16:52:30,665006.0130909091,0.00000125,0.000000000048951375,6939218,2019-03-15 16:52:30,BTC,0.24230407,0.0,0.00000125,"BTC,LTC",77352.03041862632,0.0,0.57001711,180
1,[],26,[],2019-03-15 16:52:30,0.0,0.00000125,0.000000000048951375,6939219,2019-03-15 16:52:30,btc,0.0,0.0,0.00000125,btc,0.0,0.0,0.0,180
,[],7,[],2018-11-20 22:58:01,562227.975654,0.00000085,0.000000000036176765,4862015,2018-11-20 22:58:01,btc,21836.6059674,2491.87645172,,btc,749999.041456,0.00211021,0.127565380455,183
,[],5,[],2019-01-10 08:11:41,0.0,0,0,6347036,2019-01-10 08:11:41,btc,82.15055501,0.00261,,btc,1.19002445,0.0,0.0,187
1,[],24,[],2019-03-15 16:52:30,0.0,0.000000000001,3.9161100000000003e-17,6939220,2019-03-15 16:52:30,btc,0.0,0.0,0.000000000001,btc,0.0,0.0,0.0,187
,[],17,[],2018-11-16 20:58:10,4062536.27273,0.00000001,0.000000000000550501,4708775,2018-11-16 20:58:10,btc,3.36492563466,0.195460381006,,"btc,eth",110697919.549,0.0,0.0157628953496,187
0,[],22,[],2019-03-15 16:52:48,0.0,0,0,6939221,2019-03-15 16:52:48,,7.54797454,0.0,0,,79361.7243344055,0.0,0.0,191
0,[],22,[],2019-03-15 16:53:32,0.0,0,0,6939222,2019-03-15 16:53:32,,0.0,0.0,0,,0.0,0.0,0.0,197
0,[],23,[],2019-01-20 23:31:41,0.0,0,0,6477079,2019-01-20 23:31:41,,0.0,0.0,0,,0.0,0.0,0.0,199
0,[],22,[],2019-03-15 16:53:44,0.0,0,0,6939223,2019-03-15 16:53:44,,5.21637178,0.0,0,,22590043.5,0.0,0.0,199
1,[],26,[],2019-03-15 16:53:44,0.0,0.00000000,0,6939224,2019-03-15 16:53:44,btc,0.0,126604.0,0.00000000,btc,0.0,0.0,0.0,199
0,[],17,[],2019-01-30 16:32:01,0.0,0,0,6540827,2019-01-30 16:32:01,btc,6.802544163788159,0.0,0,btc,105897.55575295,0.0,0.0,200
0,[],2,[],2019-01-20 23:30:49,0.0,0,0,6477059,2019-01-20 23:30:49,,0.0,0.0,0,,0.0,0.0,0.0,201
1,[],4,[],2019-01-25 15:51:35,2084389.58565343,0.00000936,0.000000000333526752,6499557,2019-01-25 15:51:35,btc,2.0092503037378524,0.0,0.00000936,btc,160195.80207885,0.19272417,1.242687955921835,211
1,[],7,[],2019-03-15 16:53:50,6501526.40189114,0.0000010600000000000000155604695795119596368749625980854034423828125,0.000000000041510766000000003,6939225,2019-03-15 16:53:50,btc,15476653.572619313,1334152.28084,0.0000010600000000000000155604695795119596368749625980854034423828125,btc,12512026.48512513,0.0,3.9937486440907537,212
1,[],5,[],2019-03-15 16:53:52,0.0,0,0,6939226,2019-03-15 16:53:52,btc,0.0,0.14406274,0,btc,0.0,0.0,0.0,213
1,[],24,[],2019-03-15 16:53:52,0.0,0.000000250000,0.000000000009790275000000001,6939227,2019-03-15 16:53:52,btc,0.0,0.0,0.000000250000,btc,0.0,0.0,0.0,213
1,[],26,[],2019-03-15 16:53:52,0.0,0.00000010,0.00000000000391611,6939228,2019-03-15 16:53:52,btc,0.0,0.0,0.00000010,btc,0.0,0.0,0.0,213
1,[],12,[],2019-01-25 02:44:32,207462.42853209,0.000001080000000000000035831255497387193287295303889550268650054931640625,0.000000000038610756000000006,6493050,2019-01-25 02:44:32,btc,85023.03793723314,0.0,0.000001080000000000000035831255497387193287295303889550268650054931640625,btc,43675.73520027,0.000146250909087,0.0348620860622024,213
1,[],22,[],2019-03-15 16:55:30,25000.0,0.00000001,0.000000000000391611,6939229,2019-03-15 16:55:30,BTC,2.2910283,0.0,0.00000001,BTC,748106.3963726171,0.0,0.00025,216
1,[],27,[],2019-03-15 16:55:33,1298122.0,0.00000003,0.000000000001174833,6939230,2019-03-15 16:55:33,btc,317.9808126547724,0.0,0.00000003,"btc,ltc",240753.990324,0.0,0.033757640000267514,216
1,[],22,[],2019-03-15 16:55:47,148525.11184210525,0.00000154,0.00000000006030809400000001,6939231,2019-03-15 16:55:47,BTC,12543.59931171,0.0,0.00000154,BTC,432489.0853601404,0.02495335,0.14740694,217
1,[],7,[],2019-03-15 16:55:51,0.0,0,0,6939232,2019-03-15 16:55:51,btc,77971.81410323446,0.0,0,btc,135962412.7426053,0.0,0.0,219
0,[],27,[],2019-03-15 16:55:53,0.0,0,0,6939233,2019-03-15 16:55:53,,0.0404796,0.0,0,btc,2057905.0,0.0,0.0,219
0.0000000000000052,[],28,[],2019-03-15 16:56:01,171578396.705,9.1026e-18,3.5646782886000004e-22,6939234,2019-03-15 16:56:01,doge,96468.2202421225,14209.0,0.00175050,"btc,doge",6154491.80521,0.0,2.493544688178804e-11,219
1,[],22,[],2019-03-15 16:57:40,405511.0,0.00000008,0.000000000003132888,6939235,2019-03-15 16:57:40,BTC,18.10613233,0.0,0.00000008,BTC,101344.54541875875,9.984e-05,0.01929233,221
1,[],24,[],2019-03-15 16:57:40,0.0,0.000000200000,0.00000000000783222,6939236,2019-03-15 16:57:40,btc,0.0,0.0,0.000000200000,btc,0.0,0.0,0.0,221
1,[],20,[],2019-03-15 16:57:42,45307792.7453,0.000000003,0.0000000000001174833,6939237,2019-03-15 16:57:42,btc,49.3958753096225,1998024.1624,0.000000003,btc,14542781.0194,0.0141013513514,0.0532065366853,224
0,[],22,[],2019-03-15 16:57:54,0.0,0,0,6939238,2019-03-15 16:57:54,,0.0,0.0,0,,0.0,0.0,0.0,224
1,[],26,[],2019-03-15 16:57:54,0.0,0.00000035,0.000000000013706385000000001,6939239,2019-03-15 16:57:54,btc,0.0,0.0,0.00000035,btc,0.0,0.0,0.0,231
1,[],26,[],2019-03-15 16:57:54,0.0,0.00000005,0.000000000001958055,6939240,2019-03-15 16:57:54,btc,0.0,0.0,0.00000005,btc,0.0,0.0,0.0,234
0.00000000034859969999999997,[],27,[],2019-03-15 16:57:56,2000.0,3.485997e-18,1.365154771167e-22,6939241,2019-03-15 16:57:56,eth,0.01134836604,0.0,0.00000001,"btc,eth",11462.996,0.0,6.971993999999999e-15,234
1,[],4,[],2019-03-15 16:57:58,821024.5124196,0.00000087,0.000000000034070157000000005,6939242,2019-03-15 16:57:58,btc,4.303629315819517,0.0,0.00000087,btc,1210521.80949729,0.12494785,0.2240808222123771,236
1,[],24,[],2019-03-15 16:57:58,0.0,0.000000500000,0.000000000019580550000000003,6939243,2019-03-15 16:57:58,btc,0.0,0.0,0.000000500000,btc,0.0,0.0,0.0,236
1,[],20,[],2019-03-15 16:58:00,219932819.0971,0.000000051,0.0000000000019972161,6939244,2019-03-15 16:58:00,btc,10.465932396113,26962632.7345,0.000000051,btc,30676267.7875,1.3435092433364,0.4812938736698,237
0.00000000014861680000000001,[],22,[],2019-03-15 16:58:23,751594.9,2.5264856000000002e-17,9.893995523016001e-22,6939245,2019-03-15 16:58:23,LTC,1.2021423,0.0,0.00000017,LTC,14198.0,0.0,0.12541949,237
1,[],4,[],2019-03-15 16:58:24,9805946.07420158,0.00000035,0.000000000013706385000000001,6939246,2019-03-15 16:58:24,btc,6.676456853362854,0.0,0.00000035,btc,10275695.19200372,0.48490069,2.5226326742191443,238
1,[],5,[],2019-03-15 16:58:27,0.0,0,0,6939247,2019-03-15 16:58:27,btc,0.0,0.08518535,0,btc,0.0,0.0,0.0,238
0,[],22,[],2019-03-12 16:49:32,0.0,0,0,6914458,2019-03-12 16:49:32,,0.40415746,0.0,0,,526736.5639027493,0.0,0.0,249
0.00000000014861680000000001,[],22,[],2019-03-15 17:00:06,48086691.666666664,4.458504e-18,1.7459992099440002e-22,6939248,2019-03-15 17:00:06,LTC,0.93019708,0.0,0.00000003,LTC,18228659.353636365,8.858999890624e-12,1.04160377,252
1,[],28,[],2019-03-15 17:00:13,1876579.998,0.00000084,0.000000000032895324,6939249,2019-03-15 17:00:13,btc,164780.40702813593,282068.698,0.00000084,btc,454537.122,0.0,0.5880701814,256
1,[],22,[],2019-03-15 17:00:31,1335324.6666666667,0.00000003,0.000000000001174833,6939250,2019-03-15 17:00:31,BTC,31.4475434,0.0,0.00000003,BTC,594222.6068978057,8.57e-06,0.01899266,258
1,[],22,[],2019-03-13 00:07:30,47146.0,0.00000001,0.000000000000387233,6917028,2019-03-13 00:07:30,BTC,2.415167,0.0,0.00000001,BTC,157.0,0.0,0.00047146,259
1,[],5,[],2019-03-15 17:00:33,0.0,0,0,6939251,2019-03-15 17:00:33,btc,0.0,0.11334664,0,btc,0.0,0.0,0.0,264
1,[],20,[],2019-03-15 17:00:35,1244624.1851,0.0000021,0.00000000008223831,6939252,2019-03-15 17:00:35,btc,7.1862782094139,45336.2046,0.0000021,btc,99665.0281,0.090867013736,0.0259879747426,264
0,[],22,[],2019-03-15 17:02:07,0.0,0,0,6939253,2019-03-15 17:02:07,,8.75669439,0.0,0,,483745.2241309945,0.0,0.0,271
0,[],22,[],2019-03-15 17:02:27,0.0,0,0,6939254,2019-03-15 17:02:27,,111821.54152134,0.0,0,,14042847597.692,0.0,0.0,272
0.0000000000000052,[],28,[],2019-03-15 17:02:33,179950115030.401,3.692e-21,1.445827812e-25,6939255,2019-03-15 17:02:33,doge,147657907.4342977,8139280143.0,0.00000071,doge,244550505172.3224,0.0,4.30829144696401e-10,272
1,[],22,[],2019-03-15 17:03:40,141657.78,0.0000006,0.00000000002349666,6939256,2019-03-15 17:03:40,BTC,380.63006223,0.0,0.0000006,"BTC,LTC",78711.72280311219,0.0010324000004012653,0.04487913,281
1,[],22,[],2019-03-15 17:04:00,370038.8181818182,0.00000011,0.000000000004307721,6939257,2019-03-15 17:04:00,BTC,1.28440507,0.0,0.00000011,BTC,231116.69854349192,0.00701269,0.02571991,286
0,[],22,[],2019-03-15 17:04:14,0.0,0,0,6939258,2019-03-15 17:04:14,,1044639.27757649,0.0,0,,747492492.0,0.0,0.0,294
