pairValue,buyBook,exchangeId,sellBook,updated,buyTotal,satoshiPrice,usdPrice,exchangeLogId,created,bestPair,sellTotalBtc,volume,pairPrice,activePairs,sellTotal,volumeBtc,buyTotalBtc,coinId
1,[],3,[],2019-02-25 06:26:10,30536.99678258186,0.01259828999999999983583354179472735268063843250274658203125,0.000000480406813083,6779467,2019-02-25 06:26:10,btc,61.117795141210216,0.17363166,0.01259828999999999983583354179472735268063843250274658203125,btc,25.705180397907,0.0,0.2698801960889023,1
1,[],4,[],2019-02-25 06:26:11,302963.12584715,0.01274557,0.000000486022997139,6779468,2019-02-25 06:26:11,btc,9.090917702840756,0.0,0.01274557,btc,251.47185048,1.50507271,1.2633119903832442,1
1,[],5,[],2019-02-25 06:26:13,0.0,0,0,6779469,2019-02-25 06:26:13,btc,0.0,0.32980975,0,btc,0.0,0.0,0.0,1
1,[],10,[],2019-02-25 06:26:16,414670.96989001,0.0116527,0.00000044434891329,6779470,2019-02-25 06:26:16,btc,6522.577189100148,1013.74661662,0.0116527,btc,1033.97842341,0.0,5.5132100491639795,1
1,[],12,[],2019-02-25 06:26:18,10440.00284934,0.0126800000000000002986499936241671093739569187164306640625,0.0000004835226360000001,6779471,2019-02-25 06:26:18,btc,0.3453253706126,0.0,0.0126800000000000002986499936241671093739569187164306640625,btc,18.43119507,0.3277192504377,0.393514205071,1
1,[],20,[],2019-02-25 06:26:20,1150.428,0.010500214,0.0000004004015103978,6779472,2019-02-25 06:26:20,btc,0.0610059484809,0.0472,0.010500214,btc,2.7408,0.0006372098648,0.0915544251227,1
1,[],21,[],2019-02-25 06:26:21,2246.38263748,0.01264246999999999940267336740,0.000000482091515769,6779473,2019-02-25 06:26:21,btc,23.29523101531128,3551.44729061,0.0126424699999999994026733673990747774951159954071044921875,"btc,eth",2369.39163708,39.260942325048035,22.169650384017004,1
1,[],22,[],2019-02-25 06:26:25,0.0163776,0.01300000,0.0000004957251,6779474,2019-02-25 06:26:25,BTC,0.31423927,0.0,0.01300000,BTC,0.11751954901960784,0.0,0.00020972,1
1,[],24,[],2019-02-25 06:26:25,0.0,0.000000000000,0,6779475,2019-02-25 06:26:25,btc,0.0,0.0,0.000000000000,btc,0.0,0.0,0.0,1
0.0,[],25,[],2019-02-25 06:26:26,0.0,0,0,6779476,2019-02-25 06:26:26,btc,10.699399998237254,773.0061254,0.0,btc,822.68601238,10.005,0.0,1
1,[],26,[],2019-02-25 06:26:27,0.0,0,0,6779477,2019-02-25 06:26:27,,0.0,0.0,0,,0.0,0.0,0.0,1
1,[],28,[],2019-02-25 06:26:33,993.21,0.01323000,0.000000504495621,6779478,2019-02-25 06:26:33,btc,0.162839806,18330.2,0.01323000,btc,8.9,0.0,0.090071836,1
0,[],2,[],2019-01-20 23:28:45,0.0,0,0,6477011,2019-01-20 23:28:45,,0.0,0.0,0,,0.0,0.0,0.0,1
1,[],5,[],2019-02-25 06:26:34,0.0,0,0,6779479,2019-02-25 06:26:34,btc,0.0,0.02231447,0,btc,0.0,0.0,0.0,2
0.0000000001264176,[],22,[],2019-02-25 06:26:38,1148.0,1.3905936e-16,5.3027088570720004e-21,6779480,2019-02-25 06:26:38,XMR,21.01373823,0.0,0.00000110,XMR,14319.12581,0.0,0.00087635,2
1,[],5,[],2019-02-25 06:26:39,0.0,0,0,6779481,2019-02-25 06:26:39,btc,0.0,0.03875971,0,btc,0.0,0.0,0.0,3
1,[],12,[],2019-02-25 06:26:40,13338705.85951851,0.00000018,0.000000000006863886,6779482,2019-02-25 06:26:40,btc,924396.4570997772,0.0,0.00000018,btc,7764997.14512414,0.24299139968678113,0.6757106524624318,3
0,[],28,[],2019-02-25 06:26:45,0.0,0,0,6779483,2019-02-25 06:26:45,,0.0,0.0,0,,0.0,0.0,0.0,3
0,[],2,[],2019-01-20 23:31:32,0.0,0,0,6477077,2019-01-20 23:31:32,,0.0,0.0,0,,0.0,0.0,0.0,4
1,[],4,[],2019-02-22 15:52:28,400439.70738348,0.00000032,0.000000000012596480000000001,6759744,2019-02-22 15:52:28,btc,31.576426407239886,0.0,0.00000032,btc,685876.08766458,0.0,0.0547125982053145,4
1,[],12,[],2019-02-22 14:50:14,1367032.5219999999,0.00000003,0.000000000001190475,6759350,2019-02-22 14:50:14,btc,11013869.583570713,0.0,0.00000003,btc,1211697.32371984,0.00024567976024,0.02065290044,5
0,[],2,[],2019-01-20 23:31:51,0.0,0,0,6477087,2019-01-20 23:31:51,,0.0,0.0,0,,0.0,0.0,0.0,6
1,[],11,[],2019-02-25 06:26:47,3351329.5,0.00000002,0.0000000000007626540000000001,6779484,2019-02-25 06:26:47,btc,9432.836945181234,61187.0,0.00000002,btc,41471686.95347657,0.0,0.034501425,6
1,[],3,[],2019-02-25 06:26:47,1091.857220066689,0.00015102999999999999563259078794175138682476244866847991943359375,0.000000005759181681,6779485,2019-02-25 06:26:47,btc,27.605796873748474,0.0,0.00015102999999999999563259078794175138682476244866847991943359375,btc,249.144760639695,0.0,0.03419745781762677,7
1,[],4,[],2019-02-25 06:28:48,90876.58631047,0.00023567,0.000000008986733409,6779486,2019-02-25 06:28:48,btc,13.038148397609083,0.0,0.00023567,btc,42036.83922386,0.0,4.16763566432845,7
1,[],5,[],2019-02-25 06:28:49,0.0,0,0,6779487,2019-02-25 06:28:49,btc,0.0,1.23415536,0,btc,0.0,0.0,0.0,7
1,[],20,[],2019-02-20 02:16:17,39399275.8418,0.000000001,0.0000000000000390183,6728586,2019-02-20 02:16:17,btc,116.9737569154545,525.0,0.000000001,btc,56932965.8895,5.25e-07,0.0393992758418,8
0,[],2,[],2019-01-20 23:22:42,0.0,0,0,6476876,2019-01-20 23:22:42,,0.0,0.0,0,,0.0,0.0,0.0,9
0,[],23,[],2019-01-20 23:22:48,0.0,0,0,6476878,2019-01-20 23:22:48,,0.0,0.0,0,,0.0,0.0,0.0,9
1,[],4,[],2019-02-25 06:28:52,2184982.93163872,0.00000202,0.000000000077028054,6779488,2019-02-25 06:28:52,btc,5.909921980313704,0.0,0.00000202,btc,1915494.27731042,6.23219696,1.1865227824538342,9
1,[],28,[],2019-02-25 06:28:54,50110.0,0.00000180,0.00000000006863886,6779489,2019-02-25 06:28:54,btc,2708.763432985365,3668316.601,0.00000180,btc,12610.5507,0.0,0.055406,9
1,[],1,[],2019-02-17 23:31:42,1822507.21,0.00000181000000000000003456111265232042484285557293333113193511962890625,0.000000000066086901,6701244,2019-02-17 23:31:42,btc,3.6990969245,17153386.5,0.00000181000000000000003456111265232042484285557293333113193511962890625,btc,1997391.71,31.11772986,3.2610482446,9
1,[],4,[],2019-02-17 11:22:43,4341674.27126056,0.00000002,0.0000000000007272960000000001,6696112,2019-02-17 11:22:43,btc,0.1997230937751353,0.0,0.00000002,btc,4109766.79808031,0.00215132,0.0479381022052112,10
0,[],2,[],2019-01-20 23:23:08,0.0,0,0,6476890,2019-01-20 23:23:08,,0.0,0.0,0,,0.0,0.0,0.0,12
1,[],4,[],2019-02-25 06:28:55,2346503.62252278,0.00000126,0.000000000048047202,6779490,2019-02-25 06:28:55,btc,11.97076938382639,0.0,0.00000126,btc,6337580.10289937,1.68361768,1.4613976895947405,12
1,[],5,[],2019-02-25 06:28:56,0.0,0,0,6779491,2019-02-25 06:28:56,btc,0.0,0.28220381,0,btc,0.0,0.0,0.0,12
0.0,[],25,[],2019-02-25 06:28:57,0.0,0,0,6779492,2019-02-25 06:28:57,,0.0,0.0,0.0,btc,0.0,0.0,0.0,12
1,[],4,[],2019-02-25 06:28:58,1218341.70451544,0.00000551,0.000000000210111177,6779493,2019-02-25 06:28:58,btc,3.17898141047508,0.0,0.00000551,btc,447423.76821211,0.18922538,0.7298144171662183,13
1,[],10,[],2019-02-25 06:29:00,472480.65309307,0.00000529,0.00000000020172198300000002,6779494,2019-02-25 06:29:00,btc,666802.6014353769,10667.6644998,0.00000529,btc,744391.46500729,0.0,0.2769747916395,13
1,[],21,[],2019-02-25 06:29:02,517411.15065042,0.000005609999999999999650845700777,0.00000000021392444699999999,6779495,2019-02-25 06:29:02,btc,5.2578649465308365,448327.29237551,0.0000056099999999999996508457007771131230811079149134457111358642578125,btc,837396.70615717,2.50336004,2.645868226386751,13
1,[],4,[],2019-02-25 06:29:03,649816.30425339,0.00000119,0.000000000045377913,6779496,2019-02-25 06:29:03,btc,10.745908888876162,0.0,0.00000119,btc,881270.46439068,0.04201436,0.1063621581612206,14
1,[],12,[],2019-02-25 06:29:04,120691.91304348,0.000001129999999999999980629101885287735029805844533257186412811279296875,0.000000000043089951,6779497,2019-02-25 06:29:04,btc,5.292060640593837,0.0,0.000001129999999999999980629101885287735029805844533257186412811279296875,btc,32405.19873547,1.36863137e-06,0.0259535200000004,14
0,[],17,[],2019-02-25 06:29:06,0.0,0,0,6779498,2019-02-25 06:29:06,btc,0.0,0.0,0,btc,0.0,0.0,0.0,14
1,[],26,[],2019-02-25 06:29:06,0.0,0.00000050,0.00000000001906635,6779499,2019-02-25 06:29:06,btc,0.0,0.0,0.00000050,btc,0.0,0.0,0.0,14
0,[],4,[],2019-02-25 06:29:07,0.0,0,0,6779500,2019-02-25 06:29:07,,0.0,0.0,0,,0.0,0.0,0.0,15
,[],12,[],2018-12-01 15:15:48,204241.84496,0.00000489,0.000000000202473384,5260204,2018-12-01 15:15:48,btc,49.5475654835,0.0,,btc,35763.2193806,0.0163153972027625,0.0203389899998,15
0,[],2,[],2019-01-20 23:23:38,0.0,0,0,6476906,2019-01-20 23:23:38,,0.0,0.0,0,,0.0,0.0,0.0,18
1,[],4,[],2019-02-25 06:29:09,26870.85468315,0.00001886,0.000000000719182722,6779501,2019-02-25 06:29:09,btc,1.200382055739744,0.0,0.00001886,btc,7859.97957461,0.08871836,0.0995364199003306,18
1,[],10,[],2019-02-25 06:29:11,782643.48578095,0.00001745,0.0000000006654156150000001,6779502,2019-02-25 06:29:11,btc,19.970213705129975,11241.4527525,0.00001745,btc,19909.7599999,0.0,0.1291680773232549,18
1,[],12,[],2019-02-25 06:29:13,199115.92285944,0.0000187000000000000005302182304323110884070047177374362945556640625,0.00000000071308149,6779503,2019-02-25 06:29:13,btc,23.668362399411297,0.0,0.0000187000000000000005302182304323110884070047177374362945556640625,btc,1883.71078571,0.0126478110357412,0.0329511523862963,18
0,[],17,[],2019-02-25 06:29:14,0.0,0,0,6779504,2019-02-25 06:29:14,btc,0.0,0.0,0,btc,0.0,0.0,0.0,18
1,[],3,[],2019-02-25 06:29:15,120776.3141567528,0.00002203999999999999904500003200524815838434733450412750244140625,0.0000000008404447079999999,6779505,2019-02-25 06:29:15,btc,0.5975018668914597,0.022498995581,0.00002203999999999999904500003200524815838434733450412750244140625,btc,11484.76356169474,0.0,0.07966178993169826,19
1,[],4,[],2019-02-25 06:29:17,389791.94966163,0.00002200,0.0000000008389194,6779506,2019-02-25 06:29:17,btc,2.359413899650261,0.0,0.00002200,btc,67198.50897865,0.63021951,2.559681016268598,19
1,[],5,[],2019-02-25 06:29:18,0.0,0,0,6779507,2019-02-25 06:29:18,btc,0.0,3.462e-05,0,btc,0.0,0.0,0.0,19
1,[],12,[],2019-02-25 06:29:19,134080.77827805,0.00001942999999999999862312395626506855705883936025202274322509765625,0.0000000007409183609999999,6779508,2019-02-25 06:29:19,btc,1.3579008947554123,0.0,0.00001942999999999999862312395626506855705883936025202274322509765625,btc,382.27457877,0.0,0.1046910400000535,19
0,[],27,[],2019-02-25 06:29:22,0.0,0,0,6779509,2019-02-25 06:29:22,,0.0,0.0,0,btc,0.0,0.0,0.0,19
0,[],2,[],2019-01-20 23:24:19,0.0,0,0,6476924,2019-01-20 23:24:19,,0.0,0.0,0,,0.0,0.0,0.0,19
1,[],4,[],2019-02-25 06:29:23,8070160.95424551,0.00000013,0.000000000004957251,6779510,2019-02-25 06:29:23,btc,7.376054659582633,0.0,0.00000013,btc,2843149.4360639,0.0,0.2584025451781454,20
1,[],4,[],2019-02-25 06:29:24,104210116.16237023,0.00000002,0.000000000000762654,6779511,2019-02-25 06:29:24,btc,1800.1490522679403,0.0,0.00000002,btc,55255944.17817261,0.01828091,1.1719427671280451,21
1,[],12,[],2019-02-25 06:29:24,18647376.0,0.00000002,0.0000000000007626540000000001,6779512,2019-02-25 06:29:24,btc,670.3899289734848,0.0,0.00000002,btc,8544410.32857329,0.0,0.24518776,21
0,[],17,[],2019-02-25 06:29:26,0.0,0,0,6779513,2019-02-25 06:29:26,btc,0.0,0.0,0,btc,0.0,0.0,0.0,21
1,[],12,[],2019-02-25 06:29:30,3358205521.6808996,0.0000000002,0.000000000000007626540000000001,6779514,2019-02-25 06:29:30,btc,875865842704.4065,0.0,0.0000000002,btc,4914464639.188253,0.03841495735804289,0.37792459658299044,23
0.0000000003650582,[],27,[],2019-02-25 06:29:33,2000.0,3.650582e-18,1.392065482314e-22,6779515,2019-02-25 06:29:33,eth,1.3429826565934113,0.0,0.00000001,eth,1964879.85514486,0.0,7.301164e-15,23
1,[],4,[],2019-02-25 06:29:34,423279.54862959,0.00000059,0.000000000022498293,6779516,2019-02-25 06:29:34,btc,8.348839245746582,0.0,0.00000059,btc,1479594.68249264,0.00626488,0.1406882078137122,24
1,[],22,[],2019-02-25 06:29:37,11.76,0.00000100,0.0000000000381327,6779517,2019-02-25 06:29:37,BTC,7.415e-05,0.0,0.00000100,BTC,23.919354838709676,0.0,1.176e-05,24
0.0,[],25,[],2019-02-25 06:29:39,0.0,0,0,6779518,2019-02-25 06:29:39,,0.0,0.0,0.0,btc,0.0,0.0,0.0,24
1,[],4,[],2019-02-25 06:29:40,28283599.92796109,0.00000738,0.000000000281419326,6779519,2019-02-25 06:29:40,btc,142.47402496842912,0.0,0.00000738,btc,245011.14639509,0.21318998,0.493264522683992,26
1,[],10,[],2019-02-25 06:29:42,693929.36097727,0.0000072,0.00000000027455544,6779520,2019-02-25 06:29:42,btc,26.12662492875874,6529.208496,0.0000072,btc,14186.24158653,0.0,0.2405506961927467,26
0,[],2,[],2019-01-20 23:25:56,0.0,0,0,6476976,2019-01-20 23:25:56,,0.0,0.0,0,,0.0,0.0,0.0,26
1,[],3,[],2019-02-25 06:29:43,6199666.70213569,0.00000001,0.00000000000038132700000000004,6779521,2019-02-25 06:29:43,btc,2.305344452908978,185.0,0.00000001,btc,17468726.40982035,0.0,0.061996667021356894,27
1,[],5,[],2019-02-25 06:29:44,0.0,0,0,6779522,2019-02-25 06:29:44,btc,0.0,0.00407177,0,btc,0.0,0.0,0.0,27
1,[],11,[],2019-02-25 06:29:46,9661469.607065821,0.00000005,0.000000000001906635,6779523,2019-02-25 06:29:46,btc,67506.53157702075,146281.413934,0.00000005,btc,8171781.9763934,0.0,0.4509737746429231,27
1,[],4,[],2019-02-25 06:29:47,1490841163.803131,0.00000002,0.000000000000762654,6779524,2019-02-25 06:29:47,btc,5.245442895669748,0.0,0.00000002,"btc,ltc",387242519.6565965,0.21972246,11.591257781917298,29
1,[],7,[],2019-02-25 06:29:48,51950151.257984236,0.00000002,0.0000000000007626540000000001,6779525,2019-02-25 06:29:48,btc,44463896.84199574,36514.21,0.00000002,btc,60103107.48242686,0.0,0.7086609276639676,29
0,[],17,[],2019-02-25 05:25:34,0.0,0,0,6779193,2019-02-25 05:25:34,btc,0.0,0.0,0,btc,0.0,0.0,0.0,30
1,[],4,[],2019-02-25 06:29:48,1438930.44418722,0.00000029,0.000000000011058483,6779526,2019-02-25 06:29:48,btc,2.333663334002312,0.0,0.00000029,btc,1568836.83724863,0.00621042,0.1003823435513915,30
1,[],4,[],2019-02-25 06:30:00,1116057.57915666,0.00005532,0.000000002109500964,6779527,2019-02-25 06:30:00,btc,5.409287334813482,0.0,0.00005532,btc,67131.16634034,0.89475867,1.098350076099459,31
1,[],21,[],2019-02-25 06:30:00,35944.29710267,0.00005530000000000000247388914909,0.00000000210873831,6779528,2019-02-25 06:30:00,btc,2.0623729908641857,123781.24145385,0.000055300000000000002473889149090524597340845502912998199462890625,btc,32644.33142416,6.99884424,1.6204016644900014,31
0,[],2,[],2019-01-20 23:28:43,0.0,0,0,6477009,2019-01-20 23:28:43,,0.0,0.0,0,,0.0,0.0,0.0,32
1,[],4,[],2019-02-25 06:30:01,338599920.26439255,0.00000004,0.000000000001525308,6779529,2019-02-25 06:30:01,btc,9.091236770335321,0.0,0.00000004,"btc,ltc",160199771.66739613,1.03876524,7.456525647224461,33
1,[],12,[],2019-02-25 06:30:03,16664035.0,0.00000004,0.0000000000015253080000000001,6779530,2019-02-25 06:30:03,btc,35620531.42229598,0.0,0.00000004,btc,89305385.60501567,0.020387186802149,0.54934018,33
1,[],4,[],2019-02-25 06:30:03,126340645.45162757,0.00000001,0.000000000000381327,6779531,2019-02-25 06:30:03,btc,4.14755739526913,0.0,0.00000001,btc,98334106.59318319,0.03708019,1.2634064545162755,34
1,[],5,[],2019-02-25 06:30:04,0.0,0,0,6779532,2019-02-25 06:30:04,btc,0.0,0.33113745,0,btc,0.0,0.0,0.0,34
0.0000000001172229,[],4,[],2019-02-25 06:30:05,2603851742.5339165,3.516687e-18,1.341007703649e-22,6779533,2019-02-25 06:30:05,ltc,2.551723634104026e-08,0.0,0.00000003,ltc,2878675545.1042066,0.0,4.447564888892892e-09,36
1,[],5,[],2019-02-25 06:30:06,0.0,0,0,6779534,2019-02-25 06:30:06,btc,0.0,0.0,0,btc,0.0,0.0,0.0,36
0.0000000003650582,[],27,[],2019-02-25 06:30:19,1000000.0,3.650582e-18,1.392065482314e-22,6779535,2019-02-25 06:30:19,eth,114.12865132688529,0.0,0.00000001,"ltc,eth",4157587.7875004,0.0,1.177185706e-12,36
0,[],17,[],2019-02-25 04:22:34,0.0,0,0,6778806,2019-02-25 04:22:34,btc,0.0746458232965017,0.0,0,btc,4103573.70243647,0.0,0.0,36
1,[],4,[],2019-02-25 06:30:20,257269.64774143,0.00000059,0.000000000022498293,6779536,2019-02-25 06:30:20,btc,19772.499888811733,0.0,0.00000059,btc,574277.77566387,0.01078146,0.1147034868153658,37
1,[],12,[],2019-02-25 06:30:20,597030.15884927,0.00000058,0.000000000022116966,6779537,2019-02-25 06:30:20,btc,1346.9793063681345,0.0,0.00000058,btc,898116.36542207,0.0740818644529533,0.1372717399999952,37
1,[],17,[],2019-02-25 06:30:32,1752.74075282,0.00000025,0.000000000009533174999999999,6779538,2019-02-25 06:30:32,btc,0.055484923777095005,0.0,0.00000025,btc,1319.19918473,0.0,0.00043818518820499993,37
1,[],27,[],2019-02-25 06:30:34,14685.567,0.00000045,0.000000000017159715,6779539,2019-02-25 06:30:34,btc,25.81996186649233,0.0,0.00000045,btc,6791.34738508,0.0,0.00480032515,37
1,[],5,[],2019-02-25 06:30:35,0.0,0,0,6779540,2019-02-25 06:30:35,btc,0.0,0.06430612,0,btc,0.0,0.0,0.0,42
1,[],12,[],2019-02-25 06:30:36,137165.76553404,0.00000096,0.000000000036607392,6779541,2019-02-25 06:30:36,btc,94.69894711625263,0.0,0.00000096,btc,109740.36039958001,0.0001305294705304,0.0426920579649551,42
0.0000000003650582,[],27,[],2019-02-25 06:30:38,2000.0,3.650582e-18,1.392065482314e-22,6779542,2019-02-25 06:30:38,eth,0.00315028,0.0,0.00000001,"btc,eth",11.007,0.0,7.301164e-15,42
1,[],5,[],2019-02-25 06:30:39,0.0,0,0,6779543,2019-02-25 06:30:39,btc,0.0,0.01406036,0,btc,0.0,0.0,0.0,43
1,[],12,[],2019-02-25 06:30:41,1781593.0,0.00000001,0.00000000000038132700000000004,6779544,2019-02-25 06:30:41,btc,3573.0449773125274,0.0,0.00000001,btc,17795170.972427562,0.016480715954046,0.01781593,43
0,[],17,[],2019-02-25 06:30:43,0.0,0,0,6779545,2019-02-25 06:30:43,btc,0.0,0.0,0,btc,0.0,0.0,0.0,43
1,[],12,[],2019-02-25 06:30:44,674200.0,0.00000005,0.000000000001906635,6779546,2019-02-25 06:30:44,btc,11115177.729550358,0.0,0.00000005,btc,1104555.40161834,0.00026293976024,0.01702906,44
1,[],4,[],2019-02-25 06:30:45,303583144.00077266,0.00000002,0.000000000000762654,6779547,2019-02-25 06:30:45,btc,473.5619519272091,0.0,0.00000002,"btc,ltc",11629785.53916906,0.01929964,0.19823590865548177,49
0,[],4,[],2019-02-25 06:30:46,0.0,0,0,6779548,2019-02-25 06:30:46,,25.475336656747363,0.0,0,,10622225061.488565,0.0,0.0,52
0.0000000001264176,[],22,[],2019-02-25 06:30:49,80845862.0,1.264176e-18,4.82064441552e-23,6779549,2019-02-25 06:30:49,XMR,4366.96886723,0.0,0.00000001,XMR,255240311.67882353,1.264176e-13,0.80845862,57
0.0000000003650582,[],27,[],2019-02-25 06:30:52,2000.0,3.650582e-18,1.392065482314e-22,6779550,2019-02-25 06:30:52,eth,0.0,0.0,0.00000001,"btc,eth",0.0,0.0,7.301164e-15,57
0,[],17,[],2019-02-25 05:38:32,0.0,0,0,6779402,2019-02-25 05:38:32,btc,1e+24,0.0,0,btc,49306342.21952568,0.0,0.0,58
0.0000000001172229,[],4,[],2019-02-25 06:30:53,1169341324.5762982,3.516687e-18,1.341007703649e-22,6779551,2019-02-25 06:30:53,ltc,18.81129891919395,0.0,0.00000003,ltc,4062131374.4851704,0.0,2.9726992474040463e-09,58
1,[],12,[],2019-02-25 06:30:54,1628413818.843957,0.0000000004,0.000000000000015253080000000002,6779552,2019-02-25 06:30:54,btc,224005479621.07834,0.0,0.0000000004,btc,3823466411.467652,0.00475638462785026,0.5267457983011392,58
0.0000000001264176,[],22,[],2019-02-25 06:30:58,137438.0,1.264176e-18,4.82064441552e-23,6779553,2019-02-25 06:30:58,XMR,69.8835922,0.0,0.00000001,XMR,9887963.0,0.0,0.00137438,58
1,[],5,[],2019-02-25 06:30:59,0.0,0,0,6779554,2019-02-25 06:30:59,btc,0.0,0.01115679,0,btc,0.0,0.0,0.0,61
1,[],22,[],2019-02-25 06:31:03,5149.5,0.00000011,0.000000000004194597,6779555,2019-02-25 06:31:03,BTC,1002.29597012,0.0,0.00000011,BTC,14947.700278135757,0.0,0.00051596,61
1,[],26,[],2019-02-25 06:31:03,0.0,0.00000800,0.0000000003050616,6779556,2019-02-25 06:31:03,btc,0.0,0.0,0.00000800,btc,0.0,0.0,0.0,61
1,[],27,[],2019-02-25 06:31:05,2493.55,0.00000045,0.000000000017159715,6779557,2019-02-25 06:31:05,btc,7.847371381030758,0.0,0.00000045,"btc,eth",20831.38399471,0.0,0.00021559750357757037,61
1,[],28,[],2019-02-25 06:31:11,13882.304,0.0000005,0.00000000001906635,6779558,2019-02-25 06:31:11,btc,2.056328285685105,753.0,0.0000005,btc,9746.52450005,0.0,0.00566491304,61
1,[],4,[],2019-02-25 06:31:11,1497368.51710653,0.00000286,0.000000000109059522,6779559,2019-02-25 06:31:11,btc,11.314654271828324,0.0,0.00000286,btc,797937.09699349,0.17742208,1.5263599944628137,67
0.0,[],25,[],2019-02-25 06:31:13,0.0,0,0,6779560,2019-02-25 06:31:13,,0.0,0.0,0.0,btc,0.0,0.0,0.0,67
1,[],12,[],2019-02-25 06:31:13,2981348.47390196,0.00000018,0.000000000006863886,6779561,2019-02-25 06:31:13,btc,11115998.22833299,0.0,0.00000018,btc,2113479.87289304,0.000571418231769,0.10129412644111149,71
,[],5,[],2018-11-20 23:02:39,1.5e-07,0.00000005,0.000000000002128045,4862160,2018-11-20 23:02:39,btc,2.84511358,0.0,,btc,0.00036572,0.0,0.07381892,74
1,[],5,[],2019-02-25 06:31:14,0.0,0,0,6779562,2019-02-25 06:31:14,btc,0.0,0.0,0,btc,0.0,0.0,0.0,75
1,[],4,[],2019-02-25 06:31:15,17233280.92031862,0.00000001,0.000000000000381327,6779563,2019-02-25 06:31:15,btc,11388.638595673243,0.0,0.00000001,btc,34444270.17624532,0.0,0.1723328092031862,81
0,[],20,[],2019-01-25 09:30:31,0.0,0,0,6495923,2019-01-25 09:30:31,btc,0.0,0.0,0,btc,0.0,0.0,0.0,81
1,[],4,[],2019-02-25 06:31:17,28513.58670192,0.00007590,0.00000000289427193,6779564,2019-02-25 06:31:17,btc,17.757719075637368,0.0,0.00007590,btc,12567.3071585,0.00714099,0.1309945859471741,82
1,[],21,[],2019-02-25 06:31:18,68239.48359225,0.00007624000000000000188630361331,0.000000002907237048,6779565,2019-02-25 06:31:18,btc,2.299770849563431,3414.12038409,0.000076240000000000001886303613307660498321638442575931549072265625,btc,24251.58453121,0.26749669,2.3264133053158047,82
0,[],17,[],2019-02-25 06:31:29,0.0,0,0,6779566,2019-02-25 06:31:29,btc,0.0447233088476774,0.0,0,btc,999127.19588126,0.0,0.0,84
0.0000000001172229,[],4,[],2019-02-25 06:31:29,151644797.9837301,4.688916e-18,1.7880102715320001e-22,6779567,2019-02-25 06:31:29,ltc,1.7828320872822234,0.0,0.00000004,ltc,404442226.2352286,0.00021,3.995638340209812e-10,85
,[],22,[],2018-11-20 23:09:34,3408.1,0.0000001,0.0000000000041895,4862324,2018-11-20 23:09:34,BTC,0.04624735,0.0,,BTC,4990.0,0.0,0.00033081,86
0,[],22,[],2019-02-22 12:52:35,0.0,0,0,6758847,2019-02-22 12:52:35,,2.0760781,0.0,0,,140622.94736842104,0.0,0.0,87
0,[],27,[],2019-02-22 12:52:37,0.0,0,0,6758848,2019-02-22 12:52:37,,0.0,0.0,0,btc,0.0,0.0,0.0,87
,[],2,[],2018-11-20 23:10:47,0.0,0,0,4862359,2018-11-20 23:10:47,,0.0,0.0,,,0.0,0.0,0.0,88
1,[],11,[],2019-02-25 06:31:32,92202.68617342,0.0001478100000000000095214114370634206352406181395053863525390625,0.0000000056363943870000005,6779568,2019-02-25 06:31:32,btc,608.656347646077,114.0,0.0001478100000000000095214114370634206352406181395053863525390625,btc,93653.55066051,0.0,6.15505573128005,89
0,[],2,[],2019-01-20 23:31:45,0.0,0,0,6477083,2019-01-20 23:31:45,,0.0,0.0,0,,0.0,0.0,0.0,91
1,[],12,[],2019-02-25 06:31:33,490130.25069611,0.000001430000000000000072932653839841155019030338735319674015045166015625,0.000000000054529761,6779569,2019-02-25 06:31:33,btc,4.330045104479243,0.0,0.000001430000000000000072932653839841155019030338735319674015045166015625,btc,56779.70114169,0.0011464811477045,0.0988334930938244,91
0,[],17,[],2019-02-25 06:31:34,0.0,0,0,6779570,2019-02-25 06:31:34,btc,0.0,0.0,0,btc,0.0,0.0,0.0,91
0,[],22,[],2019-02-25 06:31:40,0.0,0,0,6779571,2019-02-25 06:31:40,,3.1e-06,0.0,0,,2.0,0.0,0.0,91
0.0000000001172229,[],22,[],2019-02-25 06:31:43,2791021.0,4.688916e-18,1.7880102715320001e-22,6779572,2019-02-25 06:31:43,LTC,8.53161599,0.0,0.00000004,LTC,71994962.1,0.0,0.09164084,95
0.0000000001172229,[],4,[],2019-02-25 06:31:44,646823046.5242674,7.385042700000001e-17,2.8161161776629e-21,6779573,2019-02-25 06:31:44,ltc,11.909373087030817,0.0,0.00000063,ltc,136507192.24107966,0.0,2.3384375262165842e-09,96
0,[],12,[],2019-02-25 06:31:46,0.0,0,0,6779574,2019-02-25 06:31:46,btc,255075.89479206796,0.0,0,btc,8639170.95335638,5.799300699e-07,0.0,96
0,[],17,[],2019-02-25 06:31:47,0.0,0,0,6779575,2019-02-25 06:31:47,btc,0.0,0.0,0,btc,0.0,0.0,0.0,96
1,[],4,[],2019-02-25 06:31:49,1426207.60543932,0.00000028,0.000000000010677156,6779576,2019-02-25 06:31:49,btc,3.185551525045234,0.0,0.00000028,btc,2574177.61037733,0.00763808,0.110357351190635,99
0,[],2,[],2019-01-20 23:23:55,0.0,0,0,6476914,2019-01-20 23:23:55,,0.0,0.0,0,,0.0,0.0,0.0,100
1,[],4,[],2019-02-25 06:31:50,126002.47683494,0.00003951,0.0000000015066229770000001,6779577,2019-02-25 06:31:50,btc,14.638924430379143,0.0,0.00003951,btc,217216.36932347,2.88412535,2.1411610132776264,100
1,[],22,[],2019-02-25 06:31:53,50000.0,0.00000001,0.000000000000381327,6779578,2019-02-25 06:31:53,BTC,23.49896609,0.0,0.00000001,BTC,10277.22,0.0,0.0005,101
1,[],4,[],2019-02-25 06:31:54,488181.35396912,0.00000087,0.000000000033175449,6779579,2019-02-25 06:31:54,btc,256.302546708486,0.0,0.00000087,btc,487283.15057695,0.00555836,0.2540027061440499,103
1,[],12,[],2019-02-25 06:31:57,59721528.76471429,0.000000011,0.0000000000004194597,6779580,2019-02-25 06:31:57,btc,137279276.5438984,0.0,0.000000011,btc,127450784.08189864,0.02751787762122103,0.19421078241185719,105
1,[],27,[],2019-02-25 06:31:58,125810.89,0.00000001,0.000000000000381327,6779581,2019-02-25 06:31:58,btc,26.557578245556094,0.0,0.00000001,btc,574707.68391977,0.0,0.0012581089,105
1,[],22,[],2019-02-25 06:32:02,9328.0,0.00000001,0.000000000000381327,6779582,2019-02-25 06:32:02,BTC,51.10837004,0.0,0.00000001,BTC,470435.0,0.0,9.328e-05,107
1,[],26,[],2019-02-25 06:32:02,0.0,0.00000000,0,6779583,2019-02-25 06:32:02,btc,0.0,0.0,0.00000000,btc,0.0,0.0,0.0,107
1,[],5,[],2019-02-25 06:32:03,0.0,0,0,6779584,2019-02-25 06:32:03,btc,0.0,0.00069182,0,btc,0.0,0.0,0.0,112
1,[],22,[],2019-02-25 06:32:06,1966.0,0.00000001,0.000000000000381327,6779585,2019-02-25 06:32:06,BTC,2.81183288,0.0,0.00000001,BTC,808524.0833333334,0.0,1.966e-05,112
0.0000000003650582,[],27,[],2019-02-25 06:32:09,2000.0,3.650582e-18,1.392065482314e-22,6779586,2019-02-25 06:32:09,eth,1.35132491849924,0.0,0.00000001,"btc,eth",1328.641654,0.0,7.301164e-15,112
1,[],4,[],2019-02-25 06:32:10,372860.88627494,0.00000304,0.000000000115923408,6779587,2019-02-25 06:32:10,btc,5.931974668159421,0.0,0.00000304,btc,350172.41291599,0.12443788,0.1648389040634844,113
1,[],5,[],2019-02-25 06:32:11,0.0,0,0,6779588,2019-02-25 06:32:11,btc,0.0,0.00468312,0,btc,0.0,0.0,0.0,113
1,[],17,[],2019-02-25 06:32:12,152738.278,0.00000004,0.0000000000015253080000000001,6779589,2019-02-25 06:32:12,btc,1.3368030275188485,0.0,0.00000004,btc,51896.221,0.0,0.0022095311199999998,116
0,[],27,[],2019-02-25 06:32:14,0.0,0,0,6779590,2019-02-25 06:32:14,,0.0,0.0,0,btc,0.0,0.0,0.0,116
1,[],4,[],2019-02-25 06:32:15,365833.92373643,0.00001756,0.000000000669610212,6779591,2019-02-25 06:32:15,btc,29.03708813558327,0.0,0.00001756,btc,88564.4105324,4.65902122,0.9366732332402866,120
1,[],7,[],2019-02-25 06:32:16,211638.3979101,0.00001790999999999999962364306826945181683186092413961887359619140625,0.000000000682956657,6779592,2019-02-25 06:32:16,btc,115657.79831418545,7508.53577602,0.00001790999999999999962364306826945181683186092413961887359619140625,btc,37736.76564703,0.22310671,0.0723903158002428,120
1,[],20,[],2019-02-25 06:32:19,1175073.5618,0.000000012,0.0000000000004575924,6779593,2019-02-25 06:32:19,btc,31.9233495934687,262.0,0.000000012,btc,1120132.6111,3.402e-06,0.0033513839724,125
1,[],22,[],2019-02-25 06:32:22,3053.0,0.00000001,0.000000000000381327,6779594,2019-02-25 06:32:22,BTC,0.01444887,0.0,0.00000001,BTC,296263.5111111111,0.0,3.053e-05,126
0,[],2,[],2019-01-20 23:25:46,0.0,0,0,6476969,2019-01-20 23:25:46,,0.0,0.0,0,,0.0,0.0,0.0,131
1,[],4,[],2019-02-25 06:32:23,107522.24527548,0.00001402,0.000000000534620454,6779595,2019-02-25 06:32:23,btc,24.192802833506008,0.0,0.00001402,btc,131520.20819529,0.20615801,0.5959302214538112,131
0,[],17,[],2019-02-25 06:32:35,0.0,0,0,6779596,2019-02-25 06:32:35,btc,0.0009561751951600001,0.0,0,btc,35.42829368,0.0,0.0,131
1,[],4,[],2019-02-25 06:32:36,4555.94462373,0.00016019,0.000000006108477213,6779597,2019-02-25 06:32:36,btc,1.6432537334785755,0.0,0.00016019,btc,320.0767349,0.00387793,0.0086663260156052,135
1,[],3,[],2019-02-25 06:32:37,1474684.45488508,0.00000005,0.000000000001906635,6779598,2019-02-25 06:32:37,btc,0.6537255339724833,4573.02416666,0.00000005,btc,2332631.06478062,0.0,0.0538584384053677,136
1,[],4,[],2019-02-25 06:32:38,259856.83029688,0.00000156,0.000000000059487012,6779599,2019-02-25 06:32:38,btc,38.869393001728426,0.0,0.00000156,btc,630894.14049341,0.0620003,0.0722351568632249,137
1,[],12,[],2019-02-25 06:32:41,297023.92499268,0.000001619999999999999947867764839293247547402643249370157718658447265625,0.000000000061774974,6779600,2019-02-25 06:32:41,btc,11807.59840293636,0.0,0.000001619999999999999947867764839293247547402643249370157718658447265625,btc,123759.06109106,0.0062372174986535,0.0237883024955973,137
1,[],17,[],2019-02-25 05:31:11,22967.386363640002,0.00000088,0.000000000033310200000000005,6779265,2019-02-25 05:31:11,btc,20.0699133484,0.0,0.00000088,btc,405.079105,0.0,0.0104613000000032,142
1,[],4,[],2019-02-25 06:32:41,229709.37484272,0.00004137,0.000000001577549799,6779601,2019-02-25 06:32:41,btc,29.488428478726814,0.0,0.00004137,btc,50351.41714361,0.55669498,1.2456001977192603,142
1,[],5,[],2019-02-25 06:32:43,0.0,0,0,6779602,2019-02-25 06:32:43,btc,0.0,0.66122862,0,btc,0.0,0.0,0.0,142
1,[],20,[],2019-02-25 06:32:55,133310.9826,0.000045043,0.0000000017176112061,6779603,2019-02-25 06:32:55,btc,0.4934565146914,0.0,0.000045043,btc,3751.6313,0.0,0.2356579130972,142
1,[],22,[],2019-02-25 06:32:58,1685.8988921568628,0.00004000,0.000000001525308,6779604,2019-02-25 06:32:58,BTC,3.00385504,0.0,0.00004000,BTC,891.218,0.0,0.00174536,142
0.0,[],25,[],2019-02-25 06:33:00,0.0,0,0,6779605,2019-02-25 06:33:00,,0.0,0.0,0.0,btc,0.0,0.0,0.0,142
1,[],28,[],2019-02-25 06:33:05,76772.0,0.00004500,0.0000000017159715,6779606,2019-02-25 06:33:05,btc,0.0866109227,769.0,0.00004500,btc,790.5355,0.0,0.0338472,142
0,[],22,[],2019-02-25 06:33:08,0.0,0,0,6779607,2019-02-25 06:33:08,,61.23499952,0.0,0,,744420234.3,0.0,0.0,143
1,[],21,[],2019-02-25 06:33:09,24493077.42622774,0.00000024,0.000000000009151848,6779608,2019-02-25 06:33:09,btc,55.92722499005206,14170980.20974889,0.00000024,btc,104582627.03689066,3.52685417,3.5958747874996355,145
0,[],22,[],2019-02-25 06:33:11,0.0,0,0,6779609,2019-02-25 06:33:11,,4.24912384,0.0,0,,1812056.0,0.0,0.0,146
,[],22,[],2018-11-20 23:01:11,0.0,0,0,4862114,2018-11-20 23:01:11,,2.56807021,0.0,,,61828.4988236,0.0,0.0,147
1,[],12,[],2019-02-25 06:33:13,114493.70121805,0.00000250000000000000020450763478507827386465578456409275531768798828125,0.00000000009533175000000001,6779610,2019-02-25 06:33:13,btc,16.28553880165873,0.0,0.00000250000000000000020450763478507827386465578456409275531768798828125,btc,116991.71583628,0.0015717788497994,0.0270052799999907,148
1,[],4,[],2019-02-25 06:33:14,255267.60337203,0.00000036,0.000000000013727772,6779611,2019-02-25 06:33:14,btc,219.96418307598097,0.0,0.00000036,btc,788779.16880076,0.00257345,0.0617877546569354,152
0,[],22,[],2019-02-25 06:33:16,0.0,0,0,6779612,2019-02-25 06:33:16,,0.0,0.0,0,,0.0,0.0,0.0,152
1,[],5,[],2019-02-25 06:33:17,0.0,0,0,6779613,2019-02-25 06:33:17,btc,0.0,0.0,0,btc,0.0,0.0,0.0,153
,[],16,[],2019-01-11 15:38:59,0.0,0,0,6366141,2019-01-11 15:38:59,btc,0.0,0.0,,btc,0.0,0.0,0.0,155
0,[],23,[],2019-01-20 23:24:29,0.0,0,0,6476932,2019-01-20 23:24:29,,0.0,0.0,0,,0.0,0.0,0.0,156
0,[],22,[],2019-02-25 06:33:20,0.0,0,0,6779614,2019-02-25 06:33:20,,6.74832201,0.0,0,,4646626.742592593,0.0,0.0,156
1,[],22,[],2019-02-25 06:33:24,7073.8,0.00005300,0.0000000020210331,6779615,2019-02-25 06:33:24,BTC,1.80343699,0.0,0.00005300,BTC,899.6422341958436,0.0,0.00104336,157
0,[],22,[],2019-02-25 03:25:53,0.0,0,0,6778489,2019-02-25 03:25:53,,50175.68008609,0.0,0,,54479136.04179466,0.0,0.0,158
,[],17,[],2018-11-20 22:56:10,0.0,0,0,4861976,2018-11-20 22:56:10,btc,1.1265625,0.0,,btc,1000.0,0.0,0.0,159
,[],20,[],2018-11-20 22:56:12,0.0,0,0,4861977,2018-11-20 22:56:12,btc,11912.7940471,0.0,,btc,34413894.3617,0.0,0.0,159
1,[],17,[],2019-02-25 04:25:43,29784.95,0.000001,0.0000000000379757,6778887,2019-02-25 04:25:43,btc,0.03026736251542,0.0,0.000001,btc,144.46171372,0.0,0.00716147,168
1,[],12,[],2019-02-25 06:33:26,182311.52204261,0.0000080499999999999991592662673678404416932608000934123992919921875,0.00000000030696823499999997,6779616,2019-02-25 06:33:26,btc,6.640811165592416,0.0,0.0000080499999999999991592662673678404416932608000934123992919921875,btc,13467.80286293,0.0031380519573758,0.0960545079763342,168
0,[],22,[],2019-02-25 06:33:29,0.0,0,0,6779617,2019-02-25 06:33:29,,1.14695792,0.0,0,,779972.8900917594,0.0,0.0,169
1,[],22,[],2019-02-25 06:33:33,164995.5,0.00000018,0.000000000006863886,6779618,2019-02-25 06:33:33,BTC,13.2558588,0.0,0.00000018,BTC,151057.9068373276,8.1e-07,0.01979919,171
1,[],22,[],2019-02-25 06:33:40,43612.0,0.00000008,0.000000000003050616,6779619,2019-02-25 06:33:40,BTC,2.19461286,0.0,0.00000008,BTC,238116.7614071281,0.00443738,0.00096186,173
1,[],5,[],2019-02-25 06:33:41,0.0,0,0,6779620,2019-02-25 06:33:41,btc,0.0,0.28465789,0,btc,0.0,0.0,0.0,175
1,[],22,[],2019-02-25 06:33:45,45904.0,0.0000003,0.00000000001143981,6779621,2019-02-25 06:33:45,BTC,0.52955903,0.0,0.0000003,BTC,143368.41384013777,6.85e-06,0.0052148,176
0,[],2,[],2019-01-20 23:28:34,0.0,0,0,6477001,2019-01-20 23:28:34,,0.0,0.0,0,,0.0,0.0,0.0,178
1,[],7,[],2019-02-25 06:33:46,0.0,0,0,6779622,2019-02-25 06:33:46,btc,410932.5281358376,10000.0,0,btc,117881559.31901672,0.0001,0.0,178
0,[],22,[],2019-02-25 06:33:48,0.0,0,0,6779623,2019-02-25 06:33:48,,1.00242428,0.0,0,,57512.0,0.0,0.0,178
0,[],23,[],2019-01-20 23:25:08,0.0,0,0,6476952,2019-01-20 23:25:08,,0.0,0.0,0,,0.0,0.0,0.0,179
1,[],5,[],2019-02-25 06:33:49,0.0,0,0,6779624,2019-02-25 06:33:49,btc,0.0,0.02128066,0,btc,0.0,0.0,0.0,179
1,[],22,[],2019-02-25 06:33:53,7070490.0,0.00000003,0.0000000000011439810000000001,6779625,2019-02-25 06:33:53,BTC,5.63478981,0.0,0.00000003,"BTC,LTC",17151072.301989965,0.00200333,0.38199614,179
1,[],17,[],2019-02-25 05:32:22,10504.725,0.0000001,0.00000000000378525,6779289,2019-02-25 05:32:22,btc,5.2010695838170005,0.0,0.0000001,btc,4994.45945,0.0,0.0010504725,180
0.0000000001172229,[],22,[],2019-02-25 06:34:07,128605.4,1.172229e-17,4.47002567883e-22,6779626,2019-02-25 06:34:07,LTC,0.19838285,0.0,0.0000001,LTC,59391.081085161226,0.0,0.00130544,180
1,[],26,[],2019-02-25 06:34:07,0.0,0.00000100,0.0000000000381327,6779627,2019-02-25 06:34:07,btc,0.0,300.0,0.00000100,btc,0.0,0.0,0.0,180
,[],7,[],2018-11-20 22:58:01,562227.975654,0.00000085,0.000000000036176765,4862015,2018-11-20 22:58:01,btc,21836.6059674,2491.87645172,,btc,749999.041456,0.00211021,0.127565380455,183
,[],5,[],2019-01-10 08:11:41,0.0,0,0,6347036,2019-01-10 08:11:41,btc,82.15055501,0.00261,,btc,1.19002445,0.0,0.0,187
,[],17,[],2018-11-16 20:58:10,4062536.27273,0.00000001,0.000000000000550501,4708775,2018-11-16 20:58:10,btc,3.36492563466,0.195460381006,,"btc,eth",110697919.549,0.0,0.0157628953496,187
1,[],24,[],2019-02-25 06:34:07,0.0,0.000000000001,3.8132700000000004e-17,6779628,2019-02-25 06:34:07,btc,0.0,0.0,0.000000000001,btc,0.0,0.0,0.0,187
0,[],22,[],2019-02-25 06:34:10,0.0,0,0,6779629,2019-02-25 06:34:10,,1.19374396,0.0,0,,16308.869534405507,0.0,0.0,191
0,[],22,[],2019-02-25 06:34:15,0.0,0,0,6779630,2019-02-25 06:34:15,,0.0,0.0,0,,0.0,0.0,0.0,197
0,[],23,[],2019-01-20 23:31:41,0.0,0,0,6477079,2019-01-20 23:31:41,,0.0,0.0,0,,0.0,0.0,0.0,199
0,[],22,[],2019-02-25 06:34:18,0.0,0,0,6779631,2019-02-25 06:34:18,,5.19477622,0.0,0,,21058553.0,0.0,0.0,199
1,[],26,[],2019-02-25 06:34:18,0.0,0.00000000,0,6779632,2019-02-25 06:34:18,btc,0.0,0.0,0.00000000,btc,0.0,0.0,0.0,199
0,[],17,[],2019-01-30 16:32:01,0.0,0,0,6540827,2019-01-30 16:32:01,btc,6.802544163788159,0.0,0,btc,105897.55575295,0.0,0.0,200
0,[],2,[],2019-01-20 23:30:49,0.0,0,0,6477059,2019-01-20 23:30:49,,0.0,0.0,0,,0.0,0.0,0.0,201
1,[],4,[],2019-01-25 15:51:35,2084389.58565343,0.00000936,0.000000000333526752,6499557,2019-01-25 15:51:35,btc,2.0092503037378524,0.0,0.00000936,btc,160195.80207885,0.19272417,1.242687955921835,211
1,[],7,[],2019-02-25 06:34:22,4358596.7131627295,0.000001340000000000000087593235616190145975679115508683025836944580078125,0.000000000051097818000000004,6779633,2019-02-25 06:34:22,btc,15476655.551456593,288720.097045,0.000001340000000000000087593235616190145975679115508683025836944580078125,btc,13226870.93058371,0.0,3.36652270498992,212
1,[],5,[],2019-02-25 06:24:14,0.0,0,0,6779432,2019-02-25 06:24:14,btc,0.0,0.32286232,0,btc,0.0,0.0,0.0,213
1,[],24,[],2019-02-25 06:24:15,0.0,0.000000100000,0.00000000000381384,6779433,2019-02-25 06:24:15,btc,0.0,0.0,0.000000100000,btc,0.0,0.0,0.0,213
1,[],26,[],2019-02-25 06:24:16,0.0,0.00000009,0.0000000000034324560000000002,6779434,2019-02-25 06:24:16,btc,0.0,0.0,0.00000009,btc,0.0,0.0,0.0,213
1,[],12,[],2019-01-25 02:44:32,207462.42853209,0.000001080000000000000035831255497387193287295303889550268650054931640625,0.000000000038610756000000006,6493050,2019-01-25 02:44:32,btc,85023.03793723314,0.0,0.000001080000000000000035831255497387193287295303889550268650054931640625,btc,43675.73520027,0.000146250909087,0.0348620860622024,213
1,[],22,[],2019-02-25 06:34:26,104971.0,0.00000001,0.000000000000381327,6779634,2019-02-25 06:34:26,BTC,2.20557071,0.0,0.00000001,BTC,249234.19637261707,0.0,0.00104971,216
1,[],27,[],2019-02-25 06:34:28,18127752.005988,0.00000008,0.000000000003050616,6779635,2019-02-25 06:34:28,btc,355.9328921271,2490.004,0.00000008,"btc,ltc",215968.841,0.0002739,0.03410555043901715,216
1,[],22,[],2019-02-25 06:34:31,251736.4667325441,0.00000215,0.000000000081985305,6779636,2019-02-25 06:34:31,BTC,12673.61291291,0.0,0.00000215,BTC,379039.9404056519,0.02385285,0.35683514,217
1,[],7,[],2019-02-25 06:34:33,0.0,0,0,6779637,2019-02-25 06:34:33,btc,77969.77488735563,0.0,0,btc,137043486.5550253,0.0,0.0,219
0,[],27,[],2019-02-25 06:34:35,0.0,0,0,6779638,2019-02-25 06:34:35,,0.0740438339680921,0.0,0,btc,1536429.20709513,0.0,0.0,219
0.0000000000000051,[],28,[],2019-02-25 06:34:37,168412474.765,5.100051e-18,1.944787147677e-22,6779639,2019-02-25 06:34:37,doge,83883.3352434475,15059.0,0.00100001,"btc,doge",4823713.77951,0.0,1.1073073314591126e-11,219
1,[],22,[],2019-02-25 06:34:40,86200.6,0.00000011,0.000000000004194597,6779640,2019-02-25 06:34:40,BTC,3.00651426,0.0,0.00000011,BTC,114665.27041875875,0.01568487,0.00863006,221
1,[],24,[],2019-02-25 06:34:40,0.0,0.000000200000,0.00000000000762654,6779641,2019-02-25 06:34:40,btc,0.0,0.0,0.000000200000,btc,0.0,0.0,0.0,221
1,[],20,[],2019-02-25 06:34:43,43482886.7222,0.000000002,0.00000000000007626540000000001,6779642,2019-02-25 06:34:43,btc,47.9859378204242,2517901.5541,0.000000002,btc,10802318.4831,0.0061321437441,0.0440228867221,224
0,[],22,[],2019-02-25 06:34:45,0.0,0,0,6779643,2019-02-25 06:34:45,,0.0,0.0,0,,0.0,0.0,0.0,224
1,[],26,[],2019-02-25 06:34:45,0.0,0.00000035,0.000000000013346445,6779644,2019-02-25 06:34:45,btc,0.0,0.0,0.00000035,btc,0.0,0.0,0.0,231
1,[],26,[],2019-02-25 06:34:46,0.0,0.00000006,0.0000000000022879620000000002,6779645,2019-02-25 06:34:46,btc,0.0,0.0,0.00000006,btc,0.0,0.0,0.0,234
0.0000000003650582,[],27,[],2019-02-25 06:34:48,2000.0,3.650582e-18,1.392065482314e-22,6779646,2019-02-25 06:34:48,eth,0.0113483662182,0.0,0.00000001,"btc,eth",11462.99618,0.0,7.301164e-15,234
1,[],24,[],2019-02-25 06:34:49,0.0,0.000000300000,0.00000000001143981,6779648,2019-02-25 06:34:49,btc,0.0,0.0,0.000000300000,btc,0.0,0.0,0.0,236
1,[],4,[],2019-02-25 06:34:49,1068134.90815962,0.00000081,0.000000000030887487,6779647,2019-02-25 06:34:49,btc,4.461375579078561,0.0,0.00000081,btc,1053254.13729027,0.07450986,0.4197777517834462,236
1,[],20,[],2019-02-25 06:34:51,67945062.7542,0.000000054,0.0000000000020591658,6779649,2019-02-25 06:34:51,btc,10.0870741209711,29195868.6203,0.000000054,btc,45257208.9606,1.7272668633445,0.2507311577741,237
0.0000000001172229,[],22,[],2019-02-25 06:34:57,14400.0,1.172229e-17,4.47002567883e-22,6779650,2019-02-25 06:34:57,LTC,0.0405823,0.0,0.0000001,LTC,3164.0,0.0,0.00144,237
1,[],4,[],2019-02-25 06:34:57,6963864.23069252,0.00000032,0.000000000012202464,6779651,2019-02-25 06:34:57,btc,5.787825016020058,0.0,0.00000032,btc,9268581.61584905,0.17495735,1.4863169317852618,238
1,[],5,[],2019-02-25 06:34:58,0.0,0,0,6779652,2019-02-25 06:34:58,btc,0.0,0.02452274,0,btc,0.0,0.0,0.0,238
0,[],22,[],2019-02-25 06:35:03,0.0,0,0,6779653,2019-02-25 06:35:03,,0.41356282,0.0,0,,316008.5639027493,0.0,0.0,249
0.0000000001172229,[],22,[],2019-02-25 06:35:07,7121097.666666667,3.516687e-18,1.341007703649e-22,6779654,2019-02-25 06:35:07,LTC,0.58373024,0.0,0.00000003,LTC,20076544.09,0.0,0.21263595,252
1,[],28,[],2019-02-25 06:35:09,3445291.698,0.0000002,0.00000000000762654,6779655,2019-02-25 06:35:09,btc,164693.64233377765,251259.596,0.0000002,btc,751645.6834,0.0,0.1985640375,256
1,[],22,[],2019-02-25 06:35:15,1057264.0,0.00000001,0.000000000000381327,6779656,2019-02-25 06:35:15,BTC,31.43607366,0.0,0.00000001,BTC,552637.8076914564,4.5e-06,0.01057264,258
1,[],22,[],2019-02-25 06:35:18,48751.0,0.00000001,0.000000000000381327,6779657,2019-02-25 06:35:18,BTC,2.4175745,0.0,0.00000001,BTC,1762.0,0.0,0.00048751,259
1,[],5,[],2019-02-25 06:35:19,0.0,0,0,6779658,2019-02-25 06:35:19,btc,0.0,0.21583342,0,btc,0.0,0.0,0.0,264
1,[],20,[],2019-02-25 06:35:21,1226095.4093,0.000001781,0.0000000000679143387,6779659,2019-02-25 06:35:21,btc,7.3519740075188,93295.2701,0.000001781,btc,95974.3306,0.2787662670588,0.0305644254442,264
1,[],22,[],2019-02-25 06:35:24,18164.0,0.00000001,0.000000000000381327,6779660,2019-02-25 06:35:24,BTC,8.44955368,0.0,0.00000001,BTC,428471.6907878143,0.0,0.00018164,271
0,[],22,[],2019-02-25 06:35:27,0.0,0,0,6779661,2019-02-25 06:35:27,,259.53594233,0.0,0,,14416281437.9,0.0,0.0,272
0.0000000000000051,[],28,[],2019-02-25 06:35:28,240492009599.283,4.131e-21,1.575261837e-25,6779662,2019-02-25 06:35:28,doge,21994811.818729803,51595337798.166,0.00000081,doge,213898419977.0605,0.0,6.400020577333676e-10,272
1,[],22,[],2019-02-25 06:35:33,114058.77979057592,0.00001910,0.00000000072833457,6779663,2019-02-25 06:35:33,BTC,74.36202932,0.0,0.00001910,"BTC,LTC",10370.487639773188,1.032e-05,0.04325448,281
1,[],22,[],2019-02-25 06:35:38,96392.0,0.00000001,0.000000000000381327,6779664,2019-02-25 06:35:38,BTC,1.33241639,0.0,0.00000001,BTC,166490.49887885063,2.23e-06,0.00096392,286
0,[],22,[],2019-02-25 06:35:40,0.0,0,0,6779665,2019-02-25 06:35:40,,43634.52001853,0.0,0,,419066696.0,0.0,0.0,294
