pairValue,buyBook,exchangeId,sellBook,updated,buyTotal,satoshiPrice,usdPrice,exchangeLogId,created,bestPair,sellTotalBtc,volume,pairPrice,activePairs,sellTotal,volumeBtc,buyTotalBtc,coinId
0,[],2,[],2019-01-20 23:28:45,0.0,0,0,6477011,2019-01-20 23:28:45,,0.0,0.0,0,,0.0,0.0,0.0,1
1,[],3,[],2019-02-16 00:44:58,30560.91502463322,0.0129876300000000000078870243669371120631694793701171875,0.000000467702738982,6682328,2019-02-16 00:44:58,btc,107.07098927726614,0.66533581,0.0129876300000000000078870243669371120631694793701171875,btc,21.827846599221,0.0,0.3137450192835635,1
1,[],4,[],2019-02-16 00:44:59,88.74476764,0.01312614,0.000000472690677996,6682329,2019-02-16 00:44:59,btc,0.728696043201593,0.0,0.01312614,btc,51.70054922,2.38059172,1.0738749997042534,1
1,[],5,[],2019-02-16 00:45:01,0.28517271,0.01292003,0.000000465268368342,6682330,2019-02-16 00:45:01,btc,14578.7569061,0.0555667,0.01292003,btc,35555556.27640298,0.0,2.29039962,1
1,[],10,[],2019-02-16 00:45:04,415301.67039374,0.01050607,0.00000037833828919799996,6682331,2019-02-16 00:45:04,btc,6526.127277174193,1022.28391301,0.01050607,btc,1131.77907199,0.0,5.5036688798524125,1
1,[],12,[],2019-02-16 00:45:07,10458.63996075,0.0130200000000000003230749001659205532632768154144287109375,0.000000468868428,6682332,2019-02-16 00:45:07,btc,0.2815768204344,0.0,0.0130200000000000003230749001659205532632768154144287109375,btc,14.53015693,1.7908465071959,0.5032692452769,1
1,[],20,[],2019-02-16 00:45:08,1151.2564,0.010500212,0.0000003781273344168,6682333,2019-02-16 00:45:08,btc,0.0573537536243,0.0,0.010500212,btc,2.5253,0.0,0.0911161306007,1
1,[],21,[],2019-02-16 00:45:11,2379.09131751,0.01307700000000000008226752612,0.0000004709210778,6682334,2019-02-16 00:45:11,btc,29.98053647079415,2885.9470554,0.01307700000000000008226752612472409964539110660552978515625,"btc,eth",2875.41012341,33.8424950985112,21.87845233733229,1
1,[],22,[],2019-02-16 00:45:23,0.0280576,0.01350000,0.0000004861539,6682335,2019-02-16 00:45:23,BTC,0.3139634,0.0,0.01350000,BTC,0.10070366666666666,0.0,0.00036518,1
1,[],24,[],2019-02-16 00:45:23,0.0,0.000000000000,0,6682336,2019-02-16 00:45:23,btc,0.0,0.0,0.000000000000,btc,0.0,0.0,0.0,1
0.0,[],25,[],2019-02-16 00:45:24,0.0,0,0,6682337,2019-02-16 00:45:24,btc,26.723799997265928,1822.30474043,0.0,btc,1996.4816327,24.1174,0.0,1
1,[],26,[],2019-02-16 00:45:35,0.0,0,0,6682338,2019-02-16 00:45:35,,0.0,0.0,0,,0.0,0.0,0.0,1
1,[],28,[],2019-02-16 00:45:41,992.968,0.01231000,0.000000443300334,6682339,2019-02-16 00:45:41,btc,0.162839806,17974.2,0.01231000,btc,8.9,0.0,0.086870176,1
1,[],5,[],2019-02-16 00:45:42,1.472e-05,0.00000066,0.000000000023767524,6682340,2019-02-16 00:45:42,btc,0.12689027,0.0254308,0.00000066,btc,6.166e-05,0.0,0.252574,2
0,[],22,[],2019-02-16 00:46:10,0.0,0,0,6682341,2019-02-16 00:46:10,,0.0,0.0,0,,0.0,0.0,0.0,2
1,[],5,[],2019-02-16 00:46:13,1.29e-06,0.00000017,0.000000000006121938,6682342,2019-02-16 00:46:13,btc,4.35233186,0.02670114,0.00000017,btc,2.278e-05,0.0,3.55946001,3
1,[],12,[],2019-02-16 00:46:15,13019197.31458765,0.000000168,0.0000000000060499152,6682343,2019-02-16 00:46:15,btc,923742.1993829986,0.0,0.000000168,btc,9227637.19730234,0.17329347925891153,0.5907800077051802,3
0,[],28,[],2019-02-16 00:46:20,0.0,0,0,6682344,2019-02-16 00:46:20,,0.0,0.0,0,,0.0,0.0,0.0,3
0,[],2,[],2019-01-20 23:31:32,0.0,0,0,6477077,2019-01-20 23:31:32,,0.0,0.0,0,,0.0,0.0,0.0,4
1,[],4,[],2019-02-16 00:46:21,370409.74260418,0.00000032,0.000000000011523648,6682345,2019-02-16 00:46:21,btc,0.342612999031392,0.0,0.00000032,btc,322377.48356975,0.00068811,0.0450659724399035,4
1,[],12,[],2019-02-14 17:26:54,1405077.5219999999,0.00000004,0.000000000001441592,6666503,2019-02-14 17:26:54,btc,11113878.38315974,0.0,0.00000004,btc,1084186.13790569,0.0004039437362635,0.02355927044,5
0,[],2,[],2019-01-20 23:31:51,0.0,0,0,6477087,2019-01-20 23:31:51,,0.0,0.0,0,,0.0,0.0,0.0,6
1,[],11,[],2019-02-16 00:46:23,2442309.499998,0.00000002,0.000000000000720228,6682346,2019-02-16 00:46:23,btc,9433.285980624412,1243776.0,0.00000002,btc,39914964.28062851,0.0,0.04035588499996,6
1,[],3,[],2019-02-16 00:46:24,1093.788297763592,0.0001461500000000000016979473382860987840103916823863983154296875,0.00000000526306611,6682347,2019-02-16 00:46:24,btc,27.605796873748474,0.905170040532,0.0001461500000000000016979473382860987840103916823863983154296875,btc,249.144760639695,0.0,0.03438341645469787,7
1,[],4,[],2019-02-16 00:46:25,16518.91605463,0.00023087,0.000000008313951918,6682348,2019-02-16 00:46:25,btc,2.605390292702167,0.0,0.00023087,btc,10405.03673808,10.28559753,3.283686129636337,7
1,[],5,[],2019-02-16 00:46:26,0.00754348,0.00021453,0.000000007725525642,6682349,2019-02-16 00:46:26,btc,1.81336916,0.51205198,0.00021453,btc,0.01311023,0.0,1.88361893,7
1,[],20,[],2019-02-15 20:35:52,43513291.8418,0.000000001,0.0000000000000360228,6680670,2019-02-15 20:35:52,btc,116.5827776391263,3203.0,0.000000001,btc,29035064.8892,3.203e-06,0.0435132918418,8
0,[],2,[],2019-01-20 23:22:42,0.0,0,0,6476876,2019-01-20 23:22:42,,0.0,0.0,0,,0.0,0.0,0.0,9
0,[],23,[],2019-01-20 23:22:48,0.0,0,0,6476878,2019-01-20 23:22:48,,0.0,0.0,0,,0.0,0.0,0.0,9
1,[],1,[],2019-02-16 00:46:27,2357578.07,0.00000181999999999999993881738720447049928452543099410831928253173828125,0.00000000006554074799999999,6682350,2019-02-16 00:46:27,btc,3.5829211435,19947208.49,0.00000181999999999999993881738720447049928452543099410831928253173828125,btc,1925774.48,36.50771147,4.214175595,9
1,[],4,[],2019-02-16 00:46:28,200472.09398172,0.00000182,0.00000000006554074799999999,6682351,2019-02-16 00:46:28,btc,1.114930798787818,0.0,0.00000182,btc,591083.07607282,1.56621166,0.3351020986642545,9
1,[],28,[],2019-02-16 00:46:34,43336.934,0.00000167,0.000000000060139038,6682352,2019-02-16 00:46:34,btc,2708.76119522,3595391.0,0.00000167,btc,11732.68,0.0,0.04320967978,9
1,[],4,[],2019-02-10 09:54:02,5828483.02026053,0.00000002,0.000000000000726692,6623074,2019-02-10 09:54:02,btc,0.2014004865591215,0.0,0.00000002,btc,4198675.28035349,0.00021932,0.0653957035452106,10
0,[],2,[],2019-01-20 23:23:08,0.0,0,0,6476890,2019-01-20 23:23:08,,0.0,0.0,0,,0.0,0.0,0.0,12
1,[],4,[],2019-02-16 00:46:35,1361045.7001018,0.00000191,0.000000000068781774,6682353,2019-02-16 00:46:35,btc,3.5030180998886493,0.0,0.00000191,btc,1573266.66366264,21.95490429,1.9978740239959996,12
1,[],5,[],2019-02-16 00:46:38,4.058e-05,0.00000162,0.000000000058338468,6682354,2019-02-16 00:46:38,btc,0.61089608,1.37287539,0.00000162,btc,0.0001337,0.0,0.6872973,12
0.0,[],25,[],2019-02-16 00:46:39,0.0,0,0,6682355,2019-02-16 00:46:39,,0.0,0.0,0.0,btc,0.0,0.0,0.0,12
1,[],10,[],2019-02-15 23:24:42,453275.20501201,0.0000066,0.00000000023749440000000003,6681762,2019-02-15 23:24:42,btc,666805.4475878807,4024.25694773,0.0000066,btc,724326.21961106,0.0,0.4187824818270648,13
1,[],4,[],2019-02-16 00:46:40,1306784.89523646,0.00000680,0.00000000024487752,6682356,2019-02-16 00:46:40,btc,1.613331104283951,0.0,0.00000680,btc,225323.1410495,0.98220945,1.3433512428807668,13
1,[],21,[],2019-02-16 00:46:44,893353.5343154001,0.000006849999999999999637085006804,0.00000000024667809,6682357,2019-02-16 00:46:44,btc,8.176060762650135,487296.33262131,0.0000068499999999999996370850068039271008046853239648044109344482421875,btc,1032029.51790579,3.25627108,5.54866718240903,13
1,[],4,[],2019-02-16 00:46:45,990078.1502727,0.00000139,0.000000000050055846,6682358,2019-02-16 00:46:45,btc,0.1080954085923696,0.0,0.00000139,btc,58530.15869569,0.00634593,0.4169193104910111,14
1,[],12,[],2019-02-16 00:46:46,85369.2231405,0.000001260000000000000006510091944689211373997750342823565006256103515625,0.000000000045374364,6682359,2019-02-16 00:46:46,btc,2.776355914323958,0.0,0.000001260000000000000006510091944689211373997750342823565006256103515625,btc,30213.37033352,0.00023058,0.009125080000005,14
0,[],17,[],2019-02-16 00:46:48,0.0,0,0,6682360,2019-02-16 00:46:48,btc,0.0,0.0,0,btc,0.0,0.0,0.0,14
1,[],26,[],2019-02-16 00:46:48,0.0,0.00000050,0.0000000000180057,6682361,2019-02-16 00:46:48,btc,0.0,0.0,0.00000050,btc,0.0,0.0,0.0,14
,[],12,[],2018-12-01 15:15:48,204241.84496,0.00000489,0.000000000202473384,5260204,2018-12-01 15:15:48,btc,49.5475654835,0.0,,btc,35763.2193806,0.0163153972027625,0.0203389899998,15
0,[],4,[],2019-02-16 00:46:49,0.0,0,0,6682362,2019-02-16 00:46:49,,0.0,0.0,0,,0.0,0.0,0.0,15
0,[],2,[],2019-01-20 23:23:38,0.0,0,0,6476906,2019-01-20 23:23:38,,0.0,0.0,0,,0.0,0.0,0.0,18
1,[],4,[],2019-02-16 00:46:51,27218.18101665,0.00001806,0.000000000650365884,6682363,2019-02-16 00:46:51,btc,2.2246613645927162,0.0,0.00001806,btc,8005.19059785,0.00486708,0.1056619136800477,18
1,[],10,[],2019-02-16 00:46:53,795762.28910622,0.0000188,0.0000000006770143199999999,6682364,2019-02-16 00:46:53,btc,15.530221356208065,440.50960793,0.0000188,btc,10265.93006568,0.0,0.4179170296199278,18
1,[],12,[],2019-02-16 00:46:54,204692.55399160998,0.00001775000000000000115554267543505062576514319516718387603759765625,0.00000000063920235,6682365,2019-02-16 00:46:54,btc,22.612034015243555,0.0,0.00001775000000000000115554267543505062576514319516718387603759765625,btc,1866.9041771299999,2.96383e-05,0.0407863196179671,18
0,[],17,[],2019-02-16 00:46:56,0.0,0,0,6682366,2019-02-16 00:46:56,btc,0.0,0.0,0,btc,0.0,0.0,0.0,18
1,[],3,[],2019-02-16 00:23:12,123856.74369385953,0.00002619000000000000166300133386254600509346346370875835418701171875,0.000000000943568082,6682167,2019-02-16 00:23:12,btc,0.5342628741721408,570.548171692,0.00002619000000000000166300133386254600509346346370875835418701171875,btc,5588.995123512506,0.0,0.15988187122252714,19
1,[],4,[],2019-02-16 00:23:13,336644.21124239,0.00002668,0.000000000961221704,6682168,2019-02-16 00:23:13,btc,0.2397601329665361,0.0,0.00002668,btc,8280.979238,0.15637859,2.029449558709236,19
1,[],5,[],2019-02-16 00:23:14,0.00017404,0.00002404,0.000000000866108312,6682169,2019-02-16 00:23:14,btc,0.25322988,0.0,0.00002404,btc,0.00302507,0.0,0.06435636,19
1,[],12,[],2019-02-16 00:23:15,134797.92936473,0.000022509999999999999627242619482103691552765667438507080078125,0.000000000810985778,6682170,2019-02-16 00:23:15,btc,0.0288710767813548,0.0,0.000022509999999999999627242619482103691552765667438507080078125,btc,289.66393647,7.252e-05,0.0323620500000723,19
0,[],27,[],2019-02-16 00:23:22,0.0,0,0,6682171,2019-02-16 00:23:22,,0.0,0.0,0,btc,0.0,0.0,0.0,19
0,[],2,[],2019-01-20 23:24:19,0.0,0,0,6476924,2019-01-20 23:24:19,,0.0,0.0,0,,0.0,0.0,0.0,19
1,[],4,[],2019-02-16 00:23:23,8105964.88270166,0.00000014,0.0000000000050438920000000006,6682172,2019-02-16 00:23:23,btc,0.7558970284397353,0.0,0.00000014,btc,1585963.29804811,0.001,0.2633208437753649,20
1,[],4,[],2019-02-16 00:23:24,112204141.0629021,0.00000002,0.000000000000720556,6682173,2019-02-16 00:23:24,btc,0.4197290963908996,0.0,0.00000002,btc,12405492.93946572,0.00691963,1.2819232651386825,21
1,[],12,[],2019-02-16 00:23:25,17377041.0,0.00000002,0.000000000000720556,6682174,2019-02-16 00:23:25,btc,669.7055249917195,0.0,0.00000002,btc,8580966.269732941,1.26173826174e-05,0.2197811,21
0,[],17,[],2019-02-15 23:39:59,0.0,0,0,6681978,2019-02-15 23:39:59,btc,0.0,0.0,0,btc,0.0,0.0,0.0,21
1,[],12,[],2019-02-16 00:23:28,2803891117.043896,0.0000000002,0.000000000000007205560000000001,6682175,2019-02-16 00:23:28,btc,880864730203.6282,0.0,0.0000000002,btc,4228345362.060391,0.02855622171790708,0.31046232185558975,23
0,[],27,[],2019-02-16 00:23:32,0.0,0,0,6682176,2019-02-16 00:23:32,,0.7240921565934114,0.0,0,eth,727098.85514486,0.0,0.0,23
1,[],4,[],2019-02-16 00:23:33,355961.76738705,0.00000072,0.000000000025940016000000003,6682177,2019-02-16 00:23:33,btc,0.156607154986801,0.0,0.00000072,btc,158417.86569611,0.02370931,0.1777206996182961,24
1,[],22,[],2019-02-16 00:23:45,11.76,0.00000100,0.0000000000360278,6682178,2019-02-16 00:23:45,BTC,7.415e-05,0.0,0.00000100,BTC,23.919354838709676,0.0,1.176e-05,24
0.0,[],25,[],2019-02-16 00:23:49,0.0,0,0,6682179,2019-02-16 00:23:49,,0.0,0.0,0.0,btc,0.0,0.0,0.0,24
1,[],4,[],2019-02-16 00:23:50,26883705.39565814,0.00000594,0.00000000021400513200000003,6682180,2019-02-16 00:23:50,btc,0.409795607171778,0.0,0.00000594,btc,43011.68552659,0.19402881,0.4447695105785135,26
1,[],10,[],2019-02-16 00:23:53,733314.39724698,0.0000054,0.00000000019455012,6682181,2019-02-16 00:23:53,btc,25.927301984521115,1472.76013581,0.0000054,btc,14351.41452713,0.0,0.2154503992385128,26
0,[],2,[],2019-01-20 23:25:56,0.0,0,0,6476976,2019-01-20 23:25:56,,0.0,0.0,0,,0.0,0.0,0.0,26
1,[],3,[],2019-02-16 00:23:56,5726374.95913569,0.00000001,0.000000000000360278,6682182,2019-02-16 00:23:56,btc,2.6998142562093017,0.0,0.00000001,btc,17268102.61059958,0.0,0.0572637495913569,27
1,[],5,[],2019-02-16 00:23:59,1e-08,0.00000001,0.000000000000360278,6682183,2019-02-16 00:23:59,btc,1.5981049,0.00026007,0.00000001,btc,4.345e-05,0.0,0.09876515,27
1,[],11,[],2019-02-16 00:24:01,10063976.7912115,0.00000005,0.00000000000180139,6682184,2019-02-16 00:24:01,btc,370.6338278222541,8080.0,0.00000005,btc,8170874.5693934,0.0,0.4660996184459823,27
1,[],4,[],2019-02-16 00:24:03,588316705.2132038,0.00000002,0.000000000000720556,6682185,2019-02-16 00:24:03,btc,0.24425733516599848,0.0,0.00000002,"btc,ltc",19152887.15559125,0.240701,8.462266014547867,29
1,[],7,[],2019-02-16 00:24:04,28336885.63491832,0.00000002,0.000000000000720556,6682186,2019-02-16 00:24:04,btc,44465228.21241281,560236.390328,0.00000002,btc,55538651.690747544,0.01120473,0.41189078825014075,29
1,[],4,[],2019-02-16 00:24:05,1471086.72669111,0.00000026,0.000000000009367228,6682187,2019-02-16 00:24:05,btc,0.1591981828485016,0.0,0.00000026,btc,384917.4535503,0.06001391,0.0995464621022842,30
0,[],17,[],2019-02-15 23:40:36,0.0,0,0,6681992,2019-02-15 23:40:36,btc,0.0,0.0,0,btc,0.0,0.0,0.0,30
1,[],4,[],2019-02-16 00:24:18,58271.37197549,0.00006817,0.0000000024560151260000002,6682188,2019-02-16 00:24:18,btc,0.7900523910543159,0.0,0.00006817,btc,9852.9487287,2.8321044,3.4054952560072773,31
1,[],21,[],2019-02-16 00:24:18,66051.97002659,0.00006619999999999999636905029243,0.0000000023850403600000002,6682189,2019-02-16 00:24:18,btc,2.576614180121879,235389.89873566,0.000066199999999999996369050292432945070686400867998600006103515625,btc,35623.11486989,16.71945728,4.0340372963494655,31
0,[],2,[],2019-01-20 23:28:43,0.0,0,0,6477009,2019-01-20 23:28:43,,0.0,0.0,0,,0.0,0.0,0.0,32
1,[],4,[],2019-02-16 00:24:19,154117625.3548405,0.00000005,0.00000000000180139,6682190,2019-02-16 00:24:19,btc,2.239899786382416,0.0,0.00000005,"btc,ltc",46992903.12379082,0.33036731,3.0249599571328862,33
1,[],12,[],2019-02-16 00:24:21,14832720.952,0.00000005,0.00000000000180139,6682191,2019-02-16 00:24:21,btc,34509936.620241694,0.0,0.00000005,btc,88947665.22977003,0.022454190949051,0.4816528276,33
1,[],4,[],2019-02-16 00:24:22,135904397.94613937,0.00000001,0.000000000000360278,6682192,2019-02-16 00:24:22,btc,1.0394293027603032,0.0,0.00000001,btc,41834123.15732942,0.00949389,1.3590439794613935,34
1,[],5,[],2019-02-16 00:24:23,1e-08,0.00000001,0.000000000000360278,6682193,2019-02-16 00:24:23,btc,5.07982949,0.00104096,0.00000001,btc,1.343e-05,0.0,0.85475648,34
0.0000000001179107,[],4,[],2019-02-16 00:24:24,1005791515.4867,2.3582140000000004e-18,8.496126234920001e-23,6682194,2019-02-16 00:24:24,ltc,1.1470570719606979e-08,0.0,0.00000002,ltc,2332306300.656398,0.0,1.7325867634196264e-09,36
1,[],5,[],2019-02-16 00:24:26,0.0,0,0,6682195,2019-02-16 00:24:26,btc,197.5385671,0.0,0,btc,1.325e-05,0.0,0.0,36
0,[],17,[],2019-02-16 00:24:38,0.0,0,0,6682196,2019-02-16 00:24:38,btc,0.14155809404650171,0.0,0,btc,10794800.77743647,0.0,0.0,36
0.0000000003382272,[],27,[],2019-02-16 00:24:45,7.0,3.3822720000000003e-18,1.218558191616e-22,6682197,2019-02-16 00:24:45,eth,230.00791353271,0.0,0.00000001,"ltc,eth",3710919.3029,0.0,2.3675904e-17,36
1,[],4,[],2019-02-16 00:24:45,258126.20627399,0.00000084,0.000000000030263352000000003,6682198,2019-02-16 00:24:45,btc,0.5475756659193645,0.0,0.00000084,btc,416289.45566157,0.07585466,0.1272227547146831,37
1,[],12,[],2019-02-16 00:24:46,316764.74257698,0.00000096,0.000000000034586688,6682199,2019-02-16 00:24:46,btc,1364.1822330500513,0.0,0.00000096,btc,840124.39000852,0.2812862579400903,0.0653706350000041,37
1,[],27,[],2019-02-16 00:25:00,15952.0,0.00000052,0.000000000018734456,6682200,2019-02-16 00:25:00,btc,26.70753703686233,0.0,0.00000052,btc,6829.81438508,0.0,0.00545422,37
1,[],17,[],2019-02-15 23:41:13,1752.74075282,0.00000025,0.00000000000899145,6682002,2019-02-15 23:41:13,btc,0.055484923777095005,0.0,0.00000025,btc,1319.19918473,0.0,0.00043818518820499993,37
1,[],5,[],2019-02-16 00:25:01,1.474e-05,0.00000096,0.000000000034586688,6682201,2019-02-16 00:25:01,btc,0.09554793,0.00301938,0.00000096,btc,9.569e-05,0.0,0.04354227,42
1,[],12,[],2019-02-16 00:25:03,126750.40229885001,0.0000009,0.00000000003242502,6682202,2019-02-16 00:25:03,btc,92.91544491264659,0.0,0.0000009,btc,93531.69878571,0.0058971990010088,0.0443951364367814,42
0,[],27,[],2019-02-16 00:25:08,0.0,0,0,6682203,2019-02-16 00:25:08,,0.00315028,0.0,0,"btc,eth",11.007,0.0,0.0,42
1,[],5,[],2019-02-16 00:25:09,6e-08,0.00000003,0.000000000001080834,6682204,2019-02-16 00:25:09,btc,5.9023479,0.02130714,0.00000003,btc,1.425e-05,0.0,0.59036477,43
1,[],12,[],2019-02-16 00:25:10,4101545.0,0.00000001,0.000000000000360278,6682205,2019-02-16 00:25:10,btc,20007457.492714833,0.0,0.00000001,btc,38975742.48191804,4.395604396e-07,0.04101545,43
0,[],17,[],2019-02-15 23:26:43,0.0,0,0,6681809,2019-02-15 23:26:43,btc,0.0,0.0,0,btc,0.0,0.0,0.0,43
1,[],12,[],2019-02-16 00:25:12,697573.0,0.00000005,0.00000000000180139,6682206,2019-02-16 00:25:12,btc,11115166.704894522,0.0,0.00000005,btc,1034099.31470526,0.0004229583005003,0.0181332,44
1,[],4,[],2019-02-16 00:25:13,225227481.73377183,0.00000002,0.000000000000720556,6682207,2019-02-16 00:25:13,btc,0.18830952909234783,0.0,0.00000002,"btc,ltc",4552379.59245401,0.00023499,0.4306101510120697,49
0.0000000001179107,[],4,[],2019-02-16 00:25:14,141979875.2407079,1.1791070000000002e-18,4.2480631174600005e-23,6682208,2019-02-16 00:25:14,ltc,4.64517350858871,0.0,0.00000001,ltc,3744666597.5844984,0.0,1.6740946475544538e-10,52
0,[],22,[],2019-02-16 00:25:35,0.0,0,0,6682209,2019-02-16 00:25:35,,8108.82536305,0.0,0,,262751443.67882353,0.0,0.0,57
0,[],27,[],2019-02-16 00:25:39,0.0,0,0,6682210,2019-02-16 00:25:39,,0.0,0.0,0,"btc,eth",0.0,0.0,0.0,57
0.0000000001179107,[],4,[],2019-02-16 00:25:40,1030238427.2619973,4.716428000000001e-18,1.6992252469840002e-22,6682211,2019-02-16 00:25:40,ltc,3.272209002464537,0.0,0.00000004,ltc,898010620.2067671,0.0,2.8287554053953545e-09,58
1,[],12,[],2019-02-16 00:25:41,1753851932.843957,0.0000000005,0.000000000000018013900000000002,6682212,2019-02-16 00:25:41,btc,724045492108.1089,0.0,0.0000000005,btc,3713370289.7712445,0.06220669961715644,0.5919853527011392,58
0,[],17,[],2019-02-16 00:25:43,0.0,0,0,6682213,2019-02-16 00:25:43,btc,1e+24,0.0,0,btc,41401875.8285055,0.0,0.0,58
0.0000000001298021,[],22,[],2019-02-16 00:26:35,137438.0,1.2980210000000001e-18,4.6764840983800004e-23,6682214,2019-02-16 00:26:35,XMR,69.8835922,0.0,0.00000001,XMR,9887963.0,0.0,0.00137438,58
1,[],5,[],2019-02-16 00:26:37,5.87e-06,0.00000051,0.000000000018374178000000002,6682215,2019-02-16 00:26:37,btc,0.24229618,0.12121563,0.00000051,btc,0.00010809,0.0,0.1043007,61
1,[],22,[],2019-02-16 00:28:54,5149.5,0.00000011,0.000000000003963058,6682216,2019-02-16 00:28:54,BTC,1002.29598212,0.0,0.00000011,BTC,14957.700278135757,0.0,0.00051596,61
1,[],26,[],2019-02-16 00:28:54,0.0,0.00000800,0.0000000002882224,6682217,2019-02-16 00:28:54,btc,0.0,0.0,0.00000800,btc,0.0,0.0,0.0,61
1,[],27,[],2019-02-16 00:28:58,18353.8823,0.00000034,0.000000000012249452000000002,6682218,2019-02-16 00:28:58,btc,9.941007956931694,0.0,0.00000034,"btc,eth",15777.09679279,0.0,0.000456389983691136,61
1,[],28,[],2019-02-16 00:29:05,19894.304,0.00000091,0.000000000032785298000000004,6682219,2019-02-16 00:29:05,btc,2.056360193700105,784.0,0.00000091,btc,9767.52450005,0.0,0.00993521304,61
1,[],4,[],2019-02-15 21:23:34,444584.63933702,0.00000288,0.000000000103752288,6680938,2019-02-15 21:23:34,btc,1.1190956022367384,0.0,0.00000288,btc,268202.94905824,0.39758132,0.92893880955189,67
0.0,[],25,[],2019-02-15 21:23:35,0.0,0,0,6680939,2019-02-15 21:23:35,,0.0,0.0,0.0,btc,0.0,0.0,0.0,67
1,[],12,[],2019-02-16 00:29:08,3394346.89914992,0.00000015,0.00000000000540417,6682220,2019-02-16 00:29:08,btc,11115996.403975468,0.0,0.00000015,btc,1938555.44002844,0.0098692231036515,0.1247594658528768,71
,[],5,[],2018-11-20 23:02:39,1.5e-07,0.00000005,0.000000000002128045,4862160,2018-11-20 23:02:39,btc,2.84511358,0.0,,btc,0.00036572,0.0,0.07381892,74
1,[],5,[],2019-02-16 00:29:10,3.049e-05,0.00000156,0.000000000056203368,6682221,2019-02-16 00:29:10,btc,1.5424315,0.0,0.00000156,btc,0.00016981,0.0,0.30484564,75
1,[],4,[],2019-02-16 00:29:11,29738604.75692337,0.00000001,0.000000000000360278,6682222,2019-02-16 00:29:11,btc,0.7668881456247842,0.0,0.00000001,btc,14615939.68425178,0.0,0.2973860475692337,81
0,[],20,[],2019-01-25 09:30:31,0.0,0,0,6495923,2019-01-25 09:30:31,btc,0.0,0.0,0,btc,0.0,0.0,0.0,81
1,[],4,[],2019-02-16 00:29:16,24115.83221728,0.00007827,0.000000002819895906,6682223,2019-02-16 00:29:16,btc,1.3332538798932272,0.0,0.00007827,btc,11283.78233952,0.04081511,0.1143481125439982,82
1,[],21,[],2019-02-16 00:29:17,136314.39450912,0.00007771999999999999449249582506,0.0000000028000806160000002,6682224,2019-02-16 00:29:17,btc,2.936423299626927,4048.78051066,0.000077719999999999994492495825060274228235357441008090972900390625,btc,32584.47476633,0.31755509,2.265149547914188,82
0,[],17,[],2019-02-15 23:42:32,0.0,0,0,6682028,2019-02-15 23:42:32,btc,0.0447233088476774,0.0,0,btc,999127.19588126,0.0,0.0,84
0.0000000001179107,[],4,[],2019-02-16 00:29:30,153575667.54368323,8.253749e-18,2.9736441822220006e-22,6682225,2019-02-16 00:29:30,ltc,0.19569063268534476,0.0,0.00000007,ltc,103221719.2640306,0.0,7.165806697250022e-10,85
,[],22,[],2018-11-20 23:09:34,3408.1,0.0000001,0.0000000000041895,4862324,2018-11-20 23:09:34,BTC,0.04624735,0.0,,BTC,4990.0,0.0,0.00033081,86
0,[],22,[],2019-02-16 00:29:53,0.0,0,0,6682226,2019-02-16 00:29:53,,2.0760781,0.0,0,,140622.94736842104,0.0,0.0,87
0,[],27,[],2019-02-16 00:29:57,0.0,0,0,6682227,2019-02-16 00:29:57,,0.0,0.0,0,btc,0.0,0.0,0.0,87
,[],2,[],2018-11-20 23:10:47,0.0,0,0,4862359,2018-11-20 23:10:47,,0.0,0.0,,,0.0,0.0,0.0,88
1,[],11,[],2019-02-16 00:30:00,96191.22393789,0.00014305000000000000766157970399916621317970566451549530029296875,0.00000000515377679,6682228,2019-02-16 00:30:00,btc,609.4012338542383,883.83749128,0.00014305000000000000766157970399916621317970566451549530029296875,btc,90926.06051237,0.0,6.465053275564619,89
0,[],2,[],2019-01-20 23:31:45,0.0,0,0,6477083,2019-01-20 23:31:45,,0.0,0.0,0,,0.0,0.0,0.0,91
1,[],12,[],2019-02-16 00:30:01,437175.68383478996,0.00000206000000000000018206681821897330308956952649168670177459716796875,0.00000000007421726800000002,6682229,2019-02-16 00:30:01,btc,4.1749437103131015,0.0,0.00000206000000000000018206681821897330308956952649168670177459716796875,btc,46802.07623039,0.0010400218703056,0.0607413966729846,91
0,[],17,[],2019-02-16 00:30:02,0.0,0,0,6682230,2019-02-16 00:30:02,btc,0.0,0.0,0,btc,0.0,0.0,0.0,91
0.0000000001179107,[],22,[],2019-02-16 00:30:15,4525000.0,4.716428000000001e-18,1.6992252469840002e-22,6682231,2019-02-16 00:30:15,LTC,8.12129807,0.0,0.00000004,LTC,66745238.1,0.0,0.14575,95
0.0000000001179107,[],4,[],2019-02-16 00:30:17,135490929.32021454,9.079123900000001e-17,3.2710086004442006e-21,6682232,2019-02-16 00:30:17,ltc,0.5972552481099528,0.0,0.00000077,ltc,35543944.70298489,0.0,1.1062617389574809e-09,96
1,[],12,[],2019-02-16 00:30:19,309939.0,0.00000001,0.000000000000360278,6682233,2019-02-16 00:30:19,btc,255052.49738629002,0.0,0.00000001,btc,8743729.55375598,0.0020830098601398,0.00309939,96
0,[],17,[],2019-02-15 23:43:07,0.0,0,0,6682038,2019-02-15 23:43:07,btc,0.0,0.0,0,btc,0.0,0.0,0.0,96
1,[],4,[],2019-02-16 00:30:30,1729786.16825495,0.00000035,0.000000000012609730000000001,6682234,2019-02-16 00:30:30,btc,0.2514362587241951,0.0,0.00000035,btc,508178.84769554,0.0210304,0.199048563299269,99
0,[],2,[],2019-01-20 23:23:55,0.0,0,0,6476914,2019-01-20 23:23:55,,0.0,0.0,0,,0.0,0.0,0.0,100
1,[],4,[],2019-02-16 00:30:31,213157.79726365,0.00004000,0.000000001441112,6682235,2019-02-16 00:30:31,btc,1.1690392072873281,0.0,0.00004000,btc,26109.97289069,0.74260393,1.8600131443108179,100
1,[],22,[],2019-02-16 00:32:01,50000.0,0.00000001,0.000000000000360278,6682236,2019-02-16 00:32:01,BTC,23.49896609,0.0,0.00000001,BTC,10277.22,0.0,0.0005,101
1,[],4,[],2019-02-16 00:32:02,317828.97764745,0.00000097,0.000000000034946966000000006,6682237,2019-02-16 00:32:02,btc,0.4263603015419582,0.0,0.00000097,btc,170057.86937789,0.01192858,0.1591109233615145,103
1,[],12,[],2019-02-16 00:32:05,48851356.9183887,0.000000017,0.0000000000006124726,6682238,2019-02-16 00:32:05,btc,137278887.41222426,0.0,0.000000017,btc,121483351.54649465,0.09656569071554212,0.2494989561462192,105
1,[],27,[],2019-02-16 00:32:08,4011356.89,0.00000001,0.000000000000360278,6682239,2019-02-16 00:32:08,btc,0.3614577513692299,0.0,0.00000001,btc,323444.42860553,0.0,0.0401135689,105
0,[],22,[],2019-02-16 00:32:15,0.0,0,0,6682240,2019-02-16 00:32:15,,51.10825004,0.0,0,,468935.0,0.0,0.0,107
1,[],26,[],2019-02-16 00:32:15,0.0,0.00000000,0,6682241,2019-02-16 00:32:15,btc,0.0,0.0,0.00000000,btc,0.0,0.0,0.0,107
1,[],5,[],2019-02-16 00:32:17,1e-08,0.00000001,0.000000000000360278,6682242,2019-02-16 00:32:17,btc,2.89932077,1.29e-05,0.00000001,btc,1.571e-05,0.0,0.08578885,112
1,[],22,[],2019-02-16 00:33:39,167093.0,0.00000001,0.000000000000360278,6682243,2019-02-16 00:33:39,BTC,2.81183288,0.0,0.00000001,BTC,808524.0833333334,0.0,0.00167093,112
0,[],27,[],2019-02-16 00:33:43,0.0,0,0,6682244,2019-02-16 00:33:43,,1.35132491849924,0.0,0,"btc,eth",1328.641654,0.0,0.0,112
1,[],4,[],2019-02-16 00:33:44,448322.25883125,0.00000326,0.00000000011745062800000002,6682245,2019-02-16 00:33:44,btc,0.2935160497413741,0.0,0.00000326,btc,66350.01770494,0.43586694,0.1593306638899023,113
1,[],5,[],2019-02-16 00:33:46,6.45e-06,0.00000300,0.00000000010808340000000001,6682246,2019-02-16 00:33:46,btc,0.89080349,0.01579211,0.00000300,btc,0.00170445,0.0,0.19855377,113
0,[],27,[],2019-02-16 00:33:51,0.0,0,0,6682247,2019-02-16 00:33:51,,0.0,0.0,0,btc,0.0,0.0,0.0,116
1,[],17,[],2019-02-15 23:30:58,152738.278,0.00000004,0.00000000000143936,6681851,2019-02-15 23:30:58,btc,1.3368030274627254,0.0,0.00000004,btc,51896.221,0.0,0.0022095311199999998,116
1,[],4,[],2019-02-16 00:33:52,26446.66341943,0.00003034,0.000000001093083452,6682248,2019-02-16 00:33:52,btc,0.5648286480594826,0.0,0.00003034,btc,16970.81699428,2.84099179,0.6546355147037922,120
1,[],7,[],2019-02-16 00:33:55,18662.595462190002,0.00002911000000000000081088781522797859224738203920423984527587890625,0.000000001048769258,6682249,2019-02-16 00:33:55,btc,115647.18590378549,254.17329107,0.00002911000000000000081088781522797859224738203920423984527587890625,btc,29362.59191667,0.00769174,0.0795541242284221,120
1,[],20,[],2019-02-16 00:33:57,1094428.6666,0.000000015,0.000000000000540417,6682250,2019-02-16 00:33:57,btc,31.5529793801051,518.15,0.000000015,btc,1168796.9594,7.2541e-06,0.0052581652171,125
1,[],22,[],2019-02-16 00:36:14,3053.0,0.00000001,0.000000000000360278,6682251,2019-02-16 00:36:14,BTC,0.01444889,0.0,0.00000001,BTC,296264.5111111111,0.0,3.053e-05,126
1,[],4,[],2019-02-16 00:36:15,126364.02015798,0.00001843,0.000000000663992354,6682252,2019-02-16 00:36:15,btc,1.068053565786608,0.0,0.00001843,btc,40742.00510951,1.18201723,1.0467560579583977,131
0,[],17,[],2019-02-16 00:36:16,0.0,0,0,6682253,2019-02-16 00:36:16,btc,0.0009561751951600001,0.0,0,btc,35.42829368,0.0,0.0,131
0,[],2,[],2019-01-20 23:25:46,0.0,0,0,6476969,2019-01-20 23:25:46,,0.0,0.0,0,,0.0,0.0,0.0,131
1,[],4,[],2019-02-16 00:36:17,4551.76688863,0.00016360,0.00000000589414808,6682254,2019-02-16 00:36:17,btc,1.6421815711089056,0.0,0.00016360,btc,308.40189166,0.00047028,0.0081110560382609,135
1,[],3,[],2019-02-16 00:36:18,1767573.20571841,0.00000005,0.00000000000180139,6682255,2019-02-16 00:36:18,btc,0.124836446126892,17500.0,0.00000005,btc,500394.16668737,0.0,0.064724815113701,136
1,[],4,[],2019-02-16 00:36:19,50002.7043897,0.00000171,0.00000000006160753800000001,6682256,2019-02-16 00:36:19,btc,0.136541531767532,0.0,0.00000171,btc,61393.39099957,0.12172142,0.0491345977022789,137
1,[],12,[],2019-02-16 00:36:20,295582.04082056,0.000001579999999999999907326193003542780246561960666440427303314208984375,0.000000000056923924,6682257,2019-02-16 00:36:20,btc,11982.946493148296,0.0,0.000001579999999999999907326193003542780246561960666440427303314208984375,btc,158140.95783346,0.030344760082166,0.025313369999942898,137
1,[],17,[],2019-02-15 20:28:07,22967.386363640002,0.00000088,0.000000000031678768,6680579,2019-02-15 20:28:07,btc,20.0699133484,0.0,0.00000088,btc,405.079105,0.0,0.0104613000000032,142
1,[],4,[],2019-02-16 00:36:21,1227209.59731222,0.00005008,0.0000000018042722240000002,6682258,2019-02-16 00:36:21,btc,0.7908850154170173,0.0,0.00005008,btc,11998.66219382,1.29745345,0.7796950796812124,142
1,[],5,[],2019-02-16 00:36:22,0.00172221,0.00004986,0.000000001796346108,6682259,2019-02-16 00:36:22,btc,1.2572573,1.83215908,0.00004986,btc,0.00346977,0.0,0.9611225,142
1,[],20,[],2019-02-16 00:36:26,133804.1675,0.000036852,0.0000000013276964856,6682260,2019-02-16 00:36:26,btc,0.31092202148,4103.6455,0.000036852,btc,2649.2776,0.3147300715486,0.2495393147489,142
1,[],22,[],2019-02-16 00:36:48,1610.354305200341,0.00003220,0.0000000011600951600000001,6682261,2019-02-16 00:36:48,BTC,3.00917232,0.0,0.00003220,BTC,917.9383601288407,0.0,0.0019657,142
0.0,[],25,[],2019-02-16 00:36:50,0.0,0,0,6682262,2019-02-16 00:36:50,,0.0,0.0,0.0,btc,0.0,0.0,0.0,142
1,[],28,[],2019-02-16 00:36:55,77743.0,0.00004500,0.000000001621251,6682263,2019-02-16 00:36:55,btc,0.057261322,1840.0,0.00004500,btc,356.4989,0.0,0.0519372,142
0,[],22,[],2019-02-16 00:37:08,0.0,0,0,6682264,2019-02-16 00:37:08,,67.4285069,0.0,0,,834770972.3,0.0,0.0,143
1,[],21,[],2019-02-16 00:37:09,36434834.07327895,0.00000028,0.000000000010087784000000001,6682265,2019-02-16 00:37:09,btc,39.85865600717854,1604204.87768969,0.00000028,btc,78736913.69919027,0.45051168,5.810784634994745,145
0,[],22,[],2019-02-16 00:37:17,0.0,0,0,6682266,2019-02-16 00:37:17,,4.24982284,0.0,0,,1814156.0,0.0,0.0,146
,[],22,[],2018-11-20 23:01:11,0.0,0,0,4862114,2018-11-20 23:01:11,,2.56807021,0.0,,,61828.4988236,0.0,0.0,147
1,[],12,[],2019-02-16 00:37:18,8678963.28384877,0.00000302999999999999978877139594768408414893201552331447601318359375,0.000000000109164234,6682267,2019-02-16 00:37:18,btc,16.584470170795274,0.0,0.00000302999999999999978877139594768408414893201552331447601318359375,btc,122601.67148634,0.0003109432734165,0.10841534690000511,148
1,[],4,[],2019-02-16 00:37:19,222506.28154382,0.00000037,0.000000000013330286000000001,6682268,2019-02-16 00:37:19,btc,0.7786760886514448,0.0,0.00000037,btc,592621.29105382,0.0,0.0547157791219445,152
0,[],22,[],2019-02-16 00:37:25,0.0,0,0,6682269,2019-02-16 00:37:25,,0.0,0.0,0,,0.0,0.0,0.0,152
1,[],5,[],2019-02-16 00:37:27,0.0,0,0,6682270,2019-02-16 00:37:27,btc,10.61570492,0.0,0,btc,0.00092785,0.0,0.0,153
,[],16,[],2019-01-11 15:38:59,0.0,0,0,6366141,2019-01-11 15:38:59,btc,0.0,0.0,,btc,0.0,0.0,0.0,155
0,[],23,[],2019-01-20 23:24:29,0.0,0,0,6476932,2019-01-20 23:24:29,,0.0,0.0,0,,0.0,0.0,0.0,156
0,[],22,[],2019-02-16 00:37:34,0.0,0,0,6682271,2019-02-16 00:37:34,,6.74608761,0.0,0,,4644402.242592593,0.0,0.0,156
1,[],22,[],2019-02-16 00:37:46,7063.8,0.00005300,0.0000000019094734000000003,6682272,2019-02-16 00:37:46,BTC,43.78801181,0.0,0.00005300,BTC,1067.5805334758436,0.0,0.00104326,157
0,[],22,[],2019-02-16 00:37:53,0.0,0,0,6682273,2019-02-16 00:37:53,,50175.68008609,0.0,0,,54479136.04179466,0.0,0.0,158
,[],17,[],2018-11-20 22:56:10,0.0,0,0,4861976,2018-11-20 22:56:10,btc,1.1265625,0.0,,btc,1000.0,0.0,0.0,159
,[],20,[],2018-11-20 22:56:12,0.0,0,0,4861977,2018-11-20 22:56:12,btc,11912.7940471,0.0,,btc,34413894.3617,0.0,0.0,159
1,[],12,[],2019-02-16 00:37:54,179766.35035869,0.0000069999999999999998949950195947788955663781962357461452484130859375,0.0000000002521946,6682274,2019-02-16 00:37:54,btc,6.662368324230948,0.0,0.0000069999999999999998949950195947788955663781962357461452484130859375,btc,14905.95889337,0.0051708567999884,0.0804303438999338,168
1,[],17,[],2019-02-15 23:47:28,29784.95,0.000001,0.0000000000359658,6682078,2019-02-15 23:47:28,btc,0.03026736251542,0.0,0.000001,btc,144.46171372,0.0,0.00716147,168
0,[],22,[],2019-02-16 00:38:19,0.0,0,0,6682275,2019-02-16 00:38:19,,1.14776715,0.0,0,,721548.0900917595,0.0,0.0,169
1,[],22,[],2019-02-16 00:38:41,236276.0,0.00000011,0.000000000003963058,6682276,2019-02-16 00:38:41,BTC,11.32641449,0.0,0.00000011,BTC,122417.33368472014,0.0,0.02144036,171
1,[],22,[],2019-02-16 00:39:31,218688.41176470587,0.00000017,0.000000000006124726000000001,6682277,2019-02-16 00:39:31,BTC,2.65566473,0.0,0.00000017,BTC,255792.88360703012,4.005e-05,0.01631019,173
1,[],5,[],2019-02-16 00:39:34,2.081e-05,0.00000187,0.000000000067371986,6682278,2019-02-16 00:39:34,btc,0.23631687,0.00838817,0.00000187,btc,0.00022961,0.0,0.31581236,175
1,[],22,[],2019-02-16 00:40:02,38430.0,0.0000005,0.0000000000180139,6682279,2019-02-16 00:40:02,BTC,0.57299407,0.0,0.0000005,BTC,173193.47031396697,0.0,0.011502,176
1,[],7,[],2019-02-16 00:40:03,0.0,0,0,6682280,2019-02-16 00:40:03,btc,410973.9177089935,0.0,0,btc,115545110.28145695,0.0,0.0,178
0,[],22,[],2019-02-16 00:40:19,0.0,0,0,6682281,2019-02-16 00:40:19,,1.00242428,0.0,0,,57512.0,0.0,0.0,178
0,[],2,[],2019-01-20 23:28:34,0.0,0,0,6477001,2019-01-20 23:28:34,,0.0,0.0,0,,0.0,0.0,0.0,178
0,[],23,[],2019-01-20 23:25:08,0.0,0,0,6476952,2019-01-20 23:25:08,,0.0,0.0,0,,0.0,0.0,0.0,179
1,[],5,[],2019-02-16 00:40:21,3e-08,0.00000002,0.000000000000720556,6682282,2019-02-16 00:40:21,btc,30.25878313,0.02187105,0.00000002,btc,2.088e-05,0.0,0.68660995,179
1,[],22,[],2019-02-16 00:40:46,7779285.0,0.00000002,0.000000000000720556,6682283,2019-02-16 00:40:46,BTC,5.48629708,0.0,0.00000002,"BTC,LTC",17843614.676989965,0.0,0.38284554,179
1,[],17,[],2019-02-16 00:40:58,10504.725,0.0000001,0.00000000000360278,6682284,2019-02-16 00:40:58,btc,5.201913593507951,0.0,0.0000001,btc,5427.1328087,0.0,0.0010504725,180
1,[],22,[],2019-02-16 00:41:19,129205.4,0.0000005,0.0000000000180139,6682285,2019-02-16 00:41:19,BTC,0.1272821,0.0,0.0000005,"BTC,LTC",22994.086946767708,1.13e-06,0.00160544,180
1,[],26,[],2019-02-16 00:41:19,0.0,0.00000225,0.00000000008106255,6682286,2019-02-16 00:41:19,btc,0.0,950.0,0.00000225,btc,0.0,0.0,0.0,180
,[],7,[],2018-11-20 22:58:01,562227.975654,0.00000085,0.000000000036176765,4862015,2018-11-20 22:58:01,btc,21836.6059674,2491.87645172,,btc,749999.041456,0.00211021,0.127565380455,183
,[],5,[],2019-01-10 08:11:41,0.0,0,0,6347036,2019-01-10 08:11:41,btc,82.15055501,0.00261,,btc,1.19002445,0.0,0.0,187
,[],17,[],2018-11-16 20:58:10,4062536.27273,0.00000001,0.000000000000550501,4708775,2018-11-16 20:58:10,btc,3.36492563466,0.195460381006,,"btc,eth",110697919.549,0.0,0.0157628953496,187
1,[],24,[],2019-02-16 00:41:19,0.0,0.000000000001,3.6027800000000005e-17,6682287,2019-02-16 00:41:19,btc,0.0,0.0,0.000000000001,btc,0.0,0.0,0.0,187
0,[],22,[],2019-02-16 00:41:24,0.0,0,0,6682288,2019-02-16 00:41:24,,1.19377283,0.0,0,,16434.10286773884,0.0,0.0,191
0,[],22,[],2019-02-16 00:41:34,0.0,0,0,6682289,2019-02-16 00:41:34,,0.0,0.0,0,,0.0,0.0,0.0,197
0,[],23,[],2019-01-20 23:31:41,0.0,0,0,6477079,2019-01-20 23:31:41,,0.0,0.0,0,,0.0,0.0,0.0,199
0,[],22,[],2019-02-16 00:41:44,0.0,0,0,6682290,2019-02-16 00:41:44,,5.15195517,0.0,0,,19804684.0,0.0,0.0,199
1,[],26,[],2019-02-16 00:41:44,0.0,0.00000000,0,6682291,2019-02-16 00:41:44,btc,0.0,785533.0,0.00000000,btc,0.0,0.0,0.0,199
0,[],17,[],2019-01-30 16:32:01,0.0,0,0,6540827,2019-01-30 16:32:01,btc,6.802544163788159,0.0,0,btc,105897.55575295,0.0,0.0,200
0,[],2,[],2019-01-20 23:30:49,0.0,0,0,6477059,2019-01-20 23:30:49,,0.0,0.0,0,,0.0,0.0,0.0,201
1,[],4,[],2019-01-25 15:51:35,2084389.58565343,0.00000936,0.000000000333526752,6499557,2019-01-25 15:51:35,btc,2.0092503037378524,0.0,0.00000936,btc,160195.80207885,0.19272417,1.242687955921835,211
1,[],7,[],2019-02-16 00:41:48,5448218.01939755,0.000001349999999999999991849510168340220417348973569460213184356689453125,0.00000000004863753,6682292,2019-02-16 00:41:48,btc,15450816.572313778,86604.2337166,0.000001349999999999999991849510168340220417348973569460213184356689453125,btc,11241900.57239904,0.0,3.822795670769809,212
1,[],12,[],2019-01-25 02:44:32,207462.42853209,0.000001080000000000000035831255497387193287295303889550268650054931640625,0.000000000038610756000000006,6493050,2019-01-25 02:44:32,btc,85023.03793723314,0.0,0.000001080000000000000035831255497387193287295303889550268650054931640625,btc,43675.73520027,0.000146250909087,0.0348620860622024,213
1,[],5,[],2019-02-16 00:41:49,3.02e-06,0.00000028,0.000000000010087784000000001,6682293,2019-02-16 00:41:49,btc,0.96217689,0.11785291,0.00000028,btc,2.899e-05,0.0,0.16757137,213
1,[],24,[],2019-02-16 00:41:50,0.0,0.000000050000,0.00000000000180139,6682294,2019-02-16 00:41:50,btc,0.0,0.0,0.000000050000,btc,0.0,0.0,0.0,213
1,[],26,[],2019-02-16 00:41:50,0.0,0.00000009,0.0000000000032425020000000003,6682295,2019-02-16 00:41:50,btc,0.0,0.0,0.00000009,btc,0.0,0.0,0.0,213
0,[],22,[],2019-02-16 00:41:54,0.0,0,0,6682296,2019-02-16 00:41:54,,2.19098235,0.0,0,,178699.63137942314,0.0,0.0,216
1,[],27,[],2019-02-16 00:42:01,5201657.5615,0.00000004,0.000000000001441112,6682297,2019-02-16 00:42:01,btc,257.4737088006,0.0,0.00000004,"btc,ltc",272841.575,0.0,0.05463726246,216
1,[],22,[],2019-02-16 00:42:09,259275.4204093028,0.00000191,0.00000000006881309800000001,6682298,2019-02-16 00:42:09,BTC,12677.09835548,0.0,0.00000191,BTC,443283.9101516342,0.03368308,0.2683099,217
1,[],7,[],2019-02-16 00:42:11,0.0,0,0,6682299,2019-02-16 00:42:11,btc,77970.05108413911,0.0,0,btc,137041561.1214003,0.0,0.0,219
0,[],27,[],2019-02-16 00:42:16,0.0,0,0,6682300,2019-02-16 00:42:16,,5.341833788316972,6000.0,0,btc,1599140.99226595,6e-05,0.0,219
0.0000000000000053,[],28,[],2019-02-16 00:42:24,168558258.235,2.385e-18,8.592630300000001e-23,6682301,2019-02-16 00:42:24,doge,83962.3748390675,100469.365,0.00045000,"btc,doge",4737338.69631,0.0,1.1576969397929324e-11,219
1,[],22,[],2019-02-16 00:42:33,194617.6,0.00000011,0.000000000003963058,6682302,2019-02-16 00:42:33,BTC,2.99845648,0.0,0.00000011,BTC,94692.47041875875,0.03261937,0.01994196,221
1,[],24,[],2019-02-16 00:42:33,0.0,0.000000210000,0.000000000007565838000000001,6682303,2019-02-16 00:42:33,btc,0.0,0.0,0.000000210000,btc,0.0,0.0,0.0,221
1,[],20,[],2019-02-16 00:42:35,51534578.4223,0.000000003,0.00000000000010808340000000001,6682304,2019-02-16 00:42:35,btc,49.8537454723241,542706.7657,0.000000003,btc,9940161.5413,0.0017781781971,0.0528133674835,224
0,[],22,[],2019-02-16 00:42:53,0.0,0,0,6682305,2019-02-16 00:42:53,,0.0,0.0,0,,0.0,0.0,0.0,224
1,[],26,[],2019-02-16 00:42:54,0.0,0.00000033,0.000000000011889174,6682306,2019-02-16 00:42:54,btc,0.0,0.0,0.00000033,btc,0.0,0.0,0.0,231
1,[],26,[],2019-02-16 00:42:54,0.0,0.00000006,0.000000000002161668,6682307,2019-02-16 00:42:54,btc,0.0,5310.0,0.00000006,btc,0.0,0.0,0.0,234
0,[],27,[],2019-02-16 00:42:59,0.0,0,0,6682308,2019-02-16 00:42:59,,0.0113483662182,0.0,0,"btc,eth",11462.99618,0.0,0.0,234
0,[],22,[],2019-02-16 00:43:10,0.0,0,0,6682309,2019-02-16 00:43:10,,2.86131091,0.0,0,,99375782.06349206,0.0,0.0,235
1,[],4,[],2019-02-16 00:43:11,1115600.08913398,0.00000114,0.000000000041071692,6682310,2019-02-16 00:43:11,btc,0.4561755349704378,0.0,0.00000114,btc,273218.89784829,0.11822069,0.4318747273221452,236
1,[],24,[],2019-02-16 00:43:11,0.0,0.000000020010,0.0000000000007209162780000001,6682311,2019-02-16 00:43:11,btc,0.0,0.0,0.000000020010,btc,0.0,0.0,0.0,236
1,[],20,[],2019-02-16 00:43:13,71292759.4603,0.000000076,0.0000000000027381128000000003,6682312,2019-02-16 00:43:13,btc,14.1565161111814,41189827.4647,0.000000076,btc,25695780.1433,3.1000701208442,0.6887931121648,237
1,[],22,[],2019-02-16 00:43:22,136267.0,0.00000004,0.000000000001441112,6682313,2019-02-16 00:43:22,BTC,0.0405823,0.0,0.00000004,"BTC,LTC",3164.0,0.00151375,0.00541601,237
1,[],4,[],2019-02-16 00:43:23,3836296.08237406,0.00000033,0.000000000011889174,6682314,2019-02-16 00:43:23,btc,0.5375721569016773,0.0,0.00000033,btc,1460723.44817505,0.38805588,1.1504725591397307,238
1,[],5,[],2019-02-16 00:43:25,4.25e-06,0.00000033,0.000000000011889174,6682315,2019-02-16 00:43:25,btc,0.75390931,0.00359348,0.00000033,btc,2.957e-05,0.0,0.26182523,238
0,[],22,[],2019-02-16 00:43:30,0.0,0,0,6682316,2019-02-16 00:43:30,,1951.15978688,0.0,0,,366433.0639027493,0.0,0.0,249
0.0000000001179107,[],22,[],2019-02-16 00:43:38,7025765.666666667,3.537321e-18,1.2744189352380001e-22,6682317,2019-02-16 00:43:38,LTC,0.56670218,0.0,0.00000003,LTC,15147487.09,0.0,0.20977599,252
1,[],28,[],2019-02-16 00:43:44,3649212.286,0.00000009,0.0000000000032425020000000003,6682318,2019-02-16 00:43:44,btc,164693.69098935215,71529.6,0.00000009,btc,1032884.2751,0.0,0.1990666963,256
1,[],22,[],2019-02-16 00:43:51,1069164.0,0.00000002,0.000000000000720556,6682319,2019-02-16 00:43:51,BTC,30.1603989,0.0,0.00000002,BTC,434372.92423192423,0.0004845,0.02081064,258
1,[],22,[],2019-02-16 00:43:57,49651.0,0.00000002,0.000000000000720556,6682320,2019-02-16 00:43:57,BTC,2.629917,0.0,0.00000002,BTC,1762.0,0.0,0.00050551,259
1,[],22,[],2019-02-16 00:44:07,10536.989032258065,0.00001550,0.0000000005584309000000001,6682321,2019-02-16 00:44:07,BTC,1293.00233711,0.0,0.00001550,"BTC,LTC",5085.085507210207,0.00868301,0.01510798,262
1,[],5,[],2019-02-16 00:44:08,1.325e-05,0.00000131,0.000000000047196418,6682322,2019-02-16 00:44:08,btc,0.73511921,0.09830597,0.00000131,btc,0.00030968,0.0,0.23197898,264
1,[],20,[],2019-02-16 00:44:10,1182855.9107,0.000001112,0.000000000040062913600000003,6682323,2019-02-16 00:44:10,btc,4.948232725402,107808.3928,0.000001112,btc,96178.5016,0.317451450019,0.0315673020136,264
1,[],22,[],2019-02-16 00:44:16,73606.5,0.00000002,0.000000000000720556,6682324,2019-02-16 00:44:16,BTC,8.41108046,0.0,0.00000002,BTC,382316.05885485065,0.000435,0.0009745,271
0,[],22,[],2019-02-16 00:44:21,0.0,0,0,6682325,2019-02-16 00:44:21,,388.44178703,0.0,0,,15473097515.9,0.0,0.0,272
0.0000000000000053,[],28,[],2019-02-16 00:44:25,199964221707.024,3.975e-21,1.4321050500000002e-25,6682326,2019-02-16 00:44:25,doge,441350411.0373013,56674373375.229,0.00000075,doge,214367063267.2646,0.0,5.150625192959066e-10,272
1,[],22,[],2019-02-16 00:44:38,11556.0,0.00001750,0.0000000006304865000000001,6682327,2019-02-16 00:44:38,BTC,74.26537211,0.0,0.00001750,"BTC,LTC",4600.47255938519,0.03644781,0.01677932,281
