pairValue,buyBook,exchangeId,sellBook,updated,buyTotal,satoshiPrice,usdPrice,exchangeLogId,created,bestPair,sellTotalBtc,volume,pairPrice,activePairs,sellTotal,volumeBtc,buyTotalBtc,coinId
1,[],3,[],2019-06-04 00:32:50,64.788413866018,0.01069460000000000028663738049772291560657322406768798828125,0.00000084999290502,7733567,2019-06-04 00:32:50,btc,0.2483263683091319,41.3886185165,0.01069460000000000028663738049772291560657322406768798828125,btc,12.596069520017,0.0,0.24727866441031424,1
1,[],4,[],2019-06-04 00:32:51,207660.01979952,0.01071045,0.000000851252642415,7733568,2019-06-04 00:32:51,btc,8.081823331530256,0.0,0.01071045,btc,342.93368495,1.30639307,0.4200116497432215,1
1,[],5,[],2019-06-04 00:32:53,0.0,0,0,7733569,2019-06-04 00:32:53,btc,0.0,0.05130038,0,btc,0.0,0.0,0.0,1
1,[],10,[],2019-06-04 00:32:56,312416.8052403,0.00640575,0.000000509120682525,7733570,2019-06-04 00:32:56,btc,6519.620513794533,1486.69704415,0.00640575,btc,1212.32397902,0.0,2.582543386730051,1
1,[],12,[],2019-06-04 00:32:58,66.25184703,0.01081000000000000016431300764452316798269748687744140625,0.000000859164747,7733571,2019-06-04 00:32:58,btc,0.14971114085520001,0.0,0.01081000000000000016431300764452316798269748687744140625,btc,13.03383825,0.191477533115,0.1945232423739,1
1,[],20,[],2019-06-04 00:33:00,933.8181,0.00920886,0.000000731908221282,7733572,2019-06-04 00:33:00,btc,0.2203262808512,0.3866,0.00920886,btc,17.0635,0.0040172518674,0.0984366028245,1
1,[],21,[],2019-06-04 00:33:01,1900.5974776799999,0.01086740999999999922331905822,0.000000863727619167,7733573,2019-06-04 00:33:01,btc,11.006627342242954,5504.3154151399995,0.01086740999999999922331905821692998870275914669036865234375,"btc,eth",1411.93121009,56.3567947107505,16.959809607435993,1
1,[],22,[],2019-06-04 00:33:05,0.0025666666666666667,0.00900000,0.0000007153083,7733574,2019-06-04 00:33:05,BTC,0.31629903,0.0,0.00900000,BTC,0.2505752479991019,0.0,2.31e-05,1
1,[],24,[],2019-06-04 00:33:06,0.0,0.000000000000,0,7733575,2019-06-04 00:33:06,btc,0.0,0.0,0.000000000000,btc,0.0,0.0,0.0,1
0.0,[],25,[],2019-06-04 00:33:07,0.0,0,0,7733576,2019-06-04 00:33:07,btc,13.506099999424237,2456.68440793,0.0,btc,1222.37100253,27.15,0.0,1
1,[],26,[],2019-06-04 00:33:12,0.0,0,0,7733577,2019-06-04 00:33:12,,0.0,0.0,0,,0.0,0.0,0.0,1
0,[],28,[],2019-06-04 00:33:14,0.0,0,0,7733578,2019-06-04 00:33:14,,0.0,340332.492,0,,0.0,0.0,0.0,1
0,[],2,[],2019-01-20 23:28:45,0.0,0,0,6477011,2019-01-20 23:28:45,,0.0,0.0,0,,0.0,0.0,0.0,1
1,[],5,[],2019-06-04 00:33:16,0.0,0,0,7733579,2019-06-04 00:33:16,btc,0.0,0.00667308,0,btc,0.0,0.0,0.0,2
0,[],22,[],2019-06-04 00:33:18,0.0,0,0,7733580,2019-06-04 00:33:18,,0.0,0.0,0,,0.0,0.0,0.0,2
1,[],5,[],2019-06-03 14:48:58,0.0,0,0,7731126,2019-06-03 14:48:58,btc,0.0,0.05905545,0,btc,0.0,0.0,0.0,3
1,[],12,[],2019-06-03 14:48:59,3468623.70302,0.000000116,0.000000000009823402000000002,7731127,2019-06-03 14:48:59,btc,169531.0336573751,0.0,0.000000116,btc,2361209.62379607,0.041350953071,0.33764769154428,3
0,[],28,[],2019-06-03 14:49:00,0.0,0,0,7731128,2019-06-03 14:49:00,,0.0,0.0,0,,0.0,0.0,0.0,3
0,[],2,[],2019-01-20 23:31:32,0.0,0,0,6477077,2019-01-20 23:31:32,,0.0,0.0,0,,0.0,0.0,0.0,4
1,[],4,[],2019-05-18 21:29:50,562734.9206932,0.00000010,0.000000000007298720000000001,7650946,2019-05-18 21:29:50,btc,41.9347137769675,0.0,0.00000010,btc,1123702.32192634,0.00052462,0.029254593370966,4
0,[],12,[],2019-06-02 05:03:43,0.0,0,0,7724919,2019-06-02 05:03:43,btc,625.901992874995,0.0,0,btc,1211362.4995005,0.0,0.0,5
0,[],2,[],2019-01-20 23:31:51,0.0,0,0,6477087,2019-01-20 23:31:51,,0.0,0.0,0,,0.0,0.0,0.0,6
1,[],11,[],2019-06-04 00:33:20,9443414.276736,0.00000002,0.000000000001589574,7733581,2019-06-04 00:33:20,btc,9582.822012312145,1676233.0,0.00000002,btc,67393503.19260395,0.0,0.13935154276736,6
1,[],3,[],2019-06-04 00:33:22,1463.703408670686,0.00008909000000000000252242671194835565984249114990234375,0.000000007080757383,7733582,2019-06-04 00:33:22,btc,0.979791307924237,362.378178169,0.00008909000000000000252242671194835565984249114990234375,btc,342.191942274997,0.0,0.023851753951562846,7
1,[],4,[],2019-06-04 00:33:23,320300.6008462,0.00008299,0.000000006595937313,7733583,2019-06-04 00:33:23,btc,8.964997864172263,0.0,0.00008299,btc,59056.11498825,1.86513076,1.8194576160483371,7
1,[],5,[],2019-06-04 00:33:24,0.0,0,0,7733584,2019-06-04 00:33:24,btc,0.0,0.2154635,0,btc,0.0,0.0,0.0,7
1,[],20,[],2019-04-07 22:06:50,3201475.0482,0.000000001,0.000000000000051590000000000004,7213932,2019-04-07 22:06:50,btc,30.8005781811902,0.0,0.000000001,btc,23077405.3926,0.0,0.0032014750482,8
0,[],2,[],2019-01-20 23:22:42,0.0,0,0,6476876,2019-01-20 23:22:42,,0.0,0.0,0,,0.0,0.0,0.0,9
0,[],23,[],2019-01-20 23:22:48,0.0,0,0,6476878,2019-01-20 23:22:48,,0.0,0.0,0,,0.0,0.0,0.0,9
1,[],4,[],2019-06-04 00:33:27,2013691.17664525,0.00000047,0.000000000037354989,7733585,2019-06-04 00:33:27,btc,3.1825992698932697,0.0,0.00000047,btc,3094630.57986376,0.54787928,0.329826771026284,9
0,[],28,[],2019-06-04 00:33:39,0.0,0,0,7733586,2019-06-04 00:33:39,,0.0,3148252.0,0,,0.0,0.0,0.0,9
1,[],1,[],2019-02-17 23:31:42,1822507.21,0.00000181000000000000003456111265232042484285557293333113193511962890625,0.000000000066086901,6701244,2019-02-17 23:31:42,btc,3.6990969245,17153386.5,0.00000181000000000000003456111265232042484285557293333113193511962890625,btc,1997391.71,31.11772986,3.2610482446,9
1,[],4,[],2019-02-17 11:22:43,4341674.27126056,0.00000002,0.0000000000007272960000000001,6696112,2019-02-17 11:22:43,btc,0.1997230937751353,0.0,0.00000002,btc,4109766.79808031,0.00215132,0.0479381022052112,10
1,[],4,[],2019-06-04 00:33:41,9585805.77757866,0.00000045,0.000000000035765415,7733587,2019-06-04 00:33:41,btc,4.583402081952109,0.0,0.00000045,btc,3967227.45304909,1.60225178,1.6947165026619315,12
1,[],5,[],2019-06-04 00:33:44,0.0,0,0,7733588,2019-06-04 00:33:44,btc,0.0,0.07606159,0,btc,0.0,0.0,0.0,12
0.0,[],25,[],2019-06-04 00:33:47,0.0,0,0,7733589,2019-06-04 00:33:47,,0.0,0.0,0.0,btc,0.0,0.0,0.0,12
0,[],2,[],2019-01-20 23:23:08,0.0,0,0,6476890,2019-01-20 23:23:08,,0.0,0.0,0,,0.0,0.0,0.0,12
1,[],4,[],2019-06-04 00:33:49,336525.61213902,0.00000560,0.00000000044508072,7733590,2019-06-04 00:33:49,btc,2.003908844268746,0.0,0.00000560,btc,268843.56797957,0.64915554,0.4859929303103826,13
1,[],10,[],2019-06-04 00:33:51,648730.08681352,0.00000514,0.000000000408520518,7733591,2019-06-04 00:33:51,btc,666803.2337691485,27581.7447569,0.00000514,btc,871439.96736321,0.0,0.2163910744833946,13
1,[],21,[],2019-06-04 00:33:53,5028109.2287763,0.000005370000000000000254629217017,0.00000000042680061900000004,7733592,2019-06-04 00:33:53,btc,5.885357515620392,2304435.26179043,0.0000053700000000000002546292170169106583443863200955092906951904296875,btc,967411.2781131,12.92021226,5.052443924557764,13
1,[],4,[],2019-06-04 00:33:55,895632.81547383,0.00000074,0.000000000058814238,7733593,2019-06-04 00:33:55,btc,4.269278249260256,0.0,0.00000074,btc,876283.41564671,0.01116927,0.078729131633556,14
1,[],12,[],2019-06-04 00:33:56,134848.25868548,0.00000073,0.000000000058019451000000003,7733594,2019-06-04 00:33:56,btc,14.140109735963577,0.0,0.00000073,btc,28524.65275591,0.0,0.0152033299999586,14
1,[],26,[],2019-06-04 00:35:56,0.0,0.00000050,0.00000000003973935,7733595,2019-06-04 00:35:56,btc,0.0,0.0,0.00000050,btc,0.0,0.0,0.0,14
0,[],17,[],2019-05-03 00:53:32,0.0,0,0,7558876,2019-05-03 00:53:32,btc,0.0,0.0,0,btc,0.0,0.0,0.0,14
0,[],4,[],2019-06-04 00:35:57,0.0,0,0,7733596,2019-06-04 00:35:57,,0.0,0.0,0,,0.0,0.0,0.0,15
,[],12,[],2018-12-01 15:15:48,204241.84496,0.00000489,0.000000000202473384,5260204,2018-12-01 15:15:48,btc,49.5475654835,0.0,,btc,35763.2193806,0.0163153972027625,0.0203389899998,15
1,[],4,[],2019-06-04 00:35:59,31477.02085535,0.00001088,0.000000000864728256,7733597,2019-06-04 00:35:59,btc,0.9834921111663159,0.0,0.00001088,btc,11888.42638717,0.08880684,0.0528915144353708,18
1,[],10,[],2019-06-04 00:36:01,494821.16109435,0.00001199,0.000000000952949613,7733598,2019-06-04 00:36:01,btc,15.186543179834606,2175.70211539,0.00001199,btc,12581.45096598,0.0,0.156166775706615,18
1,[],12,[],2019-06-04 00:36:03,2834.77538605,0.000011029999999999999426756290554774153633843525312840938568115234375,0.000000000876650061,7733599,2019-06-04 00:36:03,btc,0.4105774895105868,0.0,0.000011029999999999999426756290554774153633843525312840938568115234375,btc,1764.2221867,4.7886985e-05,0.013625039836427301,18
0,[],2,[],2019-01-20 23:23:38,0.0,0,0,6476906,2019-01-20 23:23:38,,0.0,0.0,0,,0.0,0.0,0.0,18
0,[],17,[],2019-05-03 00:53:39,0.0,0,0,7558882,2019-05-03 00:53:39,btc,0.0,0.0,0,btc,0.0,0.0,0.0,18
1,[],3,[],2019-06-04 00:38:04,149821.7554746154,0.0000055799999999999999380768771206628997560983407311141490936279296875,0.000000000443491146,7733600,2019-06-04 00:38:04,btc,0.22305730648077643,5475.36930304,0.0000055799999999999999380768771206628997560983407311141490936279296875,btc,5985.628089442199,0.0,0.050603121233106195,19
1,[],4,[],2019-06-04 00:38:05,518563.16955755,0.00000811,0.000000000644572257,7733601,2019-06-04 00:38:05,btc,4.264444891289243,0.0,0.00000811,btc,180290.05824777,0.21651688,0.4339301682770424,19
1,[],5,[],2019-06-04 00:38:07,0.0,0,0,7733602,2019-06-04 00:38:07,btc,0.0,0.003438,0,btc,0.0,0.0,0.0,19
1,[],12,[],2019-06-04 00:38:08,14357.12805422,0.000007089999999999999880334437818429904609729419462382793426513671875,0.0000000005635039829999999,7733603,2019-06-04 00:38:08,btc,0.0506552673559375,0.0,0.000007089999999999999880334437818429904609729419462382793426513671875,btc,1949.0831785,0.0,0.0211767599996618,19
0,[],27,[],2019-06-04 00:38:17,0.0,0,0,7733604,2019-06-04 00:38:17,,0.0,0.0,0,btc,0.0,0.0,0.0,19
0,[],2,[],2019-01-20 23:24:19,0.0,0,0,6476924,2019-01-20 23:24:19,,0.0,0.0,0,,0.0,0.0,0.0,19
1,[],4,[],2019-06-04 00:38:17,10062076.88478525,0.00000007,0.000000000005563509,7733605,2019-06-04 00:38:17,btc,6.4029639466023385,0.0,0.00000007,btc,2322306.93095912,0.0,0.1174938176872809,20
1,[],4,[],2019-06-04 00:38:18,5370089.584,0.00000001,0.000000000000794787,7733606,2019-06-04 00:38:18,btc,39340.60599387661,0.0,0.00000001,btc,74352064.80359267,0.01715504,0.05370089584,21
1,[],12,[],2019-06-04 00:38:19,1406513.0,0.00000001,0.000000000000794787,7733607,2019-06-04 00:38:19,btc,2566.6482369131268,0.0,0.00000001,btc,5423603.15584414,0.0,0.01406513,21
0,[],17,[],2019-05-03 00:53:51,0.0,0,0,7558891,2019-05-03 00:53:51,btc,0.0,0.0,0,btc,0.0,0.0,0.0,21
1,[],12,[],2019-06-04 00:40:22,5094919288.0,0.0000000003,0.00000000000002384361,7733608,2019-06-04 00:40:22,btc,726731438.9120293,0.0,0.0000000003,btc,3067239992.0587044,0.083461677039,1.1336943206,23
0.0000000003082486,[],27,[],2019-06-04 00:40:31,68924405.97999999,3.082486e-18,2.449919800482e-22,7733609,2019-06-04 00:40:31,eth,1032.100474688657,4326253.0,0.00000001,eth,50378472.1564255,1.3335614304958e-11,2.1245851649166624e-10,23
1,[],4,[],2019-06-04 00:40:33,1840225.59718155,0.00000021,0.000000000016690527,7733610,2019-06-04 00:40:33,btc,10.681744933586348,0.0,0.00000021,btc,1753212.53670386,0.00583328,0.0554712945000042,24
0,[],22,[],2019-06-04 00:40:35,0.0,0,0,7733611,2019-06-04 00:40:35,,0.0,0.0,0,,0.0,0.0,0.0,24
0.0,[],25,[],2019-06-04 00:40:37,0.0,0,0,7733612,2019-06-04 00:40:37,,0.0,0.0,0.0,btc,0.0,0.0,0.0,24
1,[],4,[],2019-06-04 00:40:38,26946369.84535503,0.00000472,0.000000000375139464,7733613,2019-06-04 00:40:38,btc,11.325951808979053,0.0,0.00000472,btc,231936.3478669,0.08894795,0.4985405477877913,26
1,[],10,[],2019-06-04 00:40:40,149909.42514491,0.00000484,0.000000000384676908,7733614,2019-06-04 00:40:40,btc,25.26727509826955,5454.83380152,0.00000484,btc,19535.11762926,0.0,0.0362872607039398,26
0,[],2,[],2019-01-20 23:25:56,0.0,0,0,6476976,2019-01-20 23:25:56,,0.0,0.0,0,,0.0,0.0,0.0,26
1,[],5,[],2019-04-26 09:47:06,0.0,0,0,7465326,2019-04-26 09:47:06,btc,0.0,0.0,0,btc,0.0,0.0,0.0,27
1,[],3,[],2019-06-04 00:40:40,20922133.185043,0.00000001,0.000000000000794787,7733615,2019-06-04 00:40:40,btc,3.758838153430762,3819030.48668,0.00000001,btc,26010749.57033498,0.0,0.20922133185043001,27
1,[],11,[],2019-06-04 00:40:42,2071589.08157834,0.00000002,0.000000000001589574,7733616,2019-06-04 00:40:42,btc,67503.04527066177,19676.5543251,0.00000002,btc,6588861.32608848,0.0,0.0211134458157834,27
1,[],4,[],2019-06-04 00:40:43,1195053740.1353724,0.00000001,0.000000000000794787,7733617,2019-06-04 00:40:43,btc,5.174540896528815,0.0,0.00000001,"btc,ltc",332283688.3489387,0.00700483,8.616963267673198,29
1,[],7,[],2019-06-04 00:40:45,90452021.33155985,0.00000001,0.000000000000794787,7733618,2019-06-04 00:40:45,btc,46548272.198574685,0.0,0.00000001,btc,37056219.60802258,0.0,0.9045202133155985,29
1,[],4,[],2019-06-04 00:40:46,15336691.35084882,0.00000007,0.000000000005563509,7733619,2019-06-04 00:40:46,btc,2.558318202608009,0.0,0.00000007,btc,2022547.84448455,0.0004569,0.1743882352694362,30
0,[],17,[],2019-05-03 01:11:25,0.0,0,0,7559066,2019-05-03 01:11:25,btc,0.0,0.0,0,btc,0.0,0.0,0.0,30
1,[],4,[],2019-06-04 00:42:47,109090.76018282,0.00004367,0.000000003470834829,7733620,2019-06-04 00:42:47,btc,3.142033564077155,0.0,0.00004367,btc,43079.15290357,0.45570612,0.5443308300017174,31
1,[],21,[],2019-06-04 00:42:48,174195.43017818,0.00004432999999999999739047282232,0.000000003523290771,7733621,2019-06-04 00:42:48,btc,5.667294735439311,141066.40549337,0.0000443299999999999973904728223228488559470861218869686126708984375,btc,114368.05283049,6.33064407,6.488377730896578,31
0,[],2,[],2019-01-20 23:28:43,0.0,0,0,6477009,2019-01-20 23:28:43,,0.0,0.0,0,,0.0,0.0,0.0,32
0,[],4,[],2019-06-04 00:42:49,0.0,0,0,7733622,2019-06-04 00:42:49,,0.0,0.0,0,,0.0,0.0,0.0,33
1,[],12,[],2019-03-30 07:55:10,40641173.964,0.00000003,0.000000000001228359,7108785,2019-03-30 07:55:10,btc,4233210.82356125,0.0,0.00000003,btc,28378394.68333462,0.0126927883965248,0.90752895892,33
0.000000000130999,[],4,[],2019-06-04 00:42:50,462382220.98893964,4.0609689999999996e-17,3.2276053686029998e-21,7733623,2019-06-04 00:42:50,ltc,3.9003706303935686,0.0,0.00000031,ltc,159113423.17289543,0.0,1.726715487544097e-09,34
1,[],5,[],2019-06-04 00:42:53,0.0,0,0,7733624,2019-06-04 00:42:53,btc,0.0,0.0,0,btc,0.0,0.0,0.0,34
0.0000000002926451,[],17,[],2019-05-02 18:17:47,200000.0,2.9264510000000002e-18,1.596703856561e-22,7556430,2019-05-02 18:17:47,eth,0.20942468735267253,0.0,0.00000001,"btc,eth",1018272.20243647,0.0,5.852902e-13,36
0.0000000001311821,[],4,[],2019-05-31 13:28:19,2417517744.0607657,1.311821e-18,1.105058333085e-22,7717483,2019-05-31 13:28:19,ltc,5.019900492391546e-08,0.0,0.00000001,ltc,7102398142.262129,0.0,3.171350544531538e-09,36
1,[],5,[],2019-05-31 13:28:21,0.0,0,0,7717484,2019-05-31 13:28:21,btc,0.0,0.0,0,btc,0.0,0.0,0.0,36
0.0000000003108179,[],27,[],2019-05-31 13:30:34,10388811.226876,6.216358000000001e-18,5.236566733830001e-22,7717485,2019-05-31 13:30:34,eth,1569.8708019850988,761866.634299,0.00000002,"ltc,eth",5084024.2511555,4.736034912207001e-12,3.3251980286483705e-11,36
1,[],4,[],2019-06-04 00:46:35,9993394.5703031,0.00000017,0.000000000013563348,7733627,2019-06-04 00:46:35,btc,19772.481760330178,0.0,0.00000017,btc,735811.99350511,0.00072124,0.130811432561371,37
1,[],12,[],2019-06-04 00:46:37,3705231.387,0.0000002,0.000000000015956879999999998,7733628,2019-06-04 00:46:37,btc,9.363597793064958,0.0,0.0000002,btc,1000637.17663176,0.028090852755,0.1736003474,37
1,[],27,[],2019-06-04 00:48:43,11126.0,0.00000018,0.000000000014361192,7733629,2019-06-04 00:48:43,btc,22.62970013895233,0.0,0.00000018,btc,4298.824295,0.0,0.00165394,37
1,[],17,[],2019-05-03 01:11:36,211752.74075282,0.00000025,0.000000000013700074999999998,7559074,2019-05-03 01:11:36,btc,0.055484923955058496,0.0,0.00000025,"btc,eth",1387.19918473,0.0,0.0005381851887916605,37
1,[],5,[],2019-06-04 00:48:48,0.0,0,0,7733630,2019-06-04 00:48:48,btc,0.0,0.00036371,0,btc,0.0,0.0,0.0,42
1,[],12,[],2019-06-04 00:48:48,129808.30003211,0.0000010600000000000000155604695795119596368749625980854034423828125,0.000000000084571464,7733631,2019-06-04 00:48:48,btc,24.813234632528353,0.0,0.0000010600000000000000155604695795119596368749625980854034423828125,btc,76703.86782994,0.02375735826,0.0450750768898306,42
1,[],27,[],2019-06-04 00:48:59,506.0,0.00000002,0.0000000000015956879999999999,7733632,2019-06-04 00:48:59,btc,0.07600425,0.0,0.00000002,"btc,eth",18.0,0.0,6.000000324731215e-06,42
1,[],12,[],2019-03-13 09:13:29,1112112.0,0.00000001,0.000000000000386531,6919902,2019-03-13 09:13:29,btc,29058.00478931866,0.0,0.00000001,btc,5967681.93306694,9.99000999e-07,0.01112112,43
1,[],5,[],2019-04-26 22:38:52,0.0,0,0,7474154,2019-04-26 22:38:52,btc,0.0,0.02638891,0,btc,0.0,0.0,0.0,43
0,[],17,[],2019-04-26 22:38:53,0.0,0,0,7474155,2019-04-26 22:38:53,btc,0.0,0.0,0,btc,0.0,0.0,0.0,43
1,[],12,[],2019-03-05 01:54:08,639326.02,0.00000004,0.000000000001486676,6845775,2019-03-05 01:54:08,btc,11116042.728239931,0.0,0.00000004,btc,1103841.4595604,0.0003330765234764,0.014975410599999999,44
1,[],4,[],2019-06-04 00:49:02,104504582.33826558,0.00000001,0.0000000000007978439999999999,7733633,2019-06-04 00:49:02,btc,2660396.6086589596,0.0,0.00000001,"btc,ltc",28383274.40296117,0.00246536,0.028021209491999755,49
0.00000000013156920000000002,[],4,[],2019-06-04 00:49:03,137709428.05258885,3.5523684000000003e-17,2.8342358137296e-21,7733634,2019-06-04 00:49:03,ltc,194920.2371820288,0.0,0.00000027,ltc,196655600.97855875,0.0,1.5104905614489955e-09,52
0,[],22,[],2019-06-04 00:49:06,0.0,0,0,7733635,2019-06-04 00:49:06,,10289.52569349,0.0,0,,305146396.4566013,0.0,0.0,57
1,[],27,[],2019-06-04 00:49:15,2297.0,0.0000003,0.00000000002393532,7733636,2019-06-04 00:49:15,btc,0.0,0.0,0.0000003,"btc,eth",0.0,0.0,0.0003891,57
0.00000000013156920000000002,[],4,[],2019-06-04 00:49:17,3431140170.5721416,1.3156920000000001e-18,1.0497169680480001e-22,7733637,2019-06-04 00:49:17,ltc,19.341013485133793,0.0,0.00000001,ltc,5806992378.741686,0.0,4.514323673300402e-09,58
1,[],12,[],2019-06-04 00:49:17,697372326.0,0.0000000001,0.00000000000000797844,7733638,2019-06-04 00:49:17,btc,2300285.8706387132,0.0,0.0000000001,btc,3523328557.047909,0.002048918562,0.0697372326,58
0.00000000010887090000000001,[],22,[],2019-06-04 00:51:20,126877.0,1.088709e-18,8.68619943396e-23,7733639,2019-06-04 00:51:20,XMR,68.17454206,0.0,0.00000001,XMR,9626402.6,0.0,0.00126877,58
1,[],17,[],2019-05-03 01:12:09,1200000.0,0.0000000001,0.00000000000000548003,7559085,2019-05-03 01:12:09,btc,1e+24,0.0,0.0000000001,"btc,eth",39516342.31952568,0.0,0.00010000000058666061,58
1,[],5,[],2019-06-04 00:51:22,0.0,0,0,7733640,2019-06-04 00:51:22,btc,0.0,0.0,0,btc,0.0,0.0,0.0,61
1,[],22,[],2019-06-04 00:51:28,13613.833333333334,0.00000012,0.000000000009574127999999999,7733641,2019-06-04 00:51:28,BTC,1002.29123003,0.0,0.00000012,BTC,15014.200177125656,0.0,0.00153269,61
1,[],26,[],2019-06-04 00:51:34,0.0,0.00000050,0.0000000000398922,7733642,2019-06-04 00:51:34,btc,0.0,0.0,0.00000050,btc,0.0,0.0,0.0,61
1,[],27,[],2019-06-04 00:51:49,8450.0,0.0000002,0.00000000001595688,7733643,2019-06-04 00:51:49,btc,1.9582485601246655,0.0,0.0000002,"btc,eth",11379.41563696,0.0,0.001522,61
0,[],28,[],2019-06-04 00:52:51,0.0,0,0,7733644,2019-06-04 00:52:51,,0.0,499.0,0,,0.0,0.0,0.0,61
1,[],4,[],2019-06-04 00:52:52,878778.43130569,0.00000076,0.000000000060636144,7733645,2019-06-04 00:52:52,btc,3.0689443261466782,0.0,0.00000076,btc,930684.10317721,0.13941093,0.4568017601886358,67
0.0,[],25,[],2019-06-04 00:52:55,0.0,0,0,7733646,2019-06-04 00:52:55,,0.0,0.0,0.0,btc,0.0,0.0,0.0,67
1,[],12,[],2019-06-02 06:23:14,910048.355,0.00000006,0.000000000005154929999999999,7725270,2019-06-02 06:23:14,btc,5.167005424215783,0.0,0.00000006,btc,738530.60239759,0.003159757462,0.0187188113,71
,[],5,[],2018-11-20 23:02:39,1.5e-07,0.00000005,0.000000000002128045,4862160,2018-11-20 23:02:39,btc,2.84511358,0.0,,btc,0.00036572,0.0,0.07381892,74
1,[],5,[],2019-06-04 00:52:56,0.0,0,0,7733647,2019-06-04 00:52:56,btc,0.0,0.18718214,0,btc,0.0,0.0,0.0,75
0,[],4,[],2019-05-25 21:33:44,0.0,0,0,7686249,2019-05-25 21:33:44,,133656.37989170782,0.0,0,,33439209.5909442,0.0,0.0,81
0,[],20,[],2019-01-25 09:30:31,0.0,0,0,6495923,2019-01-25 09:30:31,btc,0.0,0.0,0,btc,0.0,0.0,0.0,81
1,[],4,[],2019-06-04 00:52:57,69768.91065079,0.00011524,0.000000009194354256,7733648,2019-06-04 00:52:57,btc,55.786408398951835,0.0,0.00011524,btc,123195.60782959,0.76610291,0.7401520152877066,82
1,[],21,[],2019-06-04 00:52:58,101340.84519939,0.0001161800000000000023447563335,0.000000009269351592,7733649,2019-06-04 00:52:58,btc,13.961261577554032,28966.65172893,0.000116180000000000002344756333538811077232821844518184661865234375,btc,88095.30615918,3.38511519,8.683697538235949,82
0,[],17,[],2019-03-25 22:42:34,0.0,0,0,7038780,2019-03-25 22:42:34,btc,0.0445064681804024,0.0,0,btc,995513.18476001,0.0,0.0,84
0.0000000001161485,[],4,[],2019-05-20 13:09:39,216715621.0206096,1.161485e-18,9.0533806701e-23,7657228,2019-05-20 13:09:39,ltc,1.6511566870244727,0.0,0.00000001,ltc,471032407.9048656,0.0,2.5171194308112273e-10,85
,[],22,[],2018-11-20 23:09:34,3408.1,0.0000001,0.0000000000041895,4862324,2018-11-20 23:09:34,BTC,0.04624735,0.0,,BTC,4990.0,0.0,0.00033081,86
1,[],22,[],2019-06-04 00:53:01,138656.0,0.00000002,0.0000000000015956879999999999,7733650,2019-06-04 00:53:01,BTC,1.51226866,0.0,0.00000002,BTC,332360.29736842104,0.0016845,0.00214656,87
1,[],27,[],2019-06-04 00:53:09,464461.0,0.00000019,0.000000000015159036,7733651,2019-06-04 00:53:09,btc,5.077876318036,44464.0,0.00000019,btc,83050.67341,0.00844816,0.02335699,87
,[],2,[],2018-11-20 23:10:47,0.0,0,0,4862359,2018-11-20 23:10:47,,0.0,0.0,,,0.0,0.0,0.0,88
1,[],11,[],2019-06-04 00:53:12,254262.60347759,0.000078659999999999995656981000013985294572194106876850128173828125,0.000000006275840904,7733652,2019-06-04 00:53:12,btc,166.86143051608238,11031.60714,0.000078659999999999995656981000013985294572194106876850128173828125,btc,196664.41163615,0.0,3.9434762900897775,89
0,[],2,[],2019-01-20 23:31:45,0.0,0,0,6477083,2019-01-20 23:31:45,,0.0,0.0,0,,0.0,0.0,0.0,91
1,[],12,[],2019-06-04 00:53:13,400622.95310571,0.00000034,0.000000000027126695999999997,7733653,2019-06-04 00:53:13,btc,88.58278521296084,0.0,0.00000034,btc,160914.18025974,0.001346684694,0.0252833844999913,91
1,[],22,[],2019-06-04 00:55:18,75910.55,0.0000002,0.00000000001595688,7733654,2019-06-04 00:55:18,BTC,0.497,0.0,0.0000002,"BTC,LTC",6.95,0.0,0.00165931,91
0,[],17,[],2019-05-03 01:12:26,0.0,0,0,7559096,2019-05-03 01:12:26,btc,0.0,0.0,0,btc,0.0,0.0,0.0,91
1,[],22,[],2019-04-09 20:17:52,374949.73333333334,0.00000015,0.000000000007771935,7235704,2019-04-09 20:17:52,BTC,6.87372503,0.0,0.00000015,"BTC,LTC",159980.01196797504,1.1e-05,0.80510266,95
0.00000000013156920000000002,[],4,[],2019-06-04 00:55:19,542468209.5035086,2.7629532000000002e-17,2.2044056329008e-21,7733655,2019-06-04 00:55:19,ltc,11.303277989274044,0.0,0.00000021,ltc,153178728.10345778,0.0,8.533578352480132e-10,96
0,[],12,[],2019-06-04 00:55:21,0.0,0,0,7733656,2019-06-04 00:55:21,btc,22.33351984046953,0.0,0,btc,9676398.04695305,0.0,0.0,96
0,[],17,[],2019-05-03 01:12:32,0.0,0,0,7559100,2019-05-03 01:12:32,btc,0.0,0.0,0,btc,0.0,0.0,0.0,96
1,[],4,[],2019-04-14 03:32:46,1039404.33283278,0.00000038,0.000000000019245518,7293458,2019-04-14 03:32:46,btc,4.170086055365747,0.0,0.00000038,btc,3097704.34561074,0.06260606,0.1859928211030784,99
0,[],2,[],2019-01-20 23:23:55,0.0,0,0,6476914,2019-01-20 23:23:55,,0.0,0.0,0,,0.0,0.0,0.0,100
1,[],4,[],2019-06-04 00:57:25,268769.92807657,0.00001937,0.000000001545423828,7733657,2019-06-04 00:57:25,btc,7.6675236367428194,0.0,0.00001937,btc,149833.57681489,0.77614093,0.9584388458163279,100
1,[],22,[],2019-06-04 00:57:29,150000.0,0.00000002,0.0000000000015956879999999999,7733658,2019-06-04 00:57:29,BTC,24.83526409,0.0,0.00000002,BTC,11187.719,0.0,0.0017,101
1,[],4,[],2019-06-04 00:57:30,511371.82001533,0.00000151,0.000000000120474444,7733659,2019-06-04 00:57:30,btc,549.7985613419917,0.0,0.00000151,btc,661020.10441221,0.0341458,0.1506236508339007,103
1,[],12,[],2019-06-04 00:57:32,177843816.0,0.000000003,0.0000000000002393532,7733660,2019-06-04 00:57:32,btc,2446.9221007116807,0.0,0.000000003,btc,70931372.4172859,0.001290939281,0.238100542,105
1,[],27,[],2019-06-04 00:57:38,61112.0,0.00000001,0.0000000000007978439999999999,7733661,2019-06-04 00:57:38,btc,0.398447318,0.0,0.00000001,btc,1923466.8,0.0,0.00061112,105
1,[],22,[],2019-04-21 00:17:26,21333.0,0.00000001,0.000000000000532493,7385819,2019-04-21 00:17:26,BTC,51.38182867,0.0,0.00000001,BTC,470435.0,0.0,0.00021333,107
1,[],26,[],2019-04-21 00:17:26,0.0,0.00000000,0,7385820,2019-04-21 00:17:26,btc,0.0,0.0,0.00000000,btc,0.0,0.0,0.0,107
1,[],5,[],2019-06-04 00:57:39,0.0,0,0,7733662,2019-06-04 00:57:39,btc,0.0,0.0,0,btc,0.0,0.0,0.0,112
0,[],22,[],2019-06-04 00:57:41,0.0,0,0,7733663,2019-06-04 00:57:41,,6.79500102,0.0,0,,3375892.0833333335,0.0,0.0,112
1,[],27,[],2019-06-04 00:57:49,1.0,0.00000001,0.0000000000007978439999999999,7733664,2019-06-04 00:57:49,btc,1.15032588,0.0,0.00000001,"btc,eth",1818.0,0.0,1e-08,112
1,[],4,[],2019-06-04 00:57:50,236266.32668176,0.00000085,0.00000000006781674,7733665,2019-06-04 00:57:50,btc,5.7705671449447475,0.0,0.00000085,btc,631931.99664589,0.04128765,0.1386800831432443,113
1,[],5,[],2019-06-04 00:57:51,0.0,0,0,7733666,2019-06-04 00:57:51,btc,0.0,0.0,0,btc,0.0,0.0,0.0,113
1,[],17,[],2019-04-26 02:17:47,162738.278,0.00000004,0.0000000000021069000000000002,7461287,2019-04-26 02:17:47,btc,1.3331140273775473,0.0,0.00000004,btc,51796.221,0.0,0.00230953112,116
1,[],27,[],2019-05-22 05:13:01,210000.0,0.00000001,0.00000000000079145,7666372,2019-05-22 05:13:01,btc,3919.0005001478,0.0,0.00000001,btc,128660.871,0.0,0.0021,116
1,[],4,[],2019-05-21 22:31:11,138169.03963019,0.00000701,0.000000000558364025,7664793,2019-05-21 22:31:11,btc,150.95388250938234,0.0,0.00000701,btc,344631.17141974,0.07552974,0.4288357684941946,120
1,[],7,[],2019-05-21 22:31:12,3901.07750076,0.000010679999999999999389654892212320191902108490467071533203125,0.0000000008506887,7664794,2019-05-21 22:31:12,btc,231188.94669936574,0.0,0.000010679999999999999389654892212320191902108490467071533203125,btc,4133.83151364,0.0,0.0113888422364489,120
1,[],20,[],2019-04-07 18:42:29,1914137.0852,0.000000035,0.0000000000017871910000000002,7211992,2019-04-07 18:42:29,btc,32.2497668025648,25528.85,0.000000035,btc,1001975.4986,0.00089350975,0.0152723574729,125
1,[],22,[],2019-06-04 00:57:54,10000.0,0.00000001,0.0000000000007978439999999999,7733667,2019-06-04 00:57:54,BTC,0.032061,0.0,0.00000001,BTC,299316.7611111111,0.0,0.0001,126
1,[],4,[],2019-06-04 00:57:56,134394.78436927,0.00000635,0.00000000050663094,7733668,2019-06-04 00:57:56,btc,3.557922915892132,0.0,0.00000635,btc,185305.88186502,0.23997487,0.3075113658407067,131
0,[],2,[],2019-01-20 23:25:46,0.0,0,0,6476969,2019-01-20 23:25:46,,0.0,0.0,0,,0.0,0.0,0.0,131
1,[],17,[],2019-05-03 01:13:10,10000.0,0.00000001,0.000000000000548003,7559115,2019-05-03 01:13:10,btc,0.0953976503951408,0.0,0.00000001,btc,5037.62507334,0.0,0.0001,131
1,[],4,[],2019-06-01 22:22:37,4877.33287432,0.00010000,0.000000008588780000000001,7724055,2019-06-01 22:22:37,btc,5.03221070889025,0.0,0.00010000,btc,202.13055914,0.0,0.0067319517514342,135
1,[],3,[],2019-06-04 00:59:57,500091.0,0.00000001,0.0000000000007978439999999999,7733669,2019-06-04 00:59:57,btc,0.2354023039523199,1696749.79937,0.00000001,btc,1848982.9576359,0.0,0.00500091,136
1,[],4,[],2019-06-04 00:59:57,2147772.67002829,0.00000182,0.000000000145207608,7733670,2019-06-04 00:59:57,btc,109.68159078711832,0.0,0.00000182,btc,538927.08092499,0.02814425,0.4651393835485983,137
1,[],12,[],2019-06-04 00:59:58,88737.55352439,0.000001839999999999999959088173122345732934945772285573184490203857421875,0.000000000146803296,7733671,2019-06-04 00:59:58,btc,57.789101615925276,0.0,0.000001839999999999999959088173122345732934945772285573184490203857421875,btc,50782.49064291,7.273e-05,0.0183717899999021,137
1,[],4,[],2019-06-04 01:00:00,131463.19251352,0.00001723,0.000000001374685212,7733672,2019-06-04 01:00:00,btc,5.537102708468089,0.0,0.00001723,btc,135626.73473163,0.37295326,1.3079770343557209,142
1,[],5,[],2019-06-04 01:00:01,0.0,0,0,7733673,2019-06-04 01:00:01,btc,0.0,0.01101056,0,btc,0.0,0.0,0.0,142
1,[],20,[],2019-06-04 01:02:03,215030.4705,0.000015001,0.0000000011968457844,7733674,2019-06-04 01:02:03,btc,1.6056366377215,0.77,0.000015001,btc,9745.8517,1.155077e-05,0.0192257038593,142
1,[],22,[],2019-06-04 01:02:06,10928.645,0.00001000,0.0000000007978439999999999,7733675,2019-06-04 01:02:06,BTC,3.00455459,0.0,0.00001000,BTC,1114.1498755539799,0.0,0.00725365,142
0.0,[],25,[],2019-06-04 01:02:08,0.0,0,0,7733676,2019-06-04 01:02:08,,0.0,0.0,0.0,btc,0.0,0.0,0.0,142
0,[],28,[],2019-06-04 01:03:06,0.0,0,0,7733677,2019-06-04 01:03:06,,0.0,0.0,0,,0.0,0.0,0.0,142
1,[],17,[],2019-05-03 01:13:16,32967.38636364,0.00000088,0.000000000048224264,7559122,2019-05-03 01:13:16,btc,20.06976206696776,0.0,0.00000088,btc,2746.079105,0.0,0.0105613000000032,142
0,[],22,[],2019-06-04 01:03:11,0.0,0,0,7733678,2019-06-04 01:03:11,,64.98620993,0.0,0,,787027072.3,0.0,0.0,143
0,[],22,[],2019-02-25 15:42:22,0.0,0,0,6783783,2019-02-25 15:42:22,,4.2131946,0.0,0,,2322156.0,0.0,0.0,146
,[],22,[],2018-11-20 23:01:11,0.0,0,0,4862114,2018-11-20 23:01:11,,2.56807021,0.0,,,61828.4988236,0.0,0.0,147
1,[],12,[],2019-04-21 06:38:04,193091.5971266,0.00000071,0.000000000037635183,7388679,2019-04-21 06:38:04,btc,2.301232411611175,0.0,0.00000071,btc,9957.48302385,0.00023528,0.0313308199999888,148
1,[],4,[],2019-03-19 21:31:25,255810.0415942,0.00000029,0.000000000011615747,6982695,2019-03-19 21:31:25,btc,218.94922712414143,0.0,0.00000029,btc,793529.37642722,0.00117,0.0608347789473395,152
0,[],22,[],2019-03-19 21:31:27,0.0,0,0,6982696,2019-03-19 21:31:27,,0.0,0.0,0,,0.0,0.0,0.0,152
1,[],5,[],2019-04-26 09:36:59,0.0,0,0,7465040,2019-04-26 09:36:59,btc,0.0,0.0,0,btc,0.0,0.0,0.0,153
,[],16,[],2019-01-11 15:38:59,0.0,0,0,6366141,2019-01-11 15:38:59,btc,0.0,0.0,,btc,0.0,0.0,0.0,155
0,[],23,[],2019-01-20 23:24:29,0.0,0,0,6476932,2019-01-20 23:24:29,,0.0,0.0,0,,0.0,0.0,0.0,156
0,[],22,[],2019-06-04 01:03:14,0.0,0,0,7733679,2019-06-04 01:03:14,,7.43375324,0.0,0,,5955762.942592593,0.0,0.0,156
1,[],22,[],2019-06-04 01:03:17,6996.0,0.00000001,0.0000000000007978439999999999,7733680,2019-06-04 01:03:17,BTC,1.7543039,0.0,0.00000001,BTC,57.0,0.0,6.996e-05,157
0,[],22,[],2019-05-21 23:40:32,0.0,0,0,7665049,2019-05-21 23:40:32,,50234.60468402,0.0,0,,54786159.03179465,0.0,0.0,158
,[],17,[],2018-11-20 22:56:10,0.0,0,0,4861976,2018-11-20 22:56:10,btc,1.1265625,0.0,,btc,1000.0,0.0,0.0,159
,[],20,[],2018-11-20 22:56:12,0.0,0,0,4861977,2018-11-20 22:56:12,btc,11912.7940471,0.0,,btc,34413894.3617,0.0,0.0,159
1,[],12,[],2019-05-24 02:51:20,9178.522006449999,0.00000191999999999999982841307998027158276954651228152215480804443359375,0.000000000151222656,7676256,2019-05-24 02:51:20,btc,149.80414728631675,0.0,0.00000191999999999999982841307998027158276954651228152215480804443359375,btc,1115.7451448499999,0.01783167678326,0.0120075778999181,168
1,[],17,[],2019-05-03 01:13:36,42852.0,0.00000002,0.000000000001096006,7559132,2019-05-03 01:13:36,btc,0.04279856251542,0.0,0.00000002,btc,274.46171372,0.0,0.00052852,168
1,[],22,[],2019-05-17 03:01:52,10.0,0.00000001,0.000000000000778341,7642059,2019-05-17 03:01:52,BTC,41.95893009,0.0,0.00000001,BTC,1753972.7737547632,0.0,1e-07,169
1,[],22,[],2019-05-30 08:38:18,202834.0,0.00000002,0.0000000000017416160000000001,7711049,2019-05-30 08:38:18,BTC,27.87002826,0.0,0.00000002,BTC,462189.5410507793,0.0,0.00211768,171
1,[],22,[],2019-05-29 08:05:18,349870.0,0.00000002,0.000000000001705894,7705265,2019-05-29 08:05:18,BTC,24.05907723,0.0,0.00000002,"BTC,LTC",1224285.4355616204,0.0,0.0039847,173
1,[],5,[],2019-06-04 01:03:20,0.0,0,0,7733681,2019-06-04 01:03:20,btc,0.0,0.05090875,0,btc,0.0,0.0,0.0,175
1,[],22,[],2019-06-04 01:03:25,90671.0,0.00000001,0.0000000000007978439999999999,7733682,2019-06-04 01:03:25,BTC,394.35459412,0.0,0.00000001,BTC,136275.61833431243,0.0,0.00090671,176
1,[],7,[],2019-06-04 01:03:28,0.0,0,0,7733683,2019-06-04 01:03:28,btc,522272.518248941,10575.4245754,0,btc,21305676.84864055,0.00010575,0.0,178
0,[],22,[],2019-06-04 01:03:30,0.0,0,0,7733684,2019-06-04 01:03:30,,1.00242428,0.0,0,,57512.0,0.0,0.0,178
0,[],2,[],2019-01-20 23:28:34,0.0,0,0,6477001,2019-01-20 23:28:34,,0.0,0.0,0,,0.0,0.0,0.0,178
0,[],23,[],2019-01-20 23:25:08,0.0,0,0,6476952,2019-01-20 23:25:08,,0.0,0.0,0,,0.0,0.0,0.0,179
1,[],5,[],2019-06-04 01:03:33,0.0,0,0,7733685,2019-06-04 01:03:33,btc,0.0,0.02756538,0,btc,0.0,0.0,0.0,179
0,[],22,[],2019-06-04 01:03:36,0.0,0,0,7733686,2019-06-04 01:03:36,,5.3132485,0.0,0,,13258002.811946675,0.0,0.0,179
1,[],22,[],2019-06-04 01:05:40,680834.9900552204,0.00000106,0.000000000084571464,7733687,2019-06-04 01:05:40,BTC,39.19362193,0.0,0.00000106,"BTC,LTC",148325.5346287728,0.00276816,0.58022937,180
1,[],26,[],2019-06-04 01:05:40,0.0,0.00000010,0.00000000000797844,7733688,2019-06-04 01:05:40,btc,0.0,0.0,0.00000010,btc,0.0,0.0,0.0,180
1,[],17,[],2019-05-03 01:13:56,20504.725000000002,0.0000001,0.00000000000548003,7559141,2019-05-03 01:13:56,btc,5.2010695838400265,0.0,0.0000001,btc,5033.45945,0.0,0.0011504725,180
,[],7,[],2018-11-20 22:58:01,562227.975654,0.00000085,0.000000000036176765,4862015,2018-11-20 22:58:01,btc,21836.6059674,2491.87645172,,btc,749999.041456,0.00211021,0.127565380455,183
,[],5,[],2019-01-10 08:11:41,0.0,0,0,6347036,2019-01-10 08:11:41,btc,82.15055501,0.00261,,btc,1.19002445,0.0,0.0,187
,[],17,[],2018-11-16 20:58:10,4062536.27273,0.00000001,0.000000000000550501,4708775,2018-11-16 20:58:10,btc,3.36492563466,0.195460381006,,"btc,eth",110697919.549,0.0,0.0157628953496,187
1,[],24,[],2019-05-22 21:04:52,0.0,0.000000000014,0.0000000000000010960978,7670219,2019-05-22 21:04:52,btc,0.0,0.0,0.000000000014,btc,0.0,0.0,0.0,187
0,[],22,[],2019-04-25 02:54:07,0.0,0,0,7447896,2019-04-25 02:54:07,,7.54794454,0.0,0,,76361.7243344055,0.0,0.0,191
0,[],22,[],2019-06-04 01:05:45,0.0,0,0,7733689,2019-06-04 01:05:45,,0.0,0.0,0,,0.0,0.0,0.0,197
0,[],23,[],2019-01-20 23:31:41,0.0,0,0,6477079,2019-01-20 23:31:41,,0.0,0.0,0,,0.0,0.0,0.0,199
0,[],22,[],2019-06-04 01:05:47,0.0,0,0,7733690,2019-06-04 01:05:47,,10.80766794,0.0,0,,95910482.0,0.0,0.0,199
1,[],26,[],2019-06-04 01:05:47,0.0,0.00000000,0,7733691,2019-06-04 01:05:47,btc,0.0,0.0,0.00000000,btc,0.0,0.0,0.0,199
0,[],2,[],2019-01-20 23:30:49,0.0,0,0,6477059,2019-01-20 23:30:49,,0.0,0.0,0,,0.0,0.0,0.0,201
1,[],4,[],2019-01-25 15:51:35,2084389.58565343,0.00000936,0.000000000333526752,6499557,2019-01-25 15:51:35,btc,2.0092503037378524,0.0,0.00000936,btc,160195.80207885,0.19272417,1.242687955921835,211
1,[],7,[],2019-06-04 01:05:50,1170169393.7242348,0.00000018,0.000000000014361192,7733692,2019-06-04 01:05:50,btc,15201832.875541028,0.0,0.00000018,btc,6666446.4161087,0.0,11.967950945464535,212
1,[],12,[],2019-01-25 02:44:32,207462.42853209,0.000001080000000000000035831255497387193287295303889550268650054931640625,0.000000000038610756000000006,6493050,2019-01-25 02:44:32,btc,85023.03793723314,0.0,0.000001080000000000000035831255497387193287295303889550268650054931640625,btc,43675.73520027,0.000146250909087,0.0348620860622024,213
1,[],5,[],2019-05-30 00:07:46,0.0,0,0,7709357,2019-05-30 00:07:46,btc,0.0,0.06425239,0,btc,0.0,0.0,0.0,213
1,[],24,[],2019-05-30 00:07:46,0.0,0.000000399202,0.0000000000344859829346,7709358,2019-05-30 00:07:46,btc,0.0,0.0,0.000000399202,btc,0.0,0.0,0.0,213
1,[],26,[],2019-05-30 00:07:47,0.0,0.00000040,0.000000000034554919999999996,7709359,2019-05-30 00:07:47,btc,0.0,0.0,0.00000040,btc,0.0,0.0,0.0,213
0,[],22,[],2019-06-04 00:01:59,0.0,0,0,7733545,2019-06-04 00:01:59,,9.61445386,0.0,0,,3661587.094064925,0.0,0.0,216
0.0000000001301957,[],27,[],2019-06-04 00:02:17,1000.0,1.3019569999999999e-18,1.072561290299e-22,7733546,2019-06-04 00:02:17,ltc,88.86567152917752,183.0,0.00000001,"btc,ltc",391976.407688,1.83e-06,1.301957e-15,216
1,[],22,[],2019-06-04 01:05:53,728252.4827586206,0.0000003,0.00000000002393532,7733693,2019-06-04 01:05:53,BTC,12056.47583867,0.0,0.0000003,BTC,521307.5533695675,0.00080546,0.05650523,217
1,[],7,[],2019-06-04 01:05:54,0.0,0,0,7733694,2019-06-04 01:05:54,btc,1234864.1040716618,0.0,0,btc,164001712.13147992,0.0,0.0,219
0,[],27,[],2019-06-04 01:06:03,0.0,0,0,7733695,2019-06-04 01:06:03,,261.3753845967132,0.0,0,btc,14755255.74381025,0.0,0.0,219
0,[],28,[],2019-06-04 01:07:05,0.0,0,0,7733696,2019-06-04 01:07:05,,0.0,11919.734,0,,0.0,0.0,0.0,219
1,[],22,[],2019-05-23 16:41:05,172069.0,0.00000004,0.0000000000031167080000000004,7674065,2019-05-23 16:41:05,BTC,56.76466137,0.0,0.00000004,BTC,127061.6482738741,0.0,0.00393676,221
1,[],24,[],2019-05-23 16:41:05,0.0,0.000000010000,0.0000000000007791770000000001,7674066,2019-05-23 16:41:05,btc,0.0,0.0,0.000000010000,btc,0.0,0.0,0.0,221
1,[],20,[],2019-06-04 01:07:08,12816468.025,0.000000001,0.00000000000007978439999999999,7733697,2019-06-04 01:07:08,btc,100052.67540701649,595430.4526,0.000000001,btc,45546091.6027,0.0011258741877,0.012816468025,224
0,[],22,[],2019-06-04 01:07:10,0.0,0,0,7733698,2019-06-04 01:07:10,,0.0,0.0,0,,0.0,0.0,0.0,224
1,[],26,[],2019-06-04 01:07:11,0.0,0.00000025,0.0000000000199461,7733699,2019-06-04 01:07:11,btc,0.0,0.0,0.00000025,btc,0.0,0.0,0.0,231
1,[],26,[],2019-06-04 01:07:11,0.0,0.00000006,0.0000000000047870639999999995,7733700,2019-06-04 01:07:11,btc,0.0,0.0,0.00000006,btc,0.0,0.0,0.0,234
0.00000000030909120000000004,[],27,[],2019-06-04 01:07:19,100.0,3.090912e-18,2.466065593728e-22,7733701,2019-06-04 01:07:19,eth,1.14618497004,0.0,0.00000001,"btc,eth",11462.996,0.0,3.0909120000000004e-16,234
1,[],4,[],2019-05-22 17:06:12,91780.56053785,0.00000078,0.000000000061977552,7669277,2019-05-22 17:06:12,btc,5.573372450018177,0.0,0.00000078,btc,729173.93529783,0.0,0.0307060663355679,236
1,[],24,[],2019-05-22 17:06:12,0.0,0.000000010000,0.000000000000794584,7669278,2019-05-22 17:06:12,btc,0.0,0.0,0.000000010000,btc,0.0,0.0,0.0,236
1,[],5,[],2019-06-04 01:07:20,0.0,0,0,7733702,2019-06-04 01:07:20,btc,0.0,0.65774457,0,btc,0.0,0.0,0.0,237
1,[],20,[],2019-06-04 01:07:22,124856736.6004,0.000000045,0.000000000003590298,7733703,2019-06-04 01:07:22,btc,8172523.087184808,10921505.675,0.000000045,btc,47228339.9768,0.4550402913625,0.5537805623624,237
1,[],22,[],2019-06-04 01:07:26,288100.0,0.00000003,0.0000000000023935319999999997,7733704,2019-06-04 01:07:26,BTC,1.20267422,0.0,0.00000003,"BTC,LTC",17930.94871794872,0.0,0.007541,237
1,[],4,[],2019-06-04 01:07:26,28123912.87596973,0.00000011,0.000000000008776284,7733705,2019-06-04 01:07:26,btc,2.833739639255234,0.0,0.00000011,btc,9998126.61439517,0.18613596,0.6490461608054688,238
1,[],5,[],2019-06-04 01:07:28,0.0,0,0,7733706,2019-06-04 01:07:28,btc,0.0,0.01138328,0,btc,0.0,0.0,0.0,238
0,[],22,[],2019-03-12 16:49:32,0.0,0,0,6914458,2019-03-12 16:49:32,,0.40415746,0.0,0,,526736.5639027493,0.0,0.0,249
0,[],22,[],2019-05-28 23:53:45,0.0,0,0,7703643,2019-05-28 23:53:45,,13.44714864,0.0,0,,43777534.3426455,0.0,0.0,252
0,[],28,[],2019-06-04 01:08:10,0.0,0,0,7733707,2019-06-04 01:08:10,,0.0,213942.5555,0,,0.0,0.0,0.0,256
1,[],22,[],2019-06-04 01:08:14,850992.0,0.00000001,0.0000000000007978439999999999,7733708,2019-06-04 01:08:14,BTC,31464.5506333,0.0,0.00000001,BTC,584951.6675322719,0.00170968,0.00850992,258
1,[],22,[],2019-05-19 18:12:02,400.0,0.00000001,0.0000000000007957800000000001,7653905,2019-05-19 18:12:02,BTC,2.415167,0.0,0.00000001,BTC,157.0,0.0,4e-06,259
1,[],5,[],2019-06-04 01:08:17,0.0,0,0,7733709,2019-06-04 01:08:17,btc,0.0,0.07191513,0,btc,0.0,0.0,0.0,264
1,[],20,[],2019-06-04 01:08:18,960958.2389,0.000000181,0.000000000014440976399999999,7733710,2019-06-04 01:08:18,btc,0.9760774832195,0.0,0.000000181,btc,51736.5911,0.0,0.0085853635416,264
0,[],22,[],2019-04-12 17:57:27,0.0,0,0,7278186,2019-04-12 17:57:27,,66.37522201,0.0,0,,677842.4169881374,0.0,0.0,271
0,[],22,[],2019-05-29 08:10:20,0.0,0,0,7705301,2019-05-29 08:10:20,,33050470.74998113,0.0,0,,14361377780.7,0.0,0.0,272
0,[],28,[],2019-05-29 08:10:54,0.0,0,0,7705302,2019-05-29 08:10:54,,0.0,22189957216.5758,0,,0.0,0.0,0.0,272
1,[],22,[],2019-05-23 07:12:29,219930.0,0.00000004,0.000000000003048688,7671985,2019-05-23 07:12:29,BTC,426.77835217,0.0,0.00000004,BTC,248664.3325962929,0.0,0.00739728,281
1,[],22,[],2019-06-04 01:08:24,987494.85,0.00000004,0.0000000000031913759999999998,7733711,2019-06-04 01:08:24,BTC,31.67271682,0.0,0.00000004,"BTC,LTC",1554381.3069583753,0.00017078,0.04026243,286
0,[],22,[],2019-06-04 01:08:26,0.0,0,0,7733712,2019-06-04 01:08:26,,7337904.96568486,0.0,0,,2004620112.6797826,0.0,0.0,294
