pairValue,buyBook,exchangeId,sellBook,updated,buyTotal,satoshiPrice,usdPrice,exchangeLogId,created,bestPair,sellTotalBtc,volume,pairPrice,activePairs,sellTotal,volumeBtc,buyTotalBtc,coinId
1,[],3,[],2019-03-03 08:52:05,30533.79397789682,0.01264558999999999995555999277030423399992287158966064453125,0.00000048197401726,6832065,2019-03-03 08:52:05,btc,61.06719550748667,0.0,0.01264558999999999995555999277030423399992287158966064453125,btc,21.767689417689002,0.0,0.2310911165947315,1
1,[],4,[],2019-03-03 08:52:07,208074.56586922,0.01260535,0.0000004804403099,6832066,2019-03-03 08:52:07,btc,9.202770630324057,0.0,0.01260535,btc,261.00816227,1.06887408,3.2182979517330206,1
1,[],5,[],2019-03-03 08:52:10,0.0,0,0,6832067,2019-03-03 08:52:10,btc,0.0,0.06361824,0,btc,0.0,0.0,0.0,1
1,[],10,[],2019-03-03 08:52:12,414690.12330439,0.01140002,0.00000043450036228000005,6832068,2019-03-03 08:52:12,btc,6522.1470316473215,1036.90712263,0.01140002,btc,1093.05634865,0.0,5.703073216283269,1
1,[],12,[],2019-03-03 08:52:15,10507.92762003,0.01267000000000000070610184366159955970942974090576171875,0.0000004829043800000001,6832069,2019-03-03 08:52:15,btc,0.4742143099288,0.0,0.01267000000000000070610184366159955970942974090576171875,btc,28.379457040000002,0.1130660171668,0.5899887208762,1
1,[],20,[],2019-03-03 08:52:17,1151.0583,0.010500212,0.00000040020508016800004,6832070,2019-03-03 08:52:17,btc,0.065771010316,0.4547,0.010500212,btc,2.9786,0.0051263526164,0.0899620500051,1
1,[],21,[],2019-03-03 08:52:18,2034.5485846,0.01265312000000000033916869313,0.00000048226101568,6832071,2019-03-03 08:52:18,btc,16.992471717684666,2422.69058907,0.0126531200000000003391686931308868224732577800750732421875,"btc,eth",1937.29459174,29.355415893370363,19.62001628742578,1
1,[],22,[],2019-03-03 08:52:21,0.006382215384615385,0.01300000,0.000000495482,6832072,2019-03-03 08:52:21,BTC,0.31439419,0.0,0.01300000,BTC,0.12751438772928525,0.0,7.978e-05,1
1,[],24,[],2019-03-03 08:52:22,0.0,0.000000000000,0,6832073,2019-03-03 08:52:22,btc,0.0,0.0,0.000000000000,btc,0.0,0.0,0.0,1
0.0,[],25,[],2019-03-03 08:52:23,0.0,0,0,6832074,2019-03-03 08:52:23,btc,26.078699998658003,251.88153141,0.0,btc,2003.85546717,3.2146,0.0,1
1,[],26,[],2019-03-03 08:52:32,0.0,0,0,6832075,2019-03-03 08:52:32,,0.0,0.0,0,,0.0,0.0,0.0,1
1,[],28,[],2019-03-03 08:52:34,993.142,0.01323000,0.00000050424822,6832076,2019-03-03 08:52:34,btc,0.162839806,17770.1,0.01323000,btc,8.9,0.0,0.089302756,1
0,[],2,[],2019-01-20 23:28:45,0.0,0,0,6477011,2019-01-20 23:28:45,,0.0,0.0,0,,0.0,0.0,0.0,1
1,[],5,[],2019-03-03 08:52:36,0.0,0,0,6832077,2019-03-03 08:52:36,btc,0.0,0.01522561,0,btc,0.0,0.0,0.0,2
0.00000000012674390000000002,[],22,[],2019-03-03 08:52:40,1148.0,1.3941829000000002e-16,5.3137887050600006e-21,6832078,2019-03-03 08:52:40,XMR,21.01373823,0.0,0.00000110,XMR,14319.12581,0.0,0.00087635,2
1,[],5,[],2019-03-03 08:52:42,0.0,0,0,6832079,2019-03-03 08:52:42,btc,0.0,1.93791935,0,btc,0.0,0.0,0.0,3
1,[],12,[],2019-03-03 08:52:43,13127983.95711,0.000000175,0.00000000000666995,6832080,2019-03-03 08:52:43,btc,924384.5528557316,0.0,0.000000175,btc,8118215.9882973395,0.0851159193187515,0.68716494142745,3
0,[],28,[],2019-03-03 08:52:45,0.0,0,0,6832081,2019-03-03 08:52:45,,0.0,0.0,0,,0.0,0.0,0.0,3
0,[],2,[],2019-01-20 23:31:32,0.0,0,0,6477077,2019-01-20 23:31:32,,0.0,0.0,0,,0.0,0.0,0.0,4
1,[],4,[],2019-03-03 08:52:46,377013.45143067,0.00000032,0.000000000012196480000000001,6832082,2019-03-03 08:52:46,btc,31.987078666479317,0.0,0.00000032,btc,710818.67186142,0.0003865,0.0479187894946875,4
1,[],12,[],2019-03-03 08:44:09,1180125.33333333,0.00000003,0.000000000001145421,6831890,2019-03-03 08:44:09,btc,11013925.646093752,0.0,0.00000003,btc,1477604.32371984,0.000140961988012,0.0166964599999999,5
0,[],2,[],2019-01-20 23:31:51,0.0,0,0,6477087,2019-01-20 23:31:51,,0.0,0.0,0,,0.0,0.0,0.0,6
1,[],11,[],2019-03-03 08:52:48,6476884.5,0.00000002,0.0000000000007622800000000001,6832083,2019-03-03 08:52:48,btc,9568.053814252815,482490.0,0.00000002,btc,41884250.07452957,0.0,0.097012525,6
1,[],3,[],2019-03-03 08:52:50,1072.856293592546,0.0001510899999999999916699966462374504772014915943145751953125,0.00000000575864426,6832084,2019-03-03 08:52:50,btc,28.402034233092024,0.0,0.0001510899999999999916699966462374504772014915943145751953125,btc,243.122414578101,0.0,0.03202593781665577,7
1,[],4,[],2019-03-03 08:52:50,93617.72582668,0.00022472,0.000000008564978080000001,6832085,2019-03-03 08:52:50,btc,9.260933215821254,0.0,0.00022472,btc,31690.52851988,4.20970424,5.295898142024765,7
1,[],5,[],2019-03-03 08:52:52,0.0,0,0,6832086,2019-03-03 08:52:52,btc,0.0,0.88508776,0,btc,0.0,0.0,0.0,7
1,[],20,[],2019-02-20 02:16:17,39399275.8418,0.000000001,0.0000000000000390183,6728586,2019-02-20 02:16:17,btc,116.9737569154545,525.0,0.000000001,btc,56932965.8895,5.25e-07,0.0393992758418,8
0,[],2,[],2019-01-20 23:22:42,0.0,0,0,6476876,2019-01-20 23:22:42,,0.0,0.0,0,,0.0,0.0,0.0,9
0,[],23,[],2019-01-20 23:22:48,0.0,0,0,6476878,2019-01-20 23:22:48,,0.0,0.0,0,,0.0,0.0,0.0,9
1,[],1,[],2019-02-17 23:31:42,1822507.21,0.00000181000000000000003456111265232042484285557293333113193511962890625,0.000000000066086901,6701244,2019-02-17 23:31:42,btc,3.6990969245,17153386.5,0.00000181000000000000003456111265232042484285557293333113193511962890625,btc,1997391.71,31.11772986,3.2610482446,9
1,[],4,[],2019-03-03 08:52:55,2261374.86910368,0.00000166,0.00000000006326924,6832087,2019-03-03 08:52:55,btc,6.801228335769762,0.0,0.00000166,btc,3029711.74405602,1.15748649,1.1364208179467454,9
1,[],28,[],2019-03-03 08:52:58,47504.0,0.00000166,0.00000000006326924,6832088,2019-03-03 08:52:58,btc,2708.763185115895,3548163.59,0.00000166,btc,12475.4655,0.0,0.05012664,9
1,[],4,[],2019-02-17 11:22:43,4341674.27126056,0.00000002,0.0000000000007272960000000001,6696112,2019-02-17 11:22:43,btc,0.1997230937751353,0.0,0.00000002,btc,4109766.79808031,0.00215132,0.0479381022052112,10
0,[],2,[],2019-01-20 23:23:08,0.0,0,0,6476890,2019-01-20 23:23:08,,0.0,0.0,0,,0.0,0.0,0.0,12
1,[],4,[],2019-03-03 08:52:58,5113041.52909258,0.00000117,0.000000000044593380000000004,6832089,2019-03-03 08:52:58,btc,10.796861433454485,0.0,0.00000117,btc,5850358.02725209,1.37841829,2.358494403940682,12
1,[],5,[],2019-03-03 08:53:00,0.0,0,0,6832090,2019-03-03 08:53:00,btc,0.0,0.17829832,0,btc,0.0,0.0,0.0,12
0.0,[],25,[],2019-03-03 08:53:01,0.0,0,0,6832091,2019-03-03 08:53:01,,0.0,0.0,0.0,btc,0.0,0.0,0.0,12
1,[],10,[],2019-03-03 08:44:27,417933.7334479,0.0000054,0.00000000020617578,6831901,2019-03-03 08:44:27,btc,666802.6096602712,8944.89976456,0.0000054,btc,745613.17572545,0.0,0.2433365298028705,13
1,[],4,[],2019-03-03 08:53:02,31946310.15289664,0.00000560,0.00000000021343840000000002,6832092,2019-03-03 08:53:02,btc,2.977673931494011,0.0,0.00000560,btc,414413.83527883,0.32855001,0.7687040010023347,13
1,[],21,[],2019-03-03 08:53:05,892865.009984,0.000005630000000000000306391197136,0.00000000021458182000000001,6832093,2019-03-03 08:53:05,btc,5.872286102591901,498592.51567802,0.000005630000000000000306391197135713611032770131714642047882080078125,btc,931868.54560799,2.83871055,4.669896265408032,13
0,[],17,[],2019-03-03 08:44:41,0.0,0,0,6831905,2019-03-03 08:44:41,btc,0.0,0.0,0,btc,0.0,0.0,0.0,14
1,[],4,[],2019-03-03 08:53:06,743052.24117539,0.00000148,0.00000000005640872,6832094,2019-03-03 08:53:06,btc,68.2189775943271,0.0,0.00000148,btc,877142.97464332,0.01266022,0.2055794101381616,14
1,[],12,[],2019-03-03 08:53:08,218095.8748086,0.000001349999999999999991849510168340220417348973569460213184356689453125,0.0000000000514539,6832095,2019-03-03 08:53:08,btc,5.29018455626373,0.0,0.000001349999999999999991849510168340220417348973569460213184356689453125,btc,31120.002997,0.0001485,0.027802769999874,14
1,[],26,[],2019-03-03 08:53:08,0.0,0.00000050,0.000000000019057,6832096,2019-03-03 08:53:08,btc,0.0,0.0,0.00000050,btc,0.0,0.0,0.0,14
,[],12,[],2018-12-01 15:15:48,204241.84496,0.00000489,0.000000000202473384,5260204,2018-12-01 15:15:48,btc,49.5475654835,0.0,,btc,35763.2193806,0.0163153972027625,0.0203389899998,15
0,[],4,[],2019-03-03 08:53:09,0.0,0,0,6832097,2019-03-03 08:53:09,,0.0,0.0,0,,0.0,0.0,0.0,15
0,[],17,[],2019-03-03 08:44:49,0.0,0,0,6831911,2019-03-03 08:44:49,btc,0.0,0.0,0,btc,0.0,0.0,0.0,18
0,[],2,[],2019-01-20 23:23:38,0.0,0,0,6476906,2019-01-20 23:23:38,,0.0,0.0,0,,0.0,0.0,0.0,18
1,[],4,[],2019-03-03 08:53:11,25428.8767092,0.00001759,0.00000000067042526,6832098,2019-03-03 08:53:11,btc,1.3515292781775237,0.0,0.00001759,btc,15470.17615953,0.02639527,0.073854435920499,18
1,[],10,[],2019-03-03 08:53:13,783365.72676293,0.00001751,0.00000000066737614,6832099,2019-03-03 08:53:13,btc,15.456684911482949,23577.0944935,0.00001751,btc,15088.04297386,0.0,0.1410985929804578,18
1,[],12,[],2019-03-03 08:53:14,193025.82152694,0.00001703000000000000127282732964584255341833340935409069061279296875,0.0000000006490814200000001,6832100,2019-03-03 08:53:14,btc,23.63081218990053,0.0,0.00001703000000000000127282732964584255341833340935409069061279296875,btc,1883.9929013,0.0002695392071764,0.0318362917197513,18
0,[],2,[],2019-01-20 23:24:19,0.0,0,0,6476924,2019-01-20 23:24:19,,0.0,0.0,0,,0.0,0.0,0.0,19
1,[],3,[],2019-03-03 08:53:15,118411.45866577743,0.0000200099999999999998462514583241755872222711332142353057861328125,0.00000000076266114,6832101,2019-03-03 08:53:15,btc,0.5053401800644072,0.0,0.0000200099999999999998462514583241755872222711332142353057861328125,btc,7948.096912413742,0.0,0.03205880859878426,19
1,[],4,[],2019-03-03 08:53:16,413470.1876518,0.00002127,0.00000000081068478,6832102,2019-03-03 08:53:16,btc,2.6409854224450675,0.0,0.00002127,btc,77520.27394526,0.57735507,2.3237491571187956,19
1,[],5,[],2019-03-03 08:53:18,0.0,0,0,6832103,2019-03-03 08:53:18,btc,0.0,0.00078047,0,btc,0.0,0.0,0.0,19
1,[],12,[],2019-03-03 08:53:19,134718.12405048,0.00001821999999999999834965347389470480266027152538299560546875,0.00000000069443708,6832104,2019-03-03 08:53:19,btc,6.895551987515205,0.0,0.00001821999999999999834965347389470480266027152538299560546875,btc,497.68165322,0.000564564884742,0.1103015351151448,19
0,[],27,[],2019-03-03 08:53:21,0.0,0,0,6832105,2019-03-03 08:53:21,,0.0,0.0,0,btc,0.0,0.0,0.0,19
1,[],4,[],2019-03-03 08:53:22,2799035.65253403,0.00000013,0.00000000000495482,6832106,2019-03-03 08:53:22,btc,7.37869139072158,0.0,0.00000013,btc,2856404.97012105,0.00010654,0.0788337422238264,20
0,[],17,[],2019-03-03 08:04:49,0.0,0,0,6831574,2019-03-03 08:04:49,btc,0.0,0.0,0,btc,0.0,0.0,0.0,21
1,[],4,[],2019-03-03 08:53:23,103956136.13937023,0.00000002,0.0000000000007622800000000001,6832107,2019-03-03 08:53:23,btc,1807.3967621468282,0.0,0.00000002,btc,55484687.83039335,0.0,1.1668631666680451,21
1,[],12,[],2019-03-03 08:53:23,17916951.0,0.00000002,0.0000000000007622800000000001,6832108,2019-03-03 08:53:23,btc,670.8733402334847,0.0,0.00000002,btc,8127598.32857329,1e-06,0.23057926,21
1,[],12,[],2019-03-03 08:53:35,3036838216.531895,0.0000000001,0.0000000000000038114,6832109,2019-03-03 08:53:35,btc,975865847149.3514,0.0,0.0000000001,btc,5059453000.77866,0.011989490128771228,0.3036838216531895,23
0,[],27,[],2019-03-03 08:53:37,0.0,0,0,6832110,2019-03-03 08:53:37,,13.543633221578427,26801.0,0,eth,2204616.85364636,9.3785998947e-14,0.0,23
1,[],4,[],2019-03-03 08:53:38,459812.93835637,0.00000046,0.00000000001753244,6832111,2019-03-03 08:53:38,btc,8.24689821666718,0.0,0.00000046,btc,1502257.91432783,0.01046387,0.1383617690636358,24
1,[],22,[],2019-03-03 08:53:41,11.76,0.00000100,0.000000000038114,6832112,2019-03-03 08:53:41,BTC,7.415e-05,0.0,0.00000100,BTC,23.919354838709676,0.0,1.176e-05,24
0.0,[],25,[],2019-03-03 08:53:43,0.0,0,0,6832113,2019-03-03 08:53:43,,0.0,0.0,0.0,btc,0.0,0.0,0.0,24
0,[],2,[],2019-01-20 23:25:56,0.0,0,0,6476976,2019-01-20 23:25:56,,0.0,0.0,0,,0.0,0.0,0.0,26
1,[],4,[],2019-03-03 08:53:44,26578258.08069677,0.00000624,0.00000000023783136,6832114,2019-03-03 08:53:44,btc,144.5456384069904,0.0,0.00000624,btc,239884.00709858,0.07662874,0.4375977627092891,26
1,[],10,[],2019-03-03 08:53:46,686525.86912903,0.00000604,0.00000000023020856,6832115,2019-03-03 08:53:46,btc,26.125951425485606,4634.59094128,0.00000604,btc,14054.67408507,0.0,0.2272773188788482,26
1,[],3,[],2019-03-03 08:53:47,5524918.88133568,0.00000001,0.00000000000038114000000000003,6832116,2019-03-03 08:53:47,btc,2.161285153509361,4650.908,0.00000001,btc,17601794.18684187,0.0,0.0552491888133568,27
1,[],5,[],2019-03-03 08:53:49,0.0,0,0,6832117,2019-03-03 08:53:49,btc,0.0,0.00017128,0,btc,0.0,0.0,0.0,27
1,[],11,[],2019-03-03 08:53:51,9470054.891515061,0.00000005,0.0000000000019057,6832118,2019-03-03 08:53:51,btc,67506.38088715188,21889.311987,0.00000005,btc,7980367.26084264,0.0,0.4414030388653851,27
1,[],4,[],2019-03-03 08:53:53,1483451787.7553835,0.00000002,0.0000000000007622800000000001,6832119,2019-03-03 08:53:53,btc,2.8374498269798485,0.0,0.00000002,"btc,ltc",192882112.1121627,0.15975681,12.460601002028572,29
1,[],7,[],2019-03-03 08:53:54,36578042.00316807,0.00000002,0.0000000000007622800000000001,6832120,2019-03-03 08:53:54,btc,44462590.70810015,0.0,0.00000002,btc,47130802.3870757,0.0,0.3770791565636483,29
1,[],4,[],2019-03-03 08:53:56,2181367.22660876,0.00000027,0.00000000001029078,6832121,2019-03-03 08:53:56,btc,2.33374941185164,0.0,0.00000027,btc,1543216.72262777,0.00803573,0.0904821216565479,30
0,[],17,[],2019-03-03 08:53:58,0.0,0,0,6832122,2019-03-03 08:53:58,btc,0.0,0.0,0,btc,0.0,0.0,0.0,30
1,[],4,[],2019-03-03 08:53:59,173332.15000522,0.00005146,0.00000000196134644,6832123,2019-03-03 08:53:59,btc,6.171751366066126,0.0,0.00005146,btc,75960.55037824,0.75003945,1.4035330705326643,31
1,[],21,[],2019-03-03 08:53:59,101533.96539221,0.00005276999999999999789793148075,0.00000000201127578,6832124,2019-03-03 08:53:59,btc,3.0354837006893773,139195.95991253,0.0000527699999999999978979314807503442352754063904285430908203125,btc,52739.30886351,7.13917988,4.5712708151061,31
0,[],2,[],2019-01-20 23:28:43,0.0,0,0,6477009,2019-01-20 23:28:43,,0.0,0.0,0,,0.0,0.0,0.0,32
1,[],4,[],2019-03-03 08:45:53,382018397.4351728,0.00000003,0.0000000000011454210000000002,6831935,2019-03-03 08:45:53,btc,13.327460015851795,0.0,0.00000003,"btc,ltc",243125901.6839278,3.73951639,7.894289246199469,33
1,[],12,[],2019-03-03 08:45:54,12668283.0,0.00000004,0.0000000000015272280000000002,6831936,2019-03-03 08:45:54,btc,35634718.46494193,0.0,0.00000004,btc,91671835.46153837,0.1680439007792215,0.37223269999999997,33
1,[],4,[],2019-03-03 08:54:00,114611079.85625623,0.00000001,0.00000000000038114000000000003,6832125,2019-03-03 08:54:00,btc,3.673271637796467,0.0,0.00000001,btc,101348922.21173152,0.02156311,1.1461107985625623,34
1,[],5,[],2019-03-03 08:54:02,0.0,0,0,6832126,2019-03-03 08:54:02,btc,0.0,0.00034518,0,btc,0.0,0.0,0.0,34
1,[],5,[],2019-03-03 08:54:04,0.0,0,0,6832128,2019-03-03 08:54:04,btc,0.0,0.0,0,btc,0.0,0.0,0.0,36
0.0000000003499347,[],27,[],2019-03-03 08:54:17,1090000.0,3.499347e-18,1.33374111558e-22,6832129,2019-03-03 08:54:17,eth,222.5997971062634,0.0,0.00000001,"ltc,eth",11163566.48751039,0.0,1.499133598e-12,36
0,[],17,[],2019-03-03 08:46:10,0.0,0,0,6831941,2019-03-03 08:46:10,btc,0.0746458232965017,0.0,0,btc,4103573.70243647,0.0,0.0,36
0.0000000001266668,[],4,[],2019-03-03 08:54:03,1747315709.8370714,2.533336e-18,9.6555568304e-23,6832127,2019-03-03 08:54:03,ltc,5.442086033610722e-08,0.0,0.00000002,ltc,7100531513.540168,0.0,2.402889518526284e-09,36
1,[],4,[],2019-03-03 08:54:18,238767.61417814,0.00000062,0.000000000023630680000000002,6832130,2019-03-03 08:54:18,btc,19772.48227165302,0.0,0.00000062,btc,553217.15444061,0.00533974,0.1071757214515614,37
1,[],12,[],2019-03-03 08:54:19,549604.86969561,0.0000006,0.0000000000228684,6832131,2019-03-03 08:54:19,btc,1345.894983434151,0.0,0.0000006,btc,1051737.81172741,0.225765930379535,0.15283390183241138,37
1,[],27,[],2019-03-03 08:54:32,14685.567,0.00000045,0.0000000000171513,6832132,2019-03-03 08:54:32,btc,25.82160105111233,0.0,0.00000045,btc,6804.86438508,0.0,0.00480032515,37
1,[],17,[],2019-03-03 07:35:59,1752.74075282,0.00000025,0.0000000000095661,6831499,2019-03-03 07:35:59,btc,0.055484923777095005,0.0,0.00000025,btc,1319.19918473,0.0,0.00043818518820499993,37
1,[],5,[],2019-03-03 08:54:33,0.0,0,0,6832133,2019-03-03 08:54:33,btc,0.0,0.12916486,0,btc,0.0,0.0,0.0,42
1,[],12,[],2019-03-03 08:54:35,251065.23994144,0.00000095,0.000000000036208300000000004,6832134,2019-03-03 08:54:35,btc,94.64774543283184,0.0,0.00000095,btc,99445.30308988,0.0120216667860759,0.0572432571498497,42
0.0000000003499347,[],27,[],2019-03-03 08:54:37,2000.0,3.499347e-18,1.33374111558e-22,6832135,2019-03-03 08:54:37,eth,0.00315028,0.0,0.00000001,"btc,eth",11.007,0.0,6.998694e-15,42
1,[],5,[],2019-03-03 08:54:38,0.0,0,0,6832136,2019-03-03 08:54:38,btc,0.0,0.0,0,btc,0.0,0.0,0.0,43
1,[],12,[],2019-03-03 08:54:39,1209361.0,0.00000001,0.00000000000038114000000000003,6832137,2019-03-03 08:54:39,btc,3569.074552336114,0.0,0.00000001,btc,11768494.65174823,0.0,0.01209361,43
0,[],17,[],2019-03-03 08:05:43,0.0,0,0,6831607,2019-03-03 08:05:43,btc,0.0,0.0,0,btc,0.0,0.0,0.0,43
1,[],12,[],2019-03-03 08:46:39,647564.0,0.00000004,0.0000000000015272280000000002,6831951,2019-03-03 08:46:39,btc,11116042.728042258,0.0,0.00000004,btc,1103905.40261734,0.00024972995005,0.01530495,44
1,[],4,[],2019-03-03 08:54:50,290735742.68740726,0.00000002,0.0000000000007622800000000001,6832138,2019-03-03 08:54:50,btc,473.65101715797954,0.0,0.00000002,"btc,ltc",12355191.46576878,0.00071238,0.1982428980707308,49
0.0000000001266668,[],4,[],2019-03-03 08:54:52,234476834.86642572,1.266668e-18,4.8277784152e-23,6832139,2019-03-03 08:54:52,ltc,25.568133936818437,0.0,0.00000001,ltc,9780007469.93985,0.0,2.970043034665857e-10,52
0.00000000012694280000000002,[],22,[],2019-03-03 08:46:44,80845862.0,1.2694280000000002e-18,4.8467649639600006e-23,6831954,2019-03-03 08:46:44,XMR,4366.97466637,0.0,0.00000001,XMR,255820234.67882353,0.0,0.80845862,57
0.00000000034990390000000006,[],27,[],2019-03-03 08:46:47,2000.0,3.499039000000001e-18,1.3359575834730003e-22,6831955,2019-03-03 08:46:47,eth,0.0,0.0,0.00000001,"btc,eth",0.0,0.0,6.998078000000001e-15,57
0.0000000001266668,[],4,[],2019-03-03 08:54:52,917863927.0563334,3.800004e-18,1.4483335245600001e-22,6832140,2019-03-03 08:54:52,ltc,18.80718592198128,0.0,0.00000003,ltc,4116970677.005538,0.0,2.234903853026162e-09,58
1,[],12,[],2019-03-03 08:54:54,1792026632.8439572,0.0000000004,0.0000000000000152456,6832141,2019-03-03 08:54:54,btc,224012809078.52646,0.0,0.0000000004,btc,3850643994.6846843,0.03111865132787215,0.5919565373011392,58
0,[],17,[],2019-03-03 08:54:55,0.0,0,0,6832142,2019-03-03 08:54:55,btc,1e+24,0.0,0,btc,49306342.21952568,0.0,0.0,58
0.00000000012674390000000002,[],22,[],2019-03-03 08:54:59,137438.0,1.2674390000000001e-18,4.8307170046000006e-23,6832143,2019-03-03 08:54:59,XMR,69.8835922,0.0,0.00000001,XMR,9887963.0,0.0,0.00137438,58
1,[],5,[],2019-03-03 08:55:01,0.0,0,0,6832144,2019-03-03 08:55:01,btc,0.0,0.1878874,0,btc,0.0,0.0,0.0,61
1,[],22,[],2019-03-03 08:55:07,13759.5,0.00000012,0.00000000000457368,6832145,2019-03-03 08:55:07,BTC,1002.29597012,0.0,0.00000012,BTC,14947.700278135757,3.48e-06,0.00155017,61
1,[],26,[],2019-03-03 08:55:07,0.0,0.00000800,0.000000000304912,6832146,2019-03-03 08:55:07,btc,0.0,0.0,0.00000800,btc,0.0,0.0,0.0,61
1,[],27,[],2019-03-03 08:55:09,5212.2901,0.00000046,0.00000000001753244,6832147,2019-03-03 08:55:09,btc,7.76072757961638,806.2391,0.00000046,"btc,eth",19950.11257617,0.00037087,0.0016035966689433648,61
1,[],28,[],2019-03-03 08:57:09,13880.304,0.0000005,0.000000000019057,6832148,2019-03-03 08:57:09,btc,2.056312978300105,805.0,0.0000005,btc,9730.59500005,0.0,0.00566391304,61
1,[],4,[],2019-03-03 08:57:11,1360363.76142193,0.00000279,0.00000000010633806000000001,6832149,2019-03-03 08:57:11,btc,11.300284370724487,0.0,0.00000279,btc,806303.67894142,0.11187319,1.2367491637580057,67
0.0,[],25,[],2019-03-03 08:57:12,0.0,0,0,6832150,2019-03-03 08:57:12,,0.0,0.0,0.0,btc,0.0,0.0,0.0,67
1,[],12,[],2019-03-03 08:57:14,1787278.37856558,0.00000021,0.000000000008003940000000001,6832151,2019-03-03 08:57:14,btc,11115899.058968978,0.0,0.00000021,btc,2216185.35934064,0.0228521823968635,0.0814403864411115,71
,[],5,[],2018-11-20 23:02:39,1.5e-07,0.00000005,0.000000000002128045,4862160,2018-11-20 23:02:39,btc,2.84511358,0.0,,btc,0.00036572,0.0,0.07381892,74
1,[],5,[],2019-03-03 08:57:16,0.0,0,0,6832152,2019-03-03 08:57:16,btc,0.0,0.0,0,btc,0.0,0.0,0.0,75
1,[],4,[],2019-03-03 08:47:21,15984338.899575,0.00000001,0.000000000000381807,6831968,2019-03-03 08:47:21,btc,11388.980061245848,0.0,0.00000001,btc,39369058.17822428,0.0,0.15984338899575,81
0,[],20,[],2019-01-25 09:30:31,0.0,0,0,6495923,2019-01-25 09:30:31,btc,0.0,0.0,0,btc,0.0,0.0,0.0,81
1,[],4,[],2019-03-03 08:57:18,28725.25239359,0.00007284,0.00000000277622376,6832153,2019-03-03 08:57:18,btc,17.751920818490827,0.0,0.00007284,btc,12733.9545289,0.01498688,0.2027543990791821,82
1,[],21,[],2019-03-03 08:57:19,293631.40055965004,0.00007362000000000000325423715752,0.00000000280595268,6832154,2019-03-03 08:57:19,btc,2.1278545619871574,1681.99707674,0.000073620000000000003254237157523931500691105611622333526611328125,btc,23325.88318049,0.12536974,4.569581583866266,82
0,[],17,[],2019-03-03 08:47:26,0.0,0,0,6831971,2019-03-03 08:47:26,btc,0.0447233088476774,0.0,0,btc,999127.19588126,0.0,0.0,84
0.0000000001266668,[],4,[],2019-03-03 08:57:31,123085663.7494547,3.800004e-18,1.4483335245600001e-22,6832155,2019-03-03 08:57:31,ltc,1.7494931779767953,0.0,0.00000003,ltc,405595010.2053722,0.0,2.5828457557455595e-10,85
,[],22,[],2018-11-20 23:09:34,3408.1,0.0000001,0.0000000000041895,4862324,2018-11-20 23:09:34,BTC,0.04624735,0.0,,BTC,4990.0,0.0,0.00033081,86
0,[],22,[],2019-02-22 12:52:35,0.0,0,0,6758847,2019-02-22 12:52:35,,2.0760781,0.0,0,,140622.94736842104,0.0,0.0,87
0,[],27,[],2019-02-22 12:52:37,0.0,0,0,6758848,2019-02-22 12:52:37,,0.0,0.0,0,btc,0.0,0.0,0.0,87
,[],2,[],2018-11-20 23:10:47,0.0,0,0,4862359,2018-11-20 23:10:47,,0.0,0.0,,,0.0,0.0,0.0,88
1,[],11,[],2019-03-03 08:57:33,92104.42285765,0.00014060999999999999714173082310253448667936027050018310546875,0.00000000535920954,6832156,2019-03-03 08:57:33,btc,608.5298797066918,468.07701766,0.00014060999999999999714173082310253448667936027050018310546875,btc,95595.48452752,0.0,6.118678160389262,89
0,[],2,[],2019-01-20 23:31:45,0.0,0,0,6477083,2019-01-20 23:31:45,,0.0,0.0,0,,0.0,0.0,0.0,91
1,[],12,[],2019-03-03 08:57:34,469137.51457575,0.000001560000000000000098813643899242631363222244544886052608489990234375,0.00000000005945784,6832157,2019-03-03 08:57:34,btc,4.337970955767873,0.0,0.000001560000000000000098813643899242631363222244544886052608489990234375,btc,64669.68925501,0.0,0.0845882913998883,91
0,[],17,[],2019-03-03 08:57:36,0.0,0,0,6832158,2019-03-03 08:57:36,btc,0.0,0.0,0,btc,0.0,0.0,0.0,91
0,[],22,[],2019-03-03 08:57:39,0.0,0,0,6832159,2019-03-03 08:57:39,,3e-06,0.0,0,,1.0,0.0,0.0,91
0.0000000001266668,[],22,[],2019-03-03 08:57:42,1820000.0,6.33334e-18,2.4138892076e-22,6832160,2019-03-03 08:57:42,LTC,8.53121199,0.0,0.00000005,LTC,71989912.1,0.0,0.091,95
0.0000000001266668,[],4,[],2019-03-03 08:57:44,646842578.7583972,7.9800084e-17,3.041500401576e-21,6832161,2019-03-03 08:57:44,ltc,11.89478685962968,0.0,0.00000063,ltc,136451417.00844914,0.0115724,1.992630269860848e-09,96
1,[],12,[],2019-03-03 08:57:45,748.47400001,0.00000001,0.00000000000038114000000000003,6832162,2019-03-03 08:57:45,btc,255079.4568746879,0.0,0.00000001,btc,8740147.94636337,9.8e-07,7.484740000100001e-06,96
0,[],17,[],2019-03-03 08:57:56,0.0,0,0,6832163,2019-03-03 08:57:56,btc,0.0,0.0,0,btc,0.0,0.0,0.0,96
1,[],4,[],2019-03-03 08:57:58,1409455.1626973,0.00000028,0.00000000001067192,6832164,2019-03-03 08:57:58,btc,2.9504886700264485,0.0,0.00000028,btc,2494412.21696395,0.00861076,0.111837011279455,99
1,[],4,[],2019-03-03 08:47:43,393083.65645201,0.00004366,0.000000001666969362,6831980,2019-03-03 08:47:43,btc,11.778389496339523,0.0,0.00004366,btc,163708.94828617,1.2022585,4.664511309184179,100
0,[],2,[],2019-01-20 23:23:55,0.0,0,0,6476914,2019-01-20 23:23:55,,0.0,0.0,0,,0.0,0.0,0.0,100
1,[],22,[],2019-03-03 08:58:01,50000.0,0.00000001,0.00000000000038114000000000003,6832165,2019-03-03 08:58:01,BTC,23.49896609,0.0,0.00000001,BTC,10277.22,0.0,0.0005,101
1,[],4,[],2019-03-03 08:58:02,485370.99227123,0.00000088,0.00000000003354032,6832166,2019-03-03 08:58:02,btc,256.3090018217347,0.0,0.00000088,btc,499046.48785949,0.00078881,0.2504828324163407,103
1,[],12,[],2019-03-03 08:58:04,64575163.0,0.000000009,0.000000000000343026,6832167,2019-03-03 08:58:04,btc,137278444.64920828,0.0,0.000000009,btc,126807462.9544428,0.0214490680789208,0.230868122,105
1,[],27,[],2019-03-03 08:58:06,115397.89,0.00000001,0.00000000000038114000000000003,6832168,2019-03-03 08:58:06,btc,36.58509958047966,0.0,0.00000001,btc,575834.55393212,0.0,0.0011539789,105
1,[],22,[],2019-03-03 08:58:10,9328.0,0.00000001,0.00000000000038114000000000003,6832169,2019-03-03 08:58:10,BTC,51.10837004,0.0,0.00000001,BTC,470435.0,0.0,9.328e-05,107
1,[],26,[],2019-03-03 08:58:10,0.0,0.00000000,0,6832170,2019-03-03 08:58:10,btc,0.0,0.0,0.00000000,btc,0.0,0.0,0.0,107
1,[],5,[],2019-03-03 08:58:12,0.0,0,0,6832171,2019-03-03 08:58:12,btc,0.0,0.00857584,0,btc,0.0,0.0,0.0,112
1,[],22,[],2019-03-03 08:58:15,1966.0,0.00000001,0.00000000000038114000000000003,6832172,2019-03-03 08:58:15,BTC,2.81183288,0.0,0.00000001,BTC,808524.0833333334,0.0,1.966e-05,112
0.0000000003499347,[],27,[],2019-03-03 08:58:18,2000.0,3.499347e-18,1.33374111558e-22,6832173,2019-03-03 08:58:18,eth,1.35132491849924,0.0,0.00000001,"btc,eth",1328.641654,0.0,6.998694e-15,112
1,[],4,[],2019-03-03 08:58:19,1263922.0518965,0.00000191,0.00000000007279774,6832174,2019-03-03 08:58:19,btc,5.3300508578927515,0.0,0.00000191,btc,345077.31179434,0.18318242,0.9449639049613809,113
1,[],5,[],2019-03-03 08:58:20,0.0,0,0,6832175,2019-03-03 08:58:20,btc,0.0,0.00983807,0,btc,0.0,0.0,0.0,113
0,[],27,[],2019-03-03 08:58:23,0.0,0,0,6832176,2019-03-03 08:58:23,,0.0,0.0,0,btc,0.0,0.0,0.0,116
1,[],17,[],2019-03-03 08:48:07,152738.278,0.00000004,0.0000000000015272280000000002,6831992,2019-03-03 08:48:07,btc,1.3368030274881775,0.0,0.00000004,btc,51896.221,0.0,0.0022095311199999998,116
1,[],4,[],2019-03-03 08:58:25,98859.35919803,0.00002453,0.00000000093493642,6832177,2019-03-03 08:58:25,btc,28.83528324572241,0.0,0.00002453,btc,70641.85463002,0.43269112,1.366994764242089,120
1,[],7,[],2019-03-03 08:58:25,21306.96474996,0.0000187000000000000005302182304323110884070047177374362945556640625,0.0000000007127318,6832178,2019-03-03 08:58:25,btc,115751.20294390031,0.0,0.0000187000000000000005302182304323110884070047177374362945556640625,btc,56165.08273565,0.0,0.0541870294700846,120
1,[],20,[],2019-03-03 08:58:29,1484133.0064,0.000000033,0.000000000001257762,6832179,2019-03-03 08:58:29,btc,32.295149061142,12292.9579,0.000000033,btc,998791.9778,0.0004935841424,0.009605272408,125
1,[],22,[],2019-03-03 08:58:32,3053.0,0.00000001,0.00000000000038114000000000003,6832180,2019-03-03 08:58:32,BTC,0.01444887,0.0,0.00000001,BTC,296263.5111111111,0.0,3.053e-05,126
1,[],4,[],2019-03-03 08:58:34,125565.61776437,0.00001201,0.00000000045774914000000004,6832181,2019-03-03 08:58:34,btc,4.090465386623979,0.0,0.00001201,btc,115316.80001188,0.16242079,0.3934001403905008,131
0,[],2,[],2019-01-20 23:25:46,0.0,0,0,6476969,2019-01-20 23:25:46,,0.0,0.0,0,,0.0,0.0,0.0,131
0,[],17,[],2019-03-03 08:20:12,0.0,0,0,6831841,2019-03-03 08:20:12,btc,0.0009561751951600001,0.0,0,btc,35.42829368,0.0,0.0,131
1,[],4,[],2019-03-03 08:48:31,4553.72464193,0.00016001,0.000000006109293807000001,6831999,2019-03-03 08:48:31,btc,1.6201310818256467,0.0,0.00016001,btc,238.12730989,0.0,0.0079138372153557,135
1,[],3,[],2019-03-03 03:23:02,958809.8877684299,0.00000004,0.0000000000015272520000000001,6830581,2019-03-03 03:23:02,btc,0.11983125237362309,106930.355407,0.00000004,btc,621828.79924436,0.0,0.0304155181737019,136
1,[],4,[],2019-03-03 08:58:45,270367.70342453,0.00000168,0.00000000006403152000000001,6832182,2019-03-03 08:58:45,btc,38.265724724364034,0.0,0.00000168,btc,509450.41976638,0.06321257,0.0869721922386305,137
1,[],12,[],2019-03-03 08:58:46,293772.47817355,0.00000172000000000000004922169442866941579950434970669448375701904296875,0.00000000006555608,6832183,2019-03-03 08:58:46,btc,11807.599642618032,0.0,0.00000172000000000000004922169442866941579950434970669448375701904296875,btc,124274.50628413,0.0037764511968034,0.019705619999938,137
1,[],17,[],2019-03-03 08:10:04,22967.386363640002,0.00000088,0.000000000033673992,6831659,2019-03-03 08:10:04,btc,20.069913352769944,0.0,0.00000088,btc,2746.079105,0.0,0.0104613000000032,142
1,[],4,[],2019-03-03 08:58:47,106117.00767949,0.00004603,0.00000000175438742,6832184,2019-03-03 08:58:47,btc,28.94665142559501,0.0,0.00004603,btc,44627.71392894,0.87224229,0.6680568048345561,142
1,[],5,[],2019-03-03 08:58:50,0.0,0,0,6832185,2019-03-03 08:58:50,btc,0.0,0.71312208,0,btc,0.0,0.0,0.0,142
1,[],20,[],2019-03-03 08:59:02,132620.4953,0.000025132,0.000000000957881048,6832186,2019-03-03 08:59:02,btc,0.3256490109112,612.3521,0.000025132,btc,1844.2632,0.0210839378296,0.2173535296972,142
1,[],22,[],2019-03-03 08:59:06,1685.8988921568628,0.00004000,0.0000000015245600000000002,6832187,2019-03-03 08:59:06,BTC,3.00385504,0.0,0.00004000,BTC,891.218,0.0,0.00174536,142
0.0,[],25,[],2019-03-03 08:59:07,0.0,0,0,6832188,2019-03-03 08:59:07,,0.0,0.0,0.0,btc,0.0,0.0,0.0,142
1,[],28,[],2019-03-03 09:01:08,76100.0,0.00000817,0.00000000031139138,6832189,2019-03-03 09:01:08,btc,0.0639742472,115.0,0.00000817,btc,500.6113,0.0,0.0041072,142
0,[],22,[],2019-03-03 09:01:11,0.0,0,0,6832190,2019-03-03 09:01:11,,60.70572865,0.0,0,,694633617.3,0.0,0.0,143
0,[],22,[],2019-02-25 15:42:22,0.0,0,0,6783783,2019-02-25 15:42:22,,4.2131946,0.0,0,,2322156.0,0.0,0.0,146
,[],22,[],2018-11-20 23:01:11,0.0,0,0,4862114,2018-11-20 23:01:11,,2.56807021,0.0,,,61828.4988236,0.0,0.0,147
1,[],12,[],2019-03-03 09:01:12,223052.99936612,0.0000022900000000000000975435010541758629187825135886669158935546875,0.00000000008728106000000001,6832191,2019-03-03 09:01:12,btc,16.61412399887634,0.0,0.0000022900000000000000975435010541758629187825135886669158935546875,btc,117090.98938791,0.0004735393497602,0.033307884100001,148
1,[],4,[],2019-03-03 03:24:44,256183.64828986,0.00000030,0.000000000011454390000000001,6830593,2019-03-03 03:24:44,btc,219.967446742935,0.0,0.00000030,btc,800822.7951546,0.0,0.0609752236393456,152
0,[],22,[],2019-03-03 03:25:07,0.0,0,0,6830594,2019-03-03 03:25:07,,0.0,0.0,0,,0.0,0.0,0.0,152
1,[],5,[],2019-03-03 08:49:02,0.0,0,0,6832010,2019-03-03 08:49:02,btc,0.0,0.0,0,btc,0.0,0.0,0.0,153
,[],16,[],2019-01-11 15:38:59,0.0,0,0,6366141,2019-01-11 15:38:59,btc,0.0,0.0,,btc,0.0,0.0,0.0,155
0,[],22,[],2019-03-03 09:01:16,0.0,0,0,6832192,2019-03-03 09:01:16,,6.7463875,0.0,0,,4674391.242592593,0.0,0.0,156
0,[],23,[],2019-01-20 23:24:29,0.0,0,0,6476932,2019-01-20 23:24:29,,0.0,0.0,0,,0.0,0.0,0.0,156
1,[],22,[],2019-03-03 09:01:20,7073.8,0.00005300,0.0000000020200420000000002,6832193,2019-03-03 09:01:20,BTC,1.80343699,0.0,0.00005300,BTC,899.6422341958436,0.0,0.00104336,157
0,[],22,[],2019-03-03 09:01:23,0.0,0,0,6832194,2019-03-03 09:01:23,,50175.67608608,0.0,0,,54079135.04179466,0.0,0.0,158
,[],17,[],2018-11-20 22:56:10,0.0,0,0,4861976,2018-11-20 22:56:10,btc,1.1265625,0.0,,btc,1000.0,0.0,0.0,159
,[],20,[],2018-11-20 22:56:12,0.0,0,0,4861977,2018-11-20 22:56:12,btc,11912.7940471,0.0,,btc,34413894.3617,0.0,0.0,159
1,[],12,[],2019-03-03 09:01:24,181641.56516412,0.000007070000000000000071821888714129755726389703340828418731689453125,0.00000000026946598000000003,6832195,2019-03-03 09:01:24,btc,6.641956434233245,0.0,0.000007070000000000000071821888714129755726389703340828418731689453125,btc,13593.472408130001,0.0035872053303,0.0934153487632051,168
1,[],17,[],2019-03-03 08:21:02,29784.95,0.000001,0.000000000038323299999999995,6831856,2019-03-03 08:21:02,btc,0.03026736251542,0.0,0.000001,btc,144.46171372,0.0,0.00716147,168
0,[],22,[],2019-03-03 09:01:39,0.0,0,0,6832196,2019-03-03 09:01:39,,1.1341504,0.0,0,,539283.174707144,0.0,0.0,169
1,[],22,[],2019-03-03 09:01:42,203600.0,0.00000002,0.0000000000007622800000000001,6832197,2019-03-03 09:01:42,BTC,13.2501524,0.0,0.00000002,BTC,144336.2939341018,0.0,0.002072,171
1,[],22,[],2019-03-03 08:49:35,1359800.1666666667,0.00000005,0.000000000001909035,6832017,2019-03-03 08:49:35,BTC,2.1976194,0.0,0.00000005,"BTC,LTC",242703.64055692567,0.0,0.04233112,173
1,[],5,[],2019-03-03 08:10:56,0.0,0,0,6831674,2019-03-03 08:10:56,btc,0.0,0.03546189,0,btc,0.0,0.0,0.0,175
1,[],22,[],2019-03-03 09:01:46,36494.833333333336,0.0000003,0.0000000000114342,6832198,2019-03-03 09:01:46,BTC,0.51502403,0.0,0.0000003,BTC,137668.41384013777,0.0,0.00239205,176
1,[],7,[],2019-03-03 08:49:40,0.0,0,0,6832019,2019-03-03 08:49:40,btc,410932.5273358376,0.0,0,btc,117801559.31901672,0.0,0.0,178
0,[],22,[],2019-03-03 08:49:43,0.0,0,0,6832020,2019-03-03 08:49:43,,1.00242428,0.0,0,,57512.0,0.0,0.0,178
0,[],2,[],2019-01-20 23:28:34,0.0,0,0,6477001,2019-01-20 23:28:34,,0.0,0.0,0,,0.0,0.0,0.0,178
1,[],5,[],2019-03-03 09:01:48,0.0,0,0,6832199,2019-03-03 09:01:48,btc,0.0,0.36419237,0,btc,0.0,0.0,0.0,179
1,[],22,[],2019-03-03 09:01:52,6949180.5,0.00000002,0.0000000000007622800000000001,6832200,2019-03-03 09:01:52,BTC,5.66692569,0.0,0.00000002,"BTC,LTC",18277556.089868754,0.0,0.37392433,179
0,[],23,[],2019-01-20 23:25:08,0.0,0,0,6476952,2019-01-20 23:25:08,,0.0,0.0,0,,0.0,0.0,0.0,179
1,[],17,[],2019-03-03 09:01:53,10504.725,0.0000001,0.0000000000038114,6832201,2019-03-03 09:01:53,btc,5.20106958384447,0.0,0.0000001,btc,5033.45945,0.0,0.0010504725,180
1,[],22,[],2019-03-03 09:01:57,137629.36666666667,0.00000150,0.000000000057171000000000003,6832202,2019-03-03 09:01:57,BTC,0.21021512,0.0,0.00000150,"BTC,LTC",67588.47835911435,0.00542258,0.01370566,180
1,[],26,[],2019-03-03 09:01:57,0.0,0.00000160,0.00000000006098240000000001,6832203,2019-03-03 09:01:57,btc,0.0,150.0,0.00000160,btc,0.0,0.0,0.0,180
,[],7,[],2018-11-20 22:58:01,562227.975654,0.00000085,0.000000000036176765,4862015,2018-11-20 22:58:01,btc,21836.6059674,2491.87645172,,btc,749999.041456,0.00211021,0.127565380455,183
,[],5,[],2019-01-10 08:11:41,0.0,0,0,6347036,2019-01-10 08:11:41,btc,82.15055501,0.00261,,btc,1.19002445,0.0,0.0,187
1,[],24,[],2019-03-03 09:01:58,0.0,0.000000000001,3.8114e-17,6832204,2019-03-03 09:01:58,btc,0.0,0.0,0.000000000001,btc,0.0,0.0,0.0,187
,[],17,[],2018-11-16 20:58:10,4062536.27273,0.00000001,0.000000000000550501,4708775,2018-11-16 20:58:10,btc,3.36492563466,0.195460381006,,"btc,eth",110697919.549,0.0,0.0157628953496,187
0,[],22,[],2019-03-03 09:02:00,0.0,0,0,6832205,2019-03-03 09:02:00,,7.42841024,0.0,0,,79361.7243078683,0.0,0.0,191
0,[],22,[],2019-03-01 00:51:27,0.0,0,0,6814858,2019-03-01 00:51:27,,0.0,0.0,0,,0.0,0.0,0.0,197
0,[],23,[],2019-01-20 23:31:41,0.0,0,0,6477079,2019-01-20 23:31:41,,0.0,0.0,0,,0.0,0.0,0.0,199
0,[],22,[],2019-03-03 09:02:03,0.0,0,0,6832206,2019-03-03 09:02:03,,5.19477622,0.0,0,,21058553.0,0.0,0.0,199
1,[],26,[],2019-03-03 09:02:04,0.0,0.00000000,0,6832207,2019-03-03 09:02:04,btc,0.0,14409.0,0.00000000,btc,0.0,0.0,0.0,199
0,[],17,[],2019-01-30 16:32:01,0.0,0,0,6540827,2019-01-30 16:32:01,btc,6.802544163788159,0.0,0,btc,105897.55575295,0.0,0.0,200
0,[],2,[],2019-01-20 23:30:49,0.0,0,0,6477059,2019-01-20 23:30:49,,0.0,0.0,0,,0.0,0.0,0.0,201
1,[],4,[],2019-01-25 15:51:35,2084389.58565343,0.00000936,0.000000000333526752,6499557,2019-01-25 15:51:35,btc,2.0092503037378524,0.0,0.00000936,btc,160195.80207885,0.19272417,1.242687955921835,211
1,[],7,[],2019-03-03 09:02:06,2688454.51861085,0.000001309999999999999951307938332589753116508290986530482769012451171875,0.00000000004992934,6832208,2019-03-03 09:02:06,btc,15476835.720793065,735269.201262,0.000001309999999999999951307938332589753116508290986530482769012451171875,btc,12751055.69313059,0.0,2.2538572246269593,212
1,[],5,[],2019-03-03 09:02:08,0.0,0,0,6832209,2019-03-03 09:02:08,btc,0.0,0.05658285,0,btc,0.0,0.0,0.0,213
1,[],24,[],2019-03-03 09:02:08,0.0,0.000000120000,0.00000000000457368,6832210,2019-03-03 09:02:08,btc,0.0,0.0,0.000000120000,btc,0.0,0.0,0.0,213
1,[],26,[],2019-03-03 09:02:08,0.0,0.00000010,0.0000000000038114000000000005,6832211,2019-03-03 09:02:08,btc,0.0,0.0,0.00000010,btc,0.0,0.0,0.0,213
1,[],12,[],2019-01-25 02:44:32,207462.42853209,0.000001080000000000000035831255497387193287295303889550268650054931640625,0.000000000038610756000000006,6493050,2019-01-25 02:44:32,btc,85023.03793723314,0.0,0.000001080000000000000035831255497387193287295303889550268650054931640625,btc,43675.73520027,0.000146250909087,0.0348620860622024,213
1,[],22,[],2019-03-03 08:50:08,40264.0,0.00000003,0.0000000000011454210000000002,6832033,2019-03-03 08:50:08,BTC,2.2359633,0.0,0.00000003,BTC,640475.3963726171,0.001656,0.00062622,216
1,[],27,[],2019-03-03 08:50:11,1298602.0,0.00000003,0.0000000000011454210000000002,6832034,2019-03-03 08:50:11,btc,316.25858560644,0.0,0.00000003,"btc,ltc",237761.907,0.0,0.033772040000228036,216
1,[],22,[],2019-03-03 09:02:12,184802.06081954937,0.00000188,0.00000000007165432,6832212,2019-03-03 09:02:12,BTC,12673.41469729,0.0,0.00000188,BTC,379451.89625069255,0.05458034,0.21934774,217
1,[],7,[],2019-03-03 09:02:13,0.0,0,0,6832213,2019-03-03 09:02:13,btc,77969.65966620563,0.0,0,btc,136168678.88835862,0.0,0.0,219
1,[],27,[],2019-03-03 09:02:15,77555.50519058,0.00000001,0.00000000000038114000000000003,6832214,2019-03-03 09:02:15,btc,0.002352,1422444.49480942,0.00000001,btc,4900.0,0.01422444,0.0007755550519058,219
0.0000000000000052,[],28,[],2019-03-03 09:02:18,180224340.317,2.81788e-18,1.0740067832e-22,6832215,2019-03-03 09:02:18,doge,84513.6319796525,541334.758,0.00054190,"btc,doge",3631187.84751,0.0,3.8805680189581396e-11,219
1,[],22,[],2019-03-03 08:50:30,301964.6666666667,0.00000003,0.0000000000011454210000000002,6832039,2019-03-03 08:50:30,BTC,2.83272516,0.0,0.00000003,BTC,96579.27041875875,0.000721,0.00824564,221
1,[],24,[],2019-03-03 08:50:30,0.0,0.000000200000,0.00000000000763614,6832040,2019-03-03 08:50:30,btc,0.0,0.0,0.000000200000,btc,0.0,0.0,0.0,221
1,[],20,[],2019-03-03 08:50:32,40062884.4677,0.000000001,0.0000000000000381807,6832041,2019-03-03 08:50:32,btc,48.2361452390245,30135.9973,0.000000001,btc,13001424.69,3.01359973e-05,0.0400628844677,224
0,[],22,[],2019-03-03 08:50:34,0.0,0,0,6832042,2019-03-03 08:50:34,,0.0,0.0,0,,0.0,0.0,0.0,224
1,[],26,[],2019-03-03 09:02:18,0.0,0.00000035,0.000000000013339900000000001,6832216,2019-03-03 09:02:18,btc,0.0,0.0,0.00000035,btc,0.0,0.0,0.0,231
1,[],26,[],2019-03-03 09:02:19,0.0,0.00000006,0.00000000000228684,6832217,2019-03-03 09:02:19,btc,0.0,100.0,0.00000006,btc,0.0,0.0,0.0,234
0.0000000003499347,[],27,[],2019-03-03 09:02:21,2000.0,3.499347e-18,1.33374111558e-22,6832218,2019-03-03 09:02:21,eth,0.01134836604,0.0,0.00000001,"btc,eth",11462.996,0.0,6.998694e-15,234
1,[],4,[],2019-03-03 08:50:39,841894.292885,0.00000081,0.000000000030926367,6832046,2019-03-03 08:50:39,btc,4.4764540373068265,0.0,0.00000081,btc,1187022.90286493,0.03927724,0.2437704106044173,236
1,[],24,[],2019-03-03 08:50:39,0.0,0.000000300000,0.00000000001145421,6832047,2019-03-03 08:50:39,btc,0.0,0.0,0.000000300000,btc,0.0,0.0,0.0,236
1,[],20,[],2019-03-03 08:50:41,74092919.2971,0.000000069,0.0000000000026344683,6832048,2019-03-03 08:50:41,btc,13.3881031979738,36453492.4554,0.000000069,btc,42316378.0795,2.4915013308143,0.5344113324027,237
0.00000000012668499999999999,[],22,[],2019-03-03 08:50:44,751594.9,2.153645e-17,8.222767365150001e-22,6832049,2019-03-03 08:50:44,LTC,0.0413973,0.0,0.00000017,LTC,7239.0,5.669280435e-14,0.12541949,237
1,[],4,[],2019-03-03 08:50:45,7660940.88746231,0.00000033,0.000000000012599631,6832050,2019-03-03 08:50:45,btc,7.631194453539068,0.0,0.00000033,btc,12647864.88800238,0.41448882,1.8171056773327119,238
1,[],5,[],2019-03-03 08:50:45,0.0,0,0,6832051,2019-03-03 08:50:45,btc,0.0,0.02552427,0,btc,0.0,0.0,0.0,238
0,[],22,[],2019-03-03 09:02:24,0.0,0,0,6832219,2019-03-03 09:02:24,,0.41339518,0.0,0,,316626.5639027493,0.0,0.0,249
0.0000000001266668,[],22,[],2019-03-03 09:02:28,86252235.66666667,5.066672e-18,1.93111136608e-22,6832220,2019-03-03 09:02:28,LTC,0.81061926,0.0,0.00000004,LTC,16215189.09,0.0,1.86496833,252
1,[],28,[],2019-03-03 09:02:30,2195465.889,0.00000033,0.000000000012577620000000001,6832221,2019-03-03 09:02:30,btc,164725.91151128022,191324.4,0.00000033,btc,2402004.3872,0.0,0.35914430947,256
1,[],22,[],2019-03-03 08:51:03,1073354.0,0.00000002,0.000000000000763614,6832055,2019-03-03 08:51:03,BTC,31.47160001,0.0,0.00000002,BTC,670687.0957866946,0.0,0.01093354,258
1,[],22,[],2019-03-03 09:02:34,48751.0,0.00000001,0.00000000000038114000000000003,6832222,2019-03-03 09:02:34,BTC,2.4175745,0.0,0.00000001,BTC,1762.0,0.0,0.00048751,259
1,[],5,[],2019-03-03 09:02:35,0.0,0,0,6832223,2019-03-03 09:02:35,btc,0.0,0.09453364,0,btc,0.0,0.0,0.0,264
1,[],20,[],2019-03-03 09:02:37,1258675.8803,0.00000211,0.00000000008042054000000001,6832224,2019-03-03 09:02:37,btc,7.4538820999472,55214.7592,0.00000211,btc,104278.2268,0.1712357971514,0.0232476557884,264
0,[],22,[],2019-03-03 08:51:28,0.0,0,0,6832059,2019-03-03 08:51:28,,8.33280293,0.0,0,,421298.34411321935,0.0,0.0,271
0,[],22,[],2019-03-03 08:51:30,0.0,0,0,6832060,2019-03-03 08:51:30,,271.32434057,0.0,0,,14426973420.692,0.0,0.0,272
0.0000000000000052,[],28,[],2019-03-03 08:51:36,231710740380.905,4.992e-21,1.9059805440000002e-25,6832061,2019-03-03 08:51:36,doge,35472935.53054333,16739418702.785,0.00000096,doge,187319096450.8199,0.0,6.737791921816418e-10,272
1,[],22,[],2019-03-03 08:51:41,115773.74,0.00000500,0.0000000001909035,6832062,2019-03-03 08:51:41,BTC,74.20201468,0.0,0.00000500,"BTC,LTC",8351.47763977319,0.0,0.05066482,281
1,[],22,[],2019-03-03 08:51:44,1125387.2083333333,0.00000008,0.000000000003054456,6832063,2019-03-03 08:51:44,BTC,1.18192134,0.0,0.00000008,BTC,123875.99887885062,0.00108936,0.03578437,286
0,[],22,[],2019-03-03 08:51:46,0.0,0,0,6832064,2019-03-03 08:51:46,,43635.53418966,0.0,0,,367483809.0,0.0,0.0,294
