pairValue,buyBook,exchangeId,sellBook,updated,buyTotal,satoshiPrice,usdPrice,exchangeLogId,created,bestPair,sellTotalBtc,volume,pairPrice,activePairs,sellTotal,volumeBtc,buyTotalBtc,coinId
1,[],3,[],2019-02-25 11:02:46,30532.08070289186,0.01261238999999999936540984180055602337233722209930419921875,0.000000478768846878,6781225,2019-02-25 11:02:46,btc,61.117204207277716,0.17363166,0.01261238999999999936540984180055602337233722209930419921875,btc,25.648430397907,0.0,0.2085261317609008,1
1,[],4,[],2019-02-25 11:02:47,302961.20072233,0.01283224,0.000000487114396848,6781226,2019-02-25 11:02:47,btc,9.098080240006293,0.0,0.01283224,btc,254.56090589,1.40032499,1.2383624622612652,1
1,[],5,[],2019-02-25 11:02:49,0.0,0,0,6781227,2019-02-25 11:02:49,btc,0.0,0.3351856,0,btc,0.0,0.0,0.0,1
1,[],10,[],2019-02-25 11:02:50,414671.08329908,0.0116662,0.00000044285128524,6781228,2019-02-25 11:02:50,btc,6522.578710892752,1250.18555965,0.0116662,btc,1034.09828212,0.0,5.52853281801085,1
1,[],12,[],2019-02-25 11:02:53,10431.86972218,0.01273999999999999958866236937637950177304446697235107421875,0.000000483612948,6781229,2019-02-25 11:02:53,btc,0.3472071124408,0.0,0.01273999999999999958866236937637950177304446697235107421875,btc,18.5668148,0.1804999691046,0.2996011442362,1
1,[],20,[],2019-02-25 11:02:55,1150.428,0.010500214,0.00000039859022348280003,6781230,2019-02-25 11:02:55,btc,0.0610059484809,0.0472,0.010500214,btc,2.7408,0.0006372098648,0.0915544251227,1
1,[],21,[],2019-02-25 11:02:56,2477.74883493,0.01262906999999999918538051702,0.000000479402023014,6781231,2019-02-25 11:02:56,btc,23.858249889646356,3707.6754188100003,0.012629069999999999185380517019439139403402805328369140625,"btc,eth",2509.32065686,40.963726785559885,23.91032534735233,1
1,[],22,[],2019-02-25 11:03:07,0.0163776,0.01300000,0.0000004934826,6781232,2019-02-25 11:03:07,BTC,0.31423927,0.0,0.01300000,BTC,0.11751954901960784,0.0,0.00020972,1
1,[],24,[],2019-02-25 11:03:08,0.0,0.000000000000,0,6781233,2019-02-25 11:03:08,btc,0.0,0.0,0.000000000000,btc,0.0,0.0,0.0,1
0.0,[],25,[],2019-02-25 11:03:09,0.0,0,0,6781234,2019-02-25 11:03:09,btc,15.69939999782334,741.8607189,0.0,btc,1206.78495237,9.595,0.0,1
1,[],26,[],2019-02-25 11:03:10,0.0,0,0,6781235,2019-02-25 11:03:10,,0.0,0.0,0,,0.0,0.0,0.0,1
1,[],28,[],2019-02-25 11:03:11,993.21,0.01323000,0.000000502213446,6781236,2019-02-25 11:03:11,btc,0.162839806,18493.85,0.01323000,btc,8.9,0.0,0.090071836,1
0,[],2,[],2019-01-20 23:28:45,0.0,0,0,6477011,2019-01-20 23:28:45,,0.0,0.0,0,,0.0,0.0,0.0,1
1,[],5,[],2019-02-25 11:03:13,0.0,0,0,6781237,2019-02-25 11:03:13,btc,0.0,0.0147035,0,btc,0.0,0.0,0.0,2
0,[],22,[],2019-02-25 11:03:18,0.0,0,0,6781238,2019-02-25 11:03:18,,0.0,0.0,0,,0.0,0.0,0.0,2
1,[],5,[],2019-02-25 11:03:20,0.0,0,0,6781239,2019-02-25 11:03:20,btc,0.0,0.0326978,0,btc,0.0,0.0,0.0,3
1,[],12,[],2019-02-25 11:03:21,13482503.0642,0.000000174,0.0000000000066050748,6781240,2019-02-25 11:03:21,btc,924396.4697624285,0.0,0.000000174,btc,7826938.7458056295,0.20304787529300208,0.7001846337095,3
0,[],28,[],2019-02-25 11:03:22,0.0,0,0,6781241,2019-02-25 11:03:22,,0.0,0.0,0,,0.0,0.0,0.0,3
0,[],2,[],2019-01-20 23:31:32,0.0,0,0,6477077,2019-01-20 23:31:32,,0.0,0.0,0,,0.0,0.0,0.0,4
1,[],4,[],2019-02-22 15:52:28,400439.70738348,0.00000032,0.000000000012596480000000001,6759744,2019-02-22 15:52:28,btc,31.576426407239886,0.0,0.00000032,btc,685876.08766458,0.0,0.0547125982053145,4
1,[],12,[],2019-02-22 14:50:14,1367032.5219999999,0.00000003,0.000000000001190475,6759350,2019-02-22 14:50:14,btc,11013869.583570713,0.0,0.00000003,btc,1211697.32371984,0.00024567976024,0.02065290044,5
0,[],2,[],2019-01-20 23:31:51,0.0,0,0,6477087,2019-01-20 23:31:51,,0.0,0.0,0,,0.0,0.0,0.0,6
1,[],11,[],2019-02-25 10:52:18,3351329.5,0.00000002,0.000000000000759174,6781044,2019-02-25 10:52:18,btc,9432.836945181234,61187.0,0.00000002,btc,41471686.95347657,0.0,0.034501425,6
1,[],3,[],2019-02-25 11:03:23,1091.857220066689,0.00015102999999999999563259078794175138682476244866847991943359375,0.000000005733129006,6781242,2019-02-25 11:03:23,btc,27.605796873748474,0.0,0.00015102999999999999563259078794175138682476244866847991943359375,btc,249.144760639695,0.0,0.03419745781762677,7
1,[],4,[],2019-02-25 11:03:23,90121.74666032,0.00023223,0.000000008815497246,6781243,2019-02-25 11:03:23,btc,12.94074295472887,0.0,0.00023223,btc,41888.41442585,5.8555606,3.985056863142409,7
1,[],5,[],2019-02-25 11:03:25,0.0,0,0,6781244,2019-02-25 11:03:25,btc,0.0,1.64388381,0,btc,0.0,0.0,0.0,7
1,[],20,[],2019-02-20 02:16:17,39399275.8418,0.000000001,0.0000000000000390183,6728586,2019-02-20 02:16:17,btc,116.9737569154545,525.0,0.000000001,btc,56932965.8895,5.25e-07,0.0393992758418,8
1,[],4,[],2019-02-25 11:03:27,2159805.85155934,0.00000196,0.000000000074401992,6781245,2019-02-25 11:03:27,btc,5.095515625489387,0.0,0.00000196,btc,1730252.51825471,6.69951739,1.1375307723649815,9
1,[],28,[],2019-02-25 11:03:29,50365.0,0.00000185,0.00000000007022637,6781246,2019-02-25 11:03:29,btc,2708.76220322,3714914.81,0.00000185,btc,11979.68,0.0,0.05600435,9
0,[],2,[],2019-01-20 23:22:42,0.0,0,0,6476876,2019-01-20 23:22:42,,0.0,0.0,0,,0.0,0.0,0.0,9
0,[],23,[],2019-01-20 23:22:48,0.0,0,0,6476878,2019-01-20 23:22:48,,0.0,0.0,0,,0.0,0.0,0.0,9
1,[],1,[],2019-02-17 23:31:42,1822507.21,0.00000181000000000000003456111265232042484285557293333113193511962890625,0.000000000066086901,6701244,2019-02-17 23:31:42,btc,3.6990969245,17153386.5,0.00000181000000000000003456111265232042484285557293333113193511962890625,btc,1997391.71,31.11772986,3.2610482446,9
1,[],4,[],2019-02-17 11:22:43,4341674.27126056,0.00000002,0.0000000000007272960000000001,6696112,2019-02-17 11:22:43,btc,0.1997230937751353,0.0,0.00000002,btc,4109766.79808031,0.00215132,0.0479381022052112,10
1,[],4,[],2019-02-25 11:03:30,3154704.72224167,0.00000125,0.000000000047450250000000004,6781247,2019-02-25 11:03:30,btc,12.131340829053585,0.0,0.00000125,btc,6305207.12023115,2.27554733,1.507157368937324,12
1,[],5,[],2019-02-25 11:03:32,0.0,0,0,6781248,2019-02-25 11:03:32,btc,0.0,0.32424144,0,btc,0.0,0.0,0.0,12
0.0,[],25,[],2019-02-25 11:03:33,0.0,0,0,6781249,2019-02-25 11:03:33,,0.0,0.0,0.0,btc,0.0,0.0,0.0,12
0,[],2,[],2019-01-20 23:23:08,0.0,0,0,6476890,2019-01-20 23:23:08,,0.0,0.0,0,,0.0,0.0,0.0,12
1,[],4,[],2019-02-25 11:03:35,1216371.34942157,0.00000551,0.000000000209160702,6781250,2019-02-25 11:03:35,btc,3.1526518979790232,0.0,0.00000551,btc,442903.53303101,0.21058817,0.7094067764525532,13
1,[],21,[],2019-02-25 11:03:38,489707.27815527003,0.000005509999999999999761250008001,0.00000000020916070199999998,6781251,2019-02-25 11:03:38,btc,5.470067998573031,445696.98682335,0.0000055099999999999997612500080013120395960868336260318756103515625,btc,871665.8370354,2.48496551,2.4997533438382864,13
1,[],10,[],2019-02-25 10:41:45,468369.21403415,0.0000053,0.00000000020073432,6780857,2019-02-25 10:41:45,btc,666802.6021011887,8718.88702899,0.0000053,btc,744507.46500729,0.0,0.2551263622435975,13
1,[],4,[],2019-02-25 11:03:39,649482.9286595,0.00000118,0.000000000044793036,6781252,2019-02-25 11:03:39,btc,9.150073153429593,0.0,0.00000118,btc,879335.14130449,0.04046317,0.1059662903604304,14
1,[],12,[],2019-02-25 11:03:40,117251.91304348,0.000001129999999999999980629101885287735029805844533257186412811279296875,0.000000000042895026,6781253,2019-02-25 11:03:40,btc,5.294398240593837,0.0,0.000001129999999999999980629101885287735029805844533257186412811279296875,btc,33866.19873547,1.36863137e-06,0.0222176600000004,14
0,[],17,[],2019-02-25 11:03:41,0.0,0,0,6781254,2019-02-25 11:03:41,btc,0.0,0.0,0,btc,0.0,0.0,0.0,14
1,[],26,[],2019-02-25 11:03:42,0.0,0.00000050,0.0000000000189801,6781255,2019-02-25 11:03:42,btc,0.0,0.0,0.00000050,btc,0.0,0.0,0.0,14
0,[],4,[],2019-02-25 11:03:42,0.0,0,0,6781256,2019-02-25 11:03:42,,0.0,0.0,0,,0.0,0.0,0.0,15
,[],12,[],2018-12-01 15:15:48,204241.84496,0.00000489,0.000000000202473384,5260204,2018-12-01 15:15:48,btc,49.5475654835,0.0,,btc,35763.2193806,0.0163153972027625,0.0203389899998,15
1,[],4,[],2019-02-25 11:03:44,26843.04605692,0.00001786,0.000000000677969172,6781257,2019-02-25 11:03:44,btc,1.218648802123747,0.0,0.00001786,btc,8823.68255707,0.09069821,0.0988459154492479,18
1,[],10,[],2019-02-25 11:03:47,784005.0287766,0.00001745,0.0000000006624054900000001,6781258,2019-02-25 11:03:47,btc,19.97070060475149,11111.9868731,0.00001745,btc,19935.84434936,0.0,0.1482837690778714,18
1,[],12,[],2019-02-25 11:03:48,199125.95656038998,0.0000187000000000000005302182304323110884070047177374362945556640625,0.00000000070985574,6781259,2019-02-25 11:03:48,btc,23.668474551592695,0.0,0.0000187000000000000005302182304323110884070047177374362945556640625,btc,1890.20289361,0.0109798577734652,0.0331211827861585,18
0,[],17,[],2019-02-25 11:03:49,0.0,0,0,6781260,2019-02-25 11:03:49,btc,0.0,0.0,0,btc,0.0,0.0,0.0,18
0,[],2,[],2019-01-20 23:23:38,0.0,0,0,6476906,2019-01-20 23:23:38,,0.0,0.0,0,,0.0,0.0,0.0,18
1,[],3,[],2019-02-25 11:03:50,120776.3141567528,0.00002203999999999999904500003200524815838434733450412750244140625,0.0000000008366428079999999,6781261,2019-02-25 11:03:50,btc,0.5975018668914597,0.022498995581,0.00002203999999999999904500003200524815838434733450412750244140625,btc,11484.76356169474,0.0,0.07966178993169826,19
1,[],4,[],2019-02-25 11:03:51,381006.17995046,0.00002106,0.000000000799441812,6781262,2019-02-25 11:03:51,btc,2.444723200995347,0.0,0.00002106,btc,72892.35043702,0.81215926,2.3732504983902265,19
1,[],5,[],2019-02-25 11:03:51,0.0,0,0,6781263,2019-02-25 11:03:51,btc,0.0,0.00016416,0,btc,0.0,0.0,0.0,19
1,[],12,[],2019-02-25 11:03:53,134055.95228477,0.00001819999999999999854114092479040465377693180926144123077392578125,0.0000000006908756399999999,6781264,2019-02-25 11:03:53,btc,1.3578957964685716,0.0,0.00001819999999999999854114092479040465377693180926144123077392578125,btc,382.27457877,0.0,0.10414003000007,19
0,[],27,[],2019-02-25 11:03:56,0.0,0,0,6781265,2019-02-25 11:03:56,,0.0,0.0,0,btc,0.0,0.0,0.0,19
0,[],2,[],2019-01-20 23:24:19,0.0,0,0,6476924,2019-01-20 23:24:19,,0.0,0.0,0,,0.0,0.0,0.0,19
1,[],4,[],2019-02-25 11:03:57,8069160.95424551,0.00000013,0.000000000004934826,6781266,2019-02-25 11:03:57,btc,7.376054659582633,0.0,0.00000013,btc,2843149.4360639,0.00013,0.2582725451781454,20
1,[],4,[],2019-02-25 11:03:58,103972038.26237024,0.00000002,0.000000000000759204,6781267,2019-02-25 11:03:58,btc,1800.1490522679403,0.0,0.00000002,btc,55255944.17817261,0.02286247,1.1671812091280451,21
1,[],12,[],2019-02-25 11:04:00,18647376.0,0.00000002,0.000000000000759204,6781268,2019-02-25 11:04:00,btc,670.3899289734848,0.0,0.00000002,btc,8544410.32857329,0.0,0.24518776,21
0,[],17,[],2019-02-25 10:53:11,0.0,0,0,6781070,2019-02-25 10:53:11,btc,0.0,0.0,0,btc,0.0,0.0,0.0,21
1,[],12,[],2019-02-25 11:04:12,3357305947.6808996,0.0000000002,0.000000000000007592040000000001,6781269,2019-02-25 11:04:12,btc,875865842724.4619,0.0,0.0000000002,btc,4914465009.827613,0.030822131053147808,0.37774466178299043,23
0.0000000003604008,[],27,[],2019-02-25 11:04:17,2000.0,3.604008e-18,1.368088644816e-22,6781270,2019-02-25 11:04:17,eth,1.3429826565934113,0.0,0.00000001,eth,1964879.85514486,0.0,7.208016e-15,23
1,[],4,[],2019-02-25 11:04:18,423360.38692959,0.00000060,0.00000000002277612,6781271,2019-02-25 11:04:18,btc,8.336318410765582,0.0,0.00000060,btc,1473781.77249264,0.00405381,0.1407384707937122,24
1,[],22,[],2019-02-25 11:04:24,11.76,0.00000100,0.0000000000379602,6781272,2019-02-25 11:04:24,BTC,7.415e-05,0.0,0.00000100,BTC,23.919354838709676,0.0,1.176e-05,24
0.0,[],25,[],2019-02-25 11:04:25,0.0,0,0,6781273,2019-02-25 11:04:25,,0.0,0.0,0.0,btc,0.0,0.0,0.0,24
1,[],4,[],2019-02-25 10:53:27,28283065.7817422,0.00000660,0.00000000025052742,6781076,2019-02-25 10:53:27,btc,167.69132790663576,0.0,0.00000660,btc,270268.66056897,0.23574679,0.4867465562876305,26
1,[],10,[],2019-02-25 10:53:30,700709.69042245,0.00000643,0.000000000244074441,6781077,2019-02-25 10:53:30,btc,26.12573972812805,6565.42328475,0.00000643,btc,14071.92039774,0.0,0.2647655774169032,26
0,[],2,[],2019-01-20 23:25:56,0.0,0,0,6476976,2019-01-20 23:25:56,,0.0,0.0,0,,0.0,0.0,0.0,26
1,[],3,[],2019-02-25 10:53:31,6199666.70213569,0.00000001,0.000000000000379587,6781078,2019-02-25 10:53:31,btc,2.305344452908978,185.0,0.00000001,btc,17468726.40982035,0.0,0.061996667021356894,27
1,[],5,[],2019-02-25 10:53:31,0.0,0,0,6781079,2019-02-25 10:53:31,btc,0.0,0.00275718,0,btc,0.0,0.0,0.0,27
1,[],11,[],2019-02-25 10:53:33,9661469.607065821,0.00000005,0.000000000001897935,6781080,2019-02-25 10:53:33,btc,67506.53157702075,146281.413934,0.00000005,btc,8171781.9763934,0.0,0.4509737746429231,27
1,[],4,[],2019-02-25 11:04:27,1482422958.1794705,0.00000002,0.000000000000759204,6781274,2019-02-25 11:04:27,btc,4.8647604824143205,0.0,0.00000002,"btc,ltc",419075051.2810999,0.20874836,11.355211386931526,29
1,[],7,[],2019-02-25 11:04:28,51950151.257984236,0.00000002,0.000000000000759204,6781275,2019-02-25 11:04:28,btc,44463896.84220634,36514.21,0.00000002,btc,60163460.78121973,0.0,0.7086609276639676,29
1,[],4,[],2019-02-25 11:04:29,1436249.10080061,0.00000029,0.000000000011008458,6781276,2019-02-25 11:04:29,btc,2.3338061544023123,0.0,0.00000029,btc,1568781.55724863,0.00293056,0.0996153136031407,30
0,[],17,[],2019-02-25 10:53:39,0.0,0,0,6781084,2019-02-25 10:53:39,btc,0.0,0.0,0,btc,0.0,0.0,0.0,30
1,[],4,[],2019-02-25 10:53:41,1110619.70625822,0.00005341,0.000000002027374167,6781085,2019-02-25 10:53:41,btc,4.908886373915285,0.0,0.00005341,btc,63330.79053064,0.96715932,0.7934278816227346,31
1,[],21,[],2019-02-25 10:53:42,44961.990329860004,0.00005338000000000000052789370097,0.000000002026235406,6781086,2019-02-25 10:53:42,btc,2.497315014040287,159428.2468926,0.0000533800000000000005278937009745021669004927389323711395263671875,btc,41252.28229704,8.88775213,1.742884482011552,31
0,[],2,[],2019-01-20 23:28:43,0.0,0,0,6477009,2019-01-20 23:28:43,,0.0,0.0,0,,0.0,0.0,0.0,32
1,[],4,[],2019-02-25 11:04:41,339290944.6874948,0.00000004,0.000000000001518408,6781277,2019-02-25 11:04:41,btc,9.700319832080602,0.0,0.00000004,"btc,ltc",172646644.67484382,0.94882883,7.442056245733414,33
1,[],12,[],2019-02-25 11:04:42,16962103.0,0.00000004,0.000000000001518408,6781278,2019-02-25 11:04:42,btc,35620535.65049898,0.0,0.00000004,btc,89580645.38423644,0.02064660790105,0.5522629,33
1,[],4,[],2019-02-25 10:53:46,126182741.37162755,0.00000001,0.000000000000379587,6781089,2019-02-25 10:53:46,btc,4.1472429095891306,0.0,0.00000001,btc,98279943.10918319,0.0387187,1.2618274137162755,34
1,[],5,[],2019-02-25 10:53:46,0.0,0,0,6781090,2019-02-25 10:53:46,btc,0.0,0.33112731,0,btc,0.0,0.0,0.0,34
0.0000000001162503,[],4,[],2019-02-25 11:04:43,2683589512.07125,3.487509e-18,1.323865391418e-22,6781279,2019-02-25 11:04:43,ltc,2.5417645680289094e-08,0.0,0.00000003,ltc,2903071568.5602064,0.0,4.6814984587921994e-09,36
1,[],5,[],2019-02-25 11:04:43,0.0,0,0,6781280,2019-02-25 11:04:43,btc,0.0,0.0,0,btc,0.0,0.0,0.0,36
0,[],17,[],2019-02-25 11:04:55,0.0,0,0,6781281,2019-02-25 11:04:55,btc,0.0746458232965017,0.0,0,btc,4103573.70243647,0.0,0.0,36
0.0000000003604008,[],27,[],2019-02-25 11:04:57,1000000.0,3.604008e-18,1.368088644816e-22,6781282,2019-02-25 11:04:57,eth,114.12865132688529,0.0,0.00000001,"ltc,eth",4157587.7875004,0.0,1.16738601e-12,36
1,[],4,[],2019-02-25 10:54:02,641841.43405312,0.00000059,0.000000000022395633,6781094,2019-02-25 10:54:02,btc,19772.500496274977,0.0,0.00000059,btc,574719.07029073,0.01727618,0.1388241154935449,37
1,[],12,[],2019-02-25 10:54:03,601946.19867522,0.00000058,0.000000000022016045999999997,6781095,2019-02-25 10:54:03,btc,1346.979549241578,0.0,0.00000058,btc,898416.12654042,0.0691557944529533,0.1397253469868681,37
1,[],17,[],2019-02-25 10:54:15,1752.74075282,0.00000025,0.000000000009489674999999999,6781096,2019-02-25 10:54:15,btc,0.055484923777095005,0.0,0.00000025,btc,1319.19918473,0.0,0.00043818518820499993,37
1,[],27,[],2019-02-25 10:54:17,14685.567,0.00000045,0.000000000017081415,6781097,2019-02-25 10:54:17,btc,25.81996186649233,0.0,0.00000045,btc,6791.34738508,0.0,0.00480032515,37
1,[],5,[],2019-02-25 10:54:18,0.0,0,0,6781098,2019-02-25 10:54:18,btc,0.0,0.03493821,0,btc,0.0,0.0,0.0,42
1,[],12,[],2019-02-25 10:54:19,137048.80829225,0.00000096,0.000000000036440351999999995,6781099,2019-02-25 10:54:19,btc,94.69906985918388,0.0,0.00000096,btc,109858.16798842,0.0033452992838429,0.0425816579649589,42
0.0000000003603017,[],27,[],2019-02-25 10:54:21,2000.0,3.603017e-18,1.3676584139790001e-22,6781100,2019-02-25 10:54:21,eth,0.00315028,0.0,0.00000001,"btc,eth",11.007,0.0,7.206034000000001e-15,42
1,[],5,[],2019-02-25 10:54:22,0.0,0,0,6781101,2019-02-25 10:54:22,btc,0.0,0.01398032,0,btc,0.0,0.0,0.0,43
1,[],12,[],2019-02-25 10:54:23,1781593.0,0.00000001,0.000000000000379587,6781102,2019-02-25 10:54:23,btc,3569.5040086325275,0.0,0.00000001,btc,12096736.97242756,0.016480715954046,0.01781593,43
0,[],17,[],2019-02-25 10:54:24,0.0,0,0,6781103,2019-02-25 10:54:24,btc,0.0,0.0,0,btc,0.0,0.0,0.0,43
1,[],12,[],2019-02-25 10:54:25,667590.0,0.00000005,0.000000000001897935,6781104,2019-02-25 10:54:25,btc,11115177.730081877,0.0,0.00000005,btc,1111199.40161834,0.00059293976024,0.01669856,44
1,[],4,[],2019-02-25 10:54:26,303371082.7733453,0.00000002,0.000000000000759174,6781105,2019-02-25 10:54:26,btc,473.5638709615583,0.0,0.00000002,"btc,ltc",11665902.13165541,0.02347148,0.19406406664913714,49
0,[],4,[],2019-02-25 10:54:27,0.0,0,0,6781106,2019-02-25 10:54:27,,25.47533666054622,0.0,0,,10686886357.282566,0.0,0.0,52
0.0000000001267699,[],22,[],2019-02-25 10:43:23,80845862.0,1.2676990000000001e-18,4.8013339005600006e-23,6780909,2019-02-25 10:43:23,XMR,4366.96886723,0.0,0.00000001,XMR,255240311.67882353,0.0,0.80845862,57
0.0000000003609333,[],27,[],2019-02-25 10:43:25,2000.0,3.609333e-18,1.367013217752e-22,6780910,2019-02-25 10:43:25,eth,0.0,0.0,0.00000001,"btc,eth",0.0,0.0,7.218666e-15,57
0,[],17,[],2019-02-25 09:42:32,0.0,0,0,6780530,2019-02-25 09:42:32,btc,1e+24,0.0,0,btc,49306342.21952568,0.0,0.0,58
0.0000000001163705,[],4,[],2019-02-25 10:54:28,1119863635.8186316,3.491115e-18,1.325181869505e-22,6781107,2019-02-25 10:54:28,ltc,18.811298762415806,0.0,0.00000003,ltc,4062131374.4851704,0.0,2.771092006518401e-09,58
1,[],12,[],2019-02-25 10:54:29,1627755701.843957,0.0000000004,0.00000000000001518348,6781108,2019-02-25 10:54:29,btc,224005479621.0723,0.0,0.0000000004,btc,3775568294.0290904,0.02906675145174827,0.5264825415011392,58
0.0000000001263966,[],22,[],2019-02-25 10:54:47,137438.0,1.263966e-18,4.7978506204200003e-23,6781109,2019-02-25 10:54:47,XMR,69.8835922,0.0,0.00000001,XMR,9887963.0,0.0,0.00137438,58
1,[],5,[],2019-02-25 10:54:48,0.0,0,0,6781110,2019-02-25 10:54:48,btc,0.0,0.0032717,0,btc,0.0,0.0,0.0,61
1,[],22,[],2019-02-25 10:54:56,5149.5,0.00000011,0.000000000004175457,6781111,2019-02-25 10:54:56,BTC,1002.29597012,0.0,0.00000011,BTC,14947.700278135757,0.0,0.00051596,61
1,[],26,[],2019-02-25 10:54:56,0.0,0.00000800,0.00000000030366959999999997,6781112,2019-02-25 10:54:56,btc,0.0,0.0,0.00000800,btc,0.0,0.0,0.0,61
1,[],27,[],2019-02-25 10:54:59,2493.55,0.00000045,0.000000000017081415,6781113,2019-02-25 10:54:59,btc,7.847371381030758,0.0,0.00000045,"btc,eth",20831.38399471,0.0,0.00021559750353095667,61
1,[],28,[],2019-02-25 10:55:06,13882.304,0.0000005,0.000000000018979349999999998,6781114,2019-02-25 10:55:06,btc,2.056328285685105,796.0,0.0000005,btc,9746.52450005,0.0,0.00566491304,61
1,[],4,[],2019-02-25 10:55:07,1470831.03257605,0.00000280,0.00000000010628436,6781115,2019-02-25 10:55:07,btc,11.314676610128297,0.0,0.00000280,btc,798194.61345408,0.18102001,1.4512405105266855,67
0.0,[],25,[],2019-02-25 10:55:08,0.0,0,0,6781116,2019-02-25 10:55:08,,0.0,0.0,0.0,btc,0.0,0.0,0.0,67
1,[],12,[],2019-02-25 10:55:09,2980672.47390196,0.00000018,0.0000000000068325659999999995,6781117,2019-02-25 10:55:09,btc,11115998.22711915,0.0,0.00000018,btc,2113893.87289304,0.000672188441559,0.1011697464411115,71
,[],5,[],2018-11-20 23:02:39,1.5e-07,0.00000005,0.000000000002128045,4862160,2018-11-20 23:02:39,btc,2.84511358,0.0,,btc,0.00036572,0.0,0.07381892,74
1,[],5,[],2019-02-25 10:55:10,0.0,0,0,6781118,2019-02-25 10:55:10,btc,0.0,0.0,0,btc,0.0,0.0,0.0,75
0,[],20,[],2019-01-25 09:30:31,0.0,0,0,6495923,2019-01-25 09:30:31,btc,0.0,0.0,0,btc,0.0,0.0,0.0,81
1,[],4,[],2019-02-25 10:55:11,17233280.92031862,0.00000001,0.000000000000379587,6781119,2019-02-25 10:55:11,btc,11388.638595673243,0.0,0.00000001,btc,34444270.17624532,0.0,0.1723328092031862,81
1,[],4,[],2019-02-25 10:55:13,28553.73522145,0.00007600,0.0000000028848612,6781120,2019-02-25 10:55:13,btc,17.76084518932908,0.0,0.00007600,btc,12583.46134681,0.01369652,0.1339019090265132,82
1,[],21,[],2019-02-25 10:55:13,61769.16246716,0.00007410999999999999348059692705,0.000000002813119257,6781121,2019-02-25 10:55:13,btc,2.408223340018119,11041.4601595,0.000074109999999999993480596927053483113922993652522563934326171875,btc,25738.9701805,0.84140129,1.8186046284692627,82
0,[],17,[],2019-02-25 10:55:15,0.0,0,0,6781122,2019-02-25 10:55:15,btc,0.0447233088476774,0.0,0,btc,999127.19588126,0.0,0.0,84
0.0000000001163705,[],4,[],2019-02-25 10:55:16,147129917.14880705,4.6548199999999995e-18,1.76690915934e-22,6781123,2019-02-25 10:55:16,ltc,1.78283206428426,0.0,0.00000004,ltc,404676153.82184935,0.0,3.6402862545545036e-10,85
,[],22,[],2018-11-20 23:09:34,3408.1,0.0000001,0.0000000000041895,4862324,2018-11-20 23:09:34,BTC,0.04624735,0.0,,BTC,4990.0,0.0,0.00033081,86
0,[],22,[],2019-02-22 12:52:35,0.0,0,0,6758847,2019-02-22 12:52:35,,2.0760781,0.0,0,,140622.94736842104,0.0,0.0,87
0,[],27,[],2019-02-22 12:52:37,0.0,0,0,6758848,2019-02-22 12:52:37,,0.0,0.0,0,btc,0.0,0.0,0.0,87
,[],2,[],2018-11-20 23:10:47,0.0,0,0,4862359,2018-11-20 23:10:47,,0.0,0.0,,,0.0,0.0,0.0,88
1,[],11,[],2019-02-25 10:55:18,92190.05194265,0.00014999999999999998685946966947568625982967205345630645751953125,0.0000000056938049999999994,6781124,2019-02-25 10:55:18,btc,608.6611349888575,163.3,0.00014999999999999998685946966947568625982967205345630645751953125,btc,93682.55066051,0.0,6.153523601279949,89
0,[],2,[],2019-01-20 23:31:45,0.0,0,0,6477083,2019-01-20 23:31:45,,0.0,0.0,0,,0.0,0.0,0.0,91
1,[],12,[],2019-02-25 10:55:19,490128.35054934,0.000001430000000000000072932653839841155019030338735319674015045166015625,0.000000000054280941,6781125,2019-02-25 10:55:19,btc,4.329904226765936,0.0,0.000001430000000000000072932653839841155019030338735319674015045166015625,btc,57002.70114169,0.0011464684161345,0.0988100553938234,91
0,[],17,[],2019-02-25 10:55:20,0.0,0,0,6781126,2019-02-25 10:55:20,btc,0.0,0.0,0,btc,0.0,0.0,0.0,91
0,[],22,[],2019-02-25 10:55:27,0.0,0,0,6781127,2019-02-25 10:55:27,,3.1e-06,0.0,0,,2.0,0.0,0.0,91
0.0000000001163705,[],22,[],2019-02-25 10:55:36,2791021.0,4.6548199999999995e-18,1.76690915934e-22,6781128,2019-02-25 10:55:36,LTC,8.53161599,0.0,0.00000004,LTC,71994962.1,0.0,0.09164084,95
0.0000000001163705,[],4,[],2019-02-25 10:55:37,646511699.7638031,7.214971e-17,2.738709196977e-21,6781129,2019-02-25 10:55:37,ltc,11.909373086698814,0.0,0.00000062,ltc,136747582.56847835,0.0,2.298934828286409e-09,96
0,[],12,[],2019-02-25 10:55:38,0.0,0,0,6781130,2019-02-25 10:55:38,btc,255075.89680721797,0.0,0,btc,8739640.95335638,5.799300699e-07,0.0,96
0,[],17,[],2019-02-25 10:55:39,0.0,0,0,6781131,2019-02-25 10:55:39,btc,0.0,0.0,0,btc,0.0,0.0,0.0,96
1,[],4,[],2019-02-25 10:55:40,1523755.72510551,0.00000031,0.000000000011767197,6781132,2019-02-25 10:55:40,btc,3.070309502962923,0.0,0.00000031,btc,2477036.28433963,0.01145082,0.133791506905856,99
0,[],2,[],2019-01-20 23:23:55,0.0,0,0,6476914,2019-01-20 23:23:55,,0.0,0.0,0,,0.0,0.0,0.0,100
1,[],4,[],2019-02-25 10:55:41,147070.52782284,0.00004000,0.000000001518348,6781133,2019-02-25 10:55:41,btc,13.953873212806633,0.0,0.00004000,btc,200868.11324956,3.16541389,2.7655860555962923,100
1,[],22,[],2019-02-25 10:55:49,50000.0,0.00000001,0.000000000000379587,6781134,2019-02-25 10:55:49,BTC,23.49896609,0.0,0.00000001,BTC,10277.22,0.0,0.0005,101
1,[],4,[],2019-02-25 10:55:50,488680.28723237,0.00000087,0.000000000033024069,6781135,2019-02-25 10:55:50,btc,256.30270460871907,0.0,0.00000087,btc,487452.93577378,0.00455441,0.2544018527546499,103
1,[],12,[],2019-02-25 10:55:52,59720543.76471429,0.000000011,0.00000000000041754569999999996,6781136,2019-02-25 10:55:52,btc,137279276.54402456,0.0,0.000000011,btc,127463772.76121931,0.02735149746937299,0.1942007004118572,105
1,[],27,[],2019-02-25 10:55:54,125810.89,0.00000001,0.000000000000379587,6781137,2019-02-25 10:55:54,btc,26.557578245556094,0.0,0.00000001,btc,574707.68391977,0.0,0.0012581089,105
1,[],22,[],2019-02-25 10:56:00,9328.0,0.00000001,0.000000000000379587,6781138,2019-02-25 10:56:00,BTC,51.10837004,0.0,0.00000001,BTC,470435.0,0.0,9.328e-05,107
1,[],26,[],2019-02-25 10:56:00,0.0,0.00000000,0,6781139,2019-02-25 10:56:00,btc,0.0,0.0,0.00000000,btc,0.0,0.0,0.0,107
1,[],5,[],2019-02-25 10:56:01,0.0,0,0,6781140,2019-02-25 10:56:01,btc,0.0,0.00069343,0,btc,0.0,0.0,0.0,112
1,[],22,[],2019-02-25 10:56:11,1966.0,0.00000001,0.000000000000379587,6781141,2019-02-25 10:56:11,BTC,2.81183288,0.0,0.00000001,BTC,808524.0833333334,0.0,1.966e-05,112
0.0000000003603017,[],27,[],2019-02-25 10:56:14,2000.0,3.603017e-18,1.3676584139790001e-22,6781142,2019-02-25 10:56:14,eth,1.35132491849924,0.0,0.00000001,"btc,eth",1328.641654,0.0,7.206034000000001e-15,112
1,[],4,[],2019-02-25 10:56:15,365041.91346331,0.00000312,0.00000000011843114399999999,6781143,2019-02-25 10:56:15,btc,6.47204844658975,0.0,0.00000312,btc,349707.4551828,0.09873555,0.1431112638090077,113
1,[],5,[],2019-02-25 10:56:16,0.0,0,0,6781144,2019-02-25 10:56:16,btc,0.0,0.0,0,btc,0.0,0.0,0.0,113
1,[],17,[],2019-02-25 10:56:17,152738.278,0.00000004,0.000000000001518348,6781145,2019-02-25 10:56:17,btc,1.3368030275092218,0.0,0.00000004,btc,51896.221,0.0,0.0022095311199999998,116
0,[],27,[],2019-02-25 10:56:19,0.0,0,0,6781146,2019-02-25 10:56:19,,0.0,0.0,0,btc,0.0,0.0,0.0,116
1,[],4,[],2019-02-25 10:56:21,399021.33167939,0.00001944,0.000000000737917128,6781147,2019-02-25 10:56:21,btc,29.150043517165727,0.0,0.00001944,btc,87145.56242057,4.66796773,1.2098858278255964,120
1,[],7,[],2019-02-25 10:56:23,211461.64267919998,0.0000199300000000000006122012619069749916889122687280178070068359375,0.000000000756516891,6781148,2019-02-25 10:56:23,btc,115646.80357459083,167.12434065,0.0000199300000000000006122012619069749916889122687280178070068359375,btc,30970.045342920002,0.00390847,0.0691996795132033,120
1,[],20,[],2019-02-25 10:56:26,1174803.0618,0.000000012,0.0000000000004555044,6781149,2019-02-25 10:56:26,btc,31.9233496174687,531.0,0.000000012,btc,1120134.1111,6.63e-06,0.0033481379724,125
1,[],22,[],2019-02-25 10:56:38,3053.0,0.00000001,0.000000000000379587,6781150,2019-02-25 10:56:38,BTC,0.01444887,0.0,0.00000001,BTC,296263.5111111111,0.0,3.053e-05,126
0,[],2,[],2019-01-20 23:25:46,0.0,0,0,6476969,2019-01-20 23:25:46,,0.0,0.0,0,,0.0,0.0,0.0,131
1,[],4,[],2019-02-25 10:56:39,106037.19020816,0.00001411,0.000000000535597257,6781151,2019-02-25 10:56:39,btc,23.205434863784077,0.0,0.00001411,btc,132334.68052171,0.21804782,0.5754383819869516,131
0,[],17,[],2019-02-25 10:56:50,0.0,0,0,6781152,2019-02-25 10:56:50,btc,0.0009561751951600001,0.0,0,btc,35.42829368,0.0,0.0,131
1,[],4,[],2019-02-25 10:56:51,4554.09991772,0.00016001,0.000000006073771587,6781153,2019-02-25 10:56:51,btc,1.6432526142713426,0.0,0.00016001,btc,320.0767349,0.00108275,0.0083698492930114,135
1,[],3,[],2019-02-25 10:56:51,1556978.23351843,0.00000005,0.000000000001897935,6781154,2019-02-25 10:56:51,btc,0.6548181278453614,29273.0241667,0.00000005,btc,2336988.6947442,0.0,0.0579741273370352,136
1,[],4,[],2019-02-25 10:56:52,260774.76503195,0.00000155,0.000000000058835985,6781155,2019-02-25 10:56:52,btc,38.67634207024789,0.0,0.00000155,btc,653875.99402431,0.0480865,0.0734432348916847,137
1,[],12,[],2019-02-25 10:56:53,296762.95466612,0.000001610000000000000043611490287143173105732785188592970371246337890625,0.000000000061113507,6781156,2019-02-25 10:56:53,btc,11807.598314438474,0.0,0.000001610000000000000043611490287143173105732785188592970371246337890625,btc,123762.06109106,0.0066572004541097,0.0233677970445543,137
1,[],17,[],2019-02-25 10:45:46,22967.386363640002,0.00000088,0.000000000033329472,6780960,2019-02-25 10:45:46,btc,20.0699133529069,0.0,0.00000088,btc,2746.079105,0.0,0.0104613000000032,142
1,[],4,[],2019-02-25 10:56:55,216947.73254147,0.00004082,0.000000001549474134,6781157,2019-02-25 10:56:55,btc,29.52182290625059,0.0,0.00004082,btc,51114.25604107,0.35161195,1.0211891431517672,142
1,[],5,[],2019-02-25 10:56:56,0.0,0,0,6781158,2019-02-25 10:56:56,btc,0.0,0.63918913,0,btc,0.0,0.0,0.0,142
1,[],20,[],2019-02-25 10:57:08,133310.9826,0.000045043,0.0000000017097737241,6781159,2019-02-25 10:57:08,btc,0.4934565146914,0.0,0.000045043,btc,3751.6313,0.0,0.2356579130972,142
1,[],22,[],2019-02-25 10:57:21,1685.8988921568628,0.00004000,0.000000001518348,6781160,2019-02-25 10:57:21,BTC,3.00385504,0.0,0.00004000,BTC,891.218,0.0,0.00174536,142
0.0,[],25,[],2019-02-25 10:57:22,0.0,0,0,6781161,2019-02-25 10:57:22,,0.0,0.0,0.0,btc,0.0,0.0,0.0,142
1,[],28,[],2019-02-25 10:57:29,76772.0,0.00004500,0.0000000017081415,6781162,2019-02-25 10:57:29,btc,0.0866109227,769.0,0.00004500,btc,790.5355,0.0,0.0338472,142
0,[],22,[],2019-02-25 10:57:34,0.0,0,0,6781163,2019-02-25 10:57:34,,61.23499952,0.0,0,,744420234.3,0.0,0.0,143
1,[],21,[],2019-02-25 10:57:35,22413709.8381476,0.00000024,0.000000000009110087999999999,6781164,2019-02-25 10:57:35,btc,55.643666068561934,13208309.99254702,0.00000024,btc,104567402.35202235,3.26906032,3.0979640968057174,145
0,[],22,[],2019-02-25 08:46:57,0.0,0,0,6780390,2019-02-25 08:46:57,,4.22772384,0.0,0,,1620056.0,0.0,0.0,146
,[],22,[],2018-11-20 23:01:11,0.0,0,0,4862114,2018-11-20 23:01:11,,2.56807021,0.0,,,61828.4988236,0.0,0.0,147
1,[],12,[],2019-02-25 10:57:36,114490.90486427,0.00000250000000000000020450763478507827386465578456409275531768798828125,0.00000000009489675,6781165,2019-02-25 10:57:36,btc,16.285522896765656,0.0,0.00000250000000000000020450763478507827386465578456409275531768798828125,btc,116991.71583628,0.0015717788497994,0.0270052800000121,148
1,[],4,[],2019-02-25 10:57:37,251934.27003873,0.00000036,0.000000000013665131999999999,6781166,2019-02-25 10:57:37,btc,219.96510939174777,0.0,0.00000036,btc,790884.43190714,0.00152788,0.0605877546569474,152
0,[],22,[],2019-02-25 10:57:42,0.0,0,0,6781167,2019-02-25 10:57:42,,0.0,0.0,0,,0.0,0.0,0.0,152
1,[],5,[],2019-02-25 10:57:43,0.0,0,0,6781168,2019-02-25 10:57:43,btc,0.0,0.0,0,btc,0.0,0.0,0.0,153
,[],16,[],2019-01-11 15:38:59,0.0,0,0,6366141,2019-01-11 15:38:59,btc,0.0,0.0,,btc,0.0,0.0,0.0,155
0,[],23,[],2019-01-20 23:24:29,0.0,0,0,6476932,2019-01-20 23:24:29,,0.0,0.0,0,,0.0,0.0,0.0,156
0,[],22,[],2019-02-25 10:57:49,0.0,0,0,6781169,2019-02-25 10:57:49,,6.74832201,0.0,0,,4646626.742592593,0.0,0.0,156
1,[],22,[],2019-02-25 10:57:59,7073.8,0.00005300,0.0000000020118111,6781170,2019-02-25 10:57:59,BTC,1.80343699,0.0,0.00005300,BTC,899.6422341958436,0.0,0.00104336,157
0,[],22,[],2019-02-25 10:58:17,0.0,0,0,6781171,2019-02-25 10:58:17,,50175.68008609,0.0,0,,54479136.04179466,0.0,0.0,158
,[],17,[],2018-11-20 22:56:10,0.0,0,0,4861976,2018-11-20 22:56:10,btc,1.1265625,0.0,,btc,1000.0,0.0,0.0,159
,[],20,[],2018-11-20 22:56:12,0.0,0,0,4861977,2018-11-20 22:56:12,btc,11912.7940471,0.0,,btc,34413894.3617,0.0,0.0,159
1,[],12,[],2019-02-25 10:58:18,181990.88894573,0.000007279999999999999755269548817881997138101723976433277130126953125,0.000000000276339336,6781172,2019-02-25 10:58:18,btc,6.641188710716843,0.0,0.000007279999999999999755269548817881997138101723976433277130126953125,btc,13505.60286293,0.0032213082573758,0.0930922984994784,168
1,[],17,[],2019-02-25 10:58:20,29784.95,0.000001,0.000000000037958699999999997,6781173,2019-02-25 10:58:20,btc,0.03026736251542,0.0,0.000001,btc,144.46171372,0.0,0.00716147,168
0,[],22,[],2019-02-25 10:58:29,0.0,0,0,6781174,2019-02-25 10:58:29,,1.14695792,0.0,0,,779972.8900917594,0.0,0.0,169
1,[],22,[],2019-02-25 10:58:41,164995.5,0.00000018,0.0000000000068325659999999995,6781175,2019-02-25 10:58:41,BTC,13.2557958,0.0,0.00000018,BTC,151006.2939341018,1.681e-05,0.01979919,171
1,[],22,[],2019-02-25 10:58:54,41597.0,0.00000008,0.000000000003036696,6781176,2019-02-25 10:58:54,BTC,2.2001943,0.0,0.00000008,BTC,241326.1533991682,3.738e-05,0.00096143,173
1,[],5,[],2019-02-25 10:58:55,0.0,0,0,6781177,2019-02-25 10:58:55,btc,0.0,0.26028298,0,btc,0.0,0.0,0.0,175
1,[],22,[],2019-02-25 10:59:07,45904.0,0.0000003,0.00000000001138761,6781178,2019-02-25 10:59:07,BTC,0.52955903,0.0,0.0000003,BTC,143368.41384013777,6.85e-06,0.0052148,176
0,[],2,[],2019-01-20 23:28:34,0.0,0,0,6477001,2019-01-20 23:28:34,,0.0,0.0,0,,0.0,0.0,0.0,178
1,[],7,[],2019-02-25 10:59:08,0.0,0,0,6781179,2019-02-25 10:59:08,btc,410932.5281358376,10000.0,0,btc,117881559.31901672,0.0001,0.0,178
0,[],22,[],2019-02-25 10:59:12,0.0,0,0,6781180,2019-02-25 10:59:12,,1.00242428,0.0,0,,57512.0,0.0,0.0,178
0,[],23,[],2019-01-20 23:25:08,0.0,0,0,6476952,2019-01-20 23:25:08,,0.0,0.0,0,,0.0,0.0,0.0,179
1,[],5,[],2019-02-25 10:59:13,0.0,0,0,6781181,2019-02-25 10:59:13,btc,0.0,0.01598739,0,btc,0.0,0.0,0.0,179
1,[],22,[],2019-02-25 10:59:21,7070490.0,0.00000003,0.000000000001138761,6781182,2019-02-25 10:59:21,BTC,5.63478981,0.0,0.00000003,"BTC,LTC",17151072.301989965,0.00200333,0.38199614,179
1,[],26,[],2019-02-25 10:59:39,0.0,0.00000100,0.000000000037958699999999997,6781184,2019-02-25 10:59:39,btc,0.0,300.0,0.00000100,btc,0.0,0.0,0.0,180
1,[],17,[],2019-02-25 09:52:32,10504.725,0.0000001,0.0000000000037943600000000004,6780787,2019-02-25 09:52:32,btc,5.2010695838455705,0.0,0.0000001,btc,5033.45945,0.0,0.0010504725,180
0.0000000001163705,[],22,[],2019-02-25 10:59:39,128605.4,1.163705e-17,4.4172728983499995e-22,6781183,2019-02-25 10:59:39,LTC,0.19838285,0.0,0.0000001,LTC,59391.081085161226,0.0,0.00130544,180
,[],7,[],2018-11-20 22:58:01,562227.975654,0.00000085,0.000000000036176765,4862015,2018-11-20 22:58:01,btc,21836.6059674,2491.87645172,,btc,749999.041456,0.00211021,0.127565380455,183
1,[],24,[],2019-02-25 10:59:39,0.0,0.000000000001,3.79587e-17,6781185,2019-02-25 10:59:39,btc,0.0,0.0,0.000000000001,btc,0.0,0.0,0.0,187
,[],5,[],2019-01-10 08:11:41,0.0,0,0,6347036,2019-01-10 08:11:41,btc,82.15055501,0.00261,,btc,1.19002445,0.0,0.0,187
,[],17,[],2018-11-16 20:58:10,4062536.27273,0.00000001,0.000000000000550501,4708775,2018-11-16 20:58:10,btc,3.36492563466,0.195460381006,,"btc,eth",110697919.549,0.0,0.0157628953496,187
0,[],22,[],2019-02-25 10:59:45,0.0,0,0,6781186,2019-02-25 10:59:45,,1.19374396,0.0,0,,16308.869534405507,0.0,0.0,191
0,[],22,[],2019-02-25 10:59:54,0.0,0,0,6781187,2019-02-25 10:59:54,,0.0,0.0,0,,0.0,0.0,0.0,197
0,[],22,[],2019-02-25 10:59:59,0.0,0,0,6781188,2019-02-25 10:59:59,,5.19477622,0.0,0,,21058553.0,0.0,0.0,199
1,[],26,[],2019-02-25 10:59:59,0.0,0.00000000,0,6781189,2019-02-25 10:59:59,btc,0.0,0.0,0.00000000,btc,0.0,0.0,0.0,199
0,[],23,[],2019-01-20 23:31:41,0.0,0,0,6477079,2019-01-20 23:31:41,,0.0,0.0,0,,0.0,0.0,0.0,199
0,[],17,[],2019-01-30 16:32:01,0.0,0,0,6540827,2019-01-30 16:32:01,btc,6.802544163788159,0.0,0,btc,105897.55575295,0.0,0.0,200
0,[],2,[],2019-01-20 23:30:49,0.0,0,0,6477059,2019-01-20 23:30:49,,0.0,0.0,0,,0.0,0.0,0.0,201
1,[],4,[],2019-01-25 15:51:35,2084389.58565343,0.00000936,0.000000000333526752,6499557,2019-01-25 15:51:35,btc,2.0092503037378524,0.0,0.00000936,btc,160195.80207885,0.19272417,1.242687955921835,211
1,[],7,[],2019-02-25 10:47:56,4194155.60661578,0.000001300000000000000047051663780439678674838432925753295421600341796875,0.00000000004923672,6780991,2019-02-25 10:47:56,btc,15476655.413577946,222097.692981,0.000001300000000000000047051663780439678674838432925753295421600341796875,btc,13136114.52561169,0.0,3.1574217354638368,212
1,[],5,[],2019-02-25 11:00:02,0.0,0,0,6781190,2019-02-25 11:00:02,btc,0.0,0.33327678,0,btc,0.0,0.0,0.0,213
1,[],24,[],2019-02-25 11:00:02,0.0,0.000000100000,0.00000000000379587,6781191,2019-02-25 11:00:02,btc,0.0,0.0,0.000000100000,btc,0.0,0.0,0.0,213
1,[],26,[],2019-02-25 11:00:02,0.0,0.00000009,0.0000000000034162829999999998,6781192,2019-02-25 11:00:02,btc,0.0,0.0,0.00000009,btc,0.0,0.0,0.0,213
1,[],12,[],2019-01-25 02:44:32,207462.42853209,0.000001080000000000000035831255497387193287295303889550268650054931640625,0.000000000038610756000000006,6493050,2019-01-25 02:44:32,btc,85023.03793723314,0.0,0.000001080000000000000035831255497387193287295303889550268650054931640625,btc,43675.73520027,0.000146250909087,0.0348620860622024,213
1,[],22,[],2019-02-25 11:00:11,104971.0,0.00000001,0.000000000000379587,6781193,2019-02-25 11:00:11,BTC,2.20557055,0.0,0.00000001,BTC,249232.19637261707,1.6e-07,0.00104971,216
1,[],27,[],2019-02-25 11:00:14,18192752.005988,0.00000008,0.000000000003036696,6781194,2019-02-25 11:00:14,btc,311.84520671644,2500.004,0.00000008,"btc,ltc",218487.901,0.000273900000930964,0.03410555043902404,216
1,[],22,[],2019-02-25 11:00:21,251736.4667325441,0.00000215,0.000000000081611205,6781195,2019-02-25 11:00:21,BTC,12673.59513418,0.0,0.00000215,BTC,379782.3374025806,0.02362449,0.35683514,217
1,[],7,[],2019-02-25 11:00:22,0.0,0,0,6781196,2019-02-25 11:00:22,btc,77969.77488735563,0.0,0,btc,137043486.5550253,0.0,0.0,219
0,[],27,[],2019-02-25 11:00:24,0.0,0,0,6781197,2019-02-25 11:00:24,,0.0740438339680921,0.0,0,btc,1536429.20709513,0.0,0.0,219
0.0000000000000051,[],28,[],2019-02-25 11:00:37,168412474.765,5.100051e-18,1.9359130589369999e-22,6781198,2019-02-25 11:00:37,doge,83883.3352434475,15045.0,0.00100001,"btc,doge",4823713.77951,0.0,1.1073073314591126e-11,219
1,[],22,[],2019-02-25 11:00:43,88200.6,0.00000011,0.000000000004175457,6781199,2019-02-25 11:00:43,BTC,3.01006426,0.0,0.00000011,BTC,124665.27041875875,0.01568487,0.00885006,221
1,[],24,[],2019-02-25 11:00:43,0.0,0.000000200000,0.00000000000759174,6781200,2019-02-25 11:00:43,btc,0.0,0.0,0.000000200000,btc,0.0,0.0,0.0,221
1,[],20,[],2019-02-25 11:00:46,43482886.7222,0.000000002,0.0000000000000759174,6781201,2019-02-25 11:00:46,btc,47.9816423630762,2517901.5541,0.000000002,btc,10265386.3146,0.0061321437441,0.0440228867221,224
0,[],22,[],2019-02-25 11:00:51,0.0,0,0,6781202,2019-02-25 11:00:51,,0.0,0.0,0,,0.0,0.0,0.0,224
1,[],26,[],2019-02-25 11:00:51,0.0,0.00000035,0.000000000013285545,6781203,2019-02-25 11:00:51,btc,0.0,0.0,0.00000035,btc,0.0,0.0,0.0,231
1,[],26,[],2019-02-25 11:00:51,0.0,0.00000006,0.000000000002277522,6781204,2019-02-25 11:00:51,btc,0.0,0.0,0.00000006,btc,0.0,0.0,0.0,234
0.0000000003603017,[],27,[],2019-02-25 11:00:54,2000.0,3.603017e-18,1.3676584139790001e-22,6781205,2019-02-25 11:00:54,eth,0.0113483662182,0.0,0.00000001,"btc,eth",11462.99618,0.0,7.206034000000001e-15,234
1,[],4,[],2019-02-25 11:00:55,1067325.98875357,0.00000081,0.000000000030746547,6781206,2019-02-25 11:00:55,btc,4.455189164927627,0.0,0.00000081,btc,1054663.37669737,0.07383194,0.4194704583638577,236
1,[],24,[],2019-02-25 11:00:55,0.0,0.000000300000,0.00000000001138761,6781207,2019-02-25 11:00:55,btc,0.0,0.0,0.000000300000,btc,0.0,0.0,0.0,236
1,[],20,[],2019-02-25 11:00:57,83756338.829,0.000000055,0.0000000000020877285,6781208,2019-02-25 11:00:57,btc,10.1085206605613,31650507.7354,0.000000055,btc,45287865.4622,1.8629723696438,0.5068553633768,237
0.0000000001163705,[],22,[],2019-02-25 11:01:06,14400.0,1.163705e-17,4.4172728983499995e-22,6781209,2019-02-25 11:01:06,LTC,0.0405823,0.0,0.0000001,LTC,3164.0,0.0,0.00144,237
1,[],4,[],2019-02-25 11:01:07,6616590.73429326,0.00000032,0.000000000012146784,6781210,2019-02-25 11:01:07,btc,5.811692780848261,0.0,0.00000032,btc,9341351.67365994,0.27125269,1.375198950671313,238
1,[],5,[],2019-02-25 11:01:08,0.0,0,0,6781211,2019-02-25 11:01:08,btc,0.0,0.06259818,0,btc,0.0,0.0,0.0,238
0,[],22,[],2019-02-25 11:01:13,0.0,0,0,6781212,2019-02-25 11:01:13,,0.41356282,0.0,0,,316008.5639027493,0.0,0.0,249
0.0000000001163705,[],22,[],2019-02-25 11:01:19,7121097.666666667,3.491115e-18,1.325181869505e-22,6781213,2019-02-25 11:01:19,LTC,0.57139631,0.0,0.00000003,LTC,19992183.09,3.9268527002e-13,0.21263595,252
1,[],28,[],2019-02-25 11:01:26,3420543.592,0.00000018,0.0000000000068325659999999995,6781214,2019-02-25 11:01:26,btc,164693.65217147366,156832.866,0.00000018,btc,795324.6834,0.0,0.19523115114,256
1,[],22,[],2019-02-25 11:01:34,1057264.0,0.00000001,0.000000000000379587,6781215,2019-02-25 11:01:34,BTC,31.43607366,0.0,0.00000001,BTC,552637.8076914564,4.5e-06,0.01057264,258
1,[],22,[],2019-02-25 11:01:43,48751.0,0.00000001,0.000000000000379587,6781216,2019-02-25 11:01:43,BTC,2.4175745,0.0,0.00000001,BTC,1762.0,0.0,0.00048751,259
1,[],5,[],2019-02-25 11:01:45,0.0,0,0,6781217,2019-02-25 11:01:45,btc,0.0,0.24762915,0,btc,0.0,0.0,0.0,264
1,[],20,[],2019-02-25 11:01:46,1227924.094,0.000002022,0.0000000000767524914,6781218,2019-02-25 11:01:46,btc,7.3568108863028,126639.8047,0.000002022,btc,97593.0986,0.3781904138594,0.0308759156432,264
1,[],22,[],2019-02-25 11:01:55,11914.0,0.00000001,0.000000000000379587,6781219,2019-02-25 11:01:55,BTC,8.44955368,0.0,0.00000001,BTC,428471.6907878143,6.25e-05,0.00011914,271
0,[],22,[],2019-02-25 11:02:01,0.0,0,0,6781220,2019-02-25 11:02:01,,259.53594233,0.0,0,,14416281437.9,0.0,0.0,272
0.0000000000000051,[],28,[],2019-02-25 11:02:05,232442237874.369,4.029e-21,1.529356023e-25,6781221,2019-02-25 11:02:05,doge,21966188.564309742,62023739084.058,0.00000079,doge,217231284908.8808,0.0,6.068082737377479e-10,272
1,[],22,[],2019-02-25 11:02:14,114058.77979057592,0.00001910,0.00000000072501117,6781222,2019-02-25 11:02:14,BTC,74.36202932,0.0,0.00001910,"BTC,LTC",10370.487639773188,1.032e-05,0.04325448,281
1,[],22,[],2019-02-25 11:02:22,396392.0,0.00000002,0.000000000000759174,6781223,2019-02-25 11:02:22,BTC,1.33171177,0.0,0.00000002,BTC,129251.66554551729,0.000747,0.00696392,286
0,[],22,[],2019-02-25 11:02:27,0.0,0,0,6781224,2019-02-25 11:02:27,,43634.52001853,0.0,0,,419066696.0,0.0,0.0,294
