pairValue,buyBook,exchangeId,sellBook,updated,buyTotal,satoshiPrice,usdPrice,exchangeLogId,created,bestPair,sellTotalBtc,volume,pairPrice,activePairs,sellTotal,volumeBtc,buyTotalBtc,coinId
1,[],3,[],2019-03-10 05:08:14,30544.309069472052,0.01255240000000000001600941601509475731290876865386962890625,0.0000004914452886000001,6892640,2019-03-10 05:08:14,btc,61.13171016134479,0.0,0.01255240000000000001600941601509475731290876865386962890625,btc,26.717289925565,0.0,0.3019176776501435,1
1,[],4,[],2019-03-10 05:08:15,207741.02828126,0.01279213,0.0000005008310776950001,6892641,2019-03-10 05:08:15,btc,10.287294494817754,0.0,0.01279213,btc,342.49589632,0.78120298,0.9712610652360929,1
1,[],5,[],2019-03-10 05:08:19,0.0,0,0,6892642,2019-03-10 05:08:19,btc,0.0,0.01022211,0,btc,0.0,0.0,0.0,1
1,[],10,[],2019-03-10 05:08:20,413923.65892585,0.01051976,0.00000041186438364,6892643,2019-03-10 05:08:20,btc,6521.9879148085665,2065.40933418,0.01051976,btc,1080.80753278,0.0,4.988108069553412,1
1,[],12,[],2019-03-10 05:08:23,115.09260392,0.01256999999999999957644991610550277982838451862335205078125,0.000000492134355,6892644,2019-03-10 05:08:23,btc,0.3075060327901,0.0,0.01256999999999999957644991610550277982838451862335205078125,btc,23.07856377,0.0390813758698,0.4413737294568,1
1,[],20,[],2019-03-10 05:08:24,1152.475,0.010500222,0.000000411099441633,6892645,2019-03-10 05:08:24,btc,0.0554564832443,0.0,0.010500222,btc,2.4799,0.0,0.0959563103421,1
1,[],21,[],2019-03-10 05:08:25,2304.63200157,0.01260125999999999954481744169,0.00000049335823089,6892646,2019-03-10 05:08:25,btc,25.00156718055533,5018.51438797,0.0126012599999999995448174416878828196786344051361083984375,"btc,eth",2794.90791325,55.31086816736836,20.253716680126733,1
1,[],22,[],2019-03-10 05:08:29,0.0059712,0.01250000,0.00000048939375,6892647,2019-03-10 05:08:29,BTC,0.31439419,0.0,0.01250000,BTC,0.12751438772928525,0.0,7.464e-05,1
1,[],24,[],2019-03-10 05:08:30,0.0,0.000000000000,0,6892648,2019-03-10 05:08:30,btc,0.0,0.0,0.000000000000,btc,0.0,0.0,0.0,1
0.0,[],25,[],2019-03-10 05:08:30,0.0,0,0,6892649,2019-03-10 05:08:30,btc,16.004699998651773,6.00611626,0.0,btc,1229.69055136,0.08,0.0,1
1,[],26,[],2019-03-10 05:08:40,0.0,0,0,6892650,2019-03-10 05:08:40,,0.0,0.0,0,,0.0,0.0,0.0,1
1,[],28,[],2019-03-10 05:08:42,993.142,0.01323000,0.0000005179743450000001,6892651,2019-03-10 05:08:42,btc,0.147901439075,17916.95,0.01323000,btc,7.9421,0.0,0.089302756,1
0,[],2,[],2019-01-20 23:28:45,0.0,0,0,6477011,2019-01-20 23:28:45,,0.0,0.0,0,,0.0,0.0,0.0,1
1,[],5,[],2019-03-10 05:08:43,0.0,0,0,6892652,2019-03-10 05:08:43,btc,0.0,0.00520959,0,btc,0.0,0.0,0.0,2
0,[],22,[],2019-03-10 05:08:46,0.0,0,0,6892653,2019-03-10 05:08:46,,0.0,0.0,0,,0.0,0.0,0.0,2
1,[],5,[],2019-03-10 04:07:52,0.0,0,0,6892279,2019-03-10 04:07:52,btc,0.0,1.45026677,0,btc,0.0,0.0,0.0,3
1,[],12,[],2019-03-10 04:07:54,1905698.94485,0.000000177,0.0000000000069428781000000005,6892280,2019-03-10 04:07:54,btc,22810.248596901045,0.0,0.000000177,btc,949405.88852,0.05158974707818944,0.27589331233845,3
0,[],28,[],2019-03-10 04:07:56,0.0,0,0,6892281,2019-03-10 04:07:56,,0.0,0.0,0,,0.0,0.0,0.0,3
0,[],2,[],2019-01-20 23:31:32,0.0,0,0,6477077,2019-01-20 23:31:32,,0.0,0.0,0,,0.0,0.0,0.0,4
1,[],4,[],2019-03-09 19:03:36,394362.28616607,0.00000032,0.000000000012569280000000001,6889097,2019-03-09 19:03:36,btc,32.15548375957025,0.0,0.00000032,btc,707361.31512647,0.00109114,0.0476374485302292,4
1,[],12,[],2019-03-10 05:08:47,364307.0,0.00000002,0.00000000000078303,6892654,2019-03-10 05:08:47,btc,1111742.13247485,0.0,0.00000002,btc,561991.0,0.0,0.00474588,5
0,[],2,[],2019-01-20 23:31:51,0.0,0,0,6477087,2019-01-20 23:31:51,,0.0,0.0,0,,0.0,0.0,0.0,6
1,[],11,[],2019-03-10 05:08:49,4731978.6305,0.00000002,0.00000000000078303,6892655,2019-03-10 05:08:49,btc,9568.12856451748,63083.8695,0.00000002,btc,42640286.853213936,0.0,0.06211440761,6
1,[],3,[],2019-03-10 05:08:49,1088.752605097546,0.00015480999999999998993464866980929173223557882010936737060546875,0.000000006061043715,6892656,2019-03-10 05:08:49,btc,29.634085403952064,0.0,0.00015480999999999998993464866980929173223557882010936737060546875,btc,239.122414578101,0.0,0.03449778797345397,7
1,[],4,[],2019-03-10 05:08:50,99397.34242317,0.00024511,0.000000009596424165,6892657,2019-03-10 05:08:50,btc,9.762737027040282,0.0,0.00024511,btc,30922.38353926,3.18070161,6.762803136487476,7
1,[],5,[],2019-03-10 05:08:52,0.0,0,0,6892658,2019-03-10 05:08:52,btc,0.0,0.25865685,0,btc,0.0,0.0,0.0,7
1,[],20,[],2019-02-20 02:16:17,39399275.8418,0.000000001,0.0000000000000390183,6728586,2019-02-20 02:16:17,btc,116.9737569154545,525.0,0.000000001,btc,56932965.8895,5.25e-07,0.0393992758418,8
0,[],2,[],2019-01-20 23:22:42,0.0,0,0,6476876,2019-01-20 23:22:42,,0.0,0.0,0,,0.0,0.0,0.0,9
0,[],23,[],2019-01-20 23:22:48,0.0,0,0,6476878,2019-01-20 23:22:48,,0.0,0.0,0,,0.0,0.0,0.0,9
1,[],4,[],2019-03-10 05:08:54,1160675.83860701,0.00000148,0.00000000005794422,6892659,2019-03-10 05:08:54,btc,5.455992024106299,0.0,0.00000148,btc,2897604.07170831,1.20577774,0.8625200492861547,9
1,[],28,[],2019-03-10 05:08:56,37353.0,0.00000165,0.00000000006459997500000001,6892660,2019-03-10 05:08:56,btc,2708.782203270583,3597663.29,0.00000165,btc,24261.1497,0.0,0.0328195,9
1,[],1,[],2019-02-17 23:31:42,1822507.21,0.00000181000000000000003456111265232042484285557293333113193511962890625,0.000000000066086901,6701244,2019-02-17 23:31:42,btc,3.6990969245,17153386.5,0.00000181000000000000003456111265232042484285557293333113193511962890625,btc,1997391.71,31.11772986,3.2610482446,9
1,[],4,[],2019-02-17 11:22:43,4341674.27126056,0.00000002,0.0000000000007272960000000001,6696112,2019-02-17 11:22:43,btc,0.1997230937751353,0.0,0.00000002,btc,4109766.79808031,0.00215132,0.0479381022052112,10
0,[],2,[],2019-01-20 23:23:08,0.0,0,0,6476890,2019-01-20 23:23:08,,0.0,0.0,0,,0.0,0.0,0.0,12
1,[],4,[],2019-03-10 05:08:57,5933334.63563936,0.00000120,0.0000000000469818,6892661,2019-03-10 05:08:57,btc,8.35180631109977,0.0,0.00000120,btc,4771196.17246815,0.99412945,3.4608190592686205,12
1,[],5,[],2019-03-10 05:08:59,0.0,0,0,6892662,2019-03-10 05:08:59,btc,0.0,0.19906781,0,btc,0.0,0.0,0.0,12
0.0,[],25,[],2019-03-10 05:09:00,0.0,0,0,6892663,2019-03-10 05:09:00,,0.0,0.0,0.0,btc,0.0,0.0,0.0,12
1,[],4,[],2019-03-10 05:09:01,32036178.68774408,0.00000589,0.00000000023060233500000002,6892664,2019-03-10 05:09:01,btc,2.792233190194926,0.0,0.00000589,btc,378789.84198514,0.20575973,1.3196622840760508,13
1,[],10,[],2019-03-10 05:09:03,394984.98584572,0.00000579,0.000000000226687185,6892665,2019-03-10 05:09:03,btc,666801.3256986411,12411.6935187,0.00000579,btc,717264.24589916,0.0,0.2480474239366054,13
1,[],21,[],2019-03-10 05:09:05,968000.66598888,0.000005920000000000000070922000911,0.00000000023177688,6892666,2019-03-10 05:09:05,btc,4.088485992056161,575491.20925101,0.0000059200000000000000709220009109667870461635175161063671112060546875,btc,620609.66138004,3.36380835,5.3503458967785935,13
1,[],4,[],2019-03-10 05:09:06,735632.31700464,0.00000130,0.000000000050896950000000004,6892667,2019-03-10 05:09:06,btc,6.026801245400796,0.0,0.00000130,btc,864679.6300631,0.01087564,0.1555846826037262,14
1,[],12,[],2019-03-10 05:09:07,273721.0,0.0000015000000000000000380012861456169304119612206704914569854736328125,0.00000000005872725,6892668,2019-03-10 05:09:07,btc,0.1043950923088019,0.0,0.0000015000000000000000380012861456169304119612206704914569854736328125,btc,8761.43945403,7.84215784215e-05,0.0339447,14
0,[],17,[],2019-03-10 05:09:09,0.0,0,0,6892669,2019-03-10 05:09:09,btc,0.0,0.0,0,btc,0.0,0.0,0.0,14
1,[],26,[],2019-03-10 05:09:09,0.0,0.00000050,0.00000000001957575,6892670,2019-03-10 05:09:09,btc,0.0,0.0,0.00000050,btc,0.0,0.0,0.0,14
0,[],4,[],2019-03-10 05:09:10,0.0,0,0,6892671,2019-03-10 05:09:10,,0.0,0.0,0,,0.0,0.0,0.0,15
,[],12,[],2018-12-01 15:15:48,204241.84496,0.00000489,0.000000000202473384,5260204,2018-12-01 15:15:48,btc,49.5475654835,0.0,,btc,35763.2193806,0.0163153972027625,0.0203389899998,15
0,[],2,[],2019-01-20 23:23:38,0.0,0,0,6476906,2019-01-20 23:23:38,,0.0,0.0,0,,0.0,0.0,0.0,18
1,[],4,[],2019-03-10 05:09:12,37534.30151701,0.00001719,0.000000000673014285,6892672,2019-03-10 05:09:12,btc,4.191151576482062,0.0,0.00001719,btc,18727.41313935,0.02926829,0.125791235780916,18
1,[],10,[],2019-03-10 05:09:14,792118.94695446,0.00001712,0.00000000067027368,6892673,2019-03-10 05:09:14,btc,15.320901078893755,8905.01552593,0.00001712,btc,9816.66383204,0.0,0.2688971485188804,18
1,[],12,[],2019-03-10 05:09:15,363355.11949323,0.00001629999999999999979178981479588372849320876412093639373779296875,0.00000000063816945,6892674,2019-03-10 05:09:15,btc,33008.93590288192,0.0,0.00001629999999999999979178981479588372849320876412093639373779296875,btc,711.91535114,0.0081877741977688,0.0227393794685818,18
0,[],17,[],2019-03-10 05:09:27,0.0,0,0,6892675,2019-03-10 05:09:27,btc,0.0,0.0,0,btc,0.0,0.0,0.0,18
0,[],2,[],2019-01-20 23:24:19,0.0,0,0,6476924,2019-01-20 23:24:19,,0.0,0.0,0,,0.0,0.0,0.0,19
1,[],4,[],2019-03-10 05:11:28,246275.29902334,0.00002105,0.000000000824139075,6892676,2019-03-10 05:11:28,btc,3.173392976802021,0.0,0.00002105,btc,93962.60665697,0.76419473,2.69184942378968,19
1,[],5,[],2019-03-10 05:11:34,0.0,0,0,6892677,2019-03-10 05:11:34,btc,0.0,0.01233666,0,btc,0.0,0.0,0.0,19
1,[],12,[],2019-03-10 05:11:36,169421.28395061,0.000012259999999999999508739322029438056915751076303422451019287109375,0.00000000047999739,6892678,2019-03-10 05:11:36,btc,0.2086949703094928,0.0,0.000012259999999999999508739322029438056915751076303422451019287109375,btc,365.56200924,0.0,0.0296943099999115,19
0,[],27,[],2019-03-10 05:11:37,0.0,0,0,6892679,2019-03-10 05:11:37,,0.0,0.0,0,btc,0.0,0.0,0.0,19
1,[],3,[],2019-03-10 05:01:20,117216.71766900578,0.0000180200000000000002645279828517033138268743641674518585205078125,0.000000000706279484,6892480,2019-03-10 05:01:20,btc,0.5199362437284827,52.0455582984,0.0000180200000000000002645279828517033138268743641674518585205078125,btc,9371.661300780404,0.0,0.014636182298752477,19
1,[],4,[],2019-03-10 05:11:39,2770050.98210011,0.00000012,0.00000000000469818,6892680,2019-03-10 05:11:39,btc,7.383042289760813,0.0,0.00000012,btc,2876583.25385408,0.00047882,0.0767787845231285,20
1,[],4,[],2019-03-10 05:11:41,103815793.72147027,0.00000002,0.00000000000078303,6892681,2019-03-10 05:11:41,btc,1852.945155259571,0.0,0.00000002,btc,54305021.8278267,0.0,1.1630563175500457,21
1,[],12,[],2019-03-10 05:11:42,1359458.0,0.00000001,0.000000000000391515,6892682,2019-03-10 05:11:42,btc,1247.5070061495405,0.0,0.00000001,btc,2425596.97702298,0.0,0.01359458,21
0,[],17,[],2019-03-10 05:11:55,0.0,0,0,6892683,2019-03-10 05:11:55,btc,0.0,0.0,0,btc,0.0,0.0,0.0,21
1,[],12,[],2019-03-10 05:11:57,2045128132.0,0.0000000001,0.0000000000000039151500000000005,6892684,2019-03-10 05:11:57,btc,1122527.7847605434,0.0,0.0000000001,btc,1626787766.9454436,0.040126969285614385,0.2045128132,23
0,[],27,[],2019-03-10 05:11:59,0.0,0,0,6892685,2019-03-10 05:11:59,,13.51825636659341,0.0,0,eth,2066931.35514486,0.0,0.0,23
1,[],4,[],2019-03-10 05:12:00,579623.64766673,0.00000046,0.00000000001800969,6892686,2019-03-10 05:12:00,btc,9.666916639229571,0.0,0.00000046,btc,1625855.45957004,0.0044582,0.1522183574918566,24
1,[],22,[],2019-03-10 05:12:05,11.76,0.00000100,0.0000000000391515,6892687,2019-03-10 05:12:05,BTC,7.415e-05,0.0,0.00000100,BTC,23.919354838709676,0.0,1.176e-05,24
0.0,[],25,[],2019-03-10 05:12:06,0.0,0,0,6892688,2019-03-10 05:12:06,,0.0,0.0,0.0,btc,0.0,0.0,0.0,24
0,[],2,[],2019-01-20 23:25:56,0.0,0,0,6476976,2019-01-20 23:25:56,,0.0,0.0,0,,0.0,0.0,0.0,26
1,[],4,[],2019-03-10 05:01:40,26578748.20951059,0.00000640,0.00000000025084288,6892494,2019-03-10 05:01:40,btc,134.83356377430763,0.0,0.00000640,btc,253382.37494747,0.0939123,0.4465798389667392,26
1,[],10,[],2019-03-10 05:01:43,686282.06895167,0.00000601,0.00000000023555714200000003,6892495,2019-03-10 05:01:43,btc,26.12762699423269,4415.75987737,0.00000601,btc,14082.23878667,0.0,0.21475994437872,26
1,[],3,[],2019-03-10 05:12:12,8436759.19501412,0.00000001,0.000000000000391515,6892689,2019-03-10 05:12:12,btc,2.2746402687272704,378.0,0.00000001,btc,17865523.66652067,0.0,0.0843675919501412,27
1,[],5,[],2019-03-10 05:12:14,0.0,0,0,6892690,2019-03-10 05:12:14,btc,0.0,0.00010462,0,btc,0.0,0.0,0.0,27
1,[],11,[],2019-03-10 05:12:16,9461840.38103613,0.00000005,0.000000000001957575,6892691,2019-03-10 05:12:16,btc,67506.32843704063,170.63047893,0.00000005,btc,7972152.75036371,0.0,0.44099231334143857,27
1,[],4,[],2019-03-10 05:12:17,2193155670.887254,0.00000001,0.000000000000391515,6892692,2019-03-10 05:12:17,btc,3.193326918715725,0.0,0.00000001,"btc,ltc",215494570.25186965,0.25384526,9.878558356567966,29
1,[],7,[],2019-03-10 05:12:21,35576600.71560571,0.00000001,0.000000000000391515,6892693,2019-03-10 05:12:21,btc,44461616.56859179,5000.0,0.00000001,btc,46749319.45179288,0.0001,0.35576600715605716,29
1,[],4,[],2019-03-10 05:12:22,2385290.68032906,0.00000025,0.000000000009787875,6892694,2019-03-10 05:12:22,btc,2.6388734151068083,0.0,0.00000025,btc,1975618.73549278,0.0096402,0.1144817651118756,30
0,[],17,[],2019-03-10 05:12:23,0.0,0,0,6892695,2019-03-10 05:12:23,btc,0.0,0.0,0,btc,0.0,0.0,0.0,30
1,[],4,[],2019-03-10 05:12:25,184049.85153917,0.00005620,0.0000000022003143,6892696,2019-03-10 05:12:25,btc,10.481294486139118,0.0,0.00005620,btc,133661.79785057,1.73273352,1.230705176648006,31
1,[],21,[],2019-03-10 05:12:25,116829.14377978,0.00005657999999999999699495586980,0.00000000221519187,6892697,2019-03-10 05:12:25,btc,4.51474206451316,242242.09189931,0.0000565799999999999969949558698001368384211673401296138763427734375,btc,71376.11456774,13.68781925,6.2769052008429425,31
0,[],2,[],2019-01-20 23:28:43,0.0,0,0,6477009,2019-01-20 23:28:43,,0.0,0.0,0,,0.0,0.0,0.0,32
1,[],4,[],2019-03-10 05:12:27,425079883.6283497,0.00000004,0.00000000000156606,6892698,2019-03-10 05:12:27,btc,10.597540378841014,0.0,0.00000004,"btc,ltc",198516171.98631743,0.11924508,10.19548841194377,33
1,[],12,[],2019-03-10 05:12:27,25209926.54000004,0.00000004,0.00000000000156606,6892699,2019-03-10 05:12:27,btc,1321846.239530823,0.0,0.00000004,btc,15708131.4595404,0.014562743176824,0.5891203819600016,33
1,[],4,[],2019-03-10 05:12:28,110991007.83842523,0.00000001,0.000000000000391515,6892700,2019-03-10 05:12:28,btc,3.371777077756943,0.0,0.00000001,btc,95650430.93608692,0.04589452,1.1099100783842524,34
1,[],5,[],2019-03-10 05:12:30,0.0,0,0,6892701,2019-03-10 05:12:30,btc,0.0,0.03138483,0,btc,0.0,0.0,0.0,34
0.0000000001455018,[],4,[],2019-03-10 05:12:32,3487088548.8993335,1.455018e-18,5.696613722700001e-23,6892702,2019-03-10 05:12:32,ltc,4.215307963410583e-08,0.0,0.00000001,ltc,6342619096.469583,0.0,5.07377660624241e-09,36
1,[],5,[],2019-03-10 05:12:34,0.0,0,0,6892703,2019-03-10 05:12:34,btc,0.0,0.0,0,btc,0.0,0.0,0.0,36
0,[],17,[],2019-03-10 05:12:35,0.0,0,0,6892704,2019-03-10 05:12:35,btc,0.0746458232965017,0.0,0,btc,4103573.70243647,0.0,0.0,36
0.0000000003471011,[],27,[],2019-03-10 05:12:38,1090000.0,3.471011e-18,1.358952871665e-22,6892705,2019-03-10 05:12:38,eth,222.5593939951224,0.0,0.00000001,"ltc,eth",11165410.31026039,0.0,1.7209532259999999e-12,36
1,[],17,[],2019-03-10 03:08:46,1752.74075282,0.00000025,0.00000000000981725,6891971,2019-03-10 03:08:46,btc,0.055484923777095005,0.0,0.00000025,btc,1319.19918473,0.0,0.00043818518820499993,37
1,[],4,[],2019-03-10 05:02:11,254632.88169643,0.00000059,0.000000000023124578,6892511,2019-03-10 05:02:11,btc,19772.47846541739,0.0,0.00000059,btc,559800.49341856,0.0001511,0.1110259443465016,37
1,[],12,[],2019-03-10 05:02:12,479904.11462623,0.00000063,0.000000000024692346,6892512,2019-03-10 05:02:12,btc,9.729800052297792,0.0,0.00000063,btc,290178.32162704,0.0810168572743164,0.1215681942857009,37
1,[],27,[],2019-03-10 05:02:16,14685.567,0.00000045,0.000000000017637390000000002,6892513,2019-03-10 05:02:16,btc,24.25536383611233,0.0,0.00000045,btc,6518.38138508,0.0,0.00480032515,37
1,[],5,[],2019-03-10 05:12:40,0.0,0,0,6892706,2019-03-10 05:12:40,btc,0.0,0.07846557,0,btc,0.0,0.0,0.0,42
1,[],12,[],2019-03-10 05:12:41,254895.1399595,0.000001,0.0000000000391515,6892707,2019-03-10 05:12:41,btc,0.290333887362058,0.0,0.000001,btc,31508.43133003,0.0866426871094,0.0191389999999927,42
0.0000000003471011,[],27,[],2019-03-10 05:12:44,2000.0,3.471011e-18,1.358952871665e-22,6892708,2019-03-10 05:12:44,eth,0.00315028,0.0,0.00000001,"btc,eth",11.007,0.0,6.942022e-15,42
1,[],5,[],2019-03-10 05:12:46,0.0,0,0,6892709,2019-03-10 05:12:46,btc,0.0,0.01156911,0,btc,0.0,0.0,0.0,43
1,[],12,[],2019-03-10 05:12:47,1121333.0,0.00000001,0.000000000000391515,6892710,2019-03-10 05:12:47,btc,1.8504711194405596,0.0,0.00000001,btc,4456703.97202798,0.0005495405494504,0.01121333,43
0,[],17,[],2019-03-10 05:02:25,0.0,0,0,6892519,2019-03-10 05:02:25,btc,0.0,0.0,0,btc,0.0,0.0,0.0,43
1,[],12,[],2019-03-05 01:54:08,639326.02,0.00000004,0.000000000001486676,6845775,2019-03-05 01:54:08,btc,11116042.728239931,0.0,0.00000004,btc,1103841.4595604,0.0003330765234764,0.014975410599999999,44
1,[],4,[],2019-03-10 05:12:59,298278518.8164252,0.00000004,0.00000000000156606,6892711,2019-03-10 05:12:59,btc,473.7504608180403,0.0,0.00000004,"btc,ltc",11593619.25359567,0.08441896,0.2860930461298505,49
0,[],4,[],2019-03-10 05:13:00,0.0,0,0,6892712,2019-03-10 05:13:00,,25.93605946190971,0.0,0,,10004017558.084637,0.0,0.0,52
0.0000000001236062,[],22,[],2019-03-10 05:13:04,80646562.0,1.236062e-18,4.8393681393e-23,6892713,2019-03-10 05:13:04,XMR,4366.97564137,0.0,0.00000001,XMR,255837734.67882353,2.599438386e-13,0.80646562,57
0.0000000003471011,[],27,[],2019-03-10 05:13:06,2000.0,3.471011e-18,1.358952871665e-22,6892714,2019-03-10 05:13:06,eth,0.0,0.0,0.00000001,"btc,eth",0.0,0.0,6.942022e-15,57
0.0000000001455018,[],4,[],2019-03-10 05:13:07,544644914.3319616,2.910036e-18,1.1393227445400001e-22,6892715,2019-03-10 05:13:07,ltc,18.807189311994144,0.0,0.00000002,ltc,4860491105.014953,0.0,1.139582414947096e-09,58
1,[],12,[],2019-03-10 05:13:09,1066438758.0,0.0000000003,0.00000000000001174545,6892716,2019-03-10 05:13:09,btc,2911891.6976681286,0.0,0.0000000003,btc,1670951806.9140859,0.07686577349360642,0.2686527563,58
0,[],17,[],2019-03-10 05:13:10,0.0,0,0,6892717,2019-03-10 05:13:10,btc,1e+24,0.0,0,btc,49306342.21952568,0.0,0.0,58
0.0000000001236062,[],22,[],2019-03-10 05:13:13,137438.0,1.236062e-18,4.8393681393e-23,6892718,2019-03-10 05:13:13,XMR,69.8835922,0.0,0.00000001,XMR,9887963.0,0.0,0.00137438,58
1,[],5,[],2019-03-10 05:13:14,0.0,0,0,6892719,2019-03-10 05:13:14,btc,0.0,0.0,0,btc,0.0,0.0,0.0,61
1,[],22,[],2019-03-10 05:13:17,13757.0,0.00000012,0.00000000000469818,6892720,2019-03-10 05:13:17,BTC,1002.2960049,0.0,0.00000012,BTC,14976.68361146909,0.0,0.00154987,61
1,[],26,[],2019-03-10 05:13:17,0.0,0.00000800,0.000000000313212,6892721,2019-03-10 05:13:17,btc,0.0,0.0,0.00000800,btc,0.0,0.0,0.0,61
1,[],27,[],2019-03-10 05:13:19,4411.22008,0.00000047,0.000000000018401205,6892722,2019-03-10 05:13:19,btc,2.8990263703141324,0.0,0.00000047,"btc,eth",19485.01257617,0.0,0.001243759959519531,61
1,[],28,[],2019-03-10 05:13:21,13880.304,0.0000005,0.00000000001957575,6892723,2019-03-10 05:13:21,btc,2.056312978300105,2365.2744,0.0000005,btc,9730.59500005,0.0,0.00566391304,61
1,[],4,[],2019-03-10 05:13:23,1378293.69354964,0.00000210,0.00000000008221815,6892724,2019-03-10 05:13:23,btc,9.081773357837303,0.0,0.00000210,btc,764833.76199372,0.13234604,1.126826799878517,67
0.0,[],25,[],2019-03-10 05:13:24,0.0,0,0,6892725,2019-03-10 05:13:24,,0.0,0.0,0.0,btc,0.0,0.0,0.0,67
1,[],12,[],2019-03-10 05:03:02,283021.85422308,0.00000028,0.000000000010974376000000001,6892535,2019-03-10 05:03:02,btc,1111115.6506813993,0.0,0.00000028,btc,1107090.82180143,0.0180544720950774,0.057789269934396,71
,[],5,[],2018-11-20 23:02:39,1.5e-07,0.00000005,0.000000000002128045,4862160,2018-11-20 23:02:39,btc,2.84511358,0.0,,btc,0.00036572,0.0,0.07381892,74
1,[],5,[],2019-03-10 05:13:25,0.0,0,0,6892726,2019-03-10 05:13:25,btc,0.0,0.0,0,btc,0.0,0.0,0.0,75
0,[],20,[],2019-01-25 09:30:31,0.0,0,0,6495923,2019-01-25 09:30:31,btc,0.0,0.0,0,btc,0.0,0.0,0.0,81
1,[],4,[],2019-03-10 05:13:26,13147768.81424166,0.00000001,0.000000000000391515,6892727,2019-03-10 05:13:26,btc,11388.985544584346,0.0,0.00000001,btc,40019471.49932191,0.0,0.1314776881424166,81
1,[],4,[],2019-03-10 05:13:28,24054.81238764,0.00007618,0.00000000298256127,6892728,2019-03-10 05:13:28,btc,18.130397523886995,0.0,0.00007618,btc,12429.16829846,0.00474055,0.1057275608401753,82
1,[],21,[],2019-03-10 05:13:28,763080.795771,0.00007449999999999999482878931811,0.00000000291678675,6892729,2019-03-10 05:13:28,btc,3.7981458751926915,3518.51588231,0.00007449999999999999482878931811313805155805312097072601318359375,btc,45806.23333985,0.26241356,2.74780347706101,82
0,[],17,[],2019-03-10 05:13:30,0.0,0,0,6892730,2019-03-10 05:13:30,btc,0.0447233088476774,0.0,0,btc,999127.19588126,0.0,0.0,84
0.0000000001455018,[],4,[],2019-03-10 05:13:32,206422917.54812548,4.365054e-18,1.70898411681e-22,6892731,2019-03-10 05:13:32,ltc,1.7594265099782371,0.0,0.00000003,ltc,383398486.69842625,0.0,4.696089635789332e-10,85
,[],22,[],2018-11-20 23:09:34,3408.1,0.0000001,0.0000000000041895,4862324,2018-11-20 23:09:34,BTC,0.04624735,0.0,,BTC,4990.0,0.0,0.00033081,86
1,[],22,[],2019-03-10 05:13:44,122000.0,0.00000003,0.000000000001174545,6892732,2019-03-10 05:13:44,BTC,2.078122,0.0,0.00000003,BTC,169918.94736842104,0.0,0.00186,87
0,[],27,[],2019-03-10 05:13:46,0.0,0,0,6892733,2019-03-10 05:13:46,,0.0,0.0,0,btc,0.0,0.0,0.0,87
,[],2,[],2018-11-20 23:10:47,0.0,0,0,4862359,2018-11-20 23:10:47,,0.0,0.0,,,0.0,0.0,0.0,88
1,[],11,[],2019-03-10 05:13:48,96132.62968101,0.000154959999999999993580690471617344883270561695098876953125,0.00000000606691644,6892734,2019-03-10 05:13:48,btc,610.9453746205968,608.00120606,0.000154959999999999993580690471617344883270561695098876953125,btc,95770.1981572,0.0,6.733852879073778,89
0,[],2,[],2019-01-20 23:31:45,0.0,0,0,6477083,2019-01-20 23:31:45,,0.0,0.0,0,,0.0,0.0,0.0,91
0,[],17,[],2019-03-10 04:12:50,0.0,0,0,6892364,2019-03-10 04:12:50,btc,0.0,0.0,0,btc,0.0,0.0,0.0,91
1,[],12,[],2019-03-10 05:13:49,248136.82424739,0.00000119999999999999994569773419106351042273672646842896938323974609375,0.0000000000469818,6892735,2019-03-10 05:13:49,btc,61.084955708465515,0.0,0.00000119999999999999994569773419106351042273672646842896938323974609375,btc,117024.30900002,0.0054067704802289,0.0356131914748164,91
1,[],22,[],2019-03-10 05:14:04,65900.0,0.00000001,0.000000000000391515,6892736,2019-03-10 05:14:04,BTC,3e-06,0.0,0.00000001,BTC,1.0,0.0,0.000659,91
0,[],22,[],2019-03-10 05:14:06,0.0,0,0,6892737,2019-03-10 05:14:06,,7.50307462,0.0,0,,70597140.95714286,0.0,0.0,95
0.0000000001455018,[],4,[],2019-03-10 05:14:08,646849596.8276336,7.566093599999999e-17,2.962239135804e-21,6892738,2019-03-10 05:14:08,ltc,11.894759085316378,0.0,0.00000052,ltc,136343495.56165135,0.0,1.8212999550142422e-09,96
0,[],12,[],2019-03-10 05:14:08,0.0,0,0,6892739,2019-03-10 05:14:08,btc,10.10105199,0.0,0,btc,2856755.0,0.00069933,0.0,96
0,[],17,[],2019-03-10 05:14:10,0.0,0,0,6892740,2019-03-10 05:14:10,btc,0.0,0.0,0,btc,0.0,0.0,0.0,96
1,[],4,[],2019-03-10 05:14:11,1615043.76378041,0.00000021,0.000000000008221815000000001,6892741,2019-03-10 05:14:11,btc,2.5368417071292737,0.0,0.00000021,btc,2569594.05153073,0.00584473,0.1307229308684212,99
1,[],4,[],2019-03-10 05:03:47,286689.42682593,0.00004000,0.000000001567768,6892552,2019-03-10 05:03:47,btc,11.418592455434876,0.0,0.00004000,btc,161276.23020814,1.73195361,1.6149173603786822,100
0,[],2,[],2019-01-20 23:23:55,0.0,0,0,6476914,2019-01-20 23:23:55,,0.0,0.0,0,,0.0,0.0,0.0,100
1,[],22,[],2019-03-10 05:14:15,50000.0,0.00000001,0.000000000000391515,6892742,2019-03-10 05:14:15,BTC,23.49896609,0.0,0.00000001,BTC,10277.22,0.0,0.0005,101
1,[],4,[],2019-03-10 05:14:16,368594.10290734,0.00000085,0.000000000033278775000000004,6892743,2019-03-10 05:14:16,btc,308.0357773611808,0.0,0.00000085,btc,492334.70275928,0.00973805,0.1977543637701675,103
1,[],12,[],2019-03-10 05:14:19,22033532.19700003,0.000000009,0.0000000000003523635,6892744,2019-03-10 05:14:19,btc,3859729.7999862465,0.0,0.000000009,btc,73026072.60543746,0.01914706634586403,0.05190232577300027,105
1,[],27,[],2019-03-10 05:14:21,223920.39,0.00000001,0.000000000000391515,6892745,2019-03-10 05:14:21,btc,36.60591030491341,5477.5,0.00000001,btc,1301440.23571724,5.478e-05,0.0022392039,105
1,[],22,[],2019-03-10 05:14:36,9328.0,0.00000001,0.000000000000391515,6892746,2019-03-10 05:14:36,BTC,51.10837004,0.0,0.00000001,BTC,470435.0,0.0,9.328e-05,107
1,[],26,[],2019-03-10 05:14:36,0.0,0.00000000,0,6892747,2019-03-10 05:14:36,btc,0.0,91290.0,0.00000000,btc,0.0,0.0,0.0,107
1,[],5,[],2019-03-10 05:14:37,0.0,0,0,6892748,2019-03-10 05:14:37,btc,0.0,0.07558203,0,btc,0.0,0.0,0.0,112
1,[],22,[],2019-03-10 05:14:41,1966.0,0.00000001,0.000000000000391515,6892749,2019-03-10 05:14:41,BTC,2.7975128,0.0,0.00000001,BTC,826524.0833333334,0.0,1.966e-05,112
0.0000000003471011,[],27,[],2019-03-10 05:14:43,2000.0,3.471011e-18,1.358952871665e-22,6892750,2019-03-10 05:14:43,eth,1.24996908,0.0,0.00000001,"btc,eth",1289.0,0.0,6.942022e-15,112
1,[],4,[],2019-03-10 05:14:45,1281043.44220888,0.00000198,0.00000000007751997,6892751,2019-03-10 05:14:45,btc,85.08994328080196,0.0,0.00000198,btc,326433.80789454,0.05220543,0.9761555097021504,113
1,[],5,[],2019-03-10 05:14:47,0.0,0,0,6892752,2019-03-10 05:14:47,btc,0.0,0.0,0,btc,0.0,0.0,0.0,113
0,[],27,[],2019-03-10 01:00:49,0.0,0,0,6891072,2019-03-10 01:00:49,,0.0,0.0,0,btc,0.0,0.0,0.0,116
1,[],17,[],2019-03-09 23:08:14,152738.278,0.00000004,0.0000000000015702200000000001,6890671,2019-03-09 23:08:14,btc,1.3368030274857574,0.0,0.00000004,btc,51896.221,0.0,0.0022095311199999998,116
1,[],4,[],2019-03-10 05:04:14,66711.3698456,0.00002488,0.000000000975151696,6892564,2019-03-10 05:04:14,btc,30.67577323379278,0.0,0.00002488,btc,85749.39307035,0.89238608,0.9832025628804286,120
1,[],7,[],2019-03-10 05:04:16,20846.99722132,0.0000212500000000000015265566588595902430824935436248779296875,0.0000000008328767500000001,6892565,2019-03-10 05:04:16,btc,115648.89480684382,0.0,0.0000212500000000000015265566588595902430824935436248779296875,btc,36709.119221220004,0.0,0.052152519313818,120
1,[],20,[],2019-03-10 05:04:18,2950134.1162,0.000000034,0.0000000000013326028,6892566,2019-03-10 05:04:18,btc,33.6158386038068,61768.5,0.000000034,btc,1013047.029,0.0021517278668,0.0388290589086,125
1,[],22,[],2019-03-10 05:14:51,3053.0,0.00000001,0.000000000000391515,6892753,2019-03-10 05:14:51,BTC,0.01444887,0.0,0.00000001,BTC,296263.5111111111,0.0,3.053e-05,126
0,[],17,[],2019-03-10 05:04:34,0.0,0,0,6892569,2019-03-10 05:04:34,btc,0.0009561751951600001,0.0,0,btc,35.42829368,0.0,0.0,131
0,[],2,[],2019-01-20 23:25:46,0.0,0,0,6476969,2019-01-20 23:25:46,,0.0,0.0,0,,0.0,0.0,0.0,131
1,[],4,[],2019-03-10 05:14:52,138707.58958503,0.00001299,0.000000000508577985,6892754,2019-03-10 05:14:52,btc,3.592557598243857,0.0,0.00001299,btc,121878.6544713,0.10448718,0.5625456446349695,131
1,[],4,[],2019-03-10 05:14:56,4547.79300483,0.00016000,0.00000000626424,6892755,2019-03-10 05:14:56,btc,1.6192500115717292,0.0,0.00016000,btc,239.25503526,0.0,0.0068861669225237,135
1,[],3,[],2019-03-07 00:20:44,877702.73244099,0.00000004,0.00000000000154846,6863392,2019-03-07 00:20:44,btc,0.119366241821405,0.0,0.00000004,btc,760637.99421222,0.0,0.023771231960604298,136
1,[],4,[],2019-03-10 05:14:58,239221.13579516,0.00000152,0.00000000005951028,6892756,2019-03-10 05:14:58,btc,38.68336782965057,0.0,0.00000152,btc,522580.97435493,0.01271899,0.0613440212650656,137
1,[],12,[],2019-03-10 05:15:00,179498.62946097,0.00000141999999999999995691814247411599581027985550463199615478515625,0.00000000005559513,6892757,2019-03-10 05:15:00,btc,5.061157892637635,0.0,0.00000141999999999999995691814247411599581027985550463199615478515625,btc,4304.15007667,0.003912582928305,0.0072655099999909,137
1,[],4,[],2019-03-10 05:15:01,10832.76511819,0.00003627,0.000000001420024905,6892758,2019-03-10 05:15:01,btc,28.62728234544386,0.0,0.00003627,btc,49314.16323461,0.32919254,0.2349244751433078,142
1,[],5,[],2019-03-10 05:15:03,0.0,0,0,6892759,2019-03-10 05:15:03,btc,0.0,0.27658888,0,btc,0.0,0.0,0.0,142
1,[],17,[],2019-03-10 05:15:05,22967.386363640002,0.00000088,0.000000000034453320000000005,6892760,2019-03-10 05:15:05,btc,20.069913352734183,0.0,0.00000088,btc,2746.079105,0.0,0.0104613000000032,142
1,[],20,[],2019-03-10 05:15:07,139641.1483,0.0000331,0.00000000129591465,6892761,2019-03-10 05:15:07,btc,0.3385275771142,5.1876,0.0000331,btc,2290.4355,0.000207417675,0.3068357326069,142
1,[],22,[],2019-03-10 05:15:11,1470.8988921568628,0.00004000,0.00000000156606,6892762,2019-03-10 05:15:11,BTC,3.00385504,0.0,0.00004000,BTC,891.218,0.0,0.0012358,142
0.0,[],25,[],2019-03-10 05:15:12,0.0,0,0,6892763,2019-03-10 05:15:12,,0.0,0.0,0.0,btc,0.0,0.0,0.0,142
1,[],28,[],2019-03-10 05:15:14,76202.668,0.00002550,0.00000000099836325,6892764,2019-03-10 05:15:14,btc,0.067100461059305,1650.0,0.00002550,btc,552.61077999,0.0,0.005494562,142
0,[],22,[],2019-03-10 05:15:16,0.0,0,0,6892765,2019-03-10 05:15:16,,65.61831169,0.0,0,,1037691921.3,0.0,0.0,143
0,[],22,[],2019-02-25 15:42:22,0.0,0,0,6783783,2019-02-25 15:42:22,,4.2131946,0.0,0,,2322156.0,0.0,0.0,146
,[],22,[],2018-11-20 23:01:11,0.0,0,0,4862114,2018-11-20 23:01:11,,2.56807021,0.0,,,61828.4988236,0.0,0.0,147
1,[],12,[],2019-03-10 05:04:58,334433.24581108,0.00000225000000000000005700192921842539561794183100573718547821044921875,0.00000000008818695,6892580,2019-03-10 05:04:58,btc,1.7297516686747016,0.0,0.00000225000000000000005700192921842539561794183100573718547821044921875,btc,28336.32742472,0.0,0.028178829999977,148
1,[],4,[],2019-03-10 05:15:18,251540.38065909,0.00000029,0.000000000011353935,6892766,2019-03-10 05:15:18,btc,219.99891564754464,0.0,0.00000029,btc,841119.99512658,0.0,0.0597902236456187,152
0,[],22,[],2019-03-10 05:15:22,0.0,0,0,6892767,2019-03-10 05:15:22,,0.0,0.0,0,,0.0,0.0,0.0,152
1,[],5,[],2019-03-10 05:15:24,0.0,0,0,6892768,2019-03-10 05:15:24,btc,0.0,0.0,0,btc,0.0,0.0,0.0,153
,[],16,[],2019-01-11 15:38:59,0.0,0,0,6366141,2019-01-11 15:38:59,btc,0.0,0.0,,btc,0.0,0.0,0.0,155
0,[],23,[],2019-01-20 23:24:29,0.0,0,0,6476932,2019-01-20 23:24:29,,0.0,0.0,0,,0.0,0.0,0.0,156
0,[],22,[],2019-03-10 05:15:26,0.0,0,0,6892769,2019-03-10 05:15:26,,6.7463781,0.0,0,,4673397.242592593,0.0,0.0,156
1,[],22,[],2019-03-10 05:15:31,7073.8,0.00005300,0.0000000020750295000000003,6892770,2019-03-10 05:15:31,BTC,1.79802465,0.0,0.00005300,BTC,802.6461988741639,0.00541234,0.00104336,157
0,[],22,[],2019-03-10 05:15:33,0.0,0,0,6892771,2019-03-10 05:15:33,,50175.67608608,0.0,0,,54079135.04179466,0.0,0.0,158
,[],17,[],2018-11-20 22:56:10,0.0,0,0,4861976,2018-11-20 22:56:10,btc,1.1265625,0.0,,btc,1000.0,0.0,0.0,159
,[],20,[],2018-11-20 22:56:12,0.0,0,0,4861977,2018-11-20 22:56:12,btc,11912.7940471,0.0,,btc,34413894.3617,0.0,0.0,159
1,[],12,[],2019-03-10 05:15:34,220939.19126219,0.0000068199999999999999243161831474768774796757497824728488922119140625,0.00000000026701323,6892772,2019-03-10 05:15:34,btc,0.7784816516793304,0.0,0.0000068199999999999999243161831474768774796757497824728488922119140625,btc,8605.73642354,0.0023016570831213,0.0935346308995824,168
1,[],17,[],2019-03-10 05:15:37,29784.95,0.000001,0.0000000000391515,6892773,2019-03-10 05:15:37,btc,0.03026736251542,0.0,0.000001,btc,144.46171372,0.0,0.00716147,168
0,[],22,[],2019-03-07 13:06:36,0.0,0,0,6867364,2019-03-07 13:06:36,,1.1339604,0.0,0,,520283.17470714403,0.0,0.0,169
1,[],22,[],2019-03-10 05:15:40,227715.66666666666,0.0000001,0.00000000000391515,6892774,2019-03-10 05:15:40,BTC,14.35049674,0.0,0.0000001,BTC,156152.1439341018,0.00011863,0.00308617,171
1,[],22,[],2019-03-10 05:05:37,944614.6916666667,0.00000012,0.000000000004703304,6892590,2019-03-10 05:05:37,BTC,2.25261983,0.0,0.00000012,"BTC,LTC",280060.6617868825,0.0,0.03325914,173
1,[],5,[],2019-03-05 01:59:40,0.0,0,0,6845846,2019-03-05 01:59:40,btc,0.0,0.00384852,0,btc,0.0,0.0,0.0,175
1,[],22,[],2019-03-10 05:05:40,35500.0,0.00000012,0.000000000004703304,6892591,2019-03-10 05:05:40,BTC,0.54559973,0.0,0.00000012,BTC,137776.41444619838,0.0,0.00206,176
1,[],7,[],2019-03-10 05:05:41,0.0,0,0,6892592,2019-03-10 05:05:41,btc,410914.81356725405,16509.4905095,0,btc,115667563.31395811,0.00016509,0.0,178
0,[],22,[],2019-03-10 05:05:53,0.0,0,0,6892593,2019-03-10 05:05:53,,1.00242438,0.0,0,,57522.0,0.0,0.0,178
0,[],2,[],2019-01-20 23:28:34,0.0,0,0,6477001,2019-01-20 23:28:34,,0.0,0.0,0,,0.0,0.0,0.0,178
1,[],5,[],2019-03-10 05:05:55,0.0,0,0,6892594,2019-03-10 05:05:55,btc,0.0,0.02617704,0,btc,0.0,0.0,0.0,179
1,[],22,[],2019-03-10 05:05:59,6875825.5,0.00000002,0.0000000000007838840000000001,6892595,2019-03-10 05:05:59,BTC,5.6519481,0.0,0.00000002,"BTC,LTC",17780969.756535422,2.322e-05,0.37245723,179
0,[],23,[],2019-01-20 23:25:08,0.0,0,0,6476952,2019-01-20 23:25:08,,0.0,0.0,0,,0.0,0.0,0.0,179
1,[],17,[],2019-03-10 05:06:01,10504.725,0.0000001,0.00000000000391942,6892596,2019-03-10 05:06:01,btc,5.201069583844242,0.0,0.0000001,btc,5033.45945,0.0,0.0010504725,180
1,[],22,[],2019-03-10 05:06:06,664166.7090909091,0.00000177,0.000000000069373734,6892597,2019-03-10 05:06:06,BTC,0.20952313,0.0,0.00000177,"BTC,LTC",59060.756131308655,0.01765847,0.57013798,180
1,[],26,[],2019-03-10 05:06:06,0.0,0.00000125,0.00000000004899275,6892598,2019-03-10 05:06:06,btc,0.0,194.0,0.00000125,btc,0.0,0.0,0.0,180
,[],7,[],2018-11-20 22:58:01,562227.975654,0.00000085,0.000000000036176765,4862015,2018-11-20 22:58:01,btc,21836.6059674,2491.87645172,,btc,749999.041456,0.00211021,0.127565380455,183
,[],5,[],2019-01-10 08:11:41,0.0,0,0,6347036,2019-01-10 08:11:41,btc,82.15055501,0.00261,,btc,1.19002445,0.0,0.0,187
1,[],24,[],2019-03-10 05:06:07,0.0,0.000000000001,3.9194200000000004e-17,6892599,2019-03-10 05:06:07,btc,0.0,0.0,0.000000000001,btc,0.0,0.0,0.0,187
,[],17,[],2018-11-16 20:58:10,4062536.27273,0.00000001,0.000000000000550501,4708775,2018-11-16 20:58:10,btc,3.36492563466,0.195460381006,,"btc,eth",110697919.549,0.0,0.0157628953496,187
0,[],22,[],2019-03-10 05:06:09,0.0,0,0,6892600,2019-03-10 05:06:09,,7.54797454,0.0,0,,79361.7243344055,0.0,0.0,191
0,[],22,[],2019-03-10 05:06:14,0.0,0,0,6892601,2019-03-10 05:06:14,,0.0,0.0,0,,0.0,0.0,0.0,197
0,[],23,[],2019-01-20 23:31:41,0.0,0,0,6477079,2019-01-20 23:31:41,,0.0,0.0,0,,0.0,0.0,0.0,199
0,[],22,[],2019-03-10 05:06:18,0.0,0,0,6892602,2019-03-10 05:06:18,,5.19076992,0.0,0,,21057923.0,0.0,0.0,199
1,[],26,[],2019-03-10 05:06:18,0.0,0.00000000,0,6892603,2019-03-10 05:06:18,btc,0.0,128185.0,0.00000000,btc,0.0,0.0,0.0,199
0,[],17,[],2019-01-30 16:32:01,0.0,0,0,6540827,2019-01-30 16:32:01,btc,6.802544163788159,0.0,0,btc,105897.55575295,0.0,0.0,200
0,[],2,[],2019-01-20 23:30:49,0.0,0,0,6477059,2019-01-20 23:30:49,,0.0,0.0,0,,0.0,0.0,0.0,201
1,[],4,[],2019-01-25 15:51:35,2084389.58565343,0.00000936,0.000000000333526752,6499557,2019-01-25 15:51:35,btc,2.0092503037378524,0.0,0.00000936,btc,160195.80207885,0.19272417,1.242687955921835,211
1,[],7,[],2019-03-10 05:06:21,2250800.01583802,0.00000101000000000000007076262319161141789436442195437848567962646484375,0.000000000039586142000000005,6892604,2019-03-10 05:06:21,btc,15476653.722510085,560456.016129,0.00000101000000000000007076262319161141789436442195437848567962646484375,btc,13387908.54976011,0.0,1.1289265584093982,212
1,[],5,[],2019-03-10 05:06:24,0.0,0,0,6892605,2019-03-10 05:06:24,btc,0.0,0.02266266,0,btc,0.0,0.0,0.0,213
1,[],24,[],2019-03-10 05:06:24,0.0,0.000000120000,0.000000000004703304,6892606,2019-03-10 05:06:24,btc,0.0,0.0,0.000000120000,btc,0.0,0.0,0.0,213
1,[],26,[],2019-03-10 05:06:24,0.0,0.00000010,0.00000000000391942,6892607,2019-03-10 05:06:24,btc,0.0,0.0,0.00000010,btc,0.0,0.0,0.0,213
1,[],12,[],2019-01-25 02:44:32,207462.42853209,0.000001080000000000000035831255497387193287295303889550268650054931640625,0.000000000038610756000000006,6493050,2019-01-25 02:44:32,btc,85023.03793723314,0.0,0.000001080000000000000035831255497387193287295303889550268650054931640625,btc,43675.73520027,0.000146250909087,0.0348620860622024,213
1,[],22,[],2019-03-10 05:06:28,65000.0,0.00000002,0.0000000000007838840000000001,6892608,2019-03-10 05:06:28,BTC,2.28062382,0.0,0.00000002,BTC,675757.3963726171,0.0,0.00105,216
1,[],27,[],2019-03-10 05:06:30,1298122.0,0.00000003,0.000000000001175826,6892609,2019-03-10 05:06:30,btc,317.9840534547724,480.0,0.00000003,"btc,ltc",240763.990324,1.44e-05,0.033757640000262226,216
1,[],22,[],2019-03-10 05:06:34,155746.52409638555,0.00000172,0.000000000067414024,6892610,2019-03-10 05:06:34,BTC,12673.62768688,0.0,0.00000172,BTC,432481.7848329881,0.02317125,0.1644599,217
1,[],7,[],2019-03-10 05:06:35,0.0,0,0,6892611,2019-03-10 05:06:35,btc,77969.38823110008,0.0,0,btc,135865036.11822966,0.0,0.0,219
0,[],27,[],2019-03-10 05:06:37,0.0,0,0,6892612,2019-03-10 05:06:37,,0.0404796,0.0,0,btc,2057905.0,0.0,0.0,219
0.0000000000000051,[],28,[],2019-03-10 05:06:44,168620379.187,7.65e-18,2.9983563e-22,6892613,2019-03-10 05:06:44,doge,85152.2106148375,14445.0,0.00150000,"btc,doge",3763918.34751,0.0,1.468944255212937e-11,219
1,[],22,[],2019-03-10 05:06:47,348339.0,0.00000006,0.000000000002351652,6892614,2019-03-10 05:06:47,BTC,2.76264714,0.0,0.00000006,BTC,89545.24541875876,0.0,0.01427961,221
1,[],24,[],2019-03-10 05:06:47,0.0,0.000000200000,0.00000000000783884,6892615,2019-03-10 05:06:47,btc,0.0,0.0,0.000000200000,btc,0.0,0.0,0.0,221
1,[],20,[],2019-03-10 05:06:49,39105329.5253,0.000000001,0.0000000000000391942,6892616,2019-03-10 05:06:49,btc,48.4450043719203,0.0,0.000000001,btc,16389766.8029,0.0,0.0391053295253,224
0,[],22,[],2019-03-10 05:06:52,0.0,0,0,6892617,2019-03-10 05:06:52,,0.0,0.0,0,,0.0,0.0,0.0,224
1,[],26,[],2019-03-10 05:06:52,0.0,0.00000035,0.00000000001371797,6892618,2019-03-10 05:06:52,btc,0.0,0.0,0.00000035,btc,0.0,0.0,0.0,231
1,[],26,[],2019-03-10 05:06:52,0.0,0.00000005,0.00000000000195971,6892619,2019-03-10 05:06:52,btc,0.0,100.0,0.00000005,btc,0.0,0.0,0.0,234
0.00000000034702669999999997,[],27,[],2019-03-10 05:06:54,2000.0,3.470267e-18,1.360143388514e-22,6892620,2019-03-10 05:06:54,eth,0.01134836604,0.0,0.00000001,"btc,eth",11462.996,0.0,6.940534e-15,234
1,[],4,[],2019-03-10 05:06:56,770994.81094735,0.00000072,0.000000000028219824000000002,6892621,2019-03-10 05:06:56,btc,4.225751435598551,0.0,0.00000072,btc,1223144.38781741,0.02640805,0.1917946667252487,236
1,[],24,[],2019-03-10 05:06:56,0.0,0.000000300000,0.00000000001175826,6892622,2019-03-10 05:06:56,btc,0.0,0.0,0.000000300000,btc,0.0,0.0,0.0,236
1,[],20,[],2019-03-10 05:06:58,198098426.7949,0.000000053,0.0000000000020772926000000002,6892623,2019-03-10 05:06:58,btc,13.553006193851,19646352.4992,0.000000053,btc,38402189.3525,1.0890551415187,0.2702264577692,237
0.0000000001456827,[],22,[],2019-03-10 05:07:01,751594.9,2.4766059e-17,9.706858696578e-22,6892624,2019-03-10 05:07:01,LTC,0.0405823,0.0,0.00000017,LTC,3164.0,0.0,0.12541949,237
1,[],4,[],2019-03-10 05:07:02,8688362.55940326,0.00000036,0.000000000014109912000000001,6892625,2019-03-10 05:07:02,btc,9.028249802861877,0.0,0.00000036,btc,10773012.94574821,0.5179845,2.200750325936164,238
1,[],5,[],2019-03-10 05:07:04,0.0,0,0,6892626,2019-03-10 05:07:04,btc,0.0,0.02836093,0,btc,0.0,0.0,0.0,238
0,[],22,[],2019-03-10 05:07:06,0.0,0,0,6892627,2019-03-10 05:07:06,,0.40415746,0.0,0,,526736.5639027493,0.0,0.0,249
0.0000000001456827,[],22,[],2019-03-10 05:07:09,49087200.666666664,5.827308e-18,2.2839667521360003e-22,6892628,2019-03-10 05:07:09,LTC,0.90188236,0.0,0.00000004,LTC,17061399.253636364,0.0,1.18162413,252
1,[],28,[],2019-03-10 05:07:16,2789461.713,0.00000037,0.000000000014501854,6892629,2019-03-10 05:07:16,btc,164735.3133109558,10214.6,0.00000037,btc,3218201.1177,0.0,0.57356634182,256
1,[],22,[],2019-03-10 05:07:19,1370473.8333333333,0.00000004,0.0000000000015677680000000002,6892630,2019-03-10 05:07:19,BTC,31.45379838,0.0,0.00000004,BTC,643769.9124533612,0.00024099,0.02036077,258
1,[],22,[],2019-03-10 05:07:23,48751.0,0.00000001,0.00000000000039194200000000004,6892631,2019-03-10 05:07:23,BTC,2.4175745,0.0,0.00000001,BTC,1762.0,0.0,0.00048751,259
1,[],5,[],2019-03-10 05:07:26,0.0,0,0,6892632,2019-03-10 05:07:26,btc,0.0,0.043718,0,btc,0.0,0.0,0.0,264
1,[],20,[],2019-03-10 05:07:27,1216435.168,0.000002,0.00000000007838840000000001,6892633,2019-03-10 05:07:27,btc,7.4541052652967,115516.6577,0.000002,btc,100117.666,0.2630537004314,0.0180540535718,264
0,[],22,[],2019-03-10 05:07:30,0.0,0,0,6892634,2019-03-10 05:07:30,,8.75643939,0.0,0,,466495.2241309945,0.0,0.0,271
0,[],22,[],2019-03-10 05:07:33,0.0,0,0,6892635,2019-03-10 05:07:33,,266.36893303,0.0,0,,13949488766.692,0.0,0.0,272
0.0000000000000051,[],28,[],2019-03-10 05:07:44,221864356712.905,5.151e-21,2.018893242e-25,6892636,2019-03-10 05:07:44,doge,37978219.1981314,23452763581.267,0.00000101,doge,207717123043.4509,0.0,6.263944694443215e-10,272
1,[],22,[],2019-03-10 05:07:49,179098.74,0.0000007,0.00000000002743594,6892637,2019-03-10 05:07:49,BTC,177.42999236,0.0,0.0000007,"BTC,LTC",31941.441119091924,0.0280804,0.06950825,281
1,[],22,[],2019-03-10 05:07:53,13202.0,0.00000001,0.00000000000039194200000000004,6892638,2019-03-10 05:07:53,BTC,1.30789188,0.0,0.00000001,BTC,171330.5846605432,0.03593989,0.00013202,286
0,[],22,[],2019-03-10 05:07:56,0.0,0,0,6892639,2019-03-10 05:07:56,,43638.82491513,0.0,0,,700126356.0,0.0,0.0,294
