pairValue,buyBook,exchangeId,sellBook,updated,buyTotal,satoshiPrice,usdPrice,exchangeLogId,created,bestPair,sellTotalBtc,volume,pairPrice,activePairs,sellTotal,volumeBtc,buyTotalBtc,coinId
1,[],3,[],2019-01-28 03:20:48,105.458789335938,0.0128486299999999997734079215661040507256984710693359375,0.00000044989349458699996,6517585,2019-01-28 03:20:48,btc,106.96302384702105,0.100024595156,0.0128486299999999997734079215661040507256984710693359375,btc,13.584153145953001,0.0,0.19796930421834802,1
1,[],4,[],2019-01-28 03:21:07,25050.53956365,0.01283060,0.00000044926217594,6517586,2019-01-28 03:21:07,btc,0.9470000206661517,0.0,0.01283060,btc,66.99790826,0.95538111,0.9055552344811003,1
1,[],5,[],2019-01-28 03:21:09,0.24017984,0.01299575,0.000000455044886675,6517587,2019-01-28 03:21:09,btc,14578.45128793,0.02803244,0.01299575,btc,35555556.27833298,0.0,1.62219055,1
1,[],10,[],2019-01-28 03:21:11,271419.31478493,0.01253414,0.00000043888165868599997,6517588,2019-01-28 03:21:11,btc,6535.970882867493,1387.6602571,0.01253414,btc,865.11780742,0.0,3.5777639551548166,1
1,[],12,[],2019-01-28 03:21:14,10413.7097487,0.0118499999999999994226840271949185989797115325927734375,0.00000041492656499999995,6517589,2019-01-28 03:21:14,btc,0.7475900413563,0.0,0.0118499999999999994226840271949185989797115325927734375,btc,51.67482465,0.026456605343,0.0732664650911,1
1,[],20,[],2019-01-28 03:21:16,1351.1978,0.01050001,0.00000036765680014899996,6517590,2019-01-28 03:21:16,btc,0.0564711704203,0.0,0.01050001,btc,2.4781,0.0,0.0947312274601,1
1,[],21,[],2019-01-28 03:21:17,2599.46105945,0.01290948999999999916021842239,0.00000045202450140099997,6517591,2019-01-28 03:21:17,btc,32.50506713497907,1664.51764133,0.0129094899999999991602184223893345915712416172027587890625,"btc,eth",2744.42537371,16.800460095476563,26.149217436654222,1
1,[],22,[],2019-01-28 03:21:22,0.0363776,0.01400000,0.0000004902085999999999,6517592,2019-01-28 03:21:22,BTC,0.31387019,0.0,0.01400000,BTC,0.09333966666666667,0.0,0.00048472,1
1,[],24,[],2019-01-28 03:21:22,0.0,0.000000000000,0,6517593,2019-01-28 03:21:22,btc,0.0,0.0,0.000000000000,btc,0.0,0.0,0.0,1
0.0,[],25,[],2019-01-28 03:21:23,0.0,0,0,6517594,2019-01-28 03:21:23,btc,30.160099997047315,318.54401322,0.0,btc,2259.80567055,4.0536,0.0,1
1,[],26,[],2019-01-28 03:21:33,0.0,0,0,6517595,2019-01-28 03:21:33,,0.0,0.0,0,,0.0,0.0,0.0,1
1,[],28,[],2019-01-28 03:21:35,987.9,0.01131000,0.000000396018519,6517596,2019-01-28 03:21:35,btc,0.162839806,17571.4,0.01131000,btc,8.9,0.0,0.024551096,1
0,[],2,[],2019-01-20 23:28:45,0.0,0,0,6477011,2019-01-20 23:28:45,,0.0,0.0,0,,0.0,0.0,0.0,1
1,[],5,[],2019-01-28 03:21:37,1.819e-05,0.00000070,0.000000000024510429999999997,6517597,2019-01-28 03:21:37,btc,0.13857977,0.09885554,0.00000070,btc,7.898e-05,0.0,0.51407375,2
1,[],22,[],2019-01-28 03:21:41,1754.625335862178,0.0000004,0.00000000001400596,6517598,2019-01-28 03:21:41,BTC,0.0231601,0.0,0.0000004,"BTC,XMR",14562.72385,0.0,0.00111682,2
1,[],5,[],2019-01-28 03:21:49,1.25e-06,0.00000016,0.000000000005602384,6517599,2019-01-28 03:21:49,btc,3.91629161,0.00716912,0.00000016,btc,2.204e-05,0.0,1.9736084,3
1,[],12,[],2019-01-28 03:21:51,12428751.62696625,0.000000167,0.0000000000058474882999999996,6517600,2019-01-28 03:21:51,btc,921359.5816838411,0.0,0.000000167,btc,8087527.64745609,0.0453716234087081,0.535284998375925,3
0,[],28,[],2019-01-28 03:21:59,0.0,0,0,6517601,2019-01-28 03:21:59,,0.0,0.0,0,,0.0,0.0,0.0,3
0,[],2,[],2019-01-20 23:31:32,0.0,0,0,6477077,2019-01-20 23:31:32,,0.0,0.0,0,,0.0,0.0,0.0,4
1,[],4,[],2019-01-28 03:22:07,334491.92517141,0.00000045,0.000000000015756705,6517602,2019-01-28 03:22:07,btc,0.4952237287458514,0.0,0.00000045,btc,321012.63841114,0.00884827,0.047671981819864,4
1,[],12,[],2019-01-25 15:53:49,1222127.5219999999,0.00000003,0.000000000001069017,6499609,2019-01-25 15:53:49,btc,11013867.817925906,0.0,0.00000003,btc,969763.77092902,0.0,0.01617509044,5
0,[],2,[],2019-01-20 23:31:51,0.0,0,0,6477087,2019-01-20 23:31:51,,0.0,0.0,0,,0.0,0.0,0.0,6
1,[],11,[],2019-01-28 03:23:13,3384831.0,0.00000001,0.000000000000350149,6517603,2019-01-28 03:23:13,btc,9432.524718854567,890188.0,0.00000001,btc,41871876.72229939,0.0,0.03384831,6
1,[],3,[],2019-01-28 03:23:14,1056.379415503993,0.00015054000000000000540623101841219977359287440776824951171875,0.000000005271143046,6517604,2019-01-28 03:23:14,btc,30.108593419388622,0.0,0.00015054000000000000540623101841219977359287440776824951171875,btc,231.077492617847,0.0,0.028994113718921508,7
1,[],4,[],2019-01-28 03:23:15,18354.61569401,0.00015606,0.000000005464425294,6517605,2019-01-28 03:23:15,btc,1.2072714760973624,0.0,0.00015606,btc,6956.49283207,3.88999827,2.6657320106728997,7
1,[],5,[],2019-01-28 03:23:16,0.00486064,0.00015251,0.000000005340122399,6517606,2019-01-28 03:23:16,btc,1.33328789,0.46565344,0.00015251,btc,0.01062249,0.0,1.38005255,7
1,[],20,[],2019-01-28 03:23:19,62771509.8802,0.000000001,0.000000000000035014899999999996,6517607,2019-01-28 03:23:19,btc,121.193338259396,0.0,0.000000001,btc,26031125.3262,0.0,0.0627715098802,8
0,[],2,[],2019-01-20 23:22:42,0.0,0,0,6476876,2019-01-20 23:22:42,,0.0,0.0,0,,0.0,0.0,0.0,9
0,[],23,[],2019-01-20 23:22:48,0.0,0,0,6476878,2019-01-20 23:22:48,,0.0,0.0,0,,0.0,0.0,0.0,9
1,[],1,[],2019-01-28 03:23:35,2120454.0100000002,0.000001940000000000000060442102711721901187047478742897510528564453125,0.000000000067928906,6517608,2019-01-28 03:23:35,btc,5.6195345450000005,9464465.6,0.000001940000000000000060442102711721901187047478742897510528564453125,btc,2833588.6,18.35248009,4.0600839615,9
1,[],4,[],2019-01-28 03:23:36,378368.98766083,0.00000192,0.000000000067228608,6517609,2019-01-28 03:23:36,btc,0.7819589592925676,0.0,0.00000192,btc,391279.75669474,1.11475312,0.688320385284446,9
1,[],28,[],2019-01-28 03:23:40,34500.0,0.00000165,0.000000000057774584999999995,6517610,2019-01-28 03:23:40,btc,2708.75020572,3556021.0,0.00000165,btc,7862.68,0.0,0.02854,9
1,[],4,[],2019-01-28 03:23:56,7167023.79326053,0.00000002,0.000000000000700298,6517611,2019-01-28 03:23:56,btc,0.2156658439257639,0.0,0.00000002,btc,4289694.59891358,0.00079567,0.0751698801652106,10
0,[],2,[],2019-01-20 23:23:08,0.0,0,0,6476890,2019-01-20 23:23:08,,0.0,0.0,0,,0.0,0.0,0.0,12
1,[],4,[],2019-01-28 03:23:58,2163834.55242691,0.00000142,0.000000000049721158,6517612,2019-01-28 03:23:58,btc,0.9434789872482863,0.0,0.00000142,btc,626941.34743731,2.22841507,2.1625738260784644,12
1,[],5,[],2019-01-28 03:23:59,1.113e-05,0.00000140,0.000000000049020859999999995,6517613,2019-01-28 03:23:59,btc,0.26044643,0.47111247,0.00000140,btc,0.00011356,0.0,0.1706595,12
0.0,[],25,[],2019-01-28 03:24:01,0.0,0,0,6517614,2019-01-28 03:24:01,,0.0,0.0,0.0,btc,0.0,0.0,0.0,12
1,[],4,[],2019-01-28 03:24:01,306943.86885246,0.00000696,0.000000000243703704,6517615,2019-01-28 03:24:01,btc,0.363560842170331,0.0,0.00000696,btc,48806.452243,0.64740956,1.396711419983752,13
1,[],10,[],2019-01-28 03:24:03,568024.58487987,0.00000706,0.00000000024720519399999997,6517616,2019-01-28 03:24:03,btc,666807.9322232493,5748.74190415,0.00000706,btc,838859.89483233,0.0,0.8094380812325815,13
1,[],21,[],2019-01-28 03:24:16,1651139.79449845,0.000007130000000000000344392483281,0.000000000249656237,6517617,2019-01-28 03:24:16,btc,6.066167754561812,657813.58451292,0.0000071300000000000003443924832813305414447313523851335048675537109375,btc,780930.7842151,4.74239197,10.537671073159117,13
1,[],4,[],2019-01-28 03:24:16,699838.82917826,0.00000172,0.00000000006022562799999999,6517618,2019-01-28 03:24:16,btc,0.1062297095969847,0.0,0.00000172,btc,45066.11445727,0.01787632,0.1239948022310171,14
1,[],12,[],2019-01-28 03:24:17,92399.4415026,0.000001769999999999999994019540816569957542014890350401401519775390625,0.000000000061976373,6517619,2019-01-28 03:24:17,btc,1.7864674405150611,0.0,0.000001769999999999999994019540816569957542014890350401401519775390625,btc,37944.62520423,0.0003452169689412,0.021019319514892,14
0,[],17,[],2019-01-28 03:24:19,0.0,0,0,6517620,2019-01-28 03:24:19,btc,0.0,0.0,0,btc,0.0,0.0,0.0,14
1,[],26,[],2019-01-28 03:24:19,0.0,0.00000020,0.00000000000700298,6517621,2019-01-28 03:24:19,btc,0.0,0.0,0.00000020,btc,0.0,0.0,0.0,14
0,[],4,[],2019-01-28 03:24:23,0.0,0,0,6517622,2019-01-28 03:24:23,,0.0,0.0,0,,0.0,0.0,0.0,15
,[],12,[],2018-12-01 15:15:48,204241.84496,0.00000489,0.000000000202473384,5260204,2018-12-01 15:15:48,btc,49.5475654835,0.0,,btc,35763.2193806,0.0163153972027625,0.0203389899998,15
0,[],2,[],2019-01-20 23:23:38,0.0,0,0,6476906,2019-01-20 23:23:38,,0.0,0.0,0,,0.0,0.0,0.0,18
1,[],4,[],2019-01-28 03:24:32,24438.15982294,0.00001883,0.000000000659330567,6517623,2019-01-28 03:24:32,btc,1.2152185461887155,0.0,0.00001883,btc,6759.37848167,0.00951362,0.0716802499745834,18
1,[],10,[],2019-01-28 03:24:34,391233.60258054,0.00001908,0.000000000668084292,6517624,2019-01-28 03:24:34,btc,15.543650427676106,9593.65119112,0.00001908,btc,10904.74314462,0.0,0.2031582665581494,18
1,[],12,[],2019-01-28 03:24:35,200602.07442559,0.00001805999999999999988155308106030361159355379641056060791015625,0.000000000632369094,6517625,2019-01-28 03:24:35,btc,0.1942511785929252,0.0,0.00001805999999999999988155308106030361159355379641056060791015625,btc,1945.80643477,0.0,0.014153590535964499,18
0,[],17,[],2019-01-28 03:24:40,0.0,0,0,6517626,2019-01-28 03:24:40,btc,0.0,0.0,0,btc,0.0,0.0,0.0,18
1,[],3,[],2019-01-28 03:24:43,108259.73369953402,0.0000381099999999999993448296375930794965825043618679046630859375,0.000000001334417839,6517627,2019-01-28 03:24:43,btc,1.2539103422561992,0.0,0.0000381099999999999993448296375930794965825043618679046630859375,btc,8295.084546752028,0.0,0.09801711793169819,19
1,[],4,[],2019-01-28 03:24:47,68819.55832365,0.00003707,0.000000001298002343,6517628,2019-01-28 03:24:47,btc,0.7637214349478278,0.0,0.00003707,btc,16942.28933291,0.99591527,1.5053063380490979,19
0,[],2,[],2019-01-20 23:24:19,0.0,0,0,6476924,2019-01-20 23:24:19,,0.0,0.0,0,,0.0,0.0,0.0,19
1,[],5,[],2019-01-28 03:24:56,0.00032937,0.00003500,0.0000000012255215,6517629,2019-01-28 03:24:56,btc,0.30867255,0.0,0.00003500,btc,0.00346459,0.0,0.19126716,19
1,[],12,[],2019-01-28 03:24:58,133822.0,0.0000425099999999999978751719087455285261967219412326812744140625,0.000000001488483399,6517630,2019-01-28 03:24:58,btc,1.9918200533486616,0.0,0.0000425099999999999978751719087455285261967219412326812744140625,btc,416.49251023,0.0,0.03952802,19
0,[],27,[],2019-01-28 03:25:00,0.0,0,0,6517631,2019-01-28 03:25:00,,0.0,0.0,0,btc,0.0,0.0,0.0,19
1,[],4,[],2019-01-28 03:25:02,9448048.34664562,0.00000015,0.000000000005252235,6517632,2019-01-28 03:25:02,btc,0.8092880812208231,0.0,0.00000015,btc,1583112.29307681,0.0,0.3958519084068923,20
1,[],4,[],2019-01-28 03:25:03,127583689.75823025,0.00000002,0.000000000000700298,6517633,2019-01-28 03:25:03,btc,0.7121690275700169,0.0,0.00000002,btc,17810377.84481207,0.00487017,1.5614533793744454,21
1,[],12,[],2019-01-28 03:25:07,19517252.0,0.00000002,0.000000000000700298,6517634,2019-01-28 03:25:07,btc,668.0286444380631,0.0,0.00000002,btc,8017846.14785487,2.3676323676e-06,0.26328156,21
0,[],17,[],2019-01-28 03:25:09,0.0,0,0,6517635,2019-01-28 03:25:09,btc,0.0,0.0,0,btc,0.0,0.0,0.0,21
1,[],12,[],2019-01-28 03:25:12,4532621701.531896,0.0000000001,0.00000000000000350149,6517636,2019-01-28 03:25:12,btc,1721703601719.623,0.0,0.0000000001,btc,6701839804.264967,0.000450622617982016,0.4532621701531896,23
0,[],27,[],2019-01-28 03:25:16,0.0,0,0,6517637,2019-01-28 03:25:16,,0.424699,0.0,0,eth,424699.0,0.0,0.0,23
1,[],4,[],2019-01-28 03:25:17,979589.68550644,0.00000092,0.000000000032213708,6517638,2019-01-28 03:25:17,btc,0.1313632571727913,0.0,0.00000092,btc,97880.19888283,0.01881118,0.4234380078091246,24
1,[],22,[],2019-01-28 03:25:21,11.76,0.00000100,0.000000000035014899999999995,6517639,2019-01-28 03:25:21,BTC,7.415e-05,0.0,0.00000100,BTC,23.919354838709676,0.0,1.176e-05,24
0.0,[],25,[],2019-01-28 03:25:22,0.0,0,0,6517640,2019-01-28 03:25:22,,0.0,0.0,0.0,btc,0.0,0.0,0.0,24
1,[],4,[],2019-01-28 03:25:23,28848836.77774656,0.00000659,0.000000000230748191,6517641,2019-01-28 03:25:23,btc,0.4744873861935017,0.0,0.00000659,btc,40915.26235886,0.11668024,0.42755592180566,26
1,[],10,[],2019-01-28 03:25:25,728839.06943126,0.00000652,0.000000000228297148,6517642,2019-01-28 03:25:25,btc,27.970829425870402,0.0,0.00000652,btc,12041.93193487,0.0,0.2038975768375365,26
0,[],2,[],2019-01-20 23:25:56,0.0,0,0,6476976,2019-01-20 23:25:56,,0.0,0.0,0,,0.0,0.0,0.0,26
1,[],3,[],2019-01-28 03:25:26,7731516.03885143,0.00000001,0.000000000000350149,6517643,2019-01-28 03:25:26,btc,3.1263314916932003,345199.9753,0.00000001,btc,18257128.93483052,0.0,0.0773151603885143,27
1,[],5,[],2019-01-28 03:25:35,1e-08,0.00000001,0.000000000000350149,6517644,2019-01-28 03:25:35,btc,2.62275868,9.215e-05,0.00000001,btc,4.436e-05,0.0,0.02470144,27
1,[],11,[],2019-01-28 03:25:40,10597882.41182718,0.00000005,0.000000000001750745,6517645,2019-01-28 03:25:40,btc,370.53275036350783,1000.0,0.00000005,btc,8220964.80991447,0.0,0.4932896594767663,27
1,[],4,[],2019-01-28 03:25:41,313675117.6431068,0.00000003,0.000000000001050447,6517646,2019-01-28 03:25:41,btc,3.9691185628883616,0.0,0.00000003,"btc,ltc",150128031.104294,0.33053986,3.1363415331649414,29
1,[],7,[],2019-01-28 03:25:43,39615069.17665443,0.00000003,0.000000000001050447,6517647,2019-01-28 03:25:43,btc,44465202.61687834,22780.5143856,0.00000003,btc,39443961.19679167,0.00086165,0.7213250183702149,29
1,[],4,[],2019-01-28 03:25:45,1399013.42433637,0.00000033,0.000000000011554917,6517648,2019-01-28 03:25:45,btc,0.2870457098220974,0.0,0.00000033,btc,489805.4214418,0.03728114,0.0720382007584849,30
0,[],17,[],2019-01-28 03:25:50,0.0,0,0,6517649,2019-01-28 03:25:50,btc,0.0,0.0,0,btc,0.0,0.0,0.0,30
1,[],4,[],2019-01-28 03:26:37,35093.84840464,0.00009010,0.00000000315484249,6517650,2019-01-28 03:26:37,btc,0.9304501695166681,0.0,0.00009010,btc,9427.28816343,1.88285756,2.411812952197748,31
1,[],21,[],2019-01-28 03:26:38,80083.73270596,0.00008870000000000000117423432089,0.00000000310582163,6517651,2019-01-28 03:26:38,btc,7.460071323584947,426554.5085483,0.000088700000000000001174234320888700722207431681454181671142578125,btc,79050.12358712,39.05451135,6.776123838118738,31
0,[],2,[],2019-01-20 23:28:43,0.0,0,0,6477009,2019-01-20 23:28:43,,0.0,0.0,0,,0.0,0.0,0.0,32
1,[],4,[],2019-01-28 03:26:39,139071438.1790301,0.00000006,0.000000000002100894,6517652,2019-01-28 03:26:39,btc,3.5972661168267104,0.0,0.00000006,"btc,ltc",56308147.70911031,1.88584244,2.2121975919417074,33
1,[],12,[],2019-01-28 03:26:41,22764762.0,0.00000006,0.000000000002100894,6517653,2019-01-28 03:26:41,btc,17261783.07084223,0.0,0.00000006,btc,87752622.33366625,0.0306014690709291,0.91048193,33
1,[],4,[],2019-01-28 03:26:49,106514461.29899456,0.00000002,0.000000000000700298,6517654,2019-01-28 03:26:49,btc,0.7514655251127306,0.0,0.00000002,btc,25039509.32344341,2.33683051,1.0836285451516452,34
1,[],5,[],2019-01-28 03:26:50,1e-08,0.00000001,0.000000000000350149,6517655,2019-01-28 03:26:50,btc,3.4407299,0.070339,0.00000001,btc,1.343e-05,0.0,0.75919269,34
0.0000000000898392,[],4,[],2019-01-28 03:26:55,1659588125.7129266,3.593568e-18,1.2582842416319998e-22,6517656,2019-01-28 03:26:55,ltc,6.433926735922219e-09,0.0,0.00000004,ltc,1298003424.1877825,0.0,2.5232424870289366e-09,36
1,[],5,[],2019-01-28 03:27:05,0.0,0,0,6517657,2019-01-28 03:27:05,btc,202.42915527,0.0,0,btc,1.295e-05,0.0,0.0,36
0,[],17,[],2019-01-28 03:27:40,0.0,0,0,6517658,2019-01-28 03:27:40,btc,0.1489213155176809,0.0,0,btc,12533924.99083647,0.0,0.0,36
0.0000000000898392,[],27,[],2019-01-28 03:27:48,1000000.0,8.98392e-19,3.1457106040799996e-23,6517659,2019-01-28 03:27:48,ltc,448.59281329,0.0,0.00000001,"ltc,eth",3710972.58,0.0,8.983919999999999e-13,36
1,[],4,[],2019-01-28 03:27:49,412767.89600695,0.00000143,0.000000000050071307,6517660,2019-01-28 03:27:49,btc,0.5249605101044827,0.0,0.00000143,btc,290314.2776008,0.00549416,0.3623966067348314,37
1,[],12,[],2019-01-28 03:27:50,457724.52271755,0.000001439999999999999977188928391991229460700196796096861362457275390625,0.000000000050421456,6517661,2019-01-28 03:27:50,btc,1335.9473747470274,0.0,0.000001439999999999999977188928391991229460700196796096861362457275390625,btc,791796.42417942,0.0971416063835252,0.3530097142399905,37
1,[],17,[],2019-01-28 03:28:00,1752.74075282,0.00000025,0.000000000008753724999999999,6517662,2019-01-28 03:28:00,btc,0.0554873139658476,0.0,0.00000025,btc,1388.79251806,0.0,0.00043818518820499993,37
1,[],27,[],2019-01-28 03:28:04,3640.0609574,0.00569910,0.00000019955341659,6517663,2019-01-28 03:28:04,btc,22.37095737308125,0.0,0.00569910,btc,2948.884381,0.0,0.000368193331273,37
1,[],5,[],2019-01-28 03:28:06,6.7e-06,0.00000074,0.000000000025911026,6517664,2019-01-28 03:28:06,btc,0.09794714,0.15089124,0.00000074,btc,0.00011554,0.0,0.03136274,42
1,[],12,[],2019-01-28 03:28:08,124059.46209732,0.000001300000000000000047051663780439678674838432925753295421600341796875,0.00000000004551937,6517665,2019-01-28 03:28:08,btc,239.37345533468374,0.0,0.000001300000000000000047051663780439678674838432925753295421600341796875,btc,117303.51010301,0.038999804048114,0.0347837100294519,42
0,[],27,[],2019-01-28 03:28:10,0.0,0,0,6517666,2019-01-28 03:28:10,,0.00315028,0.0,0,"btc,eth",11.007,0.0,0.0,42
1,[],5,[],2019-01-28 03:28:19,3e-08,0.00000002,0.000000000000700298,6517667,2019-01-28 03:28:19,btc,6.16507635,0.0,0.00000002,btc,1.425e-05,0.0,0.51020911,43
1,[],12,[],2019-01-28 03:28:21,6035590.0,0.00000002,0.000000000000700298,6517668,2019-01-28 03:28:21,btc,20007433.359982114,0.0,0.00000002,btc,39909839.73366633,0.0084488402597404,0.060813360000000004,43
0,[],17,[],2019-01-28 03:28:25,0.0,0,0,6517669,2019-01-28 03:28:25,btc,0.0,0.0,0,btc,0.0,0.0,0.0,43
1,[],12,[],2019-01-28 03:28:27,766463.0,0.00000006,0.000000000002100894,6517670,2019-01-28 03:28:27,btc,11114761.222846165,0.0,0.00000006,btc,962994.36620897,0.0016969583416576,0.02051025,44
1,[],4,[],2019-01-28 03:28:28,261633067.5160576,0.00000003,0.000000000001050447,6517671,2019-01-28 03:28:28,btc,0.20515312608600828,0.0,0.00000003,"btc,ltc",6596787.84185646,0.00687945,0.5752874016012389,49
0.0000000000898392,[],4,[],2019-01-28 03:28:44,3897608401.969145,1.796784e-18,6.291421208159999e-23,6517672,2019-01-28 03:28:44,ltc,4.994394634287311,0.0,0.00000002,ltc,2118319976.62433,0.0,4.218318098035917e-09,52
0,[],22,[],2019-01-28 03:28:47,0.0,0,0,6517673,2019-01-28 03:28:47,,3693.92043704,0.0,0,,270535069.90882355,0.0,0.0,57
0,[],27,[],2019-01-28 03:28:49,0.0,0,0,6517674,2019-01-28 03:28:49,,0.0,0.0,0,"btc,eth",0.0,0.0,0.0,57
0.0000000000898392,[],4,[],2019-01-28 03:28:57,1561230641.9189017,5.390352e-18,1.8874263624479999e-22,6517675,2019-01-28 03:28:57,ltc,3.3366770120396265,0.0,0.00000006,ltc,1044612621.6905117,0.0,6.905924960461741e-09,58
1,[],12,[],2019-01-28 03:28:59,2423857881.282997,0.0000000006,0.00000000000002100894,6517676,2019-01-28 03:28:59,btc,684074821167.2446,0.0,0.0000000006,btc,3229312054.8892107,0.013795947043356648,0.9633734916645632,58
0,[],17,[],2019-01-28 03:29:02,0.0,0,0,6517677,2019-01-28 03:29:02,btc,1e+24,0.0,0,btc,41616695.95832568,0.0,0.0,58
0.00000000012877100000000002,[],22,[],2019-01-28 03:29:06,137438.0,1.28771e-18,4.5089036879e-23,6517678,2019-01-28 03:29:06,XMR,69.8835922,0.0,0.00000001,XMR,9887963.0,0.0,0.00137438,58
1,[],5,[],2019-01-28 03:29:08,4.01e-06,0.00000049,0.000000000017157300999999998,6517679,2019-01-28 03:29:08,btc,0.41795775,0.00135434,0.00000049,btc,9.739e-05,0.0,0.02819439,61
1,[],22,[],2019-01-28 03:29:36,5111.5,0.00000011,0.000000000003851639,6517680,2019-01-28 03:29:36,BTC,1002.29606732,0.0,0.00000011,BTC,15028.700278135757,0.0,0.00051178,61
1,[],26,[],2019-01-28 03:29:37,0.0,0.00000800,0.00000000028011919999999996,6517681,2019-01-28 03:29:37,btc,0.0,0.0,0.00000800,btc,0.0,0.0,0.0,61
0,[],27,[],2019-01-28 03:29:39,0.0,0,0,6517682,2019-01-28 03:29:39,,0.0,0.0,0,"btc,eth",0.0,0.0,0.0,61
1,[],28,[],2019-01-28 03:29:43,1880.304,0.00000022,0.000000000007703278,6517683,2019-01-28 03:29:43,btc,2.065678837430106,737.0,0.00000022,btc,11618.08240005,0.0,0.00016391304,61
1,[],4,[],2019-01-28 03:29:44,1363924.23768508,0.00000180,0.00000000006302682,6517684,2019-01-28 03:29:44,btc,0.5032839167689137,0.0,0.00000180,btc,169640.75164551,0.21402074,1.0615116971801133,67
0.0,[],25,[],2019-01-28 03:29:46,0.0,0,0,6517685,2019-01-28 03:29:46,,0.0,0.0,0.0,btc,0.0,0.0,0.0,67
1,[],12,[],2019-01-28 03:29:47,2974193.4126984198,0.00000009,0.000000000003151341,6517686,2019-01-28 03:29:47,btc,16893709.126206096,0.0,0.00000009,btc,1980263.5420579,0.0073368785800857,0.0765198688888894,71
,[],5,[],2018-11-20 23:02:39,1.5e-07,0.00000005,0.000000000002128045,4862160,2018-11-20 23:02:39,btc,2.84511358,0.0,,btc,0.00036572,0.0,0.07381892,74
1,[],5,[],2019-01-25 15:53:51,3.303e-05,0.00000156,0.000000000055588884,6499610,2019-01-25 15:53:51,btc,1.42844212,0.0,0.00000156,btc,0.00015937,0.0,0.49487621,75
0,[],20,[],2019-01-25 09:30:31,0.0,0,0,6495923,2019-01-25 09:30:31,btc,0.0,0.0,0,btc,0.0,0.0,0.0,81
1,[],4,[],2019-01-28 03:29:49,63172849.46677812,0.00000001,0.000000000000350149,6517687,2019-01-28 03:29:49,btc,0.814400334969356,0.0,0.00000001,btc,15712739.87301408,0.00310126,0.6317284946677812,81
1,[],4,[],2019-01-28 03:29:50,23789.6140834,0.00007751,0.0000000027140048989999997,6517688,2019-01-28 03:29:50,btc,1.293417631681787,0.0,0.00007751,btc,11408.95186954,0.00955465,0.0889764196664711,82
1,[],21,[],2019-01-28 03:30:28,73638.35861624,0.00008058999999999999920129861719,0.000000002821850791,6517689,2019-01-28 03:30:28,btc,4.439499270463445,8465.03942441,0.000080589999999999999201298617190758477590861730277538299560546875,btc,47105.81227791,0.68991133,4.548731652356467,82
0,[],17,[],2019-01-28 03:30:47,0.0,0,0,6517690,2019-01-28 03:30:47,btc,0.0447233088476774,0.0,0,btc,999127.19588126,0.0,0.0,84
0.0000000000898392,[],4,[],2019-01-28 03:30:48,140921898.6549877,1.4374272e-17,5.033136966527999e-22,6517691,2019-01-28 03:30:48,ltc,0.197541825264509,0.0,0.00000016,ltc,82118041.79385827,0.0,1.4166061491569507e-09,85
,[],22,[],2018-11-20 23:09:34,3408.1,0.0000001,0.0000000000041895,4862324,2018-11-20 23:09:34,BTC,0.04624735,0.0,,BTC,4990.0,0.0,0.00033081,86
0,[],22,[],2019-01-27 12:16:57,0.0,0,0,6514258,2019-01-27 12:16:57,,2.07810912,0.0,0,,154826.94736842104,0.0,0.0,87
0,[],27,[],2019-01-27 12:16:59,0.0,0,0,6514259,2019-01-27 12:16:59,,0.0,0.0,0,btc,0.0,0.0,0.0,87
,[],2,[],2018-11-20 23:10:47,0.0,0,0,4862359,2018-11-20 23:10:47,,0.0,0.0,,,0.0,0.0,0.0,88
1,[],11,[],2019-01-28 03:30:50,106869.90162868,0.00019310000000000000449675019442707935013459064066410064697265625,0.00000000676137719,6517692,2019-01-28 03:30:50,btc,235.54263432556436,21.0,0.00019310000000000000449675019442707935013459064066410064697265625,btc,184372.96449761,0.0,8.710182706921701,89
0,[],2,[],2019-01-20 23:31:45,0.0,0,0,6477083,2019-01-20 23:31:45,,0.0,0.0,0,,0.0,0.0,0.0,91
1,[],12,[],2019-01-28 03:30:51,544443.03997652,0.0000051900000000000002839503805696086402576838736422359943389892578125,0.000000000181727331,6517693,2019-01-28 03:30:51,btc,2.8243894558245164,0.0,0.0000051900000000000002839503805696086402576838736422359943389892578125,btc,10592.93898364,0.3428200287310908,0.1678100111044906,91
0,[],17,[],2019-01-28 03:30:53,0.0,0,0,6517694,2019-01-28 03:30:53,btc,0.0,0.0,0,btc,0.0,0.0,0.0,91
0.0000000000898392,[],22,[],2019-01-28 03:30:56,33781858.0,5.390352e-18,1.8874263624479999e-22,6517695,2019-01-28 03:30:56,LTC,8.95901495,0.0,0.00000006,LTC,75270634.1,2.78449413264e-13,1.31889787,95
0.0000000000898392,[],4,[],2019-01-28 03:30:58,132609710.0424264,9.433116e-17,3.302996134284e-21,6517696,2019-01-28 03:30:58,ltc,1.3242986407551167,0.0,0.00000105,ltc,66749153.57064519,0.0,6.534700691712497e-10,96
1,[],12,[],2019-01-28 03:30:59,1204035.0,0.00000001,0.000000000000350149,6517697,2019-01-28 03:30:59,btc,255060.86358912085,0.0,0.00000001,btc,7848186.59471504,1.75e-06,0.01204035,96
0,[],17,[],2019-01-28 03:31:04,0.0,0,0,6517698,2019-01-28 03:31:04,btc,0.0,0.0,0,btc,0.0,0.0,0.0,96
1,[],4,[],2019-01-28 01:29:03,1472892.19429314,0.00000039,0.000000000013841295,6517118,2019-01-28 01:29:03,btc,0.30363706505258,0.0,0.00000039,btc,473598.41813208,0.02260545,0.1322524391209234,99
0,[],2,[],2019-01-20 23:23:55,0.0,0,0,6476914,2019-01-20 23:23:55,,0.0,0.0,0,,0.0,0.0,0.0,100
1,[],4,[],2019-01-28 03:31:04,136929.1508809,0.00004778,0.000000001673011922,6517699,2019-01-28 03:31:04,btc,1.4082698751271634,0.0,0.00004778,btc,23077.91565257,2.63907427,3.249372010409235,100
1,[],22,[],2019-01-28 03:31:10,50000.0,0.00000001,0.000000000000350149,6517700,2019-01-28 03:31:10,BTC,23.49896609,0.0,0.00000001,BTC,10277.22,0.0,0.0005,101
1,[],4,[],2019-01-28 03:31:10,444092.75721695,0.00000096,0.000000000033614304,6517701,2019-01-28 03:31:10,btc,0.4016760518417623,0.0,0.00000096,btc,148023.26831822,0.0365234,0.1644632906664301,103
1,[],12,[],2019-01-28 03:31:13,87120221.77474426,0.000000019,0.0000000000006652831,6517702,2019-01-28 03:31:13,btc,9137278920.113945,0.0,0.000000019,btc,143357046.45443055,0.36298833724263196,0.7168335709453967,105
1,[],27,[],2019-01-28 03:31:17,137255.46811249,0.00000001,0.000000000000350149,6517703,2019-01-28 03:31:17,btc,0.2678591955148419,3.11,0.00000001,btc,635751.62835029,6e-08,0.0013725546811249,105
0,[],22,[],2019-01-28 03:31:20,0.0,0,0,6517704,2019-01-28 03:31:20,,1.07253299,0.0,0,,94300.0,0.0,0.0,107
1,[],26,[],2019-01-28 03:31:20,0.0,0.00000000,0,6517705,2019-01-28 03:31:20,btc,0.0,0.0,0.00000000,btc,0.0,0.0,0.0,107
1,[],5,[],2019-01-28 03:31:21,1e-08,0.00000001,0.000000000000350149,6517706,2019-01-28 03:31:21,btc,3.23612336,0.03386392,0.00000001,btc,1.512e-05,0.0,0.05090086,112
1,[],22,[],2019-01-28 03:31:25,24952.0,0.00000001,0.000000000000350149,6517707,2019-01-28 03:31:25,BTC,2.84243449,0.0,0.00000001,BTC,977103.5833333334,0.0,0.00024952,112
0,[],27,[],2019-01-28 03:31:27,0.0,0,0,6517708,2019-01-28 03:31:27,,1.25356065,0.0,0,"btc,eth",1328.0,0.0,0.0,112
1,[],4,[],2019-01-28 03:31:28,447381.87597746,0.00000466,0.000000000163169434,6517709,2019-01-28 03:31:28,btc,0.60982825951531,0.0,0.00000466,btc,91127.85059257,0.38649186,0.4297297616947521,113
1,[],5,[],2019-01-28 03:31:29,1.534e-05,0.00000365,0.000000000127804385,6517710,2019-01-28 03:31:29,btc,2.29330916,0.04154065,0.00000365,btc,0.0035393,0.0,0.2000774,113
1,[],17,[],2019-01-28 03:31:30,233369.0,0.00000004,0.000000000001400596,6517711,2019-01-28 03:31:30,btc,1.3376290575696856,0.0,0.00000004,btc,72546.975,0.0,0.00543476,116
0,[],27,[],2019-01-28 03:31:32,0.0,0,0,6517712,2019-01-28 03:31:32,,0.0,0.0,0,btc,0.0,0.0,0.0,116
1,[],4,[],2019-01-28 03:31:33,68502.25214827,0.00002339,0.000000000818998511,6517713,2019-01-28 03:31:33,btc,1.0280116812003257,0.0,0.00002339,btc,32549.47538464,3.46685357,0.4885497902657438,120
1,[],7,[],2019-01-28 03:31:34,2791.52064171,0.00002103999999999999845497720973863664539749152027070522308349609375,0.0000000007367134959999999,6517714,2019-01-28 03:31:34,btc,95.08784664473039,56.95922997,0.00002103999999999999845497720973863664539749152027070522308349609375,btc,25631.24697188,0.00131048,0.0268384336080068,120
1,[],20,[],2019-01-28 03:31:36,1202438.9088,0.000000013,0.0000000000004551937,6517715,2019-01-28 03:31:36,btc,31.4011834283422,0.0,0.000000013,btc,1096701.7964,0.0,0.0066756954106,125
1,[],22,[],2019-01-28 03:31:40,68433.0,0.00000001,0.000000000000350149,6517716,2019-01-28 03:31:40,BTC,0.01415863,0.0,0.00000001,BTC,293039.4,0.0,0.00068433,126
0,[],2,[],2019-01-20 23:25:46,0.0,0,0,6476969,2019-01-20 23:25:46,,0.0,0.0,0,,0.0,0.0,0.0,131
1,[],4,[],2019-01-28 03:31:41,162791.80737306,0.00001348,0.000000000472000852,6517717,2019-01-28 03:31:41,btc,0.5434042942681118,0.0,0.00001348,btc,29561.29115553,0.17614122,1.4783840342002865,131
0,[],17,[],2019-01-28 03:31:42,0.0,0,0,6517718,2019-01-28 03:31:42,btc,0.0008451375975800001,0.0,0,btc,30.89614684,0.0,0.0,131
1,[],4,[],2019-01-28 03:31:43,6068.52961134,0.00020644,0.000000007228475956,6517719,2019-01-28 03:31:43,btc,0.4425392662639779,0.0,0.00020644,btc,284.34476376,0.0,0.0118887638149265,135
1,[],3,[],2019-01-28 03:31:44,1859404.05106225,0.00000015,0.000000000005252235,6517720,2019-01-28 03:31:44,btc,0.1754147959545481,89627.8946826,0.00000015,btc,324875.24723458,0.0,0.0676186124686099,136
1,[],4,[],2019-01-28 03:31:45,116306.09513853,0.00000182,0.000000000063727118,6517721,2019-01-28 03:31:45,btc,0.6752979306624113,0.0,0.00000182,btc,241281.4899422,0.10884795,0.1533816017358197,137
1,[],12,[],2019-01-28 03:31:46,305397.23055377,0.000001879999999999999999629744958096200235786454868502914905548095703125,0.000000000065828012,6517722,2019-01-28 03:31:46,btc,11798.819661756752,0.0,0.000001879999999999999999629744958096200235786454868502914905548095703125,btc,131572.26663232,0.121778540396584,0.0428575319999613,137
1,[],5,[],2019-01-28 03:31:48,0.00117964,0.00003765,0.000000001318310985,6517723,2019-01-28 03:31:48,btc,6.75944345,0.71715007,0.00003765,btc,0.00232765,0.0,1.30336137,142
1,[],17,[],2019-01-28 03:31:49,12500.0,0.0000001,0.00000000000350149,6517724,2019-01-28 03:31:49,btc,0.6809500038849157,0.0,0.0000001,btc,5932.0,0.0,0.00125,142
1,[],20,[],2019-01-28 03:31:51,152104.0808,0.00002533,0.000000000886927417,6517725,2019-01-28 03:31:51,btc,2.937254461555,32417.1061,0.00002533,btc,15049.3978,1.309437476276,0.2760292465354,142
1,[],22,[],2019-01-28 03:31:55,990.0,0.00001880,0.0000000006582801199999999,6517726,2019-01-28 03:31:55,BTC,0.00069415,0.0,0.00001880,BTC,9.0,0.0,0.00022106,142
0.0,[],25,[],2019-01-28 03:32:03,0.0,0,0,6517727,2019-01-28 03:32:03,,0.0,0.0,0.0,btc,0.0,0.0,0.0,142
1,[],28,[],2019-01-28 03:32:06,79130.033,0.00004500,0.0000000015756705,6517728,2019-01-28 03:32:06,btc,0.15453704882,51882.0,0.00004500,btc,3066.4261,0.0,0.04453675076,142
0,[],22,[],2019-01-25 15:57:33,0.0,0,0,6499726,2019-01-25 15:57:33,,59.04258297,0.0,0,,718491265.8,0.0,0.0,143
1,[],21,[],2019-01-28 03:32:07,43901473.81083659,0.00000029,0.000000000010154320999999998,6517729,2019-01-28 03:32:07,btc,35.46524495708987,4413645.70431274,0.00000029,btc,68042398.14667872,1.32256821,7.792442738858801,145
0,[],22,[],2019-01-28 03:32:27,0.0,0,0,6517730,2019-01-28 03:32:27,,4.31668284,0.0,0,,1427838.5,0.0,0.0,146
,[],22,[],2018-11-20 23:01:11,0.0,0,0,4862114,2018-11-20 23:01:11,,2.56807021,0.0,,,61828.4988236,0.0,0.0,147
1,[],12,[],2019-01-28 03:32:31,8689835.376093,0.00000367000000000000001392007169254139142822168651036918163299560546875,0.000000000128504683,6517731,2019-01-28 03:32:31,btc,17.07204109652404,0.0,0.00000367000000000000001392007169254139142822168651036918163299560546875,btc,110997.72407238,7.56171e-05,0.1245727233999981,148
0,[],22,[],2019-01-28 02:31:46,0.0,0,0,6517391,2019-01-28 02:31:46,,0.0,0.0,0,,0.0,0.0,0.0,152
1,[],4,[],2019-01-28 03:32:32,260312.12187593,0.00000032,0.000000000011204768,6517732,2019-01-28 03:32:32,btc,0.680635293499232,0.0,0.00000032,btc,496573.3324545,0.03323916,0.0530426435832087,152
1,[],5,[],2019-01-28 02:31:48,0.0,0,0,6517392,2019-01-28 02:31:48,btc,4.37024355,0.0,0,btc,0.00161275,0.0,0.0,153
,[],16,[],2019-01-11 15:38:59,0.0,0,0,6366141,2019-01-11 15:38:59,btc,0.0,0.0,,btc,0.0,0.0,0.0,155
0,[],22,[],2019-01-28 02:49:51,0.0,0,0,6517569,2019-01-28 02:49:51,,6.73288821,0.0,0,,4541761.742592593,0.0,0.0,156
0,[],23,[],2019-01-20 23:24:29,0.0,0,0,6476932,2019-01-20 23:24:29,,0.0,0.0,0,,0.0,0.0,0.0,156
1,[],22,[],2019-01-28 02:49:55,7906.0,0.00000801,0.00000000028215225,6517570,2019-01-28 02:49:55,BTC,43.78612537,0.0,0.00000801,BTC,1033.584498154164,0.0,0.00743836,157
0,[],22,[],2019-01-28 02:32:16,0.0,0,0,6517395,2019-01-28 02:32:16,,50175.6753658,0.0,0,,54007107.04179466,0.0,0.0,158
,[],17,[],2018-11-20 22:56:10,0.0,0,0,4861976,2018-11-20 22:56:10,btc,1.1265625,0.0,,btc,1000.0,0.0,0.0,159
,[],20,[],2018-11-20 22:56:12,0.0,0,0,4861977,2018-11-20 22:56:12,btc,11912.7940471,0.0,,btc,34413894.3617,0.0,0.0,159
1,[],12,[],2019-01-28 02:49:56,195567.78758621,0.000009919999999999999889914448214511821788619272410869598388671875,0.000000000349432,6517571,2019-01-28 02:49:56,btc,6.652823717473606,0.0,0.000009919999999999999889914448214511821788619272410869598388671875,btc,14071.51908934,0.0063092137,0.0982171463000225,168
1,[],17,[],2019-01-28 02:49:57,29784.95,0.000001,0.000000000035225,6517572,2019-01-28 02:49:57,btc,0.0353989844335,0.0,0.000001,btc,196.82520268,0.0,0.00716147,168
1,[],22,[],2019-01-28 02:32:25,1433447.0,0.00000001,0.000000000000351112,6517398,2019-01-28 02:32:25,BTC,1.13380276,0.0,0.00000001,BTC,689102.5537281231,0.0,0.01433447,169
1,[],22,[],2019-01-28 02:32:30,79743.42857142857,0.00000035,0.00000000001228892,6517399,2019-01-28 02:32:30,BTC,2.46358162,0.0,0.00000035,BTC,53989.56106516291,0.00041128,0.0163302,171
1,[],22,[],2019-01-28 02:32:33,183672.8245614035,0.00000025,0.0000000000087778,6517400,2019-01-28 02:32:33,BTC,2.83558924,0.0,0.00000025,BTC,237216.97469900147,0.0035031,0.01009653,173
1,[],5,[],2019-01-28 02:32:36,6.354e-05,0.00000435,0.00000000015273372,6517401,2019-01-28 02:32:36,btc,0.41152572,0.00456807,0.00000435,btc,0.0003645,0.0,0.83362242,175
1,[],22,[],2019-01-28 02:50:01,50511.28244274809,0.00000132,0.000000000046497,6517573,2019-01-28 02:50:01,BTC,0.5351362,0.0,0.00000132,BTC,103110.79444388876,0.01293253,0.04253175,176
1,[],7,[],2019-01-28 02:50:01,0.0,0,0,6517574,2019-01-28 02:50:01,btc,10967.435905417888,0.0,0,btc,122071837.87976141,0.0,0.0,178
0,[],22,[],2019-01-28 02:50:06,0.0,0,0,6517575,2019-01-28 02:50:06,,1.00242428,0.0,0,,57512.0,0.0,0.0,178
0,[],2,[],2019-01-20 23:28:34,0.0,0,0,6477001,2019-01-20 23:28:34,,0.0,0.0,0,,0.0,0.0,0.0,178
1,[],5,[],2019-01-28 02:50:07,3e-08,0.00000002,0.0000000000007045,6517576,2019-01-28 02:50:07,btc,15.15132203,0.32171277,0.00000002,btc,2.088e-05,0.0,1.33452942,179
1,[],22,[],2019-01-28 02:50:11,9565525.038095238,0.00000002,0.0000000000007045,6517577,2019-01-28 02:50:11,BTC,5.47350882,0.0,0.00000002,"BTC,LTC",16474169.651989967,0.00119341,1.39791458,179
0,[],23,[],2019-01-20 23:25:08,0.0,0,0,6476952,2019-01-20 23:25:08,,0.0,0.0,0,,0.0,0.0,0.0,179
1,[],17,[],2019-01-28 02:50:13,10504.725,0.0000001,0.0000000000035225,6517578,2019-01-28 02:50:13,btc,5.206877489877555,0.0,0.0000001,btc,7465.6174587,0.0,0.0010504725,180
1,[],22,[],2019-01-28 02:50:17,444.2,0.00000093,0.00000000003275925,6517579,2019-01-28 02:50:17,BTC,0.09606142,0.0,0.00000093,"BTC,LTC",16543.625478042326,0.007564690000000016,0.00021042,180
1,[],26,[],2019-01-28 02:50:17,0.0,0.00000020,0.000000000007045,6517580,2019-01-28 02:50:17,btc,0.0,2902.0,0.00000020,btc,0.0,0.0,0.0,180
,[],7,[],2018-11-20 22:58:01,562227.975654,0.00000085,0.000000000036176765,4862015,2018-11-20 22:58:01,btc,21836.6059674,2491.87645172,,btc,749999.041456,0.00211021,0.127565380455,183
,[],5,[],2019-01-10 08:11:41,0.0,0,0,6347036,2019-01-10 08:11:41,btc,82.15055501,0.00261,,btc,1.19002445,0.0,0.0,187
1,[],24,[],2019-01-28 02:50:17,0.0,0.000000000001,3.5225e-17,6517581,2019-01-28 02:50:17,btc,0.0,0.0,0.000000000001,btc,0.0,0.0,0.0,187
,[],17,[],2018-11-16 20:58:10,4062536.27273,0.00000001,0.000000000000550501,4708775,2018-11-16 20:58:10,btc,3.36492563466,0.195460381006,,"btc,eth",110697919.549,0.0,0.0157628953496,187
1,[],22,[],2019-01-28 02:50:23,19600.0,0.00000001,0.00000000000035225,6517582,2019-01-28 02:50:23,BTC,1.19411237,0.0,0.00000001,BTC,13949.956201072173,2.2e-05,0.000196,191
0,[],22,[],2019-01-28 02:33:22,0.0,0,0,6517412,2019-01-28 02:33:22,,0.0,0.0,0,,0.0,0.0,0.0,197
0,[],23,[],2019-01-20 23:31:41,0.0,0,0,6477079,2019-01-20 23:31:41,,0.0,0.0,0,,0.0,0.0,0.0,199
1,[],26,[],2019-01-28 02:50:24,0.0,0.00000000,0,6517583,2019-01-28 02:50:24,btc,0.0,747090.0,0.00000000,btc,0.0,0.0,0.0,199
0,[],17,[],2019-01-28 02:33:23,0.0,0,0,6517414,2019-01-28 02:33:23,btc,6.802544163790018,0.0,0,btc,105897.55575295,0.0,0.0,200
0,[],2,[],2019-01-20 23:30:49,0.0,0,0,6477059,2019-01-20 23:30:49,,0.0,0.0,0,,0.0,0.0,0.0,201
1,[],4,[],2019-01-25 15:51:35,2084389.58565343,0.00000936,0.000000000333526752,6499557,2019-01-25 15:51:35,btc,2.0092503037378524,0.0,0.00000936,btc,160195.80207885,0.19272417,1.242687955921835,211
1,[],7,[],2019-01-28 02:50:30,14316627.140755,0.000001179999999999999925426948273188276772316385176964104175567626953125,0.0000000000415655,6517584,2019-01-28 02:50:30,btc,16317814.685143998,485558.772575,0.000001179999999999999925426948273188276772316385176964104175567626953125,btc,12240545.04949273,0.57875053,5.320300871132575,212
1,[],12,[],2019-01-25 02:44:32,207462.42853209,0.000001080000000000000035831255497387193287295303889550268650054931640625,0.000000000038610756000000006,6493050,2019-01-25 02:44:32,btc,85023.03793723314,0.0,0.000001080000000000000035831255497387193287295303889550268650054931640625,btc,43675.73520027,0.000146250909087,0.0348620860622024,213
1,[],5,[],2019-01-28 02:34:37,5.12e-06,0.00000034,0.000000000011937808,6517416,2019-01-28 02:34:37,btc,0.96893801,0.08561984,0.00000034,btc,3.268e-05,0.0,0.35940572,213
1,[],24,[],2019-01-28 02:34:37,0.0,0.000000050000,0.00000000000175556,6517417,2019-01-28 02:34:37,btc,0.0,0.0,0.000000050000,btc,0.0,0.0,0.0,213
1,[],26,[],2019-01-28 02:34:37,0.0,0.00000003,0.000000000001053336,6517418,2019-01-28 02:34:37,btc,0.0,0.0,0.00000003,btc,0.0,0.0,0.0,213
1,[],22,[],2019-01-28 02:34:42,281400.0,0.00000002,0.000000000000702224,6517419,2019-01-28 02:34:42,BTC,70.22676419,0.0,0.00000002,BTC,271518.63907173084,0.0,0.004814,216
1,[],27,[],2019-01-28 02:35:00,5077925.04,0.00000015,0.00000000000526668,6517420,2019-01-28 02:35:00,btc,619.87865254716,17519.96,0.00000015,"btc,ltc",268396.13411,0.00963598,0.052504506,216
1,[],22,[],2019-01-28 02:35:06,288011.482503991,0.00000232,0.000000000081457984,6517421,2019-01-28 02:35:06,BTC,12677.82404255,0.0,0.00000232,BTC,349637.07565171807,0.0198287,0.40239245,217
1,[],7,[],2019-01-28 02:35:07,0.0,0,0,6517422,2019-01-28 02:35:07,btc,302.6303166391106,0.0,0,btc,139440320.6214003,0.0,0.0,219
0,[],27,[],2019-01-28 02:35:10,0.0,0,0,6517423,2019-01-28 02:35:10,,0.0747309448198,0.0,0,btc,1605140.29226592,0.0,0.0,219
0.0000000000000057,[],28,[],2019-01-28 02:35:15,203946286.198,2.280057e-18,8.00555373384e-23,6517424,2019-01-28 02:35:15,doge,79804.0288717675,14169.0,0.00040001,"btc,doge",4119437.84751,0.0,1.7457468128990508e-11,219
1,[],22,[],2019-01-28 02:35:18,217046.0,0.00000085,0.00000000002984452,6517425,2019-01-28 02:35:18,BTC,2.39628683,0.0,0.00000085,BTC,32945.55212317522,0.0,0.03171789,221
1,[],24,[],2019-01-28 02:35:18,0.0,0.000000550000,0.00000000001931116,6517426,2019-01-28 02:35:18,btc,0.0,0.0,0.000000550000,btc,0.0,0.0,0.0,221
1,[],26,[],2019-01-28 02:35:19,0.0,0.00000002,0.000000000000702224,6517427,2019-01-28 02:35:19,btc,0.0,10772.0,0.00000002,btc,0.0,0.0,0.0,231
1,[],26,[],2019-01-28 02:35:19,0.0,0.00000004,0.000000000001404448,6517428,2019-01-28 02:35:19,btc,0.0,0.0,0.00000004,btc,0.0,0.0,0.0,234
0,[],27,[],2019-01-28 02:35:24,0.0,0,0,6517429,2019-01-28 02:35:24,,0.001146299618,0.0,0,"btc,eth",11462.99618,0.0,0.0,234
0.0000000000901512,[],22,[],2019-01-28 02:35:27,8895864.0,9.015119999999999e-19,3.16531681344e-23,6517430,2019-01-28 02:35:27,LTC,3.01368808,0.0,0.00000001,LTC,91422715.51349206,1.8067526536319999e-12,0.08895864,235
1,[],4,[],2019-01-28 02:35:35,2216128.6646973,0.00000079,0.000000000027737848,6517431,2019-01-28 02:35:35,btc,0.1199251713719806,0.0,0.00000079,btc,103830.01839133,0.10904081,0.1903150436607635,236
1,[],24,[],2019-01-28 02:35:35,0.0,0.000000010000,0.000000000000351112,6517432,2019-01-28 02:35:35,btc,0.0,0.0,0.000000010000,btc,0.0,0.0,0.0,236
1,[],20,[],2019-01-28 02:35:37,192366174.6719,0.000000065,0.000000000002282228,6517433,2019-01-28 02:35:37,btc,14.3099219525664,21704638.7778,0.000000065,btc,24453066.8159,1.4784182551028,0.5408067157932,237
1,[],22,[],2019-01-28 02:35:44,10000.0,0.00000001,0.000000000000351112,6517434,2019-01-28 02:35:44,BTC,0.04083605,0.0,0.00000001,BTC,4179.0,0.0,0.0001,237
1,[],4,[],2019-01-28 02:35:45,5537697.63345763,0.00000031,0.000000000010884472,6517435,2019-01-28 02:35:45,btc,0.533021429608878,0.0,0.00000031,btc,1592998.02178795,0.21025435,1.4947625701416305,238
1,[],5,[],2019-01-28 02:35:47,3.64e-06,0.00000031,0.000000000010884472,6517436,2019-01-28 02:35:47,btc,0.69850425,0.00079155,0.00000031,btc,2.855e-05,0.0,0.25169308,238
1,[],22,[],2019-01-28 02:35:50,280460.25,0.00000005,0.00000000000175556,6517437,2019-01-28 02:35:50,BTC,15.41149618,0.0,0.00000005,BTC,244813.3382079636,0.00012571,0.00947456,249
0.0000000000901512,[],22,[],2019-01-28 02:35:54,2565214.8,4.50756e-18,1.58265840672e-22,6517438,2019-01-28 02:35:54,LTC,0.59825686,0.0,0.00000005,LTC,14774757.845555555,3.8765016e-16,0.05185782,252
1,[],28,[],2019-01-28 02:35:56,2037349.213,0.00000008,0.000000000002808896,6517439,2019-01-28 02:35:56,btc,164692.83429779497,26091.61,0.00000008,btc,1237808.2807,0.0,0.07476567991,256
0,[],27,[],2019-01-28 02:36:01,0.0,0,0,6517440,2019-01-28 02:36:01,,4.96668,0.0,0,"btc,eth",90.59,0.0,0.0,257
1,[],22,[],2019-01-28 02:36:24,52104.0,0.00000001,0.000000000000351112,6517441,2019-01-28 02:36:24,BTC,35605.6903902,0.0,0.00000001,BTC,744018.2910213444,4.462e-05,0.00052104,258
1,[],22,[],2019-01-26 20:58:41,368451.0,0.00000001,0.000000000000356135,6510120,2019-01-26 20:58:41,BTC,2.642917,0.0,0.00000001,"BTC,LTC",1862.0,0.0,0.02488451,259
1,[],22,[],2019-01-28 02:38:26,5391.272,0.00000750,0.000000000263334,6517442,2019-01-28 02:38:26,BTC,4.68612988,0.0,0.00000750,BTC,6019.390866142444,0.00045138,0.0243694,262
1,[],5,[],2019-01-28 02:38:27,4.786e-05,0.00000242,0.000000000084969104,6517443,2019-01-28 02:38:27,btc,67781.61060501,0.44932959,0.00000242,btc,11111.11518885,0.0,0.2379024,264
1,[],20,[],2019-01-28 02:38:29,1775536.5208,0.000001571,0.0000000000551596952,6517444,2019-01-28 02:38:29,btc,5.2443491487184,14084.7566,0.000001571,btc,103229.9758,0.049301972219,0.028167808143,264
1,[],22,[],2019-01-28 02:38:32,163085.0,0.00000003,0.000000000001053336,6517445,2019-01-28 02:38:32,BTC,7.51936803,0.0,0.00000003,BTC,233608.89223516703,6.042e-05,0.00389729,271
0,[],22,[],2019-01-28 02:38:35,0.0,0,0,6517446,2019-01-28 02:38:35,,242.59396368,0.0,0,,12792025291.9,0.0,0.0,272
0.0000000000000057,[],28,[],2019-01-28 02:38:37,260768056036.651,5.1300000000000004e-21,1.8012045600000002e-25,6517447,2019-01-28 02:38:37,doge,51874205.516222835,20898129728.0853,0.0000009,doge,133525916643.71661,0.0,8.192578610591892e-10,272
