pairValue,buyBook,exchangeId,sellBook,updated,buyTotal,satoshiPrice,usdPrice,exchangeLogId,created,bestPair,sellTotalBtc,volume,pairPrice,activePairs,sellTotal,volumeBtc,buyTotalBtc,coinId
1,[],3,[],2019-03-02 16:49:05,30534.74449944142,0.01248984000000000031682656498333017225377261638641357421875,0.000000476954516016,6828451,2019-03-02 16:49:05,btc,61.047457235756504,0.0,0.01248984000000000031682656498333017225377261638641357421875,btc,20.277757513699,0.0,0.24018303822865947,1
1,[],4,[],2019-03-02 16:49:06,208072.0802577,0.01260043,0.0000004811776605819999,6828452,2019-03-02 16:49:06,btc,9.186873504172413,0.0,0.01260043,btc,260.99995967,1.03437114,3.186906871228879,1
1,[],5,[],2019-03-02 16:49:08,0.0,0,0,6828453,2019-03-02 16:49:08,btc,0.0,0.08544742,0,btc,0.0,0.0,0.0,1
1,[],10,[],2019-03-02 16:49:11,414722.11396285,0.01057951,0.000000404003980174,6828454,2019-03-02 16:49:11,btc,6522.781929455942,1295.57910831,0.01057951,btc,1150.53643906,0.0,5.999213220275277,1
1,[],12,[],2019-03-02 16:49:14,10496.50678328,0.012510000000000000286437540353290387429296970367431640625,0.000000477724374,6828455,2019-03-02 16:49:14,btc,0.5039130823963,0.0,0.012510000000000000286437540353290387429296970367431640625,btc,30.74818448,0.1079431949287,0.418391801269,1
1,[],20,[],2019-03-02 16:49:16,1151.0583,0.010500212,0.0000004009757957288,6828456,2019-03-02 16:49:16,btc,0.0662082325693,0.42,0.010500212,btc,3.0133,0.0046891326164,0.0899620500051,1
1,[],21,[],2019-03-02 16:49:17,2006.51796363,0.01253312000000000002442046565,0.000000478607266688,6828457,2019-03-02 16:49:17,btc,19.33751222669252,1931.48228866,0.01253312000000000002442046564965494326315820217132568359375,"btc,eth",2089.05380414,24.03805193313099,17.976677961013216,1
1,[],22,[],2019-03-02 16:49:22,0.006382215384615385,0.01300000,0.0000004964361999999999,6828458,2019-03-02 16:49:22,BTC,0.31439419,0.0,0.01300000,BTC,0.12751438772928525,0.0,7.978e-05,1
1,[],24,[],2019-03-02 16:49:22,0.0,0.000000000000,0,6828459,2019-03-02 16:49:22,btc,0.0,0.0,0.000000000000,btc,0.0,0.0,0.0,1
0.0,[],25,[],2019-03-02 16:49:23,0.0,0,0,6828460,2019-03-02 16:49:23,btc,27.528699997476227,229.94160891,0.0,btc,2141.58162638,2.9371,0.0,1
1,[],26,[],2019-03-02 16:49:25,0.0,0,0,6828461,2019-03-02 16:49:25,,0.0,0.0,0,,0.0,0.0,0.0,1
1,[],28,[],2019-03-02 16:49:27,993.142,0.01323000,0.000000505219302,6828462,2019-03-02 16:49:27,btc,0.162839806,18799.95,0.01323000,btc,8.9,0.0,0.089302756,1
0,[],2,[],2019-01-20 23:28:45,0.0,0,0,6477011,2019-01-20 23:28:45,,0.0,0.0,0,,0.0,0.0,0.0,1
1,[],5,[],2019-03-02 16:49:28,0.0,0,0,6828463,2019-03-02 16:49:28,btc,0.0,0.0079084,0,btc,0.0,0.0,0.0,2
0.0000000001246243,[],22,[],2019-03-02 16:49:46,1148.0,1.3708673e-16,5.2349857932019996e-21,6828464,2019-03-02 16:49:46,XMR,21.01373823,0.0,0.00000110,XMR,14319.12581,0.0,0.00087635,2
1,[],5,[],2019-03-02 16:49:48,0.0,0,0,6828465,2019-03-02 16:49:48,btc,0.0,1.05039411,0,btc,0.0,0.0,0.0,3
1,[],12,[],2019-03-02 16:49:50,13119510.4982645,0.000000175,0.000000000006682794999999999,6828466,2019-03-02 16:49:50,btc,924384.5664322058,0.0,0.000000175,btc,8134080.50779734,0.04458307192649816,0.685579625472253,3
0,[],28,[],2019-03-02 16:49:53,0.0,0,0,6828467,2019-03-02 16:49:53,,0.0,0.0,0,,0.0,0.0,0.0,3
0,[],2,[],2019-01-20 23:31:32,0.0,0,0,6477077,2019-01-20 23:31:32,,0.0,0.0,0,,0.0,0.0,0.0,4
1,[],4,[],2019-03-02 16:49:54,377013.45143067,0.00000032,0.000000000012219968,6828468,2019-03-02 16:49:54,btc,31.987085604696286,0.0,0.00000032,btc,710818.67186142,0.0003865,0.0479187894946875,4
1,[],12,[],2019-03-02 16:49:55,1363726.85533333,0.00000003,0.0000000000011456219999999999,6828469,2019-03-02 16:49:55,btc,11013925.612285832,0.0,0.00000003,btc,1144573.32371984,0.004038902797204,0.0204238404399999,5
0,[],2,[],2019-01-20 23:31:51,0.0,0,0,6477087,2019-01-20 23:31:51,,0.0,0.0,0,,0.0,0.0,0.0,6
1,[],11,[],2019-03-02 16:49:57,6476884.5,0.00000002,0.000000000000763748,6828470,2019-03-02 16:49:57,btc,9568.044664252815,482490.0,0.00000002,btc,41579250.07452957,0.0,0.097012525,6
1,[],3,[],2019-03-02 16:49:58,1072.856293592546,0.0001510899999999999916699966462374504772014915943145751953125,0.000000005769734265999999,6828471,2019-03-02 16:49:58,btc,28.402034233092024,0.0,0.0001510899999999999916699966462374504772014915943145751953125,btc,243.122414578101,0.0,0.03202593781665577,7
1,[],4,[],2019-03-02 16:50:00,92842.2402221,0.00023048,0.000000008801431952,6828472,2019-03-02 16:50:00,btc,9.26762200924111,0.0,0.00023048,btc,31086.91203934,7.22661819,5.1581814238007935,7
1,[],5,[],2019-03-02 16:50:02,0.0,0,0,6828473,2019-03-02 16:50:02,btc,0.0,1.58196525,0,btc,0.0,0.0,0.0,7
1,[],20,[],2019-02-20 02:16:17,39399275.8418,0.000000001,0.0000000000000390183,6728586,2019-02-20 02:16:17,btc,116.9737569154545,525.0,0.000000001,btc,56932965.8895,5.25e-07,0.0393992758418,8
0,[],2,[],2019-01-20 23:22:42,0.0,0,0,6476876,2019-01-20 23:22:42,,0.0,0.0,0,,0.0,0.0,0.0,9
0,[],23,[],2019-01-20 23:22:48,0.0,0,0,6476878,2019-01-20 23:22:48,,0.0,0.0,0,,0.0,0.0,0.0,9
1,[],4,[],2019-03-02 16:50:04,2017211.72234865,0.00000165,0.00000000006300921,6828474,2019-03-02 16:50:04,btc,7.150049281150859,0.0,0.00000165,btc,3168740.1445658,1.23780598,0.754126670178365,9
1,[],28,[],2019-03-02 16:50:05,47504.0,0.00000166,0.00000000006339108399999999,6828475,2019-03-02 16:50:05,btc,2708.763406715895,3564357.0,0.00000166,btc,12476.4655,0.0,0.05012664,9
1,[],1,[],2019-02-17 23:31:42,1822507.21,0.00000181000000000000003456111265232042484285557293333113193511962890625,0.000000000066086901,6701244,2019-02-17 23:31:42,btc,3.6990969245,17153386.5,0.00000181000000000000003456111265232042484285557293333113193511962890625,btc,1997391.71,31.11772986,3.2610482446,9
1,[],4,[],2019-02-17 11:22:43,4341674.27126056,0.00000002,0.0000000000007272960000000001,6696112,2019-02-17 11:22:43,btc,0.1997230937751353,0.0,0.00000002,btc,4109766.79808031,0.00215132,0.0479381022052112,10
0,[],2,[],2019-01-20 23:23:08,0.0,0,0,6476890,2019-01-20 23:23:08,,0.0,0.0,0,,0.0,0.0,0.0,12
1,[],4,[],2019-03-02 16:50:07,5232065.23290804,0.00000117,0.000000000044679258,6828476,2019-03-02 16:50:07,btc,10.172969710734037,0.0,0.00000117,btc,5481005.27975803,0.80759002,2.164049306641201,12
1,[],5,[],2019-03-02 16:50:08,0.0,0,0,6828477,2019-03-02 16:50:08,btc,0.0,0.21861621,0,btc,0.0,0.0,0.0,12
0.0,[],25,[],2019-03-02 16:50:10,0.0,0,0,6828478,2019-03-02 16:50:10,,0.0,0.0,0.0,btc,0.0,0.0,0.0,12
1,[],4,[],2019-03-02 16:50:11,31914370.20444767,0.00000554,0.00000000021155819599999998,6828479,2019-03-02 16:50:11,btc,2.9427404357089246,0.0,0.00000554,btc,408658.7647601,0.42865066,0.6107628925754187,13
1,[],21,[],2019-03-02 16:50:14,905110.42839908,0.000005660000000000000019160020792,0.000000000216140684,6828480,2019-03-02 16:50:14,btc,5.7898196616986874,568747.79818632,0.00000566000000000000001916002079216383435777970589697360992431640625,btc,917407.75206464,3.26751977,4.7976747314645,13
1,[],10,[],2019-03-02 16:40:46,417858.15439165,0.00000528,0.00000000020151648,6828281,2019-03-02 16:40:46,btc,666802.610596777,9458.0257186,0.00000528,btc,744565.59224162,0.0,0.241640970788116,13
1,[],4,[],2019-03-02 16:50:16,727833.27830496,0.00000141,0.000000000053844234,6828481,2019-03-02 16:50:16,btc,71.2124000072245,0.0,0.00000141,btc,873537.53733942,0.02235681,0.1840827450130271,14
1,[],12,[],2019-03-02 16:50:16,217955.8748086,0.000001349999999999999991849510168340220417348973569460213184356689453125,0.00000000005155299,6828482,2019-03-02 16:50:16,btc,5.290202312517888,0.0,0.000001349999999999999991849510168340220417348973569460213184356689453125,btc,31128.09057434,2.64e-06,0.027893769999874002,14
0,[],17,[],2019-03-02 16:50:18,0.0,0,0,6828483,2019-03-02 16:50:18,btc,0.0,0.0,0,btc,0.0,0.0,0.0,14
1,[],26,[],2019-03-02 16:50:18,0.0,0.00000050,0.0000000000190937,6828484,2019-03-02 16:50:18,btc,0.0,0.0,0.00000050,btc,0.0,0.0,0.0,14
,[],12,[],2018-12-01 15:15:48,204241.84496,0.00000489,0.000000000202473384,5260204,2018-12-01 15:15:48,btc,49.5475654835,0.0,,btc,35763.2193806,0.0163153972027625,0.0203389899998,15
0,[],4,[],2019-03-02 16:50:19,0.0,0,0,6828485,2019-03-02 16:50:19,,0.0,0.0,0,,0.0,0.0,0.0,15
0,[],17,[],2019-03-02 15:35:49,0.0,0,0,6828088,2019-03-02 15:35:49,btc,0.0,0.0,0,btc,0.0,0.0,0.0,18
0,[],2,[],2019-01-20 23:23:38,0.0,0,0,6476906,2019-01-20 23:23:38,,0.0,0.0,0,,0.0,0.0,0.0,18
1,[],4,[],2019-03-02 16:50:22,25534.54101423,0.00001779,0.0000000006793538459999999,6828486,2019-03-02 16:50:22,btc,1.350019277014481,0.0,0.00001779,btc,15386.45598614,0.04158066,0.0757106164025914,18
1,[],10,[],2019-03-02 16:50:24,783514.90605605,0.00001755,0.00000000067018887,6828487,2019-03-02 16:50:24,btc,15.395842660644025,18771.0582602,0.00001755,btc,11903.43017094,0.0,0.1437413859530394,18
1,[],12,[],2019-03-02 16:50:26,193424.18479539998,0.0000174999999999999984669381281054967303134617395699024200439453125,0.0000000006682794999999999,6828488,2019-03-02 16:50:26,btc,23.630233875285562,0.0,0.0000174999999999999984669381281054967303134617395699024200439453125,btc,1853.35996699,1.47298571764e-05,0.0384167442798705,18
0,[],2,[],2019-01-20 23:24:19,0.0,0,0,6476924,2019-01-20 23:24:19,,0.0,0.0,0,,0.0,0.0,0.0,19
1,[],3,[],2019-03-02 16:50:37,118506.64575060255,0.0000200099999999999998462514583241755872222711332142353057861328125,0.0000000007641298739999999,6828489,2019-03-02 16:50:37,btc,0.5053401800644072,0.0,0.0000200099999999999998462514583241755872222711332142353057861328125,btc,7948.096912413742,0.0,0.03372559709398505,19
1,[],4,[],2019-03-02 16:50:38,412504.33145926,0.00002031,0.0000000007755860939999999,6828490,2019-03-02 16:50:38,btc,2.1484797424072553,0.0,0.00002031,btc,69536.74893048,0.37086573,2.3100615942532405,19
1,[],5,[],2019-03-02 16:50:39,0.0,0,0,6828491,2019-03-02 16:50:39,btc,0.0,0.00113663,0,btc,0.0,0.0,0.0,19
1,[],12,[],2019-03-02 16:50:42,133996.43811449,0.00001821000000000000013946309385115540635524666868150234222412109375,0.000000000695392554,6828492,2019-03-02 16:50:42,btc,6.895594701573687,0.0,0.00001821000000000000013946309385115540635524666868150234222412109375,btc,497.68165322,0.000564564884742,0.10747710511520679,19
0,[],27,[],2019-03-02 16:50:44,0.0,0,0,6828493,2019-03-02 16:50:44,,0.0,0.0,0,btc,0.0,0.0,0.0,19
1,[],4,[],2019-03-02 16:50:46,2822228.05572451,0.00000013,0.000000000004964362,6828494,2019-03-02 16:50:46,btc,7.378502889194436,0.0,0.00000013,btc,2855585.3982639,0.0,0.0802826564452557,20
0,[],17,[],2019-03-02 15:26:49,0.0,0,0,6827903,2019-03-02 15:26:49,btc,0.0,0.0,0,btc,0.0,0.0,0.0,21
1,[],4,[],2019-03-02 16:50:46,103956136.13937023,0.00000002,0.000000000000763748,6828495,2019-03-02 16:50:46,btc,1807.0446274209746,0.0,0.00000002,btc,55481842.86506001,0.000102,1.1668631666680451,21
1,[],12,[],2019-03-02 16:50:47,18206951.0,0.00000002,0.000000000000763748,6828496,2019-03-02 16:50:47,btc,670.8733402334847,0.0,0.00000002,btc,8127598.32857329,3.1e-05,0.23637926,21
1,[],12,[],2019-03-02 16:41:19,2999827604.531895,0.0000000002,0.0000000000000076332,6828299,2019-03-02 16:41:19,btc,875865845089.317,0.0,0.0000000002,btc,4996502987.272166,0.01633444295024975,0.3062378001531895,23
0,[],27,[],2019-03-02 16:41:21,0.0,0,0,6828300,2019-03-02 16:41:21,,13.543633221578427,27411.0,0,eth,2204616.85364636,9.503149742100001e-14,0.0,23
1,[],4,[],2019-03-02 16:50:59,435093.17231909,0.00000051,0.000000000019475573999999998,6828497,2019-03-02 16:50:59,btc,8.711620722193127,0.0,0.00000051,btc,1525030.38818909,0.00030317,0.1377678866435345,24
1,[],22,[],2019-03-02 16:51:03,11.76,0.00000100,0.0000000000381874,6828498,2019-03-02 16:51:03,BTC,7.415e-05,0.0,0.00000100,BTC,23.919354838709676,0.0,1.176e-05,24
0.0,[],25,[],2019-03-02 16:51:05,0.0,0,0,6828499,2019-03-02 16:51:05,,0.0,0.0,0.0,btc,0.0,0.0,0.0,24
0,[],2,[],2019-01-20 23:25:56,0.0,0,0,6476976,2019-01-20 23:25:56,,0.0,0.0,0,,0.0,0.0,0.0,26
1,[],4,[],2019-03-02 16:51:07,26578936.06721116,0.00000630,0.00000000024058062,6828500,2019-03-02 16:51:07,btc,166.7831669653588,0.0,0.00000630,btc,236700.51685912,0.10943411,0.4416615760157269,26
1,[],10,[],2019-03-02 16:51:09,686652.82592622,0.00000603,0.000000000230270022,6828501,2019-03-02 16:51:09,btc,26.1259517028781,3888.83517731,0.00000603,btc,14054.67408507,0.0,0.2280361632878725,26
1,[],3,[],2019-03-02 16:51:09,5529569.78933568,0.00000001,0.000000000000381874,6828502,2019-03-02 16:51:09,btc,2.105204350837623,14030.781,0.00000001,btc,17599728.13629621,0.0,0.0552956978933568,27
1,[],5,[],2019-03-02 16:51:11,0.0,0,0,6828503,2019-03-02 16:51:11,btc,0.0,4.774e-05,0,btc,0.0,0.0,0.0,27
1,[],11,[],2019-03-02 16:51:13,9470054.891515061,0.00000005,0.00000000000190937,6828504,2019-03-02 16:51:13,btc,67506.38088715188,21889.311987,0.00000005,btc,7980367.26084264,0.0,0.4414030388653851,27
1,[],4,[],2019-03-02 16:51:14,1494510340.3110187,0.00000002,0.000000000000763748,6828505,2019-03-02 16:51:14,btc,2.818832682723306,0.0,0.00000002,"btc,ltc",182404831.8652203,0.25356888,12.174346319024943,29
1,[],7,[],2019-03-02 16:51:50,35943042.00316807,0.00000002,0.000000000000763748,6828506,2019-03-02 16:51:50,btc,44462590.670333646,3597020.1197,0.00000002,btc,46374500.946735,0.10764673,0.3643791565636483,29
1,[],4,[],2019-03-02 16:51:51,2194804.74428848,0.00000026,0.000000000009928724,6828507,2019-03-02 16:51:51,btc,2.3353997230997763,0.0,0.00000026,btc,1550353.96316452,0.0,0.0939565325816246,30
0,[],17,[],2019-03-02 16:52:03,0.0,0,0,6828508,2019-03-02 16:52:03,btc,0.0,0.0,0,btc,0.0,0.0,0.0,30
1,[],4,[],2019-03-02 16:52:04,169955.82885162,0.00004911,0.000000001875383214,6828509,2019-03-02 16:52:04,btc,5.86566751904972,0.0,0.00004911,btc,70461.05782979,1.45087886,1.2146978221400473,31
1,[],21,[],2019-03-02 16:52:05,137150.546627,0.00004976999999999999951599480297,0.000000001900586898,6828510,2019-03-02 16:52:05,btc,2.3106781149630855,84732.19297107,0.0000497699999999999995159948029677110525881289504468441009521484375,btc,40913.54578074,4.1602921,5.580161267877055,31
0,[],2,[],2019-01-20 23:28:43,0.0,0,0,6477009,2019-01-20 23:28:43,,0.0,0.0,0,,0.0,0.0,0.0,32
1,[],4,[],2019-03-02 16:52:06,406434152.6582418,0.00000004,0.000000000001527496,6828511,2019-03-02 16:52:06,btc,11.80787702720342,0.0,0.00000004,"btc,ltc",211592793.55910277,0.47913968,9.331694973694432,33
1,[],12,[],2019-03-02 16:52:08,17374486.0,0.00000004,0.000000000001527496,6828512,2019-03-02 16:52:08,btc,35630714.40096859,0.0,0.00000004,btc,90251849.51854034,0.014022690709291,0.56262824,33
1,[],4,[],2019-03-02 16:52:09,117559034.59062757,0.00000001,0.000000000000381874,6828513,2019-03-02 16:52:09,btc,3.661770262997664,0.0,0.00000001,btc,101059932.72179136,0.0002,1.1755903459062755,34
1,[],5,[],2019-03-02 16:52:10,0.0,0,0,6828514,2019-03-02 16:52:10,btc,0.0,0.00315399,0,btc,0.0,0.0,0.0,34
0.0000000001270771,[],4,[],2019-03-02 16:52:12,1616470432.0688334,2.5415420000000002e-18,9.705488097080001e-23,6828515,2019-03-02 16:52:12,ltc,5.461077034635544e-08,0.0,0.00000002,ltc,7103354364.51634,0.0,2.0781242064055125e-09,36
1,[],5,[],2019-03-02 16:52:14,0.0,0,0,6828516,2019-03-02 16:52:14,btc,0.0,0.0,0,btc,0.0,0.0,0.0,36
0,[],17,[],2019-03-02 16:52:26,0.0,0,0,6828517,2019-03-02 16:52:26,btc,0.0746458232965017,0.0,0,btc,4103573.70243647,0.0,0.0,36
0.0000000003466541,[],27,[],2019-03-02 16:52:29,1090000.0,3.466541e-18,1.323781877834e-22,6828518,2019-03-02 16:52:29,eth,222.5997971062634,0.0,0.00000001,"ltc,eth",11163566.48751039,0.0,1.50390132e-12,36
1,[],4,[],2019-03-02 16:42:15,240463.89184679,0.00000065,0.0000000000248079,6828321,2019-03-02 16:42:15,btc,19772.480498014553,0.0,0.00000065,btc,550530.89968724,0.03378743,0.108363422043431,37
1,[],12,[],2019-03-02 16:42:16,874922.06308849,0.00000064,0.00000000002442624,6828322,2019-03-02 16:42:16,btc,1345.8834585366903,0.0,0.00000064,btc,1035133.34819095,0.0680760038181571,0.3578296487300006,37
1,[],17,[],2019-03-02 16:42:18,1752.74075282,0.00000025,0.0000000000095415,6828323,2019-03-02 16:42:18,btc,0.055484923987432495,0.0,0.00000025,btc,1387.19918473,0.0,0.00043818518820499993,37
1,[],27,[],2019-03-02 16:42:20,14685.567,0.00000045,0.0000000000171747,6828324,2019-03-02 16:42:20,btc,25.82160105111233,0.0,0.00000045,btc,6804.86438508,0.0,0.00480032515,37
1,[],5,[],2019-03-02 16:52:31,0.0,0,0,6828519,2019-03-02 16:52:31,btc,0.0,0.04743277,0,btc,0.0,0.0,0.0,42
1,[],12,[],2019-03-02 16:52:32,253293.84127682,0.00000097,0.000000000037041778,6828520,2019-03-02 16:52:32,btc,94.64752258662024,0.0,0.00000097,btc,99245.23963227,0.0053804191042355,0.0595873416353358,42
0.0000000003466541,[],27,[],2019-03-02 16:52:35,2000.0,3.466541e-18,1.323781877834e-22,6828521,2019-03-02 16:52:35,eth,0.00315028,0.0,0.00000001,"btc,eth",11.007,0.0,6.933082000000001e-15,42
1,[],5,[],2019-03-02 16:42:28,0.0,0,0,6828328,2019-03-02 16:42:28,btc,0.0,0.0,0,btc,0.0,0.0,0.0,43
1,[],12,[],2019-03-02 16:42:29,1209361.0,0.00000001,0.00000000000038166,6828329,2019-03-02 16:42:29,btc,3569.074552336114,0.0,0.00000001,btc,11768494.65174823,9.99000999e-06,0.01209361,43
0,[],17,[],2019-03-02 15:28:07,0.0,0,0,6827933,2019-03-02 15:28:07,btc,0.0,0.0,0,btc,0.0,0.0,0.0,43
1,[],12,[],2019-03-02 16:52:37,653788.0,0.00000004,0.000000000001527496,6828522,2019-03-02 16:52:37,btc,11116042.727858257,0.0,0.00000004,btc,1102985.40261734,0.00055402995005,0.01555391,44
1,[],4,[],2019-03-02 16:52:38,290673491.3204073,0.00000002,0.000000000000763748,6828523,2019-03-02 16:52:38,btc,473.58761991958545,0.0,0.00000002,"btc,ltc",12243056.83418875,0.000368,0.19699787073380082,49
0.0000000001270771,[],4,[],2019-03-02 16:52:39,376227954.22452575,1.2707710000000001e-18,4.8527440485400003e-23,6828524,2019-03-02 16:52:39,ltc,25.56813393940005,0.0,0.00000001,ltc,9698940990.417849,0.0,4.780995736178548e-10,52
0.0000000001246243,[],22,[],2019-03-02 16:52:45,80845862.0,1.246243e-18,4.75907799382e-23,6828525,2019-03-02 16:52:45,XMR,4366.97466637,0.0,0.00000001,XMR,255820234.67882353,0.0,0.80845862,57
0.0000000003466541,[],27,[],2019-03-02 16:52:48,2000.0,3.466541e-18,1.323781877834e-22,6828526,2019-03-02 16:52:48,eth,0.0,0.0,0.00000001,"btc,eth",0.0,0.0,6.933082000000001e-15,57
0,[],17,[],2019-03-02 16:42:45,0.0,0,0,6828337,2019-03-02 16:42:45,btc,1e+24,0.0,0,btc,49306342.21952568,0.0,0.0,58
0.0000000001270771,[],4,[],2019-03-02 16:52:49,918612519.1063334,3.812313e-18,1.455823214562e-22,6828527,2019-03-02 16:52:49,ltc,18.80718599698046,0.0,0.00000003,ltc,4025361810.4890313,0.0,2.245011533587796e-09,58
1,[],12,[],2019-03-02 16:52:50,1671022774.843957,0.0000000004,0.00000000000001527496,6828528,2019-03-02 16:52:50,btc,224005480062.26865,0.0,0.0000000004,btc,3758353342.7376313,0.08941878729964269,0.5435283575011391,58
0.0000000001246243,[],22,[],2019-03-02 16:53:05,137438.0,1.246243e-18,4.75907799382e-23,6828529,2019-03-02 16:53:05,XMR,69.8835922,0.0,0.00000001,XMR,9887963.0,0.0,0.00137438,58
1,[],5,[],2019-03-02 16:53:07,0.0,0,0,6828530,2019-03-02 16:53:07,btc,0.0,0.03503051,0,btc,0.0,0.0,0.0,61
1,[],22,[],2019-03-02 16:53:26,13759.5,0.00000012,0.0000000000045824879999999994,6828531,2019-03-02 16:53:26,BTC,1002.29597012,0.0,0.00000012,BTC,14947.700278135757,3.48e-06,0.00155017,61
1,[],26,[],2019-03-02 16:53:26,0.0,0.00000800,0.0000000003054992,6828532,2019-03-02 16:53:26,btc,0.0,0.0,0.00000800,btc,0.0,0.0,0.0,61
1,[],27,[],2019-03-02 16:53:29,17231.118,0.00000046,0.000000000017566204,6828533,2019-03-02 16:53:29,btc,7.76072757961638,806.2391,0.00000046,"btc,eth",19950.11257617,0.00037087,0.007132257502915771,61
1,[],28,[],2019-03-02 16:53:31,13880.304,0.0000005,0.0000000000190937,6828534,2019-03-02 16:53:31,btc,2.056312978300105,799.0,0.0000005,btc,9730.59500005,0.0,0.00566391304,61
1,[],4,[],2019-03-02 16:53:33,1378396.73229184,0.00000279,0.00000000010654284599999999,6828535,2019-03-02 16:53:33,btc,11.24547849640008,0.0,0.00000279,btc,797422.19724933,0.18755031,1.2872327314997491,67
0.0,[],25,[],2019-03-02 16:53:35,0.0,0,0,6828536,2019-03-02 16:53:35,,0.0,0.0,0.0,btc,0.0,0.0,0.0,67
1,[],12,[],2019-03-02 16:53:36,1784317.74626017,0.00000025,0.00000000000954685,6828537,2019-03-02 16:53:36,btc,11115899.06515429,0.0,0.00000025,btc,2202154.25944054,0.0849884887398523,0.0825008464411097,71
,[],5,[],2018-11-20 23:02:39,1.5e-07,0.00000005,0.000000000002128045,4862160,2018-11-20 23:02:39,btc,2.84511358,0.0,,btc,0.00036572,0.0,0.07381892,74
1,[],5,[],2019-03-02 16:53:38,0.0,0,0,6828538,2019-03-02 16:53:38,btc,0.0,0.0,0,btc,0.0,0.0,0.0,75
0,[],20,[],2019-01-25 09:30:31,0.0,0,0,6495923,2019-01-25 09:30:31,btc,0.0,0.0,0,btc,0.0,0.0,0.0,81
1,[],4,[],2019-03-02 16:53:39,15984338.899575,0.00000001,0.000000000000381874,6828539,2019-03-02 16:53:39,btc,11388.631336743814,0.0,0.00000001,btc,34421251.85416836,0.0,0.15984338899575,81
1,[],4,[],2019-03-02 16:53:41,28150.13871119,0.00007279,0.000000002779660846,6828540,2019-03-02 16:53:41,btc,17.742740470325423,0.0,0.00007279,btc,12611.86792113,0.02972379,0.1608905002433961,82
1,[],21,[],2019-03-02 16:53:42,291760.85772747,0.00007320000000000000388734183732,0.0000000027953176800000002,6828541,2019-03-02 16:53:42,btc,2.0564244677058388,1411.16872847,0.000073200000000000003887341837316427017867681570351123809814453125,btc,22646.65637699,0.10458103,4.432592950473664,82
0,[],17,[],2019-03-02 16:53:44,0.0,0,0,6828542,2019-03-02 16:53:44,btc,0.0447233088476774,0.0,0,btc,999127.19588126,0.0,0.0,84
0.0000000001270771,[],4,[],2019-03-02 16:53:46,120085663.7494547,3.812313e-18,1.455823214562e-22,6828543,2019-03-02 16:53:46,ltc,1.7494931890614864,0.0,0.00000003,ltc,405646002.0919702,0.0,2.5149658680987133e-10,85
,[],22,[],2018-11-20 23:09:34,3408.1,0.0000001,0.0000000000041895,4862324,2018-11-20 23:09:34,BTC,0.04624735,0.0,,BTC,4990.0,0.0,0.00033081,86
0,[],22,[],2019-02-22 12:52:35,0.0,0,0,6758847,2019-02-22 12:52:35,,2.0760781,0.0,0,,140622.94736842104,0.0,0.0,87
0,[],27,[],2019-02-22 12:52:37,0.0,0,0,6758848,2019-02-22 12:52:37,,0.0,0.0,0,btc,0.0,0.0,0.0,87
,[],2,[],2018-11-20 23:10:47,0.0,0,0,4862359,2018-11-20 23:10:47,,0.0,0.0,,,0.0,0.0,0.0,88
1,[],11,[],2019-03-02 16:53:48,92852.33717368,0.00014023999999999999899018277016438105420093052089214324951171875,0.000000005355400976,6828544,2019-03-02 16:53:48,btc,608.5619652380268,999.47875432,0.00014023999999999999899018277016438105420093052089214324951171875,btc,95577.00821291,0.0,6.220045117869329,89
1,[],12,[],2019-03-02 16:53:50,469676.01544234,0.00000190000000000000001990053087597143388620679615996778011322021484375,0.00000000007255605999999999,6828545,2019-03-02 16:53:50,btc,4.31716551537356,0.0,0.00000190000000000000001990053087597143388620679615996778011322021484375,btc,62154.64925501,0.0091930288991858,0.0856818413999078,91
0,[],17,[],2019-03-02 16:53:51,0.0,0,0,6828546,2019-03-02 16:53:51,btc,0.0,0.0,0,btc,0.0,0.0,0.0,91
0,[],22,[],2019-03-02 16:53:54,0.0,0,0,6828547,2019-03-02 16:53:54,,3e-06,0.0,0,,1.0,0.0,0.0,91
0,[],2,[],2019-01-20 23:31:45,0.0,0,0,6477083,2019-01-20 23:31:45,,0.0,0.0,0,,0.0,0.0,0.0,91
0.0000000001270771,[],22,[],2019-03-02 16:53:58,1820000.0,6.353855e-18,2.42637202427e-22,6828548,2019-03-02 16:53:58,LTC,8.53121199,0.0,0.00000005,LTC,71989912.1,5.13391484e-14,0.091,95
0.0000000001270771,[],4,[],2019-03-02 16:54:00,646338038.1538767,7.878780200000001e-17,3.0087013100948002e-21,6828549,2019-03-02 16:54:00,ltc,11.889831261637678,0.0,0.00000062,ltc,136129449.5894871,0.0115724,1.959949843198914e-09,96
1,[],12,[],2019-03-02 16:54:01,748.47400001,0.00000001,0.000000000000381874,6828550,2019-03-02 16:54:01,btc,255079.46687468787,0.0,0.00000001,btc,8740172.94636337,3.6223676323e-06,7.484740000100001e-06,96
0,[],17,[],2019-03-02 16:43:45,0.0,0,0,6828358,2019-03-02 16:43:45,btc,0.0,0.0,0,btc,0.0,0.0,0.0,96
1,[],4,[],2019-03-02 16:54:02,1413964.12514118,0.00000029,0.000000000011074346,6828551,2019-03-02 16:54:02,btc,3.1802366230282506,0.0,0.00000029,btc,2534492.35288423,0.09182327,0.1146810334031921,99
1,[],4,[],2019-03-02 16:54:03,348951.35434698,0.00004400,0.0000000016802456,6828552,2019-03-02 16:54:03,btc,12.22275605364004,0.0,0.00004400,btc,170218.94177063,1.1756574,2.9033976355697537,100
0,[],2,[],2019-01-20 23:23:55,0.0,0,0,6476914,2019-01-20 23:23:55,,0.0,0.0,0,,0.0,0.0,0.0,100
1,[],22,[],2019-03-02 16:54:07,50000.0,0.00000001,0.000000000000381874,6828553,2019-03-02 16:54:07,BTC,23.49896609,0.0,0.00000001,BTC,10277.22,0.0,0.0005,101
1,[],4,[],2019-03-02 16:54:08,485645.05821341,0.00000088,0.000000000033604912,6828554,2019-03-02 16:54:08,btc,256.3053354233414,0.0,0.00000088,btc,495174.82442137,0.00242891,0.2507300295975274,103
1,[],12,[],2019-03-02 16:54:09,65048174.0,0.000000009,0.0000000000003436866,6828555,2019-03-02 16:54:09,btc,137278946.70123035,0.0,0.000000009,btc,126796511.73666057,0.0244985294395604,0.235132221,105
1,[],27,[],2019-03-02 16:54:12,81803.89,0.00000001,0.000000000000381874,6828556,2019-03-02 16:54:12,btc,36.58509958047966,0.0,0.00000001,btc,575834.55393212,0.0,0.0008180389,105
1,[],22,[],2019-03-02 16:54:16,9328.0,0.00000001,0.000000000000381874,6828557,2019-03-02 16:54:16,BTC,51.10837004,0.0,0.00000001,BTC,470435.0,0.0,9.328e-05,107
1,[],26,[],2019-03-02 16:54:17,0.0,0.00000000,0,6828558,2019-03-02 16:54:17,btc,0.0,0.0,0.00000000,btc,0.0,0.0,0.0,107
1,[],5,[],2019-03-02 16:54:18,0.0,0,0,6828559,2019-03-02 16:54:18,btc,0.0,0.10862073,0,btc,0.0,0.0,0.0,112
1,[],22,[],2019-03-02 16:54:21,1966.0,0.00000001,0.000000000000381874,6828560,2019-03-02 16:54:21,BTC,2.81183288,0.0,0.00000001,BTC,808524.0833333334,0.0,1.966e-05,112
0.0000000003466541,[],27,[],2019-03-02 16:54:23,2000.0,3.466541e-18,1.323781877834e-22,6828561,2019-03-02 16:54:23,eth,1.35132491849924,0.0,0.00000001,"btc,eth",1328.641654,0.0,6.933082000000001e-15,112
1,[],4,[],2019-03-02 16:54:24,977192.3641394,0.00000183,0.000000000069882942,6828562,2019-03-02 16:54:24,btc,4.907622309910855,0.0,0.00000183,btc,343937.08160799,0.21735584,0.676668776292894,113
1,[],5,[],2019-03-02 16:54:26,0.0,0,0,6828563,2019-03-02 16:54:26,btc,0.0,0.01858004,0,btc,0.0,0.0,0.0,113
1,[],17,[],2019-03-02 16:54:28,152738.278,0.00000004,0.000000000001527496,6828564,2019-03-02 16:54:28,btc,1.3368030274816,0.0,0.00000004,btc,51896.221,0.0,0.0022095311199999998,116
0,[],27,[],2019-03-02 16:54:31,0.0,0,0,6828565,2019-03-02 16:54:31,,0.0,0.0,0,btc,0.0,0.0,0.0,116
1,[],4,[],2019-03-02 16:54:32,103456.32851358,0.00002503,0.000000000955830622,6828566,2019-03-02 16:54:32,btc,28.901752849281507,0.0,0.00002503,btc,73199.56556508,0.6962425,1.4378236041598569,120
1,[],7,[],2019-03-02 16:54:33,21297.47916373,0.00001785999999999999840829580100010076648686663247644901275634765625,0.000000000682026964,6828567,2019-03-02 16:54:33,btc,115751.20701551794,0.0,0.00001785999999999999840829580100010076648686663247644901275634765625,btc,56294.42255876,0.0,0.054083664479037404,120
1,[],20,[],2019-03-02 16:54:36,1484133.5064,0.000000033,0.0000000000012601842,6828568,2019-03-02 16:54:36,btc,32.294423452592,12294.9579,0.000000033,btc,986493.5278,0.0004936576424,0.009605288908,125
1,[],22,[],2019-03-02 16:55:09,3053.0,0.00000001,0.000000000000381874,6828569,2019-03-02 16:55:09,BTC,0.01444887,0.0,0.00000001,BTC,296263.5111111111,0.0,3.053e-05,126
0,[],17,[],2019-03-02 12:31:08,0.0,0,0,6827090,2019-03-02 12:31:08,btc,0.0009561751951600001,0.0,0,btc,35.42829368,0.0,0.0,131
1,[],4,[],2019-03-02 16:44:43,139908.46519432,0.00001305,0.0000000004980663,6828378,2019-03-02 16:44:43,btc,6.549989297585965,0.0,0.00001305,btc,124044.83570539,0.15559695,0.379131999033596,131
0,[],2,[],2019-01-20 23:25:46,0.0,0,0,6476969,2019-01-20 23:25:46,,0.0,0.0,0,,0.0,0.0,0.0,131
1,[],4,[],2019-03-02 16:55:11,4553.72464193,0.00016001,0.000000006110365874,6828570,2019-03-02 16:55:11,btc,1.6201351855855004,0.0,0.00016001,btc,238.12730989,0.0,0.0079138372153557,135
1,[],3,[],2019-03-02 16:55:12,958909.8877684299,0.00000004,0.000000000001527496,6828571,2019-03-02 16:55:12,btc,0.1188694546559745,53300.0,0.00000004,btc,637759.16137136,0.0,0.0304195181737019,136
1,[],4,[],2019-03-02 16:55:13,266385.12432778,0.00000166,0.00000000006339108399999999,6828572,2019-03-02 16:55:13,btc,38.98245059297053,0.0,0.00000166,btc,585149.4778473,0.0547657,0.0794560245958335,137
1,[],12,[],2019-03-02 16:55:14,293790.87266418,0.0000016700000000000001044238480407688740569938090629875659942626953125,0.000000000063772958,6828573,2019-03-02 16:55:14,btc,11807.60250863623,0.0,0.0000016700000000000001044238480407688740569938090629875659942626953125,btc,125628.58067311,0.0300497509282403,0.0207208299999362,137
1,[],4,[],2019-03-02 16:55:16,112809.58692311,0.00004043,0.000000001543916582,6828574,2019-03-02 16:55:16,btc,28.856199644400583,0.0,0.00004043,btc,41865.2585038,0.65982483,0.7824096653049118,142
1,[],5,[],2019-03-02 16:55:17,0.0,0,0,6828575,2019-03-02 16:55:17,btc,0.0,0.70075042,0,btc,0.0,0.0,0.0,142
1,[],20,[],2019-03-02 16:55:30,132513.7526,0.00003214,0.000000001227343036,6828576,2019-03-02 16:55:30,btc,0.3343597013413,2241.2563,0.00003214,btc,2056.7099,0.1006308152527,0.2146578125543,142
1,[],22,[],2019-03-02 16:55:34,1685.8988921568628,0.00004000,0.000000001527496,6828577,2019-03-02 16:55:34,BTC,3.00385504,0.0,0.00004000,BTC,891.218,0.0,0.00174536,142
0.0,[],25,[],2019-03-02 16:55:36,0.0,0,0,6828578,2019-03-02 16:55:36,,0.0,0.0,0.0,btc,0.0,0.0,0.0,142
1,[],28,[],2019-03-02 16:55:38,76100.0,0.00000817,0.000000000311991058,6828579,2019-03-02 16:55:38,btc,0.0639742472,1331.0,0.00000817,btc,500.6113,0.0,0.0041072,142
1,[],17,[],2019-03-02 15:30:13,22967.386363640002,0.00000088,0.000000000033593560000000004,6827989,2019-03-02 15:30:13,btc,20.069913352748145,0.0,0.00000088,btc,2746.079105,0.0,0.0104613000000032,142
0,[],22,[],2019-03-02 16:55:41,0.0,0,0,6828580,2019-03-02 16:55:41,,60.70572865,0.0,0,,694633617.3,0.0,0.0,143
0,[],22,[],2019-02-25 15:42:22,0.0,0,0,6783783,2019-02-25 15:42:22,,4.2131946,0.0,0,,2322156.0,0.0,0.0,146
,[],22,[],2018-11-20 23:01:11,0.0,0,0,4862114,2018-11-20 23:01:11,,2.56807021,0.0,,,61828.4988236,0.0,0.0,147
1,[],12,[],2019-03-02 16:55:43,223115.98369728,0.0000022900000000000000975435010541758629187825135886669158935546875,0.000000000087449146,6828581,2019-03-02 16:55:43,btc,16.61408491141331,0.0,0.0000022900000000000000975435010541758629187825135886669158935546875,btc,117075.98938791,0.0005395822046102,0.0334516731999898,148
1,[],4,[],2019-03-02 16:55:44,256183.64828986,0.00000030,0.000000000011456219999999999,6828582,2019-03-02 16:55:44,btc,219.967446742935,0.0,0.00000030,btc,800822.7951546,0.0,0.0609752236393456,152
0,[],22,[],2019-03-02 16:55:48,0.0,0,0,6828583,2019-03-02 16:55:48,,0.0,0.0,0,,0.0,0.0,0.0,152
1,[],5,[],2019-03-02 16:55:50,0.0,0,0,6828584,2019-03-02 16:55:50,btc,0.0,0.0,0,btc,0.0,0.0,0.0,153
,[],16,[],2019-01-11 15:38:59,0.0,0,0,6366141,2019-01-11 15:38:59,btc,0.0,0.0,,btc,0.0,0.0,0.0,155
0,[],22,[],2019-03-02 16:55:55,0.0,0,0,6828585,2019-03-02 16:55:55,,6.7463875,0.0,0,,4674391.242592593,0.0,0.0,156
0,[],23,[],2019-01-20 23:24:29,0.0,0,0,6476932,2019-01-20 23:24:29,,0.0,0.0,0,,0.0,0.0,0.0,156
1,[],22,[],2019-03-02 16:55:59,7073.8,0.00005300,0.0000000020239322,6828586,2019-03-02 16:55:59,BTC,1.80343699,0.0,0.00005300,BTC,899.6422341958436,0.0,0.00104336,157
0,[],22,[],2019-03-02 16:56:03,0.0,0,0,6828587,2019-03-02 16:56:03,,50175.67608608,0.0,0,,54079135.04179466,0.0,0.0,158
,[],17,[],2018-11-20 22:56:10,0.0,0,0,4861976,2018-11-20 22:56:10,btc,1.1265625,0.0,,btc,1000.0,0.0,0.0,159
,[],20,[],2018-11-20 22:56:12,0.0,0,0,4861977,2018-11-20 22:56:12,btc,11912.7940471,0.0,,btc,34413894.3617,0.0,0.0,159
1,[],12,[],2019-03-02 16:56:04,181304.45479387,0.0000075599999999999996155440780409850987098252517171204090118408203125,0.000000000288696744,6828588,2019-03-02 16:56:04,btc,6.641537407132358,0.0,0.0000075599999999999996155440780409850987098252517171204090118408203125,btc,13550.5431152,0.0035592318126373,0.091360551361774,168
1,[],17,[],2019-03-02 16:45:56,29784.95,0.000001,0.000000000038166,6828398,2019-03-02 16:45:56,btc,0.03026736251542,0.0,0.000001,btc,144.46171372,0.0,0.00716147,168
0,[],22,[],2019-03-02 16:56:19,0.0,0,0,6828589,2019-03-02 16:56:19,,1.1341504,0.0,0,,539283.174707144,0.0,0.0,169
1,[],22,[],2019-03-02 16:56:23,203600.0,0.00000002,0.000000000000763748,6828590,2019-03-02 16:56:23,BTC,13.2501524,0.0,0.00000002,BTC,144336.2939341018,0.0,0.002072,171
1,[],22,[],2019-03-02 16:46:19,1265800.1666666667,0.00000005,0.0000000000019083,6828401,2019-03-02 16:46:19,BTC,2.1976194,0.0,0.00000005,BTC,242703.64055692567,0.0,0.04139112,173
1,[],5,[],2019-03-02 16:56:26,0.0,0,0,6828591,2019-03-02 16:56:26,btc,0.0,0.03861169,0,btc,0.0,0.0,0.0,175
1,[],22,[],2019-03-02 16:56:30,45904.0,0.0000003,0.000000000011456219999999999,6828592,2019-03-02 16:56:30,BTC,0.52955903,0.0,0.0000003,BTC,143368.41384013777,0.0,0.0052148,176
1,[],7,[],2019-03-02 16:46:27,0.0,0,0,6828404,2019-03-02 16:46:27,btc,410932.5273358376,0.0,0,btc,117801559.31901672,0.0,0.0,178
0,[],22,[],2019-03-02 16:46:29,0.0,0,0,6828405,2019-03-02 16:46:29,,1.00242428,0.0,0,,57512.0,0.0,0.0,178
0,[],2,[],2019-01-20 23:28:34,0.0,0,0,6477001,2019-01-20 23:28:34,,0.0,0.0,0,,0.0,0.0,0.0,178
1,[],5,[],2019-03-02 16:46:31,0.0,0,0,6828406,2019-03-02 16:46:31,btc,0.0,0.04206805,0,btc,0.0,0.0,0.0,179
1,[],22,[],2019-03-02 16:46:35,6949180.5,0.00000002,0.00000000000076332,6828407,2019-03-02 16:46:35,BTC,5.66691177,0.0,0.00000002,"BTC,LTC",18277092.089868754,0.0,0.37392433,179
0,[],23,[],2019-01-20 23:25:08,0.0,0,0,6476952,2019-01-20 23:25:08,,0.0,0.0,0,,0.0,0.0,0.0,179
1,[],17,[],2019-03-02 16:56:32,10504.725,0.0000001,0.00000000000381874,6828593,2019-03-02 16:56:32,btc,5.2010695838442125,0.0,0.0000001,btc,5033.45945,0.0,0.0010504725,180
1,[],22,[],2019-03-02 16:56:36,128712.8,0.00000005,0.00000000000190937,6828594,2019-03-02 16:56:36,BTC,0.20507011,0.0,0.00000005,"BTC,LTC",66046.66660749914,0.00335904,0.00131081,180
1,[],26,[],2019-03-02 16:56:36,0.0,0.00000160,0.00000000006109984,6828595,2019-03-02 16:56:36,btc,0.0,0.0,0.00000160,btc,0.0,0.0,0.0,180
,[],7,[],2018-11-20 22:58:01,562227.975654,0.00000085,0.000000000036176765,4862015,2018-11-20 22:58:01,btc,21836.6059674,2491.87645172,,btc,749999.041456,0.00211021,0.127565380455,183
,[],5,[],2019-01-10 08:11:41,0.0,0,0,6347036,2019-01-10 08:11:41,btc,82.15055501,0.00261,,btc,1.19002445,0.0,0.0,187
1,[],24,[],2019-03-02 16:56:37,0.0,0.000000000001,3.81874e-17,6828596,2019-03-02 16:56:37,btc,0.0,0.0,0.000000000001,btc,0.0,0.0,0.0,187
,[],17,[],2018-11-16 20:58:10,4062536.27273,0.00000001,0.000000000000550501,4708775,2018-11-16 20:58:10,btc,3.36492563466,0.195460381006,,"btc,eth",110697919.549,0.0,0.0157628953496,187
0,[],22,[],2019-03-02 16:56:40,0.0,0,0,6828597,2019-03-02 16:56:40,,7.42841024,0.0,0,,79361.7243078683,0.0,0.0,191
0,[],22,[],2019-03-01 00:51:27,0.0,0,0,6814858,2019-03-01 00:51:27,,0.0,0.0,0,,0.0,0.0,0.0,197
0,[],23,[],2019-01-20 23:31:41,0.0,0,0,6477079,2019-01-20 23:31:41,,0.0,0.0,0,,0.0,0.0,0.0,199
0,[],22,[],2019-03-02 16:56:54,0.0,0,0,6828598,2019-03-02 16:56:54,,5.19477622,0.0,0,,21058553.0,0.0,0.0,199
1,[],26,[],2019-03-02 16:56:54,0.0,0.00000000,0,6828599,2019-03-02 16:56:54,btc,0.0,0.0,0.00000000,btc,0.0,0.0,0.0,199
0,[],17,[],2019-01-30 16:32:01,0.0,0,0,6540827,2019-01-30 16:32:01,btc,6.802544163788159,0.0,0,btc,105897.55575295,0.0,0.0,200
0,[],2,[],2019-01-20 23:30:49,0.0,0,0,6477059,2019-01-20 23:30:49,,0.0,0.0,0,,0.0,0.0,0.0,201
1,[],4,[],2019-01-25 15:51:35,2084389.58565343,0.00000936,0.000000000333526752,6499557,2019-01-25 15:51:35,btc,2.0092503037378524,0.0,0.00000936,btc,160195.80207885,0.19272417,1.242687955921835,211
1,[],7,[],2019-03-02 16:46:54,3051810.84371108,0.0000013200000000000000673224496983149123252587742172181606292724609375,0.00000000005037912,6828415,2019-03-02 16:46:54,btc,15476836.440336347,36332.5253495,0.0000013200000000000000673224496983149123252587742172181606292724609375,btc,13276846.78495237,0.0,2.7026616137247226,212
1,[],12,[],2019-01-25 02:44:32,207462.42853209,0.000001080000000000000035831255497387193287295303889550268650054931640625,0.000000000038610756000000006,6493050,2019-01-25 02:44:32,btc,85023.03793723314,0.0,0.000001080000000000000035831255497387193287295303889550268650054931640625,btc,43675.73520027,0.000146250909087,0.0348620860622024,213
1,[],5,[],2019-03-02 16:46:56,0.0,0,0,6828416,2019-03-02 16:46:56,btc,0.0,0.05388641,0,btc,0.0,0.0,0.0,213
1,[],24,[],2019-03-02 16:46:56,0.0,0.000000120000,0.00000000000457992,6828417,2019-03-02 16:46:56,btc,0.0,0.0,0.000000120000,btc,0.0,0.0,0.0,213
1,[],26,[],2019-03-02 16:46:57,0.0,0.00000010,0.0000000000038166,6828418,2019-03-02 16:46:57,btc,0.0,0.0,0.00000010,btc,0.0,0.0,0.0,213
1,[],22,[],2019-03-02 16:47:04,39544.0,0.00000003,0.00000000000114498,6828419,2019-03-02 16:47:04,BTC,2.2359633,0.0,0.00000003,BTC,640475.3963726171,0.0026782,0.00060462,216
1,[],27,[],2019-03-02 16:47:06,1298602.0,0.00000003,0.00000000000114498,6828420,2019-03-02 16:47:06,btc,316.25858560644,0.0,0.00000003,"btc,ltc",237761.907,0.0,0.03377204000022921,216
1,[],22,[],2019-03-02 16:57:02,201829.1129522508,0.00000211,0.000000000080575414,6828600,2019-03-02 16:57:02,BTC,12673.43296115,0.0,0.00000211,BTC,382758.94895034935,0.03702791,0.2534255,217
1,[],7,[],2019-03-02 16:47:13,0.0,0,0,6828422,2019-03-02 16:47:13,btc,77969.77488735563,0.0,0,btc,137043486.5550253,0.0,0.0,219
1,[],27,[],2019-03-02 16:47:15,477400.50519058,0.00000001,0.00000000000038166,6828423,2019-03-02 16:47:15,btc,0.01036633,1022599.49480942,0.00000001,btc,404745.0,0.01022599,0.0047740050519058,219
0.0000000000000052,[],28,[],2019-03-02 16:47:22,167530653.514,2.34e-18,8.930844e-23,6828424,2019-03-02 16:47:22,doge,84026.79663427318,178268.0,0.00045000,"btc,doge",4864615.53751,0.0,9.09334222840524e-12,219
1,[],22,[],2019-03-02 16:47:26,301964.6666666667,0.00000003,0.00000000000114498,6828425,2019-03-02 16:47:26,BTC,2.89872516,0.0,0.00000003,BTC,296579.27041875874,0.000721,0.00824564,221
1,[],24,[],2019-03-02 16:47:26,0.0,0.000000200000,0.0000000000076332,6828426,2019-03-02 16:47:26,btc,0.0,0.0,0.000000200000,btc,0.0,0.0,0.0,221
1,[],20,[],2019-03-02 16:57:05,40078020.4677,0.000000001,0.0000000000000381874,6828601,2019-03-02 16:57:05,btc,48.2360849119833,910597.4204,0.000000001,btc,12971261.1694,0.0009105974204,0.0400780204677,224
0,[],22,[],2019-03-02 16:57:08,0.0,0,0,6828602,2019-03-02 16:57:08,,0.0,0.0,0,,0.0,0.0,0.0,224
1,[],26,[],2019-03-02 16:57:08,0.0,0.00000035,0.00000000001336559,6828603,2019-03-02 16:57:08,btc,0.0,0.0,0.00000035,btc,0.0,0.0,0.0,231
1,[],26,[],2019-03-02 16:57:08,0.0,0.00000006,0.0000000000022912439999999997,6828604,2019-03-02 16:57:08,btc,0.0,0.0,0.00000006,btc,0.0,0.0,0.0,234
0.0000000003466541,[],27,[],2019-03-02 16:57:10,2000.0,3.466541e-18,1.323781877834e-22,6828605,2019-03-02 16:57:10,eth,0.01134836604,0.0,0.00000001,"btc,eth",11462.996,0.0,6.933082000000001e-15,234
1,[],4,[],2019-03-02 16:57:12,892327.92687344,0.00000080,0.00000000003054992,6828606,2019-03-02 16:57:12,btc,4.4625144341264305,0.0,0.00000080,btc,1171018.07573115,0.03549817,0.2691613907045497,236
1,[],24,[],2019-03-02 16:57:12,0.0,0.000000300000,0.000000000011456219999999999,6828607,2019-03-02 16:57:12,btc,0.0,0.0,0.000000300000,btc,0.0,0.0,0.0,236
1,[],20,[],2019-03-02 16:57:14,73400132.4361,0.000000066,0.0000000000025203684,6828608,2019-03-02 16:57:14,btc,9.6826242313672,29667515.2677,0.000000066,btc,36862074.6631,1.9782118293082,0.5185207697273,237
0.0000000001270771,[],22,[],2019-03-02 16:57:18,14400.0,1.270771e-17,4.85274404854e-22,6828609,2019-03-02 16:57:18,LTC,0.0413973,0.0,0.0000001,LTC,7239.0,0.0,0.00144,237
1,[],4,[],2019-03-02 16:47:43,7609382.06565776,0.00000033,0.00000000001259478,6828436,2019-03-02 16:47:43,btc,6.42392555662316,0.0,0.00000033,btc,9889764.84740011,0.38302815,1.7939174508133462,238
1,[],5,[],2019-03-02 16:47:44,0.0,0,0,6828437,2019-03-02 16:47:44,btc,0.0,0.03418672,0,btc,0.0,0.0,0.0,238
0,[],22,[],2019-03-02 16:47:48,0.0,0,0,6828438,2019-03-02 16:47:48,,0.41339518,0.0,0,,316626.5639027493,0.0,0.0,249
0.0000000001270771,[],22,[],2019-03-02 16:57:22,86252235.66666667,5.0830840000000004e-18,1.9410976194160001e-22,6828610,2019-03-02 16:57:22,LTC,3.78838233,0.0,0.00000004,LTC,24674399.323333334,3.08573697304e-13,1.86496833,252
1,[],28,[],2019-03-02 16:57:24,2485364.507,0.00000032,0.000000000012219968,6828611,2019-03-02 16:57:24,btc,164725.87982705125,204709.4,0.00000032,btc,2362682.7718,0.0,0.43817430955,256
1,[],22,[],2019-03-02 16:48:11,1073354.0,0.00000002,0.00000000000076332,6828441,2019-03-02 16:48:11,BTC,31.47160001,0.0,0.00000002,BTC,670687.0957866946,0.0,0.01093354,258
1,[],22,[],2019-03-02 16:48:16,48751.0,0.00000001,0.00000000000038166,6828442,2019-03-02 16:48:16,BTC,2.4175745,0.0,0.00000001,BTC,1762.0,0.0,0.00048751,259
1,[],5,[],2019-03-02 16:48:19,0.0,0,0,6828443,2019-03-02 16:48:19,btc,0.0,0.06659494,0,btc,0.0,0.0,0.0,264
1,[],20,[],2019-03-02 16:48:20,1211669.5723,0.000001002,0.000000000038242332,6828444,2019-03-02 16:48:20,btc,7.450439084651,16684.9919,0.000001002,btc,103063.6509,0.0436083895288,0.0135547889965,264
0,[],22,[],2019-03-02 16:48:24,0.0,0,0,6828445,2019-03-02 16:48:24,,8.33280293,0.0,0,,421298.34411321935,0.0,0.0,271
0,[],22,[],2019-03-02 16:57:27,0.0,0,0,6828612,2019-03-02 16:57:27,,271.27267057,0.0,0,,14421806420.692,0.0,0.0,272
0.0000000000000052,[],28,[],2019-03-02 16:57:29,235448783918.905,5.72e-21,2.18431928e-25,6828613,2019-03-02 16:57:29,doge,35481838.25331858,15931625890.385,0.00000110,doge,182506137934.1318,0.0,6.964744818929698e-10,272
1,[],22,[],2019-03-02 16:48:38,114876.74,0.00000500,0.00000000019083,6828448,2019-03-02 16:48:38,BTC,74.20234185,0.0,0.00000500,"BTC,LTC",8368.517743939856,0.0,0.04973691,281
1,[],22,[],2019-03-02 16:48:42,1126302.2083333333,0.00000008,0.00000000000305328,6828449,2019-03-02 16:48:42,BTC,1.33188124,0.0,0.00000008,BTC,125474.99887885062,0.00109778,0.03585757,286
0,[],22,[],2019-03-02 16:48:45,0.0,0,0,6828450,2019-03-02 16:48:45,,43635.53418966,0.0,0,,367483809.0,0.0,0.0,294
