pairValue,buyBook,exchangeId,sellBook,updated,buyTotal,satoshiPrice,usdPrice,exchangeLogId,created,bestPair,sellTotalBtc,volume,pairPrice,activePairs,sellTotal,volumeBtc,buyTotalBtc,coinId
1,[],3,[],2019-03-16 10:14:19,30543.72910361475,0.01339460999999999950282880689655939931981265544891357421875,0.000000538273118538,6944789,2019-03-16 10:14:19,btc,61.110234466354825,8.16999033524,0.01339460999999999950282880689655939931981265544891357421875,btc,24.174969033980002,0.0,0.3487142952004195,1
1,[],4,[],2019-03-16 10:14:21,207773.51986498,0.01332886,0.000000535630902188,6944790,2019-03-16 10:14:21,btc,13.062016528737301,0.0,0.01332886,btc,232.71377223,2.01196509,1.395853845891307,1
1,[],5,[],2019-03-16 10:14:23,0.0,0,0,6944791,2019-03-16 10:14:23,btc,0.0,0.10330051,0,btc,0.0,0.0,0.0,1
1,[],10,[],2019-03-16 10:14:25,413807.14135954,0.011071,0.00000044489699179999997,6944792,2019-03-16 10:14:25,btc,6522.195224917103,2356.2721511,0.011071,btc,966.24408185,0.0,4.79599386438977,1
1,[],12,[],2019-03-16 10:14:29,115.29548069,0.01328000000000000013766765505351941101253032684326171875,0.000000533667424,6944793,2019-03-16 10:14:29,btc,0.2723835041005,0.0,0.01328000000000000013766765505351941101253032684326171875,btc,19.99540371,0.9041918227807,0.4571995171819,1
1,[],20,[],2019-03-16 10:14:32,1152.4756,0.01050023,0.000000421960142734,6944794,2019-03-16 10:14:32,btc,0.0552085068997,0.0,0.01050023,btc,2.4565,0.0,0.0959959153641,1
1,[],21,[],2019-03-16 10:14:34,2230.32770682,0.01342067000000000086268325816,0.000000539320360486,6944795,2019-03-16 10:14:34,btc,101.63825470244117,11088.158382849999,0.01342067000000000086268325816263313754461705684661865234375,"btc,eth",8248.0141711,140.73152458599253,21.359048452856612,1
1,[],22,[],2019-03-16 10:14:49,0.07686088253968254,0.01260000,0.00000050634108,6944796,2019-03-16 10:14:49,BTC,0.31439419,0.0,0.01260000,BTC,0.12751438772928525,0.0,0.00096785,1
1,[],24,[],2019-03-16 10:14:49,0.0,0.000000000000,0,6944797,2019-03-16 10:14:49,btc,0.0,0.0,0.000000000000,btc,0.0,0.0,0.0,1
0.0,[],25,[],2019-03-16 10:14:51,0.0,0,0,6944798,2019-03-16 10:14:51,btc,43.61359999753031,281.5134499,0.0,btc,3165.84238278,3.7453,0.0,1
1,[],26,[],2019-03-16 10:14:52,0.0,0,0,6944799,2019-03-16 10:14:52,,0.0,0.0,0,,0.0,0.0,0.0,1
1,[],28,[],2019-03-16 10:14:53,992.9,0.01231000,0.000000494687198,6944800,2019-03-16 10:14:53,btc,0.147901439075,18383.3,0.01231000,btc,7.9421,0.0,0.086101096,1
0,[],2,[],2019-01-20 23:28:45,0.0,0,0,6477011,2019-01-20 23:28:45,,0.0,0.0,0,,0.0,0.0,0.0,1
1,[],5,[],2019-03-16 10:14:55,0.0,0,0,6944801,2019-03-16 10:14:55,btc,0.0,0.00558639,0,btc,0.0,0.0,0.0,2
0,[],22,[],2019-03-16 10:15:06,0.0,0,0,6944802,2019-03-16 10:15:06,,0.0,0.0,0,,0.0,0.0,0.0,2
1,[],5,[],2019-03-16 10:15:10,0.0,0,0,6944803,2019-03-16 10:15:10,btc,0.0,0.12944636,0,btc,0.0,0.0,0.0,3
1,[],12,[],2019-03-16 10:15:12,3107753.57588444,0.000000199,0.0000000000079969742,6944804,2019-03-16 10:15:12,btc,22818.255526828667,0.0,0.000000199,btc,935498.30215353,0.12755247834370753,0.4477815780251192,3
0,[],28,[],2019-03-16 10:15:25,0.0,0,0,6944805,2019-03-16 10:15:25,,0.0,0.0,0,,0.0,0.0,0.0,3
0,[],2,[],2019-01-20 23:31:32,0.0,0,0,6477077,2019-01-20 23:31:32,,0.0,0.0,0,,0.0,0.0,0.0,4
1,[],4,[],2019-03-16 10:15:27,405821.89454187,0.00000032,0.000000000012859456,6944806,2019-03-16 10:15:27,btc,32.056418260480605,0.0,0.00000032,btc,725153.97080371,0.00061454,0.0477760437254749,4
1,[],12,[],2019-03-16 10:15:28,444625.0,0.00000002,0.000000000000803716,6944807,2019-03-16 10:15:28,btc,1111853.28788914,0.0,0.00000002,btc,769805.33266733,6.3e-06,0.00485174,5
0,[],2,[],2019-01-20 23:31:51,0.0,0,0,6477087,2019-01-20 23:31:51,,0.0,0.0,0,,0.0,0.0,0.0,6
1,[],11,[],2019-03-16 10:15:32,4146356.89882,0.00000002,0.000000000000803716,6944808,2019-03-16 10:15:32,btc,9574.328393827846,95000.0,0.00000002,btc,42762212.92614274,0.0,0.0491694813342,6
1,[],3,[],2019-03-16 10:15:32,1098.896805377558,0.000154759999999999988719301402539940681890584528446197509765625,0.000000006219154407999999,6944809,2019-03-16 10:15:32,btc,29.634654597137416,1.9,0.000154759999999999988719301402539940681890584528446197509765625,btc,241.020514578101,0.0,0.036107023445587826,7
1,[],4,[],2019-03-16 10:15:35,92424.2296015,0.00021950,0.0000000088207831,6944810,2019-03-16 10:15:35,btc,9.108651960825211,0.0,0.00021950,btc,33209.41948629,11.88819147,7.989206430946827,7
1,[],5,[],2019-03-16 10:15:37,0.0,0,0,6944811,2019-03-16 10:15:37,btc,0.0,1.98459512,0,btc,0.0,0.0,0.0,7
1,[],20,[],2019-02-20 02:16:17,39399275.8418,0.000000001,0.0000000000000390183,6728586,2019-02-20 02:16:17,btc,116.9737569154545,525.0,0.000000001,btc,56932965.8895,5.25e-07,0.0393992758418,8
1,[],4,[],2019-03-16 10:15:40,1830348.76070251,0.00000162,0.000000000065100996,6944812,2019-03-16 10:15:40,btc,8.17741956727175,0.0,0.00000162,btc,3519864.43217989,2.18382991,1.2587767848171292,9
1,[],28,[],2019-03-16 10:15:42,26353.0,0.00000159,0.000000000063895422,6944813,2019-03-16 10:15:42,btc,2708.770603154283,3686455.0,0.00000159,btc,17073.9197,0.0,0.0147295,9
0,[],2,[],2019-01-20 23:22:42,0.0,0,0,6476876,2019-01-20 23:22:42,,0.0,0.0,0,,0.0,0.0,0.0,9
0,[],23,[],2019-01-20 23:22:48,0.0,0,0,6476878,2019-01-20 23:22:48,,0.0,0.0,0,,0.0,0.0,0.0,9
1,[],1,[],2019-02-17 23:31:42,1822507.21,0.00000181000000000000003456111265232042484285557293333113193511962890625,0.000000000066086901,6701244,2019-02-17 23:31:42,btc,3.6990969245,17153386.5,0.00000181000000000000003456111265232042484285557293333113193511962890625,btc,1997391.71,31.11772986,3.2610482446,9
1,[],4,[],2019-02-17 11:22:43,4341674.27126056,0.00000002,0.0000000000007272960000000001,6696112,2019-02-17 11:22:43,btc,0.1997230937751353,0.0,0.00000002,btc,4109766.79808031,0.00215132,0.0479381022052112,10
1,[],4,[],2019-03-16 10:15:43,6650195.87168445,0.00000210,0.00000000008439018,6944814,2019-03-16 10:15:43,btc,16.527791850465803,0.0,0.00000210,btc,5958971.28758016,8.71530693,5.4938267595368995,12
1,[],5,[],2019-03-16 10:15:46,0.0,0,0,6944815,2019-03-16 10:15:46,btc,0.0,0.10840672,0,btc,0.0,0.0,0.0,12
0.0,[],25,[],2019-03-16 10:15:48,0.0,0,0,6944816,2019-03-16 10:15:48,,0.0,0.0,0.0,btc,0.0,0.0,0.0,12
0,[],2,[],2019-01-20 23:23:08,0.0,0,0,6476890,2019-01-20 23:23:08,,0.0,0.0,0,,0.0,0.0,0.0,12
1,[],4,[],2019-03-16 10:15:49,32026623.07830474,0.00001152,0.000000000462940416,6944817,2019-03-16 10:15:49,btc,4.487501805901614,0.0,0.00001152,btc,316376.00917898,8.76115063,1.7708676792384432,13
1,[],10,[],2019-03-16 10:15:52,437071.29556578,0.00001032,0.00000000041471745599999997,6944818,2019-03-16 10:15:52,btc,666776.6133363022,90311.6427051,0.00001032,btc,648117.42349492,0.0,0.2755221989507559,13
1,[],21,[],2019-03-16 10:15:54,2289886.27465733,0.00001152999999999999972176770169,0.000000000463342274,6944819,2019-03-16 10:15:54,btc,21.965958203483986,20884466.87530265,0.0000115299999999999997217677016880799101272714324295520782470703125,btc,1670160.50623215,228.78572833,23.86081604207375,13
1,[],4,[],2019-03-16 10:15:56,1600813.23862889,0.00000079,0.000000000031746782,6944820,2019-03-16 10:15:56,btc,5.406566213596284,0.0,0.00000079,btc,1032801.19159175,0.09715253,0.2304974341923804,14
1,[],12,[],2019-03-16 10:15:58,294281.55555555,0.00000072,0.000000000028933776,6944821,2019-03-16 10:15:58,btc,0.0559814882585684,0.0,0.00000072,btc,13756.8948088,0.00071296,0.023936919999996,14
1,[],26,[],2019-03-16 10:16:09,0.0,0.00000050,0.0000000000200929,6944822,2019-03-16 10:16:09,btc,0.0,0.0,0.00000050,btc,0.0,0.0,0.0,14
0,[],17,[],2019-03-16 08:57:37,0.0,0,0,6944249,2019-03-16 08:57:37,btc,0.0,0.0,0,btc,0.0,0.0,0.0,14
0,[],4,[],2019-03-16 10:16:10,0.0,0,0,6944823,2019-03-16 10:16:10,,0.0,0.0,0,,0.0,0.0,0.0,15
,[],12,[],2018-12-01 15:15:48,204241.84496,0.00000489,0.000000000202473384,5260204,2018-12-01 15:15:48,btc,49.5475654835,0.0,,btc,35763.2193806,0.0163153972027625,0.0203389899998,15
1,[],4,[],2019-03-16 10:16:12,25458.21635145,0.00001497,0.000000000601581426,6944824,2019-03-16 10:16:12,btc,3.7760111255106983,0.0,0.00001497,btc,18370.7852083,0.03430416,0.0649145703447471,18
1,[],10,[],2019-03-16 10:16:14,784622.87009893,0.00001509,0.000000000606403722,6944825,2019-03-16 10:16:14,btc,15.40932235417033,13094.9502279,0.00001509,btc,13500.7661649,0.0,0.1419765828185609,18
1,[],12,[],2019-03-16 10:16:16,314187.88323793,0.00001544999999999999945967700532012401026804582215845584869384765625,0.00000000062087061,6944826,2019-03-16 10:16:16,btc,33214.726425805806,0.0,0.00001544999999999999945967700532012401026804582215845584869384765625,btc,729.44837449,0.0266663244576772,0.0325215025268691,18
0,[],2,[],2019-01-20 23:23:38,0.0,0,0,6476906,2019-01-20 23:23:38,,0.0,0.0,0,,0.0,0.0,0.0,18
0,[],17,[],2019-03-16 09:57:56,0.0,0,0,6944627,2019-03-16 09:57:56,btc,0.0,0.0,0,btc,0.0,0.0,0.0,18
1,[],3,[],2019-03-16 10:16:28,121287.88918335129,0.00001911000000000000168692317059626617492540390230715274810791015625,0.0000000007679506380000001,6944827,2019-03-16 10:16:28,btc,0.6774632854716245,272.996742846,0.00001911000000000000168692317059626617492540390230715274810791015625,btc,14996.4266290325,0.0,0.06710909309856246,19
1,[],4,[],2019-03-16 10:16:29,231030.219358,0.00002001,0.000000000804117858,6944828,2019-03-16 10:16:29,btc,2.6644929258787506,0.0,0.00002001,btc,82756.12570432,0.41957951,2.506276774600665,19
1,[],5,[],2019-03-16 10:16:31,0.0,0,0,6944829,2019-03-16 10:16:31,btc,0.0,0.0,0,btc,0.0,0.0,0.0,19
1,[],12,[],2019-03-16 10:16:32,193025.75268817,0.000019369999999999999197586308952168110408820211887359619140625,0.000000000778398946,6944830,2019-03-16 10:16:32,btc,0.7015563259414584,0.0,0.000019369999999999999197586308952168110408820211887359619140625,btc,442.84086563,0.0,0.0411488099999658,19
0,[],27,[],2019-03-16 10:16:34,0.0,0,0,6944831,2019-03-16 10:16:34,,0.0,0.0,0,btc,0.0,0.0,0.0,19
0,[],2,[],2019-01-20 23:24:19,0.0,0,0,6476924,2019-01-20 23:24:19,,0.0,0.0,0,,0.0,0.0,0.0,19
1,[],4,[],2019-03-16 10:16:35,2840277.5211836,0.00000013,0.000000000005224154,6944832,2019-03-16 10:16:35,btc,7.3822217746397,0.0,0.00000013,btc,2872436.96906976,0.00205489,0.0858319692131473,20
1,[],4,[],2019-03-16 10:16:35,98700613.2883036,0.00000002,0.000000000000803716,6944833,2019-03-16 10:16:35,btc,39417.131473092915,0.0,0.00000002,btc,53331911.20673696,0.00832349,1.1024173186667123,21
1,[],12,[],2019-03-16 10:16:37,1804012.0,0.00000001,0.000000000000401858,6944834,2019-03-16 10:16:37,btc,1247.532409328981,0.0,0.00000001,btc,2537857.94905095,0.0022750003596402,0.01804012,21
0,[],17,[],2019-03-16 10:16:48,0.0,0,0,6944835,2019-03-16 10:16:48,btc,0.0,0.0,0,btc,0.0,0.0,0.0,21
1,[],12,[],2019-03-16 10:16:49,2613328526.0,0.0000000001,0.00000000000000401858,6944836,2019-03-16 10:16:49,btc,1944710.4356153056,0.0,0.0000000001,btc,1712589712.8555334,0.03669333426373626,0.2613328526,23
0,[],27,[],2019-03-16 10:16:52,0.0,0,0,6944837,2019-03-16 10:16:52,,13.83979783885341,0.0,0,eth,6296692.91714486,0.0,0.0,23
1,[],4,[],2019-03-16 10:16:53,672243.49374674,0.00000045,0.00000000001808361,6944838,2019-03-16 10:16:53,btc,9.917694479422991,0.0,0.00000045,btc,1613324.76543301,0.0042666,0.1699119528546265,24
1,[],22,[],2019-03-16 10:16:59,11.76,0.00000100,0.0000000000401858,6944839,2019-03-16 10:16:59,BTC,7.415e-05,0.0,0.00000100,BTC,23.919354838709676,0.0,1.176e-05,24
0.0,[],25,[],2019-03-16 10:17:02,0.0,0,0,6944840,2019-03-16 10:17:02,,0.0,0.0,0.0,btc,0.0,0.0,0.0,24
1,[],4,[],2019-03-16 10:00:44,28198688.18073116,0.00000657,0.00000000026355160800000003,6944642,2019-03-16 10:00:44,btc,116.45789968761689,0.0,0.00000657,btc,247583.67982007,0.25150319,0.5559361443111744,26
1,[],10,[],2019-03-16 10:00:46,602624.84463415,0.00000543,0.000000000217821192,6944643,2019-03-16 10:00:46,btc,25.233562238715894,3672.9627087,0.00000543,btc,14324.4645187,0.0,0.1443916358988472,26
0,[],2,[],2019-01-20 23:25:56,0.0,0,0,6476976,2019-01-20 23:25:56,,0.0,0.0,0,,0.0,0.0,0.0,26
1,[],3,[],2019-03-16 10:17:03,10888539.54084747,0.00000001,0.000000000000401858,6944841,2019-03-16 10:17:03,btc,2.044836805256175,185.0,0.00000001,btc,15132917.60070865,0.0,0.1088853954084747,27
1,[],5,[],2019-03-16 10:17:04,0.0,0,0,6944842,2019-03-16 10:17:04,btc,0.0,0.00046888,0,btc,0.0,0.0,0.0,27
1,[],11,[],2019-03-16 10:17:05,8489638.24590115,0.00000006,0.000000000002411148,6944843,2019-03-16 10:17:05,btc,67506.1992155516,5956.66666667,0.00000006,btc,7966196.08369704,0.0,0.4689379049180229,27
1,[],4,[],2019-03-16 10:17:06,2186337928.1669593,0.00000002,0.000000000000803716,6944844,2019-03-16 10:17:06,btc,2.914781509266481,0.0,0.00000002,"btc,ltc",285173287.30075973,5.26489856,9.978043156243414,29
1,[],7,[],2019-03-16 10:17:07,35611182.13418711,0.00000001,0.000000000000401858,6944845,2019-03-16 10:17:07,btc,44461604.29196969,50000.0,0.00000001,btc,52389096.42803164,0.001,0.3561118213418711,29
1,[],4,[],2019-03-16 10:17:08,4129102.12571554,0.00000018,0.000000000007233444,6944846,2019-03-16 10:17:08,btc,2.677379207343191,0.0,0.00000018,btc,2160656.54014862,0.01647988,0.1146338301732276,30
0,[],17,[],2019-03-16 10:01:06,0.0,0,0,6944650,2019-03-16 10:01:06,btc,0.0,0.0,0,btc,0.0,0.0,0.0,30
1,[],4,[],2019-03-16 10:17:10,195719.83045015,0.00005564,0.000000002235937912,6944847,2019-03-16 10:17:10,btc,9.381113733972416,0.0,0.00005564,btc,116910.42847914,0.77125586,1.9143001946113742,31
1,[],21,[],2019-03-16 10:17:12,36188.52655785,0.00005491000000000000112569675803,0.000000002206602278,6944848,2019-03-16 10:17:12,btc,4.5203591514728005,74401.66558425,0.00005491000000000000112569675803086965970578603446483612060546875,btc,74448.67724359,4.25940733,1.7275425630952261,31
0,[],2,[],2019-01-20 23:28:43,0.0,0,0,6477009,2019-01-20 23:28:43,,0.0,0.0,0,,0.0,0.0,0.0,32
1,[],4,[],2019-03-16 10:17:14,412066122.975746,0.00000004,0.000000000001607432,6944849,2019-03-16 10:17:14,btc,8.665290451042058,0.0,0.00000004,"btc,ltc",174342483.22448912,0.6811639,9.284685656856439,33
1,[],12,[],2019-03-16 10:17:15,35159488.00000009,0.00000005,0.00000000000200929,6944850,2019-03-16 10:17:15,btc,4127543.80966338,0.0,0.00000005,btc,16438720.0,0.1019754061738225,0.9495567137700045,33
1,[],4,[],2019-03-16 10:17:16,91992409.73431107,0.00000001,0.000000000000401858,6944851,2019-03-16 10:17:16,btc,3.381478311505054,0.0,0.00000001,btc,103549487.78246406,0.03211554,0.9199240973431106,34
1,[],5,[],2019-03-16 10:17:18,0.0,0,0,6944852,2019-03-16 10:17:18,btc,0.0,9.666e-05,0,btc,0.0,0.0,0.0,34
0.00000000015245450000000001,[],4,[],2019-03-16 10:17:19,4286314071.1646705,1.524545e-18,6.126506046100001e-23,6944853,2019-03-16 10:17:19,ltc,4.9086353154385986e-08,0.0,0.00000001,ltc,6387515172.2990465,0.0,6.534678685623743e-09,36
1,[],5,[],2019-03-16 10:17:20,0.0,0,0,6944854,2019-03-16 10:17:20,btc,0.0,0.0,0,btc,0.0,0.0,0.0,36
0.0000000003543092,[],27,[],2019-03-16 10:17:24,998000.16325,3.543092e-18,1.423819864936e-22,6944855,2019-03-16 10:17:24,eth,223.68719070580784,0.0,0.00000001,"ltc,eth",12165396.31058689,0.0,1.5214964884097691e-12,36
0,[],17,[],2019-03-16 10:01:17,0.0,0,0,6944659,2019-03-16 10:01:17,btc,0.07464582820047702,0.0,0,btc,4105386.20243647,0.0,0.0,36
1,[],4,[],2019-03-16 10:17:25,219059.31305064,0.00000058,0.000000000023307764,6944856,2019-03-16 10:17:25,btc,19772.480755153807,0.0,0.00000058,btc,587315.74371629,0.00381036,0.0913824021723061,37
1,[],12,[],2019-03-16 10:17:26,365459.19524574,0.00000052,0.000000000020896615999999998,6944857,2019-03-16 10:17:26,btc,27.152354720985322,0.0,0.00000052,btc,462060.02378318,0.0588516495090557,0.10873939660377249,37
1,[],27,[],2019-03-16 10:17:29,14685.567,0.00000045,0.00000000001808361,6944858,2019-03-16 10:17:29,btc,24.25536383611233,0.0,0.00000045,btc,6518.38138508,0.0,0.00480032515,37
1,[],17,[],2019-03-16 10:01:23,1752.74075282,0.00000025,0.0000000000100286,6944663,2019-03-16 10:01:23,btc,0.05548492399175311,0.0,0.00000025,btc,1387.19918473,0.0,0.00043818518820499993,37
1,[],5,[],2019-03-16 10:17:31,0.0,0,0,6944859,2019-03-16 10:17:31,btc,0.0,0.10729675,0,btc,0.0,0.0,0.0,42
1,[],12,[],2019-03-16 10:17:32,255356.22801403,0.00000094,0.000000000037774652,6944860,2019-03-16 10:17:32,btc,5.619086330650342,0.0,0.00000094,btc,45048.47437179,1.07892108e-06,0.020790769999991198,42
0.0000000003543092,[],27,[],2019-03-16 10:17:35,2000.0,3.543092e-18,1.423819864936e-22,6944861,2019-03-16 10:17:35,eth,0.00315028,0.0,0.00000001,"btc,eth",11.007,0.0,7.0861839999999996e-15,42
1,[],5,[],2019-03-16 10:17:37,0.0,0,0,6944862,2019-03-16 10:17:37,btc,0.0,0.0,0,btc,0.0,0.0,0.0,43
0,[],17,[],2019-03-16 10:01:43,0.0,0,0,6944669,2019-03-16 10:01:43,btc,0.0,0.0,0,btc,0.0,0.0,0.0,43
1,[],12,[],2019-03-13 09:13:29,1112112.0,0.00000001,0.000000000000386531,6919902,2019-03-13 09:13:29,btc,29058.00478931866,0.0,0.00000001,btc,5967681.93306694,9.99000999e-07,0.01112112,43
1,[],12,[],2019-03-05 01:54:08,639326.02,0.00000004,0.000000000001486676,6845775,2019-03-05 01:54:08,btc,11116042.728239931,0.0,0.00000004,btc,1103841.4595604,0.0003330765234764,0.014975410599999999,44
1,[],4,[],2019-03-16 10:17:40,298036299.72404057,0.00000002,0.000000000000803716,6944863,2019-03-16 10:17:40,btc,740.594636118775,0.0,0.00000002,"btc,ltc",17011744.15353309,0.00469462,0.2811261167909635,49
0.00000000015245450000000001,[],4,[],2019-03-16 10:17:41,471802020.5413521,1.524545e-18,6.126506046100001e-23,6944864,2019-03-16 10:17:41,ltc,25.901654689099093,0.0,0.00000001,ltc,10156647815.767727,0.0,7.192834114062157e-10,52
0,[],22,[],2019-03-16 10:18:01,0.0,0,0,6944865,2019-03-16 10:18:01,,4428.59026215,0.0,0,,305937213.5359664,0.0,0.0,57
0.0000000003543092,[],27,[],2019-03-16 10:18:04,2000.0,3.543092e-18,1.423819864936e-22,6944866,2019-03-16 10:18:04,eth,0.0,0.0,0.00000001,"btc,eth",0.0,0.0,7.0861839999999996e-15,57
0.00000000015245450000000001,[],4,[],2019-03-16 10:18:05,530382046.992,3.04909e-18,1.2253012092200002e-22,6944867,2019-03-16 10:18:05,ltc,18.65761816785098,0.0,0.00000002,ltc,4685244458.842704,0.0,1.0402227459647417e-09,58
1,[],12,[],2019-03-16 10:18:06,1136877522.0,0.0000000003,0.00000000000001205574,6944868,2019-03-16 10:18:06,btc,4023056.4827735913,0.0,0.0000000003,btc,1552839588.082917,0.03895063901058941,0.2793873507,58
0.0000000001323588,[],22,[],2019-03-16 10:18:24,137438.0,1.3235880000000001e-18,5.31894426504e-23,6944869,2019-03-16 10:18:24,XMR,69.1795942,0.0,0.00000001,XMR,9887963.0,0.0,0.00137438,58
0,[],17,[],2019-03-16 10:01:59,0.0,0,0,6944676,2019-03-16 10:01:59,btc,1e+24,0.0,0,btc,49306342.21952568,0.0,0.0,58
1,[],5,[],2019-03-16 10:18:28,0.0,0,0,6944870,2019-03-16 10:18:28,btc,0.0,0.01126369,0,btc,0.0,0.0,0.0,61
1,[],22,[],2019-03-16 10:18:33,13757.0,0.00000012,0.000000000004822296,6944871,2019-03-16 10:18:33,BTC,1002.2960049,0.0,0.00000012,BTC,14976.68361146909,0.0,0.00154987,61
1,[],26,[],2019-03-16 10:18:33,0.0,0.00000800,0.0000000003214864,6944872,2019-03-16 10:18:33,btc,0.0,0.0,0.00000800,btc,0.0,0.0,0.0,61
1,[],27,[],2019-03-16 10:18:36,2138.56798,0.00000047,0.000000000018887326,6944873,2019-03-16 10:18:36,btc,2.8850305703141323,0.0,0.00000047,"btc,eth",19862.59257617,0.0,0.0001983399935801596,61
1,[],28,[],2019-03-16 10:18:37,13880.304,0.0000005,0.0000000000200929,6944874,2019-03-16 10:18:37,btc,2.056312978300105,764.0,0.0000005,btc,9730.59500005,0.0,0.00566391304,61
1,[],4,[],2019-03-16 10:18:38,1493971.8931948,0.00000219,0.000000000088006902,6944875,2019-03-16 10:18:38,btc,9.6860279914881,0.0,0.00000219,btc,825582.13787767,0.10627669,1.425874947402179,67
0.0,[],25,[],2019-03-16 10:18:40,0.0,0,0,6944876,2019-03-16 10:18:40,,0.0,0.0,0.0,btc,0.0,0.0,0.0,67
1,[],12,[],2019-03-16 10:18:41,1553493.84696867,0.00000013,0.0000000000052241539999999996,6944877,2019-03-16 10:18:41,btc,1111115.170318065,0.0,0.00000013,btc,945327.80979235,0.0072850434865165,0.09304644419181629,71
,[],5,[],2018-11-20 23:02:39,1.5e-07,0.00000005,0.000000000002128045,4862160,2018-11-20 23:02:39,btc,2.84511358,0.0,,btc,0.00036572,0.0,0.07381892,74
1,[],5,[],2019-03-16 10:18:42,0.0,0,0,6944878,2019-03-16 10:18:42,btc,0.0,0.0,0,btc,0.0,0.0,0.0,75
1,[],4,[],2019-03-16 10:18:43,13382103.94481309,0.00000001,0.000000000000401858,6944879,2019-03-16 10:18:43,btc,11370.019787479292,0.0,0.00000001,btc,39920990.88589334,0.00028514,0.1338210394481309,81
0,[],20,[],2019-01-25 09:30:31,0.0,0,0,6495923,2019-01-25 09:30:31,btc,0.0,0.0,0,btc,0.0,0.0,0.0,81
1,[],4,[],2019-03-16 10:18:45,23753.47337058,0.00007969,0.000000003202406402,6944880,2019-03-16 10:18:45,btc,18.13651558944178,0.0,0.00007969,btc,12426.67282226,0.00986491,0.0895280707963889,82
1,[],21,[],2019-03-16 10:18:46,922825.78197475,0.00007982000000000000487949958217,0.0000000032076305560000003,6944881,2019-03-16 10:18:46,btc,2.947621458724688,4284.31820318,0.00007982000000000000487949958216660206744563765823841094970703125,btc,32478.05147114,0.34373963,3.996772947220296,82
0,[],17,[],2019-03-16 10:02:54,0.0,0,0,6944690,2019-03-16 10:02:54,btc,0.0447233088476774,0.0,0,btc,999127.19588126,0.0,0.0,84
0.00000000015245450000000001,[],4,[],2019-03-16 10:18:59,170698605.1963211,4.573635e-18,1.83795181383e-22,6944882,2019-03-16 10:18:59,ltc,1.6762916332178426,0.0,0.00000003,ltc,390128293.9328109,0.0,3.8428887329209726e-10,85
,[],22,[],2018-11-20 23:09:34,3408.1,0.0000001,0.0000000000041895,4862324,2018-11-20 23:09:34,BTC,0.04624735,0.0,,BTC,4990.0,0.0,0.00033081,86
1,[],22,[],2019-03-16 10:19:21,111869.83333333333,0.00000006,0.000000000002411148,6944883,2019-03-16 10:19:21,BTC,2.07824106,0.0,0.00000006,BTC,165278.94736842104,0.0,0.00185219,87
1,[],27,[],2019-03-16 10:19:24,55.0,0.00000001,0.000000000000401858,6944884,2019-03-16 10:19:24,btc,5.087355898429583,0.0,0.00000001,btc,23359.90385968,0.0,5.5e-07,87
,[],2,[],2018-11-20 23:10:47,0.0,0,0,4862359,2018-11-20 23:10:47,,0.0,0.0,,,0.0,0.0,0.0,88
1,[],11,[],2019-03-16 10:19:26,92320.85077535,0.000145610000000000010256240301487196120433509349822998046875,0.0000000058514543380000005,6944885,2019-03-16 10:19:26,btc,612.7637246196474,15.0,0.000145610000000000010256240301487196120433509349822998046875,btc,105862.69935029,0.0,6.169989442410046,89
0,[],2,[],2019-01-20 23:31:45,0.0,0,0,6477083,2019-01-20 23:31:45,,0.0,0.0,0,,0.0,0.0,0.0,91
1,[],12,[],2019-03-16 10:19:28,348367.01473655,0.00000086,0.000000000034559788,6944886,2019-03-16 10:19:28,btc,58.426981970913616,0.0,0.00000086,btc,86616.51412152,0.0002038108905093,0.042429764599977896,91
1,[],22,[],2019-03-16 10:20:15,65900.0,0.00000001,0.000000000000401858,6944887,2019-03-16 10:20:15,BTC,3e-06,0.0,0.00000001,BTC,1.0,0.0,0.000659,91
0,[],17,[],2019-03-16 10:03:30,0.0,0,0,6944696,2019-03-16 10:03:30,btc,0.0,0.0,0,btc,0.0,0.0,0.0,91
0,[],22,[],2019-03-16 10:20:25,0.0,0,0,6944888,2019-03-16 10:20:25,,3.31498785,0.0,0,,37200566.889473684,0.0,0.0,95
0.00000000015245450000000001,[],4,[],2019-03-16 10:20:26,632713670.6979061,7.927634000000001e-17,3.1857831439720003e-21,6944889,2019-03-16 10:20:26,ltc,11.904788287907701,0.0,0.00000052,ltc,135936573.2712333,0.0,1.5985226829936154e-09,96
0,[],12,[],2019-03-16 10:20:27,0.0,0,0,6944890,2019-03-16 10:20:27,btc,10.675070566693307,0.0,0,btc,3189616.66933065,4.995005e-08,0.0,96
0,[],17,[],2019-03-16 10:20:28,0.0,0,0,6944891,2019-03-16 10:20:28,btc,0.0,0.0,0,btc,0.0,0.0,0.0,96
1,[],4,[],2019-03-16 10:20:29,3859340.76808913,0.00000044,0.000000000017681752,6944892,2019-03-16 10:20:29,btc,7.301635785076635,0.0,0.00000044,btc,2663710.86606509,0.22282655,0.7063660246844626,99
0,[],2,[],2019-01-20 23:23:55,0.0,0,0,6476914,2019-01-20 23:23:55,,0.0,0.0,0,,0.0,0.0,0.0,100
1,[],4,[],2019-03-16 10:20:30,302306.23653039,0.00003532,0.000000001419362456,6944893,2019-03-16 10:20:30,btc,12.279628673179495,0.0,0.00003532,btc,189439.03396961,2.03038651,2.08623366272807,100
1,[],22,[],2019-03-16 10:04:18,120000.0,0.00000002,0.0000000000008022880000000001,6944703,2019-03-16 10:04:18,BTC,24.82891609,0.0,0.00000002,BTC,11877.22,0.0,0.0014,101
1,[],4,[],2019-03-16 10:20:31,455079.08153076,0.00000082,0.000000000032952356,6944894,2019-03-16 10:20:31,btc,290.61519789093006,0.0,0.00000082,btc,516728.68432241,0.01997646,0.226607386314288,103
1,[],12,[],2019-03-16 10:20:34,33792795.0,0.000000007,0.0000000000002813006,6944895,2019-03-16 10:20:34,btc,3219027.5805467353,0.0,0.000000007,btc,71076942.79361635,0.00490142096803208,0.051530805,105
0,[],27,[],2019-03-16 10:20:37,0.0,0,0,6944896,2019-03-16 10:20:37,,36.61168845936601,0.0,0,btc,1500858.60039724,0.0,0.0,105
1,[],22,[],2019-03-16 10:20:49,9328.0,0.00000001,0.000000000000401858,6944897,2019-03-16 10:20:49,BTC,51.10837004,0.0,0.00000001,BTC,470435.0,0.0,9.328e-05,107
1,[],26,[],2019-03-16 10:20:49,0.0,0.00000000,0,6944898,2019-03-16 10:20:49,btc,0.0,0.0,0.00000000,btc,0.0,0.0,0.0,107
1,[],5,[],2019-03-16 10:20:52,0.0,0,0,6944899,2019-03-16 10:20:52,btc,0.0,1.049e-05,0,btc,0.0,0.0,0.0,112
1,[],22,[],2019-03-16 10:21:02,1966.0,0.00000001,0.000000000000401858,6944900,2019-03-16 10:21:02,BTC,2.7794366,0.0,0.00000001,BTC,826409.0833333334,0.0,1.966e-05,112
0.0000000003543092,[],27,[],2019-03-16 10:21:04,2000.0,3.543092e-18,1.423819864936e-22,6944901,2019-03-16 10:21:04,eth,1.24996908,0.0,0.00000001,"btc,eth",1289.0,0.0,7.0861839999999996e-15,112
1,[],4,[],2019-03-16 10:21:05,1320293.42641022,0.00000201,0.000000000080773458,6944902,2019-03-16 10:21:05,btc,5.903911523271157,0.0,0.00000201,btc,394341.77751222,0.20780344,1.0375013709410812,113
1,[],5,[],2019-03-16 10:21:07,0.0,0,0,6944903,2019-03-16 10:21:07,btc,0.0,0.00027126,0,btc,0.0,0.0,0.0,113
1,[],17,[],2019-03-16 09:23:08,152738.278,0.00000004,0.00000000000160308,6944525,2019-03-16 09:23:08,btc,1.3368030274943261,0.0,0.00000004,btc,51896.221,0.0,0.0022095311199999998,116
0,[],27,[],2019-03-16 10:21:20,0.0,0,0,6944904,2019-03-16 10:21:20,,0.0,0.0,0,btc,0.0,0.0,0.0,116
1,[],4,[],2019-03-16 10:21:21,72237.84431921,0.00003678,0.000000001478033724,6944905,2019-03-16 10:21:21,btc,97.9180749797874,0.0,0.00003678,btc,41704.66212614,0.57164195,1.3610285779774336,120
1,[],7,[],2019-03-16 10:21:23,21489.52506241,0.00002599999999999999839993443384589255629180115647614002227783203125,0.0000000010448307999999998,6944906,2019-03-16 10:21:23,btc,126637.41355607136,42.13423373,0.00002599999999999999839993443384589255629180115647614002227783203125,btc,33286.04515916,0.00136065,0.06640123326589291,120
1,[],20,[],2019-03-16 10:21:26,1580549.6031,0.000000034,0.0000000000013663172,6944907,2019-03-16 10:21:26,btc,32.3019317846648,37581.45,0.000000034,btc,1028084.0986,0.0012777693,0.0124228780336,125
1,[],22,[],2019-03-16 10:21:48,3053.0,0.00000001,0.000000000000401858,6944908,2019-03-16 10:21:48,BTC,0.01444887,0.0,0.00000001,BTC,296263.5111111111,0.0,3.053e-05,126
1,[],4,[],2019-03-16 10:21:49,128421.54012591,0.00001156,0.000000000464547848,6944909,2019-03-16 10:21:49,btc,3.3221585935592137,0.0,0.00001156,btc,131220.1034173,0.07395719,0.4252207319579703,131
0,[],17,[],2019-03-16 10:22:00,0.0,0,0,6944910,2019-03-16 10:22:00,btc,0.0009561751951600001,0.0,0,btc,35.42829368,0.0,0.0,131
0,[],2,[],2019-01-20 23:25:46,0.0,0,0,6476969,2019-01-20 23:25:46,,0.0,0.0,0,,0.0,0.0,0.0,131
1,[],4,[],2019-03-16 10:22:01,4617.49734686,0.00016751,0.000000006731523358,6944911,2019-03-16 10:22:01,btc,1.6418280330163728,0.0,0.00016751,btc,302.65462358,0.0,0.0184775624748647,135
1,[],3,[],2019-03-07 00:20:44,877702.73244099,0.00000004,0.00000000000154846,6863392,2019-03-07 00:20:44,btc,0.119366241821405,0.0,0.00000004,btc,760637.99421222,0.0,0.023771231960604298,136
1,[],4,[],2019-03-16 10:22:02,476008.6712722,0.00000128,0.000000000051437824,6944912,2019-03-16 10:22:02,btc,38.76754188268534,0.0,0.00000128,btc,579839.07410194,0.04049015,0.0344779607811912,137
1,[],12,[],2019-03-16 10:22:04,157836.2566975,0.00000101000000000000007076262319161141789436442195437848567962646484375,0.000000000040587658000000004,6944913,2019-03-16 10:22:04,btc,37.50206769760352,0.0,0.00000101000000000000007076262319161141789436442195437848567962646484375,btc,5870.7078212,0.0010416147511723,0.0100293899999985,137
1,[],4,[],2019-03-16 10:22:07,9104.39584791,0.00003704,0.000000001488482032,6944914,2019-03-16 10:22:07,btc,28.626954362627885,0.0,0.00003704,btc,48152.29156172,0.42178616,0.181903506514316,142
1,[],5,[],2019-03-16 10:22:08,0.0,0,0,6944915,2019-03-16 10:22:08,btc,0.0,0.10175383,0,btc,0.0,0.0,0.0,142
1,[],17,[],2019-03-16 10:22:20,22967.386363640002,0.00000088,0.000000000035363504,6944916,2019-03-16 10:22:20,btc,20.0699133484,0.0,0.00000088,btc,405.079105,0.0,0.0104613000000032,142
1,[],20,[],2019-03-16 10:22:22,153112.8258,0.00003333,0.000000001339392714,6944917,2019-03-16 10:22:22,btc,0.3359272671272,3.04,0.00003333,btc,2242.1971,9.13601e-05,0.3111873121427,142
1,[],22,[],2019-03-16 10:22:32,1470.2803921568627,0.00001020,0.00000000040989516,6944918,2019-03-16 10:22:32,BTC,3.0054103,0.0,0.00001020,BTC,910.5995,0.0,0.00121106,142
0.0,[],25,[],2019-03-16 10:22:33,0.0,0,0,6944919,2019-03-16 10:22:33,,0.0,0.0,0.0,btc,0.0,0.0,0.0,142
1,[],28,[],2019-03-16 10:22:35,76600.0,0.00002270,0.00000000091221766,6944920,2019-03-16 10:22:35,btc,0.067100461059305,657.0,0.00002270,btc,552.61077999,0.0,0.0154572,142
0,[],22,[],2019-03-16 10:22:43,0.0,0,0,6944921,2019-03-16 10:22:43,,65.83990167,0.0,0,,1043231670.8,0.0,0.0,143
0,[],22,[],2019-02-25 15:42:22,0.0,0,0,6783783,2019-02-25 15:42:22,,4.2131946,0.0,0,,2322156.0,0.0,0.0,146
,[],22,[],2018-11-20 23:01:11,0.0,0,0,4862114,2018-11-20 23:01:11,,2.56807021,0.0,,,61828.4988236,0.0,0.0,147
1,[],12,[],2019-03-16 10:22:44,391099.41776546,0.00000262999999999999980687215121732958067468644003383815288543701171875,0.000000000105688654,6944922,2019-03-16 10:22:44,btc,9.694342754903495,0.0,0.00000262999999999999980687215121732958067468644003383815288543701171875,btc,108529.34825701,0.0058135267636005,0.1725469599998937,148
1,[],4,[],2019-03-16 10:22:46,216106.89161387,0.00000027,0.000000000010850166,6944923,2019-03-16 10:22:46,btc,218.95071601357486,0.0,0.00000027,btc,805282.68165608,0.00095861,0.0493595099147639,152
0,[],22,[],2019-03-16 10:22:57,0.0,0,0,6944924,2019-03-16 10:22:57,,0.0,0.0,0,,0.0,0.0,0.0,152
1,[],5,[],2019-03-16 10:22:58,0.0,0,0,6944925,2019-03-16 10:22:58,btc,0.0,0.0,0,btc,0.0,0.0,0.0,153
,[],16,[],2019-01-11 15:38:59,0.0,0,0,6366141,2019-01-11 15:38:59,btc,0.0,0.0,,btc,0.0,0.0,0.0,155
0,[],23,[],2019-01-20 23:24:29,0.0,0,0,6476932,2019-01-20 23:24:29,,0.0,0.0,0,,0.0,0.0,0.0,156
0,[],22,[],2019-03-16 10:23:25,0.0,0,0,6944926,2019-03-16 10:23:25,,6.7463775,0.0,0,,4673391.242592593,0.0,0.0,156
1,[],22,[],2019-03-16 10:23:43,7073.8,0.00005300,0.0000000021298474,6944927,2019-03-16 10:23:43,BTC,1.79802465,0.0,0.00005300,BTC,802.6461988741639,0.0,0.00104336,157
0,[],22,[],2019-03-16 10:23:53,0.0,0,0,6944928,2019-03-16 10:23:53,,50175.67608608,0.0,0,,54079135.04179466,0.0,0.0,158
,[],17,[],2018-11-20 22:56:10,0.0,0,0,4861976,2018-11-20 22:56:10,btc,1.1265625,0.0,,btc,1000.0,0.0,0.0,159
,[],20,[],2018-11-20 22:56:12,0.0,0,0,4861977,2018-11-20 22:56:12,btc,11912.7940471,0.0,,btc,34413894.3617,0.0,0.0,159
1,[],12,[],2019-03-16 10:23:55,420319.09627677,0.00000726999999999999985101327426573192269643186591565608978271484375,0.000000000292150766,6944929,2019-03-16 10:23:55,btc,12.664952541012925,0.0,0.00000726999999999999985101327426573192269643186591565608978271484375,btc,7605.11434993,0.0004843359,0.138188836499892,168
1,[],17,[],2019-03-16 10:24:07,29784.95,0.000001,0.0000000000401858,6944930,2019-03-16 10:24:07,btc,0.03026736251542,0.0,0.000001,btc,144.46171372,0.0,0.00716147,168
0,[],22,[],2019-03-16 10:24:14,0.0,0,0,6944931,2019-03-16 10:24:14,,1.13198782,0.0,0,,516897.17470714403,0.0,0.0,169
1,[],22,[],2019-03-16 10:24:26,197057.25,0.00000008,0.000000000003214864,6944932,2019-03-16 10:24:26,BTC,14.35279143,0.0,0.00000008,BTC,169427.3751826074,0.0,0.00202772,171
1,[],22,[],2019-03-16 10:24:38,624022.0,0.00000006,0.000000000002411148,6944933,2019-03-16 10:24:38,BTC,1.93157551,0.0,0.00000006,"BTC,LTC",355613.1010410457,0.00019346,0.02043522,173
1,[],5,[],2019-03-16 10:24:42,0.0,0,0,6944934,2019-03-16 10:24:42,btc,0.0,0.02506462,0,btc,0.0,0.0,0.0,175
1,[],22,[],2019-03-16 10:24:58,37100.0,0.00000013,0.000000000005224154,6944935,2019-03-16 10:24:58,BTC,0.54394905,0.0,0.00000013,BTC,137726.41665725366,2.45e-05,0.002272,176
1,[],7,[],2019-03-16 10:25:01,0.0,0,0,6944936,2019-03-16 10:25:01,btc,410194.49874406756,2012.98701298,0,btc,114899370.2616051,2.013e-05,0.0,178
0,[],22,[],2019-03-16 10:25:21,0.0,0,0,6944937,2019-03-16 10:25:21,,1.00242438,0.0,0,,57522.0,0.0,0.0,178
0,[],2,[],2019-01-20 23:28:34,0.0,0,0,6477001,2019-01-20 23:28:34,,0.0,0.0,0,,0.0,0.0,0.0,178
0,[],23,[],2019-01-20 23:25:08,0.0,0,0,6476952,2019-01-20 23:25:08,,0.0,0.0,0,,0.0,0.0,0.0,179
1,[],5,[],2019-03-16 10:08:24,0.0,0,0,6944745,2019-03-16 10:08:24,btc,0.0,0.12934764,0,btc,0.0,0.0,0.0,179
1,[],22,[],2019-03-16 10:08:47,6867106.0,0.00000002,0.0000000000008022880000000001,6944746,2019-03-16 10:08:47,BTC,5.63082152,0.0,0.00000002,"BTC,LTC",17356276.489868753,0.0,0.37228284,179
1,[],17,[],2019-03-16 10:25:22,10504.725,0.0000001,0.00000000000401858,6944938,2019-03-16 10:25:22,btc,5.201069583844814,0.0,0.0000001,btc,5033.45945,0.0,0.0010504725,180
1,[],22,[],2019-03-16 10:26:49,664792.453090909,0.00000125,0.00000000005023225,6944939,2019-03-16 10:26:49,BTC,0.24390065,0.0,0.00000125,"BTC,LTC",78325.56103087122,0.00046423,0.56975016,180
1,[],26,[],2019-03-16 10:26:49,0.0,0.00000125,0.00000000005023225,6944940,2019-03-16 10:26:49,btc,0.0,50.0,0.00000125,btc,0.0,0.0,0.0,180
,[],7,[],2018-11-20 22:58:01,562227.975654,0.00000085,0.000000000036176765,4862015,2018-11-20 22:58:01,btc,21836.6059674,2491.87645172,,btc,749999.041456,0.00211021,0.127565380455,183
,[],5,[],2019-01-10 08:11:41,0.0,0,0,6347036,2019-01-10 08:11:41,btc,82.15055501,0.00261,,btc,1.19002445,0.0,0.0,187
,[],17,[],2018-11-16 20:58:10,4062536.27273,0.00000001,0.000000000000550501,4708775,2018-11-16 20:58:10,btc,3.36492563466,0.195460381006,,"btc,eth",110697919.549,0.0,0.0157628953496,187
1,[],24,[],2019-03-16 10:26:50,0.0,0.000000000001,4.01858e-17,6944941,2019-03-16 10:26:50,btc,0.0,0.0,0.000000000001,btc,0.0,0.0,0.0,187
0,[],22,[],2019-03-16 10:26:55,0.0,0,0,6944942,2019-03-16 10:26:55,,7.54797454,0.0,0,,79361.7243344055,0.0,0.0,191
0,[],22,[],2019-03-16 10:27:09,0.0,0,0,6944943,2019-03-16 10:27:09,,0.0,0.0,0,,0.0,0.0,0.0,197
0,[],23,[],2019-01-20 23:31:41,0.0,0,0,6477079,2019-01-20 23:31:41,,0.0,0.0,0,,0.0,0.0,0.0,199
0,[],22,[],2019-03-16 10:27:15,0.0,0,0,6944944,2019-03-16 10:27:15,,5.21637178,0.0,0,,22590043.5,0.0,0.0,199
1,[],26,[],2019-03-16 10:27:16,0.0,0.00000000,0,6944945,2019-03-16 10:27:16,btc,0.0,129946.0,0.00000000,btc,0.0,0.0,0.0,199
0,[],17,[],2019-01-30 16:32:01,0.0,0,0,6540827,2019-01-30 16:32:01,btc,6.802544163788159,0.0,0,btc,105897.55575295,0.0,0.0,200
0,[],2,[],2019-01-20 23:30:49,0.0,0,0,6477059,2019-01-20 23:30:49,,0.0,0.0,0,,0.0,0.0,0.0,201
1,[],4,[],2019-01-25 15:51:35,2084389.58565343,0.00000936,0.000000000333526752,6499557,2019-01-25 15:51:35,btc,2.0092503037378524,0.0,0.00000936,btc,160195.80207885,0.19272417,1.242687955921835,211
1,[],7,[],2019-03-16 10:27:20,5448298.84250374,0.0000011500000000000000008998878031629686802261858247220516204833984375,0.00000000004621367,6944946,2019-03-16 10:27:20,btc,15476652.965314139,4584988.74857,0.0000011500000000000000008998878031629686802261858247220516204833984375,btc,11694416.71210828,0.0,2.93430868238468,212
1,[],12,[],2019-01-25 02:44:32,207462.42853209,0.000001080000000000000035831255497387193287295303889550268650054931640625,0.000000000038610756000000006,6493050,2019-01-25 02:44:32,btc,85023.03793723314,0.0,0.000001080000000000000035831255497387193287295303889550268650054931640625,btc,43675.73520027,0.000146250909087,0.0348620860622024,213
1,[],5,[],2019-03-16 10:27:22,0.0,0,0,6944947,2019-03-16 10:27:22,btc,0.0,0.30159239,0,btc,0.0,0.0,0.0,213
1,[],24,[],2019-03-16 10:27:22,0.0,0.000000220000,0.000000000008840876,6944948,2019-03-16 10:27:22,btc,0.0,0.0,0.000000220000,btc,0.0,0.0,0.0,213
1,[],26,[],2019-03-16 10:27:22,0.0,0.00000010,0.00000000000401858,6944949,2019-03-16 10:27:22,btc,0.0,0.0,0.00000010,btc,0.0,0.0,0.0,213
1,[],22,[],2019-03-16 10:27:33,25000.0,0.00000001,0.000000000000401858,6944950,2019-03-16 10:27:33,BTC,2.2910283,0.0,0.00000001,BTC,748106.3963726171,0.0,0.00025,216
1,[],27,[],2019-03-16 10:27:35,1233122.0,0.00000003,0.000000000001205574,6944951,2019-03-16 10:27:35,btc,316.9775071147724,0.0,0.00000003,"btc,ltc",239299.924324,0.0,0.03375764000007623,216
1,[],22,[],2019-03-16 10:27:44,142840.11184210525,0.00000153,0.000000000061484274,6944952,2019-03-16 10:27:44,BTC,12543.64178261,0.0,0.00000153,BTC,444360.54924264137,0.01957738,0.13863678,217
1,[],7,[],2019-03-16 10:27:48,0.0,0,0,6944953,2019-03-16 10:27:48,btc,77971.81410323446,0.0,0,btc,135962412.7426053,0.0,0.0,219
0,[],27,[],2019-03-16 10:27:49,0.0,0,0,6944954,2019-03-16 10:27:49,,0.0404796,0.0,0,btc,2057905.0,0.0,0.0,219
0.0000000000000051,[],28,[],2019-03-16 10:27:51,170722989.525,2.55e-18,1.0247379e-22,6944955,2019-03-16 10:27:51,doge,109997.3467206176,2096516.0,0.00050000,"btc,doge",6913930.40281,0.0,1.702075359052437e-11,219
1,[],22,[],2019-03-16 10:27:57,405511.0,0.00000008,0.000000000003214864,6944956,2019-03-16 10:27:57,BTC,18.10613233,0.0,0.00000008,BTC,101344.54541875875,0.0,0.01929233,221
1,[],24,[],2019-03-16 10:27:57,0.0,0.000000200000,0.00000000000803716,6944957,2019-03-16 10:27:57,btc,0.0,0.0,0.000000200000,btc,0.0,0.0,0.0,221
1,[],20,[],2019-03-16 10:27:59,45307792.7453,0.000000003,0.0000000000001205574,6944958,2019-03-16 10:27:59,btc,49.3964233256225,705263.8875,0.000000003,btc,14621069.0194,0.005565757,0.0532065366853,224
0,[],22,[],2019-03-16 10:28:06,0.0,0,0,6944959,2019-03-16 10:28:06,,0.0,0.0,0,,0.0,0.0,0.0,224
1,[],26,[],2019-03-16 10:28:06,0.0,0.00000022,0.000000000008840876,6944960,2019-03-16 10:28:06,btc,0.0,0.0,0.00000022,btc,0.0,0.0,0.0,231
1,[],26,[],2019-03-16 10:28:07,0.0,0.00000005,0.00000000000200929,6944961,2019-03-16 10:28:07,btc,0.0,0.0,0.00000005,btc,0.0,0.0,0.0,234
0.0000000003543092,[],27,[],2019-03-16 10:28:09,2000.0,3.543092e-18,1.423819864936e-22,6944962,2019-03-16 10:28:09,eth,0.01134836604,0.0,0.00000001,"btc,eth",11462.996,0.0,7.0861839999999996e-15,234
1,[],4,[],2019-03-16 10:28:11,1649565.20034438,0.00000089,0.000000000035765362,6944963,2019-03-16 10:28:11,btc,4.362011582185369,0.0,0.00000089,btc,1192196.22472082,0.07356519,0.3087833669946433,236
1,[],24,[],2019-03-16 10:28:11,0.0,0.000000500000,0.0000000000200929,6944964,2019-03-16 10:28:11,btc,0.0,0.0,0.000000500000,btc,0.0,0.0,0.0,236
1,[],20,[],2019-03-16 10:28:13,218884938.9588,0.000000048,0.0000000000019289184,6944965,2019-03-16 10:28:13,btc,10.6511546193146,29518044.4437,0.000000048,btc,32187500.0485,1.4906796476214,0.4266715698409,237
0.00000000015245450000000001,[],22,[],2019-03-16 10:28:18,751594.9,2.5917265000000003e-17,1.0415060278370001e-21,6944966,2019-03-16 10:28:18,LTC,1.2021423,0.0,0.00000017,LTC,14198.0,0.0,0.12541949,237
1,[],4,[],2019-03-16 10:28:19,11212025.30185912,0.00000039,0.000000000015672462,6944967,2019-03-16 10:28:19,btc,7.671080724882006,0.0,0.00000039,btc,9834602.71655183,1.97345857,3.0956423365138597,238
1,[],5,[],2019-03-16 10:28:21,0.0,0,0,6944968,2019-03-16 10:28:21,btc,0.0,0.07352896,0,btc,0.0,0.0,0.0,238
0,[],22,[],2019-03-12 16:49:32,0.0,0,0,6914458,2019-03-12 16:49:32,,0.40415746,0.0,0,,526736.5639027493,0.0,0.0,249
0.00000000015245450000000001,[],22,[],2019-03-16 10:28:26,48086691.666666664,4.573635e-18,1.83795181383e-22,6944969,2019-03-16 10:28:26,LTC,0.95711324,0.0,0.00000003,LTC,18565111.353636365,0.0,1.04160377,252
1,[],28,[],2019-03-16 10:28:28,1788361.998,0.00000067,0.000000000026924486,6944970,2019-03-16 10:28:28,btc,164780.46633142885,178658.0,0.00000067,btc,524818.671,0.0,0.5072442514,256
1,[],22,[],2019-03-16 10:29:46,1335324.6666666667,0.00000003,0.000000000001205574,6944971,2019-03-16 10:29:46,BTC,31.82439945,0.0,0.00000003,BTC,711192.6123923111,0.0,0.01899266,258
1,[],22,[],2019-03-13 00:07:30,47146.0,0.00000001,0.000000000000387233,6917028,2019-03-13 00:07:30,BTC,2.415167,0.0,0.00000001,BTC,157.0,0.0,0.00047146,259
1,[],5,[],2019-03-16 10:29:49,0.0,0,0,6944972,2019-03-16 10:29:49,btc,0.0,0.20246934,0,btc,0.0,0.0,0.0,264
1,[],20,[],2019-03-16 10:29:51,1248230.7015,0.0000019,0.00000000007635302,6944973,2019-03-16 10:29:51,btc,7.1765641716566,37398.4094,0.0000019,btc,96237.1452,0.104235085604,0.029270104555,264
0,[],22,[],2019-03-16 10:30:07,0.0,0,0,6944974,2019-03-16 10:30:07,,8.75669439,0.0,0,,483745.2241309945,0.0,0.0,271
0,[],22,[],2019-03-16 10:30:20,0.0,0,0,6944975,2019-03-16 10:30:20,,111821.87121834,0.0,0,,14098217297.692,0.0,0.0,272
0.0000000000000051,[],28,[],2019-03-16 10:30:22,179950115030.401,3.621e-21,1.455127818e-25,6944976,2019-03-16 10:30:22,doge,147650713.03986126,6826116106.0,0.00000071,doge,245067004084.4024,0.0,4.2254396883685484e-10,272
1,[],22,[],2019-03-16 10:30:29,141657.78,0.0000006,0.00000000002411148,6944977,2019-03-16 10:30:29,BTC,380.63006223,0.0,0.0000006,"BTC,LTC",78711.72280311219,3.240000041162715e-05,0.04487913,281
1,[],22,[],2019-03-16 10:30:36,376104.0,0.00000012,0.000000000004822296,6944978,2019-03-16 10:30:36,BTC,1.27689686,0.0,0.00000012,BTC,235138.09418271252,0.0121795,0.02026047,286
0,[],22,[],2019-03-16 10:14:00,0.0,0,0,6944788,2019-03-16 10:14:00,,1044639.27757649,0.0,0,,747492492.0,0.0,0.0,294
