pairValue,buyBook,exchangeId,sellBook,updated,buyTotal,satoshiPrice,usdPrice,exchangeLogId,created,bestPair,sellTotalBtc,volume,pairPrice,activePairs,sellTotal,volumeBtc,buyTotalBtc,coinId
0,[],2,[],2019-01-20 23:28:45,0.0,0,0,6477011,2019-01-20 23:28:45,,0.0,0.0,0,,0.0,0.0,0.0,1
1,[],3,[],2019-05-11 18:57:45,32400.015987613446,0.01078239999999999927660088161474050139077007770538330078125,0.00000074614315824,7616726,2019-05-11 18:57:45,btc,3.263148975454707,104.447478095,0.01078239999999999927660088161474050139077007770538330078125,btc,22.75174054696,0.0,0.4940999146208912,1
1,[],4,[],2019-05-11 18:57:45,251104.40021964,0.01053059,0.000000728717881059,7616727,2019-05-11 18:57:45,btc,9.309179687186479,0.0,0.01053059,btc,389.09565165,3.87635681,0.3789920137665606,1
1,[],5,[],2019-05-11 18:57:49,0.0,0,0,7616728,2019-05-11 18:57:49,btc,0.0,0.19056751,0,btc,0.0,0.0,0.0,1
1,[],10,[],2019-05-11 18:57:52,253852.28255749,0.00906222,0.000000627106530222,7616729,2019-05-11 18:57:52,btc,6525.313395912905,1974.75138493,0.00906222,btc,1473.70379384,0.0,3.577493550819046,1
1,[],12,[],2019-05-11 18:57:55,89.77598762,0.01094999999999999966415753505089014652185142040252685546875,0.0000007577410950000001,7616730,2019-05-11 18:57:55,btc,0.1613623646239,0.0,0.01094999999999999966415753505089014652185142040252685546875,btc,11.03439899,0.6113973195262,0.488995060006,1
1,[],20,[],2019-05-11 18:57:57,975.3963,0.010700233,0.0000007404571936233001,7616731,2019-05-11 18:57:57,btc,0.0782679933567,0.2615,0.010700233,btc,5.1613,0.0029653685064,0.1756267794489,1
1,[],21,[],2019-05-11 18:57:58,2154.51943094,0.01111766999999999963599783825,0.000000769343875767,7616732,2019-05-11 18:57:58,btc,16.711831083745736,7433.5897084299995,0.0111176699999999996359978382542976760305464267730712890625,"btc,eth",1928.67996713,75.62825010258045,15.327174648832953,1
0,[],22,[],2019-05-11 18:58:01,0.0,0,0,7616733,2019-05-11 18:58:01,,0.3163308,0.0,0,,0.2527518593615956,0.0,0.0,1
1,[],24,[],2019-05-11 18:58:02,0.0,0.000000000000,0,7616734,2019-05-11 18:58:02,btc,0.0,0.0,0.000000000000,btc,0.0,0.0,0.0,1
0.0,[],25,[],2019-05-11 18:58:02,0.0,0,0,7616735,2019-05-11 18:58:02,btc,25.399999998847697,4196.6275263,0.0,btc,2233.00768418,45.5361,0.0,1
1,[],26,[],2019-05-11 18:58:04,0.0,0,0,7616736,2019-05-11 18:58:04,,0.0,0.0,0,,0.0,0.0,0.0,1
1,[],28,[],2019-05-11 18:58:06,987.9,0.01131000,0.0000007826531310000001,7616737,2019-05-11 18:58:06,btc,0.161275621,356906.35,0.01131000,btc,8.7605,0.0,0.024551096,1
1,[],5,[],2019-05-11 18:58:07,0.0,0,0,7616738,2019-05-11 18:58:07,btc,0.0,0.000136,0,btc,0.0,0.0,0.0,2
1,[],22,[],2019-05-11 18:58:12,9148.0,0.00000001,0.0000000000006920010000000001,7616739,2019-05-11 18:58:12,BTC,21.00846647,0.0,0.00000001,"BTC,XMR",24148.96059725142,0.0,0.00095635,2
1,[],5,[],2019-05-11 18:58:13,0.0,0,0,7616740,2019-05-11 18:58:13,btc,0.0,0.09773871,0,btc,0.0,0.0,0.0,3
1,[],12,[],2019-05-11 18:58:14,3311650.23779643,0.000000145,0.000000000010034014499999999,7616741,2019-05-11 18:58:14,btc,2714597.2642871304,0.0,0.000000145,btc,3306956.78738391,0.30556487971590746,0.35952905849723593,3
0,[],28,[],2019-05-11 18:58:16,0.0,0,0,7616742,2019-05-11 18:58:16,,0.0,0.0,0,,0.0,0.0,0.0,3
0,[],2,[],2019-01-20 23:31:32,0.0,0,0,6477077,2019-01-20 23:31:32,,0.0,0.0,0,,0.0,0.0,0.0,4
1,[],4,[],2019-04-26 19:14:12,610911.70993152,0.00000026,0.000000000013566046,7471614,2019-04-26 19:14:12,btc,31.457742656463164,0.0,0.00000026,btc,718733.71307795,0.00142695,0.0638464483338706,4
0,[],12,[],2019-04-25 23:08:22,0.0,0,0,7459310,2019-04-25 23:08:22,btc,1111851.94727753,0.0,0,btc,953412.0,0.0,0.0,5
0,[],2,[],2019-01-20 23:31:51,0.0,0,0,6477087,2019-01-20 23:31:51,,0.0,0.0,0,,0.0,0.0,0.0,6
1,[],11,[],2019-05-11 18:58:17,5042415.307535999,0.00000001,0.0000000000006920010000000001,7616743,2019-05-11 18:58:17,btc,9576.518892469494,953882.934,0.00000001,btc,47477888.75253575,0.0,0.05042415307536,6
1,[],3,[],2019-05-11 18:58:18,11175.25197458774,0.0001397600000000000035858815916611774810007773339748382568359375,0.000000009671405976000001,7616744,2019-05-11 18:58:18,btc,14.36045449499694,72.2557011207,0.0001397600000000000035858815916611774810007773339748382568359375,btc,346.225549964109,0.0,0.03932660516585372,7
1,[],4,[],2019-05-11 18:58:19,53775.03298238,0.00013183,0.000000009122649183,7616745,2019-05-11 18:58:19,btc,7.972919903620643,0.0,0.00013183,btc,35662.91362345,4.22720099,3.4313727342347224,7
1,[],5,[],2019-05-11 18:58:20,0.0,0,0,7616746,2019-05-11 18:58:20,btc,0.0,0.60175093,0,btc,0.0,0.0,0.0,7
1,[],20,[],2019-04-07 22:06:50,3201475.0482,0.000000001,0.000000000000051590000000000004,7213932,2019-04-07 22:06:50,btc,30.8005781811902,0.0,0.000000001,btc,23077405.3926,0.0,0.0032014750482,8
0,[],2,[],2019-01-20 23:22:42,0.0,0,0,6476876,2019-01-20 23:22:42,,0.0,0.0,0,,0.0,0.0,0.0,9
0,[],23,[],2019-01-20 23:22:48,0.0,0,0,6476878,2019-01-20 23:22:48,,0.0,0.0,0,,0.0,0.0,0.0,9
1,[],1,[],2019-02-17 23:31:42,1822507.21,0.00000181000000000000003456111265232042484285557293333113193511962890625,0.000000000066086901,6701244,2019-02-17 23:31:42,btc,3.6990969245,17153386.5,0.00000181000000000000003456111265232042484285557293333113193511962890625,btc,1997391.71,31.11772986,3.2610482446,9
1,[],4,[],2019-05-11 18:58:22,22287668.27193062,0.00000065,0.000000000044980065,7616747,2019-05-11 18:58:22,btc,4.396720748797965,0.0,0.00000065,btc,3407661.13208352,1.16811862,0.8907966325689243,9
1,[],28,[],2019-05-11 18:58:24,18055.0,0.00000021,0.000000000014532021,7616748,2019-05-11 18:58:24,btc,2708.775233808764,3459888.0,0.00000021,btc,25766.3492,0.0,0.00186155,9
1,[],4,[],2019-02-17 11:22:43,4341674.27126056,0.00000002,0.0000000000007272960000000001,6696112,2019-02-17 11:22:43,btc,0.1997230937751353,0.0,0.00000002,btc,4109766.79808031,0.00215132,0.0479381022052112,10
0,[],2,[],2019-01-20 23:23:08,0.0,0,0,6476890,2019-01-20 23:23:08,,0.0,0.0,0,,0.0,0.0,0.0,12
1,[],4,[],2019-05-11 18:58:25,9963088.37046087,0.00000080,0.000000000055360080000000004,7616749,2019-05-11 18:58:25,btc,6.473399316019119,0.0,0.00000080,btc,4642032.35666606,0.85459399,4.233235096299308,12
1,[],5,[],2019-05-11 18:58:26,0.0,0,0,7616750,2019-05-11 18:58:26,btc,0.0,0.07715829,0,btc,0.0,0.0,0.0,12
0.0,[],25,[],2019-05-11 18:58:27,0.0,0,0,7616751,2019-05-11 18:58:27,,0.0,0.0,0.0,btc,0.0,0.0,0.0,12
1,[],10,[],2019-05-11 18:01:57,695225.83334161,0.00000606,0.00000000042031857,7616599,2019-05-11 18:01:57,btc,666793.6277264485,23119.3766441,0.00000606,btc,735850.75965581,0.0,0.4543806432110729,13
1,[],4,[],2019-05-11 18:58:28,32184232.61085351,0.00000607,0.000000000420044607,7616752,2019-05-11 18:58:28,btc,2.3231118444880794,0.0,0.00000607,btc,282022.38808258,1.42055293,1.1041211373912443,13
1,[],21,[],2019-05-11 18:58:33,2986828.0550616803,0.000006090000000000000137344562806,0.00000000042142860900000003,7616753,2019-05-11 18:58:33,btc,2.8557802550542406,1588445.52798476,0.0000060900000000000001373445628061187306911961059086024761199951171875,btc,410927.83504174,9.65700675,16.137574789234698,13
0,[],17,[],2019-05-03 00:53:32,0.0,0,0,7558876,2019-05-03 00:53:32,btc,0.0,0.0,0,btc,0.0,0.0,0.0,14
1,[],4,[],2019-05-11 18:58:34,1009151.14932037,0.00000084,0.000000000058128084,7616754,2019-05-11 18:58:34,btc,8.155639219784916,0.0,0.00000084,btc,1265361.18319107,0.0203706,0.1685926710191829,14
1,[],12,[],2019-05-11 18:58:35,249060.78353623,0.00000085,0.000000000058820085,7616755,2019-05-11 18:58:35,btc,0.11875279043362,0.0,0.00000085,btc,14931.03903504,0.0,0.0243930199999739,14
1,[],26,[],2019-05-11 19:00:35,0.0,0.00000050,0.000000000034600050000000005,7616756,2019-05-11 19:00:35,btc,0.0,0.0,0.00000050,btc,0.0,0.0,0.0,14
,[],12,[],2018-12-01 15:15:48,204241.84496,0.00000489,0.000000000202473384,5260204,2018-12-01 15:15:48,btc,49.5475654835,0.0,,btc,35763.2193806,0.0163153972027625,0.0203389899998,15
0,[],4,[],2019-05-11 19:00:36,0.0,0,0,7616757,2019-05-11 19:00:36,,0.0,0.0,0,,0.0,0.0,0.0,15
0,[],2,[],2019-01-20 23:23:38,0.0,0,0,6476906,2019-01-20 23:23:38,,0.0,0.0,0,,0.0,0.0,0.0,18
0,[],17,[],2019-05-03 00:53:39,0.0,0,0,7558882,2019-05-03 00:53:39,btc,0.0,0.0,0,btc,0.0,0.0,0.0,18
1,[],4,[],2019-05-11 19:00:37,32303.56656314,0.00001248,0.000000000863617248,7616758,2019-05-11 19:00:37,btc,1.099684643920783,0.0,0.00001248,btc,13485.85076871,0.10023771,0.0624374163376643,18
1,[],10,[],2019-05-11 19:00:39,334105.80514765,0.00001498,0.000000001036617498,7616759,2019-05-11 19:00:39,btc,15.409051604542404,2987.07350952,0.00001498,btc,9963.70135075,0.0,0.5009176251749989,18
1,[],12,[],2019-05-11 19:00:41,221539.91597267,0.000012520000000000000407534249402541348672457388602197170257568359375,0.0000000008663852520000001,7616760,2019-05-11 19:00:41,btc,33215.32724960672,0.0,0.000012520000000000000407534249402541348672457388602197170257568359375,btc,1730.17668884,0.0073501834331493,0.0174638407341622,18
0,[],2,[],2019-01-20 23:24:19,0.0,0,0,6476924,2019-01-20 23:24:19,,0.0,0.0,0,,0.0,0.0,0.0,19
1,[],3,[],2019-05-11 19:02:41,158726.2324310408,0.0000128900000000000002531481968492954592875321395695209503173828125,0.000000000891989289,7616761,2019-05-11 19:02:41,btc,0.25632860622794273,877.526669329,0.0000128900000000000002531481968492954592875321395695209503173828125,btc,7252.566877867577,0.0,0.051705138714605796,19
1,[],4,[],2019-05-11 19:02:42,408841.6329233,0.00001311,0.000000000907213311,7616762,2019-05-11 19:02:42,btc,3.443290217225734,0.0,0.00001311,btc,114004.18258066,0.20227727,0.6562828250978527,19
1,[],5,[],2019-05-11 19:02:43,0.0,0,0,7616763,2019-05-11 19:02:43,btc,0.0,0.00067168,0,btc,0.0,0.0,0.0,19
1,[],12,[],2019-05-11 19:02:44,207297.28521473,0.000012239999999999999700226772925137908032411360181868076324462890625,0.0000000008470092240000001,7616764,2019-05-11 19:02:44,btc,0.3022129664811116,0.0,0.000012239999999999999700226772925137908032411360181868076324462890625,btc,3015.57901296,0.00022504,0.0820090899997376,19
1,[],27,[],2019-05-11 19:02:55,100.0,0.0000001,0.0000000000069200100000000005,7616765,2019-05-11 19:02:55,btc,0.0,0.0,0.0000001,btc,0.0,0.0,1e-05,19
1,[],4,[],2019-05-11 19:02:55,1835078.57391266,0.00000009,0.000000000006228009,7616766,2019-05-11 19:02:55,btc,5.279309685630553,0.0,0.00000009,btc,2279170.28595418,0.0,0.0608465352282092,20
1,[],12,[],2019-05-11 19:02:58,5195602.0,0.00000001,0.0000000000006920010000000001,7616768,2019-05-11 19:02:58,btc,2895.661719010819,0.0,0.00000001,btc,7235925.79820176,0.00017748,0.05195602,21
0,[],17,[],2019-05-03 00:53:51,0.0,0,0,7558891,2019-05-03 00:53:51,btc,0.0,0.0,0,btc,0.0,0.0,0.0,21
1,[],4,[],2019-05-11 19:02:57,73319152.80551691,0.00000001,0.0000000000006920010000000001,7616767,2019-05-11 19:02:57,btc,1831.8827586720074,0.0,0.00000001,btc,55179405.04778949,0.0126375,0.7331915280551692,21
1,[],12,[],2019-05-11 18:08:24,7783151889.808,0.0000000005,0.000000000000034679750000000004,7616616,2019-05-11 18:08:24,btc,311121819890.006,0.0,0.0000000005,btc,2622093357.7047,0.3144106633616384,1.831816148404,23
0.0000000002841058,[],27,[],2019-05-11 18:08:34,42085518.78,5.682116000000001e-18,3.9410872470200005e-22,7616617,2019-05-11 18:08:34,eth,184.182150814612,470014661.762,0.00000002,eth,10685651.7124,4.00601674393613e-09,2.004083380301385e-10,23
1,[],4,[],2019-05-11 18:08:35,751380.66612085,0.00000030,0.00000000002080785,7616618,2019-05-11 18:08:35,btc,13.896343169786025,0.0,0.00000030,btc,2070972.21595494,0.04053307,0.0450773518271006,24
1,[],22,[],2019-05-11 18:08:38,21.76,0.00000100,0.0000000000693595,7616619,2019-05-11 18:08:38,BTC,7.415e-05,0.0,0.00000100,BTC,23.919354838709676,0.0,1.186e-05,24
0.0,[],25,[],2019-05-11 18:08:40,0.0,0,0,7616620,2019-05-11 18:08:40,,0.0,0.0,0.0,btc,0.0,0.0,0.0,24
1,[],4,[],2019-05-11 18:08:41,26985045.19008523,0.00000426,0.00000000029547147,7616621,2019-05-11 18:08:41,btc,11.262396677643801,0.0,0.00000426,btc,330822.46356411,0.06866631,0.481801739893128,26
1,[],10,[],2019-05-11 18:08:43,158404.11491409,0.00000802,0.0000000005562631899999999,7616622,2019-05-11 18:08:43,btc,25.841942440523354,3504.10265239,0.00000802,btc,19652.82190304,0.0,0.0645060089522553,26
0,[],2,[],2019-01-20 23:25:56,0.0,0,0,6476976,2019-01-20 23:25:56,,0.0,0.0,0,,0.0,0.0,0.0,26
1,[],11,[],2019-04-30 04:16:17,7094566.83690364,0.00000006,0.000000000003115554,7518027,2019-04-30 04:16:17,btc,67504.138725751,6116.07566417,0.00000006,btc,6591680.7351637,0.0,0.38529422037817224,27
1,[],5,[],2019-04-26 09:47:06,0.0,0,0,7465326,2019-04-26 09:47:06,btc,0.0,0.0,0,btc,0.0,0.0,0.0,27
1,[],3,[],2019-04-28 02:38:55,141621.60361514,0.00000001,0.0000000000005253330000000001,7491060,2019-04-28 02:38:55,btc,2.501704004580372,921815.184511,0.00000001,btc,21091882.2176418,0.0,0.0014162160361513999,27
1,[],4,[],2019-05-11 18:08:44,1458613235.001796,0.00000001,0.000000000000693595,7616623,2019-05-11 18:08:44,btc,5.178793614537185,0.0,0.00000001,"btc,ltc",312328349.4416938,0.05822752,9.496271437424184,29
1,[],7,[],2019-05-11 18:08:45,113385941.7229273,0.00000001,0.000000000000693595,7616624,2019-05-11 18:08:45,btc,46550610.71440491,0.0,0.00000001,btc,41562910.21540755,0.0,1.133859417229273,29
1,[],4,[],2019-05-11 18:08:47,1567401.16000815,0.00000011,0.000000000007629545,7616625,2019-05-11 18:08:47,btc,2.4937101775715074,0.0,0.00000011,btc,2043224.24528351,0.0,0.0383575571522799,30
0,[],17,[],2019-05-03 01:11:25,0.0,0,0,7559066,2019-05-03 01:11:25,btc,0.0,0.0,0,btc,0.0,0.0,0.0,30
1,[],4,[],2019-05-11 18:10:48,178394.62824819,0.00005361,0.000000003718362795,7616626,2019-05-11 18:10:48,btc,6.184367301755893,0.0,0.00005361,btc,60022.82668267,0.92440892,1.0939732027307885,31
1,[],21,[],2019-05-11 18:10:49,56853.88132254,0.00005365000000000000302501079741,0.000000003721137175,7616627,2019-05-11 18:10:49,btc,7.980468863830555,291551.023668,0.00005365000000000000302501079740835621123551391065120697021484375,btc,140038.24437636,16.04149462,2.836592703115753,31
0,[],2,[],2019-01-20 23:28:43,0.0,0,0,6477009,2019-01-20 23:28:43,,0.0,0.0,0,,0.0,0.0,0.0,32
0,[],4,[],2019-05-11 18:10:50,0.0,0,0,7616628,2019-05-11 18:10:50,,0.0,0.0,0,,0.0,0.0,0.0,33
1,[],12,[],2019-03-30 07:55:10,40641173.964,0.00000003,0.000000000001228359,7108785,2019-03-30 07:55:10,btc,4233210.82356125,0.0,0.00000003,btc,28378394.68333462,0.0126927883965248,0.90752895892,33
0,[],4,[],2019-05-11 18:10:51,0.0,0,0,7616629,2019-05-11 18:10:51,,3.510872352555789,0.0,0,,146159298.8287807,0.0151784,0.0,34
1,[],5,[],2019-05-11 18:10:53,0.0,0,0,7616630,2019-05-11 18:10:53,btc,0.0,0.00420245,0,btc,0.0,0.0,0.0,34
0.000000000133684,[],4,[],2019-05-02 18:17:45,3384239970.6360936,1.3368400000000002e-18,7.293946092400001e-23,7556428,2019-05-02 18:17:45,ltc,5.381102735485169e-08,0.0,0.00000001,ltc,6862894551.7408495,0.0,4.524187362345155e-09,36
1,[],5,[],2019-05-02 18:17:46,0.0,0,0,7556429,2019-05-02 18:17:46,btc,0.0,0.0,0,btc,0.0,0.0,0.0,36
0.0000000002926451,[],17,[],2019-05-02 18:17:47,200000.0,2.9264510000000002e-18,1.596703856561e-22,7556430,2019-05-02 18:17:47,eth,0.20942468735267253,0.0,0.00000001,"btc,eth",1018272.20243647,0.0,5.852902e-13,36
0.000000000133684,[],27,[],2019-05-02 18:17:55,7883196.008,1.3368400000000002e-18,7.293946092400001e-23,7556431,2019-05-02 18:17:55,ltc,25567.4086131264,0.0,0.00000001,"ltc,eth",21753551.64,0.0,1.0538571751334722e-11,36
1,[],4,[],2019-05-11 18:10:54,268322.54881372,0.00000022,0.00000000001525909,7616631,2019-05-11 18:10:54,btc,19772.871173810363,0.0,0.00000022,btc,951086.45433275,0.01466836,0.0205785819466327,37
1,[],12,[],2019-05-11 18:10:55,1265849.33233332,0.00000022,0.000000000015259090000000002,7616632,2019-05-11 18:10:55,btc,19604.337403707792,0.0,0.00000022,btc,404208.08824172,0.0417556379454431,0.12488346977999719,37
1,[],27,[],2019-05-11 18:13:06,1600.0,0.00000015,0.000000000010403925,7616633,2019-05-11 18:13:06,btc,24.12824334291843,0.0,0.00000015,btc,5839.49448498,0.0,3e-05,37
1,[],17,[],2019-05-03 01:11:36,211752.74075282,0.00000025,0.000000000013700074999999998,7559074,2019-05-03 01:11:36,btc,0.055484923955058496,0.0,0.00000025,"btc,eth",1387.19918473,0.0,0.0005381851887916605,37
1,[],5,[],2019-05-11 18:13:08,0.0,0,0,7616634,2019-05-11 18:13:08,btc,0.0,0.06415437,0,btc,0.0,0.0,0.0,42
1,[],12,[],2019-05-11 18:13:10,361316.82196159,0.0000035200000000000001795265325288397662006900645792484283447265625,0.00000000024414544000000003,7616635,2019-05-11 18:13:10,btc,2227607.6613477315,0.0,0.0000035200000000000001795265325288397662006900645792484283447265625,btc,76898.03506956,0.4296144933405983,0.0922240394169036,42
1,[],27,[],2019-05-11 18:13:21,506.0,0.00000002,0.00000000000138719,7616636,2019-05-11 18:13:21,btc,1.22636089793465,0.0,0.00000002,"btc,eth",1336.4475157,0.0,3.0000004419549825e-06,42
1,[],12,[],2019-03-13 09:13:29,1112112.0,0.00000001,0.000000000000386531,6919902,2019-03-13 09:13:29,btc,29058.00478931866,0.0,0.00000001,btc,5967681.93306694,9.99000999e-07,0.01112112,43
1,[],5,[],2019-04-26 22:38:52,0.0,0,0,7474154,2019-04-26 22:38:52,btc,0.0,0.02638891,0,btc,0.0,0.0,0.0,43
0,[],17,[],2019-04-26 22:38:53,0.0,0,0,7474155,2019-04-26 22:38:53,btc,0.0,0.0,0,btc,0.0,0.0,0.0,43
1,[],12,[],2019-03-05 01:54:08,639326.02,0.00000004,0.000000000001486676,6845775,2019-03-05 01:54:08,btc,11116042.728239931,0.0,0.00000004,btc,1103841.4595604,0.0003330765234764,0.014975410599999999,44
1,[],4,[],2019-05-11 18:13:21,130105357.71668,0.00000001,0.000000000000693595,7616637,2019-05-11 18:13:21,btc,436.82523412014524,0.0,0.00000001,"btc,ltc",23049031.09584506,0.00119067,0.2725683068383098,49
1,[],4,[],2019-05-11 18:13:23,73752103.98609921,0.00000001,0.000000000000693595,7616638,2019-05-11 18:13:23,btc,21662.47959681555,0.0,0.00000001,"btc,ltc",107050663.49721777,0.06962594,0.007031848468550443,52
0,[],22,[],2019-05-11 18:13:25,0.0,0,0,7616639,2019-05-11 18:13:25,,10289.64343849,0.0,0,,311140042.4566013,0.0,0.0,57
0,[],27,[],2019-05-11 18:13:32,0.0,0,0,7616640,2019-05-11 18:13:32,,0.0,0.0,0,"btc,eth",0.0,0.0,0.0,57
0.0000000001311498,[],4,[],2019-05-11 18:13:33,1049369965.9406304,1.3114980000000001e-18,9.0964845531e-23,7616641,2019-05-11 18:13:33,ltc,19.11026375997551,0.0,0.00000001,ltc,6047914786.257433,0.0,1.376246611591205e-09,58
1,[],12,[],2019-05-11 18:13:35,1505230259.0,0.0000000001,0.00000000000000693595,7616642,2019-05-11 18:13:35,btc,120179314.44588387,0.0,0.0000000001,btc,4517406661.214794,0.00840244012607213,0.1505230259,58
0.0000000001098966,[],22,[],2019-05-11 18:15:39,137323.0,1.0989660000000001e-18,7.6223732277e-23,7616643,2019-05-11 18:15:39,XMR,69.17947824,0.0,0.00000001,XMR,9887848.044444444,0.0,0.00137323,58
1,[],17,[],2019-05-03 01:12:09,1200000.0,0.0000000001,0.00000000000000548003,7559085,2019-05-03 01:12:09,btc,1e+24,0.0,0.0000000001,"btc,eth",39516342.31952568,0.0,0.00010000000058666061,58
1,[],5,[],2019-05-11 18:15:40,0.0,0,0,7616644,2019-05-11 18:15:40,btc,0.0,0.06520687,0,btc,0.0,0.0,0.0,61
1,[],22,[],2019-05-11 18:15:43,13613.833333333334,0.00000012,0.00000000000832314,7616645,2019-05-11 18:15:43,BTC,1002.29626883,0.0,0.00000012,BTC,15392.180177125656,0.0,0.00153269,61
1,[],26,[],2019-05-11 18:15:44,0.0,0.00000050,0.00000000003467975,7616646,2019-05-11 18:15:44,btc,0.0,0.0,0.00000050,btc,0.0,0.0,0.0,61
0.0000000002841058,[],27,[],2019-05-11 18:15:54,100000.0,2.8410580000000003e-18,1.9705436235100002e-22,7616647,2019-05-11 18:15:54,eth,1.9482732497246655,0.0,0.00000001,"btc,eth",13266.51663696,0.0,2.8410580000000004e-13,61
1,[],28,[],2019-05-11 18:15:56,1039.304,0.00000008,0.00000000000554876,7616648,2019-05-11 18:15:56,btc,2.056501795415105,802.0,0.00000008,btc,10022.46650005,0.0,2.439304e-05,61
1,[],4,[],2019-05-11 18:15:57,1195891.95334609,0.00000101,0.000000000070053095,7616649,2019-05-11 18:15:57,btc,2.147826563760719,0.0,0.00000101,btc,711901.51755365,0.10874411,0.7742186273013484,67
0.0,[],25,[],2019-05-11 18:15:58,0.0,0,0,7616650,2019-05-11 18:15:58,,0.0,0.0,0.0,btc,0.0,0.0,0.0,67
1,[],12,[],2019-05-11 18:15:59,1438805.0,0.0000001,0.00000000000693595,7616651,2019-05-11 18:15:59,btc,55556353.36003282,0.0,0.0000001,btc,1529084.72529908,0.0005949293606395,0.02188827,71
,[],5,[],2018-11-20 23:02:39,1.5e-07,0.00000005,0.000000000002128045,4862160,2018-11-20 23:02:39,btc,2.84511358,0.0,,btc,0.00036572,0.0,0.07381892,74
1,[],5,[],2019-05-11 18:16:00,0.0,0,0,7616652,2019-05-11 18:16:00,btc,0.0,0.01184176,0,btc,0.0,0.0,0.0,75
1,[],4,[],2019-05-11 18:16:01,54842.515,0.00000001,0.000000000000693595,7616653,2019-05-11 18:16:01,btc,133650.79580718852,0.0,0.00000001,btc,34141864.07446142,0.0002,0.00054842515,81
0,[],20,[],2019-01-25 09:30:31,0.0,0,0,6495923,2019-01-25 09:30:31,btc,0.0,0.0,0,btc,0.0,0.0,0.0,81
1,[],4,[],2019-05-11 18:16:03,28217.17021011,0.00006796,0.00000000471367162,7616654,2019-05-11 18:16:03,btc,19.23408952171726,0.0,0.00006796,btc,35163.81817534,0.40132679,0.3521881802259619,82
1,[],21,[],2019-05-11 18:16:04,3246222.97175285,0.00006430999999999999921802135150,0.000000004460509445,7616655,2019-05-11 18:16:04,btc,2.881091891241959,11968.86592277,0.000064309999999999999218021351499174897980992682278156280517578125,btc,37452.89253534,0.7819431,1.3438548443978968,82
0,[],17,[],2019-03-25 22:42:34,0.0,0,0,7038780,2019-03-25 22:42:34,btc,0.0445064681804024,0.0,0,btc,995513.18476001,0.0,0.0,84
0.00000000013644,[],4,[],2019-05-01 19:17:39,299701867.376,1.3644e-18,7.259508504e-23,7542161,2019-05-01 19:17:39,ltc,1.6769037726995486,0.0,0.00000001,ltc,427823536.87452894,0.00010978,4.089132278478144e-10,85
,[],22,[],2018-11-20 23:09:34,3408.1,0.0000001,0.0000000000041895,4862324,2018-11-20 23:09:34,BTC,0.04624735,0.0,,BTC,4990.0,0.0,0.00033081,86
1,[],22,[],2019-05-11 18:16:08,89999.0,0.00000001,0.000000000000693595,7616656,2019-05-11 18:16:08,BTC,3.66445213,0.0,0.00000001,BTC,336978.29736842104,0.0,0.00089999,87
1,[],27,[],2019-05-11 18:16:17,10674.0,0.00000001,0.000000000000693595,7616657,2019-05-11 18:16:17,btc,4.960708560736,0.0,0.00000001,btc,10217.62841,0.0,0.00010674,87
,[],2,[],2018-11-20 23:10:47,0.0,0,0,4862359,2018-11-20 23:10:47,,0.0,0.0,,,0.0,0.0,0.0,88
1,[],11,[],2019-05-11 18:16:18,78223.59648778,0.00013699999999999999612983192509574337236699648201465606689453125,0.0000000095022515,7616658,2019-05-11 18:16:18,btc,176.81426541662555,4832.19129458,0.00013699999999999999612983192509574337236699648201465606689453125,btc,190794.46862082,0.0,4.460714349853744,89
0,[],2,[],2019-01-20 23:31:45,0.0,0,0,6477083,2019-01-20 23:31:45,,0.0,0.0,0,,0.0,0.0,0.0,91
1,[],12,[],2019-05-11 18:16:19,416214.28397848003,0.00000038,0.00000000002635661,7616659,2019-05-11 18:16:19,btc,89.86348094577134,0.0,0.00000038,btc,198530.5882901,0.0174711010281401,0.0343027071999955,91
1,[],22,[],2019-05-11 18:18:23,76014.0,0.0000008,0.0000000000554876,7616660,2019-05-11 18:18:23,BTC,0.1,0.0,0.0000008,"BTC,LTC",1.0,0.0,0.0017135,91
0,[],17,[],2019-05-03 01:12:26,0.0,0,0,7559096,2019-05-03 01:12:26,btc,0.0,0.0,0,btc,0.0,0.0,0.0,91
1,[],22,[],2019-04-09 20:17:52,374949.73333333334,0.00000015,0.000000000007771935,7235704,2019-04-09 20:17:52,BTC,6.87372503,0.0,0.00000015,"BTC,LTC",159980.01196797504,1.1e-05,0.80510266,95
0.0000000001311498,[],4,[],2019-05-11 18:18:24,548394875.176088,7.868988e-17,5.4578907318600004e-21,7616661,2019-05-11 18:18:24,ltc,11.307781145866954,0.0,0.0000006,ltc,135900806.85749248,0.0,1.4753357111471243e-09,96
0,[],12,[],2019-05-11 18:18:25,0.0,0,0,7616662,2019-05-11 18:18:25,btc,25054.270768496473,0.0,0,btc,7546730.46658341,2.3576423576e-06,0.0,96
0,[],17,[],2019-05-03 01:12:32,0.0,0,0,7559100,2019-05-03 01:12:32,btc,0.0,0.0,0,btc,0.0,0.0,0.0,96
1,[],4,[],2019-04-14 03:32:46,1039404.33283278,0.00000038,0.000000000019245518,7293458,2019-04-14 03:32:46,btc,4.170086055365747,0.0,0.00000038,btc,3097704.34561074,0.06260606,0.1859928211030784,99
0,[],2,[],2019-01-20 23:23:55,0.0,0,0,6476914,2019-01-20 23:23:55,,0.0,0.0,0,,0.0,0.0,0.0,100
1,[],4,[],2019-05-11 18:20:26,434932.16379288,0.00003356,0.00000000232770482,7616663,2019-05-11 18:20:26,btc,7.0379293246207215,0.0,0.00003356,btc,121426.97979093,0.54579727,0.5454772303894867,100
1,[],22,[],2019-05-11 18:20:30,130000.0,0.00000001,0.000000000000693595,7616664,2019-05-11 18:20:30,BTC,24.83526409,0.0,0.00000001,BTC,11187.719,0.0,0.0013,101
1,[],4,[],2019-05-11 18:20:31,644507.86591817,0.00000602,0.00000000041754419,7616665,2019-05-11 18:20:31,btc,254.36228671452395,0.0,0.00000602,btc,361876.84650712,1.57290529,0.955779239435191,103
1,[],12,[],2019-05-11 18:20:33,103174770.76392001,0.000000005,0.0000000000003467975,7616666,2019-05-11 18:20:33,btc,468525272.5448123,0.0,0.000000005,btc,109772910.05520934,0.10245657981291494,0.2519970319677601,105
0,[],27,[],2019-05-11 18:20:45,0.0,0,0,7616667,2019-05-11 18:20:45,,0.0584885651331397,0.0,0,btc,600596.63747933,0.0,0.0,105
1,[],22,[],2019-04-21 00:17:26,21333.0,0.00000001,0.000000000000532493,7385819,2019-04-21 00:17:26,BTC,51.38182867,0.0,0.00000001,BTC,470435.0,0.0,0.00021333,107
1,[],26,[],2019-04-21 00:17:26,0.0,0.00000000,0,7385820,2019-04-21 00:17:26,btc,0.0,0.0,0.00000000,btc,0.0,0.0,0.0,107
1,[],5,[],2019-05-11 18:20:46,0.0,0,0,7616668,2019-05-11 18:20:46,btc,0.0,0.00144267,0,btc,0.0,0.0,0.0,112
1,[],22,[],2019-05-11 18:20:50,79003.0,0.00000001,0.000000000000693595,7616669,2019-05-11 18:20:50,BTC,2.78774668,0.0,0.00000001,BTC,1151913.0833333333,0.00229029,0.00079003,112
1,[],27,[],2019-05-11 18:21:03,1.0,0.00000001,0.000000000000693595,7616670,2019-05-11 18:21:03,btc,1.25032588,0.0,0.00000001,"btc,eth",1819.0,0.0,1e-08,112
1,[],4,[],2019-05-11 18:21:04,373502.27772618,0.00000151,0.000000000104732845,7616671,2019-05-11 18:21:04,btc,4.843920829920374,0.0,0.00000151,btc,523528.19718115,0.00954524,0.2088966715834401,113
1,[],5,[],2019-05-11 18:21:06,0.0,0,0,7616672,2019-05-11 18:21:06,btc,0.0,0.00712242,0,btc,0.0,0.0,0.0,113
1,[],17,[],2019-04-26 02:17:47,162738.278,0.00000004,0.0000000000021069000000000002,7461287,2019-04-26 02:17:47,btc,1.3331140273775473,0.0,0.00000004,btc,51796.221,0.0,0.00230953112,116
0,[],27,[],2019-04-26 02:19:51,0.0,0,0,7461288,2019-04-26 02:19:51,,0.0,0.0,0,,0.0,0.0,0.0,116
1,[],4,[],2019-05-07 20:09:28,131822.85721655,0.00001022,0.00000000060230548,7572994,2019-05-07 20:09:28,btc,132.18460413545117,0.0,0.00001022,btc,268070.13193351,0.06918336,1.0489745103085106,120
1,[],7,[],2019-05-07 20:09:30,9501.79941055,0.000011699999999999999788190263583231853772304020822048187255859375,0.0000000006895277999999999,7572995,2019-05-07 20:09:30,btc,231185.88817567716,62.23644451,0.000011699999999999999788190263583231853772304020822048187255859375,btc,4076.97424313,0.00072692,0.018013380795019,120
1,[],20,[],2019-04-07 18:42:29,1914137.0852,0.000000035,0.0000000000017871910000000002,7211992,2019-04-07 18:42:29,btc,32.2497668025648,25528.85,0.000000035,btc,1001975.4986,0.00089350975,0.0152723574729,125
1,[],22,[],2019-05-11 18:21:10,10000.0,0.00000001,0.000000000000693595,7616673,2019-05-11 18:21:10,BTC,0.032061,0.0,0.00000001,BTC,299316.7611111111,0.0,0.0001,126
1,[],4,[],2019-05-11 18:21:10,1852121.59807553,0.00000681,0.000000000472338195,7616674,2019-05-11 18:21:10,btc,3.3625806294155898,0.0,0.00000681,btc,168684.53184702,0.12956651,0.3224422607921749,131
0,[],2,[],2019-01-20 23:25:46,0.0,0,0,6476969,2019-01-20 23:25:46,,0.0,0.0,0,,0.0,0.0,0.0,131
1,[],17,[],2019-05-03 01:13:10,10000.0,0.00000001,0.000000000000548003,7559115,2019-05-03 01:13:10,btc,0.0953976503951408,0.0,0.00000001,btc,5037.62507334,0.0,0.0001,131
1,[],4,[],2019-05-11 18:23:13,4713.05762826,0.00010321,0.000000007158593995,7616675,2019-05-11 18:23:13,btc,6.011839234540249,0.0,0.00010321,btc,195.61424306,0.0005214,0.007401737953218,135
1,[],3,[],2019-05-11 18:23:14,72005.0,0.00000001,0.000000000000693595,7616676,2019-05-11 18:23:14,btc,0.2047767670486088,728604.5,0.00000001,btc,1776719.68412391,0.0,0.00072005,136
1,[],4,[],2019-05-11 18:23:15,2391473.53286726,0.00000188,0.00000000013039586,7616677,2019-05-11 18:23:15,btc,318.07264425229846,0.0,0.00000188,btc,517812.82556646,0.22953753,0.5769479158315727,137
1,[],12,[],2019-05-11 18:23:16,328742.70322822,0.0000019499999999999999646983772638719756287173368036746978759765625,0.000000000135251025,7616678,2019-05-11 18:23:16,btc,48531.24221495284,0.0,0.0000019499999999999999646983772638719756287173368036746978759765625,btc,41733.39122142,0.0013431882217779,0.0315496557271231,137
1,[],4,[],2019-05-11 18:23:17,57051.52850415,0.00002907,0.000000002016280665,7616679,2019-05-11 18:23:17,btc,5.263046883651509,0.0,0.00002907,btc,75498.16113184,0.36013483,0.2423509235215021,142
1,[],5,[],2019-05-11 18:23:19,0.0,0,0,7616680,2019-05-11 18:23:19,btc,0.0,0.14317352,0,btc,0.0,0.0,0.0,142
1,[],20,[],2019-05-11 18:25:21,162670.8677,0.00002857,0.000000001981600915,7616681,2019-05-11 18:25:21,btc,1.7238083117113,362.3535,0.00002857,btc,8546.1706,0.011777018421,0.046411157217,142
1,[],22,[],2019-05-11 18:25:25,1370.0,0.00000200,0.000000000138719,7616682,2019-05-11 18:25:25,BTC,3.2756588,0.0,0.00000200,BTC,1135.5948275773155,0.0,0.0003632,142
0.0,[],25,[],2019-05-11 18:25:26,0.0,0,0,7616683,2019-05-11 18:25:26,,0.0,0.0,0.0,btc,0.0,0.0,0.0,142
1,[],28,[],2019-05-11 18:25:28,79102.0,0.00003311,0.000000002296493045,7616684,2019-05-11 18:25:28,btc,0.0555251924,247805.6893,0.00003311,btc,438.37303,0.0,0.07347342,142
1,[],17,[],2019-05-03 01:13:16,32967.38636364,0.00000088,0.000000000048224264,7559122,2019-05-03 01:13:16,btc,20.06976206696776,0.0,0.00000088,btc,2746.079105,0.0,0.0105613000000032,142
0,[],22,[],2019-05-11 18:25:33,0.0,0,0,7616685,2019-05-11 18:25:33,,64.16505383,0.0,0,,688775795.8,0.0,0.0,143
0,[],22,[],2019-02-25 15:42:22,0.0,0,0,6783783,2019-02-25 15:42:22,,4.2131946,0.0,0,,2322156.0,0.0,0.0,146
,[],22,[],2018-11-20 23:01:11,0.0,0,0,4862114,2018-11-20 23:01:11,,2.56807021,0.0,,,61828.4988236,0.0,0.0,147
1,[],12,[],2019-04-21 06:38:04,193091.5971266,0.00000071,0.000000000037635183,7388679,2019-04-21 06:38:04,btc,2.301232411611175,0.0,0.00000071,btc,9957.48302385,0.00023528,0.0313308199999888,148
1,[],4,[],2019-03-19 21:31:25,255810.0415942,0.00000029,0.000000000011615747,6982695,2019-03-19 21:31:25,btc,218.94922712414143,0.0,0.00000029,btc,793529.37642722,0.00117,0.0608347789473395,152
0,[],22,[],2019-03-19 21:31:27,0.0,0,0,6982696,2019-03-19 21:31:27,,0.0,0.0,0,,0.0,0.0,0.0,152
1,[],5,[],2019-04-26 09:36:59,0.0,0,0,7465040,2019-04-26 09:36:59,btc,0.0,0.0,0,btc,0.0,0.0,0.0,153
,[],16,[],2019-01-11 15:38:59,0.0,0,0,6366141,2019-01-11 15:38:59,btc,0.0,0.0,,btc,0.0,0.0,0.0,155
0,[],22,[],2019-05-11 16:24:45,0.0,0,0,7616280,2019-05-11 16:24:45,,6.80191271,0.0,0,,4673448.342592592,0.0,0.0,156
0,[],23,[],2019-01-20 23:24:29,0.0,0,0,6476932,2019-01-20 23:24:29,,0.0,0.0,0,,0.0,0.0,0.0,156
1,[],22,[],2019-05-11 18:25:36,7066.0,0.00000800,0.000000000554876,7616686,2019-05-11 18:25:36,BTC,1.79802465,0.0,0.00000800,BTC,802.6461988741639,0.0,0.00062996,157
0,[],22,[],2019-05-07 22:25:46,0.0,0,0,7574238,2019-05-07 22:25:46,,50234.60468402,0.0,0,,54786159.03179465,0.0,0.0,158
,[],17,[],2018-11-20 22:56:10,0.0,0,0,4861976,2018-11-20 22:56:10,btc,1.1265625,0.0,,btc,1000.0,0.0,0.0,159
,[],20,[],2018-11-20 22:56:12,0.0,0,0,4861977,2018-11-20 22:56:12,btc,11912.7940471,0.0,,btc,34413894.3617,0.0,0.0,159
1,[],12,[],2019-05-11 18:25:37,266396.47667246,0.0000039899999999999999147361727513949603007858968339860439300537109375,0.000000000276744405,7616687,2019-05-11 18:25:37,btc,23.175154243862288,0.0,0.0000039899999999999999147361727513949603007858968339860439300537109375,btc,12626.91716398,3.591e-07,0.0510639542998845,168
1,[],17,[],2019-05-03 01:13:36,42852.0,0.00000002,0.000000000001096006,7559132,2019-05-03 01:13:36,btc,0.04279856251542,0.0,0.00000002,btc,274.46171372,0.0,0.00052852,168
1,[],22,[],2019-05-07 03:57:18,743122.0,0.00000001,0.000000000000593596,7562020,2019-05-07 03:57:18,BTC,41.40912107,0.0,0.00000001,BTC,1593401.2737547632,0.00342649,0.00743122,169
1,[],22,[],2019-05-11 18:27:40,255790.0,0.00000003,0.000000000002080785,7616688,2019-05-11 18:27:40,BTC,27.85797373,0.0,0.00000003,BTC,428427.75197766203,0.00178018,0.0037957,171
1,[],22,[],2019-05-11 18:27:44,275028.2,0.00000014,0.00000000000971033,7616689,2019-05-11 18:27:44,BTC,823.68437891,0.0,0.00000014,"BTC,LTC",699826.1983490599,0.00261676,0.01565882,173
1,[],5,[],2019-05-06 19:49:32,0.0,0,0,7559281,2019-05-06 19:49:32,btc,0.0,0.00023336,0,btc,0.0,0.0,0.0,175
1,[],22,[],2019-05-11 18:27:47,90671.0,0.00000001,0.000000000000693595,7616690,2019-05-11 18:27:47,BTC,394.35459412,0.0,0.00000001,BTC,136275.61833431243,0.0,0.00090671,176
1,[],7,[],2019-05-11 18:27:48,0.0,0,0,7616691,2019-05-11 18:27:48,btc,520274.2870788149,0.0,0,btc,27457332.23673972,0.0,0.0,178
0,[],22,[],2019-05-11 18:27:50,0.0,0,0,7616692,2019-05-11 18:27:50,,1.00242428,0.0,0,,57512.0,0.0,0.0,178
0,[],2,[],2019-01-20 23:28:34,0.0,0,0,6477001,2019-01-20 23:28:34,,0.0,0.0,0,,0.0,0.0,0.0,178
0,[],23,[],2019-01-20 23:25:08,0.0,0,0,6476952,2019-01-20 23:25:08,,0.0,0.0,0,,0.0,0.0,0.0,179
1,[],5,[],2019-05-11 18:27:52,0.0,0,0,7616693,2019-05-11 18:27:52,btc,0.0,0.00995543,0,btc,0.0,0.0,0.0,179
1,[],22,[],2019-05-11 18:27:55,3007516.0,0.00000001,0.000000000000693595,7616694,2019-05-11 18:27:55,BTC,5.33672257,0.0,0.00000001,BTC,14228815.411946677,0.0,0.03007516,179
1,[],22,[],2019-05-11 18:29:59,656741.6291435591,0.00000180,0.0000000001248471,7616695,2019-05-11 18:29:59,BTC,39.27208706,0.0,0.00000180,"BTC,LTC",46970.73404470899,0.00373976,0.57771033,180
1,[],26,[],2019-05-11 18:29:59,0.0,0.00000010,0.00000000000693595,7616696,2019-05-11 18:29:59,btc,0.0,1050.0,0.00000010,btc,0.0,0.0,0.0,180
1,[],17,[],2019-05-03 01:13:56,20504.725000000002,0.0000001,0.00000000000548003,7559141,2019-05-03 01:13:56,btc,5.2010695838400265,0.0,0.0000001,btc,5033.45945,0.0,0.0011504725,180
,[],7,[],2018-11-20 22:58:01,562227.975654,0.00000085,0.000000000036176765,4862015,2018-11-20 22:58:01,btc,21836.6059674,2491.87645172,,btc,749999.041456,0.00211021,0.127565380455,183
,[],5,[],2019-01-10 08:11:41,0.0,0,0,6347036,2019-01-10 08:11:41,btc,82.15055501,0.00261,,btc,1.19002445,0.0,0.0,187
1,[],24,[],2019-04-30 17:34:05,0.0,0.000000000014,7.396256000000001e-16,7526291,2019-04-30 17:34:05,btc,0.0,0.0,0.000000000014,btc,0.0,0.0,0.0,187
,[],17,[],2018-11-16 20:58:10,4062536.27273,0.00000001,0.000000000000550501,4708775,2018-11-16 20:58:10,btc,3.36492563466,0.195460381006,,"btc,eth",110697919.549,0.0,0.0157628953496,187
0,[],22,[],2019-04-25 02:54:07,0.0,0,0,7447896,2019-04-25 02:54:07,,7.54794454,0.0,0,,76361.7243344055,0.0,0.0,191
0,[],22,[],2019-05-11 18:30:06,0.0,0,0,7616697,2019-05-11 18:30:06,,0.0,0.0,0,,0.0,0.0,0.0,197
0,[],23,[],2019-01-20 23:31:41,0.0,0,0,6477079,2019-01-20 23:31:41,,0.0,0.0,0,,0.0,0.0,0.0,199
0.0000000001311498,[],22,[],2019-05-11 18:30:10,54099890.0,2.6229960000000002e-18,1.81929691062e-22,7616698,2019-05-11 18:30:10,LTC,7.64520347,0.0,0.00000002,LTC,35259414.0,1.6615132092360001e-12,0.62799399,199
1,[],26,[],2019-05-11 18:30:10,0.0,0.00000000,0,7616699,2019-05-11 18:30:10,btc,0.0,0.0,0.00000000,btc,0.0,0.0,0.0,199
0,[],2,[],2019-01-20 23:30:49,0.0,0,0,6477059,2019-01-20 23:30:49,,0.0,0.0,0,,0.0,0.0,0.0,201
1,[],4,[],2019-01-25 15:51:35,2084389.58565343,0.00000936,0.000000000333526752,6499557,2019-01-25 15:51:35,btc,2.0092503037378524,0.0,0.00000936,btc,160195.80207885,0.19272417,1.242687955921835,211
1,[],7,[],2019-05-11 18:30:13,13842043.93085235,0.00000085,0.00000000005895557500000001,7616700,2019-05-11 18:30:13,btc,15200781.025862865,279354.836044,0.00000085,btc,13035952.542869199,0.0,1.192542185422223,212
1,[],5,[],2019-05-07 13:02:51,0.0,0,0,7566706,2019-05-07 13:02:51,btc,0.0,0.43032184,0,btc,0.0,0.0,0.0,213
1,[],24,[],2019-05-07 13:02:52,0.0,0.000000050000,0.000000000002968865,7566707,2019-05-07 13:02:52,btc,0.0,0.0,0.000000050000,btc,0.0,0.0,0.0,213
1,[],26,[],2019-05-07 13:02:52,0.0,0.00000040,0.00000000002375092,7566708,2019-05-07 13:02:52,btc,0.0,0.0,0.00000040,btc,0.0,0.0,0.0,213
1,[],12,[],2019-01-25 02:44:32,207462.42853209,0.000001080000000000000035831255497387193287295303889550268650054931640625,0.000000000038610756000000006,6493050,2019-01-25 02:44:32,btc,85023.03793723314,0.0,0.000001080000000000000035831255497387193287295303889550268650054931640625,btc,43675.73520027,0.000146250909087,0.0348620860622024,213
0,[],22,[],2019-05-11 18:30:16,0.0,0,0,7616701,2019-05-11 18:30:16,,9.58164616,0.0,0,,2460817.094064925,0.0,0.0,216
0,[],27,[],2019-05-11 18:30:29,0.0,0,0,7616702,2019-05-11 18:30:29,,62.25177910367708,3515.0,0,"btc,ltc",224430.947308,3.515e-05,0.0,216
1,[],22,[],2019-05-11 18:30:32,302705.1862567812,0.00000079,0.000000000054794005,7616703,2019-05-11 18:30:32,BTC,12054.94207229,0.0,0.00000079,BTC,434520.0005265019,0.00784264,0.03656294,217
1,[],7,[],2019-05-11 18:30:33,0.0,0,0,7616704,2019-05-11 18:30:33,btc,111302.56865462937,0.0,0,btc,137781098.61523312,0.0,0.0,219
0,[],27,[],2019-05-11 18:30:44,0.0,0,0,7616705,2019-05-11 18:30:44,,0.06997067,0.0,0,btc,1753528.0,0.0,0.0,219
0.0000000000000038,[],28,[],2019-05-11 18:30:46,552985890.83,2.4700000000000003e-18,1.71317965e-22,7616706,2019-05-11 18:30:46,doge,3651185.568400157,15285.0,0.00065000,"btc,doge",45529124.3823,0.0,2.0763938774559718e-11,219
1,[],22,[],2019-05-11 18:30:49,381170.0,0.00000004,0.00000000000277438,7616707,2019-05-11 18:30:49,BTC,56.7649867,0.0,0.00000004,BTC,131552.84827387411,0.0,0.0123008,221
1,[],24,[],2019-05-11 18:30:49,0.0,0.000000010000,0.000000000000693595,7616708,2019-05-11 18:30:49,btc,0.0,0.0,0.000000010000,btc,0.0,0.0,0.0,221
1,[],20,[],2019-05-11 18:30:51,15529202.6192,0.000000012,0.000000000000832314,7616709,2019-05-11 18:30:51,btc,100091.60071606544,555022.816,0.000000012,btc,25154064.1583,0.0062415873151,0.1107493680253,224
0,[],22,[],2019-05-11 18:30:53,0.0,0,0,7616710,2019-05-11 18:30:53,,0.0,0.0,0,,0.0,0.0,0.0,224
1,[],26,[],2019-05-11 18:30:54,0.0,0.00000026,0.00000000001803347,7616711,2019-05-11 18:30:54,btc,0.0,0.0,0.00000026,btc,0.0,0.0,0.0,231
1,[],26,[],2019-05-11 18:30:54,0.0,0.00000005,0.000000000003467975,7616712,2019-05-11 18:30:54,btc,0.0,200.0,0.00000005,btc,0.0,0.0,0.0,234
0,[],27,[],2019-05-11 18:31:07,0.0,0,0,7616713,2019-05-11 18:31:07,,0.01134836604,0.0,0,"btc,eth",11462.996,0.0,0.0,234
1,[],4,[],2019-04-29 21:02:20,217188.93193785,0.00000080,0.00000000004151584,7514327,2019-04-29 21:02:20,btc,5.239800103892936,0.0,0.00000080,btc,797346.30008933,0.0,0.0590549781555679,236
1,[],24,[],2019-04-29 21:02:20,0.0,0.000000100000,0.00000000000518948,7514328,2019-04-29 21:02:20,btc,0.0,0.0,0.000000100000,btc,0.0,0.0,0.0,236
1,[],5,[],2019-05-06 20:53:15,0.0,0,0,7559637,2019-05-06 20:53:15,btc,0.0,0.20253514,0,btc,0.0,0.0,0.0,237
1,[],20,[],2019-05-06 20:53:18,38173217.6136,0.000000083,0.0000000000047460728,7559638,2019-05-06 20:53:18,btc,21342.514614200165,8832375.7238,0.000000083,btc,27701499.3386,0.7554403456107,1.3621107610479,237
1,[],22,[],2019-05-06 20:53:20,343938.0,0.00000009,0.000000000005146344,7559639,2019-05-06 20:53:20,BTC,1.20267422,0.0,0.00000009,BTC,17930.94871794872,0.0,0.01017442,237
1,[],4,[],2019-05-11 18:31:08,9332090.72126648,0.00000015,0.000000000010403925,7616714,2019-05-11 18:31:08,btc,3.4509380380360484,0.0,0.00000015,btc,9447265.20621492,0.18497719,0.846144622215044,238
1,[],5,[],2019-05-11 18:31:10,0.0,0,0,7616715,2019-05-11 18:31:10,btc,0.0,0.00268488,0,btc,0.0,0.0,0.0,238
0,[],22,[],2019-03-12 16:49:32,0.0,0,0,6914458,2019-03-12 16:49:32,,0.40415746,0.0,0,,526736.5639027493,0.0,0.0,249
0,[],22,[],2019-05-11 18:31:13,0.0,0,0,7616716,2019-05-11 18:31:13,,4.53616,0.0,0,,39012346.69978836,0.0,0.0,252
1,[],28,[],2019-05-11 18:31:15,45118178.22,0.0000003,0.00000000002080785,7616717,2019-05-11 18:31:15,btc,43892.01911065591,219533.9639,0.0000003,btc,2972263.3282,0.0,0.64236450382,256
1,[],22,[],2019-05-11 18:31:18,1088993.5,0.00000002,0.00000000000138719,7616718,2019-05-11 18:31:18,BTC,21.88116616,0.0,0.00000002,BTC,522884.63333384093,0.0,0.01124633,258
1,[],22,[],2019-03-13 00:07:30,47146.0,0.00000001,0.000000000000387233,6917028,2019-03-13 00:07:30,BTC,2.415167,0.0,0.00000001,BTC,157.0,0.0,0.00047146,259
1,[],5,[],2019-05-11 18:31:21,0.0,0,0,7616719,2019-05-11 18:31:21,btc,0.0,0.25897421,0,btc,0.0,0.0,0.0,264
1,[],20,[],2019-05-11 18:31:22,1277063.1474,0.000000512,0.000000000035512064,7616720,2019-05-11 18:31:22,btc,4.9328496825569,70259.7779,0.000000512,btc,87941.8317,0.0820502481776,0.0213829506232,264
0,[],22,[],2019-04-12 17:57:27,0.0,0,0,7278186,2019-04-12 17:57:27,,66.37522201,0.0,0,,677842.4169881374,0.0,0.0,271
0,[],22,[],2019-05-11 18:31:25,0.0,0,0,7616721,2019-05-11 18:31:25,,33051802.3172899,0.0,0,,15696307799.7,0.0,0.0,272
0.0000000000000038,[],28,[],2019-05-11 18:31:27,268899238682.584,2.242e-21,1.55503999e-25,7616722,2019-05-11 18:31:27,doge,26560079.436544094,8613715454.0699,0.00000059,doge,366066569760.476,0.0,2.001580235472773e-10,272
1,[],22,[],2019-05-11 18:31:30,127494.9,0.0000001,0.00000000000693595,7616723,2019-05-11 18:31:30,BTC,427.36616185,0.0,0.0000001,BTC,251562.95264460208,0.00053887,0.0039353,281
1,[],22,[],2019-05-11 18:31:34,307873.1,0.00000002,0.00000000000138719,7616724,2019-05-11 18:31:34,BTC,1.50224769,0.0,0.00000002,"BTC,LTC",535311.8256135201,0.00654544,0.01130878,286
0,[],22,[],2019-05-11 18:31:37,0.0,0,0,7616725,2019-05-11 18:31:37,,7337892.75526966,0.0,0,,1388519262.7797825,0.0,0.0,294
