pairValue,buyBook,exchangeId,sellBook,updated,buyTotal,satoshiPrice,usdPrice,exchangeLogId,created,bestPair,sellTotalBtc,volume,pairPrice,activePairs,sellTotal,volumeBtc,buyTotalBtc,coinId
1,[],3,[],2019-02-03 18:33:04,118.183218978753,0.012345609999999999917275061989130335859954357147216796875,0.000000427564276569,6573757,2019-02-03 18:33:04,btc,106.97321858870144,19.6008155266,0.012345609999999999917275061989130335859954357147216796875,btc,14.602765028626001,0.0,0.05688566900338146,1
1,[],4,[],2019-02-03 18:33:05,25068.14308858,0.01236353,0.000000428184898137,6573758,2019-02-03 18:33:05,btc,0.7313915798919713,0.0,0.01236353,btc,55.85382948,0.55268947,1.021312014146594,1
1,[],5,[],2019-02-03 18:33:07,0.19716441,0.01220011,0.000000422525189619,6573759,2019-02-03 18:33:07,btc,14578.4545133,0.26486771,0.01220011,btc,35555556.29016429,0.0,1.08923034,1
1,[],10,[],2019-02-03 18:33:09,272666.10286917,0.01220015,0.000000422526574935,6573760,2019-02-03 18:33:09,btc,6536.937624382138,1073.28338112,0.01220015,btc,970.63074246,0.0,4.3436091431825,1
1,[],12,[],2019-02-03 18:33:12,10433.47914676,0.01237000000000000078659301294692340889014303684234619140625,0.00000042840897300000004,6573761,2019-02-03 18:33:12,btc,0.493818739996,0.0,0.01237000000000000078659301294692340889014303684234619140625,btc,33.33039732,0.0531353571918,0.3147445531238,1
1,[],20,[],2019-02-03 18:33:14,1150.6564,0.01200001,0.000000415595146329,6573762,2019-02-03 18:33:14,btc,0.0571053524203,0.0,0.01200001,btc,2.5234,0.0,0.1001158039309,1
1,[],21,[],2019-02-03 18:33:15,2267.90030049,0.01237113999999999922052573709,0.00000042844845450599996,6573763,2019-02-03 18:33:15,btc,17.664465092612634,11533.04797164,0.0123711399999999992205257370869730948470532894134521484375,"btc,eth",2021.36897914,131.24545202685746,19.787014561500786,1
1,[],22,[],2019-02-03 18:33:19,0.0263776,0.01350000,0.00000046754415,6573764,2019-02-03 18:33:19,BTC,0.31397231,0.0,0.01350000,BTC,0.10124366666666666,0.0,0.00034472,1
1,[],24,[],2019-02-03 18:33:20,0.0,0.000000000000,0,6573765,2019-02-03 18:33:20,btc,0.0,0.0,0.000000000000,btc,0.0,0.0,0.0,1
0.0,[],25,[],2019-02-03 18:33:21,0.0,0,0,6573766,2019-02-03 18:33:21,btc,17.229699998027378,1569.79304192,0.0,btc,1326.09401906,19.39,0.0,1
1,[],26,[],2019-02-03 18:33:30,0.0,0,0,6573767,2019-02-03 18:33:30,,0.0,0.0,0,,0.0,0.0,0.0,1
1,[],28,[],2019-02-03 18:33:35,987.9,0.01131000,0.000000391698099,6573768,2019-02-03 18:33:35,btc,0.162839806,17680.45,0.01131000,btc,8.9,0.0,0.024551096,1
0,[],2,[],2019-01-20 23:28:45,0.0,0,0,6477011,2019-01-20 23:28:45,,0.0,0.0,0,,0.0,0.0,0.0,1
1,[],5,[],2019-02-03 18:33:39,1.865e-05,0.00000068,0.000000000023550372,6573769,2019-02-03 18:33:39,btc,0.14860458,0.00607968,0.00000068,btc,7.154e-05,0.0,0.47492647,2
0,[],22,[],2019-02-03 18:33:41,0.0,0,0,6573770,2019-02-03 18:33:41,,0.0,0.0,0,,0.0,0.0,0.0,2
0,[],28,[],2019-02-03 18:26:47,0.0,0,0,6573577,2019-02-03 18:26:47,,0.0,0.0,0,,0.0,0.0,0.0,3
1,[],5,[],2019-02-03 18:33:44,1.25e-06,0.00000016,0.0000000000055412640000000004,6573771,2019-02-03 18:33:44,btc,3.85341764,0.01698213,0.00000016,btc,2.204e-05,0.0,2.94653987,3
1,[],12,[],2019-02-03 18:33:45,12515550.48674546,0.000000167,0.0000000000057836943,6573772,2019-02-03 18:33:45,btc,921349.420175625,0.0,0.000000167,btc,8317612.79056466,0.04488138207671635,0.5508958341854808,3
0,[],2,[],2019-01-20 23:31:32,0.0,0,0,6477077,2019-01-20 23:31:32,,0.0,0.0,0,,0.0,0.0,0.0,4
1,[],4,[],2019-02-03 18:33:50,572593.0158345,0.00000034,0.000000000011775186,6573774,2019-02-03 18:33:50,btc,0.3626710847944961,0.0,0.00000034,btc,350000.2595686,0.01704215,0.0847338295998975,4
1,[],12,[],2019-02-03 18:33:52,1522030.85533333,0.00000006,0.0000000000020779739999999998,6573775,2019-02-03 18:33:52,btc,11014978.328089379,0.0,0.00000006,btc,848371.05698658,0.00462037,0.0315726604399998,5
0,[],2,[],2019-01-20 23:31:51,0.0,0,0,6477087,2019-01-20 23:31:51,,0.0,0.0,0,,0.0,0.0,0.0,6
1,[],11,[],2019-02-03 18:33:54,7570029.5,0.00000002,0.0000000000006926580000000001,6573776,2019-02-03 18:33:54,btc,9433.369416073296,169255.333333,0.00000002,btc,41235382.49164567,0.0,0.114961075,6
1,[],5,[],2019-02-03 18:26:54,0.00576869,0.00020005,0.000000006924270635,6573582,2019-02-03 18:26:54,btc,1.46798377,0.59381265,0.00020005,btc,0.01249731,0.0,1.49052069,7
1,[],3,[],2019-02-03 18:33:54,1069.652384675756,0.000150559999999999995050348200464895853656344115734100341796875,0.000000005214329424,6573777,2019-02-03 18:33:54,btc,28.510202753279106,0.0,0.000150559999999999995050348200464895853656344115734100341796875,btc,234.145665820227,0.0,0.030997767816609203,7
1,[],4,[],2019-02-03 18:33:55,26638.75768725,0.00020000,0.00000000692658,6573778,2019-02-03 18:33:55,btc,6.181804446949331,0.0,0.00020000,btc,26359.41773478,4.81499532,4.461561634024124,7
1,[],20,[],2019-02-03 18:26:56,65771509.91,0.000000001,0.000000000000034612700000000003,6573583,2019-02-03 18:26:56,btc,116.1335270767722,0.0,0.000000001,btc,29825029.7669,0.0,0.06577150991,8
1,[],1,[],2019-02-03 18:26:57,3282695.36,0.00000199000000000000000523994909962244292955801938660442829132080078125,0.000000000068879273,6573584,2019-02-03 18:26:57,btc,6.7119364159999995,10243808.74,0.00000199000000000000000523994909962244292955801938660442829132080078125,btc,3302261.55,20.36931522,6.4450311747,9
1,[],4,[],2019-02-03 18:26:58,538322.31082806,0.00000198,0.000000000068533146,6573585,2019-02-03 18:26:58,btc,0.754949027268696,0.0,0.00000198,btc,365612.31499716,0.46184795,1.0124832502212575,9
1,[],28,[],2019-02-03 18:27:00,34500.0,0.00000165,0.000000000057110955,6573586,2019-02-03 18:27:00,btc,2708.771989488,3512029.31,0.00000165,btc,14954.28,0.0,0.02854,9
0,[],2,[],2019-01-20 23:22:42,0.0,0,0,6476876,2019-01-20 23:22:42,,0.0,0.0,0,,0.0,0.0,0.0,9
0,[],23,[],2019-01-20 23:22:48,0.0,0,0,6476878,2019-01-20 23:22:48,,0.0,0.0,0,,0.0,0.0,0.0,9
1,[],4,[],2019-02-03 18:27:01,7373260.37826053,0.00000002,0.000000000000692254,6573587,2019-02-03 18:27:01,btc,0.2046613552280866,0.0,0.00000002,btc,4138582.13835349,0.00061684,0.0792946118652106,10
1,[],4,[],2019-02-03 18:27:02,2122127.65207164,0.00000138,0.000000000047765526,6573588,2019-02-03 18:27:02,btc,0.6924136523458244,0.0,0.00000138,btc,476004.40160858,1.75737292,2.7294830083074393,12
1,[],5,[],2019-02-03 18:27:04,1.567e-05,0.00000134,0.000000000046381018,6573589,2019-02-03 18:27:04,btc,0.70321312,0.48940594,0.00000134,btc,0.00011683,0.0,0.51683826,12
0.0,[],25,[],2019-02-03 18:27:05,0.0,0,0,6573590,2019-02-03 18:27:05,,0.0,0.0,0.0,btc,0.0,0.0,0.0,12
0,[],2,[],2019-01-20 23:23:08,0.0,0,0,6476890,2019-01-20 23:23:08,,0.0,0.0,0,,0.0,0.0,0.0,12
1,[],4,[],2019-02-03 18:27:06,356460.68232047,0.00000627,0.000000000217021629,6573591,2019-02-03 18:27:06,btc,0.6075218948715233,0.0,0.00000627,btc,88508.07963944,0.66176035,1.6384086347943676,13
1,[],21,[],2019-02-03 18:27:11,1154168.01634365,0.000006330000000000000380593993821,0.000000000219098391,6573592,2019-02-03 18:27:11,btc,4.697325438287128,487215.06150919,0.000006330000000000000380593993820621534496240201406180858612060546875,btc,668348.04559131,3.08192593,6.457190529148169,13
1,[],10,[],2019-02-03 14:26:53,610097.3899058,0.00000608,0.0000000002107784,6572571,2019-02-03 14:26:53,btc,666809.6468901985,2983.52872282,0.00000608,btc,737692.67777009,0.0,0.7922122407452779,13
1,[],4,[],2019-02-03 18:27:11,1132568.53128132,0.00000158,0.000000000054688066,6573593,2019-02-03 18:27:11,btc,0.1219886644460954,0.0,0.00000158,btc,57806.11147466,0.00923665,0.4298950426951039,14
1,[],12,[],2019-02-03 18:27:12,87237.73245056,0.00000154000000000000007854285798136739771280190325342118740081787109375,0.000000000053303558000000005,6573594,2019-02-03 18:27:12,btc,1.7853239277191792,0.0,0.00000154000000000000007854285798136739771280190325342118740081787109375,btc,37557.01291797,1.256e-05,0.0113282900000062,14
0,[],17,[],2019-02-03 18:27:14,0.0,0,0,6573595,2019-02-03 18:27:14,btc,0.0,0.0,0,btc,0.0,0.0,0.0,14
1,[],26,[],2019-02-03 18:27:14,0.0,0.00000049,0.000000000016960223,6573596,2019-02-03 18:27:14,btc,0.0,0.0,0.00000049,btc,0.0,0.0,0.0,14
0,[],4,[],2019-02-03 18:27:16,0.0,0,0,6573597,2019-02-03 18:27:16,,0.0,0.0,0,,0.0,0.0,0.0,15
,[],12,[],2018-12-01 15:15:48,204241.84496,0.00000489,0.000000000202473384,5260204,2018-12-01 15:15:48,btc,49.5475654835,0.0,,btc,35763.2193806,0.0163153972027625,0.0203389899998,15
1,[],4,[],2019-02-03 17:33:18,25155.51516361,0.00001761,0.000000000610290399,6573394,2019-02-03 17:33:18,btc,1.2385690122655957,0.0,0.00001761,btc,7937.11954115,0.02812304,0.0822165649846484,18
1,[],10,[],2019-02-03 17:33:20,407131.88013241,0.00001787,0.0000000006193009330000001,6573395,2019-02-03 17:33:20,btc,15.582828052732408,15958.35351,0.00001787,btc,12265.34134394,0.0,0.4653619366661053,18
1,[],12,[],2019-02-03 17:33:22,200856.71594448,0.0000160300000000000006828045073792310404314775951206684112548828125,0.0000000005555340770000001,6573396,2019-02-03 17:33:22,btc,0.1848928104429005,0.0,0.0000160300000000000006828045073792310404314775951206684112548828125,btc,1669.06231198,0.0035446233876894,0.0176785987632132,18
0,[],17,[],2019-02-03 17:33:23,0.0,0,0,6573397,2019-02-03 17:33:23,btc,0.0,0.0,0,btc,0.0,0.0,0.0,18
0,[],2,[],2019-01-20 23:23:38,0.0,0,0,6476906,2019-01-20 23:23:38,,0.0,0.0,0,,0.0,0.0,0.0,18
1,[],3,[],2019-02-03 18:27:18,108646.12111190728,0.0000260299999999999998067691520109434577534557320177555084228515625,0.000000000900968581,6573598,2019-02-03 18:27:18,btc,0.4140164893704189,3904.44055457,0.0000260299999999999998067691520109434577534557320177555084228515625,btc,5391.391387101854,0.0,0.09677373615512017,19
1,[],4,[],2019-02-03 18:27:19,59966.08868055,0.00002843,0.000000000984039061,6573599,2019-02-03 18:27:19,btc,0.3550340719614135,0.0,0.00002843,btc,10610.27005387,1.18018946,1.0446325969505865,19
1,[],5,[],2019-02-03 18:27:20,0.00021192,0.00002562,0.0000000008867773740000001,6573600,2019-02-03 18:27:20,btc,0.29135613,0.01555246,0.00002562,btc,0.00315607,0.0,0.17676059,19
1,[],12,[],2019-02-03 18:27:21,133618.74651991,0.0000308899999999999973210318415794972679577767848968505859375,0.000000001069186303,6573601,2019-02-03 18:27:21,btc,1.99396791381171,0.0,0.0000308899999999999973210318415794972679577767848968505859375,btc,476.27457877,0.0005136163635273,0.0326497400000199,19
0,[],27,[],2019-02-03 18:27:24,0.0,0,0,6573602,2019-02-03 18:27:24,,0.0,0.0,0,btc,0.0,0.0,0.0,19
0,[],2,[],2019-01-20 23:24:19,0.0,0,0,6476924,2019-01-20 23:24:19,,0.0,0.0,0,,0.0,0.0,0.0,19
1,[],4,[],2019-02-03 18:27:25,9012496.97209015,0.00000013,0.000000000004499651,6573603,2019-02-03 18:27:25,btc,0.8116717874116198,0.0,0.00000013,btc,1595552.31051721,0.00029465,0.3452430874915699,20
1,[],4,[],2019-02-03 18:27:26,122819426.81322224,0.00000002,0.000000000000692254,6573604,2019-02-03 18:27:26,btc,0.7379610642312767,0.0,0.00000002,btc,16350348.38138166,0.00335707,1.465966120474285,21
1,[],12,[],2019-02-03 18:27:27,19028394.0,0.00000002,0.000000000000692254,6573605,2019-02-03 18:27:27,btc,668.545188303258,0.0,0.00000002,btc,8550016.65434831,4.23296703297e-05,0.25350796000000003,21
0,[],17,[],2019-02-03 18:27:28,0.0,0,0,6573606,2019-02-03 18:27:28,btc,0.0,0.0,0,btc,0.0,0.0,0.0,21
1,[],12,[],2019-02-03 18:27:29,2240984916.531895,0.0000000001,0.0000000000000034612700000000003,6573607,2019-02-03 18:27:29,btc,1729404717464.0222,0.0,0.0000000001,btc,5076777086.006222,0.006694983949051238,0.2240984916531895,23
0,[],27,[],2019-02-03 18:27:31,0.0,0,0,6573608,2019-02-03 18:27:31,,0.424699,0.0,0,eth,424699.0,0.0,0.0,23
1,[],4,[],2019-02-03 18:27:31,3572786.31349717,0.00000080,0.000000000027690160000000002,6573609,2019-02-03 18:27:31,btc,0.0793086430878963,0.0,0.00000080,btc,73226.32773524,0.01088354,0.4216685774900991,24
1,[],22,[],2019-02-03 18:27:35,11.76,0.00000100,0.0000000000346127,6573610,2019-02-03 18:27:35,BTC,7.415e-05,0.0,0.00000100,BTC,23.919354838709676,0.0,1.176e-05,24
0.0,[],25,[],2019-02-03 18:27:36,0.0,0,0,6573611,2019-02-03 18:27:36,,0.0,0.0,0.0,btc,0.0,0.0,0.0,24
1,[],4,[],2019-02-03 18:27:37,27836453.07823699,0.00000635,0.000000000219790645,6573612,2019-02-03 18:27:37,btc,0.2126507614152682,0.0,0.00000635,btc,22677.62424299,0.09039673,0.4351101469398365,26
1,[],10,[],2019-02-03 18:27:39,725860.70874179,0.00000588,0.00000000020352267599999998,6573613,2019-02-03 18:27:39,btc,25.975774463061523,27.0,0.00000588,btc,13118.16646401,0.0,0.2069550833237116,26
0,[],2,[],2019-01-20 23:25:56,0.0,0,0,6476976,2019-01-20 23:25:56,,0.0,0.0,0,,0.0,0.0,0.0,26
1,[],3,[],2019-02-03 17:33:48,9427582.93283504,0.00000002,0.000000000000693118,6573414,2019-02-03 17:33:48,btc,2.2900966590821166,22108.7728707,0.00000002,btc,15602290.51628244,0.0,0.1130830782681865,27
1,[],5,[],2019-02-03 17:33:49,3e-08,0.00000002,0.000000000000693118,6573415,2019-02-03 17:33:49,btc,1.53058241,0.00387757,0.00000002,btc,4.69e-05,0.0,0.09752245,27
1,[],11,[],2019-02-03 17:33:50,10615374.41182718,0.00000005,0.000000000001732795,6573416,2019-02-03 17:33:50,btc,370.6426334117441,1000.0,0.00000005,btc,8221035.4403934,0.0,0.4936394994767663,27
1,[],4,[],2019-02-03 18:27:40,297682110.0819117,0.00000003,0.000000000001038381,6573614,2019-02-03 18:27:40,btc,4.042476778033998,0.0,0.00000003,"btc,ltc",117914205.55292374,0.31380112,4.001767531331935,29
1,[],7,[],2019-02-03 18:27:41,39733268.94837162,0.00000003,0.0000000000010383809999999998,6573615,2019-02-03 18:27:41,btc,44465206.116562665,1376480.35118,0.00000003,btc,38684884.18229003,0.04130735,0.7244974800032491,29
1,[],4,[],2019-02-03 18:27:43,1361238.74885559,0.00000029,0.000000000010037683,6573616,2019-02-03 18:27:43,btc,0.2533711890363703,0.0,0.00000029,btc,534246.01753063,0.00271587,0.0782516672804177,30
0,[],17,[],2019-02-03 18:27:45,0.0,0,0,6573617,2019-02-03 18:27:45,btc,0.0,0.0,0,btc,0.0,0.0,0.0,30
1,[],4,[],2019-02-03 17:34:30,1135223.369126,0.00007200,0.0000000024952248000000003,6573421,2019-02-03 17:34:30,btc,1.7362709794508713,0.0,0.00007200,btc,20889.88885009,1.65664319,1.857854129949094,31
1,[],21,[],2019-02-03 17:34:31,55708.13144418,0.00007271000000000000010845491172,0.000000002519830489,6573422,2019-02-03 17:34:31,btc,2.037814597217082,92218.34819791,0.00007271000000000000010845491171806997954263351857662200927734375,btc,25640.78986795,6.70550394,3.68176555959178,31
0,[],2,[],2019-01-20 23:28:43,0.0,0,0,6477009,2019-01-20 23:28:43,,0.0,0.0,0,,0.0,0.0,0.0,32
1,[],4,[],2019-02-03 18:27:46,148931867.60354477,0.00000005,0.0000000000017306350000000001,6573618,2019-02-03 18:27:46,btc,2.573588443525464,0.0,0.00000005,"btc,ltc",43812446.27267944,0.14504803,2.626526335172971,33
1,[],12,[],2019-02-03 18:27:46,19084316.278,0.00000006,0.0000000000020767619999999997,6573619,2019-02-03 18:27:46,btc,17261782.277592633,0.0,0.00000006,btc,89637027.52447535,9.23146853151e-05,0.7171594366799999,33
1,[],4,[],2019-02-03 18:27:47,111608452.71915793,0.00000002,0.000000000000692254,6573620,2019-02-03 18:27:47,btc,0.7715414331524844,0.0,0.00000002,btc,25718047.77174948,2.53238637,1.1195033308815794,34
1,[],5,[],2019-02-03 18:27:48,1e-08,0.00000001,0.000000000000346127,6573621,2019-02-03 18:27:48,btc,3.90455722,0.80195678,0.00000001,btc,1.394e-05,0.0,0.71800163,34
0.0000000000967439,[],4,[],2019-02-03 18:27:49,1263689508.4853544,3.869756e-18,1.339427035012e-22,6573622,2019-02-03 18:27:49,ltc,8.162592744375122e-09,0.0,0.00000004,ltc,1627016851.6490734,0.0,2.654453731222947e-09,36
1,[],5,[],2019-02-03 18:27:51,0.0,0,0,6573623,2019-02-03 18:27:51,btc,204.33336747,0.0,0,btc,1.295e-05,0.0,0.0,36
0,[],17,[],2019-02-03 18:27:53,0.0,0,0,6573624,2019-02-03 18:27:53,btc,0.14185270835475672,0.0,0,btc,10826074.27743647,0.0,0.0,36
0.0000000000967439,[],27,[],2019-02-03 18:27:55,1000000.0,1.934878e-18,6.69713517506e-23,6573625,2019-02-03 18:27:55,ltc,447.7307979714,0.0,0.00000002,"ltc,eth",3711879.16,0.0,1.934878e-12,36
1,[],4,[],2019-02-03 18:27:56,418296.95430189,0.00000143,0.000000000049496161,6573626,2019-02-03 18:27:56,btc,0.3824774257270361,0.0,0.00000143,btc,200851.61070381,0.02696461,0.374100520558827,37
1,[],12,[],2019-02-03 18:27:57,418756.98371271,0.00000145000000000000009320343975771638866945068002678453922271728515625,0.000000000050188415000000006,6573627,2019-02-03 18:27:57,btc,1331.1891275456492,0.0,0.00000145000000000000009320343975771638866945068002678453922271728515625,btc,851025.90459231,0.5356560048391638,0.2977146499999877,37
1,[],17,[],2019-02-03 18:27:58,1752.74075282,0.00000025,0.000000000008653175,6573628,2019-02-03 18:27:58,btc,0.05548492396567708,0.000668326222905,0.00000025,btc,1387.19918473,0.0,0.00043818518820499993,37
1,[],27,[],2019-02-03 18:28:00,16843.0,0.00000046,0.000000000015921842,6573629,2019-02-03 18:28:00,btc,24.45584702489649,0.0,0.00000046,btc,5279.81438508,0.0,0.00561124,37
1,[],5,[],2019-02-03 18:28:02,1.813e-05,0.00000106,0.000000000036689462,6573630,2019-02-03 18:28:02,btc,0.11394507,0.14480304,0.00000106,btc,0.00010619,0.0,0.11065781,42
1,[],12,[],2019-02-03 18:28:03,158712.83719194,0.00000110000000000000005610204141526242693771564518101513385772705078125,0.00000000003807397,6573631,2019-02-03 18:28:03,btc,85.06672202702397,0.0,0.00000110000000000000005610204141526242693771564518101513385772705078125,btc,88099.13626978,0.0786134943455873,0.0606178100000059,42
0,[],27,[],2019-02-03 18:28:05,0.0,0,0,6573632,2019-02-03 18:28:05,,0.00315028,0.0,0,"btc,eth",11.007,0.0,0.0,42
1,[],5,[],2019-02-03 18:28:07,1e-07,0.00000004,0.000000000001384508,6573633,2019-02-03 18:28:07,btc,6.10299182,0.00113524,0.00000004,btc,1.475e-05,0.0,0.53381931,43
1,[],12,[],2019-02-03 18:28:08,6512129.0,0.00000002,0.000000000000692254,6573634,2019-02-03 18:28:08,btc,20007456.464722443,0.0,0.00000002,btc,38833161.74765234,0.0,0.06512143000000001,43
0,[],17,[],2019-02-03 18:28:10,0.0,0,0,6573635,2019-02-03 18:28:10,btc,0.0,0.0,0,btc,0.0,0.0,0.0,43
1,[],12,[],2019-02-03 18:28:11,884436.0,0.00000008,0.000000000002769016,6573636,2019-02-03 18:28:11,btc,11115205.991134647,0.0,0.00000008,btc,1006682.39860139,0.00028528982018,0.02718039,44
1,[],4,[],2019-02-03 18:28:12,235541359.90999085,0.00000002,0.000000000000692254,6573637,2019-02-03 18:28:12,btc,0.1802837076937574,0.0,0.00000002,"btc,ltc",8170730.78161888,0.0002,0.5426927653942549,49
0.0000000000967439,[],4,[],2019-02-03 18:28:13,4861612362.2485695,9.67439e-19,3.34856758753e-23,6573638,2019-02-03 18:28:13,ltc,4.645173503792024,0.0,0.00000001,ltc,1682489125.9667892,0.00011,4.703313402121394e-09,52
0,[],22,[],2019-02-03 18:28:15,0.0,0,0,6573639,2019-02-03 18:28:15,,3693.16111,0.0,0,,247825727.90882352,0.0,0.0,57
0,[],27,[],2019-02-03 18:28:17,0.0,0,0,6573640,2019-02-03 18:28:17,,0.0,0.0,0,"btc,eth",0.0,0.0,0.0,57
0.0000000000967439,[],4,[],2019-02-03 18:28:19,1375593617.7148378,5.804634e-18,2.009140552518e-22,6573641,2019-02-03 18:28:19,ltc,3.2882093414120797,0.0,0.00000006,ltc,1019229031.7481933,0.021956,5.513256706579289e-09,58
1,[],12,[],2019-02-03 18:28:20,2036283051.843957,0.0000000005,0.000000000000017306350000000002,6573642,2019-02-03 18:28:20,btc,625179820102.0221,0.0,0.0000000005,btc,3179877812.6764235,0.11838244233446553,0.7331089967011392,58
0,[],17,[],2019-02-03 18:28:21,0.0,0,0,6573643,2019-02-03 18:28:21,btc,1e+24,0.0,0,btc,41616695.95832568,0.0,0.0,58
0.0000000001221973,[],22,[],2019-02-03 18:28:25,137438.0,1.221973e-18,4.22957848571e-23,6573644,2019-02-03 18:28:25,XMR,69.8835922,0.0,0.00000001,XMR,9887963.0,0.0,0.00137438,58
1,[],5,[],2019-02-03 18:28:26,7.87e-06,0.00000070,0.00000000002422889,6573645,2019-02-03 18:28:26,btc,0.33029289,0.04809973,0.00000070,btc,0.00013738,0.0,0.06042441,61
1,[],22,[],2019-02-03 18:28:30,5111.5,0.00000011,0.000000000003807397,6573646,2019-02-03 18:28:30,BTC,1002.29606732,0.0,0.00000011,BTC,15028.700278135757,0.0,0.00051178,61
1,[],26,[],2019-02-03 18:28:30,0.0,0.00000800,0.0000000002769016,6573647,2019-02-03 18:28:30,btc,0.0,0.0,0.00000800,btc,0.0,0.0,0.0,61
0,[],27,[],2019-02-03 18:28:32,0.0,0,0,6573648,2019-02-03 18:28:32,,0.1550356,0.0,0,"btc,eth",155.72848,0.0,0.0,61
1,[],28,[],2019-02-03 18:28:34,6888.304,0.0000008,0.000000000027690160000000002,6573649,2019-02-03 18:28:34,btc,2.064690685900105,748.0,0.0000008,btc,11329.09500005,0.0,0.00216911304,61
1,[],4,[],2019-02-03 18:28:35,1389430.77740461,0.00000175,0.000000000060572225,6573650,2019-02-03 18:28:35,btc,0.6658675036916113,0.0,0.00000175,btc,244727.82945589,0.08623855,1.1052520468541231,67
0.0,[],25,[],2019-02-03 18:28:36,0.0,0,0,6573651,2019-02-03 18:28:36,,0.0,0.0,0.0,btc,0.0,0.0,0.0,67
1,[],12,[],2019-02-03 18:28:37,3095084.219,0.0000001,0.00000000000346127,6573652,2019-02-03 18:28:37,btc,16893709.651847944,0.0,0.0000001,btc,2485102.59000996,0.0005140740023986,0.0844094764411112,71
,[],5,[],2018-11-20 23:02:39,1.5e-07,0.00000005,0.000000000002128045,4862160,2018-11-20 23:02:39,btc,2.84511358,0.0,,btc,0.00036572,0.0,0.07381892,74
1,[],5,[],2019-01-25 15:53:51,3.303e-05,0.00000156,0.000000000055588884,6499610,2019-01-25 15:53:51,btc,1.42844212,0.0,0.00000156,btc,0.00015937,0.0,0.49487621,75
1,[],4,[],2019-02-03 18:28:38,70997797.82492337,0.00000001,0.000000000000346127,6573653,2019-02-03 18:28:38,btc,0.8164048853705091,0.0,0.00000001,btc,15307943.35273608,0.0,0.7099779782492337,81
0,[],20,[],2019-01-25 09:30:31,0.0,0,0,6495923,2019-01-25 09:30:31,btc,0.0,0.0,0,btc,0.0,0.0,0.0,81
1,[],4,[],2019-02-03 18:28:40,23383.67626055,0.00007002,0.000000002423581254,6573654,2019-02-03 18:28:40,btc,0.6878375907429486,0.0,0.00007002,btc,6481.80814364,0.06037071,0.0602657120372181,82
1,[],21,[],2019-02-03 18:28:40,86613.16345785,0.00007558999999999999963931629487,0.000000002616373993,6573655,2019-02-03 18:28:40,btc,3.610303006885452,3489.99266736,0.0000755899999999999996393162948749022689298726618289947509765625,btc,41179.22169388,0.2648513,4.458775248466565,82
0,[],17,[],2019-02-03 18:28:42,0.0,0,0,6573656,2019-02-03 18:28:42,btc,0.0447233088476774,0.0,0,btc,999127.19588126,0.0,0.0,84
0.0000000000967439,[],4,[],2019-02-03 18:28:43,346289813.7603888,1.1609268e-17,4.018281105036e-22,6573657,2019-02-03 18:28:43,ltc,0.19589142243804666,0.0,0.00000012,ltc,76068500.52415806,0.00820972,1.4354978610847426e-09,85
,[],22,[],2018-11-20 23:09:34,3408.1,0.0000001,0.0000000000041895,4862324,2018-11-20 23:09:34,BTC,0.04624735,0.0,,BTC,4990.0,0.0,0.00033081,86
0,[],22,[],2019-02-03 18:28:45,0.0,0,0,6573658,2019-02-03 18:28:45,,2.07810912,0.0,0,,154826.94736842104,0.0,0.0,87
0,[],27,[],2019-02-03 18:28:47,0.0,0,0,6573659,2019-02-03 18:28:47,,0.0,0.0,0,btc,0.0,0.0,0.0,87
,[],2,[],2018-11-20 23:10:47,0.0,0,0,4862359,2018-11-20 23:10:47,,0.0,0.0,,,0.0,0.0,0.0,88
1,[],11,[],2019-02-03 18:28:48,102196.74229343,0.00018547999999999999275017426025868871874990873038768768310546875,0.000000006419963596,6573660,2019-02-03 18:28:48,btc,246.04375762633936,971.499,0.00018547999999999999275017426025868871874990873038768768310546875,btc,184806.29638749,0.0,7.556413009142094,89
0,[],2,[],2019-01-20 23:31:45,0.0,0,0,6477083,2019-01-20 23:31:45,,0.0,0.0,0,,0.0,0.0,0.0,91
1,[],12,[],2019-02-03 18:28:49,508657.2353393,0.0000034699999999999998112122125137890549240182735957205295562744140625,0.00000000012010606899999999,6573661,2019-02-03 18:28:49,btc,4.175233570816057,0.0,0.0000034699999999999998112122125137890549240182735957205295562744140625,btc,33454.59934985,0.0536653304403723,0.1579847917998892,91
0,[],17,[],2019-02-03 18:28:51,0.0,0,0,6573662,2019-02-03 18:28:51,btc,0.0,0.0,0,btc,0.0,0.0,0.0,91
0.0000000000967439,[],22,[],2019-02-03 18:28:55,27823826.0,4.837195e-18,1.674283793765e-22,6573663,2019-02-03 18:28:55,LTC,8.80623359,0.0,0.00000005,LTC,76324729.6,4.84686939e-16,1.05795662,95
0.0000000000967439,[],4,[],2019-02-03 18:28:56,132379938.39600672,9.7711339e-17,3.3820532634053e-21,6573664,2019-02-03 18:28:56,ltc,1.1052388849643664,0.0,0.00000101,ltc,68242887.6390599,0.0,6.819152017803071e-10,96
1,[],12,[],2019-02-03 18:28:57,225028.0,0.00000001,0.000000000000346127,6573665,2019-02-03 18:28:57,btc,255063.4207027656,0.0,0.00000001,btc,8881536.33297676,1.27e-06,0.00225028,96
0,[],17,[],2019-02-03 18:28:58,0.0,0,0,6573666,2019-02-03 18:28:58,btc,0.0,0.0,0,btc,0.0,0.0,0.0,96
1,[],4,[],2019-01-28 01:29:03,1472892.19429314,0.00000039,0.000000000013841295,6517118,2019-01-28 01:29:03,btc,0.30363706505258,0.0,0.00000039,btc,473598.41813208,0.02260545,0.1322524391209234,99
1,[],4,[],2019-02-03 18:28:59,78080.76894325,0.00004373,0.000000001513613371,6573667,2019-02-03 18:28:59,btc,0.9215636046756297,0.0,0.00004373,btc,17621.03922199,3.32927119,2.7107094980620188,100
0,[],2,[],2019-01-20 23:23:55,0.0,0,0,6476914,2019-01-20 23:23:55,,0.0,0.0,0,,0.0,0.0,0.0,100
1,[],22,[],2019-02-03 18:29:04,50000.0,0.00000001,0.000000000000346127,6573668,2019-02-03 18:29:04,BTC,23.50383609,0.0,0.00000001,BTC,11277.22,0.0,0.0005,101
1,[],4,[],2019-02-03 18:29:05,111782.24976557,0.00000090,0.00000000003115143,6573669,2019-02-03 18:29:05,btc,0.4008548174047758,0.0,0.00000090,btc,152427.23096774,0.00905206,0.0632083760682728,103
1,[],12,[],2019-02-03 18:29:08,75639951.65846993,0.000000015,0.0000000000005191904999999999,6573670,2019-02-03 18:29:08,btc,138278963.71907505,0.0,0.000000015,btc,136528296.41974777,16.032883748754486,0.45515853287704894,105
1,[],27,[],2019-02-03 18:29:09,10159662.89,0.00000001,0.000000000000346127,6573671,2019-02-03 18:29:09,btc,0.6930134677960939,8200.0,0.00000001,btc,708890.78181977,0.000164,0.1015966289,105
0,[],22,[],2019-02-03 18:29:12,0.0,0,0,6573672,2019-02-03 18:29:12,,1.07253299,0.0,0,,94300.0,0.0,0.0,107
1,[],26,[],2019-02-03 18:29:13,0.0,0.00000000,0,6573673,2019-02-03 18:29:13,btc,0.0,10000.0,0.00000000,btc,0.0,0.0,0.0,107
1,[],5,[],2019-02-03 18:29:14,6e-08,0.00000003,0.000000000001038381,6573674,2019-02-03 18:29:14,btc,2.92438845,0.09996296,0.00000003,btc,1.773e-05,0.0,0.23652184,112
1,[],22,[],2019-02-03 18:29:18,1966.0,0.00000001,0.000000000000346127,6573675,2019-02-03 18:29:18,BTC,2.839063,0.0,0.00000001,BTC,808529.0833333334,0.00324299,1.966e-05,112
0.0000000003108325,[],27,[],2019-02-03 18:29:20,500000.0,3.108325e-18,1.0758752072750001e-22,6573676,2019-02-03 18:29:20,eth,1.25356065,0.0,0.00000001,"btc,eth",1328.0,0.0,1.5541625e-12,112
1,[],4,[],2019-02-03 18:29:21,487595.90286259,0.00000408,0.000000000141219816,6573677,2019-02-03 18:29:21,btc,0.5270430037728747,0.0,0.00000408,btc,88231.0507569,0.27791496,0.3259928273505401,113
1,[],5,[],2019-02-03 18:29:22,2.87e-05,0.00000376,0.000000000130143752,6573678,2019-02-03 18:29:22,btc,2.43143683,0.00609746,0.00000376,btc,0.00381016,0.0,0.22029642,113
1,[],17,[],2019-02-03 18:29:24,174538.724,0.00000004,0.000000000001384508,6573679,2019-02-03 18:29:24,btc,1.3368030274091,0.0015204,0.00000004,btc,51896.221,0.0,0.00308154896,116
0,[],27,[],2019-02-03 18:29:25,0.0,0,0,6573680,2019-02-03 18:29:25,,0.0,0.0,0,btc,0.0,0.0,0.0,116
1,[],4,[],2019-02-03 18:29:27,55261.99655666,0.00002202,0.0000000007621716540000001,6573681,2019-02-03 18:29:27,btc,0.515424121726595,0.0,0.00002202,btc,19549.04117952,0.67374017,0.9603077542842721,120
1,[],7,[],2019-02-03 18:29:28,11045.37142232,0.00001796000000000000083899033553880286717685521580278873443603515625,0.000000000621644092,6573682,2019-02-03 18:29:28,btc,88979.0119635919,31.45000271,0.00001796000000000000083899033553880286717685521580278873443603515625,btc,23623.06093591,0.00113348,0.09841811269538991,120
1,[],20,[],2019-02-03 18:29:30,1607028.1906,0.000000013,0.0000000000004499651,6573683,2019-02-03 18:29:30,btc,33.7489442370083,222.819,0.000000013,btc,1074422.3317,2.896647e-06,0.0088322132172,125
1,[],22,[],2019-02-03 18:29:33,3053.0,0.00000001,0.000000000000346127,6573684,2019-02-03 18:29:33,BTC,0.01444889,0.0,0.00000001,BTC,296264.5111111111,0.0,3.053e-05,126
1,[],4,[],2019-02-03 18:29:34,93690.2773412,0.00001742,0.000000000602953234,6573685,2019-02-03 18:29:34,btc,0.8313232259515881,0.0,0.00001742,btc,39398.07174675,0.31427595,0.6224878837769039,131
0,[],17,[],2019-02-03 18:29:35,0.0,0,0,6573686,2019-02-03 18:29:35,btc,0.0008451375975800001,0.0,0,btc,30.89614684,0.0,0.0,131
0,[],2,[],2019-01-20 23:25:46,0.0,0,0,6476969,2019-01-20 23:25:46,,0.0,0.0,0,,0.0,0.0,0.0,131
1,[],4,[],2019-02-03 18:29:36,4610.41392206,0.00016000,0.000000005538032,6573687,2019-02-03 18:29:36,btc,1.6402674784449316,0.0,0.00016000,btc,302.35845559,0.0,0.0113649732922286,135
1,[],3,[],2019-02-03 18:29:38,1797211.66354937,0.00000007,0.0000000000024228890000000002,6573688,2019-02-03 18:29:38,btc,0.1423525700714911,12780.0,0.00000007,btc,412204.02852494,0.0,0.0661396942725346,136
1,[],4,[],2019-02-03 18:29:38,97016.31731147,0.00000183,0.000000000063341241,6573689,2019-02-03 18:29:38,btc,0.3954554545813147,0.0,0.00000183,btc,156522.75363272,0.11463382,0.1353077308478746,137
1,[],12,[],2019-02-03 18:29:40,297923.4213627,0.0000018599999999999999793589590402209665853661135770380496978759765625,0.000000000064379622,6573690,2019-02-03 18:29:40,btc,11982.947509421701,0.0,0.0000018599999999999999793589590402209665853661135770380496978759765625,btc,125966.5536284,0.1074772428564376,0.0291738842977613,137
1,[],5,[],2019-02-03 18:29:41,0.00140741,0.00003919,0.000000001356471713,6573691,2019-02-03 18:29:41,btc,3.96823569,1.23027601,0.00003919,btc,0.00258198,0.0,1.39068302,142
1,[],17,[],2019-02-03 18:29:43,12500.0,0.0000001,0.00000000000346127,6573692,2019-02-03 18:29:43,btc,20.261021579010958,0.0001070700002253,0.0000001,btc,5931.99821453,0.0,0.00125,142
1,[],20,[],2019-02-03 18:29:45,150831.1479,0.00003001,0.000000001038727127,6573693,2019-02-03 18:29:45,btc,4.1908266424,69.0053,0.00003001,btc,10940.3001,0.00284301836,0.2821366863852,142
1,[],22,[],2019-02-03 18:29:48,962.0,0.00001800,0.0000000006230286,6573694,2019-02-03 18:29:48,BTC,3.00449528,0.0,0.00001800,BTC,899.098,0.0,0.0001637,142
0.0,[],25,[],2019-02-03 18:29:50,0.0,0,0,6573695,2019-02-03 18:29:50,,0.0,0.0,0.0,btc,0.0,0.0,0.0,142
1,[],28,[],2019-02-03 18:29:51,78905.0,0.00002500,0.0000000008653175,6573696,2019-02-03 18:29:51,btc,0.0367822,1479.665,0.00002500,btc,730.0,0.0,0.0362237,142
0,[],22,[],2019-01-28 18:33:43,0.0,0,0,6521842,2019-01-28 18:33:43,,61.27958297,0.0,0,,815366265.8,0.0,0.0,143
1,[],21,[],2019-02-03 18:29:52,27708889.95690266,0.00000026,0.000000000008999302,6573697,2019-02-03 18:29:52,btc,51.74197953631735,3492988.22134435,0.00000026,btc,88603314.14319567,0.95001778,3.5512507552019317,145
0,[],22,[],2019-02-03 18:29:55,0.0,0,0,6573698,2019-02-03 18:29:55,,4.57495484,0.0,0,,1918660.5,0.0,0.0,146
,[],22,[],2018-11-20 23:01:11,0.0,0,0,4862114,2018-11-20 23:01:11,,2.56807021,0.0,,,61828.4988236,0.0,0.0,147
1,[],12,[],2019-02-03 17:39:02,8690747.77802941,0.00000323999999999999989573552967858649509480528649874031543731689453125,0.000000000112285116,6573502,2019-02-03 17:39:02,btc,16.56586889746627,0.0,0.00000323999999999999989573552967858649509480528649874031543731689453125,btc,112320.49663261,0.0,0.122482819999989,148
1,[],4,[],2019-02-03 18:29:56,309782.20111355,0.00000028,0.000000000009691556000000001,6573699,2019-02-03 18:29:56,btc,0.6879409103414142,0.0,0.00000028,btc,502731.63828901,0.0,0.0688820162441798,152
0,[],22,[],2019-02-03 18:29:59,0.0,0,0,6573700,2019-02-03 18:29:59,,0.0,0.0,0,,0.0,0.0,0.0,152
1,[],5,[],2019-02-03 18:30:01,0.0,0,0,6573701,2019-02-03 18:30:01,btc,4.41744381,0.0,0,btc,0.00161275,0.0,0.0,153
,[],16,[],2019-01-11 15:38:59,0.0,0,0,6366141,2019-01-11 15:38:59,btc,0.0,0.0,,btc,0.0,0.0,0.0,155
0,[],23,[],2019-01-20 23:24:29,0.0,0,0,6476932,2019-01-20 23:24:29,,0.0,0.0,0,,0.0,0.0,0.0,156
0,[],22,[],2019-02-03 18:30:07,0.0,0,0,6573702,2019-02-03 18:30:07,,6.73312347,0.0,0,,4564272.742592593,0.0,0.0,156
1,[],22,[],2019-02-03 18:30:10,7906.0,0.00000801,0.000000000277247727,6573703,2019-02-03 18:30:10,BTC,43.78801181,0.0,0.00000801,BTC,1067.5805334758436,0.0,0.00743836,157
0,[],22,[],2019-02-03 18:30:14,0.0,0,0,6573704,2019-02-03 18:30:14,,50175.6753658,0.0,0,,54007107.04179466,0.0,0.0,158
,[],17,[],2018-11-20 22:56:10,0.0,0,0,4861976,2018-11-20 22:56:10,btc,1.1265625,0.0,,btc,1000.0,0.0,0.0,159
,[],20,[],2018-11-20 22:56:12,0.0,0,0,4861977,2018-11-20 22:56:12,btc,11912.7940471,0.0,,btc,34413894.3617,0.0,0.0,159
1,[],12,[],2019-02-03 18:30:15,188494.67568862,0.0000075100000000000000942627052802347265014759614132344722747802734375,0.000000000259941377,6573705,2019-02-03 18:30:15,btc,6.687988269805281,0.0,0.0000075100000000000000942627052802347265014759614132344722747802734375,btc,14988.87093047,0.002155758384115,0.0822367009999816,168
1,[],17,[],2019-02-03 18:30:16,29784.95,0.000001,0.0000000000346127,6573706,2019-02-03 18:30:16,btc,0.03026736251542,0.0,0.000001,btc,144.46171372,0.0,0.00716147,168
1,[],22,[],2019-02-03 18:30:20,3800.0,0.00000001,0.000000000000346127,6573707,2019-02-03 18:30:20,BTC,1.14964814,0.0,0.00000001,BTC,689592.4758060451,0.0,3.8e-05,169
1,[],22,[],2019-02-03 18:30:24,214018.2254032258,0.00000032,0.000000000011076064,6573708,2019-02-03 18:30:24,BTC,10.323546,0.0,0.00000032,BTC,114715.82607605062,0.0041457,0.02752695,171
1,[],22,[],2019-02-03 18:30:28,449786.07916666666,0.0000002,0.0000000000069225400000000005,6573709,2019-02-03 18:30:28,BTC,2.64968987,0.0,0.0000002,BTC,232393.48635179747,0.00664435,0.03574099,173
1,[],5,[],2019-02-03 18:30:30,4.452e-05,0.00000385,0.000000000133258895,6573710,2019-02-03 18:30:30,btc,0.36032075,0.00173191,0.00000385,btc,0.00031618,0.0,0.78896074,175
1,[],22,[],2019-02-03 18:30:34,49549.25714285715,0.0000004,0.000000000013845080000000001,6573711,2019-02-03 18:30:34,BTC,0.63358303,0.0,0.0000004,BTC,155090.40184992214,0.0,0.01679357,176
1,[],7,[],2019-02-03 18:30:35,0.0,0,0,6573712,2019-02-03 18:30:35,btc,233208.58190894546,0.0,0,btc,115200784.21566916,0.0,0.0,178
0,[],22,[],2019-02-03 18:30:37,0.0,0,0,6573713,2019-02-03 18:30:37,,1.00242428,0.0,0,,57512.0,0.0,0.0,178
0,[],2,[],2019-01-20 23:28:34,0.0,0,0,6477001,2019-01-20 23:28:34,,0.0,0.0,0,,0.0,0.0,0.0,178
1,[],5,[],2019-02-03 18:30:39,3e-08,0.00000002,0.000000000000692254,6573714,2019-02-03 18:30:39,btc,17.11717033,0.01376745,0.00000002,btc,2.088e-05,0.0,1.28250073,179
1,[],22,[],2019-02-03 18:30:44,7842169.0,0.00000003,0.000000000001038381,6573715,2019-02-03 18:30:44,BTC,5.52570121,0.0,0.00000003,"BTC,LTC",18396229.401989967,4.2e-07,0.38978475,179
0,[],23,[],2019-01-20 23:25:08,0.0,0,0,6476952,2019-01-20 23:25:08,,0.0,0.0,0,,0.0,0.0,0.0,179
1,[],17,[],2019-02-03 18:30:45,10504.725,0.0000001,0.00000000000346127,6573716,2019-02-03 18:30:45,btc,5.206166879877351,0.0,0.0000001,btc,6755.0074587,0.0,0.0010504725,180
1,[],22,[],2019-02-03 18:30:50,39549.94545454546,0.00000011,0.000000000003807397,6573717,2019-02-03 18:30:50,BTC,0.0962284,0.0,0.00000011,"BTC,LTC",16712.913562973266,0.00205182,0.00413695,180
1,[],26,[],2019-02-03 18:30:50,0.0,0.00000010,0.0000000000034612700000000003,6573718,2019-02-03 18:30:50,btc,0.0,0.0,0.00000010,btc,0.0,0.0,0.0,180
,[],7,[],2018-11-20 22:58:01,562227.975654,0.00000085,0.000000000036176765,4862015,2018-11-20 22:58:01,btc,21836.6059674,2491.87645172,,btc,749999.041456,0.00211021,0.127565380455,183
,[],5,[],2019-01-10 08:11:41,0.0,0,0,6347036,2019-01-10 08:11:41,btc,82.15055501,0.00261,,btc,1.19002445,0.0,0.0,187
1,[],24,[],2019-02-03 18:30:50,0.0,0.000000000001,3.46127e-17,6573719,2019-02-03 18:30:50,btc,0.0,0.0,0.000000000001,btc,0.0,0.0,0.0,187
,[],17,[],2018-11-16 20:58:10,4062536.27273,0.00000001,0.000000000000550501,4708775,2018-11-16 20:58:10,btc,3.36492563466,0.195460381006,,"btc,eth",110697919.549,0.0,0.0157628953496,187
0,[],22,[],2019-02-03 18:30:54,0.0,0,0,6573720,2019-02-03 18:30:54,,1.19382741,0.0,0,,13380.036201072173,0.0,0.0,191
0,[],22,[],2019-01-29 02:57:02,0.0,0,0,6524994,2019-01-29 02:57:02,,0.0,0.0,0,,0.0,0.0,0.0,197
0,[],23,[],2019-01-20 23:31:41,0.0,0,0,6477079,2019-01-20 23:31:41,,0.0,0.0,0,,0.0,0.0,0.0,199
1,[],26,[],2019-02-03 18:30:54,0.0,0.00000000,0,6573721,2019-02-03 18:30:54,btc,0.0,752684.0,0.00000000,btc,0.0,0.0,0.0,199
0,[],17,[],2019-01-30 16:32:01,0.0,0,0,6540827,2019-01-30 16:32:01,btc,6.802544163788159,0.0,0,btc,105897.55575295,0.0,0.0,200
0,[],2,[],2019-01-20 23:30:49,0.0,0,0,6477059,2019-01-20 23:30:49,,0.0,0.0,0,,0.0,0.0,0.0,201
1,[],4,[],2019-01-25 15:51:35,2084389.58565343,0.00000936,0.000000000333526752,6499557,2019-01-25 15:51:35,btc,2.0092503037378524,0.0,0.00000936,btc,160195.80207885,0.19272417,1.242687955921835,211
1,[],7,[],2019-02-03 18:30:58,17166127.58399004,0.000001439999999999999977188928391991229460700196796096861362457275390625,0.000000000049842288,6573722,2019-02-03 18:30:58,btc,16567795.175993327,358892.833511,0.000001439999999999999977188928391991229460700196796096861362457275390625,btc,12546012.09793424,0.0,8.795414659990403,212
1,[],12,[],2019-01-25 02:44:32,207462.42853209,0.000001080000000000000035831255497387193287295303889550268650054931640625,0.000000000038610756000000006,6493050,2019-01-25 02:44:32,btc,85023.03793723314,0.0,0.000001080000000000000035831255497387193287295303889550268650054931640625,btc,43675.73520027,0.000146250909087,0.0348620860622024,213
1,[],5,[],2019-02-03 18:30:59,5.29e-06,0.00000035,0.000000000012114445,6573723,2019-02-03 18:30:59,btc,1.11658257,0.05341085,0.00000035,btc,3.171e-05,0.0,0.25062537,213
1,[],24,[],2019-02-03 18:30:59,0.0,0.000000050000,0.0000000000017306350000000001,6573724,2019-02-03 18:30:59,btc,0.0,0.0,0.000000050000,btc,0.0,0.0,0.0,213
1,[],26,[],2019-02-03 18:30:59,0.0,0.00000009,0.000000000003115143,6573725,2019-02-03 18:30:59,btc,0.0,0.0,0.00000009,btc,0.0,0.0,0.0,213
1,[],22,[],2019-02-03 18:31:04,276400.0,0.00000002,0.000000000000692254,6573726,2019-02-03 18:31:04,BTC,70.20492877,0.0,0.00000002,BTC,291693.63137942314,0.0,0.004714,216
1,[],27,[],2019-02-03 18:31:07,5085974.0,0.0000001,0.0000000000034612700000000003,6573727,2019-02-03 18:31:07,btc,313.98413178316,0.0,0.0000001,"btc,ltc",287018.13411,0.0,0.05107350000034179,216
1,[],22,[],2019-02-03 18:31:28,244633.41803717994,0.00000235,0.000000000081339845,6573728,2019-02-03 18:31:28,BTC,12677.89641213,0.0,0.00000235,BTC,481321.85445181513,0.01593962,0.30994836,217
1,[],7,[],2019-02-03 18:31:29,0.0,0,0,6573729,2019-02-03 18:31:29,btc,77970.02600413912,0.0,0,btc,134531561.1214003,0.0,0.0,219
0,[],27,[],2019-02-03 18:31:31,0.0,0,0,6573730,2019-02-03 18:31:31,,0.0741038339680918,0.0,0,btc,1542429.2070951,0.0,0.0,219
0.0000000000000055,[],28,[],2019-02-03 18:31:36,205135012.733,6.05e-18,2.0940683500000002e-22,6573731,2019-02-03 18:31:36,doge,88554.0318717675,14258.0,0.00110000,"btc,doge",4969437.84751,0.0,3.009177320395367e-11,219
1,[],22,[],2019-02-03 18:31:39,206701.0754716981,0.00000053,0.000000000018344731,6573732,2019-02-03 18:31:39,BTC,3.00140129,0.0,0.00000053,BTC,35272.55212317522,0.0,0.02224742,221
1,[],24,[],2019-02-03 18:31:39,0.0,0.000000500000,0.00000000001730635,6573733,2019-02-03 18:31:39,btc,0.0,0.0,0.000000500000,btc,0.0,0.0,0.0,221
1,[],20,[],2019-02-03 18:31:41,9583893.0917,0.000000005,0.0000000000001730635,6573734,2019-02-03 18:31:41,btc,2.4900065173677,407139.205,0.000000005,btc,6500722.3601,0.003668628012,0.0151498934543,224
0,[],22,[],2019-02-03 18:31:44,0.0,0,0,6573735,2019-02-03 18:31:44,,0.0,0.0,0,,0.0,0.0,0.0,224
1,[],26,[],2019-02-03 18:31:44,0.0,0.00000022,0.000000000007614794,6573736,2019-02-03 18:31:44,btc,0.0,520.0,0.00000022,btc,0.0,0.0,0.0,231
1,[],26,[],2019-02-03 18:31:44,0.0,0.00000004,0.000000000001384508,6573737,2019-02-03 18:31:44,btc,0.0,2654.0,0.00000004,btc,0.0,0.0,0.0,234
0,[],27,[],2019-02-03 18:31:46,0.0,0,0,6573738,2019-02-03 18:31:46,,0.0113483662182,0.0,0,"btc,eth",11462.99618,0.0,0.0,234
0.0000000000967439,[],22,[],2019-02-03 18:31:50,8720000.0,9.67439e-19,3.34856758753e-23,6573739,2019-02-03 18:31:50,LTC,3.69887085,0.0,0.00000001,LTC,99049053.76551227,0.0,0.0872,235
1,[],4,[],2019-02-03 18:31:51,763206.95027734,0.00000064,0.000000000022152128,6573740,2019-02-03 18:31:51,btc,0.1645857320006687,0.0,0.00000064,btc,144254.81218942,0.0357881,0.1679707771978873,236
1,[],24,[],2019-02-03 18:31:51,0.0,0.000000010000,0.000000000000346127,6573741,2019-02-03 18:31:51,btc,0.0,0.0,0.000000010000,btc,0.0,0.0,0.0,236
1,[],20,[],2019-02-03 18:31:53,12792187.7417,0.000000061,0.0000000000021113747,6573742,2019-02-03 18:31:53,btc,16.2571226881866,13768975.0529,0.000000061,btc,26130913.3428,0.8885541966485,0.3777879075458,237
1,[],22,[],2019-02-03 18:32:08,10000.0,0.00000001,0.000000000000346127,6573743,2019-02-03 18:32:08,BTC,0.04083605,0.0,0.00000001,BTC,4179.0,0.0,0.0001,237
1,[],4,[],2019-02-03 18:32:09,3844099.50452299,0.00000035,0.000000000012114445,6573744,2019-02-03 18:32:09,btc,2.004396872451205,0.0,0.00000035,btc,4968361.56347498,1.3728128,1.1877619231354495,238
1,[],5,[],2019-02-03 18:32:10,4.63e-06,0.00000034,0.000000000011768318,6573745,2019-02-03 18:32:10,btc,0.79468176,0.1038455,0.00000034,btc,3.008e-05,0.0,0.2660846,238
1,[],22,[],2019-02-03 18:32:14,233208.25,0.00000004,0.000000000001384508,6573746,2019-02-03 18:32:14,BTC,15.41670515,0.0,0.00000004,BTC,333677.7139027493,0.00090779,0.00732845,249
0.0000000000967439,[],22,[],2019-02-03 18:32:17,66437.0,3.869756e-18,1.339427035012e-22,6573747,2019-02-03 18:32:17,LTC,0.34015583,0.0,0.00000004,LTC,11638612.49,0.0,0.00116201,252
1,[],28,[],2019-02-03 18:32:22,2305708.428,0.00000009,0.000000000003115143,6573748,2019-02-03 18:32:22,btc,164692.27472170623,53574.5,0.00000009,btc,718339.3995,0.0,0.07814442624,256
1,[],22,[],2019-02-03 18:32:26,102436.0,0.00000006,0.000000000002076762,6573749,2019-02-03 18:32:26,BTC,35605.56385719,0.0,0.00000006,BTC,505765.34188300685,0.00080281,0.00218642,258
1,[],22,[],2019-01-26 20:58:41,368451.0,0.00000001,0.000000000000356135,6510120,2019-01-26 20:58:41,BTC,2.642917,0.0,0.00000001,"BTC,LTC",1862.0,0.0,0.02488451,259
1,[],22,[],2019-02-03 18:32:29,5834.094285714285,0.00000700,0.0000000002422889,6573750,2019-02-03 18:32:29,BTC,4.70952382,0.0,0.00000700,BTC,8435.00951078709,0.01502586,5.9e-05,262
1,[],5,[],2019-02-03 18:32:31,6.883e-05,0.00000310,0.00000000010729937,6573751,2019-02-03 18:32:31,btc,1.18488181,0.03915484,0.00000310,btc,0.00091408,0.0,0.21658393,264
1,[],20,[],2019-02-03 18:32:33,1175018.2304,0.00000258,0.00000000008930076600000001,6573752,2019-02-03 18:32:33,btc,5.0133886155634,4415.7204,0.00000258,btc,96558.6279,0.019581134735,0.0341176341404,264
1,[],22,[],2019-02-03 18:32:36,135017.0,0.00000002,0.000000000000692254,6573753,2019-02-03 18:32:36,BTC,8.61565716,0.0,0.00000002,BTC,338294.0960910512,9.63e-05,0.00220271,271
0,[],22,[],2019-02-03 18:32:39,0.0,0,0,6573754,2019-02-03 18:32:39,,368.98163014,0.0,0,,14553457703.9,0.0,0.0,272
0.0000000000000055,[],28,[],2019-02-03 18:32:43,255309267288.48,8.8e-21,3.0459176000000003e-25,6573755,2019-02-03 18:32:43,doge,299071533.66711545,17256899302.6149,0.00000160,doge,171609753160.45508,0.0,9.460189834221608e-10,272
0,[],22,[],2019-02-03 18:32:46,0.0,0,0,6573756,2019-02-03 18:32:46,,0.0,0.0,0,,0.0,0.0,0.0,281
