pairValue,buyBook,exchangeId,sellBook,updated,buyTotal,satoshiPrice,usdPrice,exchangeLogId,created,bestPair,sellTotalBtc,volume,pairPrice,activePairs,sellTotal,volumeBtc,buyTotalBtc,coinId
0,[],2,[],2019-01-20 23:28:45,0.0,0,0,6477011,2019-01-20 23:28:45,,0.0,0.0,0,,0.0,0.0,0.0,1
1,[],3,[],2019-05-11 17:35:00,32400.513834528807,0.01067068000000000009552802993084696936421096324920654296875,0.000000739592300276,7616473,2019-05-11 17:35:00,btc,3.4709519109893523,104.438933823,0.01067068000000000009552802993084696936421096324920654296875,btc,22.396828845642002,0.0,0.4998166727795738,1
1,[],4,[],2019-05-11 17:35:01,251109.34751651,0.01075994,0.0000007457789733579999,7616474,2019-05-11 17:35:01,btc,9.228647752534696,0.0,0.01075994,btc,385.0229122,3.66766641,0.43481847362707,1
1,[],5,[],2019-05-11 17:35:04,0.0,0,0,7616475,2019-05-11 17:35:04,btc,0.0,0.16631367,0,btc,0.0,0.0,0.0,1
1,[],10,[],2019-05-11 17:35:06,253851.97842456,0.00905265,0.000000627445508355,7616476,2019-05-11 17:35:06,btc,6525.317487236456,1736.28916222,0.00905265,btc,1474.13124208,0.0,3.5745308329460936,1
1,[],12,[],2019-05-11 17:35:09,89.18610408,0.01091999999999999915178960918638040311634540557861328125,0.000000756872844,7616477,2019-05-11 17:35:09,btc,0.1558636624593,0.0,0.01091999999999999915178960918638040311634540557861328125,btc,10.62792498,0.6043805523996,0.5076575184773,1
1,[],20,[],2019-05-11 17:35:10,975.4015,0.010700233,0.0000007416406393931,7616478,2019-05-11 17:35:10,btc,0.0788042323002,0.2156,0.010700233,btc,5.2072,0.0024375189654,0.17568916868,1
1,[],21,[],2019-05-11 17:35:11,2328.3496032,0.01096075999999999994738431042,0.000000759697948132,7616479,2019-05-11 17:35:11,btc,16.347443892052365,7427.00080582,0.01096075999999999994738431041696458123624324798583984375,"btc,eth",1938.29413438,75.73836565885475,16.819269073197933,1
0,[],22,[],2019-05-11 17:35:14,0.0,0,0,7616480,2019-05-11 17:35:14,,0.3163308,0.0,0,,0.2527518593615956,0.0,0.0,1
1,[],24,[],2019-05-11 17:35:15,0.0,0.000000000000,0,7616481,2019-05-11 17:35:15,btc,0.0,0.0,0.000000000000,btc,0.0,0.0,0.0,1
0.0,[],25,[],2019-05-11 17:35:16,0.0,0,0,7616482,2019-05-11 17:35:16,btc,24.99999999896999,6069.78241783,0.0,btc,2209.97997841,65.4821,0.0,1
1,[],26,[],2019-05-11 17:35:17,0.0,0,0,7616483,2019-05-11 17:35:17,,0.0,0.0,0,,0.0,0.0,0.0,1
1,[],28,[],2019-05-11 17:35:19,987.9,0.01131000,0.000000783904017,7616484,2019-05-11 17:35:19,btc,0.161275621,360763.75,0.01131000,btc,8.7605,0.0,0.024551096,1
1,[],5,[],2019-05-11 17:35:21,0.0,0,0,7616485,2019-05-11 17:35:21,btc,0.0,7.001e-05,0,btc,0.0,0.0,0.0,2
1,[],22,[],2019-05-11 17:35:25,9148.0,0.00000001,0.0000000000006931069999999999,7616486,2019-05-11 17:35:25,BTC,21.00846647,0.0,0.00000001,"BTC,XMR",24148.96059725142,0.0,0.00095635,2
1,[],5,[],2019-05-11 17:35:27,0.0,0,0,7616487,2019-05-11 17:35:27,btc,0.0,0.07830116,0,btc,0.0,0.0,0.0,3
1,[],12,[],2019-05-11 17:35:27,3301311.31429643,0.000000144,0.000000000009980740799999999,7616488,2019-05-11 17:35:27,btc,2714597.2643037876,0.0,0.000000144,btc,3307226.68748381,0.30190026872040293,0.3579676223310359,3
0,[],28,[],2019-05-11 17:35:29,0.0,0,0,7616489,2019-05-11 17:35:29,,0.0,0.0,0,,0.0,0.0,0.0,3
0,[],2,[],2019-01-20 23:31:32,0.0,0,0,6477077,2019-01-20 23:31:32,,0.0,0.0,0,,0.0,0.0,0.0,4
1,[],4,[],2019-04-26 19:14:12,610911.70993152,0.00000026,0.000000000013566046,7471614,2019-04-26 19:14:12,btc,31.457742656463164,0.0,0.00000026,btc,718733.71307795,0.00142695,0.0638464483338706,4
0,[],12,[],2019-04-25 23:08:22,0.0,0,0,7459310,2019-04-25 23:08:22,btc,1111851.94727753,0.0,0,btc,953412.0,0.0,0.0,5
0,[],2,[],2019-01-20 23:31:51,0.0,0,0,6477087,2019-01-20 23:31:51,,0.0,0.0,0,,0.0,0.0,0.0,6
1,[],11,[],2019-05-11 17:35:30,5042415.307535999,0.00000001,0.000000000000693107,7616490,2019-05-11 17:35:30,btc,9576.519203419495,953882.934,0.00000001,btc,47488253.75253575,0.0,0.05042415307536,6
1,[],3,[],2019-05-11 17:35:31,11175.05780872774,0.0001397600000000000035858815916611774810007773339748382568359375,0.000000009686863432,7616491,2019-05-11 17:35:31,btc,14.856580992992242,72.2557011207,0.0001397600000000000035858815916611774810007773339748382568359375,btc,337.089402671701,0.0,0.039296605166558425,7
1,[],4,[],2019-05-11 17:35:32,54627.46025695,0.00013183,0.000000009137229581,7616492,2019-05-11 17:35:32,btc,7.972594375518068,0.0,0.00013183,btc,35672.72597969,5.19139494,3.5445588851424126,7
1,[],5,[],2019-05-11 17:35:33,0.0,0,0,7616493,2019-05-11 17:35:33,btc,0.0,0.81825429,0,btc,0.0,0.0,0.0,7
1,[],20,[],2019-04-07 22:06:50,3201475.0482,0.000000001,0.000000000000051590000000000004,7213932,2019-04-07 22:06:50,btc,30.8005781811902,0.0,0.000000001,btc,23077405.3926,0.0,0.0032014750482,8
0,[],2,[],2019-01-20 23:22:42,0.0,0,0,6476876,2019-01-20 23:22:42,,0.0,0.0,0,,0.0,0.0,0.0,9
0,[],23,[],2019-01-20 23:22:48,0.0,0,0,6476878,2019-01-20 23:22:48,,0.0,0.0,0,,0.0,0.0,0.0,9
1,[],1,[],2019-02-17 23:31:42,1822507.21,0.00000181000000000000003456111265232042484285557293333113193511962890625,0.000000000066086901,6701244,2019-02-17 23:31:42,btc,3.6990969245,17153386.5,0.00000181000000000000003456111265232042484285557293333113193511962890625,btc,1997391.71,31.11772986,3.2610482446,9
1,[],4,[],2019-05-11 17:35:35,22328511.53475141,0.00000066,0.000000000045745061999999996,7616494,2019-05-11 17:35:35,btc,4.406144923870613,0.0,0.00000066,btc,3416233.53189448,1.1855637,0.9221986192673207,9
1,[],28,[],2019-05-11 17:35:37,18055.0,0.00000021,0.000000000014555247,7616495,2019-05-11 17:35:37,btc,2708.775233808764,3498842.0,0.00000021,btc,25766.3492,0.0,0.00186155,9
1,[],4,[],2019-02-17 11:22:43,4341674.27126056,0.00000002,0.0000000000007272960000000001,6696112,2019-02-17 11:22:43,btc,0.1997230937751353,0.0,0.00000002,btc,4109766.79808031,0.00215132,0.0479381022052112,10
0,[],2,[],2019-01-20 23:23:08,0.0,0,0,6476890,2019-01-20 23:23:08,,0.0,0.0,0,,0.0,0.0,0.0,12
1,[],4,[],2019-05-11 17:35:38,9883959.13136094,0.00000080,0.000000000055448559999999996,7616496,2019-05-11 17:35:38,btc,6.388133284138757,0.0,0.00000080,btc,4603593.15402802,1.01639176,4.170877430217579,12
1,[],5,[],2019-05-11 17:35:39,0.0,0,0,7616497,2019-05-11 17:35:39,btc,0.0,0.07682011,0,btc,0.0,0.0,0.0,12
0.0,[],25,[],2019-05-11 17:35:40,0.0,0,0,7616498,2019-05-11 17:35:40,,0.0,0.0,0.0,btc,0.0,0.0,0.0,12
1,[],10,[],2019-05-11 15:59:57,488437.2077684,0.00000581,0.000000000399434014,7616193,2019-05-11 15:59:57,btc,666793.6206297134,19775.5595872,0.00000581,btc,734899.56095143,0.0,0.4771392951235592,13
1,[],4,[],2019-05-11 17:35:41,32179987.76039062,0.00000618,0.00000000042834012599999997,7616499,2019-05-11 17:35:41,btc,2.3409807179739537,0.0,0.00000618,btc,284810.58963841,1.44933903,1.078061499366302,13
1,[],21,[],2019-05-11 17:35:44,2929321.84807869,0.000006219999999999999739709079238,0.000000000431112554,7616500,2019-05-11 17:35:44,btc,2.9190164726632557,1613727.70162949,0.000006219999999999999739709079238370037501226761378347873687744140625,btc,412285.20999326,9.7986216,15.921258061190947,13
0,[],17,[],2019-05-03 00:53:32,0.0,0,0,7558876,2019-05-03 00:53:32,btc,0.0,0.0,0,btc,0.0,0.0,0.0,14
1,[],4,[],2019-05-11 17:35:46,1010103.57946932,0.00000084,0.000000000058220988,7616501,2019-05-11 17:35:46,btc,8.156643261519083,0.0,0.00000084,btc,1265481.18319107,0.02012285,0.1687211188191803,14
1,[],12,[],2019-05-11 17:35:47,249132.4259259,0.00000085,0.000000000058914095,7616502,2019-05-11 17:35:47,btc,0.11875279043362,0.0,0.00000085,btc,14931.03903504,0.0,0.0244030199999788,14
1,[],26,[],2019-05-11 17:37:47,0.0,0.00000050,0.00000000003465535,7616503,2019-05-11 17:37:47,btc,0.0,0.0,0.00000050,btc,0.0,0.0,0.0,14
,[],12,[],2018-12-01 15:15:48,204241.84496,0.00000489,0.000000000202473384,5260204,2018-12-01 15:15:48,btc,49.5475654835,0.0,,btc,35763.2193806,0.0163153972027625,0.0203389899998,15
0,[],4,[],2019-05-11 17:37:48,0.0,0,0,7616504,2019-05-11 17:37:48,,0.0,0.0,0,,0.0,0.0,0.0,15
0,[],2,[],2019-01-20 23:23:38,0.0,0,0,6476906,2019-01-20 23:23:38,,0.0,0.0,0,,0.0,0.0,0.0,18
0,[],17,[],2019-05-03 00:53:39,0.0,0,0,7558882,2019-05-03 00:53:39,btc,0.0,0.0,0,btc,0.0,0.0,0.0,18
1,[],4,[],2019-05-11 17:37:50,32555.75367645,0.00001327,0.000000000919752989,7616505,2019-05-11 17:37:50,btc,1.0956450148010646,0.0,0.00001327,btc,13176.15076871,0.09951317,0.0657689048704208,18
1,[],10,[],2019-05-11 17:37:52,334148.50504765,0.00001498,0.000000001038274286,7616506,2019-05-11 17:37:52,btc,15.409051604542404,3462.17838083,0.00001498,btc,9963.70135075,0.0,0.5015572696769989,18
1,[],12,[],2019-05-11 17:37:53,221605.53610179,0.00001251000000000000050327797485039127423078753054141998291015625,0.000000000867076857,7616507,2019-05-11 17:37:53,btc,33215.327281615144,0.0,0.00001251000000000000050327797485039127423078753054141998291015625,btc,1732.48267214,0.0077083472816693,0.0181979724636682,18
1,[],27,[],2019-05-11 17:40:04,100.0,0.0000001,0.0000000000069310699999999995,7616512,2019-05-11 17:40:04,btc,0.0,0.0,0.0000001,btc,0.0,0.0,1e-05,19
0,[],2,[],2019-01-20 23:24:19,0.0,0,0,6476924,2019-01-20 23:24:19,,0.0,0.0,0,,0.0,0.0,0.0,19
1,[],3,[],2019-05-11 17:39:54,158734.4666180008,0.0000128900000000000002531481968492954592875321395695209503173828125,0.0000000008934149229999999,7616508,2019-05-11 17:39:54,btc,0.2563289983771075,877.526669329,0.0000128900000000000002531481968492954592875321395695209503173828125,btc,7252.566877867577,0.0,0.051715138714599394,19
1,[],4,[],2019-05-11 17:39:55,407933.3005596,0.00001266,0.000000000877473462,7616509,2019-05-11 17:39:55,btc,3.4376380483517224,0.0,0.00001266,btc,113767.58196837,0.22320134,0.6439633605565876,19
1,[],5,[],2019-05-11 17:39:56,0.0,0,0,7616510,2019-05-11 17:39:56,btc,0.0,0.00148107,0,btc,0.0,0.0,0.0,19
1,[],12,[],2019-05-11 17:39:57,207314.65351501,0.000012239999999999999700226772925137908032411360181868076324462890625,0.000000000848362968,7616511,2019-05-11 17:39:57,btc,0.3022407967704358,0.0,0.000012239999999999999700226772925137908032411360181868076324462890625,btc,3015.57901296,0.00022504,0.0820490899997317,19
1,[],4,[],2019-05-11 17:40:05,1833878.57391266,0.00000009,0.0000000000062379629999999995,7616513,2019-05-11 17:40:05,btc,5.279309685630553,0.0,0.00000009,btc,2279170.28595418,0.0,0.0607385352282092,20
1,[],4,[],2019-05-11 17:40:06,73319152.80551691,0.00000001,0.0000000000006931069999999999,7616514,2019-05-11 17:40:06,btc,1831.8827586720074,0.0,0.00000001,btc,55179405.04778949,0.0126375,0.7331915280551692,21
1,[],12,[],2019-05-11 17:40:06,5195602.0,0.00000001,0.000000000000693107,7616515,2019-05-11 17:40:06,btc,2895.661719010819,0.0,0.00000001,btc,7235925.79820176,0.00017748,0.05195602,21
0,[],17,[],2019-05-03 00:53:51,0.0,0,0,7558891,2019-05-03 00:53:51,btc,0.0,0.0,0,btc,0.0,0.0,0.0,21
1,[],12,[],2019-05-11 17:42:08,7797658689.808,0.0000000005,0.00000000000003465535,7616516,2019-05-11 17:42:08,btc,311121819889.9734,0.0,0.0000000005,btc,2576367632.95445,0.3095997432117883,1.838619548404,23
0.0000000002776462,[],27,[],2019-05-11 17:42:19,42085518.78,5.5529240000000005e-18,3.848770494868e-22,7616517,2019-05-11 17:42:19,eth,184.182150814612,480014661.762,0.00000002,eth,10685651.7124,3.99822740268107e-09,1.9585173376391273e-10,23
1,[],4,[],2019-05-11 17:42:20,751467.62264259,0.00000030,0.00000000002079321,7616518,2019-05-11 17:42:20,btc,13.896311990496008,0.0,0.00000030,btc,2070969.61039934,0.04053307,0.0450973518271008,24
1,[],22,[],2019-05-11 17:42:23,21.76,0.00000100,0.0000000000693107,7616519,2019-05-11 17:42:23,BTC,7.415e-05,0.0,0.00000100,BTC,23.919354838709676,0.0,1.186e-05,24
0.0,[],25,[],2019-05-11 17:42:24,0.0,0,0,7616520,2019-05-11 17:42:24,,0.0,0.0,0.0,btc,0.0,0.0,0.0,24
1,[],4,[],2019-05-11 17:42:25,26980374.29694026,0.00000417,0.000000000289025619,7616521,2019-05-11 17:42:25,btc,11.265157405956364,0.0,0.00000417,btc,332102.70343434,0.06605319,0.4619153436793131,26
1,[],10,[],2019-05-11 17:42:27,158404.11491409,0.00000802,0.0000000005558718139999999,7616522,2019-05-11 17:42:27,btc,25.84195048113608,3483.83219939,0.00000802,btc,19652.82190304,0.0,0.0645060089522553,26
0,[],2,[],2019-01-20 23:25:56,0.0,0,0,6476976,2019-01-20 23:25:56,,0.0,0.0,0,,0.0,0.0,0.0,26
1,[],11,[],2019-04-30 04:16:17,7094566.83690364,0.00000006,0.000000000003115554,7518027,2019-04-30 04:16:17,btc,67504.138725751,6116.07566417,0.00000006,btc,6591680.7351637,0.0,0.38529422037817224,27
1,[],5,[],2019-04-26 09:47:06,0.0,0,0,7465326,2019-04-26 09:47:06,btc,0.0,0.0,0,btc,0.0,0.0,0.0,27
1,[],3,[],2019-04-28 02:38:55,141621.60361514,0.00000001,0.0000000000005253330000000001,7491060,2019-04-28 02:38:55,btc,2.501704004580372,921815.184511,0.00000001,btc,21091882.2176418,0.0,0.0014162160361513999,27
1,[],4,[],2019-05-11 17:42:28,1457679314.349796,0.00000001,0.0000000000006931069999999999,7616523,2019-05-11 17:42:28,btc,5.206414833637674,0.0,0.00000001,"btc,ltc",313192364.60019034,0.04056211,9.486076827350052,29
1,[],7,[],2019-05-11 17:42:29,113385941.7229273,0.00000001,0.000000000000693107,7616524,2019-05-11 17:42:29,btc,46550610.71440491,0.0,0.00000001,btc,41562910.21540755,0.0,1.133859417229273,29
1,[],4,[],2019-05-11 17:42:30,1566401.16000815,0.00000011,0.000000000007624177,7616525,2019-05-11 17:42:30,btc,2.7880483954653394,0.0,0.00000011,btc,2599336.8301508,0.0,0.0382475571522799,30
0,[],17,[],2019-05-03 01:11:25,0.0,0,0,7559066,2019-05-03 01:11:25,btc,0.0,0.0,0,btc,0.0,0.0,0.0,30
1,[],4,[],2019-05-11 17:44:30,176932.19190562,0.00005458,0.0000000037829780059999995,7616526,2019-05-11 17:44:30,btc,6.194190762802652,0.0,0.00005458,btc,60047.27862062,0.92119458,1.016250959735826,31
1,[],21,[],2019-05-11 17:44:32,46776.57966138,0.00005454999999999999779620729612,0.0000000037808986849999995,7616527,2019-05-11 17:44:32,btc,3.941264619315789,281503.63419041,0.0000545499999999999977962072961190642672590911388397216796875,btc,64431.30248539,15.49659718,2.3266620990126867,31
0,[],2,[],2019-01-20 23:28:43,0.0,0,0,6477009,2019-01-20 23:28:43,,0.0,0.0,0,,0.0,0.0,0.0,32
0,[],4,[],2019-05-11 17:44:33,0.0,0,0,7616528,2019-05-11 17:44:33,,0.0,0.0,0,,0.0,0.0,0.0,33
1,[],12,[],2019-03-30 07:55:10,40641173.964,0.00000003,0.000000000001228359,7108785,2019-03-30 07:55:10,btc,4233210.82356125,0.0,0.00000003,btc,28378394.68333462,0.0126927883965248,0.90752895892,33
0,[],4,[],2019-05-11 17:44:34,0.0,0,0,7616529,2019-05-11 17:44:34,,3.510872352555789,0.0,0,,146159298.8287807,0.0151784,0.0,34
1,[],5,[],2019-05-11 17:44:36,0.0,0,0,7616530,2019-05-11 17:44:36,btc,0.0,0.00420347,0,btc,0.0,0.0,0.0,34
0.000000000133684,[],4,[],2019-05-02 18:17:45,3384239970.6360936,1.3368400000000002e-18,7.293946092400001e-23,7556428,2019-05-02 18:17:45,ltc,5.381102735485169e-08,0.0,0.00000001,ltc,6862894551.7408495,0.0,4.524187362345155e-09,36
1,[],5,[],2019-05-02 18:17:46,0.0,0,0,7556429,2019-05-02 18:17:46,btc,0.0,0.0,0,btc,0.0,0.0,0.0,36
0.0000000002926451,[],17,[],2019-05-02 18:17:47,200000.0,2.9264510000000002e-18,1.596703856561e-22,7556430,2019-05-02 18:17:47,eth,0.20942468735267253,0.0,0.00000001,"btc,eth",1018272.20243647,0.0,5.852902e-13,36
0.000000000133684,[],27,[],2019-05-02 18:17:55,7883196.008,1.3368400000000002e-18,7.293946092400001e-23,7556431,2019-05-02 18:17:55,ltc,25567.4086131264,0.0,0.00000001,"ltc,eth",21753551.64,0.0,1.0538571751334722e-11,36
1,[],4,[],2019-05-11 17:44:37,268322.54881372,0.00000022,0.000000000015248354,7616531,2019-05-11 17:44:37,btc,19772.871134525398,0.0,0.00000022,btc,951086.45433275,0.01466836,0.0205785819466327,37
1,[],12,[],2019-05-11 17:44:38,1265869.95238094,0.00000021,0.000000000014555247,7616532,2019-05-11 17:44:38,btc,19604.33661725469,0.0,0.00000021,btc,401006.08824172,0.0417545379454431,0.1248875299999974,37
1,[],27,[],2019-05-11 17:46:46,1600.0,0.00000015,0.000000000010396605,7616533,2019-05-11 17:46:46,btc,24.12824334291843,0.0,0.00000015,btc,5839.49448498,0.0,3e-05,37
1,[],17,[],2019-05-03 01:11:36,211752.74075282,0.00000025,0.000000000013700074999999998,7559074,2019-05-03 01:11:36,btc,0.055484923955058496,0.0,0.00000025,"btc,eth",1387.19918473,0.0,0.0005381851887916605,37
1,[],5,[],2019-05-11 17:46:48,0.0,0,0,7616534,2019-05-11 17:46:48,btc,0.0,0.06424328,0,btc,0.0,0.0,0.0,42
1,[],12,[],2019-05-11 17:46:48,361813.40722345,0.000003530000000000000083782807080989840642359922640025615692138671875,0.000000000244666771,7616535,2019-05-11 17:46:48,btc,2227607.661378982,0.0,0.000003530000000000000083782807080989840642359922640025615692138671875,btc,76894.8485556,0.4179518522321387,0.0934049694168943,42
1,[],27,[],2019-05-11 17:46:58,506.0,0.00000002,0.0000000000013862139999999999,7616536,2019-05-11 17:46:58,btc,1.22636089793465,0.0,0.00000002,"btc,eth",1336.4475157,0.0,3.0000004319064286e-06,42
1,[],12,[],2019-03-13 09:13:29,1112112.0,0.00000001,0.000000000000386531,6919902,2019-03-13 09:13:29,btc,29058.00478931866,0.0,0.00000001,btc,5967681.93306694,9.99000999e-07,0.01112112,43
1,[],5,[],2019-04-26 22:38:52,0.0,0,0,7474154,2019-04-26 22:38:52,btc,0.0,0.02638891,0,btc,0.0,0.0,0.0,43
0,[],17,[],2019-04-26 22:38:53,0.0,0,0,7474155,2019-04-26 22:38:53,btc,0.0,0.0,0,btc,0.0,0.0,0.0,43
1,[],12,[],2019-03-05 01:54:08,639326.02,0.00000004,0.000000000001486676,6845775,2019-03-05 01:54:08,btc,11116042.728239931,0.0,0.00000004,btc,1103841.4595604,0.0003330765234764,0.014975410599999999,44
1,[],4,[],2019-05-11 17:47:00,130105357.71668,0.00000001,0.0000000000006931069999999999,7616537,2019-05-11 17:47:00,btc,436.8252341175779,0.0,0.00000001,"btc,ltc",23049031.09584506,0.00119067,0.27256830683423927,49
1,[],4,[],2019-05-11 17:47:01,72747471.46691003,0.00000001,0.0000000000006931069999999999,7616538,2019-05-11 17:47:01,btc,21614.575596807594,0.0,0.00000001,"btc,ltc",106782436.54071678,0.06962594,0.002534930262918098,52
0,[],22,[],2019-05-11 17:47:03,0.0,0,0,7616539,2019-05-11 17:47:03,,10289.64343849,0.0,0,,311140042.4566013,0.0,0.0,57
0,[],27,[],2019-05-11 17:47:13,0.0,0,0,7616540,2019-05-11 17:47:13,,0.0,0.0,0,"btc,eth",0.0,0.0,0.0,57
0.0000000001303028,[],4,[],2019-05-11 17:47:13,1049369965.9406304,1.3030280000000001e-18,9.03137827996e-23,7616541,2019-05-11 17:47:13,ltc,19.11026359799351,0.0,0.00000001,ltc,6047914786.257433,0.0,1.367358447979688e-09,58
1,[],12,[],2019-05-11 17:47:14,1505239584.0,0.0000000001,0.00000000000000693107,7616542,2019-05-11 17:47:14,btc,120178893.84587693,0.0,0.0000000001,btc,4517404131.214794,0.028357838602595605,0.15052395840000002,58
0.00000000010957160000000001,[],22,[],2019-05-11 17:49:18,137323.0,1.0957160000000002e-18,7.594484296120001e-23,7616543,2019-05-11 17:49:18,XMR,69.17947824,0.0,0.00000001,XMR,9887848.044444444,0.0,0.00137323,58
1,[],17,[],2019-05-03 01:12:09,1200000.0,0.0000000001,0.00000000000000548003,7559085,2019-05-03 01:12:09,btc,1e+24,0.0,0.0000000001,"btc,eth",39516342.31952568,0.0,0.00010000000058666061,58
1,[],5,[],2019-05-11 17:49:19,0.0,0,0,7616544,2019-05-11 17:49:19,btc,0.0,0.06520687,0,btc,0.0,0.0,0.0,61
1,[],22,[],2019-05-11 17:49:22,13613.833333333334,0.00000012,0.000000000008317284,7616545,2019-05-11 17:49:22,BTC,1002.29626883,0.0,0.00000012,BTC,15392.180177125656,0.0,0.00153269,61
1,[],26,[],2019-05-11 17:49:22,0.0,0.00000050,0.00000000003465535,7616546,2019-05-11 17:49:22,btc,0.0,0.0,0.00000050,btc,0.0,0.0,0.0,61
0.0000000002776462,[],27,[],2019-05-11 17:49:29,100000.0,2.7764620000000003e-18,1.924385247434e-22,7616547,2019-05-11 17:49:29,eth,1.9482732497246655,0.0,0.00000001,"btc,eth",13266.51663696,0.0,2.776462e-13,61
1,[],28,[],2019-05-11 17:49:31,1039.304,0.00000008,0.0000000000055448559999999996,7616548,2019-05-11 17:49:31,btc,2.056501795415105,802.0,0.00000008,btc,10022.46650005,0.0,2.439304e-05,61
1,[],4,[],2019-05-11 17:49:32,1196625.1805934,0.00000101,0.000000000070003807,7616549,2019-05-11 17:49:32,btc,2.1478692483095965,0.0,0.00000101,btc,711901.51755365,0.1080792,0.7749592495862291,67
0.0,[],25,[],2019-05-11 17:49:34,0.0,0,0,7616550,2019-05-11 17:49:34,,0.0,0.0,0.0,btc,0.0,0.0,0.0,67
1,[],12,[],2019-05-11 17:49:35,1438806.0,0.0000001,0.0000000000069310699999999995,7616551,2019-05-11 17:49:35,btc,55556353.36003282,0.0,0.0000001,btc,1529084.72529908,0.0005948293606395,0.02188837,71
,[],5,[],2018-11-20 23:02:39,1.5e-07,0.00000005,0.000000000002128045,4862160,2018-11-20 23:02:39,btc,2.84511358,0.0,,btc,0.00036572,0.0,0.07381892,74
1,[],5,[],2019-05-11 17:49:37,0.0,0,0,7616552,2019-05-11 17:49:37,btc,0.0,0.01327931,0,btc,0.0,0.0,0.0,75
1,[],4,[],2019-05-11 17:49:38,171583.565,0.00000001,0.0000000000006931069999999999,7616553,2019-05-11 17:49:38,btc,133650.79580718852,0.0,0.00000001,btc,34141864.07446142,0.0002,0.00171583565,81
0,[],20,[],2019-01-25 09:30:31,0.0,0,0,6495923,2019-01-25 09:30:31,btc,0.0,0.0,0,btc,0.0,0.0,0.0,81
1,[],4,[],2019-05-11 17:49:40,28293.03800294,0.00006796,0.0000000047103551719999995,7616554,2019-05-11 17:49:40,btc,19.23408952171726,0.0,0.00006796,btc,35163.81817534,0.40132679,0.3573432324724738,82
1,[],21,[],2019-05-11 17:49:40,3246532.38763489,0.00006629999999999999879974482697,0.00000000459529941,7616555,2019-05-11 17:49:40,btc,2.856091330029187,11468.86592277,0.000066299999999999998799744826971647171376389451324939727783203125,btc,37060.01440215,0.74961651,1.3650925061249262,82
0,[],17,[],2019-03-25 22:42:34,0.0,0,0,7038780,2019-03-25 22:42:34,btc,0.0445064681804024,0.0,0,btc,995513.18476001,0.0,0.0,84
0.00000000013644,[],4,[],2019-05-01 19:17:39,299701867.376,1.3644e-18,7.259508504e-23,7542161,2019-05-01 19:17:39,ltc,1.6769037726995486,0.0,0.00000001,ltc,427823536.87452894,0.00010978,4.089132278478144e-10,85
,[],22,[],2018-11-20 23:09:34,3408.1,0.0000001,0.0000000000041895,4862324,2018-11-20 23:09:34,BTC,0.04624735,0.0,,BTC,4990.0,0.0,0.00033081,86
1,[],22,[],2019-05-11 17:49:44,89999.0,0.00000001,0.0000000000006931069999999999,7616556,2019-05-11 17:49:44,BTC,3.66445213,0.0,0.00000001,BTC,336978.29736842104,0.0,0.00089999,87
1,[],27,[],2019-05-11 17:49:48,10674.0,0.00000001,0.0000000000006931069999999999,7616557,2019-05-11 17:49:48,btc,4.960708560736,0.0,0.00000001,btc,10217.62841,0.0,0.00010674,87
,[],2,[],2018-11-20 23:10:47,0.0,0,0,4862359,2018-11-20 23:10:47,,0.0,0.0,,,0.0,0.0,0.0,88
1,[],11,[],2019-05-11 17:49:51,78226.00981971,0.00013699999999999999612983192509574337236699648201465606689453125,0.0000000094955659,7616558,2019-05-11 17:49:51,btc,176.8201217836258,4804.13261273,0.00013699999999999999612983192509574337236699648201465606689453125,btc,190801.53030267,0.0,4.461643349853997,89
0,[],2,[],2019-01-20 23:31:45,0.0,0,0,6477083,2019-01-20 23:31:45,,0.0,0.0,0,,0.0,0.0,0.0,91
1,[],12,[],2019-05-11 17:49:52,415576.05267649,0.00000038,0.000000000026338066,7616559,2019-05-11 17:49:52,btc,89.86349339860153,0.0,0.00000038,btc,198530.5882901,0.0174711010281401,0.0339827071999915,91
1,[],22,[],2019-05-11 17:51:56,76014.0,0.0000008,0.000000000055448559999999996,7616560,2019-05-11 17:51:56,BTC,0.1,0.0,0.0000008,"BTC,LTC",1.0,0.0,0.0017135,91
0,[],17,[],2019-05-03 01:12:26,0.0,0,0,7559096,2019-05-03 01:12:26,btc,0.0,0.0,0,btc,0.0,0.0,0.0,91
1,[],22,[],2019-04-09 20:17:52,374949.73333333334,0.00000015,0.000000000007771935,7235704,2019-04-09 20:17:52,BTC,6.87372503,0.0,0.00000015,"BTC,LTC",159980.01196797504,1.1e-05,0.80510266,95
0.0000000001303028,[],4,[],2019-05-11 17:51:57,548414778.676088,7.818168e-17,5.418826967976e-21,7616561,2019-05-11 17:51:57,ltc,11.30774380976993,0.0,0.0000006,ltc,135910729.0574925,0.0,1.4673636930631703e-09,96
0,[],12,[],2019-05-11 17:51:58,0.0,0,0,7616562,2019-05-11 17:51:58,btc,25054.270768496473,0.0,0,btc,7546730.46658341,2.3576423576e-06,0.0,96
0,[],17,[],2019-05-03 01:12:32,0.0,0,0,7559100,2019-05-03 01:12:32,btc,0.0,0.0,0,btc,0.0,0.0,0.0,96
1,[],4,[],2019-04-14 03:32:46,1039404.33283278,0.00000038,0.000000000019245518,7293458,2019-04-14 03:32:46,btc,4.170086055365747,0.0,0.00000038,btc,3097704.34561074,0.06260606,0.1859928211030784,99
1,[],4,[],2019-05-11 17:54:00,434981.26493879,0.00003330,0.00000000230804631,7616563,2019-05-11 17:54:00,btc,7.038180056925753,0.0,0.00003330,btc,121429.16171293,0.54557121,0.5472745727839082,100
0,[],2,[],2019-01-20 23:23:55,0.0,0,0,6476914,2019-01-20 23:23:55,,0.0,0.0,0,,0.0,0.0,0.0,100
1,[],22,[],2019-05-11 17:54:03,130000.0,0.00000001,0.0000000000006931069999999999,7616564,2019-05-11 17:54:03,BTC,24.83526409,0.0,0.00000001,BTC,11187.719,0.0,0.0013,101
1,[],4,[],2019-05-11 17:54:04,636767.99498224,0.00000600,0.0000000004158642,7616565,2019-05-11 17:54:04,btc,254.35718069358327,0.0,0.00000600,btc,361062.60177946,1.57757117,0.9003624617551814,103
1,[],12,[],2019-05-11 17:54:06,103174770.76392001,0.000000005,0.0000000000003465535,7616566,2019-05-11 17:54:06,btc,468525272.54471177,0.0,0.000000005,btc,109759480.86040415,0.10245541098174608,0.2519970319677601,105
0,[],27,[],2019-05-11 17:54:13,0.0,0,0,7616567,2019-05-11 17:54:13,,0.0584885651331397,0.0,0,btc,600596.63747933,0.0,0.0,105
1,[],22,[],2019-04-21 00:17:26,21333.0,0.00000001,0.000000000000532493,7385819,2019-04-21 00:17:26,BTC,51.38182867,0.0,0.00000001,BTC,470435.0,0.0,0.00021333,107
1,[],26,[],2019-04-21 00:17:26,0.0,0.00000000,0,7385820,2019-04-21 00:17:26,btc,0.0,0.0,0.00000000,btc,0.0,0.0,0.0,107
1,[],5,[],2019-05-11 17:21:29,0.0,0,0,7616416,2019-05-11 17:21:29,btc,0.0,0.00144267,0,btc,0.0,0.0,0.0,112
1,[],22,[],2019-05-11 17:21:32,79003.0,0.00000001,0.0000000000006918100000000001,7616417,2019-05-11 17:21:32,BTC,2.78774668,0.0,0.00000001,BTC,1151913.0833333333,0.00229029,0.00079003,112
1,[],27,[],2019-05-11 17:21:40,1.0,0.00000001,0.0000000000006918100000000001,7616418,2019-05-11 17:21:40,btc,1.25032588,0.0,0.00000001,"btc,eth",1819.0,0.0,1e-08,112
1,[],4,[],2019-05-11 17:54:14,373494.77711099,0.00000151,0.000000000104659157,7616568,2019-05-11 17:54:14,btc,4.850285823710937,0.0,0.00000151,btc,521250.10627206,0.00996293,0.2088826244834531,113
1,[],5,[],2019-05-11 17:54:15,0.0,0,0,7616569,2019-05-11 17:54:15,btc,0.0,0.00712242,0,btc,0.0,0.0,0.0,113
1,[],17,[],2019-04-26 02:17:47,162738.278,0.00000004,0.0000000000021069000000000002,7461287,2019-04-26 02:17:47,btc,1.3331140273775473,0.0,0.00000004,btc,51796.221,0.0,0.00230953112,116
0,[],27,[],2019-04-26 02:19:51,0.0,0,0,7461288,2019-04-26 02:19:51,,0.0,0.0,0,,0.0,0.0,0.0,116
1,[],4,[],2019-05-07 20:09:28,131822.85721655,0.00001022,0.00000000060230548,7572994,2019-05-07 20:09:28,btc,132.18460413545117,0.0,0.00001022,btc,268070.13193351,0.06918336,1.0489745103085106,120
1,[],7,[],2019-05-07 20:09:30,9501.79941055,0.000011699999999999999788190263583231853772304020822048187255859375,0.0000000006895277999999999,7572995,2019-05-07 20:09:30,btc,231185.88817567716,62.23644451,0.000011699999999999999788190263583231853772304020822048187255859375,btc,4076.97424313,0.00072692,0.018013380795019,120
1,[],20,[],2019-04-07 18:42:29,1914137.0852,0.000000035,0.0000000000017871910000000002,7211992,2019-04-07 18:42:29,btc,32.2497668025648,25528.85,0.000000035,btc,1001975.4986,0.00089350975,0.0152723574729,125
1,[],22,[],2019-05-11 17:54:19,10000.0,0.00000001,0.0000000000006931069999999999,7616570,2019-05-11 17:54:19,BTC,0.032061,0.0,0.00000001,BTC,299316.7611111111,0.0,0.0001,126
1,[],4,[],2019-05-11 17:54:20,1852098.24075135,0.00000682,0.000000000472698974,7616571,2019-05-11 17:54:20,btc,3.362415111845856,0.0,0.00000682,btc,168667.03065286,0.12953693,0.3223197483176271,131
0,[],2,[],2019-01-20 23:25:46,0.0,0,0,6476969,2019-01-20 23:25:46,,0.0,0.0,0,,0.0,0.0,0.0,131
1,[],17,[],2019-05-03 01:13:10,10000.0,0.00000001,0.000000000000548003,7559115,2019-05-03 01:13:10,btc,0.0953976503951408,0.0,0.00000001,btc,5037.62507334,0.0,0.0001,131
1,[],4,[],2019-05-11 17:23:48,4712.5961608,0.00010321,0.00000000714017101,7616423,2019-05-11 17:23:48,btc,6.01184049590746,0.0,0.00010321,btc,195.61424306,0.0005214,0.0073717379536434,135
1,[],3,[],2019-05-11 17:23:49,72005.0,0.00000001,0.0000000000006918100000000001,7616424,2019-05-11 17:23:49,btc,0.2050087670486088,728604.5,0.00000001,btc,1779619.68412391,0.0,0.00072005,136
1,[],4,[],2019-05-11 17:23:50,2391664.73546595,0.00000184,0.00000000012729304,7616425,2019-05-11 17:23:50,btc,318.0652714735965,0.0,0.00000184,btc,516636.8971507,0.22953753,0.5769179158315865,137
1,[],12,[],2019-05-11 17:23:52,328747.18631318,0.0000019499999999999999646983772638719756287173368036746978759765625,0.00000000013490295,7616426,2019-05-11 17:23:52,btc,48531.24224747146,0.0,0.0000019499999999999999646983772638719756287173368036746978759765625,btc,41733.39122142,0.0013470882217779,0.0315496557271445,137
1,[],4,[],2019-05-11 17:23:52,56349.48828668,0.00002863,0.0000000019806520300000003,7616427,2019-05-11 17:23:52,btc,5.26908816820791,0.0,0.00002863,btc,75711.93540208,0.34834145,0.2220897611221711,142
1,[],5,[],2019-05-11 17:23:54,0.0,0,0,7616428,2019-05-11 17:23:54,btc,0.0,0.1295996,0,btc,0.0,0.0,0.0,142
1,[],20,[],2019-05-11 17:25:56,162657.4876,0.00002857,0.00000000197650117,7616429,2019-05-11 17:25:56,btc,1.7238106415453,482.2335,0.00002857,btc,8546.1606,0.015706494573,0.046131161179,142
1,[],22,[],2019-05-11 17:25:59,1370.0,0.00000200,0.00000000013836200000000002,7616430,2019-05-11 17:25:59,BTC,3.2756588,0.0,0.00000200,BTC,1135.5948275773155,0.0,0.0003632,142
0.0,[],25,[],2019-05-11 17:26:00,0.0,0,0,7616431,2019-05-11 17:26:00,,0.0,0.0,0.0,btc,0.0,0.0,0.0,142
1,[],28,[],2019-05-11 17:26:47,79102.0,0.00003311,0.00000000229058291,7616432,2019-05-11 17:26:47,btc,0.0555251924,247805.6893,0.00003311,btc,438.37303,0.0,0.07347342,142
1,[],17,[],2019-05-03 01:13:16,32967.38636364,0.00000088,0.000000000048224264,7559122,2019-05-03 01:13:16,btc,20.06976206696776,0.0,0.00000088,btc,2746.079105,0.0,0.0105613000000032,142
0,[],22,[],2019-05-11 17:26:49,0.0,0,0,7616433,2019-05-11 17:26:49,,64.16505383,0.0,0,,688775795.8,0.0,0.0,143
0,[],22,[],2019-02-25 15:42:22,0.0,0,0,6783783,2019-02-25 15:42:22,,4.2131946,0.0,0,,2322156.0,0.0,0.0,146
,[],22,[],2018-11-20 23:01:11,0.0,0,0,4862114,2018-11-20 23:01:11,,2.56807021,0.0,,,61828.4988236,0.0,0.0,147
1,[],12,[],2019-04-21 06:38:04,193091.5971266,0.00000071,0.000000000037635183,7388679,2019-04-21 06:38:04,btc,2.301232411611175,0.0,0.00000071,btc,9957.48302385,0.00023528,0.0313308199999888,148
1,[],4,[],2019-03-19 21:31:25,255810.0415942,0.00000029,0.000000000011615747,6982695,2019-03-19 21:31:25,btc,218.94922712414143,0.0,0.00000029,btc,793529.37642722,0.00117,0.0608347789473395,152
0,[],22,[],2019-03-19 21:31:27,0.0,0,0,6982696,2019-03-19 21:31:27,,0.0,0.0,0,,0.0,0.0,0.0,152
1,[],5,[],2019-04-26 09:36:59,0.0,0,0,7465040,2019-04-26 09:36:59,btc,0.0,0.0,0,btc,0.0,0.0,0.0,153
,[],16,[],2019-01-11 15:38:59,0.0,0,0,6366141,2019-01-11 15:38:59,btc,0.0,0.0,,btc,0.0,0.0,0.0,155
0,[],22,[],2019-05-11 16:24:45,0.0,0,0,7616280,2019-05-11 16:24:45,,6.80191271,0.0,0,,4673448.342592592,0.0,0.0,156
0,[],23,[],2019-01-20 23:24:29,0.0,0,0,6476932,2019-01-20 23:24:29,,0.0,0.0,0,,0.0,0.0,0.0,156
1,[],22,[],2019-05-11 17:26:52,7066.0,0.00000800,0.0000000005534480000000001,7616434,2019-05-11 17:26:52,BTC,1.79802465,0.0,0.00000800,BTC,802.6461988741639,0.0,0.00062996,157
0,[],22,[],2019-05-07 22:25:46,0.0,0,0,7574238,2019-05-07 22:25:46,,50234.60468402,0.0,0,,54786159.03179465,0.0,0.0,158
,[],17,[],2018-11-20 22:56:10,0.0,0,0,4861976,2018-11-20 22:56:10,btc,1.1265625,0.0,,btc,1000.0,0.0,0.0,159
,[],20,[],2018-11-20 22:56:12,0.0,0,0,4861977,2018-11-20 22:56:12,btc,11912.7940471,0.0,,btc,34413894.3617,0.0,0.0,159
1,[],12,[],2019-05-11 17:26:53,266329.16721779,0.0000039899999999999999147361727513949603007858968339860439300537109375,0.00000000027603219,7616435,2019-05-11 17:26:53,btc,23.17515376272054,0.0,0.0000039899999999999999147361727513949603007858968339860439300537109375,btc,12626.91716398,3.591e-07,0.0510539542998852,168
1,[],17,[],2019-05-03 01:13:36,42852.0,0.00000002,0.000000000001096006,7559132,2019-05-03 01:13:36,btc,0.04279856251542,0.0,0.00000002,btc,274.46171372,0.0,0.00052852,168
1,[],22,[],2019-05-07 03:57:18,743122.0,0.00000001,0.000000000000593596,7562020,2019-05-07 03:57:18,BTC,41.40912107,0.0,0.00000001,BTC,1593401.2737547632,0.00342649,0.00743122,169
1,[],22,[],2019-05-11 17:28:57,255790.0,0.00000003,0.00000000000207543,7616436,2019-05-11 17:28:57,BTC,27.85787118,0.0,0.00000003,BTC,427695.25197766203,0.00178018,0.0037957,171
1,[],22,[],2019-05-11 17:29:02,292228.2,0.00000013,0.00000000000899353,7616437,2019-05-11 17:29:02,BTC,823.67517957,0.0,0.00000013,"BTC,LTC",696135.1131638747,0.00261976,0.01586682,173
1,[],5,[],2019-05-06 19:49:32,0.0,0,0,7559281,2019-05-06 19:49:32,btc,0.0,0.00023336,0,btc,0.0,0.0,0.0,175
1,[],22,[],2019-05-11 17:29:05,90671.0,0.00000001,0.0000000000006918100000000001,7616438,2019-05-11 17:29:05,BTC,394.35459412,0.0,0.00000001,BTC,136275.61833431243,0.0,0.00090671,176
1,[],7,[],2019-05-11 17:29:07,0.0,0,0,7616439,2019-05-11 17:29:07,btc,520274.2870788149,0.0,0,btc,27457332.23673972,0.0,0.0,178
0,[],22,[],2019-05-11 17:29:09,0.0,0,0,7616440,2019-05-11 17:29:09,,1.00242428,0.0,0,,57512.0,0.0,0.0,178
0,[],2,[],2019-01-20 23:28:34,0.0,0,0,6477001,2019-01-20 23:28:34,,0.0,0.0,0,,0.0,0.0,0.0,178
0,[],23,[],2019-01-20 23:25:08,0.0,0,0,6476952,2019-01-20 23:25:08,,0.0,0.0,0,,0.0,0.0,0.0,179
1,[],5,[],2019-05-11 17:29:10,0.0,0,0,7616441,2019-05-11 17:29:10,btc,0.0,0.00995764,0,btc,0.0,0.0,0.0,179
1,[],22,[],2019-05-11 17:29:13,3007516.0,0.00000001,0.0000000000006918100000000001,7616442,2019-05-11 17:29:13,BTC,5.3359715,0.0,0.00000001,BTC,14191261.911946677,0.0,0.03007516,179
1,[],22,[],2019-05-11 17:31:18,656828.3091435592,0.00000200,0.00000000013836200000000002,7616443,2019-05-11 17:31:18,BTC,39.27143146,0.0,0.00000200,"BTC,LTC",46672.73404470899,0.0032564,0.57791469,180
1,[],26,[],2019-05-11 17:31:18,0.0,0.00000010,0.0000000000069181000000000006,7616444,2019-05-11 17:31:18,btc,0.0,1050.0,0.00000010,btc,0.0,0.0,0.0,180
1,[],17,[],2019-05-03 01:13:56,20504.725000000002,0.0000001,0.00000000000548003,7559141,2019-05-03 01:13:56,btc,5.2010695838400265,0.0,0.0000001,btc,5033.45945,0.0,0.0011504725,180
,[],7,[],2018-11-20 22:58:01,562227.975654,0.00000085,0.000000000036176765,4862015,2018-11-20 22:58:01,btc,21836.6059674,2491.87645172,,btc,749999.041456,0.00211021,0.127565380455,183
,[],5,[],2019-01-10 08:11:41,0.0,0,0,6347036,2019-01-10 08:11:41,btc,82.15055501,0.00261,,btc,1.19002445,0.0,0.0,187
1,[],24,[],2019-04-30 17:34:05,0.0,0.000000000014,7.396256000000001e-16,7526291,2019-04-30 17:34:05,btc,0.0,0.0,0.000000000014,btc,0.0,0.0,0.0,187
,[],17,[],2018-11-16 20:58:10,4062536.27273,0.00000001,0.000000000000550501,4708775,2018-11-16 20:58:10,btc,3.36492563466,0.195460381006,,"btc,eth",110697919.549,0.0,0.0157628953496,187
0,[],22,[],2019-04-25 02:54:07,0.0,0,0,7447896,2019-04-25 02:54:07,,7.54794454,0.0,0,,76361.7243344055,0.0,0.0,191
0,[],22,[],2019-05-11 17:31:23,0.0,0,0,7616445,2019-05-11 17:31:23,,0.0,0.0,0,,0.0,0.0,0.0,197
0,[],23,[],2019-01-20 23:31:41,0.0,0,0,6477079,2019-01-20 23:31:41,,0.0,0.0,0,,0.0,0.0,0.0,199
0.00000000012790340000000002,[],22,[],2019-05-11 17:31:27,54284090.5,2.558068e-18,1.7696970230800002e-22,7616446,2019-05-11 17:31:27,LTC,7.64520347,0.0,0.00000002,LTC,35259414.0,1.149187747354e-12,0.631678,199
1,[],26,[],2019-05-11 17:31:27,0.0,0.00000000,0,7616447,2019-05-11 17:31:27,btc,0.0,0.0,0.00000000,btc,0.0,0.0,0.0,199
0,[],2,[],2019-01-20 23:30:49,0.0,0,0,6477059,2019-01-20 23:30:49,,0.0,0.0,0,,0.0,0.0,0.0,201
1,[],4,[],2019-01-25 15:51:35,2084389.58565343,0.00000936,0.000000000333526752,6499557,2019-01-25 15:51:35,btc,2.0092503037378524,0.0,0.00000936,btc,160195.80207885,0.19272417,1.242687955921835,211
1,[],7,[],2019-05-11 17:31:30,13879789.32605088,0.00000085,0.00000000005880385,7616448,2019-05-11 17:31:30,btc,15200781.025461031,249354.836044,0.00000085,btc,13035508.05899883,0.0,1.2243277698378028,212
1,[],5,[],2019-05-07 13:02:51,0.0,0,0,7566706,2019-05-07 13:02:51,btc,0.0,0.43032184,0,btc,0.0,0.0,0.0,213
1,[],24,[],2019-05-07 13:02:52,0.0,0.000000050000,0.000000000002968865,7566707,2019-05-07 13:02:52,btc,0.0,0.0,0.000000050000,btc,0.0,0.0,0.0,213
1,[],26,[],2019-05-07 13:02:52,0.0,0.00000040,0.00000000002375092,7566708,2019-05-07 13:02:52,btc,0.0,0.0,0.00000040,btc,0.0,0.0,0.0,213
1,[],12,[],2019-01-25 02:44:32,207462.42853209,0.000001080000000000000035831255497387193287295303889550268650054931640625,0.000000000038610756000000006,6493050,2019-01-25 02:44:32,btc,85023.03793723314,0.0,0.000001080000000000000035831255497387193287295303889550268650054931640625,btc,43675.73520027,0.000146250909087,0.0348620860622024,213
0,[],22,[],2019-05-11 17:31:33,0.0,0,0,7616449,2019-05-11 17:31:33,,9.58164616,0.0,0,,2460817.094064925,0.0,0.0,216
0,[],27,[],2019-05-11 17:31:45,0.0,0,0,7616450,2019-05-11 17:31:45,,62.25177910367708,3515.0,0,"btc,ltc",224430.947308,3.515e-05,0.0,216
1,[],22,[],2019-05-11 17:31:48,302883.0849909584,0.00000079,0.00000000005465299000000001,7616451,2019-05-11 17:31:48,BTC,12054.94115967,0.0,0.00000079,BTC,433720.0018687838,0.00818447,0.03670348,217
1,[],7,[],2019-05-11 17:31:50,0.0,0,0,7616452,2019-05-11 17:31:50,btc,111302.56865462937,0.0,0,btc,137781098.61523312,0.0,0.0,219
0,[],27,[],2019-05-11 17:31:55,0.0,0,0,7616453,2019-05-11 17:31:55,,0.06997067,0.0,0,btc,1753528.0,0.0,0.0,219
0.0000000000000038,[],28,[],2019-05-11 17:32:54,552985890.83,2.4700000000000003e-18,1.7087707000000003e-22,7616454,2019-05-11 17:32:54,doge,3651185.568400157,15285.0,0.00065000,"btc,doge",45529124.3823,0.0,2.0763938774559718e-11,219
1,[],22,[],2019-05-11 17:32:58,381170.0,0.00000004,0.0000000000027672400000000002,7616455,2019-05-11 17:32:58,BTC,56.7649867,0.0,0.00000004,BTC,131552.84827387411,0.0,0.0123008,221
1,[],24,[],2019-05-11 17:32:58,0.0,0.000000010000,0.0000000000006918100000000001,7616456,2019-05-11 17:32:58,btc,0.0,0.0,0.000000010000,btc,0.0,0.0,0.0,221
1,[],20,[],2019-05-11 17:33:00,15529202.6192,0.000000012,0.000000000000830172,7616457,2019-05-11 17:33:00,btc,100091.60071606544,555022.816,0.000000012,btc,25154064.1583,0.0062415873151,0.1107493680253,224
0,[],22,[],2019-05-11 17:33:03,0.0,0,0,7616458,2019-05-11 17:33:03,,0.0,0.0,0,,0.0,0.0,0.0,224
1,[],26,[],2019-05-11 17:33:03,0.0,0.00000026,0.00000000001798706,7616459,2019-05-11 17:33:03,btc,0.0,0.0,0.00000026,btc,0.0,0.0,0.0,231
1,[],26,[],2019-05-11 17:33:03,0.0,0.00000005,0.0000000000034590500000000003,7616460,2019-05-11 17:33:03,btc,0.0,200.0,0.00000005,btc,0.0,0.0,0.0,234
0,[],27,[],2019-05-11 17:33:16,0.0,0,0,7616461,2019-05-11 17:33:16,,0.01134836604,0.0,0,"btc,eth",11462.996,0.0,0.0,234
1,[],4,[],2019-04-29 21:02:20,217188.93193785,0.00000080,0.00000000004151584,7514327,2019-04-29 21:02:20,btc,5.239800103892936,0.0,0.00000080,btc,797346.30008933,0.0,0.0590549781555679,236
1,[],24,[],2019-04-29 21:02:20,0.0,0.000000100000,0.00000000000518948,7514328,2019-04-29 21:02:20,btc,0.0,0.0,0.000000100000,btc,0.0,0.0,0.0,236
1,[],5,[],2019-05-06 20:53:15,0.0,0,0,7559637,2019-05-06 20:53:15,btc,0.0,0.20253514,0,btc,0.0,0.0,0.0,237
1,[],20,[],2019-05-06 20:53:18,38173217.6136,0.000000083,0.0000000000047460728,7559638,2019-05-06 20:53:18,btc,21342.514614200165,8832375.7238,0.000000083,btc,27701499.3386,0.7554403456107,1.3621107610479,237
1,[],22,[],2019-05-06 20:53:20,343938.0,0.00000009,0.000000000005146344,7559639,2019-05-06 20:53:20,BTC,1.20267422,0.0,0.00000009,BTC,17930.94871794872,0.0,0.01017442,237
1,[],4,[],2019-05-11 17:33:16,9270984.64847668,0.00000015,0.00000000001037715,7616462,2019-05-11 17:33:16,btc,3.4473299945365574,0.0,0.00000015,btc,9465211.51866793,0.16265627,0.836978711296574,238
1,[],5,[],2019-05-11 17:33:18,0.0,0,0,7616463,2019-05-11 17:33:18,btc,0.0,0.00442534,0,btc,0.0,0.0,0.0,238
0,[],22,[],2019-03-12 16:49:32,0.0,0,0,6914458,2019-03-12 16:49:32,,0.40415746,0.0,0,,526736.5639027493,0.0,0.0,249
0,[],22,[],2019-05-11 17:33:20,0.0,0,0,7616464,2019-05-11 17:33:20,,4.53616,0.0,0,,39012346.69978836,0.0,0.0,252
1,[],28,[],2019-05-11 17:33:47,45118178.22,0.0000003,0.0000000000207543,7616465,2019-05-11 17:33:47,btc,43892.01911065591,219533.9639,0.0000003,btc,2972263.3282,0.0,0.64236450382,256
1,[],22,[],2019-05-11 17:33:50,1088993.5,0.00000002,0.0000000000013836200000000001,7616466,2019-05-11 17:33:50,BTC,21.88116616,0.0,0.00000002,BTC,522884.63333384093,0.0,0.01124633,258
1,[],22,[],2019-03-13 00:07:30,47146.0,0.00000001,0.000000000000387233,6917028,2019-03-13 00:07:30,BTC,2.415167,0.0,0.00000001,BTC,157.0,0.0,0.00047146,259
1,[],20,[],2019-05-11 16:31:55,1277063.1474,0.000000512,0.000000000035199692799999996,7616315,2019-05-11 16:31:55,btc,4.9328496825569,70259.7779,0.000000512,btc,87941.8317,0.0820502481776,0.0213829506232,264
1,[],5,[],2019-05-11 17:33:52,0.0,0,0,7616467,2019-05-11 17:33:52,btc,0.0,0.25897421,0,btc,0.0,0.0,0.0,264
0,[],22,[],2019-04-12 17:57:27,0.0,0,0,7278186,2019-04-12 17:57:27,,66.37522201,0.0,0,,677842.4169881374,0.0,0.0,271
0,[],22,[],2019-05-11 17:33:56,0.0,0,0,7616468,2019-05-11 17:33:56,,33051802.3172899,0.0,0,,15696307799.7,0.0,0.0,272
0.0000000000000038,[],28,[],2019-05-11 17:34:24,268899238682.584,2.242e-21,1.5510380200000001e-25,7616469,2019-05-11 17:34:24,doge,26560079.436544094,8613715454.0699,0.00000059,doge,366066569760.476,0.0,2.001580235472773e-10,272
1,[],22,[],2019-05-11 17:34:28,127494.9,0.0000001,0.0000000000069181000000000006,7616470,2019-05-11 17:34:28,BTC,427.36616185,0.0,0.0000001,BTC,251562.95264460208,0.00053887,0.0039353,281
1,[],22,[],2019-05-11 17:34:33,307873.1,0.00000002,0.0000000000013836200000000001,7616471,2019-05-11 17:34:33,BTC,1.50212513,0.0,0.00000002,"BTC,LTC",532247.8256135201,0.00654544,0.01130878,286
0,[],22,[],2019-05-11 17:34:36,0.0,0,0,7616472,2019-05-11 17:34:36,,7337892.75526966,0.0,0,,1388519262.7797825,0.0,0.0,294
