pairValue,buyBook,exchangeId,sellBook,updated,buyTotal,satoshiPrice,usdPrice,exchangeLogId,created,bestPair,sellTotalBtc,volume,pairPrice,activePairs,sellTotal,volumeBtc,buyTotalBtc,coinId
1,[],3,[],2019-02-10 13:04:08,113.048367141821,0.01311669000000000029348967700570938177406787872314453125,0.00000047537507898,6624467,2019-02-10 13:04:08,btc,107.09042908972232,0.06923177,0.01311669000000000029348967700570938177406787872314453125,btc,23.236683825300002,0.0,0.056509309660809186,1
0,[],2,[],2019-01-20 23:28:45,0.0,0,0,6477011,2019-01-20 23:28:45,,0.0,0.0,0,,0.0,0.0,0.0,1
1,[],4,[],2019-02-10 13:04:09,110076.15569271,0.01305203,0.00000047303167125999996,6624468,2019-02-10 13:04:09,btc,1.153862409428423,0.0,0.01305203,btc,84.48459925,1.64834583,1.3958106835668356,1
1,[],5,[],2019-02-10 13:04:11,0.33128964,0.01311978,0.00000047548706675999997,6624469,2019-02-10 13:04:11,btc,14577.93186074,0.00082624,0.01311978,btc,35555556.07681644,0.0,2.88809755,1
1,[],10,[],2019-02-10 13:04:13,414608.64708876,0.01191513,0.00000043182814146,6624470,2019-02-10 13:04:13,btc,6531.885956796782,1468.25366048,0.01191513,btc,930.72904615,0.0,4.351606778413651,1
1,[],12,[],2019-02-10 13:04:15,10431.03066308,0.01299999999999999940325512426397835952229797840118408203125,0.000000471146,6624471,2019-02-10 13:04:15,btc,0.4116937102124,0.0,0.01299999999999999940325512426397835952229797840118408203125,btc,24.20676682,0.6655128153301,0.28921125665840003,1
1,[],20,[],2019-02-10 13:04:17,1149.1164,0.010400104,0.000000376920569168,6624472,2019-02-10 13:04:17,btc,0.0573537536243,0.218,0.010400104,btc,2.5253,0.0025453551741,0.0832233683099,1
1,[],21,[],2019-02-10 13:04:19,2897.47966147,0.01306412000000000024624302597,0.00000047346983704,6624473,2019-02-10 13:04:19,btc,14.691940276932675,2297.90197128,0.01306412000000000024624302596976122003979980945587158203125,"btc,eth",1594.2697546499999,22.885327363535808,23.06013657575869,1
1,[],22,[],2019-02-10 13:04:23,0.0263776,0.01350000,0.000000489267,6624474,2019-02-10 13:04:23,BTC,0.31397231,0.0,0.01350000,BTC,0.10124366666666666,0.0,0.00034472,1
1,[],24,[],2019-02-10 13:04:24,0.0,0.000000000000,0,6624475,2019-02-10 13:04:24,btc,0.0,0.0,0.000000000000,btc,0.0,0.0,0.0,1
0.0,[],25,[],2019-02-10 13:04:25,0.0,0,0,6624476,2019-02-10 13:04:25,btc,14.861599997633027,539.24113872,0.0,btc,1103.43640127,7.1336,0.0,1
1,[],26,[],2019-02-10 13:04:35,0.0,0,0,6624477,2019-02-10 13:04:35,,0.0,0.0,0,,0.0,0.0,0.0,1
1,[],28,[],2019-02-10 13:04:37,992.968,0.01231000,0.00000044613902,6624478,2019-02-10 13:04:37,btc,0.163517306,18263.0,0.01231000,btc,8.95,0.0,0.086870176,1
1,[],5,[],2019-02-10 13:04:39,1.656e-05,0.00000063,0.00000000002283246,6624479,2019-02-10 13:04:39,btc,0.13290115,0.0,0.00000063,btc,6.699e-05,0.0,0.4380289,2
0,[],22,[],2019-02-10 13:04:42,0.0,0,0,6624480,2019-02-10 13:04:42,,0.0,0.0,0,,0.0,0.0,0.0,2
0,[],28,[],2019-02-10 12:57:41,0.0,0,0,6624274,2019-02-10 12:57:41,,0.0,0.0,0,,0.0,0.0,0.0,3
1,[],5,[],2019-02-10 13:04:43,1.42e-06,0.00000017,0.00000000000616114,6624481,2019-02-10 13:04:43,btc,4.32259885,0.33944323,0.00000017,btc,2.267e-05,0.0,2.901689,3
1,[],12,[],2019-02-10 13:04:45,12537261.86176769,0.000000171,0.000000000006197382,6624482,2019-02-10 13:04:45,btc,923317.419454466,0.0,0.000000171,btc,8060959.70560418,0.0823360467750003,0.5541499161696595,3
1,[],4,[],2019-02-10 12:57:42,377107.70903371,0.00000031,0.000000000011238461,6624275,2019-02-10 12:57:42,btc,0.3922358258739928,0.0,0.00000031,btc,343665.15055947,0.01251819,0.0468734550399032,4
0,[],2,[],2019-01-20 23:31:32,0.0,0,0,6477077,2019-01-20 23:31:32,,0.0,0.0,0,,0.0,0.0,0.0,4
1,[],12,[],2019-02-10 12:57:43,1592611.5219999999,0.00000004,0.000000000001450124,6624276,2019-02-10 12:57:43,btc,11113878.37887196,0.0,0.00000004,btc,983950.27743282,0.0024867555244745,0.02758729044,5
1,[],11,[],2019-02-10 12:57:45,2409097.4999525,0.00000002,0.000000000000725062,6624277,2019-02-10 12:57:45,btc,9433.334643856097,100000.0,0.00000002,btc,40197729.58502706,0.0,0.032022554999050004,6
0,[],2,[],2019-01-20 23:31:51,0.0,0,0,6477087,2019-01-20 23:31:51,,0.0,0.0,0,,0.0,0.0,0.0,6
1,[],3,[],2019-02-10 12:57:46,1074.273146428111,0.00014521000000000000053346216333238771767355501651763916015625,0.000000005264312651,6624278,2019-02-10 12:57:46,btc,28.399990609446498,0.0,0.00014521000000000000053346216333238771767355501651763916015625,btc,235.145665820227,0.0,0.031531977816658056,7
1,[],4,[],2019-02-10 12:57:46,25493.43866441,0.00019128,0.0000000069344929680000004,6624279,2019-02-10 12:57:46,btc,1.6208778033944748,0.0,0.00019128,btc,7436.06077444,2.86245273,4.125775274996606,7
1,[],5,[],2019-02-10 12:57:47,0.0054952,0.00019201,0.000000006960957731,6624280,2019-02-10 12:57:47,btc,1.49002772,0.19775388,0.00019201,btc,0.01221495,0.0,1.66687593,7
1,[],20,[],2019-02-10 12:57:49,59396670.6962,0.000000001,0.0000000000000362531,6624281,2019-02-10 12:57:49,btc,116.5910294586651,1742298.196,0.000000001,btc,33000974.6586,0.001742298196,0.0593966706962,8
1,[],1,[],2019-02-10 12:57:50,1999015.58,0.00000199000000000000000523994909962244292955801938660442829132080078125,0.000000000072143669,6624282,2019-02-10 12:57:50,btc,7.1107559034,8493598.45,0.00000199000000000000000523994909962244292955801938660442829132080078125,btc,3501903.14,16.87554117,3.9198102054,9
1,[],4,[],2019-02-10 12:57:51,479974.13992916,0.00000196,0.000000000071056076,6624283,2019-02-10 12:57:51,btc,0.709316973715263,0.0,0.00000196,btc,354286.04262677,1.65179246,0.9047458918608408,9
1,[],28,[],2019-02-10 12:57:56,34500.0,0.00000165,0.000000000059817615,6624284,2019-02-10 12:57:56,btc,2708.76119522,3553698.0,0.00000165,btc,11732.68,0.0,0.02854,9
0,[],2,[],2019-01-20 23:22:42,0.0,0,0,6476876,2019-01-20 23:22:42,,0.0,0.0,0,,0.0,0.0,0.0,9
0,[],23,[],2019-01-20 23:22:48,0.0,0,0,6476878,2019-01-20 23:22:48,,0.0,0.0,0,,0.0,0.0,0.0,9
1,[],4,[],2019-02-10 09:54:02,5828483.02026053,0.00000002,0.000000000000726692,6623074,2019-02-10 09:54:02,btc,0.2014004865591215,0.0,0.00000002,btc,4198675.28035349,0.00021932,0.0653957035452106,10
1,[],4,[],2019-02-10 12:57:57,2247890.26637428,0.00000143,0.000000000051841933,6624285,2019-02-10 12:57:57,btc,1.2293279457404338,0.0,0.00000143,btc,805652.03763737,1.12284286,3.020868788833213,12
1,[],5,[],2019-02-10 12:57:58,2.033e-05,0.00000141,0.000000000051116871000000003,6624286,2019-02-10 12:57:58,btc,0.5153715,0.07180357,0.00000141,btc,0.00011233,0.0,0.10780468,12
0.0,[],25,[],2019-02-10 12:57:59,0.0,0,0,6624287,2019-02-10 12:57:59,,0.0,0.0,0.0,btc,0.0,0.0,0.0,12
0,[],2,[],2019-01-20 23:23:08,0.0,0,0,6476890,2019-01-20 23:23:08,,0.0,0.0,0,,0.0,0.0,0.0,12
1,[],4,[],2019-02-10 12:58:00,1341382.78760557,0.00000639,0.000000000231657309,6624288,2019-02-10 12:58:00,btc,0.8138648506246969,0.0,0.00000639,btc,114670.90246881,0.42651017,1.4801576061990511,13
1,[],21,[],2019-02-10 12:58:03,644841.0183308499,0.000006630000000000000049381072148,0.000000000240358053,6624289,2019-02-10 12:58:03,btc,3.8306413432305777,716244.33364986,0.0000066300000000000000493810721480247849513034452684223651885986328125,btc,512795.86122043,4.68008621,3.8693945728716415,13
1,[],10,[],2019-02-10 11:57:47,424376.17252166,0.000006,0.0000000002181648,6623849,2019-02-10 11:57:47,btc,666806.5213128682,29633.6283552,0.000006,btc,760344.68125711,0.0,0.2507272374675094,13
1,[],4,[],2019-02-10 12:58:03,1158614.49106998,0.00000138,0.000000000050029278,6624290,2019-02-10 12:58:03,btc,0.1537930369000655,0.0,0.00000138,btc,87350.49586215,0.00890032,0.4589222650536691,14
1,[],12,[],2019-02-10 12:58:04,89280.14285714,0.00000128000000000000002678087786256444502441809163428843021392822265625,0.000000000046403968,6624291,2019-02-10 12:58:04,btc,1.7677646941856755,0.0,0.00000128000000000000002678087786256444502441809163428843021392822265625,btc,29149.33237149,0.0013886462454403,0.0112277499999964,14
0,[],17,[],2019-02-10 12:58:06,0.0,0,0,6624292,2019-02-10 12:58:06,btc,0.0,0.0,0,btc,0.0,0.0,0.0,14
1,[],26,[],2019-02-10 12:58:06,0.0,0.00000049,0.000000000017764019,6624293,2019-02-10 12:58:06,btc,0.0,0.0,0.00000049,btc,0.0,0.0,0.0,14
0,[],4,[],2019-02-10 12:58:07,0.0,0,0,6624294,2019-02-10 12:58:07,,0.0,0.0,0,,0.0,0.0,0.0,15
,[],12,[],2018-12-01 15:15:48,204241.84496,0.00000489,0.000000000202473384,5260204,2018-12-01 15:15:48,btc,49.5475654835,0.0,,btc,35763.2193806,0.0163153972027625,0.0203389899998,15
1,[],4,[],2019-02-10 12:58:09,23412.03383016,0.00001746,0.000000000632979126,6624295,2019-02-10 12:58:09,btc,2.2819944435319472,0.0,0.00001746,btc,10797.92473343,0.05760284,0.0372221967390017,18
1,[],10,[],2019-02-10 12:58:11,789836.47228404,0.0000184,0.00000000066705704,6624296,2019-02-10 12:58:11,btc,15.543213218735819,74.3,0.0000184,btc,10730.36055816,0.0,0.3111991456182208,18
1,[],12,[],2019-02-10 12:58:12,204525.84081368998,0.000017560000000000001280607564435598533236770890653133392333984375,0.000000000636604436,6624297,2019-02-10 12:58:12,btc,2.980919514999129,0.0,0.000017560000000000001280607564435598533236770890653133392333984375,btc,1760.57503457,0.0006736437505593,0.038366523246908396,18
0,[],17,[],2019-02-10 12:58:14,0.0,0,0,6624298,2019-02-10 12:58:14,btc,0.0,0.0,0,btc,0.0,0.0,0.0,18
0,[],2,[],2019-01-20 23:23:38,0.0,0,0,6476906,2019-01-20 23:23:38,,0.0,0.0,0,,0.0,0.0,0.0,18
1,[],3,[],2019-02-10 12:58:15,129582.10659579978,0.0000220500000000000006433222010659989109626621939241886138916015625,0.0000000007993808550000001,6624299,2019-02-10 12:58:15,btc,0.4672449630434957,1.085,0.0000220500000000000006433222010659989109626621939241886138916015625,btc,5018.393100515442,0.0,0.09801618068175123,19
1,[],4,[],2019-02-10 12:58:15,221393.30611235,0.00002856,0.000000001035388536,6624300,2019-02-10 12:58:15,btc,0.254977200421035,0.0,0.00002856,btc,8162.48839272,0.42612577,3.0072181109057534,19
1,[],5,[],2019-02-10 12:58:17,0.00024372,0.00002505,0.000000000908140155,6624301,2019-02-10 12:58:17,btc,0.273118,0.00573944,0.00002505,btc,0.00312939,0.0,0.07727574,19
1,[],12,[],2019-02-10 12:58:18,134842.47274466,0.0000313699999999999995015965981171035537045099772512912750244140625,0.000000001137259747,6624302,2019-02-10 12:58:18,btc,0.030653839137011002,0.0,0.0000313699999999999995015965981171035537045099772512912750244140625,btc,315.13379057,6.134e-05,0.0327159399999842,19
0,[],27,[],2019-02-10 12:58:20,0.0,0,0,6624303,2019-02-10 12:58:20,,0.0,0.0,0,btc,0.0,0.0,0.0,19
0,[],2,[],2019-01-20 23:24:19,0.0,0,0,6476924,2019-01-20 23:24:19,,0.0,0.0,0,,0.0,0.0,0.0,19
1,[],4,[],2019-02-10 12:58:20,8027823.88110803,0.00000014,0.000000000005075434,6624304,2019-02-10 12:58:20,btc,0.811248391212271,0.0,0.00000014,btc,1592957.19601598,0.00321595,0.2539391321350342,20
1,[],4,[],2019-02-10 12:58:28,113166115.81108892,0.00000002,0.000000000000725062,6624305,2019-02-10 12:58:28,btc,0.5793980353918431,0.0,0.00000002,btc,15619760.74233774,0.00129065,1.3314895204316188,21
1,[],12,[],2019-02-10 12:58:30,18999837.0,0.00000002,0.000000000000725062,6624306,2019-02-10 12:58:30,btc,669.4758355491022,0.0,0.00000002,btc,8564579.84915351,1.8e-07,0.25303702,21
0,[],17,[],2019-02-10 12:58:31,0.0,0,0,6624307,2019-02-10 12:58:31,btc,0.0,0.0,0,btc,0.0,0.0,0.0,21
1,[],12,[],2019-02-10 12:58:32,2564861560.043896,0.0000000002,0.000000000000007250620000000001,6624308,2019-02-10 12:58:32,btc,825864718656.2299,0.0,0.0000000002,btc,4302724321.271933,0.00365220958881196,0.26565959955558976,23
0,[],27,[],2019-02-10 12:58:34,0.0,0,0,6624309,2019-02-10 12:58:34,,0.426429,0.0,0,eth,426429.0,0.0,0.0,23
1,[],4,[],2019-02-10 12:58:35,376850.07178676,0.00000067,0.000000000024289577,6624310,2019-02-10 12:58:35,btc,0.1217651156043818,0.0,0.00000067,btc,111646.21561706,0.00990327,0.1894242100128981,24
1,[],22,[],2019-02-10 12:58:38,11.76,0.00000100,0.0000000000362531,6624311,2019-02-10 12:58:38,BTC,7.415e-05,0.0,0.00000100,BTC,23.919354838709676,0.0,1.176e-05,24
0.0,[],25,[],2019-02-10 12:58:40,0.0,0,0,6624312,2019-02-10 12:58:40,,0.0,0.0,0.0,btc,0.0,0.0,0.0,24
1,[],4,[],2019-02-10 12:58:41,27833126.49830767,0.00000589,0.000000000213530759,6624313,2019-02-10 12:58:41,btc,0.4176266929544884,0.0,0.00000589,btc,36462.734589,0.043381,0.4060817357530331,26
1,[],10,[],2019-02-10 12:58:43,725954.42343846,0.00000597,0.000000000216431007,6624314,2019-02-10 12:58:43,btc,25.923026057303076,133.0,0.00000597,btc,13270.96477388,0.0,0.2085587870239251,26
0,[],2,[],2019-01-20 23:25:56,0.0,0,0,6476976,2019-01-20 23:25:56,,0.0,0.0,0,,0.0,0.0,0.0,26
1,[],3,[],2019-02-10 12:58:44,6078929.03885143,0.00000001,0.000000000000362531,6624315,2019-02-10 12:58:44,btc,2.512782263700088,0.0,0.00000001,btc,16082144.50261569,0.0,0.0607892903885143,27
1,[],5,[],2019-02-10 12:58:45,1e-08,0.00000001,0.000000000000362531,6624316,2019-02-10 12:58:45,btc,1.55088722,0.0,0.00000001,btc,4.577e-05,0.0,0.10808531,27
1,[],11,[],2019-02-10 12:58:46,10064996.7912115,0.00000005,0.000000000001812655,6624317,2019-02-10 12:58:46,btc,370.63310344475406,219.9,0.00000005,btc,8170877.7193934005,0.0,0.4661206184459823,27
1,[],4,[],2019-02-10 12:58:48,558017690.264962,0.00000002,0.000000000000725062,6624318,2019-02-10 12:58:48,btc,0.3361301991795458,0.0,0.00000002,"btc,ltc",75490737.26059625,0.166265,7.047102759665983,29
1,[],7,[],2019-02-10 12:58:48,28850655.15162052,0.00000002,0.000000000000725062,6624319,2019-02-10 12:58:48,btc,44465206.22033322,8732.93373293,0.00000002,btc,52301008.11289085,0.00026199,0.422035136865903,29
1,[],4,[],2019-02-10 12:58:49,1540339.49145173,0.00000030,0.00000000001087593,6624320,2019-02-10 12:58:49,btc,0.2238750970622221,0.0,0.00000030,btc,445803.58254802,0.03397607,0.1251670268380644,30
0,[],17,[],2019-02-10 12:58:52,0.0,0,0,6624321,2019-02-10 12:58:52,btc,0.0,0.0,0,btc,0.0,0.0,0.0,30
1,[],4,[],2019-02-10 12:58:52,1756453.56948025,0.00006302,0.000000002284670362,6624322,2019-02-10 12:58:52,btc,1.0603399770911242,0.0,0.00006302,btc,14472.2347117,0.50237731,2.173467592580138,31
1,[],21,[],2019-02-10 12:58:53,74570.53891711,0.00006317000000000000674467426354,0.0000000022901083270000002,6624323,2019-02-10 12:58:53,btc,2.167171844861707,118385.82807867,0.00006317000000000000674467426353686505535733886063098907470703125,btc,30884.25425789,7.52196908,4.390641486817181,31
0,[],2,[],2019-01-20 23:28:43,0.0,0,0,6477009,2019-01-20 23:28:43,,0.0,0.0,0,,0.0,0.0,0.0,32
1,[],4,[],2019-02-10 12:58:55,134224468.68703786,0.00000004,0.000000000001450124,6624324,2019-02-10 12:58:55,btc,2.000519754315874,0.0,0.00000004,"btc,ltc",43301299.25920307,0.5614901,1.8701025293992384,33
1,[],12,[],2019-02-10 12:58:56,13634215.0,0.00000005,0.000000000001812655,6624325,2019-02-10 12:58:56,btc,34509078.50457239,0.0,0.00000005,btc,89065586.24475507,0.0652111175824172,0.44519231,33
1,[],4,[],2019-02-10 12:58:57,124572857.82215793,0.00000002,0.000000000000725062,6624326,2019-02-10 12:58:57,btc,0.7475877285911442,0.0,0.00000002,btc,24919590.95303814,1.14421936,1.2931480510115794,34
1,[],5,[],2019-02-10 12:58:58,3e-08,0.00000002,0.000000000000725062,6624327,2019-02-10 12:58:58,btc,4.149045,0.00219651,0.00000002,btc,1.394e-05,0.0,0.83612882,34
0.0000000001198375,[],4,[],2019-02-10 12:58:59,774472131.1461179,3.5951249999999996e-18,1.303344261375e-22,6624328,2019-02-10 12:58:59,ltc,1.061495524756253e-08,0.0,0.00000003,ltc,1873812775.5147543,0.0,1.5568584981111913e-09,36
1,[],5,[],2019-02-10 12:59:00,0.0,0,0,6624329,2019-02-10 12:59:00,btc,197.40695888,0.0,0,btc,1.325e-05,0.0,0.0,36
0,[],17,[],2019-02-10 12:59:01,0.0,0,0,6624330,2019-02-10 12:59:01,btc,0.07464582775745092,0.00018553,0,btc,4105386.20243647,0.0,0.0,36
0.0000000001198375,[],27,[],2019-02-10 12:59:03,1000000.0,2.39675e-18,8.6889617425e-23,6624331,2019-02-10 12:59:03,ltc,252.8263276744,0.0,0.00000002,"ltc,eth",3711879.06,0.0,2.39675e-12,36
1,[],4,[],2019-02-10 12:59:04,316681.05287721,0.00000136,0.000000000049304216,6624332,2019-02-10 12:59:04,btc,0.4461822744118838,0.0,0.00000136,btc,249870.42021989,0.02026664,0.234635037865246,37
1,[],12,[],2019-02-10 12:59:05,475539.38643489,0.000001359999999999999896105784720490294859018831630237400531768798828125,0.000000000049304216,6624333,2019-02-10 12:59:05,btc,1341.1836946749695,0.0,0.000001359999999999999896105784720490294859018831630237400531768798828125,btc,762558.78571359,0.065608380224977,0.2892956800000099,37
1,[],17,[],2019-02-10 12:59:06,1752.74075282,0.00000025,0.000000000009063275,6624334,2019-02-10 12:59:06,btc,0.05548492397236085,0.0,0.00000025,btc,1387.19918473,0.0,0.00043818518820499993,37
1,[],27,[],2019-02-10 12:59:08,16422.0,0.00000052,0.000000000018851612,6624335,2019-02-10 12:59:08,btc,51.75602025030353,0.0,0.00000052,btc,29579.81438508,0.0,0.00569662,37
1,[],5,[],2019-02-10 12:59:09,1.591e-05,0.00000088,0.000000000031902728,6624336,2019-02-10 12:59:09,btc,0.08811754,0.03552791,0.00000088,btc,9.474e-05,0.0,0.03845851,42
1,[],12,[],2019-02-10 12:59:10,126991.89655173,0.00000101999999999999997501889774376149233603428001515567302703857421875,0.000000000036978161999999997,6624337,2019-02-10 12:59:10,btc,96.19024643312157,0.0,0.00000101999999999999997501889774376149233603428001515567302703857421875,btc,100379.23454909,0.0071178130569415,0.0463078700000051,42
0,[],27,[],2019-02-10 12:59:12,0.0,0,0,6624338,2019-02-10 12:59:12,,0.00315028,0.0,0,"btc,eth",11.007,0.0,0.0,42
1,[],5,[],2019-02-10 12:59:14,3e-08,0.00000002,0.000000000000725062,6624339,2019-02-10 12:59:14,btc,6.25751433,4.568e-05,0.00000002,btc,1.425e-05,0.0,0.55206625,43
1,[],12,[],2019-02-10 12:59:15,6658033.0,0.00000002,0.000000000000725062,6624340,2019-02-10 12:59:15,btc,20007456.47408223,0.0,0.00000002,btc,38925720.08831168,0.0,0.06715438,43
0,[],17,[],2019-02-10 12:59:16,0.0,0,0,6624341,2019-02-10 12:59:16,btc,0.0,0.0,0,btc,0.0,0.0,0.0,43
1,[],12,[],2019-02-10 12:59:18,812215.0,0.00000006,0.000000000002175186,6624342,2019-02-10 12:59:18,btc,11115167.07160101,0.0,0.00000006,btc,1034025.14385612,8.544e-05,0.02414484,44
1,[],4,[],2019-02-10 12:59:19,224538086.9529015,0.00000002,0.000000000000725062,6624343,2019-02-10 12:59:19,btc,0.18517221915032486,0.0,0.00000002,"btc,ltc",4436321.3796748,0.00151616,0.4319694819151643,49
0.0000000001198375,[],4,[],2019-02-10 12:59:20,2891142079.438449,1.198375e-18,4.34448087125e-23,6624344,2019-02-10 12:59:20,ltc,4.645173507348906,0.0,0.00000001,ltc,2959449509.359403,0.0,3.464672389447051e-09,52
0,[],22,[],2019-02-10 12:59:23,0.0,0,0,6624345,2019-02-10 12:59:23,,3693.4427291,0.0,0,,261911682.90882352,0.0,0.0,57
0,[],27,[],2019-02-10 12:59:25,0.0,0,0,6624346,2019-02-10 12:59:25,,0.0,0.0,0,"btc,eth",0.0,0.0,0.0,57
0.0000000001198375,[],4,[],2019-02-10 12:59:25,1181731676.4547167,5.9918749999999996e-18,2.172240435625e-22,6624347,2019-02-10 12:59:25,ltc,3.279644195355134,0.0,0.00000005,ltc,895406034.7944552,0.0,3.7869010154824406e-09,58
1,[],12,[],2019-02-10 12:59:27,1949983299.843957,0.0000000005,0.00000000000001812655,6624348,2019-02-10 12:59:27,btc,224005489676.46368,0.0,0.0000000005,btc,3360485297.6796255,0.0505353358166833,0.6900442705011391,58
0,[],17,[],2019-02-10 12:59:28,0.0,0,0,6624349,2019-02-10 12:59:28,btc,1e+24,0.0,0,btc,41481695.95832568,0.0,0.0,58
0.00000000012891200000000001,[],22,[],2019-02-10 12:59:32,137438.0,1.28912e-18,4.6734596272000003e-23,6624350,2019-02-10 12:59:32,XMR,69.8835922,0.0,0.00000001,XMR,9887963.0,0.0,0.00137438,58
1,[],5,[],2019-02-10 12:59:34,8.26e-06,0.00000077,0.000000000027914887,6624351,2019-02-10 12:59:34,btc,0.25142666,0.00721429,0.00000077,btc,0.00013436,0.0,0.06853474,61
1,[],22,[],2019-02-10 12:59:37,5111.5,0.00000011,0.000000000003987841,6624352,2019-02-10 12:59:37,BTC,1002.29598212,0.0,0.00000011,BTC,14957.700278135757,0.0,0.00051178,61
1,[],26,[],2019-02-10 12:59:37,0.0,0.00000800,0.0000000002900248,6624353,2019-02-10 12:59:37,btc,0.0,0.0,0.00000800,btc,0.0,0.0,0.0,61
1,[],27,[],2019-02-10 12:59:39,4150.0,0.0000005,0.00000000001812655,6624354,2019-02-10 12:59:39,btc,10.716007640280797,400.34587274,0.0000005,"btc,eth",13999.55042333,0.027031130016092454,0.0006160000016964667,61
1,[],28,[],2019-02-10 12:59:41,6884.304,0.0000006,0.00000000002175186,6624355,2019-02-10 12:59:41,btc,2.056356993700105,795.0,0.0000006,btc,9757.52450005,0.0,0.00216611304,61
1,[],4,[],2019-02-10 12:59:42,489962.39802523,0.00000270,0.00000000009788337,6624356,2019-02-10 12:59:42,btc,1.2802530214467756,0.0,0.00000270,btc,303545.1331972,1.60547471,0.7726664311624013,67
0.0,[],25,[],2019-02-10 12:59:43,0.0,0,0,6624357,2019-02-10 12:59:43,,0.0,0.0,0.0,btc,0.0,0.0,0.0,67
1,[],12,[],2019-02-10 12:59:44,2692797.52390955,0.00000043,0.000000000015588833,6624358,2019-02-10 12:59:44,btc,11115966.536899572,0.0,0.00000043,btc,2048644.53116881,0.0807259569736041,0.1058049464411081,71
,[],5,[],2018-11-20 23:02:39,1.5e-07,0.00000005,0.000000000002128045,4862160,2018-11-20 23:02:39,btc,2.84511358,0.0,,btc,0.00036572,0.0,0.07381892,74
1,[],5,[],2019-01-25 15:53:51,3.303e-05,0.00000156,0.000000000055588884,6499610,2019-01-25 15:53:51,btc,1.42844212,0.0,0.00000156,btc,0.00015937,0.0,0.49487621,75
1,[],4,[],2019-02-10 12:59:45,52395090.43692337,0.00000001,0.000000000000362531,6624359,2019-02-10 12:59:45,btc,0.7681855482047844,0.0,0.00000001,btc,14661592.68425178,0.002,0.5239509043692337,81
0,[],20,[],2019-01-25 09:30:31,0.0,0,0,6495923,2019-01-25 09:30:31,btc,0.0,0.0,0,btc,0.0,0.0,0.0,81
1,[],4,[],2019-02-10 12:59:47,24046.16813571,0.00007441,0.000000002697593171,6624360,2019-02-10 12:59:47,btc,0.9706251374803183,0.0,0.00007441,btc,8630.4905255,0.01027292,0.1056655899688914,82
1,[],21,[],2019-02-10 12:59:48,68374.98979635,0.00007666999999999999607525752454,0.000000002779525177,6624361,2019-02-10 12:59:48,btc,3.5955623274524338,2144.44074988,0.000076669999999999996075257524541513021176797337830066680908203125,btc,41303.96003849,0.163553,3.212876438223412,82
0,[],17,[],2019-02-07 10:02:39,0.0,0,0,6611495,2019-02-07 10:02:39,btc,0.0447233088476774,0.0,0,btc,999127.19588126,0.0,0.0,84
0.0000000001198375,[],4,[],2019-02-10 12:59:48,160295648.82833886,1.1983749999999999e-17,4.34448087125e-22,6624362,2019-02-10 12:59:48,ltc,0.1956906324727714,0.0,0.0000001,ltc,75502786.91036655,0.0,8.214410315063941e-10,85
,[],22,[],2018-11-20 23:09:34,3408.1,0.0000001,0.0000000000041895,4862324,2018-11-20 23:09:34,BTC,0.04624735,0.0,,BTC,4990.0,0.0,0.00033081,86
0,[],22,[],2019-02-10 12:59:51,0.0,0,0,6624363,2019-02-10 12:59:51,,2.0760781,0.0,0,,140622.94736842104,0.0,0.0,87
0,[],27,[],2019-02-10 12:59:52,0.0,0,0,6624364,2019-02-10 12:59:52,,0.0,0.0,0,btc,0.0,0.0,0.0,87
,[],2,[],2018-11-20 23:10:47,0.0,0,0,4862359,2018-11-20 23:10:47,,0.0,0.0,,,0.0,0.0,0.0,88
1,[],11,[],2019-02-10 12:59:54,95954.83233562,0.00015604000000000000356915885735276106061064638197422027587890625,0.0000000056569337240000004,6624365,2019-02-10 12:59:54,btc,246.43771171848257,182.44282736,0.00015604000000000000356915885735276106061064638197422027587890625,btc,187231.06507773,0.0,6.479694369200392,89
0,[],2,[],2019-01-20 23:31:45,0.0,0,0,6477083,2019-01-20 23:31:45,,0.0,0.0,0,,0.0,0.0,0.0,91
1,[],12,[],2019-02-10 12:59:54,445387.68697069,0.00000330000000000000016830612424578728081314693554304540157318115234375,0.00000000011963523,6624366,2019-02-10 12:59:54,btc,1115.1181531104794,0.0,0.00000330000000000000016830612424578728081314693554304540157318115234375,btc,40840.83555352,0.000272,0.0845449834999987,91
0,[],17,[],2019-02-10 12:59:56,0.0,0,0,6624367,2019-02-10 12:59:56,btc,0.0,0.0,0,btc,0.0,0.0,0.0,91
0.0000000001198375,[],22,[],2019-02-10 13:00:00,21182260.5,7.190249999999999e-18,2.60668852275e-22,6624368,2019-02-10 13:00:00,LTC,8.58305775,0.0,0.00000006,LTC,72090734.1,0.0,1.02936015,95
1,[],4,[],2019-02-10 13:00:00,133186548.77616483,0.00000001,0.000000000000362531,6624369,2019-02-10 13:00:00,btc,0.9512756658834428,0.0,0.00000001,"btc,ltc",48222946.60961646,0.00267241,0.019707154220455967,96
1,[],12,[],2019-02-10 13:00:02,825942.0,0.00000001,0.000000000000362531,6624370,2019-02-10 13:00:02,btc,255639.47363518982,0.0,0.00000001,btc,8812376.54276697,0.00191638,0.00825942,96
0,[],17,[],2019-02-10 13:00:03,0.0,0,0,6624371,2019-02-10 13:00:03,btc,0.0,0.0,0,btc,0.0,0.0,0.0,96
1,[],4,[],2019-02-10 13:00:04,1871289.10384693,0.00000032,0.000000000011600992,6624372,2019-02-10 13:00:04,btc,0.1174880579810721,0.0,0.00000032,btc,262833.21307364,0.00679502,0.2421971167291543,99
0,[],2,[],2019-01-20 23:23:55,0.0,0,0,6476914,2019-01-20 23:23:55,,0.0,0.0,0,,0.0,0.0,0.0,100
1,[],4,[],2019-02-10 13:00:05,231108.94316895,0.00004070,0.00000000147550117,6624373,2019-02-10 13:00:05,btc,1.3918064520332083,0.0,0.00004070,btc,30990.33991106,0.42455772,2.0375305682858964,100
1,[],22,[],2019-02-10 13:00:09,50000.0,0.00000001,0.000000000000362531,6624374,2019-02-10 13:00:09,BTC,23.50383609,0.0,0.00000001,BTC,11277.22,0.0,0.0005,101
1,[],4,[],2019-02-10 13:00:10,134625.35336033,0.00000104,0.000000000037703224,6624375,2019-02-10 13:00:10,btc,0.416064062700006,0.0,0.00000104,btc,153338.22202268,0.0033918,0.085118555786237,103
1,[],12,[],2019-02-10 13:00:13,56636305.03271566,0.000000017,0.0000000000006163027000000001,6624376,2019-02-10 13:00:13,btc,137278791.84154677,0.0,0.000000017,btc,128821657.40467799,0.04008302408774203,0.37514070308977754,105
1,[],27,[],2019-02-10 13:00:15,4109342.89,0.00000001,0.000000000000362531,6624377,2019-02-10 13:00:15,btc,1.62008275136923,3863.0,0.00000001,btc,575169.42860553,7.726e-05,0.0410934289,105
0,[],22,[],2019-02-10 13:00:18,0.0,0,0,6624378,2019-02-10 13:00:18,,1.07253299,0.0,0,,94300.0,0.0,0.0,107
1,[],26,[],2019-02-10 13:00:18,0.0,0.00000000,0,6624379,2019-02-10 13:00:18,btc,0.0,0.0,0.00000000,btc,0.0,0.0,0.0,107
1,[],5,[],2019-02-10 13:00:19,3e-08,0.00000002,0.000000000000725062,6624380,2019-02-10 13:00:19,btc,2.87607692,0.00482153,0.00000002,btc,1.649e-05,0.0,0.10096989,112
1,[],22,[],2019-02-10 13:00:23,189099.0,0.00000002,0.000000000000725062,6624381,2019-02-10 13:00:23,BTC,2.81183288,0.0,0.00000002,BTC,808524.0833333334,0.0,0.00189105,112
0.0000000003218491,[],27,[],2019-02-10 13:00:25,500000.0,3.2184909999999996e-18,1.166802760721e-22,6624382,2019-02-10 13:00:25,eth,1.35132491849924,0.0,0.00000001,"btc,eth",1328.641654,0.0,1.6092454999999999e-12,112
1,[],4,[],2019-02-10 13:00:26,464174.25388637,0.00000340,0.00000000012326054,6624383,2019-02-10 13:00:26,btc,0.2958649569770701,0.0,0.00000340,btc,64394.30426741,0.11925324,0.2563391147163431,113
1,[],5,[],2019-02-10 13:00:28,1.22e-05,0.00000310,0.00000000011238461,6624384,2019-02-10 13:00:28,btc,0.89822184,0.0,0.00000310,btc,0.00181335,0.0,0.22688729,113
1,[],17,[],2019-02-10 13:00:29,174538.724,0.00000004,0.000000000001450124,6624385,2019-02-10 13:00:29,btc,1.3373630274313968,0.0,0.00000004,btc,60896.221,0.0,0.00308154896,116
0,[],27,[],2019-02-10 13:00:31,0.0,0,0,6624386,2019-02-10 13:00:31,,0.0,0.0,0,btc,0.0,0.0,0.0,116
1,[],4,[],2019-02-10 13:00:32,31824.77452572,0.00002911,0.000000001055327741,6624387,2019-02-10 13:00:32,btc,1.6755799014761852,0.0,0.00002911,btc,45447.87073569,9.84151802,0.6158487377252418,120
1,[],7,[],2019-02-10 13:00:33,6233.51179454,0.000033009999999999997352152780738521187231526710093021392822265625,0.0000000011967148309999998,6624388,2019-02-10 13:00:33,btc,115646.28647583512,223.11076353,0.000033009999999999997352152780738521187231526710093021392822265625,btc,30202.98216443,0.00731122,0.0529789293487251,120
1,[],20,[],2019-02-10 13:00:35,1539391.8094,0.000000014,0.0000000000005075434,6624389,2019-02-10 13:00:35,btc,33.8688103501599,0.0,0.000000014,btc,1140882.3764,0.0,0.0079606482167,125
1,[],22,[],2019-02-10 13:00:39,3053.0,0.00000001,0.000000000000362531,6624390,2019-02-10 13:00:39,BTC,0.01444889,0.0,0.00000001,BTC,296264.5111111111,0.0,3.053e-05,126
1,[],4,[],2019-02-10 13:00:41,145273.77137368,0.00001451,0.000000000526032481,6624391,2019-02-10 13:00:41,btc,0.6357806391844057,0.0,0.00001451,btc,34082.65759123,0.25593795,0.666620748495935,131
0,[],17,[],2019-02-10 13:00:42,0.0,0,0,6624392,2019-02-10 13:00:42,btc,0.0009561751951600001,0.0,0,btc,35.42829368,0.0,0.0,131
0,[],2,[],2019-01-20 23:25:46,0.0,0,0,6476969,2019-01-20 23:25:46,,0.0,0.0,0,,0.0,0.0,0.0,131
1,[],4,[],2019-02-10 13:00:43,4642.09741341,0.00016722,0.000000006062243382,6624393,2019-02-10 13:00:43,btc,1.6398504115151822,0.0,0.00016722,btc,296.40882497,0.0,0.0121851642066948,135
1,[],3,[],2019-02-10 13:00:44,1926057.0256073,0.00000006,0.000000000002175186,6624394,2019-02-10 13:00:44,btc,0.1204961728888415,25895.0,0.00000006,btc,392004.48228202,0.0,0.0721969894414787,136
1,[],4,[],2019-02-10 13:00:45,61678.14101618,0.00000167,0.000000000060542677,6624395,2019-02-10 13:00:45,btc,0.0716127674943156,0.0,0.00000167,btc,34973.98341535,0.02539285,0.0721274231183096,137
1,[],12,[],2019-02-10 13:00:46,304868.43344168,0.000001740000000000000069492480346544649449924690998159348964691162109375,0.000000000063080394,6624396,2019-02-10 13:00:46,btc,11982.945807085223,0.0,0.000001740000000000000069492480346544649449924690998159348964691162109375,btc,157758.19359326,0.0103310277085193,0.0416632949278312,137
1,[],4,[],2019-02-10 13:00:47,4150.55108126,0.00006505,0.000000002358264155,6624397,2019-02-10 13:00:47,btc,1.9785126971594644,0.0,0.00006505,btc,23888.12702859,1.31470061,0.2249133106968521,142
1,[],5,[],2019-02-10 13:00:48,0.00170728,0.00005676,0.000000002057725956,6624398,2019-02-10 13:00:48,btc,3.0562671,2.46631852,0.00005676,btc,0.00383097,0.0,1.11615076,142
1,[],17,[],2019-02-10 13:00:50,22967.386363640002,0.00000088,0.000000000031902728,6624399,2019-02-10 13:00:50,btc,20.069913352418865,0.0,0.00000088,btc,2746.079105,0.0,0.0104613000000032,142
1,[],20,[],2019-02-10 13:00:52,155879.815,0.000030001,0.0000000010876292531,6624400,2019-02-10 13:00:52,btc,2.858231127949,1000.0,0.000030001,btc,7765.7558,0.025255633087,0.3009268383075,142
1,[],22,[],2019-02-10 13:00:55,1116.4,0.00001020,0.00000000036978162,6624401,2019-02-10 13:00:55,BTC,3.0087007,0.0,0.00001020,BTC,897.0985020382753,0.0,0.00092537,142
0.0,[],25,[],2019-02-10 13:00:56,0.0,0,0,6624402,2019-02-10 13:00:56,,0.0,0.0,0.0,btc,0.0,0.0,0.0,142
1,[],28,[],2019-02-10 13:01:02,78956.0,0.00004500,0.0000000016313895,6624403,2019-02-10 13:01:02,btc,0.038708914489,750.79939,0.00004500,btc,133.785,0.0,0.0535187,142
0,[],22,[],2019-02-10 13:01:04,0.0,0,0,6624404,2019-02-10 13:01:04,,68.47290197,0.0,0,,888981225.8,0.0,0.0,143
1,[],21,[],2019-02-10 13:01:05,45846544.70588819,0.00000029,0.000000000010513398999999999,6624405,2019-02-10 13:01:05,btc,39.096527220072495,4616527.14986635,0.00000029,btc,76675805.77428567,1.36062937,8.551697275367713,145
0,[],22,[],2019-02-10 13:01:15,0.0,0,0,6624406,2019-02-10 13:01:15,,4.25427726,0.0,0,,2259598.0,0.0,0.0,146
,[],22,[],2018-11-20 23:01:11,0.0,0,0,4862114,2018-11-20 23:01:11,,2.56807021,0.0,,,61828.4988236,0.0,0.0,147
1,[],12,[],2019-02-10 13:01:17,8682622.79676358,0.000003340000000000000208847696081537748113987618125975131988525390625,0.000000000121085354,6624407,2019-02-10 13:01:17,btc,16.542122389756447,0.0,0.000003340000000000000208847696081537748113987618125975131988525390625,btc,117613.82679514,0.0004481185614384,0.1203158066899684,148
1,[],4,[],2019-02-10 13:01:18,439653.3504025,0.00000045,0.000000000016313895,6624408,2019-02-10 13:01:18,btc,0.786069678199553,0.0,0.00000045,btc,583041.12442111,0.00432266,0.1254162002361844,152
0,[],22,[],2019-02-10 13:01:21,0.0,0,0,6624409,2019-02-10 13:01:21,,0.0,0.0,0,,0.0,0.0,0.0,152
1,[],5,[],2019-02-10 13:01:22,0.0,0,0,6624410,2019-02-10 13:01:22,btc,4.42293222,0.0,0,btc,0.00161275,0.0,0.0,153
,[],16,[],2019-01-11 15:38:59,0.0,0,0,6366141,2019-01-11 15:38:59,btc,0.0,0.0,,btc,0.0,0.0,0.0,155
0,[],23,[],2019-01-20 23:24:29,0.0,0,0,6476932,2019-01-20 23:24:29,,0.0,0.0,0,,0.0,0.0,0.0,156
0,[],22,[],2019-02-10 13:01:25,0.0,0,0,6624411,2019-02-10 13:01:25,,6.74578916,0.0,0,,4614557.242592593,0.0,0.0,156
1,[],22,[],2019-02-10 13:01:30,7906.0,0.00000801,0.000000000290387331,6624412,2019-02-10 13:01:30,BTC,43.78801181,0.0,0.00000801,BTC,1067.5805334758436,0.0,0.00743836,157
0,[],22,[],2019-02-10 13:01:32,0.0,0,0,6624413,2019-02-10 13:01:32,,50175.67558609,0.0,0,,54029136.04179466,0.0,0.0,158
,[],17,[],2018-11-20 22:56:10,0.0,0,0,4861976,2018-11-20 22:56:10,btc,1.1265625,0.0,,btc,1000.0,0.0,0.0,159
,[],20,[],2018-11-20 22:56:12,0.0,0,0,4861977,2018-11-20 22:56:12,btc,11912.7940471,0.0,,btc,34413894.3617,0.0,0.0,159
1,[],12,[],2019-02-10 13:01:34,178967.77501260999,0.0000075000000000000001900064307280846520598061033524572849273681640625,0.00000000027189825,6624414,2019-02-10 13:01:34,btc,6.662271267537876,0.0,0.0000075000000000000001900064307280846520598061033524572849273681640625,btc,14799.17016046,0.00049594,0.084915360900091,168
1,[],17,[],2019-02-10 13:01:35,29784.95,0.000001,0.0000000000362531,6624415,2019-02-10 13:01:35,btc,0.03026736251542,0.0,0.000001,btc,144.46171372,0.0,0.00716147,168
0,[],22,[],2019-02-10 13:01:39,0.0,0,0,6624416,2019-02-10 13:01:39,,1.14776715,0.0,0,,721548.0900917595,0.0,0.0,169
1,[],22,[],2019-02-10 13:01:43,225000.0,0.00000018,0.000000000006525558,6624417,2019-02-10 13:01:43,BTC,11.33139556,0.0,0.00000018,BTC,130310.77145587197,0.0,0.0216,171
1,[],22,[],2019-02-10 13:01:47,231281.52380952382,0.00000022,0.000000000007975682,6624418,2019-02-10 13:01:47,BTC,2.65504644,0.0,0.00000022,BTC,237503.7379908589,0.0002975,0.0187128,173
1,[],5,[],2019-02-10 13:01:48,2.711e-05,0.00000329,0.000000000119272699,6624419,2019-02-10 13:01:48,btc,0.31331106,0.0011363,0.00000329,btc,0.00028532,0.0,0.71653926,175
1,[],22,[],2019-02-10 13:01:52,56573.32380952381,0.00000062,0.000000000022476922,6624420,2019-02-10 13:01:52,BTC,0.50040603,0.0,0.00000062,BTC,127676.46882822087,1.314e-05,0.02080614,176
1,[],7,[],2019-02-10 13:01:53,0.0,0,0,6624421,2019-02-10 13:01:53,btc,410973.9169089935,0.0,0,btc,115465110.28145695,0.0,0.0,178
0,[],22,[],2019-02-10 13:01:55,0.0,0,0,6624422,2019-02-10 13:01:55,,1.00242428,0.0,0,,57512.0,0.0,0.0,178
0,[],2,[],2019-01-20 23:28:34,0.0,0,0,6477001,2019-01-20 23:28:34,,0.0,0.0,0,,0.0,0.0,0.0,178
0,[],23,[],2019-01-20 23:25:08,0.0,0,0,6476952,2019-01-20 23:25:08,,0.0,0.0,0,,0.0,0.0,0.0,179
1,[],5,[],2019-02-10 13:01:57,3e-08,0.00000002,0.000000000000725062,6624423,2019-02-10 13:01:57,btc,26.43621788,0.3726129,0.00000002,btc,2.088e-05,0.0,0.94400109,179
1,[],22,[],2019-02-10 13:02:02,7820284.0,0.00000002,0.000000000000725062,6624424,2019-02-10 13:02:02,BTC,5.4773134,0.0,0.00000002,"BTC,LTC",17835443.468656633,0.0,0.38366552,179
1,[],17,[],2019-02-10 13:02:04,10504.725,0.0000001,0.00000000000362531,6624425,2019-02-10 13:02:04,btc,5.206166879878215,0.0,0.0000001,btc,6755.0074587,0.0,0.0010504725,180
1,[],22,[],2019-02-10 13:02:09,18254.4,0.00000095,0.000000000034440445,6624426,2019-02-10 13:02:09,BTC,0.09351697,0.0,0.00000095,"BTC,LTC",13932.175478042325,0.00372327,0.00623544,180
1,[],26,[],2019-02-10 13:02:09,0.0,0.00000010,0.00000000000362531,6624427,2019-02-10 13:02:09,btc,0.0,100.0,0.00000010,btc,0.0,0.0,0.0,180
,[],7,[],2018-11-20 22:58:01,562227.975654,0.00000085,0.000000000036176765,4862015,2018-11-20 22:58:01,btc,21836.6059674,2491.87645172,,btc,749999.041456,0.00211021,0.127565380455,183
,[],5,[],2019-01-10 08:11:41,0.0,0,0,6347036,2019-01-10 08:11:41,btc,82.15055501,0.00261,,btc,1.19002445,0.0,0.0,187
,[],17,[],2018-11-16 20:58:10,4062536.27273,0.00000001,0.000000000000550501,4708775,2018-11-16 20:58:10,btc,3.36492563466,0.195460381006,,"btc,eth",110697919.549,0.0,0.0157628953496,187
1,[],24,[],2019-02-10 13:02:09,0.0,0.000000000001,3.62531e-17,6624428,2019-02-10 13:02:09,btc,0.0,0.0,0.000000000001,btc,0.0,0.0,0.0,187
0,[],22,[],2019-02-10 13:02:12,0.0,0,0,6624429,2019-02-10 13:02:12,,1.19383767,0.0,0,,14406.036201072173,0.0,0.0,191
0,[],22,[],2019-02-10 13:02:17,0.0,0,0,6624430,2019-02-10 13:02:17,,0.0,0.0,0,,0.0,0.0,0.0,197
0,[],23,[],2019-01-20 23:31:41,0.0,0,0,6477079,2019-01-20 23:31:41,,0.0,0.0,0,,0.0,0.0,0.0,199
1,[],26,[],2019-02-10 13:02:18,0.0,0.00000000,0,6624431,2019-02-10 13:02:18,btc,0.0,969902.0,0.00000000,btc,0.0,0.0,0.0,199
0,[],17,[],2019-01-30 16:32:01,0.0,0,0,6540827,2019-01-30 16:32:01,btc,6.802544163788159,0.0,0,btc,105897.55575295,0.0,0.0,200
0,[],2,[],2019-01-20 23:30:49,0.0,0,0,6477059,2019-01-20 23:30:49,,0.0,0.0,0,,0.0,0.0,0.0,201
1,[],4,[],2019-01-25 15:51:35,2084389.58565343,0.00000936,0.000000000333526752,6499557,2019-01-25 15:51:35,btc,2.0092503037378524,0.0,0.00000936,btc,160195.80207885,0.19272417,1.242687955921835,211
1,[],7,[],2019-02-10 13:02:21,4925544.72438463,0.000001430000000000000072932653839841155019030338735319674015045166015625,0.000000000051841933,6624432,2019-02-10 13:02:21,btc,16567790.354488906,1089984.39692,0.000001430000000000000072932653839841155019030338735319674015045166015625,btc,11310396.90880513,1.64924427,3.5140716977848365,212
1,[],12,[],2019-01-25 02:44:32,207462.42853209,0.000001080000000000000035831255497387193287295303889550268650054931640625,0.000000000038610756000000006,6493050,2019-01-25 02:44:32,btc,85023.03793723314,0.0,0.000001080000000000000035831255497387193287295303889550268650054931640625,btc,43675.73520027,0.000146250909087,0.0348620860622024,213
1,[],5,[],2019-02-10 13:02:22,4.62e-06,0.00000035,0.000000000012688585,6624433,2019-02-10 13:02:22,btc,1.18262936,0.1182036,0.00000035,btc,3.19e-05,0.0,0.41428002,213
1,[],24,[],2019-02-10 13:02:22,0.0,0.000000050000,0.000000000001812655,6624434,2019-02-10 13:02:22,btc,0.0,0.0,0.000000050000,btc,0.0,0.0,0.0,213
1,[],26,[],2019-02-10 13:02:22,0.0,0.00000009,0.000000000003262779,6624435,2019-02-10 13:02:22,btc,0.0,0.0,0.00000009,btc,0.0,0.0,0.0,213
1,[],22,[],2019-02-10 13:02:26,271180.0,0.00000002,0.000000000000725062,6624436,2019-02-10 13:02:26,BTC,2.20539348,0.0,0.00000002,BTC,253902.63137942314,0.0,0.0046096,216
1,[],27,[],2019-02-10 13:02:29,5107157.5555,0.00000004,0.000000000001450124,6624437,2019-02-10 13:02:29,btc,363.57727336756,51676.7,0.00000004,"btc,ltc",271023.369,0.0077515,0.05277726222,216
1,[],22,[],2019-02-10 13:02:32,313336.8247499803,0.00000260,0.00000000009425806,6624438,2019-02-10 13:02:32,BTC,12676.97326419,0.0,0.00000260,BTC,383546.7605220196,0.0,0.46232477,217
1,[],7,[],2019-02-10 13:02:33,0.0,0,0,6624439,2019-02-10 13:02:33,btc,77970.05582791512,0.0,0,btc,137091858.32140028,0.0,0.0,219
0,[],27,[],2019-02-10 13:02:35,0.0,0,0,6624440,2019-02-10 13:02:35,,5.3418937883169715,0.0,0,btc,1605140.99226592,0.0,0.0,219
0.0000000000000052,[],28,[],2019-02-10 13:02:37,204296840.264,6.5e-18,2.3564515e-22,6624441,2019-02-10 13:02:37,doge,88584.0309717675,14329.0,0.00125000,"btc,doge",4974437.69751,0.0,2.4026593588380395e-11,219
1,[],22,[],2019-02-10 13:02:40,213840.61111111112,0.0000009,0.00000000003262779,6624442,2019-02-10 13:02:40,BTC,3.04795042,0.0,0.0000009,BTC,79385.84955994174,0.05687005,0.02936953,221
1,[],24,[],2019-02-10 13:02:41,0.0,0.000000610000,0.000000000022114391,6624443,2019-02-10 13:02:41,btc,0.0,0.0,0.000000610000,btc,0.0,0.0,0.0,221
1,[],20,[],2019-02-10 13:02:43,4509832.2479,0.000000004,0.0000000000001450124,6624444,2019-02-10 13:02:43,btc,6.099795463819,113383.6532,0.000000004,btc,9822316.3045,0.0004535346128,0.0087605025414,224
0,[],22,[],2019-02-10 13:02:46,0.0,0,0,6624445,2019-02-10 13:02:46,,0.0,0.0,0,,0.0,0.0,0.0,224
1,[],26,[],2019-02-10 13:02:46,0.0,0.00000045,0.000000000016313895,6624446,2019-02-10 13:02:46,btc,0.0,0.0,0.00000045,btc,0.0,0.0,0.0,231
1,[],26,[],2019-02-10 13:02:46,0.0,0.00000005,0.000000000001812655,6624447,2019-02-10 13:02:46,btc,0.0,0.0,0.00000005,btc,0.0,0.0,0.0,234
0,[],27,[],2019-02-10 13:02:48,0.0,0,0,6624448,2019-02-10 13:02:48,,0.0113483662182,0.0,0,"btc,eth",11462.99618,0.0,0.0,234
0,[],22,[],2019-02-10 13:02:51,0.0,0,0,6624449,2019-02-10 13:02:51,,3.00189498,0.0,0,,99907439.06349206,0.0,0.0,235
1,[],4,[],2019-02-10 13:02:53,906277.78404113,0.00000066,0.000000000023927046,6624450,2019-02-10 13:02:53,btc,0.1486234592418969,0.0,0.00000066,btc,142406.97088894,0.14446981,0.2130599901451562,236
1,[],24,[],2019-02-10 13:02:53,0.0,0.000000020000,0.000000000000725062,6624451,2019-02-10 13:02:53,btc,0.0,0.0,0.000000020000,btc,0.0,0.0,0.0,236
1,[],20,[],2019-02-10 13:02:54,16082926.192,0.00000006,0.000000000002175186,6624452,2019-02-10 13:02:54,btc,14.5711152480243,14297179.895,0.00000006,btc,27340773.862,0.858397608102,0.127696226615,237
0.0000000001198375,[],22,[],2019-02-10 13:02:58,14400.0,1.1983749999999999e-17,4.34448087125e-22,6624453,2019-02-10 13:02:58,LTC,0.04083605,0.0,0.0000001,LTC,4179.0,0.0,0.00144,237
1,[],4,[],2019-02-10 13:02:59,4191143.67106732,0.00000032,0.000000000011600992,6624454,2019-02-10 13:02:59,btc,0.7708634347246996,0.0,0.00000032,btc,2063676.99257678,0.23162032,1.253843326061647,238
1,[],5,[],2019-02-10 13:03:00,4.25e-06,0.00000033,0.000000000011963523,6624455,2019-02-10 13:03:00,btc,0.83870856,0.00043135,0.00000033,btc,3.008e-05,0.0,0.28626112,238
1,[],22,[],2019-02-10 13:03:04,69292.0,0.00000002,0.000000000000725062,6624456,2019-02-10 13:03:04,BTC,15.41678688,0.0,0.00000002,BTC,370860.0639027493,0.00031108,0.00138584,249
0.0000000001198375,[],22,[],2019-02-10 13:03:07,7124354.333333333,3.5951249999999996e-18,1.303344261375e-22,6624457,2019-02-10 13:03:07,LTC,0.37141215,0.0,0.00000003,LTC,12263738.89,5.7331650115e-12,0.21273365,252
1,[],28,[],2019-02-10 13:03:10,3429079.286,0.00000012,0.000000000004350372,6624458,2019-02-10 13:03:10,btc,164693.4815597203,270342.908,0.00000012,btc,441624.17,0.0,0.2043536763,256
1,[],22,[],2019-02-10 13:03:13,114807.0,0.00000001,0.000000000000362531,6624459,2019-02-10 13:03:13,BTC,30.20524227,0.0,0.00000001,BTC,445890.0289327789,0.0,0.00114807,258
1,[],22,[],2019-01-26 20:58:41,368451.0,0.00000001,0.000000000000356135,6510120,2019-01-26 20:58:41,BTC,2.642917,0.0,0.00000001,"BTC,LTC",1862.0,0.0,0.02488451,259
1,[],22,[],2019-02-10 13:03:18,13337.0,0.00000875,0.000000000317214625,6624460,2019-02-10 13:03:18,BTC,1293.05961956,0.0,0.00000875,"BTC,LTC",8688.388726795925,0.00097273,0.0279951,262
1,[],5,[],2019-02-10 13:03:20,6.117e-05,0.00000274,0.000000000099333494,6624461,2019-02-10 13:03:20,btc,0.7723194,0.0922548,0.00000274,btc,0.00039944,0.0,0.18940797,264
1,[],20,[],2019-02-10 13:03:21,1173323.0493,0.000002731,0.0000000000990072161,6624462,2019-02-10 13:03:21,btc,5.0469539710503,44463.7172,0.000002731,btc,103518.2692,0.139659981928,0.0397711003286,264
1,[],22,[],2019-02-10 13:03:32,95356.5,0.00000002,0.000000000000725062,6624463,2019-02-10 13:03:32,BTC,9.31364146,0.0,0.00000002,BTC,371756.0382647885,0.0,0.0014095,271
0,[],22,[],2019-02-10 13:03:35,0.0,0,0,6624464,2019-02-10 13:03:35,,384.77798703,0.0,0,,15106717515.9,0.0,0.0,272
0.0000000000000052,[],28,[],2019-02-10 13:03:40,202639917356.13,4.316e-21,1.564683796e-25,6624465,2019-02-10 13:03:40,doge,375573430.54849404,12763848588.9999,0.00000083,doge,225671135479.9408,0.0,5.308192166448638e-10,272
1,[],22,[],2019-02-10 13:03:45,12147.0,0.00000201,0.000000000072868731,6624466,2019-02-10 13:03:45,BTC,74.11877326,0.0,0.00000201,"BTC,LTC",1324.0128873015874,0.00198209,0.01716225,281
