pairValue,buyBook,exchangeId,sellBook,updated,buyTotal,satoshiPrice,usdPrice,exchangeLogId,created,bestPair,sellTotalBtc,volume,pairPrice,activePairs,sellTotal,volumeBtc,buyTotalBtc,coinId
1,[],3,[],2019-06-02 22:46:03,31468.062746032578,0.01069456000000000052418958063071841024793684482574462890625,0.0000009347697808160001,7728286,2019-06-02 22:46:03,btc,7.955361569780445,41.3779488665,0.01069456000000000052418958063071841024793684482574462890625,btc,23.830060510564,0.0,0.2685130687509442,1
1,[],4,[],2019-06-02 22:46:04,207698.5261702,0.01087700,0.0000009507161497000001,7728287,2019-06-02 22:46:04,btc,7.775588137923056,0.0,0.01087700,btc,314.45894551,0.74242941,0.7041002163173077,1
1,[],5,[],2019-06-02 22:46:06,0.0,0,0,7728288,2019-06-02 22:46:06,btc,0.0,0.02179566,0,btc,0.0,0.0,0.0,1
1,[],10,[],2019-06-02 22:46:09,312365.13663702,0.00750531,0.0000006560098763910001,7728289,2019-06-02 22:46:09,btc,6519.94659963556,1425.94992999,0.00750531,btc,1228.79980952,0.0,2.373869327441192,1
1,[],12,[],2019-06-02 22:46:11,72.99023336,0.01085999999999999986177723343416801071725785732269287109375,0.0000009492302460000001,7728290,2019-06-02 22:46:11,btc,0.1299499493832,0.0,0.01085999999999999986177723343416801071725785732269287109375,btc,11.21576471,0.090286795963,0.2662218662713,1
1,[],20,[],2019-06-02 22:46:13,934.2405,0.009240021,0.0000008076341995281,7728291,2019-06-02 22:46:13,btc,0.2237485859189,0.1923,0.009240021,btc,17.3581,0.002076838077,0.1005209487377,1
1,[],21,[],2019-06-02 22:46:14,2065.49414604,0.01083994999999999923889770770,0.000000947477753695,7728292,2019-06-02 22:46:14,btc,9.622132776951185,4308.19225359,0.01083994999999999923889770769847018527798354625701904296875,"btc,eth",1245.7938565,46.37436216696145,18.833387297737698,1
1,[],22,[],2019-06-02 22:46:18,0.0025666666666666667,0.00900000,0.0000007866549000000001,7728293,2019-06-02 22:46:18,BTC,0.31629903,0.0,0.00900000,BTC,0.2505752479991019,0.0,2.31e-05,1
1,[],24,[],2019-06-02 22:46:19,0.0,0.000000000000,0,7728294,2019-06-02 22:46:19,btc,0.0,0.0,0.000000000000,btc,0.0,0.0,0.0,1
0.0,[],25,[],2019-06-02 22:48:33,0.0,0,0,7728295,2019-06-02 22:48:33,btc,13.01499999932084,0.0,0.0,btc,1172.71699991,0.0,0.0,1
1,[],26,[],2019-06-02 22:48:35,0.0,0,0,7728296,2019-06-02 22:48:35,,0.0,0.0,0,,0.0,0.0,0.0,1
0,[],28,[],2019-06-02 22:48:37,0.0,0,0,7728297,2019-06-02 22:48:37,,0.0,301273.1,0,,0.0,0.0,0.0,1
0,[],2,[],2019-01-20 23:28:45,0.0,0,0,6477011,2019-01-20 23:28:45,,0.0,0.0,0,,0.0,0.0,0.0,1
1,[],5,[],2019-06-02 22:48:38,0.0,0,0,7728298,2019-06-02 22:48:38,btc,0.0,0.0,0,btc,0.0,0.0,0.0,2
1,[],22,[],2019-06-02 22:48:42,11638.0,0.0000002,0.00000000001748122,7728299,2019-06-02 22:48:42,BTC,21.00897301,0.0,0.0000002,"BTC,XMR",20678.87287795317,0.0,0.00145435,2
1,[],5,[],2019-06-02 22:48:44,0.0,0,0,7728300,2019-06-02 22:48:44,btc,0.0,0.04757046,0,btc,0.0,0.0,0.0,3
1,[],12,[],2019-06-02 22:48:45,3299756.70302,0.000000115,0.0000000000100517015,7728301,2019-06-02 22:48:45,btc,169531.0806917631,0.0,0.000000115,btc,2595354.13132902,0.041152242782,0.31820839054428,3
0,[],28,[],2019-06-02 22:48:46,0.0,0,0,7728302,2019-06-02 22:48:46,,0.0,0.0,0,,0.0,0.0,0.0,3
0,[],2,[],2019-01-20 23:31:32,0.0,0,0,6477077,2019-01-20 23:31:32,,0.0,0.0,0,,0.0,0.0,0.0,4
1,[],4,[],2019-05-18 21:29:50,562734.9206932,0.00000010,0.000000000007298720000000001,7650946,2019-05-18 21:29:50,btc,41.9347137769675,0.0,0.00000010,btc,1123702.32192634,0.00052462,0.029254593370966,4
0,[],12,[],2019-06-02 05:03:43,0.0,0,0,7724919,2019-06-02 05:03:43,btc,625.901992874995,0.0,0,btc,1211362.4995005,0.0,0.0,5
0,[],2,[],2019-01-20 23:31:51,0.0,0,0,6477087,2019-01-20 23:31:51,,0.0,0.0,0,,0.0,0.0,0.0,6
1,[],11,[],2019-06-02 22:48:48,9185112.776736,0.00000003,0.000000000002622183,7728303,2019-06-02 22:48:48,btc,9582.823696002944,56335.0,0.00000003,btc,67435595.46260394,0.0,0.14039405276736,6
1,[],3,[],2019-06-02 22:48:49,11554.278835964114,0.000088919999999999995679740572018801003650878556072711944580078125,0.000000007772150412,7728304,2019-06-02 22:48:49,btc,0.09649967107228687,362.367019599,0.000088919999999999995679740572018801003650878556072711944580078125,btc,252.989589790151,0.0,0.02436976775042408,7
1,[],4,[],2019-06-02 22:48:50,322644.43690124,0.00008571,0.000000007491576831,7728305,2019-06-02 22:48:50,btc,9.033138120127395,0.0,0.00008571,btc,57491.6066432,1.31953404,1.9890751053012463,7
1,[],5,[],2019-06-02 22:48:51,0.0,0,0,7728306,2019-06-02 22:48:51,btc,0.0,0.33658076,0,btc,0.0,0.0,0.0,7
1,[],20,[],2019-04-07 22:06:50,3201475.0482,0.000000001,0.000000000000051590000000000004,7213932,2019-04-07 22:06:50,btc,30.8005781811902,0.0,0.000000001,btc,23077405.3926,0.0,0.0032014750482,8
0,[],2,[],2019-01-20 23:22:42,0.0,0,0,6476876,2019-01-20 23:22:42,,0.0,0.0,0,,0.0,0.0,0.0,9
0,[],23,[],2019-01-20 23:22:48,0.0,0,0,6476878,2019-01-20 23:22:48,,0.0,0.0,0,,0.0,0.0,0.0,9
1,[],4,[],2019-06-02 22:48:54,2303801.5696575,0.00000047,0.000000000041080867000000005,7728307,2019-06-02 22:48:54,btc,3.1609574589138223,0.0,0.00000047,btc,3174737.51161085,0.2137781,0.2612953050064148,9
0,[],28,[],2019-06-02 22:48:56,0.0,0,0,7728308,2019-06-02 22:48:56,,0.0,3300338.0,0,,0.0,0.0,0.0,9
1,[],1,[],2019-02-17 23:31:42,1822507.21,0.00000181000000000000003456111265232042484285557293333113193511962890625,0.000000000066086901,6701244,2019-02-17 23:31:42,btc,3.6990969245,17153386.5,0.00000181000000000000003456111265232042484285557293333113193511962890625,btc,1997391.71,31.11772986,3.2610482446,9
1,[],4,[],2019-02-17 11:22:43,4341674.27126056,0.00000002,0.0000000000007272960000000001,6696112,2019-02-17 11:22:43,btc,0.1997230937751353,0.0,0.00000002,btc,4109766.79808031,0.00215132,0.0479381022052112,10
0,[],2,[],2019-01-20 23:23:08,0.0,0,0,6476890,2019-01-20 23:23:08,,0.0,0.0,0,,0.0,0.0,0.0,12
1,[],4,[],2019-06-02 22:48:57,8145872.62909255,0.00000041,0.000000000035836501000000005,7728309,2019-06-02 22:48:57,btc,4.8455370572168075,0.0,0.00000041,btc,5320810.93422038,1.0145688,1.3382450684926683,12
1,[],5,[],2019-06-02 22:48:58,0.0,0,0,7728310,2019-06-02 22:48:58,btc,0.0,0.23507239,0,btc,0.0,0.0,0.0,12
0.0,[],25,[],2019-06-02 22:51:17,0.0,0,0,7728311,2019-06-02 22:51:17,,0.0,0.0,0.0,btc,0.0,0.0,0.0,12
1,[],10,[],2019-06-02 22:07:41,652204.23087628,0.0000057,0.0000000004967339099999999,7728164,2019-06-02 22:07:41,btc,666803.2265483245,8498.60978921,0.0000057,btc,869665.04274973,0.0,0.221631069210571,13
1,[],4,[],2019-06-02 22:51:18,339423.29571671,0.00000571,0.0000000004990888310000001,7728312,2019-06-02 22:51:18,btc,1.7418826416434483,0.0,0.00000571,btc,222677.91829053,0.5734225,0.4928444956593899,13
1,[],21,[],2019-06-02 22:51:22,1695822.39477902,0.000005810000000000000277070033583,0.000000000507829441,7728313,2019-06-02 22:51:22,btc,4.7123791147658665,1703076.19130385,0.00000581000000000000027707003358301562911947257816791534423828125,btc,740843.77398831,10.0875807,7.26626851299856,13
1,[],4,[],2019-06-02 22:51:23,906718.97472707,0.00000073,0.00000000006380645300000001,7728314,2019-06-02 22:51:23,btc,4.217893743960575,0.0,0.00000073,btc,855077.54941096,0.00828354,0.0775283196140754,14
1,[],12,[],2019-06-02 22:51:24,136058.44142894,0.00000074,0.000000000064680514,7728315,2019-06-02 22:51:24,btc,14.13467754000852,0.0,0.00000074,btc,22116.65275591,2.547453e-06,0.016096209999979398,14
1,[],26,[],2019-06-02 22:53:24,0.0,0.00000050,0.000000000043703050000000005,7728316,2019-06-02 22:53:24,btc,0.0,0.0,0.00000050,btc,0.0,0.0,0.0,14
0,[],17,[],2019-05-03 00:53:32,0.0,0,0,7558876,2019-05-03 00:53:32,btc,0.0,0.0,0,btc,0.0,0.0,0.0,14
,[],12,[],2018-12-01 15:15:48,204241.84496,0.00000489,0.000000000202473384,5260204,2018-12-01 15:15:48,btc,49.5475654835,0.0,,btc,35763.2193806,0.0163153972027625,0.0203389899998,15
0,[],4,[],2019-06-02 22:53:24,0.0,0,0,7728317,2019-06-02 22:53:24,,0.0,0.0,0,,0.0,0.0,0.0,15
0,[],2,[],2019-01-20 23:23:38,0.0,0,0,6476906,2019-01-20 23:23:38,,0.0,0.0,0,,0.0,0.0,0.0,18
1,[],4,[],2019-06-02 22:53:25,35175.49992782,0.00001042,0.0000000009107715620000001,7728318,2019-06-02 22:53:25,btc,0.9993839377291304,0.0,0.00001042,btc,13531.27631383,0.03131959,0.0876956752124013,18
1,[],10,[],2019-06-02 22:53:27,495387.53757517,0.0000115,0.00000000100517015,7728319,2019-06-02 22:53:27,btc,15.188998711861414,18656.3301674,0.0000115,btc,12852.35237051,0.0,0.1561452259440191,18
1,[],12,[],2019-06-02 22:53:29,2796.71840438,0.000011800000000000000524818903613333276325647602789103984832763671875,0.0000000010313919800000002,7728320,2019-06-02 22:53:29,btc,0.4105908644691405,0.0,0.000011800000000000000524818903613333276325647602789103984832763671875,btc,1764.19209739,0.001011489891,0.0129169672464999,18
0,[],17,[],2019-05-03 00:53:39,0.0,0,0,7558882,2019-05-03 00:53:39,btc,0.0,0.0,0,btc,0.0,0.0,0.0,18
0,[],2,[],2019-01-20 23:24:19,0.0,0,0,6476924,2019-01-20 23:24:19,,0.0,0.0,0,,0.0,0.0,0.0,19
1,[],3,[],2019-06-02 22:55:30,150559.53677735542,0.0000055099999999999997612500080013120395960868336260318756103515625,0.000000000481607611,7728321,2019-06-02 22:55:30,btc,0.24431671746254008,5449.68204435,0.0000055099999999999997612500080013120395960868336260318756103515625,btc,6275.788209405815,0.0,0.054145459697090996,19
1,[],4,[],2019-06-02 22:55:31,527164.80322543,0.00000757,0.000000000661664177,7728322,2019-06-02 22:55:31,btc,3.8497903779892773,0.0,0.00000757,btc,171071.25193896,0.26239946,0.4901514353968868,19
1,[],5,[],2019-06-02 22:55:32,0.0,0,0,7728323,2019-06-02 22:55:32,btc,0.0,0.00450472,0,btc,0.0,0.0,0.0,19
1,[],12,[],2019-06-02 22:55:33,14353.2143344,0.000007089999999999999880334437818429904609729419462382793426513671875,0.000000000619709249,7728324,2019-06-02 22:55:33,btc,0.0511226408349081,0.0,0.000007089999999999999880334437818429904609729419462382793426513671875,btc,1949.0831785,0.00367262,0.0211567599997964,19
0,[],27,[],2019-06-02 22:55:40,0.0,0,0,7728325,2019-06-02 22:55:40,,0.0,0.0,0,btc,0.0,0.0,0.0,19
1,[],4,[],2019-06-02 22:55:41,10062076.88478525,0.00000007,0.0000000000061184270000000005,7728326,2019-06-02 22:55:41,btc,6.4029639466023385,0.0,0.00000007,btc,2322306.93095912,0.0,0.1174938176872809,20
1,[],4,[],2019-06-02 22:55:42,7095685.848,0.00000001,0.0000000000008740610000000001,7728327,2019-06-02 22:55:42,btc,39367.86029585237,0.0,0.00000001,btc,71128786.06759267,0.01467496,0.07095685848,21
1,[],12,[],2019-06-02 22:55:43,1306513.0,0.00000001,0.0000000000008740610000000001,7728328,2019-06-02 22:55:43,btc,2566.629399543127,0.0,0.00000001,btc,5046817.15584414,7.772228e-06,0.01306513,21
0,[],17,[],2019-05-03 00:53:51,0.0,0,0,7558891,2019-05-03 00:53:51,btc,0.0,0.0,0,btc,0.0,0.0,0.0,21
1,[],12,[],2019-06-02 22:57:45,5173083281.0,0.0000000003,0.000000000000026221830000000003,7728329,2019-06-02 22:57:45,btc,709129932.1090266,0.0,0.0000000003,btc,3128342571.357286,0.057582644535,1.1571546876,23
0.000000000307389,[],27,[],2019-06-02 22:57:49,47805893.5,6.14778e-18,5.37353473458e-22,7728330,2019-06-02 22:57:49,eth,105073.87206929701,679182182.3634621,0.00000002,eth,23901616.7312086,4.17546263792985e-09,1.6093706129295e-10,23
1,[],4,[],2019-06-02 22:57:50,1897864.69940622,0.00000023,0.000000000020103403,7728331,2019-06-02 22:57:50,btc,10.655140767424202,0.0,0.00000023,btc,1713041.99028469,0.0071432,0.0626313044608799,24
0,[],22,[],2019-06-02 22:57:53,0.0,0,0,7728332,2019-06-02 22:57:53,,0.0,0.0,0,,0.0,0.0,0.0,24
0.0,[],25,[],2019-06-02 23:00:05,0.0,0,0,7728333,2019-06-02 23:00:05,,0.0,0.0,0.0,btc,0.0,0.0,0.0,24
0,[],2,[],2019-01-20 23:25:56,0.0,0,0,6476976,2019-01-20 23:25:56,,0.0,0.0,0,,0.0,0.0,0.0,26
1,[],4,[],2019-06-02 23:00:06,26937190.62255723,0.00000483,0.000000000422171463,7728334,2019-06-02 23:00:06,btc,13.229178202300995,0.0,0.00000483,btc,236731.35549143,0.1590224,0.4549575171361911,26
1,[],10,[],2019-06-02 23:00:08,150700.92919883,0.00000421,0.00000000036797968100000007,7728335,2019-06-02 23:00:08,btc,25.58554462082896,6291.84030749,0.00000421,btc,23082.41201912,0.0,0.0358591668527963,26
1,[],5,[],2019-04-26 09:47:06,0.0,0,0,7465326,2019-04-26 09:47:06,btc,0.0,0.0,0,btc,0.0,0.0,0.0,27
1,[],3,[],2019-06-02 23:00:10,21188732.185043,0.00000001,0.0000000000008740610000000001,7728336,2019-06-02 23:00:10,btc,3.7642254837254465,3673255.98668,0.00000001,btc,26149326.78031916,0.0,0.21188732185043,27
1,[],11,[],2019-06-02 23:00:11,2071589.08157834,0.00000002,0.0000000000017481220000000002,7728337,2019-06-02 23:00:11,btc,67503.04527066177,19676.5543251,0.00000002,btc,6588861.32608848,0.0,0.0211134458157834,27
1,[],4,[],2019-06-02 23:00:12,1197799067.0499952,0.00000001,0.0000000000008740610000000001,7728338,2019-06-02 23:00:12,btc,4.78923747355941,0.0,0.00000001,"btc,ltc",299150526.41907746,0.03740004,8.599940212975993,29
1,[],7,[],2019-06-02 23:00:14,85451021.33155985,0.00000001,0.0000000000008740610000000001,7728339,2019-06-02 23:00:14,btc,46548272.133624166,0.0,0.00000001,btc,35323266.923455,0.0,0.8545102133155985,29
0,[],17,[],2019-05-03 01:11:25,0.0,0,0,7559066,2019-05-03 01:11:25,btc,0.0,0.0,0,btc,0.0,0.0,0.0,30
1,[],4,[],2019-06-02 23:00:14,15244677.86822977,0.00000006,0.000000000005244366,7728340,2019-06-02 23:00:14,btc,2.562666443401238,0.0,0.00000006,btc,2020880.51679651,0.0,0.168853139229436,30
1,[],4,[],2019-06-02 23:02:16,109905.68428719,0.00004476,0.0000000039122970360000005,7728341,2019-06-02 23:02:16,btc,2.9259701483705443,0.0,0.00004476,btc,38933.56522835,0.66056912,0.5761707162943885,31
1,[],21,[],2019-06-02 23:02:17,188835.0644377,0.00004649999999999999863694102875,0.00000000406438365,7728342,2019-06-02 23:02:17,btc,5.341032036074459,240701.30320971,0.0000464999999999999986369410287512238255658303387463092803955078125,btc,106328.04116124,11.41434995,7.2211018579820445,31
0,[],2,[],2019-01-20 23:28:43,0.0,0,0,6477009,2019-01-20 23:28:43,,0.0,0.0,0,,0.0,0.0,0.0,32
1,[],12,[],2019-03-30 07:55:10,40641173.964,0.00000003,0.000000000001228359,7108785,2019-03-30 07:55:10,btc,4233210.82356125,0.0,0.00000003,btc,28378394.68333462,0.0126927883965248,0.90752895892,33
0,[],4,[],2019-06-02 23:02:18,0.0,0,0,7728343,2019-06-02 23:02:18,,0.0,0.0,0,,0.0,0.0,0.0,33
0.0000000001311331,[],4,[],2019-06-02 23:02:20,462617743.5756005,5.9009895e-17,5.157824783359501e-21,7728344,2019-06-02 23:02:20,ltc,3.712940655435698,0.0,0.00000045,ltc,155815497.0457885,0.00768519,1.7407672571848107e-09,34
1,[],5,[],2019-06-02 23:02:21,0.0,0,0,7728345,2019-06-02 23:02:21,btc,0.0,0.0,0,btc,0.0,0.0,0.0,34
0.0000000002926451,[],17,[],2019-05-02 18:17:47,200000.0,2.9264510000000002e-18,1.596703856561e-22,7556430,2019-05-02 18:17:47,eth,0.20942468735267253,0.0,0.00000001,"btc,eth",1018272.20243647,0.0,5.852902e-13,36
0.0000000001311821,[],4,[],2019-05-31 13:28:19,2417517744.0607657,1.311821e-18,1.105058333085e-22,7717483,2019-05-31 13:28:19,ltc,5.019900492391546e-08,0.0,0.00000001,ltc,7102398142.262129,0.0,3.171350544531538e-09,36
1,[],5,[],2019-05-31 13:28:21,0.0,0,0,7717484,2019-05-31 13:28:21,btc,0.0,0.0,0,btc,0.0,0.0,0.0,36
0.0000000003108179,[],27,[],2019-05-31 13:30:34,10388811.226876,6.216358000000001e-18,5.236566733830001e-22,7717485,2019-05-31 13:30:34,eth,1569.8708019850988,761866.634299,0.00000002,"ltc,eth",5084024.2511555,4.736034912207001e-12,3.3251980286483705e-11,36
1,[],27,[],2019-06-02 22:21:12,11126.0,0.00000018,0.000000000015686334,7728200,2019-06-02 22:21:12,btc,22.62970013895233,0.0,0.00000018,btc,4298.824295,0.0,0.00165394,37
1,[],17,[],2019-05-03 01:11:36,211752.74075282,0.00000025,0.000000000013700074999999998,7559074,2019-05-03 01:11:36,btc,0.055484923955058496,0.0,0.00000025,"btc,eth",1387.19918473,0.0,0.0005381851887916605,37
1,[],4,[],2019-06-02 23:02:22,9978821.3463178,0.00000016,0.000000000013984976000000001,7728346,2019-06-02 23:02:22,btc,19772.497433110573,0.0,0.00000016,btc,699991.32229404,0.00095194,0.12829775784137,37
1,[],12,[],2019-06-02 23:02:22,3614074.0,0.00000017,0.000000000014859037,7728347,2019-06-02 23:02:22,btc,9.384687141136883,0.0,0.00000017,btc,1107296.54026811,0.012990506208,0.15755655,37
1,[],5,[],2019-06-02 22:21:13,0.0,0,0,7728201,2019-06-02 22:21:13,btc,0.0,0.00094178,0,btc,0.0,0.0,0.0,42
1,[],12,[],2019-06-02 22:21:14,148780.32959523,0.000001120000000000000076372827333137660588135986472479999065399169921875,0.000000000097603856,7728202,2019-06-02 22:21:14,btc,24.80262177715224,0.0,0.000001120000000000000076372827333137660588135986472479999065399169921875,btc,75159.81191342,0.03144528729,0.059992189641156,42
1,[],27,[],2019-06-02 22:21:28,506.0,0.00000002,0.0000000000017429259999999998,7728203,2019-06-02 22:21:28,btc,0.07600425,0.0,0.00000002,"btc,eth",18.0,0.0,6.000000323609279e-06,42
1,[],12,[],2019-03-13 09:13:29,1112112.0,0.00000001,0.000000000000386531,6919902,2019-03-13 09:13:29,btc,29058.00478931866,0.0,0.00000001,btc,5967681.93306694,9.99000999e-07,0.01112112,43
1,[],5,[],2019-04-26 22:38:52,0.0,0,0,7474154,2019-04-26 22:38:52,btc,0.0,0.02638891,0,btc,0.0,0.0,0.0,43
0,[],17,[],2019-04-26 22:38:53,0.0,0,0,7474155,2019-04-26 22:38:53,btc,0.0,0.0,0,btc,0.0,0.0,0.0,43
1,[],12,[],2019-03-05 01:54:08,639326.02,0.00000004,0.000000000001486676,6845775,2019-03-05 01:54:08,btc,11116042.728239931,0.0,0.00000004,btc,1103841.4595604,0.0003330765234764,0.014975410599999999,44
1,[],4,[],2019-06-02 22:21:29,105133476.84087455,0.00000001,0.0000000000008714629999999999,7728204,2019-06-02 22:21:29,btc,2660396.6054374,0.0,0.00000001,"btc,ltc",28314663.17183945,0.00091874,0.03271190095408268,49
0.0000000001309719,[],4,[],2019-06-02 22:21:30,133961224.45069347,3.5362413e-17,3.0817034520218998e-21,7728205,2019-06-02 22:21:30,ltc,194920.2225988679,0.0,0.00000027,ltc,197442093.60933667,0.0,1.3882992586558547e-09,52
0,[],22,[],2019-06-02 22:21:33,0.0,0,0,7728206,2019-06-02 22:21:33,,10289.52569349,0.0,0,,305146396.4566013,0.0,0.0,57
1,[],27,[],2019-06-02 22:21:40,2297.0,0.0000003,0.00000000002614389,7728207,2019-06-02 22:21:40,btc,0.0,0.0,0.0000003,"btc,eth",0.0,0.0,0.0003891,57
0.0000000001309719,[],4,[],2019-06-02 22:21:41,3382222360.5721416,1.309719e-18,1.1413716488969998e-22,7728208,2019-06-02 22:21:41,ltc,19.341013370915963,0.0,0.00000001,ltc,5806269692.741686,0.0,4.429760887866185e-09,58
1,[],12,[],2019-06-02 22:21:42,704753507.0,0.0000000001,0.00000000000000871463,7728209,2019-06-02 22:21:42,btc,2299276.988223274,0.0,0.0000000001,btc,3475876607.364592,0.00150900661,0.07047535070000001,58
0.000000000108606,[],22,[],2019-06-02 22:23:45,126877.0,1.08606e-18,9.464611057799999e-23,7728210,2019-06-02 22:23:45,XMR,68.17454206,0.0,0.00000001,XMR,9626402.6,0.0,0.00126877,58
1,[],17,[],2019-05-03 01:12:09,1200000.0,0.0000000001,0.00000000000000548003,7559085,2019-05-03 01:12:09,btc,1e+24,0.0,0.0000000001,"btc,eth",39516342.31952568,0.0,0.00010000000058666061,58
1,[],5,[],2019-06-02 22:23:46,0.0,0,0,7728211,2019-06-02 22:23:46,btc,0.0,0.00261768,0,btc,0.0,0.0,0.0,61
1,[],22,[],2019-06-02 22:23:49,13613.833333333334,0.00000012,0.000000000010457556,7728212,2019-06-02 22:23:49,BTC,1002.29123003,0.0,0.00000012,BTC,15014.200177125656,0.0,0.00153269,61
1,[],26,[],2019-06-02 22:23:50,0.0,0.00000050,0.000000000043573149999999994,7728213,2019-06-02 22:23:50,btc,0.0,0.0,0.00000050,btc,0.0,0.0,0.0,61
1,[],27,[],2019-06-02 22:23:55,8450.0,0.0000002,0.000000000017429259999999998,7728214,2019-06-02 22:23:55,btc,1.9582485601246655,0.0,0.0000002,"btc,eth",11379.41563696,0.0,0.001522,61
0,[],28,[],2019-06-02 22:25:07,0.0,0,0,7728215,2019-06-02 22:25:07,,0.0,718.0,0,,0.0,0.0,0.0,61
1,[],4,[],2019-06-02 22:27:07,854811.73206768,0.00000070,0.00000000006100240999999999,7728216,2019-06-02 22:27:07,btc,2.9487703817208195,0.0,0.00000070,btc,964601.3904783,0.07603048,0.4367638152748207,67
0.0,[],25,[],2019-06-02 22:28:31,0.0,0,0,7728217,2019-06-02 22:28:31,,0.0,0.0,0.0,btc,0.0,0.0,0.0,67
1,[],12,[],2019-06-02 06:23:14,910048.355,0.00000006,0.000000000005154929999999999,7725270,2019-06-02 06:23:14,btc,5.167005424215783,0.0,0.00000006,btc,738530.60239759,0.003159757462,0.0187188113,71
,[],5,[],2018-11-20 23:02:39,1.5e-07,0.00000005,0.000000000002128045,4862160,2018-11-20 23:02:39,btc,2.84511358,0.0,,btc,0.00036572,0.0,0.07381892,74
1,[],5,[],2019-06-02 22:28:33,0.0,0,0,7728218,2019-06-02 22:28:33,btc,0.0,0.05097733,0,btc,0.0,0.0,0.0,75
0,[],4,[],2019-05-25 21:33:44,0.0,0,0,7686249,2019-05-25 21:33:44,,133656.37989170782,0.0,0,,33439209.5909442,0.0,0.0,81
0,[],20,[],2019-01-25 09:30:31,0.0,0,0,6495923,2019-01-25 09:30:31,btc,0.0,0.0,0,btc,0.0,0.0,0.0,81
1,[],4,[],2019-06-02 22:28:34,69082.42104028,0.00012450,0.000000010849714349999999,7728219,2019-06-02 22:28:34,btc,56.01757994013862,0.0,0.00012450,btc,124153.78951088,0.33416853,0.6191439110825337,82
1,[],21,[],2019-06-02 22:28:36,86879.56670514001,0.0001188599999999999970142286476,0.000000010358209217999999,7728220,2019-06-02 22:28:36,btc,16.342380248156957,52336.57949944,0.000118859999999999997014228647618239165240083821117877960205078125,btc,101662.20788357,6.40049981,7.707211999694834,82
0,[],17,[],2019-03-25 22:42:34,0.0,0,0,7038780,2019-03-25 22:42:34,btc,0.0445064681804024,0.0,0,btc,995513.18476001,0.0,0.0,84
0.0000000001161485,[],4,[],2019-05-20 13:09:39,216715621.0206096,1.161485e-18,9.0533806701e-23,7657228,2019-05-20 13:09:39,ltc,1.6511566870244727,0.0,0.00000001,ltc,471032407.9048656,0.0,2.5171194308112273e-10,85
,[],22,[],2018-11-20 23:09:34,3408.1,0.0000001,0.0000000000041895,4862324,2018-11-20 23:09:34,BTC,0.04624735,0.0,,BTC,4990.0,0.0,0.00033081,86
1,[],22,[],2019-06-02 22:28:39,138656.0,0.00000002,0.0000000000017429259999999998,7728221,2019-06-02 22:28:39,BTC,1.46121046,0.0,0.00000002,BTC,345305.21403508773,0.001865,0.00214656,87
1,[],27,[],2019-06-02 22:28:44,128632.0,0.00000008,0.000000000006971703999999999,7728222,2019-06-02 22:28:44,btc,5.094676018036,82360.0,0.00000008,btc,61516.67341,0.0098832,0.00262364,87
,[],2,[],2018-11-20 23:10:47,0.0,0,0,4862359,2018-11-20 23:10:47,,0.0,0.0,,,0.0,0.0,0.0,88
1,[],11,[],2019-06-02 22:28:46,157437.33211602,0.00007804000000000000498122376679788203546195290982723236083984375,0.000000006800897252,7728223,2019-06-02 22:28:46,btc,167.4296023764546,552.09999999,0.00007804000000000000498122376679788203546195290982723236083984375,btc,201047.61163851,0.0,1.8941040217625025,89
0,[],2,[],2019-01-20 23:31:45,0.0,0,0,6477083,2019-01-20 23:31:45,,0.0,0.0,0,,0.0,0.0,0.0,91
1,[],12,[],2019-06-02 22:28:47,393755.3143131,0.00000037,0.000000000032244131,7728224,2019-06-02 22:28:47,btc,88.57546096918507,0.0,0.00000037,btc,157535.614995,0.003029673796,0.0248308635999547,91
1,[],22,[],2019-06-02 22:30:51,75910.55,0.0000002,0.000000000017429259999999998,7728225,2019-06-02 22:30:51,BTC,0.497,0.0,0.0000002,"BTC,LTC",6.95,0.0,0.00165931,91
0,[],17,[],2019-05-03 01:12:26,0.0,0,0,7559096,2019-05-03 01:12:26,btc,0.0,0.0,0,btc,0.0,0.0,0.0,91
1,[],22,[],2019-04-09 20:17:52,374949.73333333334,0.00000015,0.000000000007771935,7235704,2019-04-09 20:17:52,BTC,6.87372503,0.0,0.00000015,"BTC,LTC",159980.01196797504,1.1e-05,0.80510266,95
0.0000000001309719,[],4,[],2019-06-02 22:30:52,543158063.5500628,2.8813818e-17,2.5110176275733998e-21,7728226,2019-06-02 22:30:52,ltc,11.302481329949442,0.0,0.00000022,ltc,152784712.34913436,0.0,8.662874463776396e-10,96
0,[],12,[],2019-06-02 22:30:53,0.0,0,0,7728227,2019-06-02 22:30:53,btc,22.31415682046953,0.0,0,btc,9676394.04695305,1.998002e-05,0.0,96
0,[],17,[],2019-05-03 01:12:32,0.0,0,0,7559100,2019-05-03 01:12:32,btc,0.0,0.0,0,btc,0.0,0.0,0.0,96
1,[],4,[],2019-04-14 03:32:46,1039404.33283278,0.00000038,0.000000000019245518,7293458,2019-04-14 03:32:46,btc,4.170086055365747,0.0,0.00000038,btc,3097704.34561074,0.06260606,0.1859928211030784,99
1,[],4,[],2019-06-02 22:32:54,241905.83876762,0.00001676,0.000000001460571988,7728228,2019-06-02 22:32:54,btc,7.450781805028558,0.0,0.00001676,btc,159070.85525357,0.3355429,0.3587155367320979,100
0,[],2,[],2019-01-20 23:23:55,0.0,0,0,6476914,2019-01-20 23:23:55,,0.0,0.0,0,,0.0,0.0,0.0,100
1,[],22,[],2019-06-02 22:32:57,150000.0,0.00000002,0.0000000000017429259999999998,7728229,2019-06-02 22:32:57,BTC,24.83526409,0.0,0.00000002,BTC,11187.719,0.0,0.0017,101
1,[],4,[],2019-06-02 22:32:59,526369.3869158,0.00000159,0.000000000138562617,7728230,2019-06-02 22:32:59,btc,549.1884809698644,0.0,0.00000159,btc,677005.70147632,0.01837804,0.1597272168706827,103
1,[],12,[],2019-06-02 22:33:01,176388295.39494184,0.000000004,0.0000000000003485852,7728231,2019-06-02 22:33:01,btc,2445.3281452269985,0.0,0.000000004,btc,70595128.8808224,0.001821070693,0.23373760257976736,105
0,[],27,[],2019-06-02 22:33:08,0.0,0,0,7728232,2019-06-02 22:33:08,,0.3049285,442744.0,0,btc,2223885.0,0.00442744,0.0,105
1,[],22,[],2019-04-21 00:17:26,21333.0,0.00000001,0.000000000000532493,7385819,2019-04-21 00:17:26,BTC,51.38182867,0.0,0.00000001,BTC,470435.0,0.0,0.00021333,107
1,[],26,[],2019-04-21 00:17:26,0.0,0.00000000,0,7385820,2019-04-21 00:17:26,btc,0.0,0.0,0.00000000,btc,0.0,0.0,0.0,107
1,[],5,[],2019-06-02 22:33:10,0.0,0,0,7728233,2019-06-02 22:33:10,btc,0.0,0.0,0,btc,0.0,0.0,0.0,112
0,[],22,[],2019-06-02 22:33:13,0.0,0,0,7728234,2019-06-02 22:33:13,,6.79500102,0.0,0,,3375892.0833333335,0.0,0.0,112
1,[],27,[],2019-06-02 22:33:18,10001.0,0.00000001,0.0000000000008714629999999999,7728235,2019-06-02 22:33:18,btc,1.15032588,0.0,0.00000001,"btc,eth",1818.0,0.0,1.000003080233e-08,112
1,[],4,[],2019-06-02 22:33:20,263844.71577248,0.00000099,0.000000000086274837,7728236,2019-06-02 22:33:20,btc,5.7524952939394325,0.0,0.00000099,btc,607758.83482218,0.05775576,0.1628339674969683,113
1,[],5,[],2019-06-02 22:33:21,0.0,0,0,7728237,2019-06-02 22:33:21,btc,0.0,0.0,0,btc,0.0,0.0,0.0,113
1,[],17,[],2019-04-26 02:17:47,162738.278,0.00000004,0.0000000000021069000000000002,7461287,2019-04-26 02:17:47,btc,1.3331140273775473,0.0,0.00000004,btc,51796.221,0.0,0.00230953112,116
1,[],27,[],2019-05-22 05:13:01,210000.0,0.00000001,0.00000000000079145,7666372,2019-05-22 05:13:01,btc,3919.0005001478,0.0,0.00000001,btc,128660.871,0.0,0.0021,116
1,[],4,[],2019-05-21 22:31:11,138169.03963019,0.00000701,0.000000000558364025,7664793,2019-05-21 22:31:11,btc,150.95388250938234,0.0,0.00000701,btc,344631.17141974,0.07552974,0.4288357684941946,120
1,[],7,[],2019-05-21 22:31:12,3901.07750076,0.000010679999999999999389654892212320191902108490467071533203125,0.0000000008506887,7664794,2019-05-21 22:31:12,btc,231188.94669936574,0.0,0.000010679999999999999389654892212320191902108490467071533203125,btc,4133.83151364,0.0,0.0113888422364489,120
1,[],20,[],2019-04-07 18:42:29,1914137.0852,0.000000035,0.0000000000017871910000000002,7211992,2019-04-07 18:42:29,btc,32.2497668025648,25528.85,0.000000035,btc,1001975.4986,0.00089350975,0.0152723574729,125
1,[],22,[],2019-06-02 22:33:24,10000.0,0.00000001,0.0000000000008714629999999999,7728238,2019-06-02 22:33:24,BTC,0.032061,0.0,0.00000001,BTC,299316.7611111111,0.0,0.0001,126
1,[],4,[],2019-06-02 22:33:25,151918.45924839,0.00000681,0.0000000005934663029999999,7728239,2019-06-02 22:33:25,btc,3.53161282356886,0.0,0.00000681,btc,179483.10571341,0.29385358,0.4173729082260579,131
0,[],2,[],2019-01-20 23:25:46,0.0,0,0,6476969,2019-01-20 23:25:46,,0.0,0.0,0,,0.0,0.0,0.0,131
1,[],17,[],2019-05-03 01:13:10,10000.0,0.00000001,0.000000000000548003,7559115,2019-05-03 01:13:10,btc,0.0953976503951408,0.0,0.00000001,btc,5037.62507334,0.0,0.0001,131
1,[],4,[],2019-06-01 22:22:37,4877.33287432,0.00010000,0.000000008588780000000001,7724055,2019-06-01 22:22:37,btc,5.03221070889025,0.0,0.00010000,btc,202.13055914,0.0,0.0067319517514342,135
1,[],3,[],2019-06-02 22:35:26,529157.22392675,0.00000001,0.0000000000008714629999999999,7728240,2019-06-02 22:35:26,btc,0.2222048335022723,1672649.79937,0.00000001,btc,1905502.4316845,0.0,0.0052915722392675,136
1,[],4,[],2019-06-02 22:35:27,2170623.56053678,0.00000181,0.000000000157734803,7728241,2019-06-02 22:35:27,btc,109.28641264971864,0.0,0.00000181,btc,535028.83792675,0.01977626,0.4794623129815861,137
1,[],12,[],2019-06-02 22:35:28,88679.95864419,0.000001799999999999999918546601286595265634105089702643454074859619140625,0.00000000015686333999999998,7728242,2019-06-02 22:35:28,btc,57.892442969228846,0.0,0.000001799999999999999918546601286595265634105089702643454074859619140625,btc,60822.49064291,7.952048e-05,0.018308299999939,137
1,[],4,[],2019-06-02 22:35:30,100582.85031861,0.00001689,0.000000001471901007,7728243,2019-06-02 22:35:30,btc,8.751106496423722,0.0,0.00001689,btc,126536.9773093,0.29416896,0.9313506427867121,142
1,[],5,[],2019-06-02 22:35:32,0.0,0,0,7728244,2019-06-02 22:35:32,btc,0.0,0.04189075,0,btc,0.0,0.0,0.0,142
1,[],20,[],2019-06-02 22:37:34,209034.492,0.000015001,0.0000000013072816463,7728245,2019-06-02 22:37:34,btc,1.6055399887103,127.773,0.000015001,btc,9745.0633,0.0027035747,0.0190872573182,142
1,[],22,[],2019-06-02 22:37:37,11028.645,0.00001000,0.0000000008714629999999999,7728246,2019-06-02 22:37:37,BTC,3.02543682,0.0,0.00001000,BTC,1114.1496755539797,0.0,0.00745365,142
0.0,[],25,[],2019-06-02 22:39:37,0.0,0,0,7728247,2019-06-02 22:39:37,,0.0,0.0,0.0,,0.0,0.0,0.0,142
0,[],28,[],2019-06-02 22:40:44,0.0,0,0,7728248,2019-06-02 22:40:44,,0.0,0.0,0,,0.0,0.0,0.0,142
1,[],17,[],2019-05-03 01:13:16,32967.38636364,0.00000088,0.000000000048224264,7559122,2019-05-03 01:13:16,btc,20.06976206696776,0.0,0.00000088,btc,2746.079105,0.0,0.0105613000000032,142
0,[],22,[],2019-06-02 22:40:46,0.0,0,0,7728249,2019-06-02 22:40:46,,64.98620993,0.0,0,,787027072.3,0.0,0.0,143
0,[],22,[],2019-02-25 15:42:22,0.0,0,0,6783783,2019-02-25 15:42:22,,4.2131946,0.0,0,,2322156.0,0.0,0.0,146
,[],22,[],2018-11-20 23:01:11,0.0,0,0,4862114,2018-11-20 23:01:11,,2.56807021,0.0,,,61828.4988236,0.0,0.0,147
1,[],12,[],2019-04-21 06:38:04,193091.5971266,0.00000071,0.000000000037635183,7388679,2019-04-21 06:38:04,btc,2.301232411611175,0.0,0.00000071,btc,9957.48302385,0.00023528,0.0313308199999888,148
1,[],4,[],2019-03-19 21:31:25,255810.0415942,0.00000029,0.000000000011615747,6982695,2019-03-19 21:31:25,btc,218.94922712414143,0.0,0.00000029,btc,793529.37642722,0.00117,0.0608347789473395,152
0,[],22,[],2019-03-19 21:31:27,0.0,0,0,6982696,2019-03-19 21:31:27,,0.0,0.0,0,,0.0,0.0,0.0,152
1,[],5,[],2019-04-26 09:36:59,0.0,0,0,7465040,2019-04-26 09:36:59,btc,0.0,0.0,0,btc,0.0,0.0,0.0,153
,[],16,[],2019-01-11 15:38:59,0.0,0,0,6366141,2019-01-11 15:38:59,btc,0.0,0.0,,btc,0.0,0.0,0.0,155
0,[],22,[],2019-06-02 22:40:50,0.0,0,0,7728250,2019-06-02 22:40:50,,7.44455324,0.0,0,,5955762.942592593,0.0,0.0,156
0,[],23,[],2019-01-20 23:24:29,0.0,0,0,6476932,2019-01-20 23:24:29,,0.0,0.0,0,,0.0,0.0,0.0,156
1,[],22,[],2019-06-02 22:40:54,6996.0,0.00000001,0.0000000000008714629999999999,7728251,2019-06-02 22:40:54,BTC,1.7543039,0.0,0.00000001,BTC,57.0,0.0,6.996e-05,157
0,[],22,[],2019-05-21 23:40:32,0.0,0,0,7665049,2019-05-21 23:40:32,,50234.60468402,0.0,0,,54786159.03179465,0.0,0.0,158
,[],17,[],2018-11-20 22:56:10,0.0,0,0,4861976,2018-11-20 22:56:10,btc,1.1265625,0.0,,btc,1000.0,0.0,0.0,159
,[],20,[],2018-11-20 22:56:12,0.0,0,0,4861977,2018-11-20 22:56:12,btc,11912.7940471,0.0,,btc,34413894.3617,0.0,0.0,159
1,[],12,[],2019-05-24 02:51:20,9178.522006449999,0.00000191999999999999982841307998027158276954651228152215480804443359375,0.000000000151222656,7676256,2019-05-24 02:51:20,btc,149.80414728631675,0.0,0.00000191999999999999982841307998027158276954651228152215480804443359375,btc,1115.7451448499999,0.01783167678326,0.0120075778999181,168
1,[],17,[],2019-05-03 01:13:36,42852.0,0.00000002,0.000000000001096006,7559132,2019-05-03 01:13:36,btc,0.04279856251542,0.0,0.00000002,btc,274.46171372,0.0,0.00052852,168
1,[],22,[],2019-05-17 03:01:52,10.0,0.00000001,0.000000000000778341,7642059,2019-05-17 03:01:52,BTC,41.95893009,0.0,0.00000001,BTC,1753972.7737547632,0.0,1e-07,169
1,[],22,[],2019-05-30 08:38:18,202834.0,0.00000002,0.0000000000017416160000000001,7711049,2019-05-30 08:38:18,BTC,27.87002826,0.0,0.00000002,BTC,462189.5410507793,0.0,0.00211768,171
1,[],22,[],2019-05-29 08:05:18,349870.0,0.00000002,0.000000000001705894,7705265,2019-05-29 08:05:18,BTC,24.05907723,0.0,0.00000002,"BTC,LTC",1224285.4355616204,0.0,0.0039847,173
1,[],5,[],2019-06-02 22:40:56,0.0,0,0,7728252,2019-06-02 22:40:56,btc,0.0,0.00019774,0,btc,0.0,0.0,0.0,175
1,[],22,[],2019-06-02 22:40:59,90671.0,0.00000001,0.0000000000008714629999999999,7728253,2019-06-02 22:40:59,BTC,394.35459412,0.0,0.00000001,BTC,136275.61833431243,0.0,0.00090671,176
1,[],7,[],2019-06-02 22:41:00,0.0,0,0,7728254,2019-06-02 22:41:00,btc,522272.5206434946,0.0,0,btc,21545846.91829112,0.0,0.0,178
0,[],22,[],2019-06-02 22:41:02,0.0,0,0,7728255,2019-06-02 22:41:02,,1.00242428,0.0,0,,57512.0,0.0,0.0,178
0,[],2,[],2019-01-20 23:28:34,0.0,0,0,6477001,2019-01-20 23:28:34,,0.0,0.0,0,,0.0,0.0,0.0,178
1,[],5,[],2019-06-02 22:41:04,0.0,0,0,7728256,2019-06-02 22:41:04,btc,0.0,0.0120029,0,btc,0.0,0.0,0.0,179
0,[],22,[],2019-06-02 22:41:06,0.0,0,0,7728257,2019-06-02 22:41:06,,5.3132485,0.0,0,,13258002.811946675,0.0,0.0,179
0,[],23,[],2019-01-20 23:25:08,0.0,0,0,6476952,2019-01-20 23:25:08,,0.0,0.0,0,,0.0,0.0,0.0,179
1,[],22,[],2019-06-02 22:43:10,681354.6642749348,0.00000107,0.00000000009324654099999999,7728258,2019-06-02 22:43:10,BTC,39.19148122,0.0,0.00000107,"BTC,LTC",146551.3481957358,0.00069375,0.58080083,180
1,[],26,[],2019-06-02 22:43:10,0.0,0.00000010,0.000000000008714629999999999,7728259,2019-06-02 22:43:10,btc,0.0,0.0,0.00000010,btc,0.0,0.0,0.0,180
1,[],17,[],2019-05-03 01:13:56,20504.725000000002,0.0000001,0.00000000000548003,7559141,2019-05-03 01:13:56,btc,5.2010695838400265,0.0,0.0000001,btc,5033.45945,0.0,0.0011504725,180
,[],7,[],2018-11-20 22:58:01,562227.975654,0.00000085,0.000000000036176765,4862015,2018-11-20 22:58:01,btc,21836.6059674,2491.87645172,,btc,749999.041456,0.00211021,0.127565380455,183
,[],5,[],2019-01-10 08:11:41,0.0,0,0,6347036,2019-01-10 08:11:41,btc,82.15055501,0.00261,,btc,1.19002445,0.0,0.0,187
,[],17,[],2018-11-16 20:58:10,4062536.27273,0.00000001,0.000000000000550501,4708775,2018-11-16 20:58:10,btc,3.36492563466,0.195460381006,,"btc,eth",110697919.549,0.0,0.0157628953496,187
1,[],24,[],2019-05-22 21:04:52,0.0,0.000000000014,0.0000000000000010960978,7670219,2019-05-22 21:04:52,btc,0.0,0.0,0.000000000014,btc,0.0,0.0,0.0,187
0,[],22,[],2019-04-25 02:54:07,0.0,0,0,7447896,2019-04-25 02:54:07,,7.54794454,0.0,0,,76361.7243344055,0.0,0.0,191
0,[],22,[],2019-06-02 22:43:14,0.0,0,0,7728260,2019-06-02 22:43:14,,0.0,0.0,0,,0.0,0.0,0.0,197
0,[],23,[],2019-01-20 23:31:41,0.0,0,0,6477079,2019-01-20 23:31:41,,0.0,0.0,0,,0.0,0.0,0.0,199
0,[],22,[],2019-06-02 22:43:17,0.0,0,0,7728261,2019-06-02 22:43:17,,10.92270994,0.0,0,,98749032.0,0.0,0.0,199
1,[],26,[],2019-06-02 22:43:17,0.0,0.00000000,0,7728262,2019-06-02 22:43:17,btc,0.0,0.0,0.00000000,btc,0.0,0.0,0.0,199
0,[],2,[],2019-01-20 23:30:49,0.0,0,0,6477059,2019-01-20 23:30:49,,0.0,0.0,0,,0.0,0.0,0.0,201
1,[],4,[],2019-01-25 15:51:35,2084389.58565343,0.00000936,0.000000000333526752,6499557,2019-01-25 15:51:35,btc,2.0092503037378524,0.0,0.00000936,btc,160195.80207885,0.19272417,1.242687955921835,211
1,[],7,[],2019-06-02 22:43:20,1170169467.890069,0.00000025,0.000000000021786574999999997,7728263,2019-06-02 22:43:20,btc,15201832.875541028,0.0,0.00000025,btc,6666446.4161087,0.0,11.967969486923074,212
1,[],12,[],2019-01-25 02:44:32,207462.42853209,0.000001080000000000000035831255497387193287295303889550268650054931640625,0.000000000038610756000000006,6493050,2019-01-25 02:44:32,btc,85023.03793723314,0.0,0.000001080000000000000035831255497387193287295303889550268650054931640625,btc,43675.73520027,0.000146250909087,0.0348620860622024,213
1,[],5,[],2019-05-30 00:07:46,0.0,0,0,7709357,2019-05-30 00:07:46,btc,0.0,0.06425239,0,btc,0.0,0.0,0.0,213
1,[],24,[],2019-05-30 00:07:46,0.0,0.000000399202,0.0000000000344859829346,7709358,2019-05-30 00:07:46,btc,0.0,0.0,0.000000399202,btc,0.0,0.0,0.0,213
1,[],26,[],2019-05-30 00:07:47,0.0,0.00000040,0.000000000034554919999999996,7709359,2019-05-30 00:07:47,btc,0.0,0.0,0.00000040,btc,0.0,0.0,0.0,213
0,[],22,[],2019-06-02 22:43:23,0.0,0,0,7728264,2019-06-02 22:43:23,,9.61445386,0.0,0,,3661587.094064925,0.0,0.0,216
0.0000000001309719,[],27,[],2019-06-02 22:43:28,1000.0,1.309719e-18,1.1413716488969998e-22,7728265,2019-06-02 22:43:28,ltc,88.91609335917752,1000.0,0.00000001,"btc,ltc",391269.407688,1e-05,1.309719e-15,216
1,[],22,[],2019-06-02 22:43:32,730951.0,0.00000029,0.000000000025272427,7728266,2019-06-02 22:43:32,BTC,12056.47625965,0.0,0.00000029,BTC,519489.689054774,0.00120472,0.0573113,217
1,[],7,[],2019-06-02 22:43:33,0.0,0,0,7728267,2019-06-02 22:43:33,btc,1234864.1040716618,0.0,0,btc,164001712.13147992,0.0,0.0,219
0,[],27,[],2019-06-02 22:43:37,0.0,0,0,7728268,2019-06-02 22:43:37,,261.4083746267132,0.0,0,btc,15454258.74381025,0.0,0.0,219
0,[],28,[],2019-06-02 22:44:28,0.0,0,0,7728269,2019-06-02 22:44:28,,0.0,21559.493,0,,0.0,0.0,0.0,219
1,[],22,[],2019-05-23 16:41:05,172069.0,0.00000004,0.0000000000031167080000000004,7674065,2019-05-23 16:41:05,BTC,56.76466137,0.0,0.00000004,BTC,127061.6482738741,0.0,0.00393676,221
1,[],24,[],2019-05-23 16:41:05,0.0,0.000000010000,0.0000000000007791770000000001,7674066,2019-05-23 16:41:05,btc,0.0,0.0,0.000000010000,btc,0.0,0.0,0.0,221
1,[],20,[],2019-06-02 22:44:32,10911898.4776,0.000000002,0.0000000000001742926,7728270,2019-06-02 22:44:32,btc,100052.6720247987,5342013.6799,0.000000002,btc,45043451.0108,0.0080286071023,0.0109423422127,224
0,[],22,[],2019-06-02 22:44:34,0.0,0,0,7728271,2019-06-02 22:44:34,,0.0,0.0,0,,0.0,0.0,0.0,224
1,[],26,[],2019-06-02 22:44:35,0.0,0.00000025,0.000000000021786574999999997,7728272,2019-06-02 22:44:35,btc,0.0,0.0,0.00000025,btc,0.0,0.0,0.0,231
1,[],26,[],2019-06-02 22:44:35,0.0,0.00000006,0.000000000005228778,7728273,2019-06-02 22:44:35,btc,0.0,0.0,0.00000006,btc,0.0,0.0,0.0,234
0.0000000003080233,[],27,[],2019-06-02 22:44:42,100.0,3.080233e-18,2.684309090879e-22,7728274,2019-06-02 22:44:42,eth,0.01134836604,0.0,0.00000001,"btc,eth",11462.996,0.0,3.080233e-16,234
1,[],4,[],2019-05-22 17:06:12,91780.56053785,0.00000078,0.000000000061977552,7669277,2019-05-22 17:06:12,btc,5.573372450018177,0.0,0.00000078,btc,729173.93529783,0.0,0.0307060663355679,236
1,[],24,[],2019-05-22 17:06:12,0.0,0.000000010000,0.000000000000794584,7669278,2019-05-22 17:06:12,btc,0.0,0.0,0.000000010000,btc,0.0,0.0,0.0,236
1,[],5,[],2019-06-02 22:44:43,0.0,0,0,7728275,2019-06-02 22:44:43,btc,0.0,0.2022429,0,btc,0.0,0.0,0.0,237
1,[],20,[],2019-06-02 22:44:45,117623919.0575,0.00000004,0.0000000000034858519999999997,7728276,2019-06-02 22:44:45,btc,522.7789488060562,12222370.4111,0.00000004,btc,43767679.986,0.5320529983126,0.4183202444781,237
1,[],22,[],2019-06-02 22:44:50,288100.0,0.00000003,0.000000000002614389,7728277,2019-06-02 22:44:50,BTC,1.20267422,0.0,0.00000003,"BTC,LTC",17930.94871794872,0.0,0.007541,237
1,[],4,[],2019-06-02 22:44:51,27164534.07889411,0.00000011,0.000000000009586093,7728278,2019-06-02 22:44:51,btc,2.8267917780499094,0.0,0.00000011,btc,9839568.50858749,0.08027114,0.5550018156513117,238
1,[],5,[],2019-06-02 22:44:52,0.0,0,0,7728279,2019-06-02 22:44:52,btc,0.0,0.00067416,0,btc,0.0,0.0,0.0,238
0,[],22,[],2019-03-12 16:49:32,0.0,0,0,6914458,2019-03-12 16:49:32,,0.40415746,0.0,0,,526736.5639027493,0.0,0.0,249
0,[],22,[],2019-05-28 23:53:45,0.0,0,0,7703643,2019-05-28 23:53:45,,13.44714864,0.0,0,,43777534.3426455,0.0,0.0,252
0,[],28,[],2019-06-02 22:45:28,0.0,0,0,7728280,2019-06-02 22:45:28,,0.0,1101754.623,0,,0.0,0.0,0.0,256
1,[],22,[],2019-06-02 22:45:31,1021960.0,0.00000001,0.0000000000008714629999999999,7728281,2019-06-02 22:45:31,BTC,31464.5506333,0.0,0.00000001,BTC,584951.6675322719,0.0,0.0102196,258
1,[],22,[],2019-05-19 18:12:02,400.0,0.00000001,0.0000000000007957800000000001,7653905,2019-05-19 18:12:02,BTC,2.415167,0.0,0.00000001,BTC,157.0,0.0,4e-06,259
1,[],5,[],2019-06-02 22:45:32,0.0,0,0,7728282,2019-06-02 22:45:32,btc,0.0,0.05951501,0,btc,0.0,0.0,0.0,264
1,[],20,[],2019-06-02 22:45:34,958186.9579,0.000000174,0.000000000015163456199999997,7728283,2019-06-02 22:45:34,btc,0.9760774832195,7655.6255,0.000000174,btc,51736.5911,0.00444026279,0.0080337771568,264
0,[],22,[],2019-04-12 17:57:27,0.0,0,0,7278186,2019-04-12 17:57:27,,66.37522201,0.0,0,,677842.4169881374,0.0,0.0,271
0,[],22,[],2019-05-29 08:10:20,0.0,0,0,7705301,2019-05-29 08:10:20,,33050470.74998113,0.0,0,,14361377780.7,0.0,0.0,272
0,[],28,[],2019-05-29 08:10:54,0.0,0,0,7705302,2019-05-29 08:10:54,,0.0,22189957216.5758,0,,0.0,0.0,0.0,272
1,[],22,[],2019-05-23 07:12:29,219930.0,0.00000004,0.000000000003048688,7671985,2019-05-23 07:12:29,BTC,426.77835217,0.0,0.00000004,BTC,248664.3325962929,0.0,0.00739728,281
1,[],22,[],2019-06-02 22:45:38,994660.6833333333,0.00000004,0.0000000000034858519999999997,7728284,2019-06-02 22:45:38,BTC,31.67142321,0.0,0.00000004,"BTC,LTC",1530788.8319583754,0.00195833,0.0405301,286
0,[],22,[],2019-06-02 22:45:41,0.0,0,0,7728285,2019-06-02 22:45:41,,7337904.96568486,0.0,0,,2004620112.6797826,0.0,0.0,294
