pairValue,buyBook,exchangeId,sellBook,updated,buyTotal,satoshiPrice,usdPrice,exchangeLogId,created,bestPair,sellTotalBtc,volume,pairPrice,activePairs,sellTotal,volumeBtc,buyTotalBtc,coinId
1,[],3,[],2019-02-07 06:56:06,111.292300229011,0.0125462999999999998135269407839587074704468250274658203125,0.00000042769960311,6610314,2019-02-07 06:56:06,btc,107.09089033163058,1.4596432,0.0125462999999999998135269407839587074704468250274658203125,btc,23.723540646172,0.0,0.27921570073220586,1
1,[],4,[],2019-02-07 06:56:07,120137.56687804,0.01266131,0.00000043162025950699997,6610315,2019-02-07 06:56:07,btc,0.9506290040937518,0.0,0.01266131,btc,72.17596444,0.35975204,1.3987660778177127,1
1,[],5,[],2019-02-07 06:56:09,0.19429047,0.01212177,0.000000413227502769,6610316,2019-02-07 06:56:09,btc,14578.01816388,0.04940291,0.01212177,btc,35555556.08814245,0.0,1.40363911,1
1,[],10,[],2019-02-07 06:56:11,414818.74732053,0.01142579,0.000000389501753363,6610317,2019-02-07 06:56:11,btc,6533.527979790532,1717.21737923,0.01142579,btc,1066.56256498,0.0,4.324147484710054,1
1,[],12,[],2019-02-07 06:56:14,10437.74203689,0.01246000000000000058897331456364554469473659992218017578125,0.000000424757662,6610318,2019-02-07 06:56:14,btc,0.4342338510048,0.0,0.01246000000000000058897331456364554469473659992218017578125,btc,28.49758358,0.5304884166621,0.37073308051070003,1
1,[],20,[],2019-02-07 06:56:16,1149.1772,0.01200001,0.000000409076740897,6610319,2019-02-07 06:56:16,btc,0.0580330504203,0.0,0.01200001,btc,2.5989,0.0,0.0843085388377,1
1,[],21,[],2019-02-07 06:56:17,2493.8842013,0.01260005999999999973248954177,0.00000042953226538199997,6610320,2019-02-07 06:56:17,btc,15.586170466801306,1753.6101935200002,0.0126000599999999997324895417705192812718451023101806640625,"btc,eth",1775.43827361,20.348071626979632,25.224935875381316,1
1,[],22,[],2019-02-07 06:56:21,0.0263776,0.01350000,0.00000046021094999999997,6610321,2019-02-07 06:56:21,BTC,0.31397231,0.0,0.01350000,BTC,0.10124366666666666,0.0,0.00034472,1
1,[],24,[],2019-02-07 06:56:21,0.0,0.000000000000,0,6610322,2019-02-07 06:56:21,btc,0.0,0.0,0.000000000000,btc,0.0,0.0,0.0,1
0.0,[],25,[],2019-02-07 06:56:22,0.0,0,0,6610323,2019-02-07 06:56:22,btc,20.183399997734973,2557.43310234,0.0,btc,1555.44858973,32.7665,0.0,1
1,[],26,[],2019-02-07 06:56:32,0.0,0,0,6610324,2019-02-07 06:56:32,,0.0,0.0,0,,0.0,0.0,0.0,1
1,[],28,[],2019-02-07 06:56:34,987.9,0.01131000,0.000000385554507,6610325,2019-02-07 06:56:34,btc,0.162839806,16894.35,0.01131000,btc,8.9,0.0,0.024551096,1
0,[],2,[],2019-01-20 23:28:45,0.0,0,0,6477011,2019-01-20 23:28:45,,0.0,0.0,0,,0.0,0.0,0.0,1
1,[],5,[],2019-02-07 06:56:35,2.205e-05,0.00000074,0.000000000025226378,6610326,2019-02-07 06:56:35,btc,0.14677726,0.03317248,0.00000074,btc,7.133e-05,0.0,0.4560305,2
1,[],22,[],2019-02-07 06:56:39,1348.0,0.00000018,0.000000000006136146,6610327,2019-02-07 06:56:39,BTC,4.22139261,0.0,0.00000018,"BTC,XMR",14654.712016896552,0.0,0.00091235,2
1,[],5,[],2019-02-07 06:56:40,1.25e-06,0.00000016,0.000000000005454352,6610328,2019-02-07 06:56:40,btc,3.46860016,0.00588544,0.00000016,btc,2.204e-05,0.0,2.92813668,3
1,[],12,[],2019-02-07 06:56:41,12258229.3250652,0.000000164,0.0000000000055907108,6610329,2019-02-07 06:56:41,btc,921361.6071689833,0.0,0.000000164,btc,8549392.46209308,0.07846665965679187,0.5090897407065909,3
0,[],28,[],2019-02-07 06:56:42,0.0,0,0,6610330,2019-02-07 06:56:42,,0.0,0.0,0,,0.0,0.0,0.0,3
0,[],2,[],2019-01-20 23:31:32,0.0,0,0,6477077,2019-01-20 23:31:32,,0.0,0.0,0,,0.0,0.0,0.0,4
1,[],4,[],2019-02-07 06:56:43,560751.31010758,0.00000032,0.000000000010908704,6610331,2019-02-07 06:56:43,btc,0.3594404656140303,0.0,0.00000032,btc,344082.23008056,0.0,0.0987442231999018,4
1,[],12,[],2019-02-06 17:43:51,1519183.5219999999,0.00000004,0.000000000001361944,6605019,2019-02-06 17:43:51,btc,11013878.268140282,0.0,0.00000004,btc,964899.39031991,0.0009933149650351,0.02495011044,5
0,[],2,[],2019-01-20 23:31:51,0.0,0,0,6477087,2019-01-20 23:31:51,,0.0,0.0,0,,0.0,0.0,0.0,6
1,[],11,[],2019-02-07 06:56:45,10346309.4999525,0.00000002,0.000000000000681794,6610332,2019-02-07 06:56:45,btc,9433.358465814097,26800.0,0.00000002,btc,41595182.18502707,0.0,0.17059767499905001,6
1,[],3,[],2019-02-07 06:56:45,1066.558051320279,0.000150559999999999995050348200464895853656344115734100341796875,0.000000005132545232,6610333,2019-02-07 06:56:45,btc,27.600142753279105,0.0,0.000150559999999999995050348200464895853656344115734100341796875,btc,234.145665820227,0.0,0.03053197781660925,7
1,[],4,[],2019-02-07 06:56:46,18575.38865009,0.00019501,0.000000006647832397,6610334,2019-02-07 06:56:46,btc,1.8835868348236275,0.0,0.00019501,btc,9014.58582013,2.00832792,3.1085502540820067,7
1,[],5,[],2019-02-07 06:56:48,0.00619637,0.00019311,0.000000006583061967,6610335,2019-02-07 06:56:48,btc,1.63917983,0.36594787,0.00019311,btc,0.01209048,0.0,1.46309865,7
1,[],20,[],2019-02-07 06:56:49,66461509.91,0.000000001,0.0000000000000340897,6610336,2019-02-07 06:56:49,btc,116.1315013062774,0.0,0.000000001,btc,28812144.5195,0.0,0.06646150991,8
0,[],2,[],2019-01-20 23:22:42,0.0,0,0,6476876,2019-01-20 23:22:42,,0.0,0.0,0,,0.0,0.0,0.0,9
0,[],23,[],2019-01-20 23:22:48,0.0,0,0,6476878,2019-01-20 23:22:48,,0.0,0.0,0,,0.0,0.0,0.0,9
1,[],1,[],2019-02-07 06:56:50,1942275.71,0.000001870000000000000095373470405946125794116596807725727558135986328125,0.000000000063747739,6610337,2019-02-07 06:56:50,btc,1.9804036743,8513670.39,0.000001870000000000000095373470405946125794116596807725727558135986328125,btc,1042616.66,16.02210333,3.5841791588,9
1,[],4,[],2019-02-07 06:56:51,298899.7451996,0.00000188,0.000000000064088636,6610338,2019-02-07 06:56:51,btc,0.9285725829299354,0.0,0.00000188,btc,472421.17182797,1.17283134,0.5239965896514973,9
1,[],28,[],2019-02-07 06:56:52,34500.0,0.00000165,0.000000000056248005,6610339,2019-02-07 06:56:52,btc,2708.7727397804,3244150.0,0.00000165,btc,15437.14,0.0,0.02854,9
1,[],4,[],2019-02-04 22:10:59,7341799.37826053,0.00000002,0.000000000000693444,6584299,2019-02-04 22:10:59,btc,0.1999615409270056,0.0,0.00000002,btc,4135980.29534268,0.00062922,0.0786653918652106,10
0,[],2,[],2019-01-20 23:23:08,0.0,0,0,6476890,2019-01-20 23:23:08,,0.0,0.0,0,,0.0,0.0,0.0,12
1,[],4,[],2019-02-07 06:56:53,2186066.70628187,0.00000150,0.00000000005113455,6610340,2019-02-07 06:56:53,btc,1.173539897495943,0.0,0.00000150,btc,745389.65538931,1.18648069,3.06666708379502,12
1,[],5,[],2019-02-07 06:56:55,2.552e-05,0.00000147,0.000000000050111858999999996,6610341,2019-02-07 06:56:55,btc,0.65419448,0.22939432,0.00000147,btc,0.00011428,0.0,0.20313044,12
0.0,[],25,[],2019-02-07 06:56:56,0.0,0,0,6610342,2019-02-07 06:56:56,,0.0,0.0,0.0,btc,0.0,0.0,0.0,12
1,[],10,[],2019-02-06 20:47:12,675538.60752415,0.00000579,0.000000000197215506,6606701,2019-02-06 20:47:12,btc,666810.5856334516,11757.0012494,0.00000579,btc,755074.18150022,0.0,0.8285766981120432,13
1,[],4,[],2019-02-07 06:56:56,1259589.13858017,0.00000621,0.000000000211697037,6610343,2019-02-07 06:56:56,btc,0.3956947582954664,0.0,0.00000621,btc,57961.19238647,0.72132167,0.9843944089107398,13
1,[],21,[],2019-02-07 06:56:59,1470428.29292431,0.000007300000000000000410815045176,0.00000000024885481,6610344,2019-02-07 06:56:59,btc,9.407471195770974,2205477.44300405,0.0000073000000000000004108150451764824850897639407776296138763427734375,btc,1066764.74123549,15.53710848,8.611642062383513,13
1,[],4,[],2019-02-07 06:57:00,1206818.55715118,0.00000164,0.000000000055907107999999995,6610345,2019-02-07 06:57:00,btc,0.1108570432592166,0.0,0.00000164,btc,51110.6167635,0.00936919,0.5219103982949548,14
1,[],12,[],2019-02-07 06:57:01,108932.21917808,0.000001560000000000000098813643899242631363222244544886052608489990234375,0.000000000053179932000000004,6610346,2019-02-07 06:57:01,btc,1.7637269231737391,0.0,0.000001560000000000000098813643899242631363222244544886052608489990234375,btc,28186.00592497,0.0,0.036785729999996804,14
0,[],17,[],2019-02-07 06:57:03,0.0,0,0,6610347,2019-02-07 06:57:03,btc,0.0,0.0,0,btc,0.0,0.0,0.0,14
1,[],26,[],2019-02-07 06:57:03,0.0,0.00000049,0.000000000016703953,6610348,2019-02-07 06:57:03,btc,0.0,0.0,0.00000049,btc,0.0,0.0,0.0,14
,[],12,[],2018-12-01 15:15:48,204241.84496,0.00000489,0.000000000202473384,5260204,2018-12-01 15:15:48,btc,49.5475654835,0.0,,btc,35763.2193806,0.0163153972027625,0.0203389899998,15
0,[],4,[],2019-02-07 06:57:04,0.0,0,0,6610349,2019-02-07 06:57:04,,0.0,0.0,0,,0.0,0.0,0.0,15
0,[],2,[],2019-01-20 23:23:38,0.0,0,0,6476906,2019-01-20 23:23:38,,0.0,0.0,0,,0.0,0.0,0.0,18
1,[],4,[],2019-02-07 06:57:05,23864.74216551,0.00001812,0.000000000617705364,6610350,2019-02-07 06:57:05,btc,2.3035606497209145,0.0,0.00001812,btc,11912.19213764,0.03827411,0.0619103359846674,18
1,[],10,[],2019-02-07 06:57:07,789586.53441351,0.00001775,0.000000000605092175,6610351,2019-02-07 06:57:07,btc,15.594389585635508,3502.80917949,0.00001775,btc,12858.47806709,0.0,0.2926541504533385,18
1,[],12,[],2019-02-07 06:57:08,200799.97606739,0.00001599999999999999927596978921418013896982301957905292510986328125,0.0000000005454352,6610352,2019-02-07 06:57:08,btc,0.1922205128455899,0.0,0.00001599999999999999927596978921418013896982301957905292510986328125,btc,2071.62230651,0.0191746745227269,0.0170609624743961,18
0,[],17,[],2019-02-07 06:57:09,0.0,0,0,6610353,2019-02-07 06:57:09,btc,0.0,0.0,0,btc,0.0,0.0,0.0,18
0,[],2,[],2019-01-20 23:24:19,0.0,0,0,6476924,2019-01-20 23:24:19,,0.0,0.0,0,,0.0,0.0,0.0,19
1,[],3,[],2019-02-07 06:57:10,124740.39681914047,0.0000219200000000000001939247373794472650843090377748012542724609375,0.000000000747246224,6610354,2019-02-07 06:57:10,btc,0.4510756535126151,267.572280702,0.0000219200000000000001939247373794472650843090377748012542724609375,btc,5277.930805902641,0.0,0.10081050863155072,19
1,[],4,[],2019-02-07 06:57:10,241567.02692335,0.00002120,0.00000000072270164,6610355,2019-02-07 06:57:10,btc,0.3381088729831112,0.0,0.00002120,btc,12305.76039625,0.84089735,2.5439184178270353,19
1,[],5,[],2019-02-07 06:57:12,0.00013112,0.00002500,0.0000000008522425,6610356,2019-02-07 06:57:12,btc,0.26753654,0.04013536,0.00002500,btc,0.00301276,0.0,0.13805306,19
1,[],12,[],2019-02-07 06:57:13,134773.22726164,0.0000245900000000000000413384604325273130598361603915691375732421875,0.0000000008382657229999999,6610357,2019-02-07 06:57:13,btc,0.0301530790703006,0.0,0.0000245900000000000000413384604325273130598361603915691375732421875,btc,315.41105484,0.00020965,0.031844748363727596,19
0,[],27,[],2019-02-07 06:57:15,0.0,0,0,6610358,2019-02-07 06:57:15,,0.0,0.0,0,btc,0.0,0.0,0.0,19
1,[],4,[],2019-02-07 06:57:16,8042346.97209016,0.00000013,0.0000000000044316609999999995,6610359,2019-02-07 06:57:16,btc,0.8115322781103699,0.0,0.00000013,btc,1594753.31171721,0.0,0.255683087491571,20
1,[],4,[],2019-02-07 06:57:17,122069349.60142225,0.00000002,0.000000000000681794,6610360,2019-02-07 06:57:17,btc,0.6269005045789393,0.0,0.00000002,btc,16267351.82765048,0.0073669,1.4509645762382855,21
1,[],12,[],2019-02-07 06:57:17,19032664.0,0.00000002,0.000000000000681794,6610361,2019-02-07 06:57:17,btc,669.7788089732579,0.0,0.00000002,btc,8561851.65434831,0.0,0.25358563,21
0,[],17,[],2019-02-07 06:57:19,0.0,0,0,6610362,2019-02-07 06:57:19,btc,0.0,0.0,0,btc,0.0,0.0,0.0,21
1,[],12,[],2019-02-07 06:57:20,2156427778.531895,0.0000000001,0.00000000000000340897,6610363,2019-02-07 06:57:20,btc,1729404717702.1978,0.0,0.0000000001,btc,4285693242.53068,0.006605787007892716,0.21564277785318953,23
0,[],27,[],2019-02-07 06:57:22,0.0,0,0,6610364,2019-02-07 06:57:22,,0.426429,0.0,0,eth,426429.0,0.0,0.0,23
1,[],4,[],2019-02-07 06:57:23,387353.36736136,0.00000078,0.000000000026589966,6610365,2019-02-07 06:57:23,btc,0.0774231862888226,0.0,0.00000078,btc,70058.79797619,0.02584874,0.1999827502281883,24
1,[],22,[],2019-02-07 06:57:26,11.76,0.00000100,0.0000000000340897,6610366,2019-02-07 06:57:26,BTC,7.415e-05,0.0,0.00000100,BTC,23.919354838709676,0.0,1.176e-05,24
0.0,[],25,[],2019-02-07 06:57:27,0.0,0,0,6610367,2019-02-07 06:57:27,,0.0,0.0,0.0,btc,0.0,0.0,0.0,24
0,[],2,[],2019-01-20 23:25:56,0.0,0,0,6476976,2019-01-20 23:25:56,,0.0,0.0,0,,0.0,0.0,0.0,26
1,[],4,[],2019-02-07 06:57:28,27834685.78250152,0.00000642,0.000000000218855874,6610368,2019-02-07 06:57:28,btc,0.4058471738762645,0.0,0.00000642,btc,32964.67790203,0.20070189,0.4214068665855329,26
1,[],10,[],2019-02-07 06:57:29,731249.84988537,0.0000059,0.00000000020112923,6610369,2019-02-07 06:57:29,btc,25.973590091400883,0.0,0.0000059,btc,12951.4789883,0.0,0.2094728953172016,26
1,[],3,[],2019-02-07 06:57:30,5712427.99917938,0.00000002,0.000000000000681794,6610370,2019-02-07 06:57:30,btc,2.512979286177026,194097.539672,0.00000002,btc,16145309.5169197,0.0,0.058788779595073296,27
1,[],5,[],2019-02-07 06:57:31,3e-08,0.00000002,0.000000000000681794,6610371,2019-02-07 06:57:31,btc,1.51475804,9.135e-05,0.00000002,btc,4.69e-05,0.0,0.11664222,27
1,[],11,[],2019-02-07 06:57:33,10064996.7912115,0.00000005,0.0000000000017044849999999999,6610372,2019-02-07 06:57:33,btc,370.63310344475406,219.9,0.00000005,btc,8170877.7193934005,0.0,0.4661206184459823,27
1,[],4,[],2019-02-07 06:57:33,606156836.3975813,0.00000002,0.000000000000681794,6610373,2019-02-07 06:57:33,btc,0.20877829241395968,0.0,0.00000002,"btc,ltc",29584195.01197501,0.16580151,7.399585974121789,29
1,[],7,[],2019-02-07 06:57:34,30431290.31026371,0.00000003,0.000000000001022691,6610374,2019-02-07 06:57:34,btc,44465205.798411004,9106910.68102,0.00000003,btc,42086225.2381388,0.27411769,0.4473722162446271,29
1,[],4,[],2019-02-07 06:57:35,1658979.0838591,0.00000031,0.000000000010567807,6610375,2019-02-07 06:57:35,btc,0.2589456534946171,0.0,0.00000031,btc,535664.25766992,0.00681152,0.1587536815670876,30
0,[],17,[],2019-02-07 06:57:36,0.0,0,0,6610376,2019-02-07 06:57:36,btc,0.0,0.0,0,btc,0.0,0.0,0.0,30
1,[],4,[],2019-02-07 06:57:37,1151573.21905987,0.00006623,0.0000000022577608309999998,6610377,2019-02-07 06:57:37,btc,0.976046024621393,0.0,0.00006623,btc,12464.21783908,0.61606694,3.0477808890601996,31
1,[],21,[],2019-02-07 06:57:38,87501.75047599,0.00006734999999999999721698312749,0.000000002295941295,6610378,2019-02-07 06:57:38,btc,5.345053375281789,246677.86979986,0.000067349999999999997216983127490408378434949554502964019775390625,btc,71424.11043438,16.54556473,5.369846772462401,31
0,[],2,[],2019-01-20 23:28:43,0.0,0,0,6477009,2019-01-20 23:28:43,,0.0,0.0,0,,0.0,0.0,0.0,32
1,[],4,[],2019-02-07 06:57:39,150817400.03151205,0.00000005,0.0000000000017044849999999999,6610379,2019-02-07 06:57:39,btc,2.1290935272065035,0.0,0.00000005,"btc,ltc",42706725.74272972,0.50214736,2.7633865082070566,33
1,[],12,[],2019-02-07 06:57:40,16454933.0,0.00000005,0.0000000000017044849999999999,6610380,2019-02-07 06:57:40,btc,17261781.771563463,0.0,0.00000005,btc,89355468.65534444,0.0391211002497526,0.57455636,33
1,[],4,[],2019-02-07 06:57:41,126977157.45115793,0.00000002,0.000000000000681794,6610381,2019-02-07 06:57:41,btc,0.7629581750051427,0.0,0.00000002,btc,25431939.16683809,1.30923373,1.2716295736615792,34
1,[],5,[],2019-02-07 06:57:42,3e-08,0.00000002,0.000000000000681794,6610382,2019-02-07 06:57:42,btc,3.74172854,1.30814735,0.00000002,btc,1.394e-05,0.0,0.97859415,34
0.0000000000974842,[],4,[],2019-02-07 06:57:43,1299233217.304,2.924526e-18,9.96962139822e-23,6610383,2019-02-07 06:57:43,ltc,7.906166466829167e-09,0.0,0.00000003,ltc,1627681358.2348835,0.0,2.465401715930496e-09,36
1,[],5,[],2019-02-07 06:57:44,0.0,0,0,6610384,2019-02-07 06:57:44,btc,193.19395139,0.0,0,btc,1.295e-05,0.0,0.0,36
0,[],17,[],2019-02-07 06:57:45,0.0,0,0,6610385,2019-02-07 06:57:45,btc,0.141743628312064,0.00010908,0,btc,10815166.27743647,0.0,0.0,36
0.0000000000974842,[],27,[],2019-02-07 06:57:48,1000000.0,1.9496840000000002e-18,6.64641426548e-23,6610386,2019-02-07 06:57:48,ltc,252.8263276744,0.0,0.00000002,"ltc,eth",3711879.06,0.0,1.949684e-12,36
1,[],4,[],2019-02-07 06:57:48,261375.91429814,0.00000133,0.000000000045339301,6610387,2019-02-07 06:57:48,btc,0.4413677504077848,0.0,0.00000133,btc,245306.59634139,0.06793911,0.1579938049709488,37
1,[],12,[],2019-02-07 06:57:49,427423.17353834,0.000001359999999999999896105784720490294859018831630237400531768798828125,0.000000000046361991999999995,6610388,2019-02-07 06:57:49,btc,1337.8973412681712,0.0,0.000001359999999999999896105784720490294859018831630237400531768798828125,btc,850158.62299478,0.0625338505202575,0.29266175190001187,37
1,[],17,[],2019-02-07 06:57:51,1752.74075282,0.00000025,0.000000000008522425,6610389,2019-02-07 06:57:51,btc,0.05548492396380832,0.0,0.00000025,btc,1387.19918473,0.0,0.00043818518820499993,37
1,[],27,[],2019-02-07 06:57:53,16833.0,0.00000052,0.000000000017726643999999998,6610390,2019-02-07 06:57:53,btc,32.34621317030353,0.0,0.00000052,btc,19579.81438508,0.0,0.00570484,37
1,[],5,[],2019-02-07 06:57:54,1.628e-05,0.00000102,0.000000000034771493999999996,6610391,2019-02-07 06:57:54,btc,0.10517416,0.09223579,0.00000102,btc,0.00010608,0.0,0.04867566,42
1,[],12,[],2019-02-07 06:57:56,148265.4716672,0.000001069999999999999919816744131662034078544820658862590789794921875,0.000000000036475979,6610392,2019-02-07 06:57:56,btc,88.51959522139731,0.0,0.000001069999999999999919816744131662034078544820658862590789794921875,btc,104200.32972253,0.0134157001698412,0.052104129999995696,42
0,[],27,[],2019-02-07 06:57:58,0.0,0,0,6610393,2019-02-07 06:57:58,,0.00315028,0.0,0,"btc,eth",11.007,0.0,0.0,42
1,[],5,[],2019-02-07 06:57:59,6e-08,0.00000003,0.000000000001022691,6610394,2019-02-07 06:57:59,btc,6.02525856,0.00010837,0.00000003,btc,1.425e-05,0.0,0.52851168,43
1,[],12,[],2019-02-07 06:58:00,6725799.0,0.00000002,0.000000000000681794,6610395,2019-02-07 06:58:00,btc,20007456.464669295,0.0,0.00000002,btc,38832877.74865134,0.00031132997003,0.06729673,43
0,[],17,[],2019-02-07 06:58:01,0.0,0,0,6610396,2019-02-07 06:58:01,btc,0.0,0.0,0,btc,0.0,0.0,0.0,43
1,[],12,[],2019-02-07 06:58:03,853766.0,0.00000006,0.000000000002045382,6610397,2019-02-07 06:58:03,btc,11115166.92776563,0.0,0.00000006,btc,1018842.00399599,0.0038409770029969,0.02486182,44
1,[],4,[],2019-02-07 06:58:03,224398444.1789551,0.00000002,0.000000000000681794,6610398,2019-02-07 06:58:03,btc,0.18859180447658946,0.0,0.00000002,"btc,ltc",4577493.74547867,0.00498659,0.43013998334173176,49
0.0000000000974842,[],4,[],2019-02-07 06:58:04,4577737182.117896,1.9496840000000002e-18,6.64641426548e-23,6610399,2019-02-07 06:58:04,ltc,4.645173504112977,0.0,0.00000002,ltc,1785603133.4963932,0.0,4.7165250450866226e-09,52
0,[],22,[],2019-02-07 06:58:07,0.0,0,0,6610400,2019-02-07 06:58:07,,3693.16111,0.0,0,,247825727.90882352,0.0,0.0,57
0,[],27,[],2019-02-07 06:58:09,0.0,0,0,6610401,2019-02-07 06:58:09,,0.0,0.0,0,"btc,eth",0.0,0.0,0.0,57
0.0000000000974842,[],4,[],2019-02-07 06:58:10,1611257243.7573075,4.87421e-18,1.6616035663700002e-22,6610402,2019-02-07 06:58:10,ltc,3.2816298266414288,0.0,0.00000005,ltc,1054843661.1813433,0.0,5.256346088663395e-09,58
1,[],12,[],2019-02-07 06:58:11,2090728881.175957,0.0000000006,0.000000000000020453819999999998,6610403,2019-02-07 06:58:11,btc,625181485604.1702,0.0,0.0000000006,btc,3390223967.8112884,0.030133035681118886,0.7621288065003392,58
0,[],17,[],2019-02-07 06:58:12,0.0,0,0,6610404,2019-02-07 06:58:12,btc,1e+24,0.0,0,btc,41616695.95832568,0.0,0.0,58
0.0000000001254884,[],22,[],2019-02-07 06:58:15,137438.0,1.254884e-18,4.27786190948e-23,6610405,2019-02-07 06:58:15,XMR,69.8835922,0.0,0.00000001,XMR,9887963.0,0.0,0.00137438,58
1,[],5,[],2019-02-07 06:58:17,5.81e-06,0.00000060,0.00000000002045382,6610406,2019-02-07 06:58:17,btc,0.32709587,0.00079176,0.00000060,btc,0.00015378,0.0,0.04455423,61
1,[],22,[],2019-02-07 06:58:20,5111.5,0.00000011,0.000000000003749867,6610407,2019-02-07 06:58:20,BTC,1002.29606732,0.0,0.00000011,BTC,15028.700278135757,0.0,0.00051178,61
1,[],26,[],2019-02-07 06:58:20,0.0,0.00000800,0.0000000002727176,6610408,2019-02-07 06:58:20,btc,0.0,0.0,0.00000800,btc,0.0,0.0,0.0,61
1,[],27,[],2019-02-07 06:58:22,100.0,0.00000032,0.000000000010908704,6610409,2019-02-07 06:58:22,btc,0.092542184,12.58,0.00000032,"btc,eth",188.1888,0.0055352,3.1e-05,61
1,[],28,[],2019-02-07 06:58:30,6884.304,0.0000006,0.00000000002045382,6610410,2019-02-07 06:58:30,btc,2.059333633700105,653.0,0.0000006,btc,10745.10450005,0.0,0.00216611304,61
1,[],4,[],2019-02-07 06:58:31,372307.55923816,0.00000186,0.000000000063406842,6610411,2019-02-07 06:58:31,btc,0.7445090931589204,0.0,0.00000186,btc,228569.47725699,0.08181803,0.494336899589936,67
0.0,[],25,[],2019-02-07 06:58:32,0.0,0,0,6610412,2019-02-07 06:58:32,,0.0,0.0,0.0,btc,0.0,0.0,0.0,67
1,[],12,[],2019-02-07 06:58:33,2578843.80244444,0.00000035,0.000000000011931394999999999,6610413,2019-02-07 06:58:33,btc,11115896.527921509,0.0,0.00000035,btc,2002667.23636363,0.0903069883816325,0.0953505450911108,71
,[],5,[],2018-11-20 23:02:39,1.5e-07,0.00000005,0.000000000002128045,4862160,2018-11-20 23:02:39,btc,2.84511358,0.0,,btc,0.00036572,0.0,0.07381892,74
1,[],5,[],2019-01-25 15:53:51,3.303e-05,0.00000156,0.000000000055588884,6499610,2019-01-25 15:53:51,btc,1.42844212,0.0,0.00000156,btc,0.00015937,0.0,0.49487621,75
0,[],20,[],2019-01-25 09:30:31,0.0,0,0,6495923,2019-01-25 09:30:31,btc,0.0,0.0,0,btc,0.0,0.0,0.0,81
1,[],4,[],2019-02-07 06:58:34,61335380.82492337,0.00000001,0.000000000000340897,6610414,2019-02-07 06:58:34,btc,0.7643178127338421,0.0,0.00000001,btc,14463797.09306941,0.00040318,0.6133538082492337,81
1,[],4,[],2019-02-07 06:58:36,23955.50744461,0.00007350,0.00000000250559295,6610415,2019-02-07 06:58:36,btc,0.791329801962749,0.0,0.00007350,btc,7264.92092544,0.00382959,0.0988404011055982,82
1,[],21,[],2019-02-07 06:58:36,77923.75278411999,0.00007514999999999999707577663655,0.0000000025618409549999997,6610416,2019-02-07 06:58:36,btc,3.423205905508703,3061.53971177,0.000075149999999999997075776636545896280949818901717662811279296875,btc,39105.94939304,0.231991,3.8023584207539183,82
0,[],17,[],2019-02-07 06:58:38,0.0,0,0,6610417,2019-02-07 06:58:38,btc,0.0447233088476774,0.0,0,btc,999127.19588126,0.0,0.0,84
0.0000000000974842,[],4,[],2019-02-07 06:58:38,342262009.1442912,1.1698104e-17,3.987848559288e-22,6610418,2019-02-07 06:58:38,ltc,0.1956906322199317,0.0,0.00000012,ltc,68257128.85581446,0.0,1.373928986087977e-09,85
,[],22,[],2018-11-20 23:09:34,3408.1,0.0000001,0.0000000000041895,4862324,2018-11-20 23:09:34,BTC,0.04624735,0.0,,BTC,4990.0,0.0,0.00033081,86
1,[],22,[],2019-02-07 06:58:42,740.0,0.00000005,0.0000000000017044849999999999,6610419,2019-02-07 06:58:42,BTC,2.07746772,0.0,0.00000005,BTC,141362.94736842104,0.0,3.7e-05,87
0,[],27,[],2019-02-07 06:58:43,0.0,0,0,6610420,2019-02-07 06:58:43,,0.0,0.0,0,btc,0.0,0.0,0.0,87
,[],2,[],2018-11-20 23:10:47,0.0,0,0,4862359,2018-11-20 23:10:47,,0.0,0.0,,,0.0,0.0,0.0,88
1,[],11,[],2019-02-07 06:58:45,96378.49870089,0.0001771499999999999962717323054306461926898919045925140380859375,0.000000006038990355,6610421,2019-02-07 06:58:45,btc,246.61016934754295,319.58458772,0.0001771499999999999962717323054306461926898919045925140380859375,btc,187902.84330995,0.0,6.600121099518995,89
0,[],2,[],2019-01-20 23:31:45,0.0,0,0,6477083,2019-01-20 23:31:45,,0.0,0.0,0,,0.0,0.0,0.0,91
1,[],12,[],2019-02-07 06:58:47,446213.28271841997,0.0000039400000000000003934547999906445880924366065301001071929931640625,0.00000000013431341800000002,6610422,2019-02-07 06:58:47,btc,1115.2283183893533,0.0,0.0000039400000000000003934547999906445880924366065301001071929931640625,btc,36031.96182398,0.0079517619387235,0.0876561816999436,91
0,[],17,[],2019-02-07 06:58:48,0.0,0,0,6610423,2019-02-07 06:58:48,btc,0.0,0.0,0,btc,0.0,0.0,0.0,91
0.0000000000974842,[],22,[],2019-02-07 06:58:52,28845304.0,5.849052e-18,1.993924279644e-22,6610424,2019-02-07 06:58:52,LTC,8.80758359,0.0,0.00000006,LTC,76429729.6,0.0,1.18962528,95
1,[],4,[],2019-02-07 06:58:52,138150582.49855494,0.00000001,0.000000000000340897,6610425,2019-02-07 06:58:52,btc,0.85093099118544,0.0,0.00000001,"btc,ltc",43379248.04945478,0.02399544,0.07439694738231763,96
0,[],12,[],2019-02-07 06:58:53,0.0,0,0,6610426,2019-02-07 06:58:53,btc,255063.47440155555,0.0,0,btc,8870503.32498475,9.99000999001e-05,0.0,96
0,[],17,[],2019-02-07 06:58:55,0.0,0,0,6610427,2019-02-07 06:58:55,btc,0.0,0.0,0,btc,0.0,0.0,0.0,96
1,[],4,[],2019-02-07 06:58:56,1733497.52248404,0.00000033,0.000000000011249600999999999,6610428,2019-02-07 06:58:56,btc,0.227840087360181,0.0,0.00000033,btc,402750.03339533,0.07984926,0.2113116955901982,99
0,[],2,[],2019-01-20 23:23:55,0.0,0,0,6476914,2019-01-20 23:23:55,,0.0,0.0,0,,0.0,0.0,0.0,100
1,[],4,[],2019-02-07 06:58:57,70921.41572634,0.00004340,0.0000000014794929799999999,6610429,2019-02-07 06:58:57,btc,1.0831618296842453,0.0,0.00004340,btc,22134.7174615,1.92094719,2.7645734696446866,100
1,[],22,[],2019-02-07 06:59:06,50000.0,0.00000001,0.000000000000340897,6610430,2019-02-07 06:59:06,BTC,23.50383609,0.0,0.00000001,BTC,11277.22,0.0,0.0005,101
1,[],4,[],2019-02-07 06:59:07,149489.55483785,0.00000106,0.000000000036135081999999995,6610431,2019-02-07 06:59:07,btc,0.4070330064984563,0.0,0.00000106,btc,143821.5539138,0.03559093,0.098027103287609,103
1,[],12,[],2019-02-07 06:59:08,84384050.50523362,0.000000017,0.0000000000005795248999999999,6610432,2019-02-07 06:59:08,btc,138278921.58040908,0.0,0.000000017,btc,128675944.44404878,0.06907035255308916,0.6588182560585827,105
1,[],27,[],2019-02-07 06:59:10,10161405.89,0.00000001,0.000000000000340897,6610433,2019-02-07 06:59:10,btc,0.620832568896094,0.0,0.00000001,btc,708411.74181977,0.0,0.1016140589,105
0,[],22,[],2019-02-07 06:59:13,0.0,0,0,6610434,2019-02-07 06:59:13,,1.07253299,0.0,0,,94300.0,0.0,0.0,107
1,[],26,[],2019-02-07 06:59:13,0.0,0.00000000,0,6610435,2019-02-07 06:59:13,btc,0.0,0.0,0.00000000,btc,0.0,0.0,0.0,107
1,[],5,[],2019-02-07 06:59:15,3e-08,0.00000002,0.000000000000681794,6610436,2019-02-07 06:59:15,btc,2.81014962,0.05340978,0.00000002,btc,1.649e-05,0.0,0.11642249,112
1,[],22,[],2019-02-07 06:59:18,16966.0,0.00000001,0.000000000000340897,6610437,2019-02-07 06:59:18,BTC,2.85883288,0.0,0.00000001,BTC,1508529.0833333333,0.0,0.00016966,112
0.0000000003077523,[],27,[],2019-02-07 06:59:21,500000.0,3.077523e-18,1.049118358131e-22,6610438,2019-02-07 06:59:21,eth,1.25132491849924,0.0,0.00000001,"btc,eth",1327.641654,0.0,1.5387615e-12,112
1,[],4,[],2019-02-07 06:59:22,470182.90525952,0.00000452,0.000000000154085444,6610439,2019-02-07 06:59:22,btc,0.6621167701960828,0.0,0.00000452,btc,103389.37074856,0.40916217,0.3011184037343117,113
1,[],5,[],2019-02-07 06:59:23,1.994e-05,0.00000380,0.00000000012954086,6610440,2019-02-07 06:59:23,btc,1.00815144,0.00781837,0.00000380,btc,0.002317,0.0,0.20243071,113
1,[],17,[],2019-02-07 06:59:25,174538.724,0.00000004,0.000000000001363588,6610441,2019-02-07 06:59:25,btc,1.336803027402866,0.0,0.00000004,btc,51896.221,0.0,0.00308154896,116
0,[],27,[],2019-02-07 06:59:26,0.0,0,0,6610442,2019-02-07 06:59:26,,0.0,0.0,0,btc,0.0,0.0,0.0,116
1,[],4,[],2019-02-07 06:59:28,39759.52874493,0.00002701,0.000000000920762797,6610443,2019-02-07 06:59:28,btc,0.4196094837635535,0.0,0.00002701,btc,13106.34577326,1.09843976,0.7434422858665415,120
1,[],7,[],2019-02-07 06:59:29,14730.71955103,0.00001796000000000000083899033553880286717685521580278873443603515625,0.000000000612251012,6610444,2019-02-07 06:59:29,btc,88979.71318072871,0.28810141,0.00001796000000000000083899033553880286717685521580278873443603515625,btc,29620.46694662,1e-05,0.1264732153454005,120
1,[],20,[],2019-02-07 06:59:30,1565914.1136,0.000000015,0.0000000000005113455,6610445,2019-02-07 06:59:30,btc,33.7484903655786,43261.8958,0.000000015,btc,1062852.4953,0.000668928437,0.0083486985797,125
1,[],22,[],2019-02-07 06:59:34,3053.0,0.00000001,0.000000000000340897,6610446,2019-02-07 06:59:34,BTC,0.01444889,0.0,0.00000001,BTC,296264.5111111111,0.0,3.053e-05,126
1,[],4,[],2019-02-07 06:59:35,143657.61705389,0.00001684,0.0000000005740705479999999,6610447,2019-02-07 06:59:35,btc,0.5595927149582363,0.0,0.00001684,btc,27718.07933843,0.22822472,0.7183977120030637,131
0,[],17,[],2019-02-07 06:59:36,0.0,0,0,6610448,2019-02-07 06:59:36,btc,0.0009561751951600001,0.0,0,btc,35.42829368,0.0,0.0,131
0,[],2,[],2019-01-20 23:25:46,0.0,0,0,6476969,2019-01-20 23:25:46,,0.0,0.0,0,,0.0,0.0,0.0,131
1,[],4,[],2019-02-07 06:59:37,4686.58663795,0.00016025,0.000000005462874425,6610449,2019-02-07 06:59:37,btc,1.6397296581116616,0.0,0.00016025,btc,296.65845559,0.00107493,0.0188975858616695,135
1,[],3,[],2019-02-07 06:59:38,1829013.72562326,0.00000005,0.0000000000017044849999999999,6610450,2019-02-07 06:59:38,btc,0.1411339578040692,28359.1180476,0.00000005,btc,454713.80018217,0.0,0.0673182211089435,136
1,[],4,[],2019-02-07 06:59:38,81595.92254773,0.00000173,0.000000000058975181,6610451,2019-02-07 06:59:38,btc,0.0713866396900239,0.0,0.00000173,btc,33342.65143678,0.00993315,0.108293589822808,137
1,[],12,[],2019-02-07 06:59:40,314828.5313715,0.00000172000000000000004922169442866941579950434970669448375701904296875,0.000000000058634284,6610452,2019-02-07 06:59:40,btc,11982.945842606501,0.0,0.00000172000000000000004922169442866941579950434970669448375701904296875,btc,157800.09369316,6.06865434622e-05,0.0573419743350937,137
1,[],5,[],2019-02-07 06:59:41,0.00162734,0.00004905,0.000000001672099785,6610453,2019-02-07 06:59:41,btc,9.5480439,4.4266621,0.00004905,btc,0.00661147,0.0,1.4792358,142
1,[],17,[],2019-02-07 06:59:42,12500.0,0.0000001,0.0000000000034089699999999998,6610454,2019-02-07 06:59:42,btc,20.261021578972496,0.0,0.0000001,btc,5931.99821453,0.0,0.00125,142
1,[],20,[],2019-02-07 06:59:44,150869.4146,0.000040555,0.0000000013825077835,6610455,2019-02-07 06:59:44,btc,3.117256370767,0.0,0.000040555,btc,6008.3883,0.0,0.2727741070608,142
1,[],22,[],2019-02-07 06:59:47,1029.9,0.00001010,0.00000000034430597,6610456,2019-02-07 06:59:47,BTC,3.00715926,0.0,0.00001010,BTC,897.098503144654,0.00023804,0.00083399,142
0.0,[],25,[],2019-02-07 06:59:48,0.0,0,0,6610457,2019-02-07 06:59:48,,0.0,0.0,0.0,btc,0.0,0.0,0.0,142
1,[],28,[],2019-02-07 06:59:55,79065.0,0.00004400,0.0000000014999468,6610458,2019-02-07 06:59:55,btc,0.0389372,1428.2967,0.00004400,btc,775.0,0.0,0.0535837,142
0,[],22,[],2019-02-07 06:59:57,0.0,0,0,6610459,2019-02-07 06:59:57,,60.29967435,0.0,0,,812206579.8,0.0,0.0,143
1,[],21,[],2019-02-07 06:59:58,34789055.294141,0.00000027,0.000000000009204219,6610460,2019-02-07 06:59:58,btc,54.80993666780469,3866921.3863057,0.00000027,btc,94339089.6552495,1.04597363,5.209507143892692,145
0,[],22,[],2019-02-07 07:00:01,0.0,0,0,6610461,2019-02-07 07:00:01,,3.33248929,0.0,0,,1970827.5,0.0,0.0,146
,[],22,[],2018-11-20 23:01:11,0.0,0,0,4862114,2018-11-20 23:01:11,,2.56807021,0.0,,,61828.4988236,0.0,0.0,147
1,[],12,[],2019-02-07 07:00:03,8687111.2165947,0.00000349999999999999994749750979738944778318909811787307262420654296875,0.00000000011931395,6610462,2019-02-07 07:00:03,btc,16.529529299621803,0.0,0.00000349999999999999994749750979738944778318909811787307262420654296875,btc,115886.52191469,0.001923570319649,0.12174673000000061,148
1,[],4,[],2019-02-07 07:00:04,308292.39194931,0.00000028,0.000000000009545116,6610463,2019-02-07 07:00:04,btc,0.9213010290140818,0.0,0.00000028,btc,819380.83819925,0.0,0.0682596103946448,152
0,[],22,[],2019-02-07 07:00:07,0.0,0,0,6610464,2019-02-07 07:00:07,,0.0,0.0,0,,0.0,0.0,0.0,152
1,[],5,[],2019-02-07 07:00:08,0.0,0,0,6610465,2019-02-07 07:00:08,btc,4.42293222,0.0,0,btc,0.00161275,0.0,0.0,153
,[],16,[],2019-01-11 15:38:59,0.0,0,0,6366141,2019-01-11 15:38:59,btc,0.0,0.0,,btc,0.0,0.0,0.0,155
0,[],22,[],2019-02-07 07:00:12,0.0,0,0,6610466,2019-02-07 07:00:12,,6.74512347,0.0,0,,4576272.742592593,0.0,0.0,156
0,[],23,[],2019-01-20 23:24:29,0.0,0,0,6476932,2019-01-20 23:24:29,,0.0,0.0,0,,0.0,0.0,0.0,156
1,[],22,[],2019-02-07 07:00:22,7906.0,0.00000801,0.000000000273058497,6610467,2019-02-07 07:00:22,BTC,43.78801181,0.0,0.00000801,BTC,1067.5805334758436,0.0,0.00743836,157
0,[],22,[],2019-02-07 07:00:24,0.0,0,0,6610468,2019-02-07 07:00:24,,50175.6753658,0.0,0,,54007107.04179466,0.0,0.0,158
,[],17,[],2018-11-20 22:56:10,0.0,0,0,4861976,2018-11-20 22:56:10,btc,1.1265625,0.0,,btc,1000.0,0.0,0.0,159
,[],20,[],2018-11-20 22:56:12,0.0,0,0,4861977,2018-11-20 22:56:12,btc,11912.7940471,0.0,,btc,34413894.3617,0.0,0.0,159
1,[],12,[],2019-02-07 07:00:26,194566.83883295,0.00000921999999999999981571165152960389832514920271933078765869140625,0.000000000314307034,6610469,2019-02-07 07:00:26,btc,6.687874393434503,0.0,0.00000921999999999999981571165152960389832514920271933078765869140625,btc,14898.20582472,0.0053251345206475,0.0940149510072466,168
1,[],17,[],2019-02-07 07:00:27,29784.95,0.000001,0.0000000000340897,6610470,2019-02-07 07:00:27,btc,0.03026736251542,0.0,0.000001,btc,144.46171372,0.0,0.00716147,168
0,[],22,[],2019-02-06 12:36:32,0.0,0,0,6600935,2019-02-06 12:36:32,,1.14688224,0.0,0,,677302.5900917595,0.0,0.0,169
1,[],22,[],2019-02-07 07:00:30,228500.0,0.00000024,0.000000000008181528,6610471,2019-02-07 07:00:30,BTC,10.32930825,0.0,0.00000024,BTC,126343.56590535682,0.00591933,0.02364,171
1,[],22,[],2019-02-07 07:00:33,255092.31547619047,0.00000024,0.000000000008181528,6610472,2019-02-07 07:00:33,BTC,2.63532502,0.0,0.00000024,BTC,233227.04387740497,0.0,0.02462075,173
1,[],5,[],2019-02-07 07:00:35,2.04e-05,0.00000314,0.000000000107041658,6610473,2019-02-07 07:00:35,btc,0.38796272,0.04010458,0.00000314,btc,0.0002944,0.0,0.70368394,175
1,[],22,[],2019-02-07 07:00:38,52749.25714285715,0.0000006,0.00000000002045382,6610474,2019-02-07 07:00:38,BTC,0.6295341,0.0,0.0000006,BTC,150687.43518325547,0.00469339,0.01833557,176
1,[],7,[],2019-02-07 07:00:39,0.0,0,0,6610475,2019-02-07 07:00:39,btc,233187.72099201294,1130.0,0,btc,115003286.22995901,1.13e-05,0.0,178
0,[],22,[],2019-02-07 07:00:41,0.0,0,0,6610476,2019-02-07 07:00:41,,1.00242428,0.0,0,,57512.0,0.0,0.0,178
0,[],2,[],2019-01-20 23:28:34,0.0,0,0,6477001,2019-01-20 23:28:34,,0.0,0.0,0,,0.0,0.0,0.0,178
1,[],5,[],2019-02-07 07:00:44,3e-08,0.00000002,0.000000000000681794,6610477,2019-02-07 07:00:44,btc,16.9049116,0.04966982,0.00000002,btc,2.088e-05,0.0,0.97643891,179
1,[],22,[],2019-02-07 07:00:48,8322534.0,0.00000002,0.000000000000681794,6610478,2019-02-07 07:00:48,BTC,5.51804142,0.0,0.00000002,"BTC,LTC",18726503.068656635,4.65e-05,0.39371052,179
0,[],23,[],2019-01-20 23:25:08,0.0,0,0,6476952,2019-01-20 23:25:08,,0.0,0.0,0,,0.0,0.0,0.0,179
1,[],17,[],2019-02-07 07:00:50,10504.725,0.0000001,0.0000000000034089699999999998,6610479,2019-02-07 07:00:50,btc,5.206166879877109,0.0,0.0000001,btc,6755.0074587,0.0,0.0010504725,180
1,[],22,[],2019-02-07 07:00:53,30971.945454545454,0.00000011,0.000000000003749867,6610480,2019-02-07 07:00:53,BTC,0.09643603,0.0,0.00000011,"BTC,LTC",17090.39315481,0.0,0.00327637,180
1,[],26,[],2019-02-07 07:00:54,0.0,0.00000010,0.0000000000034089699999999998,6610481,2019-02-07 07:00:54,btc,0.0,50.0,0.00000010,btc,0.0,0.0,0.0,180
,[],7,[],2018-11-20 22:58:01,562227.975654,0.00000085,0.000000000036176765,4862015,2018-11-20 22:58:01,btc,21836.6059674,2491.87645172,,btc,749999.041456,0.00211021,0.127565380455,183
,[],5,[],2019-01-10 08:11:41,0.0,0,0,6347036,2019-01-10 08:11:41,btc,82.15055501,0.00261,,btc,1.19002445,0.0,0.0,187
1,[],24,[],2019-02-07 07:00:54,0.0,0.000000000001,3.40897e-17,6610482,2019-02-07 07:00:54,btc,0.0,0.0,0.000000000001,btc,0.0,0.0,0.0,187
,[],17,[],2018-11-16 20:58:10,4062536.27273,0.00000001,0.000000000000550501,4708775,2018-11-16 20:58:10,btc,3.36492563466,0.195460381006,,"btc,eth",110697919.549,0.0,0.0157628953496,187
0,[],22,[],2019-02-07 07:01:03,0.0,0,0,6610483,2019-02-07 07:01:03,,1.19383767,0.0,0,,14406.036201072173,0.0,0.0,191
0,[],22,[],2019-02-07 07:01:13,0.0,0,0,6610484,2019-02-07 07:01:13,,0.0,0.0,0,,0.0,0.0,0.0,197
0,[],23,[],2019-01-20 23:31:41,0.0,0,0,6477079,2019-01-20 23:31:41,,0.0,0.0,0,,0.0,0.0,0.0,199
1,[],26,[],2019-02-07 07:01:13,0.0,0.00000000,0,6610485,2019-02-07 07:01:13,btc,0.0,772255.0,0.00000000,btc,0.0,0.0,0.0,199
0,[],17,[],2019-01-30 16:32:01,0.0,0,0,6540827,2019-01-30 16:32:01,btc,6.802544163788159,0.0,0,btc,105897.55575295,0.0,0.0,200
0,[],2,[],2019-01-20 23:30:49,0.0,0,0,6477059,2019-01-20 23:30:49,,0.0,0.0,0,,0.0,0.0,0.0,201
1,[],4,[],2019-01-25 15:51:35,2084389.58565343,0.00000936,0.000000000333526752,6499557,2019-01-25 15:51:35,btc,2.0092503037378524,0.0,0.00000936,btc,160195.80207885,0.19272417,1.242687955921835,211
1,[],7,[],2019-02-07 07:01:18,4895655.08365249,0.000001520000000000000058272072063492164062381561961956322193145751953125,0.000000000051816344,6610486,2019-02-07 07:01:18,btc,16567788.754354712,1527701.0479,0.000001520000000000000058272072063492164062381561961956322193145751953125,btc,10429258.066120319,2.29840266,4.964646624598582,212
1,[],5,[],2019-02-07 07:01:20,4.66e-06,0.00000034,0.000000000011590497999999999,6610487,2019-02-07 07:01:20,btc,1.19755542,0.26217054,0.00000034,btc,3.174e-05,0.0,0.4356001,213
1,[],24,[],2019-02-07 07:01:20,0.0,0.000000050000,0.0000000000017044849999999999,6610488,2019-02-07 07:01:20,btc,0.0,0.0,0.000000050000,btc,0.0,0.0,0.0,213
1,[],26,[],2019-02-07 07:01:20,0.0,0.00000009,0.000000000003068073,6610489,2019-02-07 07:01:20,btc,0.0,0.0,0.00000009,btc,0.0,0.0,0.0,213
1,[],12,[],2019-01-25 02:44:32,207462.42853209,0.000001080000000000000035831255497387193287295303889550268650054931640625,0.000000000038610756000000006,6493050,2019-01-25 02:44:32,btc,85023.03793723314,0.0,0.000001080000000000000035831255497387193287295303889550268650054931640625,btc,43675.73520027,0.000146250909087,0.0348620860622024,213
1,[],22,[],2019-02-07 07:01:24,276400.0,0.00000002,0.000000000000681794,6610490,2019-02-07 07:01:24,BTC,70.20368422,0.0,0.00000002,BTC,291693.63137942314,0.00015,0.004714,216
1,[],27,[],2019-02-07 07:01:29,5049502.0,0.00000002,0.000000000000681794,6610491,2019-02-07 07:01:29,btc,313.98514904952,22327.0,0.00000002,"btc,ltc",289368.48811,0.00759118,0.05099104,216
1,[],22,[],2019-02-07 07:01:33,334904.0695775665,0.00000290,0.00000000009886012999999999,6610492,2019-02-07 07:01:33,BTC,12677.2723932,0.0,0.00000290,BTC,416844.4907105546,0.36129073,0.53013057,217
1,[],7,[],2019-02-07 07:01:33,0.0,0,0,6610493,2019-02-07 07:01:33,btc,77970.02600413912,0.0,0,btc,134531561.1214003,0.0,0.0,219
0,[],27,[],2019-02-07 07:01:35,0.0,0,0,6610494,2019-02-07 07:01:35,,5.3418937883169715,0.0,0,btc,1605140.99226592,0.0,0.0,219
0.0000000000000054,[],28,[],2019-02-07 07:01:41,203942515.944,6.0210000000000005e-18,2.052540837e-22,6610495,2019-02-07 07:01:41,doge,88584.0309717675,17318.9,0.00111500,"btc,doge",4974437.69751,0.0,2.1502717201779642e-11,219
1,[],22,[],2019-02-07 07:01:44,227488.61111111112,0.00000096,0.000000000032726112,6610496,2019-02-07 07:01:44,BTC,2.78971196,0.0,0.00000096,BTC,24260.639537489747,0.06551167,0.03838673,221
1,[],24,[],2019-02-07 07:01:44,0.0,0.000000610000,0.000000000020794717,6610497,2019-02-07 07:01:44,btc,0.0,27703.36235,0.000000610000,btc,0.0,0.10480794,0.0,221
1,[],20,[],2019-02-07 07:01:46,6428636.1943,0.000000007,0.0000000000002386279,6610498,2019-02-07 07:01:46,btc,5.9929678330643,16622.4949,0.000000007,btc,7573233.9889,0.0001321580026,0.0153212378152,224
0,[],22,[],2019-02-07 07:01:49,0.0,0,0,6610499,2019-02-07 07:01:49,,0.0,0.0,0,,0.0,0.0,0.0,224
1,[],26,[],2019-02-07 07:01:49,0.0,0.00000022,0.000000000007499734,6610500,2019-02-07 07:01:49,btc,0.0,0.0,0.00000022,btc,0.0,0.0,0.0,231
1,[],26,[],2019-02-07 07:01:50,0.0,0.00000005,0.0000000000017044849999999999,6610501,2019-02-07 07:01:50,btc,0.0,0.0,0.00000005,btc,0.0,0.0,0.0,234
0,[],27,[],2019-02-07 07:01:52,0.0,0,0,6610502,2019-02-07 07:01:52,,0.0113483662182,0.0,0,"btc,eth",11462.99618,0.0,0.0,234
0,[],22,[],2019-02-07 07:01:54,0.0,0,0,6610503,2019-02-07 07:01:54,,3.02469477,0.0,0,,99242433.81349206,0.0,0.0,235
1,[],4,[],2019-02-07 07:01:55,868676.07900123,0.00000058,0.000000000019772026,6610504,2019-02-07 07:01:55,btc,0.1367910649899144,0.0,0.00000058,btc,131333.12760214,0.02990871,0.1895127697386036,236
1,[],24,[],2019-02-07 07:01:55,0.0,0.000000010000,0.000000000000340897,6610505,2019-02-07 07:01:55,btc,0.0,0.0,0.000000010000,btc,0.0,0.0,0.0,236
1,[],20,[],2019-02-07 07:01:57,20878043.1671,0.00000006,0.000000000002045382,6610506,2019-02-07 07:01:57,btc,14.475851449564,17923873.8641,0.00000006,btc,26461936.9963,1.0767609474965,0.4009640302223,237
0,[],22,[],2019-02-07 07:01:59,0.0,0,0,6610507,2019-02-07 07:01:59,,0.04083605,0.0,0,,4179.0,0.0,0.0,237
1,[],4,[],2019-02-07 07:02:00,4746513.01496515,0.00000034,0.000000000011590497999999999,6610508,2019-02-07 07:02:00,btc,0.5103182445549598,0.0,0.00000034,btc,1294488.25308099,0.10163122,1.4870637021243494,238
1,[],5,[],2019-02-07 07:02:01,3.93e-06,0.00000033,0.000000000011249600999999999,6610509,2019-02-07 07:02:01,btc,0.73447035,0.06762524,0.00000033,btc,2.957e-05,0.0,0.24303634,238
1,[],22,[],2019-02-07 07:02:05,118965.33333333333,0.00000003,0.000000000001022691,6610510,2019-02-07 07:02:05,BTC,15.41456983,0.0,0.00000003,BTC,316933.8139027493,0.00073072,0.00356896,249
0.0000000000974842,[],22,[],2019-02-07 07:02:09,1258373.0,2.924526e-18,9.96962139822e-23,6610511,2019-02-07 07:02:09,LTC,4.03395063,0.0,0.00000003,LTC,14505871.09,0.0,0.03675421,252
1,[],28,[],2019-02-07 07:02:14,2351208.286,0.00000009,0.000000000003068073,6610512,2019-02-07 07:02:14,btc,164692.2993508189,10176.3,0.00000009,btc,675372.1485,0.0,0.0814213363,256
1,[],22,[],2019-02-07 07:02:23,114807.0,0.00000001,0.000000000000340897,6610513,2019-02-07 07:02:23,BTC,30.2063862,0.0,0.00000001,BTC,455846.02135702135,4.365e-05,0.00114807,258
1,[],22,[],2019-01-26 20:58:41,368451.0,0.00000001,0.000000000000356135,6510120,2019-01-26 20:58:41,BTC,2.642917,0.0,0.00000001,"BTC,LTC",1862.0,0.0,0.02488451,259
1,[],22,[],2019-02-07 07:02:26,15366.545938748335,0.00000755,0.000000000257377235,6610514,2019-02-07 07:02:26,BTC,111115.78414377,0.0,0.00000755,BTC,5851.542661517651,0.0,0.10982441,262
1,[],5,[],2019-02-07 07:02:28,7.118e-05,0.00000357,0.000000000121700229,6610515,2019-02-07 07:02:28,btc,1.05153953,0.7087147,0.00000357,btc,0.00074797,0.0,0.22382616,264
1,[],20,[],2019-02-07 07:02:29,1176888.0901,0.00000257,0.000000000087610529,6610516,2019-02-07 07:02:29,btc,5.0363127120103,13994.0036,0.00000257,btc,94140.5732,0.0553856423942,0.0305317827343,264
1,[],22,[],2019-02-07 07:02:33,107946.5,0.00000002,0.000000000000681794,6610517,2019-02-07 07:02:33,BTC,8.46981963,0.0,0.00000002,BTC,344316.64326478855,0.00032899,0.0016613,271
0,[],22,[],2019-02-07 07:02:35,0.0,0,0,6610518,2019-02-07 07:02:35,,369.78818487,0.0,0,,14642228457.9,0.0,0.0,272
0.0000000000000054,[],28,[],2019-02-07 07:02:41,226437833975.892,5.9400000000000005e-21,2.02492818e-25,6610519,2019-02-07 07:02:41,doge,298864901.2338897,28543358110.07,0.00000110,doge,218064144141.07068,0.0,7.247514856271389e-10,272
1,[],22,[],2019-02-07 07:02:46,10180.0,0.00001003,0.000000000341919691,6610520,2019-02-07 07:02:46,BTC,272.15799926,0.0,0.00001003,BTC,1429.389,0.01087341,0.0019038,281
