pairValue,buyBook,exchangeId,sellBook,updated,buyTotal,satoshiPrice,usdPrice,exchangeLogId,created,bestPair,sellTotalBtc,volume,pairPrice,activePairs,sellTotal,volumeBtc,buyTotalBtc,coinId
1,[],3,[],2019-01-30 14:25:47,117.798309697991,0.01269679999999999940596406844406374148093163967132568359375,0.00000043950354104000004,6539354,2019-01-30 14:25:47,btc,107.00315372909974,0.230032799836,0.01269679999999999940596406844406374148093163967132568359375,btc,13.732498524123,0.0,0.29987767565014223,1
1,[],4,[],2019-01-30 14:25:48,25071.06793413,0.01269287,0.000000439367502911,6539355,2019-01-30 14:25:48,btc,0.9551741837995559,0.0,0.01269287,btc,71.15820614,0.30835965,1.1520903074631785,1
1,[],5,[],2019-01-30 14:25:51,0.24831255,0.01253437,0.00000043388097786100006,6539356,2019-01-30 14:25:51,btc,14578.46293787,0.02707199,0.01253437,btc,35555556.32983303,0.0,1.4847647,1
1,[],10,[],2019-01-30 14:25:53,272440.81085948,0.0119903,0.0000004150478315900001,6539357,2019-01-30 14:25:53,btc,6536.922091042308,1438.63303739,0.0119903,btc,965.70380553,0.0,4.570771851271856,1
1,[],12,[],2019-01-30 14:25:56,10414.02871153,0.01256999999999999957644991610550277982838451862335205078125,0.00000043511432100000004,6539358,2019-01-30 14:25:56,btc,0.3701882681418,0.0,0.01256999999999999957644991610550277982838451862335205078125,btc,23.41096367,0.049214549904,0.0771344078632,1
1,[],20,[],2019-01-30 14:25:57,1453.8517,0.0105001,0.00000036346411153000004,6539359,2019-01-30 14:25:57,btc,0.0564711704203,0.0,0.0105001,btc,2.4781,0.0,0.0967112513876,1
1,[],21,[],2019-01-30 14:25:59,2196.5854546,0.01270572000000000020825119407,0.00000043981230951600006,6539360,2019-01-30 14:25:59,btc,22.01863678663722,4566.50806189,0.0127057200000000002082511940670883632265031337738037109375,"btc,eth",2356.50141773,55.314015064544044,20.53953180397331,1
1,[],22,[],2019-01-30 14:26:03,0.03636045714285714,0.01400000,0.0000004846142,6539361,2019-01-30 14:26:03,BTC,0.31380731,0.0,0.01400000,BTC,0.09124366666666667,6.237e-05,0.00048448,1
1,[],24,[],2019-01-30 14:26:04,0.0,0.000000000000,0,6539362,2019-01-30 14:26:04,btc,0.0,0.0,0.000000000000,btc,0.0,0.0,0.0,1
0.0,[],25,[],2019-01-30 14:26:06,0.0,0,0,6539363,2019-01-30 14:26:06,btc,19.20669999758417,291.86263601,0.0,btc,1472.25857227,3.6915,0.0,1
1,[],26,[],2019-01-30 14:26:15,0.0,0,0,6539364,2019-01-30 14:26:15,,0.0,0.0,0,,0.0,0.0,0.0,1
1,[],28,[],2019-01-30 14:26:17,987.9,0.01131000,0.00000039149904300000005,6539365,2019-01-30 14:26:17,btc,0.162839806,17148.15,0.01131000,btc,8.9,0.0,0.024551096,1
0,[],2,[],2019-01-20 23:28:45,0.0,0,0,6477011,2019-01-20 23:28:45,,0.0,0.0,0,,0.0,0.0,0.0,1
1,[],5,[],2019-01-30 14:26:19,1.891e-05,0.00000075,0.000000000025961475000000002,6539366,2019-01-30 14:26:19,btc,0.14870639,0.05752088,0.00000075,btc,7.279e-05,0.0,0.47242924,2
1,[],22,[],2019-01-30 14:26:23,1754.625335862178,0.0000004,0.00000000001384612,6539367,2019-01-30 14:26:23,BTC,0.0231601,0.0,0.0000004,"BTC,XMR",14562.72385,0.0,0.00111682,2
1,[],5,[],2019-01-30 14:26:25,1.42e-06,0.00000017,0.000000000005884601000000001,6539368,2019-01-30 14:26:25,btc,3.87774427,0.08246322,0.00000017,btc,2.267e-05,0.0,3.69443334,3
1,[],12,[],2019-01-30 14:26:27,12492129.48438527,0.000000172,0.0000000000059538316000000004,6539369,2019-01-30 14:26:27,btc,921319.9142992228,0.0,0.000000172,btc,8029974.96773647,0.02711488243080764,0.5499523743735566,3
0,[],28,[],2019-01-30 14:26:31,0.0,0,0,6539370,2019-01-30 14:26:31,,0.0,0.0,0,,0.0,0.0,0.0,3
0,[],2,[],2019-01-20 23:31:32,0.0,0,0,6477077,2019-01-20 23:31:32,,0.0,0.0,0,,0.0,0.0,0.0,4
1,[],4,[],2019-01-30 14:26:32,239188.4343387,0.00000036,0.000000000012461508000000001,6539371,2019-01-30 14:26:32,btc,0.412513041017036,0.0,0.00000036,btc,333111.97555063,0.00061667,0.0204263704782409,4
1,[],12,[],2019-01-25 15:53:49,1222127.5219999999,0.00000003,0.000000000001069017,6499609,2019-01-25 15:53:49,btc,11013867.817925906,0.0,0.00000003,btc,969763.77092902,0.0,0.01617509044,5
0,[],2,[],2019-01-20 23:31:51,0.0,0,0,6477087,2019-01-20 23:31:51,,0.0,0.0,0,,0.0,0.0,0.0,6
1,[],11,[],2019-01-30 14:26:33,4918764.08392,0.00000002,0.000000000000692306,6539372,2019-01-30 14:26:33,btc,9432.521434026567,250191.41608,0.00000002,btc,41555103.12229939,0.0,0.0497857266784,6
1,[],3,[],2019-01-30 14:26:34,1070.673071960979,0.000150559999999999995050348200464895853656344115734100341796875,0.000000005211679568,6539373,2019-01-30 14:26:34,btc,28.510202753279106,0.0,0.000150559999999999995050348200464895853656344115734100341796875,btc,234.145665820227,0.0,0.031146277816609152,7
1,[],4,[],2019-01-30 14:26:34,22238.73243059,0.00016599,0.0000000057457936470000006,6539374,2019-01-30 14:26:34,btc,2.3975730894754377,0.0,0.00016599,btc,13164.17293701,3.90884098,3.2869058987193007,7
1,[],5,[],2019-01-30 14:26:35,0.00539253,0.00016060,0.0000000055592171800000004,6539375,2019-01-30 14:26:35,btc,1.31945107,0.68357048,0.00016060,btc,0.01028739,0.0,1.39235168,7
1,[],20,[],2019-01-30 14:26:38,62771509.8802,0.000000001,0.0000000000000346153,6539376,2019-01-30 14:26:38,btc,136.3794032759826,3088827.1843,0.000000001,btc,24923278.1195,0.0061776543686,0.0627715098802,8
0,[],2,[],2019-01-20 23:22:42,0.0,0,0,6476876,2019-01-20 23:22:42,,0.0,0.0,0,,0.0,0.0,0.0,9
0,[],23,[],2019-01-20 23:22:48,0.0,0,0,6476878,2019-01-20 23:22:48,,0.0,0.0,0,,0.0,0.0,0.0,9
1,[],1,[],2019-01-30 14:26:39,2376179.2600000002,0.00000176000000000000008976326626441988310034503228962421417236328125,0.000000000060922928,6539377,2019-01-30 14:26:39,btc,1.4675598524,17868045.88,0.00000176000000000000008976326626441988310034503228962421417236328125,btc,811988.72,32.22453003,4.1155731941,9
1,[],4,[],2019-01-30 14:26:40,1219528.43432552,0.00000177,0.000000000061269081,6539378,2019-01-30 14:26:40,btc,1.1577551431928903,0.0,0.00000177,btc,605014.86464677,0.68019721,0.5669546152284765,9
1,[],28,[],2019-01-30 14:26:45,49320.0,0.00000190,0.00000000006576907,6539379,2019-01-30 14:26:45,btc,2708.750989044,3623113.0,0.00000190,btc,7870.28,0.0,0.056698,9
1,[],4,[],2019-01-30 14:26:46,7704347.66126053,0.00000002,0.000000000000692306,6539380,2019-01-30 14:26:46,btc,0.2059096907857639,0.0,0.00000002,btc,4034631.16091358,0.00998019,0.0827994438452106,10
0,[],2,[],2019-01-20 23:23:08,0.0,0,0,6476890,2019-01-20 23:23:08,,0.0,0.0,0,,0.0,0.0,0.0,12
1,[],4,[],2019-01-30 14:26:47,3606024.68563747,0.00000140,0.000000000048461420000000005,6539381,2019-01-30 14:26:47,btc,1.0527542109875452,0.0,0.00000140,btc,708617.93977192,2.79173125,2.853942567080843,12
1,[],5,[],2019-01-30 14:26:49,1.72e-05,0.00000137,0.000000000047422961000000006,6539382,2019-01-30 14:26:49,btc,0.23982738,1.88041106,0.00000137,btc,0.00011785,0.0,0.67618513,12
0.0,[],25,[],2019-01-30 14:26:50,0.0,0,0,6539383,2019-01-30 14:26:50,,0.0,0.0,0.0,btc,0.0,0.0,0.0,12
1,[],4,[],2019-01-30 14:26:51,318442.55678311,0.00000628,0.000000000217384084,6539384,2019-01-30 14:26:51,btc,0.3546424133003852,0.0,0.00000628,btc,50961.74795654,1.46110951,1.391287408167225,13
1,[],10,[],2019-01-30 14:26:53,580924.99592818,0.00000622,0.000000000215307166,6539385,2019-01-30 14:26:53,btc,666810.8298378388,15076.4463325,0.00000622,btc,834811.89719116,0.0,0.7979139441239331,13
1,[],21,[],2019-01-30 14:26:55,2005093.7377581,0.000006330000000000000380593993821,0.00000000021911484900000003,6539386,2019-01-30 14:26:55,btc,6.4597345951005645,1354282.50896598,0.000006330000000000000380593993820621534496240201406180858612060546875,btc,889404.25008212,8.76192141,8.64796111578096,13
1,[],4,[],2019-01-30 14:26:55,850068.2430724,0.00000141,0.000000000048807573000000005,6539387,2019-01-30 14:26:55,btc,0.1592539523467197,0.0,0.00000141,btc,75972.58334638,0.00187827,0.1573412682328325,14
1,[],12,[],2019-01-30 14:26:57,86188.42857143,0.0000011599999999999999051561623553130431218960438854992389678955078125,0.000000000040153748,6539388,2019-01-30 14:26:57,btc,1.7870420966516911,0.0,0.0000011599999999999999051561623553130431218960438854992389678955078125,btc,38567.61958427,0.0,0.0096030000000016,14
1,[],26,[],2019-01-30 14:26:57,0.0,0.00000049,0.000000000016961497,6539389,2019-01-30 14:26:57,btc,0.0,0.0,0.00000049,btc,0.0,0.0,0.0,14
0,[],17,[],2019-01-30 13:38:39,0.0,0,0,6539161,2019-01-30 13:38:39,btc,0.0,0.0,0,btc,0.0,0.0,0.0,14
0,[],4,[],2019-01-30 14:26:58,0.0,0,0,6539390,2019-01-30 14:26:58,,0.0,0.0,0,,0.0,0.0,0.0,15
,[],12,[],2018-12-01 15:15:48,204241.84496,0.00000489,0.000000000202473384,5260204,2018-12-01 15:15:48,btc,49.5475654835,0.0,,btc,35763.2193806,0.0163153972027625,0.0203389899998,15
0,[],2,[],2019-01-20 23:23:38,0.0,0,0,6476906,2019-01-20 23:23:38,,0.0,0.0,0,,0.0,0.0,0.0,18
1,[],4,[],2019-01-30 14:27:00,23122.47973292,0.00001800,0.0000000006230754000000001,6539391,2019-01-30 14:27:00,btc,1.22803570627737,0.0,0.00001800,btc,7450.90282225,0.01374268,0.048134671962946,18
1,[],10,[],2019-01-30 14:27:02,396489.20785244,0.000018,0.0000000006230754000000001,6539392,2019-01-30 14:27:02,btc,15.565409714846943,4331.78167012,0.000018,btc,11098.19628484,0.0,0.2943154838977113,18
1,[],12,[],2019-01-30 14:27:03,200866.32511756,0.0000186499999999999993148709631629600380620104260742664337158203125,0.000000000645575345,6539393,2019-01-30 14:27:03,btc,0.18354826419949,0.0,0.0000186499999999999993148709631629600380620104260742664337158203125,btc,1592.91907853,0.0076665887630984,0.0194631275658574,18
0,[],17,[],2019-01-30 14:27:05,0.0,0,0,6539394,2019-01-30 14:27:05,btc,0.0,0.0,0,btc,0.0,0.0,0.0,18
0,[],2,[],2019-01-20 23:24:19,0.0,0,0,6476924,2019-01-20 23:24:19,,0.0,0.0,0,,0.0,0.0,0.0,19
1,[],3,[],2019-01-30 14:27:06,109041.37792712914,0.00003512000000000000256121512887119706647354178130626678466796875,0.0000000012156893360000002,6539395,2019-01-30 14:27:06,btc,1.1948277056458203,205.247046649,0.00003512000000000000256121512887119706647354178130626678466796875,btc,8310.368808251967,0.0,0.11071411125184541,19
1,[],4,[],2019-01-30 14:27:07,72088.37121162,0.00003341,0.0000000011564971730000001,6539396,2019-01-30 14:27:07,btc,0.4894944374242109,0.0,0.00003341,btc,12722.18087554,1.04236953,1.5652465759988794,19
1,[],5,[],2019-01-30 14:27:08,0.00047549,0.00003157,0.0000000010928050210000002,6539397,2019-01-30 14:27:08,btc,0.31830458,0.0,0.00003157,btc,0.00350906,0.0,0.24078388,19
1,[],12,[],2019-01-30 14:27:10,133584.0,0.0000333099999999999978679728063202247767549124546349048614501953125,0.000000001153035643,6539398,2019-01-30 14:27:10,btc,1.9907148909473458,0.0,0.0000333099999999999978679728063202247767549124546349048614501953125,btc,431.27457877,0.002771918601326,0.03160616,19
0,[],27,[],2019-01-30 14:27:12,0.0,0,0,6539399,2019-01-30 14:27:12,,0.0,0.0,0,btc,0.0,0.0,0.0,19
1,[],4,[],2019-01-30 14:27:13,9445137.15447708,0.00000013,0.000000000004499989000000001,6539400,2019-01-30 14:27:13,btc,0.8121940963808697,0.0,0.00000013,btc,1597393.93239221,0.00316998,0.395211008171568,20
1,[],4,[],2019-01-30 14:27:13,119696029.36523025,0.00000002,0.000000000000692306,6539401,2019-01-30 14:27:13,btc,0.6201433144414744,0.0,0.00000002,btc,14692927.66181205,0.00088208,1.4034152624744454,21
1,[],12,[],2019-01-30 14:27:15,19388582.0,0.00000002,0.000000000000692306,6539402,2019-01-30 14:27:15,btc,668.0328591524888,0.0,0.00000002,btc,8169481.96204064,0.0003645397002997,0.26070816,21
0,[],17,[],2019-01-30 14:27:16,0.0,0,0,6539403,2019-01-30 14:27:16,btc,0.0,0.0,0,btc,0.0,0.0,0.0,21
1,[],12,[],2019-01-30 14:27:18,4523972782.531896,0.0000000001,0.0000000000000034615300000000005,6539404,2019-01-30 14:27:18,btc,1721704714463.8787,0.0,0.0000000001,btc,7026283448.2090225,0.002300215219280718,0.4523972782531896,23
0,[],27,[],2019-01-30 14:27:20,0.0,0,0,6539405,2019-01-30 14:27:20,,0.424699,0.0,0,eth,424699.0,0.0,0.0,23
1,[],4,[],2019-01-30 14:27:22,880001.71672568,0.00000088,0.000000000030461464,6539406,2019-01-30 14:27:22,btc,0.0807585151471007,0.0,0.00000088,btc,67827.1706293,0.00281232,0.3729353139022627,24
1,[],22,[],2019-01-30 14:27:25,11.76,0.00000100,0.0000000000346153,6539407,2019-01-30 14:27:25,BTC,7.415e-05,0.0,0.00000100,BTC,23.919354838709676,0.0,1.176e-05,24
0.0,[],25,[],2019-01-30 14:27:26,0.0,0,0,6539408,2019-01-30 14:27:26,,0.0,0.0,0.0,btc,0.0,0.0,0.0,24
1,[],4,[],2019-01-30 14:27:27,27081977.67693242,0.00000638,0.000000000220845614,6539409,2019-01-30 14:27:27,btc,0.4596718068067347,0.0,0.00000638,btc,37992.61165997,0.12729367,0.5102466801377091,26
1,[],10,[],2019-01-30 14:27:29,732955.11857659,0.00000702,0.000000000242999406,6539410,2019-01-30 14:27:29,btc,27.980292639418018,1208.08973253,0.00000702,btc,12894.08305796,0.0,0.2186032601105363,26
0,[],2,[],2019-01-20 23:25:56,0.0,0,0,6476976,2019-01-20 23:25:56,,0.0,0.0,0,,0.0,0.0,0.0,26
1,[],3,[],2019-01-30 14:27:31,6396152.03885143,0.00000001,0.000000000000346153,6539411,2019-01-30 14:27:31,btc,2.9567696814174513,2336541.0,0.00000001,btc,17505913.9542977,0.0,0.0639615203885143,27
1,[],5,[],2019-01-30 14:27:33,1e-08,0.00000001,0.000000000000346153,6539412,2019-01-30 14:27:33,btc,1.48685309,0.05413038,0.00000001,btc,5.008e-05,0.0,0.09692889,27
1,[],11,[],2019-01-30 14:27:35,10597882.41182718,0.00000005,0.000000000001730765,6539413,2019-01-30 14:27:35,btc,370.5931920764931,1000.0,0.00000005,btc,8220964.80991447,0.0,0.4932896594767663,27
1,[],4,[],2019-01-30 14:27:35,135839950.81479275,0.00000003,0.000000000001038459,6539414,2019-01-30 14:27:35,btc,4.096770957160243,0.0,0.00000003,"btc,ltc",155048387.60243657,0.32492442,1.9467773148065113,29
1,[],7,[],2019-01-30 14:27:36,39731111.17346752,0.00000003,0.000000000001038459,6539415,2019-01-30 14:27:36,btc,44465206.10828227,3156107.68488,0.00000003,btc,38212986.12676291,0.13075333,0.7241359338489863,29
1,[],4,[],2019-01-30 14:27:38,1315708.37155411,0.00000035,0.000000000012115355000000001,6539416,2019-01-30 14:27:38,btc,0.2693937602264065,0.0,0.00000035,btc,484838.95386702,0.00183776,0.0725558312735864,30
0,[],17,[],2019-01-30 13:39:14,0.0,0,0,6539190,2019-01-30 13:39:14,btc,0.0,0.0,0,btc,0.0,0.0,0.0,30
1,[],4,[],2019-01-30 14:27:39,132203.76373076,0.00008397,0.000000002906646741,6539417,2019-01-30 14:27:39,btc,1.2579788417578734,0.0,0.00008397,btc,13109.08854473,0.80087889,2.5103796942957417,31
1,[],21,[],2019-01-30 14:27:39,44964.31371322,0.00008454000000000000034604263899,0.000000002926377462,6539418,2019-01-30 14:27:39,btc,6.726080592415113,101206.31035767,0.00008454000000000000034604263898785347919329069554805755615234375,btc,71140.93939007,8.54609116,3.60614560208547,31
0,[],2,[],2019-01-20 23:28:43,0.0,0,0,6477009,2019-01-20 23:28:43,,0.0,0.0,0,,0.0,0.0,0.0,32
1,[],4,[],2019-01-30 14:27:40,142024267.36042857,0.00000005,0.000000000001730765,6539419,2019-01-30 14:27:40,btc,2.366701547704775,0.0,0.00000005,"btc,ltc",39757293.27421955,0.23379769,2.175143222662357,33
1,[],12,[],2019-01-30 14:27:42,21108962.0,0.00000006,0.000000000002076918,6539420,2019-01-30 14:27:42,btc,17267338.58273841,0.0,0.00000006,btc,89099956.62737247,0.0115486481118886,0.8389272099999999,33
1,[],4,[],2019-01-30 14:27:42,105147686.06015792,0.00000002,0.000000000000692306,6539421,2019-01-30 14:27:42,btc,0.8359267124382684,0.0,0.00000002,btc,27864223.74794228,4.07779599,1.0652676896615794,34
1,[],5,[],2019-01-30 14:27:43,3e-08,0.00000002,0.000000000000692306,6539422,2019-01-30 14:27:43,btc,3.90411238,1.64612192,0.00000002,btc,1.394e-05,0.0,0.79616254,34
0.0000000000914862,[],4,[],2019-01-30 14:27:45,2197739380.885773,3.659448e-18,1.2667289035440001e-22,6539423,2019-01-30 14:27:45,ltc,5.876211382359974e-09,0.0,0.00000004,ltc,1193591257.8887832,0.0,5.050657750119922e-09,36
1,[],5,[],2019-01-30 14:27:46,0.0,0,0,6539424,2019-01-30 14:27:46,btc,202.53346469,0.0,0,btc,1.295e-05,0.0,0.0,36
0.0000000000914862,[],27,[],2019-01-30 14:27:49,2000000.0,1.829724e-18,6.333644517720001e-23,6539425,2019-01-30 14:27:49,ltc,448.594787045,0.0,0.00000002,"ltc,eth",3711932.58,0.0,2.744586e-12,36
0,[],17,[],2019-01-30 13:39:21,0.0,0,0,6539197,2019-01-30 13:39:21,btc,0.14892131553282303,0.0,0,btc,12533924.99083647,0.0,0.0,36
1,[],4,[],2019-01-30 14:27:51,508451.92989876,0.00000146,0.000000000050538338000000004,6539426,2019-01-30 14:27:51,btc,0.4521035659949516,0.0,0.00000146,btc,239396.22639393,0.16161942,0.5010261605993984,37
1,[],12,[],2019-01-30 14:27:52,516260.91582492,0.00000146999999999999990171598886201653755279039614833891391754150390625,0.000000000050884491,6539427,2019-01-30 14:27:52,btc,1337.7941843313058,0.0,0.00000146999999999999990171598886201653755279039614833891391754150390625,btc,808336.08014433,0.17353613456524,0.420458840000005,37
1,[],17,[],2019-01-30 14:27:53,1752.74075282,0.00000025,0.000000000008653825,6539428,2019-01-30 14:27:53,btc,0.0554873139675412,0.0,0.00000025,btc,1388.79251806,0.0,0.00043818518820499993,37
1,[],27,[],2019-01-30 14:27:55,32911.0,0.00000037,0.000000000012807661000000001,6539429,2019-01-30 14:27:55,btc,29.14432516998993,318.0,0.00000037,btc,5135.24792508,3.18e-06,0.00329017,37
1,[],5,[],2019-01-30 14:27:57,8.45e-06,0.00000074,0.000000000025615322000000002,6539430,2019-01-30 14:27:57,btc,0.10005719,0.02630002,0.00000074,btc,0.00010993,0.0,0.03340347,42
1,[],12,[],2019-01-30 14:27:58,121169.17154331,0.00000084,0.000000000029076852000000003,6539431,2019-01-30 14:27:58,btc,109.31457462984204,0.0,0.00000084,btc,84449.51339312,0.021812432774024,0.027729049999994898,42
0,[],27,[],2019-01-30 14:28:00,0.0,0,0,6539432,2019-01-30 14:28:00,,0.00315028,0.0,0,"btc,eth",11.007,0.0,0.0,42
1,[],5,[],2019-01-30 14:28:01,3e-08,0.00000002,0.000000000000692306,6539433,2019-01-30 14:28:01,btc,6.14250866,1.96e-06,0.00000002,btc,1.425e-05,0.0,0.54262138,43
1,[],12,[],2019-01-30 14:28:02,6432544.0,0.00000001,0.000000000000346153,6539434,2019-01-30 14:28:02,btc,20007434.261817243,0.0,0.00000001,btc,38998834.77462537,0.0009415594605394,0.06432544,43
0,[],17,[],2019-01-30 14:28:04,0.0,0,0,6539435,2019-01-30 14:28:04,btc,0.0,0.0,0,btc,0.0,0.0,0.0,43
1,[],12,[],2019-01-30 14:28:04,942453.75,0.00000012,0.000000000004153836,6539436,2019-01-30 14:28:04,btc,11114794.669822693,0.0,0.00000012,btc,885280.98526806,0.1431692124056199,0.03351489,44
1,[],4,[],2019-01-30 14:28:05,261471956.2022475,0.00000003,0.000000000001038459,6539437,2019-01-30 14:28:05,btc,0.18771764462194349,0.0,0.00000003,"btc,ltc",3769150.23572471,0.01084428,0.5590158756829754,49
0.0000000000914862,[],4,[],2019-01-30 14:28:06,3817574456.828636,1.829724e-18,6.333644517720001e-23,6539438,2019-01-30 14:28:06,ltc,4.994394634404829,0.0,0.00000002,ltc,2128377471.8934135,0.0,3.504283288312637e-09,52
0,[],22,[],2019-01-30 14:28:08,0.0,0,0,6539439,2019-01-30 14:28:08,,3693.80493996,0.0,0,,264578085.90882352,0.0,0.0,57
0,[],27,[],2019-01-30 14:28:10,0.0,0,0,6539440,2019-01-30 14:28:10,,0.0,0.0,0,"btc,eth",0.0,0.0,0.0,57
0.0000000000914862,[],4,[],2019-01-30 14:28:11,1521747347.0477684,5.489172e-18,1.900093355316e-22,6539441,2019-01-30 14:28:11,ltc,3.3216613262034183,0.0,0.00000006,ltc,1194170355.0929904,0.01501568,6.9198837139848e-09,58
1,[],12,[],2019-01-30 14:28:12,2385339834.932997,0.0000000007,0.00000000000002423071,6539442,2019-01-30 14:28:12,btc,684074799613.3889,0.0,0.0000000007,btc,3058130461.302797,0.03308907202817184,0.9416117337195632,58
0,[],17,[],2019-01-30 14:28:14,0.0,0,0,6539443,2019-01-30 14:28:14,btc,1e+24,0.0,0,btc,41461875.8285055,0.0,0.0,58
0.0000000001254084,[],22,[],2019-01-30 14:28:17,137438.0,1.254084e-18,4.34104938852e-23,6539444,2019-01-30 14:28:17,XMR,69.8835922,0.0,0.00000001,XMR,9887963.0,0.0,0.00137438,58
1,[],5,[],2019-01-30 14:28:20,2.44e-06,0.00000036,0.000000000012461508000000001,6539445,2019-01-30 14:28:20,btc,0.43524227,0.00368401,0.00000036,btc,8.001e-05,0.0,0.01788611,61
1,[],22,[],2019-01-30 14:28:23,5111.5,0.00000011,0.000000000003807683,6539446,2019-01-30 14:28:23,BTC,1002.29606732,0.0,0.00000011,BTC,15028.700278135757,0.0,0.00051178,61
1,[],26,[],2019-01-30 14:28:23,0.0,0.00000800,0.0000000002769224,6539447,2019-01-30 14:28:23,btc,0.0,0.0,0.00000800,btc,0.0,0.0,0.0,61
0,[],27,[],2019-01-30 14:28:26,0.0,0,0,6539448,2019-01-30 14:28:26,,0.0,0.0,0,"btc,eth",0.0,0.0,0.0,61
1,[],28,[],2019-01-30 14:28:31,6900.304,0.00000210,0.00000000007269213000000001,6539449,2019-01-30 14:28:31,btc,2.064440110600106,713.0,0.00000210,btc,11198.17500005,0.0,0.00218431304,61
1,[],4,[],2019-01-30 14:28:31,1330629.72893005,0.00000165,0.00000000005711524500000001,6539450,2019-01-30 14:28:31,btc,0.5634176634845878,0.0,0.00000165,btc,210522.71710046,0.10072107,0.9972144210882331,67
0.0,[],25,[],2019-01-30 14:28:32,0.0,0,0,6539451,2019-01-30 14:28:32,,0.0,0.0,0.0,btc,0.0,0.0,0.0,67
1,[],12,[],2019-01-30 14:28:34,3073646.66344444,0.00000009,0.0000000000031153770000000003,6539452,2019-01-30 14:28:34,btc,16893710.13700082,0.0,0.00000009,btc,2013129.31848146,0.001881363418676,0.0816576164411108,71
,[],5,[],2018-11-20 23:02:39,1.5e-07,0.00000005,0.000000000002128045,4862160,2018-11-20 23:02:39,btc,2.84511358,0.0,,btc,0.00036572,0.0,0.07381892,74
1,[],5,[],2019-01-25 15:53:51,3.303e-05,0.00000156,0.000000000055588884,6499610,2019-01-25 15:53:51,btc,1.42844212,0.0,0.00000156,btc,0.00015937,0.0,0.49487621,75
0,[],20,[],2019-01-25 09:30:31,0.0,0,0,6495923,2019-01-25 09:30:31,btc,0.0,0.0,0,btc,0.0,0.0,0.0,81
1,[],4,[],2019-01-30 14:28:36,71883049.91787337,0.00000001,0.000000000000346153,6539453,2019-01-30 14:28:36,btc,0.8144650091483037,0.0,0.00000001,btc,15000789.10300357,0.0,0.7188304991787337,81
1,[],4,[],2019-01-30 14:28:38,23783.23021051,0.00007275,0.000000002518263075,6539454,2019-01-30 14:28:38,btc,0.9377670379400646,0.0,0.00007275,btc,8634.15728224,0.0079266,0.0898920470200068,82
1,[],21,[],2019-01-30 14:28:38,73318.67009745,0.00007988000000000000091690544046,0.0000000027650701640000003,6539455,2019-01-30 14:28:38,btc,3.97702202349606,25159.67832939,0.0000798800000000000009169054404623011578223668038845062255859375,btc,43743.9179953,2.0132131,3.5617874953860347,82
0,[],17,[],2019-01-30 14:28:40,0.0,0,0,6539456,2019-01-30 14:28:40,btc,0.0447233088476774,0.0,0,btc,999127.19588126,0.0,0.0,84
0.0000000000914862,[],4,[],2019-01-30 14:28:41,140822507.04092503,1.372293e-17,4.750233388290001e-22,6539457,2019-01-30 14:28:41,ltc,0.19754182492682335,0.0,0.00000015,ltc,70178007.08663402,0.0,1.174521052403604e-09,85
,[],22,[],2018-11-20 23:09:34,3408.1,0.0000001,0.0000000000041895,4862324,2018-11-20 23:09:34,BTC,0.04624735,0.0,,BTC,4990.0,0.0,0.00033081,86
0,[],22,[],2019-01-30 14:28:44,0.0,0,0,6539458,2019-01-30 14:28:44,,2.07810912,0.0,0,,154826.94736842104,0.0,0.0,87
0,[],27,[],2019-01-30 14:28:46,0.0,0,0,6539459,2019-01-30 14:28:46,,0.0,0.0,0,btc,0.0,0.0,0.0,87
,[],2,[],2018-11-20 23:10:47,0.0,0,0,4862359,2018-11-20 23:10:47,,0.0,0.0,,,0.0,0.0,0.0,88
1,[],11,[],2019-01-30 14:28:47,97582.68251358,0.00019959999999999999986156906661705079386592842638492584228515625,0.000000006909213880000001,6539460,2019-01-30 14:28:47,btc,235.5119811386597,3123.37493524,0.00019959999999999999986156906661705079386592842638492584228515625,btc,184119.86385753,0.0,6.897482195921072,89
0,[],2,[],2019-01-20 23:31:45,0.0,0,0,6477083,2019-01-20 23:31:45,,0.0,0.0,0,,0.0,0.0,0.0,91
1,[],12,[],2019-01-30 14:28:48,517978.20880286,0.0000044900000000000002097475838847007167942138039506971836090087890625,0.00000000015542269700000002,6539461,2019-01-30 14:28:48,btc,2.850361274592584,0.0,0.0000044900000000000002097475838847007167942138039506971836090087890625,btc,13533.90042246,0.1751537269468399,0.1048327504706043,91
0,[],17,[],2019-01-30 14:28:50,0.0,0,0,6539462,2019-01-30 14:28:50,btc,0.0,0.0,0,btc,0.0,0.0,0.0,91
0.0000000000914862,[],22,[],2019-01-30 14:28:53,38733515.0,4.57431e-18,1.58341112943e-22,6539463,2019-01-30 14:28:53,LTC,8.48445395,0.0,0.00000005,LTC,73792734.1,1.7789747751359999e-12,1.38604729,95
1,[],4,[],2019-01-30 14:28:54,133305571.33928807,0.00000001,0.000000000000346153,6539464,2019-01-30 14:28:54,btc,1.3638392965141501,0.0,0.00000001,"btc,ltc",68218475.99968107,0.00232608,0.006216293722345884,96
1,[],12,[],2019-01-30 14:28:55,1221008.0,0.00000001,0.000000000000346153,6539465,2019-01-30 14:28:55,btc,255060.87464816563,0.0,0.00000001,btc,8059555.332976759,1.03e-06,0.01221008,96
0,[],17,[],2019-01-30 14:28:56,0.0,0,0,6539466,2019-01-30 14:28:56,btc,0.0,0.0,0,btc,0.0,0.0,0.0,96
1,[],4,[],2019-01-28 01:29:03,1472892.19429314,0.00000039,0.000000000013841295,6517118,2019-01-28 01:29:03,btc,0.30363706505258,0.0,0.00000039,btc,473598.41813208,0.02260545,0.1322524391209234,99
0,[],2,[],2019-01-20 23:23:55,0.0,0,0,6476914,2019-01-20 23:23:55,,0.0,0.0,0,,0.0,0.0,0.0,100
1,[],4,[],2019-01-30 14:28:57,230885.90362247,0.00004126,0.0000000014282272780000001,6539467,2019-01-30 14:28:57,btc,1.404670372588967,0.0,0.00004126,btc,28195.86255834,3.05948213,2.9801138372081497,100
1,[],22,[],2019-01-30 14:29:01,50000.0,0.00000001,0.000000000000346153,6539468,2019-01-30 14:29:01,BTC,23.50383609,0.0,0.00000001,BTC,11277.22,0.0,0.0005,101
1,[],4,[],2019-01-30 14:29:02,177757.97219527,0.00000096,0.000000000033230688,6539469,2019-01-30 14:29:02,btc,0.3995795113433709,0.0,0.00000096,btc,149298.24797185,0.03166248,0.0879322185270985,103
1,[],12,[],2019-01-30 14:29:04,81832732.77474426,0.000000018,0.0000000000006230754,6539470,2019-01-30 14:29:04,btc,9138292659.244604,0.0,0.000000018,btc,147844642.04505864,0.08159647865834474,0.5699030849453967,105
1,[],27,[],2019-01-30 14:29:06,416797.89,0.00000002,0.000000000000692306,6539471,2019-01-30 14:29:06,btc,0.5568805755148419,0.0,0.00000002,btc,645722.67435029,0.0,0.0048235289,105
0,[],22,[],2019-01-30 14:29:08,0.0,0,0,6539472,2019-01-30 14:29:08,,1.07253299,0.0,0,,94300.0,0.0,0.0,107
1,[],26,[],2019-01-30 14:29:08,0.0,0.00000000,0,6539473,2019-01-30 14:29:08,btc,0.0,0.0,0.00000000,btc,0.0,0.0,0.0,107
1,[],5,[],2019-01-30 14:29:10,1e-08,0.00000001,0.000000000000346153,6539474,2019-01-30 14:29:10,btc,3.28786693,0.00187094,0.00000001,btc,1.512e-05,0.0,0.04859449,112
1,[],22,[],2019-01-30 14:29:14,1966.0,0.00000001,0.000000000000346153,6539475,2019-01-30 14:29:14,BTC,2.84243449,0.0,0.00000001,BTC,977103.5833333334,0.0,1.966e-05,112
0.0000000003139133,[],27,[],2019-01-30 14:29:16,500000.0,3.139133e-18,1.086620305349e-22,6539476,2019-01-30 14:29:16,eth,1.25356065,0.0,0.00000001,"btc,eth",1328.0,0.0,1.5695665000000001e-12,112
1,[],4,[],2019-01-30 14:29:17,499175.76699374,0.00000509,0.000000000176191877,6539477,2019-01-30 14:29:17,btc,0.5744776923973088,0.0,0.00000509,btc,86484.12551735,0.21027932,0.4154007388617343,113
1,[],5,[],2019-01-30 14:29:18,2.913e-05,0.00000407,0.000000000140884271,6539478,2019-01-30 14:29:18,btc,2.43731005,0.00672735,0.00000407,btc,0.00381454,0.0,0.20673123,113
1,[],17,[],2019-01-30 14:29:19,233369.0,0.00000004,0.000000000001384612,6539479,2019-01-30 14:29:19,btc,1.33762905694,0.0,0.00000004,btc,71346.975,0.0,0.00543476,116
0,[],27,[],2019-01-30 14:29:21,0.0,0,0,6539480,2019-01-30 14:29:21,,0.0,0.0,0,btc,0.0,0.0,0.0,116
1,[],4,[],2019-01-30 14:29:22,65734.88355004,0.00001770,0.0000000006126908100000001,6539481,2019-01-30 14:29:22,btc,0.4039320361932476,0.0,0.00001770,btc,19481.80225603,0.52512026,0.7407576837360166,120
1,[],7,[],2019-01-30 14:29:23,2425.96383058,0.00002286999999999999956860029237670772772617056034505367279052734375,0.000000000791651911,6539482,2019-01-30 14:29:23,btc,90.1175403345881,4823.35514077,0.00002286999999999999956860029237670772772617056034505367279052734375,btc,22804.18111504,0.17638718,0.0273831355639143,120
1,[],20,[],2019-01-30 14:29:27,1162393.8668,0.000000013,0.0000000000004499989,6539483,2019-01-30 14:29:27,btc,33.7489442370083,2907.794,0.000000013,btc,1074422.3317,3.7801322e-05,0.0061551098646,125
1,[],22,[],2019-01-30 14:29:30,68433.0,0.00000001,0.000000000000346153,6539484,2019-01-30 14:29:30,BTC,0.01415863,0.0,0.00000001,BTC,293039.4,0.0,0.00068433,126
0,[],2,[],2019-01-20 23:25:46,0.0,0,0,6476969,2019-01-20 23:25:46,,0.0,0.0,0,,0.0,0.0,0.0,131
1,[],4,[],2019-01-30 14:29:31,80640.64655165,0.00001511,0.0000000005230371830000001,6539485,2019-01-30 14:29:31,btc,0.7570071023466074,0.0,0.00001511,btc,39510.77487928,0.39286738,0.4010508476271991,131
0,[],17,[],2019-01-30 14:29:33,0.0,0,0,6539486,2019-01-30 14:29:33,btc,0.0008451375975800001,0.0,0,btc,30.89614684,0.0,0.0,131
1,[],4,[],2019-01-30 14:29:34,4562.18165675,0.00018451,0.0000000063868690030000004,6539487,2019-01-30 14:29:34,btc,1.6368234773592447,0.0,0.00018451,btc,284.34476376,0.0,0.0093874177467026,135
1,[],3,[],2019-01-30 14:29:35,1847203.10018509,0.00000008,0.000000000002769224,6539488,2019-01-30 14:29:35,btc,0.1298473526783118,47976.1822874,0.00000008,btc,268542.1405051,0.0,0.065639437337035,136
1,[],4,[],2019-01-30 14:29:36,127365.8363235,0.00000203,0.000000000070269059,6539489,2019-01-30 14:29:36,btc,1.0748563975575898,0.0,0.00000203,btc,276995.79028695,0.21648119,0.1975541723335742,137
1,[],12,[],2019-01-30 14:29:37,326081.42508093,0.00000198000000000000010098367454747236848788816132582724094390869140625,0.00000000006853829400000001,6539490,2019-01-30 14:29:37,btc,11972.810989941609,0.0,0.00000198000000000000010098367454747236848788816132582724094390869140625,btc,127331.31373683,0.1233617290271435,0.0824765981299942,137
1,[],5,[],2019-01-30 14:29:39,0.00113622,0.00003519,0.000000001218112407,6539491,2019-01-30 14:29:39,btc,2.45027314,1.56705903,0.00003519,btc,0.00221796,0.0,1.02201444,142
1,[],17,[],2019-01-30 14:29:41,12500.0,0.0000001,0.00000000000346153,6539492,2019-01-30 14:29:41,btc,0.6809500039197726,0.0,0.0000001,btc,5932.0,0.0,0.00125,142
1,[],20,[],2019-01-30 14:29:43,154973.0997,0.000035006,0.0000000012117431918000002,6539493,2019-01-30 14:29:43,btc,2.8373276653968,10996.0379,0.000035006,btc,11627.1526,0.453738239181,0.3785192696193,142
1,[],22,[],2019-01-30 14:29:46,990.0,0.00001880,0.0000000006507676400000001,6539494,2019-01-30 14:29:46,BTC,0.00073414,0.0,0.00001880,BTC,10.000500375281462,0.0,0.00022106,142
0.0,[],25,[],2019-01-30 14:29:47,0.0,0,0,6539495,2019-01-30 14:29:47,,0.0,0.0,0.0,btc,0.0,0.0,0.0,142
1,[],28,[],2019-01-30 14:29:49,78710.0,0.00002500,0.0000000008653825,6539496,2019-01-30 14:29:49,btc,0.15112850002,3310.291,0.00002500,btc,3009.998,0.0,0.0312247,142
0,[],22,[],2019-01-28 18:33:43,0.0,0,0,6521842,2019-01-28 18:33:43,,61.27958297,0.0,0,,815366265.8,0.0,0.0,143
1,[],21,[],2019-01-30 14:29:50,35312859.70970594,0.00000028,0.000000000009692284000000001,6539497,2019-01-30 14:29:50,btc,54.80466764377327,11287914.62096868,0.00000028,btc,93855746.43701953,3.18438015,5.06438173175398,145
0,[],22,[],2019-01-30 09:23:07,0.0,0,0,6537273,2019-01-30 09:23:07,,4.49004284,0.0,0,,1498238.5,0.0,0.0,146
,[],22,[],2018-11-20 23:01:11,0.0,0,0,4862114,2018-11-20 23:01:11,,2.56807021,0.0,,,61828.4988236,0.0,0.0,147
1,[],12,[],2019-01-30 14:29:51,8694525.42351373,0.00000349000000000000004324123524523937334151924005709588527679443359375,0.000000000120807397,6539498,2019-01-30 14:29:51,btc,17.14242451230559,0.0,0.00000349000000000000004324123524523937334151924005709588527679443359375,btc,111981.39732023,0.00074095,0.1301298900000297,148
1,[],4,[],2019-01-30 14:29:52,224582.55684798,0.00000030,0.00000000001038459,6539499,2019-01-30 14:29:52,btc,0.6893596401460887,0.0,0.00000030,btc,504704.17821085,0.0,0.0467335589092049,152
0,[],22,[],2019-01-30 14:29:54,0.0,0,0,6539500,2019-01-30 14:29:54,,0.0,0.0,0,,0.0,0.0,0.0,152
1,[],5,[],2019-01-30 14:29:56,0.0,0,0,6539501,2019-01-30 14:29:56,btc,4.37874355,0.0,0,btc,0.00161275,0.0,0.0,153
,[],16,[],2019-01-11 15:38:59,0.0,0,0,6366141,2019-01-11 15:38:59,btc,0.0,0.0,,btc,0.0,0.0,0.0,155
0,[],23,[],2019-01-20 23:24:29,0.0,0,0,6476932,2019-01-20 23:24:29,,0.0,0.0,0,,0.0,0.0,0.0,156
0,[],22,[],2019-01-30 14:30:00,0.0,0,0,6539502,2019-01-30 14:30:00,,6.73308927,0.0,0,,4561867.742592593,0.0,0.0,156
1,[],22,[],2019-01-30 14:30:05,7906.0,0.00000801,0.000000000277268553,6539503,2019-01-30 14:30:05,BTC,43.78801181,0.0,0.00000801,BTC,1067.5805334758436,0.0,0.00743836,157
0,[],22,[],2019-01-30 14:30:07,0.0,0,0,6539504,2019-01-30 14:30:07,,50175.6753658,0.0,0,,54007107.04179466,0.0,0.0,158
,[],17,[],2018-11-20 22:56:10,0.0,0,0,4861976,2018-11-20 22:56:10,btc,1.1265625,0.0,,btc,1000.0,0.0,0.0,159
,[],20,[],2018-11-20 22:56:12,0.0,0,0,4861977,2018-11-20 22:56:12,btc,11912.7940471,0.0,,btc,34413894.3617,0.0,0.0,159
1,[],12,[],2019-01-30 14:30:08,194744.95670404,0.000010289999999999999735528395661265932403694023378193378448486328125,0.000000000356191437,6539505,2019-01-30 14:30:08,btc,6.676772706891987,0.0,0.000010289999999999999735528395661265932403694023378193378448486328125,btc,14021.26133708,0.0085746459943779,0.09800714719980559,168
1,[],17,[],2019-01-30 14:30:10,29784.95,0.000001,0.0000000000346153,6539506,2019-01-30 14:30:10,btc,0.0353989844335,0.0,0.000001,btc,196.82520268,0.0,0.00716147,168
1,[],22,[],2019-01-30 14:30:14,1433447.0,0.00000001,0.000000000000346153,6539507,2019-01-30 14:30:14,BTC,1.13380276,0.0,0.00000001,BTC,689102.5537281231,0.0,0.01433447,169
1,[],22,[],2019-01-30 14:30:17,18774.657142857144,0.0000004,0.00000000001384612,6539508,2019-01-30 14:30:17,BTC,2.46405797,0.0,0.0000004,BTC,55050.514510620735,0.01238091,0.00340414,171
1,[],22,[],2019-01-30 14:30:28,176627.00789473683,0.00000021,0.000000000007269213000000001,6539509,2019-01-30 14:30:28,BTC,2.85219245,0.0,0.00000021,BTC,255994.31238041833,1.688e-05,0.01099656,173
1,[],5,[],2019-01-30 14:30:29,6.248e-05,0.00000436,0.00000000015092270800000002,6539510,2019-01-30 14:30:29,btc,0.43767475,0.01170643,0.00000436,btc,0.00035405,0.0,0.82184446,175
1,[],22,[],2019-01-30 14:30:33,40554.0,0.0000007,0.000000000024230710000000003,6539511,2019-01-30 14:30:33,BTC,0.64514623,0.0,0.0000007,BTC,158526.57822767255,0.0,0.01480313,176
0,[],2,[],2019-01-20 23:28:34,0.0,0,0,6477001,2019-01-20 23:28:34,,0.0,0.0,0,,0.0,0.0,0.0,178
1,[],7,[],2019-01-30 14:30:34,0.0,0,0,6539512,2019-01-30 14:30:34,btc,10965.643600862513,3579107.0,0,btc,118922270.45418899,0.03579107,0.0,178
0,[],22,[],2019-01-30 14:30:37,0.0,0,0,6539513,2019-01-30 14:30:37,,1.00242428,0.0,0,,57512.0,0.0,0.0,178
0,[],23,[],2019-01-20 23:25:08,0.0,0,0,6476952,2019-01-20 23:25:08,,0.0,0.0,0,,0.0,0.0,0.0,179
1,[],5,[],2019-01-30 14:30:38,6e-08,0.00000003,0.000000000001038459,6539514,2019-01-30 14:30:38,btc,16.63890792,1.4962547,0.00000003,btc,2.285e-05,0.0,1.37118874,179
1,[],22,[],2019-01-30 14:30:42,8029423.0,0.00000003,0.000000000001038459,6539515,2019-01-30 14:30:42,BTC,5.49396887,0.0,0.00000003,"BTC,LTC",17077205.651989967,0.00750083,0.39540237,179
1,[],17,[],2019-01-30 13:42:07,10504.725,0.0000001,0.00000000000346267,6539283,2019-01-30 13:42:07,btc,5.206877489877459,0.0,0.0000001,btc,7465.6174587,0.0,0.0010504725,180
1,[],22,[],2019-01-30 14:30:48,5785.4,0.00000001,0.000000000000346153,6539516,2019-01-30 14:30:48,BTC,0.09613315,0.0,0.00000001,"BTC,LTC",16616.37037600151,0.0,7.724e-05,180
1,[],26,[],2019-01-30 14:30:48,0.0,0.00000020,0.00000000000692306,6539517,2019-01-30 14:30:48,btc,0.0,4255.0,0.00000020,btc,0.0,0.0,0.0,180
,[],7,[],2018-11-20 22:58:01,562227.975654,0.00000085,0.000000000036176765,4862015,2018-11-20 22:58:01,btc,21836.6059674,2491.87645172,,btc,749999.041456,0.00211021,0.127565380455,183
,[],5,[],2019-01-10 08:11:41,0.0,0,0,6347036,2019-01-10 08:11:41,btc,82.15055501,0.00261,,btc,1.19002445,0.0,0.0,187
,[],17,[],2018-11-16 20:58:10,4062536.27273,0.00000001,0.000000000000550501,4708775,2018-11-16 20:58:10,btc,3.36492563466,0.195460381006,,"btc,eth",110697919.549,0.0,0.0157628953496,187
1,[],24,[],2019-01-30 14:30:49,0.0,0.000000000001,3.4615300000000004e-17,6539518,2019-01-30 14:30:49,btc,0.0,0.0,0.000000000001,btc,0.0,0.0,0.0,187
0,[],22,[],2019-01-30 14:30:51,0.0,0,0,6539519,2019-01-30 14:30:51,,1.19382741,0.0,0,,13380.036201072173,0.0,0.0,191
0,[],22,[],2019-01-29 02:57:02,0.0,0,0,6524994,2019-01-29 02:57:02,,0.0,0.0,0,,0.0,0.0,0.0,197
1,[],26,[],2019-01-30 14:30:52,0.0,0.00000000,0,6539520,2019-01-30 14:30:52,btc,0.0,776227.0,0.00000000,btc,0.0,0.0,0.0,199
0,[],23,[],2019-01-20 23:31:41,0.0,0,0,6477079,2019-01-20 23:31:41,,0.0,0.0,0,,0.0,0.0,0.0,199
0,[],17,[],2019-01-30 13:42:16,0.0,0,0,6539289,2019-01-30 13:42:16,btc,6.802544163782143,0.0,0,btc,105897.55575295,0.0,0.0,200
0,[],2,[],2019-01-20 23:30:49,0.0,0,0,6477059,2019-01-20 23:30:49,,0.0,0.0,0,,0.0,0.0,0.0,201
1,[],4,[],2019-01-25 15:51:35,2084389.58565343,0.00000936,0.000000000333526752,6499557,2019-01-25 15:51:35,btc,2.0092503037378524,0.0,0.00000936,btc,160195.80207885,0.19272417,1.242687955921835,211
1,[],7,[],2019-01-30 14:30:56,16725464.78708797,0.000001210000000000000061712245556788669631487209699116647243499755859375,0.000000000041884513,6539521,2019-01-30 14:30:56,btc,16567816.366120612,1111035.35319,0.000001210000000000000061712245556788669631487209699116647243499755859375,btc,12102074.141728159,0.0,6.596284041247682,212
1,[],5,[],2019-01-30 14:30:57,4.54e-06,0.00000033,0.000000000011423049,6539522,2019-01-30 14:30:57,btc,0.9477486,0.05356293,0.00000033,btc,3.114e-05,0.0,0.32003889,213
1,[],24,[],2019-01-30 14:30:57,0.0,0.000000050000,0.000000000001730765,6539523,2019-01-30 14:30:57,btc,0.0,0.0,0.000000050000,btc,0.0,0.0,0.0,213
1,[],26,[],2019-01-30 14:30:58,0.0,0.00000003,0.000000000001038459,6539524,2019-01-30 14:30:58,btc,0.0,0.0,0.00000003,btc,0.0,0.0,0.0,213
1,[],12,[],2019-01-25 02:44:32,207462.42853209,0.000001080000000000000035831255497387193287295303889550268650054931640625,0.000000000038610756000000006,6493050,2019-01-25 02:44:32,btc,85023.03793723314,0.0,0.000001080000000000000035831255497387193287295303889550268650054931640625,btc,43675.73520027,0.000146250909087,0.0348620860622024,213
1,[],22,[],2019-01-30 14:31:02,276400.0,0.00000002,0.000000000000692306,6539525,2019-01-30 14:31:02,BTC,70.22563965,0.0,0.00000002,BTC,269624.63907173084,0.0,0.004714,216
1,[],27,[],2019-01-30 14:31:04,5072246.0,0.00000012,0.000000000004153836,6539526,2019-01-30 14:31:04,btc,323.28942420316,7399.0,0.00000012,"btc,ltc",264209.13311,0.0036995,0.0532436,216
1,[],22,[],2019-01-30 14:31:07,359687.33466525585,0.00000381,0.000000000131884293,6539527,2019-01-30 14:31:07,BTC,12677.52324639,0.0,0.00000381,BTC,300674.79468149046,0.32730224,0.58902618,217
1,[],7,[],2019-01-30 14:31:08,0.0,0,0,6539528,2019-01-30 14:31:08,btc,302.5343166391106,0.0,0,btc,130240320.6214003,0.0,0.0,219
0,[],27,[],2019-01-30 14:31:10,0.0,0,0,6539529,2019-01-30 14:31:10,,0.0747309448198,0.0,0,btc,1605140.29226592,0.0,0.0,219
0.0000000000000056,[],28,[],2019-01-30 14:31:13,202610664.421,5.3760000000000005e-18,1.8609185280000003e-22,6539530,2019-01-30 14:31:13,doge,88554.0338717675,13725.0,0.00096000,"btc,doge",5169437.84751,0.0,1.5282235811731786e-11,219
1,[],22,[],2019-01-30 14:31:16,203618.0,0.00000055,0.000000000019038415000000002,6539531,2019-01-30 14:31:16,BTC,2.38959129,0.0,0.00000055,BTC,30954.90111646381,0.00043065,0.02088973,221
1,[],24,[],2019-01-30 14:31:16,0.0,0.000000550000,0.000000000019038415000000002,6539532,2019-01-30 14:31:16,btc,0.0,0.0,0.000000550000,btc,0.0,0.0,0.0,221
1,[],26,[],2019-01-30 14:31:17,0.0,0.00000002,0.000000000000692306,6539533,2019-01-30 14:31:17,btc,0.0,11483.0,0.00000002,btc,0.0,0.0,0.0,231
1,[],26,[],2019-01-30 14:31:17,0.0,0.00000004,0.000000000001384612,6539534,2019-01-30 14:31:17,btc,0.0,200.0,0.00000004,btc,0.0,0.0,0.0,234
0,[],27,[],2019-01-30 14:31:19,0.0,0,0,6539535,2019-01-30 14:31:19,,0.0113483662182,0.0,0,"btc,eth",11462.99618,0.0,0.0,234
0.0000000000914862,[],22,[],2019-01-30 14:31:23,8415864.0,9.14862e-19,3.1668222588600003e-23,6539536,2019-01-30 14:31:23,LTC,3.23778345,0.0,0.00000001,LTC,95693207.88015874,3.081097859736e-12,0.08415864,235
1,[],4,[],2019-01-30 14:31:23,751524.2845946,0.00000080,0.00000000002769224,6539537,2019-01-30 14:31:23,btc,0.1420460055157412,0.0,0.00000080,btc,119121.70594837,0.02081855,0.1857520710816212,236
1,[],24,[],2019-01-30 14:31:24,0.0,0.000000010000,0.000000000000346153,6539538,2019-01-30 14:31:24,btc,0.0,0.0,0.000000010000,btc,0.0,0.0,0.0,236
1,[],20,[],2019-01-30 14:31:25,23607241.8862,0.000000066,0.0000000000022846098,6539539,2019-01-30 14:31:25,btc,14.3007167091019,26788426.2794,0.000000066,btc,24183914.5458,1.9222670917614,0.6727704663535,237
1,[],22,[],2019-01-30 14:31:28,10000.0,0.00000001,0.000000000000346153,6539540,2019-01-30 14:31:28,BTC,0.04144357,0.0,0.00000001,BTC,10254.2,0.0,0.0001,237
1,[],4,[],2019-01-30 14:31:30,4633007.78349387,0.00000033,0.000000000011423049,6539541,2019-01-30 14:31:30,btc,0.3777110993660767,0.0,0.00000033,btc,1070051.59630638,0.10481096,1.3831147950032652,238
1,[],5,[],2019-01-30 14:31:31,3.96e-06,0.00000032,0.000000000011076896,6539542,2019-01-30 14:31:31,btc,0.75583138,0.00462323,0.00000032,btc,2.906e-05,0.0,0.33823055,238
1,[],22,[],2019-01-30 14:31:35,244318.05,0.00000005,0.000000000001730765,6539543,2019-01-30 14:31:35,BTC,15.40997189,0.0,0.00000005,BTC,236142.18162280702,0.00084724,0.00781745,249
0.0000000000914862,[],22,[],2019-01-30 14:31:38,4782656.0,2.744586e-18,9.50046677658e-23,6539544,2019-01-30 14:31:38,LTC,0.69139672,0.0,0.00000003,LTC,15451945.015,1.4507881596e-14,0.10741884,252
1,[],28,[],2019-01-30 14:31:40,2279549.485,0.00000007,0.0000000000024230710000000003,6539545,2019-01-30 14:31:40,btc,164692.82560623123,70817.0,0.00000007,btc,1169412.6695,0.0,0.07561535623,256
0,[],27,[],2019-01-30 14:31:42,0.0,0,0,6539546,2019-01-30 14:31:42,,4.96668,0.0,0,"btc,eth",90.59,0.0,0.0,257
1,[],22,[],2019-01-30 14:31:45,187985.0,0.00000004,0.000000000001384612,6539547,2019-01-30 14:31:45,BTC,35605.56086922,0.0,0.00000004,BTC,493709.71026957524,0.0004855,0.00232685,258
1,[],22,[],2019-01-26 20:58:41,368451.0,0.00000001,0.000000000000356135,6510120,2019-01-26 20:58:41,BTC,2.642917,0.0,0.00000001,"BTC,LTC",1862.0,0.0,0.02488451,259
1,[],22,[],2019-01-30 14:31:49,3394.846193548387,0.00000775,0.000000000268268575,6539548,2019-01-30 14:31:49,BTC,4.68663743,0.0,0.00000775,BTC,6070.145866142444,0.00035649,0.0233971,262
1,[],5,[],2019-01-30 14:31:51,0.00010782,0.00000416,0.00000000014399964800000002,6539549,2019-01-30 14:31:51,btc,2.809234,0.35211269,0.00000416,btc,0.00164565,0.0,0.34261037,264
1,[],20,[],2019-01-30 14:31:52,1175258.4491,0.0000051,0.00000000017653803,6539550,2019-01-30 14:31:52,btc,6.2463894580237,20485.3335,0.0000051,btc,106555.6082,0.098876388344,0.033819509501,264
1,[],22,[],2019-01-30 14:31:56,149151.0,0.00000002,0.000000000000692306,6539551,2019-01-30 14:31:56,BTC,6.54353112,0.0,0.00000002,BTC,246955.0926495266,0.00030775,0.00248539,271
0,[],22,[],2019-01-30 14:31:59,0.0,0,0,6539552,2019-01-30 14:31:59,,360.69195325,0.0,0,,13887077225.9,0.0,0.0,272
0.0000000000000056,[],28,[],2019-01-30 14:32:01,201658590276.972,5.208e-21,1.8027648240000003e-25,6539553,2019-01-30 14:32:01,doge,74359051.05684353,26858173865.066,0.00000093,doge,141627545413.393,0.0,5.487286147342745e-10,272
