pairValue,buyBook,exchangeId,sellBook,updated,buyTotal,satoshiPrice,usdPrice,exchangeLogId,created,bestPair,sellTotalBtc,volume,pairPrice,activePairs,sellTotal,volumeBtc,buyTotalBtc,coinId
1,[],10,[],2019-07-13 08:58:05,251434.9725798,0.00271069,0.00000031407274150500003,7812232,2019-07-13 08:58:05,btc,6515.317158446701,1686.04548878,0.00271069,btc,2002.66956917,0.0,1.2639712180673435,1
1,[],3,[],2019-08-17 09:00:29,31399.255433205082,0.0080005200000000005478018039184462395496666431427001953125,0.000000833230956492,7906206,2019-08-17 09:00:29,btc,9.190923302522206,7.91920783425,0.0080005200000000005478018039184462395496666431427001953125,btc,28.506194567261,0.0,0.29889251528288646,1
1,[],4,[],2019-08-17 09:00:29,24973.77727334,0.00793083,0.0000008259729450929999,7906207,2019-08-17 09:00:29,btc,8.972765078642404,0.0,0.00793083,btc,558.44217794,0.45751278,0.5376200924631416,1
1,[],12,[],2019-08-17 09:00:35,102.55548257,0.00796000000000000006161737786669618799351155757904052734375,0.0000008290109159999999,7906208,2019-08-17 09:00:35,btc,0.4550321014115,0.0,0.00796000000000000006161737786669618799351155757904052734375,btc,48.22981063,0.579189861897,0.1583322215646,1
1,[],20,[],2019-08-17 09:00:37,932.2268,0.00790119,0.0000008228860250489999,7906209,2019-08-17 09:00:37,btc,0.2237227528394,0.6172,0.00790119,btc,18.7723,0.005046233958,0.1277743447426,1
1,[],21,[],2019-08-17 09:00:40,2580.62912513,0.007976669999999999940976103119,0.0000008307470481569999,7906210,2019-08-17 09:00:40,btc,9.42017197258155,1843.6911006300002,0.00797666999999999994097610311882817768491804599761962890625,"btc,eth",1692.18120139,14.215707763988457,15.909942435224758,1
1,[],22,[],2019-08-17 09:00:43,0.5198816666666667,0.00600000,0.0000006248825999999999,7906211,2019-08-17 09:00:43,BTC,0.01700334,0.0,0.00600000,BTC,0.283670650841137,0.0,0.00302178,1
1,[],24,[],2019-08-17 09:00:43,0.0,0.000000000000,0,7906212,2019-08-17 09:00:43,btc,0.0,0.0,0.000000000000,btc,0.0,0.0,0.0,1
0.0,[],25,[],2019-08-17 09:00:44,0.0,0,0,7906213,2019-08-17 09:00:44,btc,16.477099999260844,9082.80149546,0.0,btc,1985.5607402,72.358,0.0,1
1,[],26,[],2019-08-17 09:00:50,0.0,0,0,7906214,2019-08-17 09:00:50,,0.0,0.0,0,,0.0,0.0,0.0,1
1,[],28,[],2019-08-17 09:00:56,1040.4,0.008020000000,0.0000008352597419999999,7906215,2019-08-17 09:00:56,btc,0.38023024096,2597.0,0.008020000000,btc,23.7255,0.0,0.274306096,1
1,[],5,[],2019-07-06 00:27:44,0.0,0,0,7800775,2019-07-06 00:27:44,btc,0.0,0.00190933,0,btc,0.0,0.0,0.0,1
0,[],2,[],2019-01-20 23:28:45,0.0,0,0,6477011,2019-01-20 23:28:45,,0.0,0.0,0,,0.0,0.0,0.0,1
0,[],22,[],2019-08-17 09:00:58,0.0,0,0,7906216,2019-08-17 09:00:58,,0.0,0.0,0,,0.0,0.0,0.0,2
1,[],5,[],2019-07-06 00:28:14,0.0,0,0,7800785,2019-07-06 00:28:14,btc,0.0,0.00208797,0,btc,0.0,0.0,0.0,2
1,[],12,[],2019-08-17 09:01:00,4840833.8515312,0.000000059,0.0000000000061446789,7906217,2019-08-17 09:01:00,btc,42993.18723665138,0.0,0.000000059,btc,10045641.51964161,0.016443999448,0.19766388582577976,3
0,[],28,[],2019-08-17 09:01:02,0.0,0,0,7906218,2019-08-17 09:01:02,,0.0,0.0,0,,0.0,0.0,0.0,3
1,[],5,[],2019-06-03 14:48:58,0.0,0,0,7731126,2019-06-03 14:48:58,btc,0.0,0.05905545,0,btc,0.0,0.0,0.0,3
0,[],2,[],2019-01-20 23:31:32,0.0,0,0,6477077,2019-01-20 23:31:32,,0.0,0.0,0,,0.0,0.0,0.0,4
1,[],4,[],2019-08-17 09:01:03,5638761.6797246,0.00000013,0.000000000013539122999999999,7906219,2019-08-17 09:01:03,btc,25.80251653323887,0.0,0.00000013,btc,1093812.55632099,0.00059246,0.0813499011509499,4
0,[],2,[],2019-01-20 23:31:51,0.0,0,0,6477087,2019-01-20 23:31:51,,0.0,0.0,0,,0.0,0.0,0.0,6
1,[],11,[],2019-08-15 15:27:29,324074.0,0.00000001,0.0000000000010065590000000001,7900084,2019-08-15 15:27:29,btc,9583.47119397936,4910218.0,0.00000001,btc,78345418.50750598,0.0,0.00324074,6
1,[],3,[],2019-08-17 09:01:05,11436.422313615678,0.0000616600000000000025672519665675963551620952785015106201171875,0.000000006421710186,7906220,2019-08-17 09:01:05,btc,1026.3031617562356,0.0,0.0000616600000000000025672519665675963551620952785015106201171875,btc,439.331683349976,0.0,0.02067237383899695,7
1,[],4,[],2019-08-17 09:01:06,56344.61529697,0.00008236,0.000000008577555156,7906221,2019-08-17 09:01:06,btc,13.683051915984677,0.0,0.00008236,btc,83532.36941954,0.3172823,1.9269734963024223,7
1,[],5,[],2019-07-06 00:28:21,0.0,0,0,7800789,2019-07-06 00:28:21,btc,0.0,0.38662001,0,btc,0.0,0.0,0.0,7
1,[],5,[],2019-07-05 17:50:59,0.0,0,0,7799863,2019-07-05 17:50:59,btc,0.0,0.04857279,0,btc,0.0,0.0,0.0,12
0,[],2,[],2019-01-20 23:23:08,0.0,0,0,6476890,2019-01-20 23:23:08,,0.0,0.0,0,,0.0,0.0,0.0,12
1,[],4,[],2019-08-17 09:01:07,24222109.84223921,0.00000022,0.000000000022912361999999998,7906222,2019-08-17 09:01:07,btc,5.933173140901701,0.0,0.00000022,btc,10490834.82821263,0.19055787,1.7785145332140224,12
0.0,[],25,[],2019-08-17 09:01:12,0.0,0,0,7906223,2019-08-17 09:01:12,,0.0,0.0,0.0,btc,0.0,0.0,0.0,12
1,[],10,[],2019-08-17 06:59:33,773107.8727795,0.00000132,0.00000000013684770000000001,7905957,2019-08-17 06:59:33,btc,666797.3272390103,25233.6391869,0.00000132,btc,1013089.62541555,0.0,0.0792315846887016,13
1,[],4,[],2019-08-17 09:01:13,931971.30571368,0.00000138,0.00000000014372299799999998,7906224,2019-08-17 09:01:13,btc,3.5052779077103398,0.0,0.00000138,btc,919253.66677616,0.07363368,0.4758259761479544,13
1,[],21,[],2019-08-17 09:01:16,10265226.16000205,0.000001399999999999999936647356556,0.00000000014580594,7906225,2019-08-17 09:01:16,btc,3.8022655469454874,560115.35090944,0.000001399999999999999936647356556240762159859514213167130947113037109375,btc,1862506.06073648,0.7572517,2.5510408588454645,13
1,[],4,[],2019-08-17 09:01:17,1519805.80644309,0.00000080,0.00000000008331768,7906226,2019-08-17 09:01:17,btc,2.9067530518101954,0.0,0.00000080,btc,871216.00805386,0.01992167,0.2738264424854221,14
1,[],12,[],2019-08-17 09:01:18,218261.36428442,0.00000088,0.00000000009164944799999999,7906227,2019-08-17 09:01:18,btc,181.9838404248941,0.0,0.00000088,btc,31985.30585383,0.000249111149,0.0204919419330253,14
1,[],26,[],2019-08-17 09:03:18,0.0,0,0,7906228,2019-08-17 09:03:18,,0.0,0.0,0,,0.0,0.0,0.0,14
0,[],17,[],2019-05-03 00:53:32,0.0,0,0,7558876,2019-05-03 00:53:32,btc,0.0,0.0,0,btc,0.0,0.0,0.0,14
,[],12,[],2018-12-01 15:15:48,204241.84496,0.00000489,0.000000000202473384,5260204,2018-12-01 15:15:48,btc,49.5475654835,0.0,,btc,35763.2193806,0.0163153972027625,0.0203389899998,15
0,[],4,[],2019-08-17 09:03:19,0.0,0,0,7906229,2019-08-17 09:03:19,,0.0,0.0,0,,0.0,0.0,0.0,15
0,[],2,[],2019-01-20 23:23:38,0.0,0,0,6476906,2019-01-20 23:23:38,,0.0,0.0,0,,0.0,0.0,0.0,18
1,[],4,[],2019-08-17 09:03:21,40862.63181482,0.00000764,0.0000000007956838439999999,7906230,2019-08-17 09:03:21,btc,2.42798682695076,0.0,0.00000764,btc,20936.78292655,0.02419623,0.0916486764162623,18
1,[],10,[],2019-08-17 09:03:24,393858.79932235,0.00000673,0.000000000700909983,7906231,2019-08-17 09:03:24,btc,15.236731776867694,8377.55309028,0.00000673,btc,26850.37045945,0.0,0.2730447056093585,18
1,[],12,[],2019-08-17 09:03:25,30378.122920039998,0.000007279999999999999755269548817881997138101723976433277130126953125,0.0000000007581908879999999,7906232,2019-08-17 09:03:25,btc,0.565784344314338,0.0,0.000007279999999999999755269548817881997138101723976433277130126953125,btc,1901.80392017,0.002539754285,0.017603430579613197,18
0,[],17,[],2019-05-03 00:53:39,0.0,0,0,7558882,2019-05-03 00:53:39,btc,0.0,0.0,0,btc,0.0,0.0,0.0,18
0,[],27,[],2019-08-12 16:48:42,0.0,0,0,7891818,2019-08-12 16:48:42,,0.0,0.0,0,btc,0.0,0.0,0.0,19
0,[],2,[],2019-01-20 23:24:19,0.0,0,0,6476924,2019-01-20 23:24:19,,0.0,0.0,0,,0.0,0.0,0.0,19
1,[],3,[],2019-08-17 09:05:26,216337.72832062966,0.0000061099999999999999458571119104188795745358220301568508148193359375,0.000000000636338781,7906233,2019-08-17 09:05:26,btc,190.58179922352818,775.513440248,0.0000061099999999999999458571119104188795745358220301568508148193359375,btc,51272.49628426186,0.0,0.36929865752380103,19
1,[],4,[],2019-08-17 09:05:26,587060.69157364,0.00000576,0.000000000599887296,7906234,2019-08-17 09:05:26,btc,3.210177535570896,0.0,0.00000576,btc,264572.40367788,0.10590904,1.6508413395994064,19
1,[],12,[],2019-08-17 09:05:28,128447.09969384,0.00000778000000000000005028095995118775363152963109314441680908203125,0.000000000810264438,7906235,2019-08-17 09:05:28,btc,0.9338191443217742,0.0,0.00000778000000000000005028095995118775363152963109314441680908203125,btc,2900.77160987,0.0,0.0162589041682787,19
1,[],5,[],2019-07-06 02:01:19,0.0,0,0,7800799,2019-07-06 02:01:19,btc,0.0,0.0,0,btc,0.0,0.0,0.0,19
1,[],4,[],2019-08-17 09:05:29,10481836.05563501,0.00000006,0.0000000000062488259999999994,7906236,2019-08-17 09:05:29,btc,4.984292824562718,0.0,0.00000006,btc,2305413.8842246,0.0,0.1268683990480169,20
0,[],4,[],2019-08-17 09:05:31,0.0,0,0,7906237,2019-08-17 09:05:31,,49595.424245882554,0.0,0,,170566454.60214376,0.0,0.0,21
0,[],12,[],2019-08-17 09:05:34,0.0,0,0,7906238,2019-08-17 09:05:34,btc,2617.976475280819,0.0,0,btc,8688804.88011986,0.0,0.0,21
0,[],17,[],2019-05-03 00:53:51,0.0,0,0,7558891,2019-05-03 00:53:51,btc,0.0,0.0,0,btc,0.0,0.0,0.0,21
0.0000000002204393,[],27,[],2019-07-29 17:24:02,79794022.5,8.5971327e-17,8.21370058158e-21,7852364,2019-07-29 17:24:02,eth,1253.5830452782222,787155.0,0.00000039,eth,2317982.66147653,6.7672759904685e-11,2.1948587434632156e-09,23
1,[],12,[],2019-08-17 09:07:35,4129728368.8176684,0.0000000026,0.00000000000027078246,7906239,2019-08-17 09:07:35,btc,167285728302.9154,0.0,0.0000000026,btc,1640532893.9081306,0.558778130258,2.552745350662969,23
1,[],4,[],2019-08-17 09:07:36,5982435.82414082,0.00000048,0.000000000049990607999999996,7906240,2019-08-17 09:07:36,btc,8.59252251897634,0.0,0.00000048,btc,2189975.92613552,0.06959706,0.1719578597241085,24
0,[],22,[],2019-08-17 09:07:38,0.0,0,0,7906241,2019-08-17 09:07:38,,0.0,0.0,0,,0.0,0.0,0.0,24
0.0,[],25,[],2019-08-17 09:07:40,0.0,0,0,7906242,2019-08-17 09:07:40,,0.0,0.0,0.0,btc,0.0,0.0,0.0,24
0,[],2,[],2019-01-20 23:25:56,0.0,0,0,6476976,2019-01-20 23:25:56,,0.0,0.0,0,,0.0,0.0,0.0,26
1,[],4,[],2019-08-17 09:07:41,26958916.63301915,0.00000358,0.00000000037284661799999996,7906243,2019-08-17 09:07:41,btc,106.66544222987824,0.0,0.00000358,btc,1058800.02343844,0.11004445,0.4476261242836044,26
1,[],10,[],2019-08-17 09:07:44,221774.85682876,0.00000391,0.00000000040721516099999996,7906244,2019-08-17 09:07:44,btc,25.72623439172026,8251.11871967,0.00000391,btc,18297.05461201,0.0,0.0357434735222658,26
0.0000000000713964,[],4,[],2019-08-17 09:07:44,742105788.5050038,4.9263516e-17,5.1306523272035995e-21,7906245,2019-08-17 09:07:44,ltc,12.518901334302114,0.0,0.00000069,ltc,1014307979.5621581,0.00083664,6.533934496129175e-09,29
1,[],7,[],2019-08-17 09:07:46,0.0,0,0,7906246,2019-08-17 09:07:46,btc,1236881.0036205386,22994.005994,0,btc,60396481.23483297,0.00022994,0.0,29
0,[],17,[],2019-05-03 01:11:25,0.0,0,0,7559066,2019-05-03 01:11:25,btc,0.0,0.0,0,btc,0.0,0.0,0.0,30
1,[],4,[],2019-08-17 09:07:47,15000470.56902343,0.00000009,0.000000000009373239,7906247,2019-08-17 09:07:47,btc,2.6077586079977677,0.0,0.00000009,btc,2001675.35044338,0.00018754,0.1703328441188894,30
1,[],4,[],2019-08-17 09:09:47,212536.72935796,0.00002973,0.0000000030962932829999996,7906248,2019-08-17 09:09:47,btc,2.456850336724974,0.0,0.00002973,btc,51126.34965299,0.11640453,0.4824834256398949,31
1,[],21,[],2019-08-17 09:09:49,1083973.56541391,0.00002975000000000000145955296460,0.000000003098376225,7906249,2019-08-17 09:09:49,btc,6.677187890147716,12980.69106406,0.00002975000000000000145955296459998606906083296053111553192138671875,btc,175235.30588019,0.39798134,3.062506866799797,31
0,[],2,[],2019-01-20 23:28:43,0.0,0,0,6477009,2019-01-20 23:28:43,,0.0,0.0,0,,0.0,0.0,0.0,32
1,[],12,[],2019-03-30 07:55:10,40641173.964,0.00000003,0.000000000001228359,7108785,2019-03-30 07:55:10,btc,4233210.82356125,0.0,0.00000003,btc,28378394.68333462,0.0126927883965248,0.90752895892,33
0,[],4,[],2019-08-17 09:09:50,0.0,0,0,7906250,2019-08-17 09:09:50,,0.0,0.0,0,,0.0,0.0,0.0,33
0.0000000000713964,[],4,[],2019-08-17 09:09:51,30882899.88254962,3.1414416e-17,3.2717203245935997e-21,7906251,2019-08-17 09:09:51,ltc,6.025600106373914,0.0,0.00000044,ltc,161580998.92737854,0.0,2.5345987459051027e-10,34
1,[],5,[],2019-07-06 02:03:46,0.0,0,0,7800811,2019-07-06 02:03:46,btc,0.0,0.0,0,btc,0.0,0.0,0.0,34
1,[],27,[],2019-08-12 16:26:17,6255.0,0.00000019,0.000000000021630303,7891745,2019-08-12 16:26:17,btc,22.61101824371233,0.0,0.00000019,btc,4198.924835,0.0,0.00091445,37
1,[],17,[],2019-05-03 01:11:36,211752.74075282,0.00000025,0.000000000013700074999999998,7559074,2019-05-03 01:11:36,btc,0.055484923955058496,0.0,0.00000025,"btc,eth",1387.19918473,0.0,0.0005381851887916605,37
1,[],4,[],2019-08-17 09:09:52,10838460.16727509,0.00000018,0.000000000018746478,7906252,2019-08-17 09:09:52,btc,19773.961853855762,0.0,0.00000018,btc,2308552.75533356,0.02173675,0.1633441051511961,37
1,[],12,[],2019-08-17 09:09:54,8687305.99533798,0.00000016,0.000000000016663536,7906253,2019-08-17 09:09:54,btc,1725.9975100835297,0.0,0.00000016,btc,2184291.12390778,0.026665227402,0.285274859999998,37
0,[],27,[],2019-08-12 16:26:27,0.0,0,0,7891747,2019-08-12 16:26:27,,0.001005,0.0,0,"btc,eth",3.0,0.0,0.0,42
1,[],12,[],2019-08-17 09:11:57,218695.54919113,0.000001260000000000000006510091944689211373997750342823565006256103515625,0.00000000013122534599999998,7906254,2019-08-17 09:11:57,btc,521.7401049229101,0.0,0.000001260000000000000006510091944689211373997750342823565006256103515625,btc,150604.1588722,0.075747501166,0.0582849197769545,42
1,[],5,[],2019-07-06 02:03:47,0.0,0,0,7800812,2019-07-06 02:03:47,btc,0.0,0.14382058,0,btc,0.0,0.0,0.0,42
1,[],12,[],2019-03-13 09:13:29,1112112.0,0.00000001,0.000000000000386531,6919902,2019-03-13 09:13:29,btc,29058.00478931866,0.0,0.00000001,btc,5967681.93306694,9.99000999e-07,0.01112112,43
1,[],5,[],2019-04-26 22:38:52,0.0,0,0,7474154,2019-04-26 22:38:52,btc,0.0,0.02638891,0,btc,0.0,0.0,0.0,43
0,[],17,[],2019-04-26 22:38:53,0.0,0,0,7474155,2019-04-26 22:38:53,btc,0.0,0.0,0,btc,0.0,0.0,0.0,43
0.0000000000713964,[],4,[],2019-08-17 09:11:57,107499061.35079774,6.3542796e-17,6.6177979292916e-21,7906255,2019-08-17 09:11:57,ltc,2096.2777092590472,0.0,0.00000089,ltc,24924582.45421929,0.0,3.901454211487731e-10,49
0.0000000000713964,[],4,[],2019-08-17 09:11:59,92271602.63405737,1.7849100000000002e-17,1.8589320026099998e-21,7906256,2019-08-17 09:11:59,ltc,31170.255131230566,0.0,0.00000025,ltc,233851207.46983156,0.0,4.4573251881332734e-10,52
0,[],27,[],2019-08-12 16:26:37,0.0,0,0,7891750,2019-08-12 16:26:37,,0.0,0.0,0,"btc,eth",0.0,0.0,0.0,57
0,[],22,[],2019-08-17 09:12:03,0.0,0,0,7906257,2019-08-17 09:12:03,,10290.02779686,0.0,0,,282696231.3316013,0.0,0.0,57
1,[],17,[],2019-05-03 01:12:09,1200000.0,0.0000000001,0.00000000000000548003,7559085,2019-05-03 01:12:09,btc,1e+24,0.0,0.0000000001,"btc,eth",39516342.31952568,0.0,0.00010000000058666061,58
0.0000000000713964,[],4,[],2019-08-17 09:12:04,893821046.370968,7.139640000000001e-19,7.435728010439999e-23,7906258,2019-08-17 09:12:04,ltc,19.787556946727726,0.0,0.00000001,ltc,5433255707.22347,0.0,6.381560495512018e-10,58
1,[],12,[],2019-08-17 09:12:05,1228696548.2145119,0.0000000001,0.000000000000010414709999999999,7906259,2019-08-17 09:12:05,btc,52870136.68837041,0.0,0.0000000001,btc,4263253709.892144,0.00167978196,0.1228696548214512,58
0.00000000008008970000000001,[],22,[],2019-08-17 09:14:10,126877.0,8.008970000000001e-19,8.341109994870001e-23,7906260,2019-08-17 09:14:10,XMR,68.17454206,0.0,0.00000001,XMR,9626402.6,0.0,0.00126877,58
0,[],27,[],2019-07-29 19:34:56,0.0,0,0,7852673,2019-07-29 19:34:56,,1.97314195,0.0,0,"btc,eth",10936.9,0.0,0.0,61
0,[],22,[],2019-08-17 09:14:13,0.0,0,0,7906261,2019-08-17 09:14:13,,1000.95212025,0.0,0,,9572.689066014545,0.0,0.0,61
1,[],26,[],2019-08-17 09:14:13,0.0,0,0,7906262,2019-08-17 09:14:13,,0.0,0.0,0,,0.0,0.0,0.0,61
1,[],28,[],2019-08-17 09:14:15,40000.0,0.00000004,0.000000000004165884,7906263,2019-08-17 09:14:15,btc,0.242343945415105,354.0,0.00000004,btc,8016.46650005,0.0,0.001,61
1,[],5,[],2019-06-17 14:31:27,0.0,0,0,7740135,2019-06-17 14:31:27,btc,0.0,0.00079154,0,btc,0.0,0.0,0.0,61
1,[],4,[],2019-08-17 09:14:16,1834038.53131265,0.00000072,0.000000000074985912,7906264,2019-08-17 09:14:16,btc,3.0430126538422555,0.0,0.00000072,btc,1217386.12527166,0.06427775,0.8502845055677322,67
0.0,[],25,[],2019-08-17 09:14:18,0.0,0,0,7906265,2019-08-17 09:14:18,,0.0,0.0,0.0,btc,0.0,0.0,0.0,67
1,[],12,[],2019-06-02 06:23:14,910048.355,0.00000006,0.000000000005154929999999999,7725270,2019-06-02 06:23:14,btc,5.167005424215783,0.0,0.00000006,btc,738530.60239759,0.003159757462,0.0187188113,71
,[],5,[],2018-11-20 23:02:39,1.5e-07,0.00000005,0.000000000002128045,4862160,2018-11-20 23:02:39,btc,2.84511358,0.0,,btc,0.00036572,0.0,0.07381892,74
1,[],5,[],2019-07-06 00:15:01,0.0,0,0,7800749,2019-07-06 00:15:01,btc,0.0,0.01883861,0,btc,0.0,0.0,0.0,75
1,[],4,[],2019-08-17 09:14:21,175411.7275434,0.00006217,0.000000006474825207,7906266,2019-08-17 09:14:21,btc,57.774206668108164,0.0,0.00006217,btc,126121.64676992,0.06512821,0.5147116411809554,82
1,[],21,[],2019-08-17 09:14:22,947803.82925921,0.00005957000000000000055483395656,0.000000006204042747,7906267,2019-08-17 09:14:22,btc,4.6848145929288565,406.16750664,0.000059570000000000000554833956556421981076709926128387451171875,btc,54789.65949357,0.02581221,1.8474807037492433,82
0,[],4,[],2019-07-23 20:51:52,0.0,0,0,7830376,2019-07-23 20:51:52,,1.6413985531662756,0.0,0,,620289065.5915176,0.0,0.0,85
,[],22,[],2018-11-20 23:09:34,3408.1,0.0000001,0.0000000000041895,4862324,2018-11-20 23:09:34,BTC,0.04624735,0.0,,BTC,4990.0,0.0,0.00033081,86
1,[],27,[],2019-08-06 12:06:36,100155.0,0.00000003,0.000000000003516594,7875448,2019-08-06 12:06:36,btc,7.177196150774,345.0,0.00000003,btc,287406.89336,1.035e-05,0.00300465,87
1,[],22,[],2019-08-17 09:14:25,185880.0,0.00000002,0.000000000002082942,7906268,2019-08-17 09:14:25,BTC,1.8206834,0.0,0.00000002,BTC,772828.347368421,0.00093236,0.00186702,87
,[],2,[],2018-11-20 23:10:47,0.0,0,0,4862359,2018-11-20 23:10:47,,0.0,0.0,,,0.0,0.0,0.0,88
0,[],2,[],2019-01-20 23:31:45,0.0,0,0,6477083,2019-01-20 23:31:45,,0.0,0.0,0,,0.0,0.0,0.0,91
1,[],12,[],2019-07-29 19:37:20,363887.60323923,0.0000004,0.0000000000380056,7852681,2019-07-29 19:37:20,btc,434.49795557380435,0.0,0.0000004,btc,256704.51785259,0.005208319156,0.022326455808262,91
1,[],22,[],2019-07-29 19:39:29,50200.0,0.00000002,0.00000000000190028,7852682,2019-07-29 19:39:29,BTC,1.05335,0.0,0.00000002,"BTC,LTC",1839.95,1.836e-05,0.001804,91
0,[],17,[],2019-05-03 01:12:26,0.0,0,0,7559096,2019-05-03 01:12:26,btc,0.0,0.0,0,btc,0.0,0.0,0.0,91
0,[],17,[],2019-05-03 01:12:32,0.0,0,0,7559100,2019-05-03 01:12:32,btc,0.0,0.0,0,btc,0.0,0.0,0.0,96
0.0000000000713964,[],4,[],2019-08-17 09:14:26,571102621.9626958,9.995496000000001e-18,1.0410019214616e-21,7906269,2019-08-17 09:14:26,ltc,11.470885560518392,0.0,0.00000014,ltc,202601718.1281533,0.0,7.152820043811556e-10,96
0,[],12,[],2019-08-17 09:14:27,0.0,0,0,7906270,2019-08-17 09:14:27,btc,47.73949615563436,0.0,0,btc,13200602.563436551,0.0,0.0,96
0,[],2,[],2019-01-20 23:23:55,0.0,0,0,6476914,2019-01-20 23:23:55,,0.0,0.0,0,,0.0,0.0,0.0,100
1,[],4,[],2019-08-17 09:16:29,142907.80002398,0.00001358,0.000000001414317618,7906271,2019-08-17 09:16:29,btc,7.740805192247415,0.0,0.00001358,btc,186880.70248075,0.22096423,0.654540196565963,100
1,[],22,[],2019-08-17 09:16:32,146000.0,0.00000002,0.000000000002082942,7906272,2019-08-17 09:16:32,BTC,26.50623849,0.0,0.00000002,BTC,10383.92,0.0,0.00162,101
1,[],27,[],2019-08-12 16:30:59,2050161.9,0.00000005,0.0000000000056921850000000005,7891762,2019-08-12 16:30:59,btc,261.32824567561846,0.0,0.00000005,btc,285690.80442935,0.0,0.060251537,105
1,[],12,[],2019-08-17 09:16:36,39736171.0,0.000000003,0.00000000000031244129999999997,7906273,2019-08-17 09:16:36,btc,342432.2025422817,0.0,0.000000003,btc,116729673.65363312,0.002806292225,0.060141529,105
1,[],27,[],2019-08-12 16:31:06,1.0,0.00000001,0.000000000001138437,7891764,2019-08-12 16:31:06,btc,0.0,0.0,0.00000001,"btc,eth",0.0,0.0,1e-08,112
1,[],5,[],2019-07-06 00:19:31,0.0,0,0,7800761,2019-07-06 00:19:31,btc,0.0,0.0,0,btc,0.0,0.0,0.0,112
0,[],22,[],2019-08-17 09:16:40,0.0,0,0,7906274,2019-08-17 09:16:40,,6.79500102,0.0,0,,3375892.0833333335,0.0,0.0,112
1,[],5,[],2019-07-06 00:19:43,0.0,0,0,7800765,2019-07-06 00:19:43,btc,0.0,0.0,0,btc,0.0,0.0,0.0,113
1,[],4,[],2019-08-17 09:16:41,732413.05740755,0.00000087,0.000000000090607977,7906275,2019-08-17 09:16:41,btc,6.010530060134456,0.0,0.00000087,btc,949896.49037183,0.01196265,0.3466742834977651,113
1,[],17,[],2019-04-26 02:17:47,162738.278,0.00000004,0.0000000000021069000000000002,7461287,2019-04-26 02:17:47,btc,1.3331140273775473,0.0,0.00000004,btc,51796.221,0.0,0.00230953112,116
1,[],27,[],2019-08-02 18:48:59,95525.16595526,0.00000001,0.000000000001045936,7866367,2019-08-02 18:48:59,btc,3918.96487209,0.0,0.00000001,btc,88497.69,0.0,0.0009552516595526,116
1,[],4,[],2019-08-17 09:18:43,19440093.0797385,0.00000091,0.000000000094773861,7906276,2019-08-17 09:18:43,btc,128.26479203484095,0.0,0.00000091,btc,1321243.16323193,0.00762051,1.8490144608299397,120
1,[],7,[],2019-08-17 09:18:44,3304.86136493,0.0000071300000000000003443924832813305414447313523851335048675537109375,0.000000000742568823,7906277,2019-08-17 09:18:44,btc,115616.30371817679,0.0,0.0000071300000000000003443924832813305414447313523851335048675537109375,btc,3383.82311806,0.0,0.0073367629840553,120
0,[],2,[],2019-01-20 23:25:46,0.0,0,0,6476969,2019-01-20 23:25:46,,0.0,0.0,0,,0.0,0.0,0.0,131
1,[],17,[],2019-05-03 01:13:10,10000.0,0.00000001,0.000000000000548003,7559115,2019-05-03 01:13:10,btc,0.0953976503951408,0.0,0.00000001,btc,5037.62507334,0.0,0.0001,131
1,[],4,[],2019-08-17 09:18:46,941616.42743402,0.00000300,0.00000000031244129999999996,7906278,2019-08-17 09:18:46,btc,2.8085409297527373,0.0,0.00000300,btc,348649.24331775,0.05833642,0.2035709445058024,131
1,[],4,[],2019-08-17 09:20:46,8556.54529596,0.00006195,0.000000006451912844999999,7906279,2019-08-17 09:20:46,btc,0.2950397951595165,0.0,0.00006195,btc,234.13941042,0.0,0.0034627970423951,135
1,[],3,[],2019-07-13 16:51:20,187.26592867,0.00000001,0.000000000001140965,7813490,2019-07-13 16:51:20,btc,419.77407087449336,1935513.62324,0.00000001,btc,3179086.72005867,0.0,1.8726592866999999e-06,136
1,[],4,[],2019-08-17 09:20:50,906785.7631601,0.00000404,0.000000000420754284,7906280,2019-08-17 09:20:50,btc,24.13343906173653,0.0,0.00000404,btc,507304.65839203,0.04950547,2.007619984132616,137
1,[],12,[],2019-08-17 09:20:52,135338.83987715,0.000004230000000000000157985603765897764105829992331564426422119140625,0.000000000440542233,7906281,2019-08-17 09:20:52,btc,39.902731551787056,0.0,0.000004230000000000000157985603765897764105829992331564426422119140625,btc,56631.8434675,0.001620515504,0.0232885799999157,137
1,[],17,[],2019-05-03 01:13:16,32967.38636364,0.00000088,0.000000000048224264,7559122,2019-05-03 01:13:16,btc,20.06976206696776,0.0,0.00000088,btc,2746.079105,0.0,0.0105613000000032,142
1,[],4,[],2019-08-17 09:20:53,1313508.83531942,0.00003793,0.000000003950299503,7906282,2019-08-17 09:20:53,btc,9.776274977996003,0.0,0.00003793,btc,133617.84293137,0.89701797,2.23795887562837,142
1,[],20,[],2019-08-17 09:22:56,110180.9347,0.000035616,0.0000000037093031135999996,7906283,2019-08-17 09:22:56,btc,1.2830126693578,192.2312,0.000035616,btc,3216.0956,0.0076683193499,0.0165491358119,142
1,[],22,[],2019-08-17 09:22:59,10619.88,0.00000200,0.00000000020829419999999998,7906284,2019-08-17 09:22:59,BTC,1.55898515,0.0,0.00000200,BTC,835.8398331062671,0.0,0.00416696,142
0.0,[],25,[],2019-08-17 09:23:03,0.0,0,0,7906285,2019-08-17 09:23:03,,0.0,0.0,0.0,btc,0.0,0.0,0.0,142
1,[],28,[],2019-08-17 09:23:05,10093636.0,0.000035010000,0.0000000036461899709999996,7906286,2019-08-17 09:23:05,btc,0.51474502,5271.0,0.000035010000,btc,2808.485,0.0,1.39650526,142
1,[],5,[],2019-07-06 02:06:10,0.0,0,0,7800822,2019-07-06 02:06:10,btc,0.0,0.00140707,0,btc,0.0,0.0,0.0,142
0,[],22,[],2019-08-17 09:23:09,0.0,0,0,7906287,2019-08-17 09:23:09,,68.14027224,0.0,0,,718000153.5744588,0.0,0.0,143
0,[],22,[],2019-02-25 15:42:22,0.0,0,0,6783783,2019-02-25 15:42:22,,4.2131946,0.0,0,,2322156.0,0.0,0.0,146
,[],22,[],2018-11-20 23:01:11,0.0,0,0,4862114,2018-11-20 23:01:11,,2.56807021,0.0,,,61828.4988236,0.0,0.0,147
1,[],12,[],2019-04-21 06:38:04,193091.5971266,0.00000071,0.000000000037635183,7388679,2019-04-21 06:38:04,btc,2.301232411611175,0.0,0.00000071,btc,9957.48302385,0.00023528,0.0313308199999888,148
1,[],5,[],2019-04-26 09:36:59,0.0,0,0,7465040,2019-04-26 09:36:59,btc,0.0,0.0,0,btc,0.0,0.0,0.0,153
0,[],23,[],2019-01-20 23:24:29,0.0,0,0,6476932,2019-01-20 23:24:29,,0.0,0.0,0,,0.0,0.0,0.0,156
0,[],22,[],2019-08-17 09:23:14,0.0,0,0,7906288,2019-08-17 09:23:14,,6.78813965,0.0,0,,4560228.592592592,0.0,0.0,156
1,[],22,[],2019-08-17 09:23:17,6996.0,0.00000001,0.000000000001041471,7906289,2019-08-17 09:23:17,BTC,1.7547719,0.0,0.00000001,BTC,64.8,0.0,6.996e-05,157
0,[],22,[],2019-08-17 00:05:41,0.0,0,0,7905012,2019-08-17 00:05:41,,50234.60468402,0.0,0,,54786159.03179465,0.0,0.0,158
,[],17,[],2018-11-20 22:56:10,0.0,0,0,4861976,2018-11-20 22:56:10,btc,1.1265625,0.0,,btc,1000.0,0.0,0.0,159
,[],20,[],2018-11-20 22:56:12,0.0,0,0,4861977,2018-11-20 22:56:12,btc,11912.7940471,0.0,,btc,34413894.3617,0.0,0.0,159
1,[],22,[],2019-08-17 09:23:21,118948.0,0.00000001,0.000000000001041471,7906290,2019-08-17 09:23:21,BTC,12.83785736,0.0,0.00000001,"BTC,LTC",190474.84947371835,0.0,0.03700948,171
0.0000000000713964,[],22,[],2019-08-17 09:23:24,144000.0,3.56982e-18,3.71786400522e-22,7906291,2019-08-17 09:23:24,LTC,1.7464213,0.0,0.00000005,LTC,1308220.8536050986,0.0,0.00344,173
1,[],5,[],2019-07-06 02:08:45,0.0,0,0,7800830,2019-07-06 02:08:45,btc,0.0,0.00700197,0,btc,0.0,0.0,0.0,175
0,[],22,[],2019-08-17 09:23:26,0.0,0,0,7906292,2019-08-17 09:23:26,,393.97295672,0.0,0,,135375.61833431243,0.0,0.0,176
1,[],7,[],2019-07-01 10:15:32,0.0,0,0,7783526,2019-07-01 10:15:32,btc,521516.2326888725,0.0,0,btc,26809253.73522063,0.0,0.0,178
0,[],2,[],2019-01-20 23:28:34,0.0,0,0,6477001,2019-01-20 23:28:34,,0.0,0.0,0,,0.0,0.0,0.0,178
0,[],22,[],2019-08-17 09:23:30,0.0,0,0,7906293,2019-08-17 09:23:30,,1.00255534,0.0,0,,112828.0,0.0,0.0,178
1,[],5,[],2019-07-06 02:08:50,0.0,0,0,7800832,2019-07-06 02:08:50,btc,0.0,6.904e-05,0,btc,0.0,0.0,0.0,179
0,[],23,[],2019-01-20 23:25:08,0.0,0,0,6476952,2019-01-20 23:25:08,,0.0,0.0,0,,0.0,0.0,0.0,179
0,[],22,[],2019-08-17 09:23:33,0.0,0,0,7906294,2019-08-17 09:23:33,,10.33352785,0.0,0,,14883771.231946677,0.0,0.0,179
1,[],17,[],2019-05-03 01:13:56,20504.725000000002,0.0000001,0.00000000000548003,7559141,2019-05-03 01:13:56,btc,5.2010695838400265,0.0,0.0000001,btc,5033.45945,0.0,0.0011504725,180
1,[],22,[],2019-08-17 09:25:37,775878.18432282,0.00000051,0.000000000053115020999999995,7906295,2019-08-17 09:25:37,BTC,2.96798102,0.0,0.00000051,"BTC,LTC",248281.59096771595,0.0,0.61555445,180
1,[],26,[],2019-08-17 09:25:38,0.0,0,0,7906296,2019-08-17 09:25:38,,0.0,0.0,0,,0.0,0.0,0.0,180
,[],7,[],2018-11-20 22:58:01,562227.975654,0.00000085,0.000000000036176765,4862015,2018-11-20 22:58:01,btc,21836.6059674,2491.87645172,,btc,749999.041456,0.00211021,0.127565380455,183
,[],5,[],2019-01-10 08:11:41,0.0,0,0,6347036,2019-01-10 08:11:41,btc,82.15055501,0.00261,,btc,1.19002445,0.0,0.0,187
,[],17,[],2018-11-16 20:58:10,4062536.27273,0.00000001,0.000000000000550501,4708775,2018-11-16 20:58:10,btc,3.36492563466,0.195460381006,,"btc,eth",110697919.549,0.0,0.0157628953496,187
1,[],24,[],2019-05-22 21:04:52,0.0,0.000000000014,0.0000000000000010960978,7670219,2019-05-22 21:04:52,btc,0.0,0.0,0.000000000014,btc,0.0,0.0,0.0,187
0,[],23,[],2019-01-20 23:31:41,0.0,0,0,6477079,2019-01-20 23:31:41,,0.0,0.0,0,,0.0,0.0,0.0,199
0,[],22,[],2019-08-17 09:25:40,0.0,0,0,7906297,2019-08-17 09:25:40,,6.22011878,0.0,0,,40771826.0,0.0,0.0,199
1,[],26,[],2019-08-17 09:25:41,0.0,0,0,7906298,2019-08-17 09:25:41,,0.0,0.0,0,,0.0,0.0,0.0,199
1,[],4,[],2019-01-25 15:51:35,2084389.58565343,0.00000936,0.000000000333526752,6499557,2019-01-25 15:51:35,btc,2.0092503037378524,0.0,0.00000936,btc,160195.80207885,0.19272417,1.242687955921835,211
1,[],7,[],2019-07-01 02:21:28,1170054124.6898527,0.00000018,0.000000000019815389999999997,7782694,2019-07-01 02:21:28,btc,1346735.6331920293,0.0,0.00000018,btc,5516233.71348162,0.0,11.954344045954047,212
1,[],27,[],2019-08-12 16:37:52,320029.088,0.00000001,0.000000000001138437,7891783,2019-08-12 16:37:52,btc,176.0318120012664,0.0,0.00000001,"btc,ltc",485496.05456794,0.0,0.00320029088,216
0,[],22,[],2019-08-17 09:25:46,0.0,0,0,7906299,2019-08-17 09:25:46,,6.8412543,0.0,0,,3272264.174064925,0.0,0.0,216
1,[],22,[],2019-08-17 09:25:49,747977.1923076923,0.00000017,0.000000000017705007,7906300,2019-08-17 09:25:49,BTC,12055.76231131,0.0,0.00000017,BTC,437869.67681702506,0.00166158,0.05014716,217
0,[],22,[],2019-08-17 09:25:52,0.0,0,0,7906301,2019-08-17 09:25:52,,4.14997484,0.0,0,,126244.70709740352,0.0,0.0,221
1,[],24,[],2019-08-17 09:25:52,0.0,0.000000010000,0.000000000001041471,7906302,2019-08-17 09:25:52,btc,0.0,0.0,0.000000010000,btc,0.0,0.0,0.0,221
1,[],26,[],2019-08-17 09:25:52,0.0,0,0,7906303,2019-08-17 09:25:52,,0.0,0.0,0,,0.0,0.0,0.0,231
1,[],26,[],2019-08-17 09:25:53,0.0,0,0,7906304,2019-08-17 09:25:53,,0.0,0.0,0,,0.0,0.0,0.0,234
0.0000000001859265,[],27,[],2019-08-12 16:38:10,100.0,1.859265e-18,2.1166560688050002e-22,7891787,2019-08-12 16:38:10,eth,0.0,0.0,0.00000001,"btc,eth",0.0,0.0,1.8592649999999999e-16,234
1,[],20,[],2019-08-17 09:25:55,93520897.4963,0.000000038,0.0000000000039575898,7906305,2019-08-17 09:25:55,btc,514.8649277021402,14443197.8875,0.000000038,btc,29892037.4069,0.5895000140491,0.4612986234087,237
1,[],22,[],2019-08-17 09:25:59,1839335.0,0.00000001,0.000000000001041471,7906306,2019-08-17 09:25:59,BTC,1.2037398,0.0,0.00000001,"BTC,LTC",41039.44871794872,0.0,0.01839335,237
1,[],5,[],2019-07-06 02:11:21,0.0,0,0,7800842,2019-07-06 02:11:21,btc,0.0,0.10652887,0,btc,0.0,0.0,0.0,237
1,[],4,[],2019-08-17 09:26:00,28387471.38037553,0.00000006,0.0000000000062488259999999994,7906307,2019-08-17 09:26:00,btc,2.2046845985758243,0.0,0.00000006,btc,16070888.82982205,0.01341796,0.5763702816755731,238
1,[],5,[],2019-07-06 02:11:32,0.0,0,0,7800846,2019-07-06 02:11:32,btc,0.0,0.05525444,0,btc,0.0,0.0,0.0,238
0.0000000000713964,[],22,[],2019-08-17 09:26:03,419253.0,7.139640000000001e-19,7.435728010439999e-23,7906308,2019-08-17 09:26:03,LTC,0.40427224,0.0,0.00000001,LTC,496363.0639027493,0.0,0.00419253,249
0,[],22,[],2019-08-17 09:26:07,0.0,0,0,7906309,2019-08-17 09:26:07,,13.4488406,0.0,0,,43819581.3426455,0.0,0.0,252
1,[],28,[],2019-08-17 09:26:10,2988709.973,0.00000008,0.000000000008331768,7906310,2019-08-17 09:26:10,btc,4.776964872811,346310.7989,0.00000008,btc,2699629.826,0.0,0.13688483844,256
0.0000000000916764,[],22,[],2019-07-23 20:12:22,1517.0,9.16764e-19,9.31930943616e-23,7830286,2019-07-23 20:12:22,LTC,31474.63788373,0.0,0.00000001,LTC,1024398.9185893413,0.0,1.517e-05,258
1,[],20,[],2019-08-17 09:26:13,973790.8695,0.00000015,0.000000000015622065,7906311,2019-08-17 09:26:13,btc,0.5333209195914,12978.5375,0.00000015,btc,100236.0538,0.003080254112,0.0058070499088,264
1,[],5,[],2019-07-02 14:44:15,0.0,0,0,7788374,2019-07-02 14:44:15,btc,0.0,0.02775788,0,btc,0.0,0.0,0.0,264
0,[],22,[],2019-08-17 09:26:16,0.0,0,0,7906312,2019-08-17 09:26:16,,33050469.74148113,0.0,0,,14261527780.7,0.0,0.0,272
0.000000000000002573,[],28,[],2019-08-17 09:26:19,52986123967.804,1.8011000000000002e-22,1.8757934181e-26,7906313,2019-08-17 09:26:19,doge,700440230221859.2,64674399186.62,0.00000007,doge,556325687.2311,0.0,7.58966859520029e-12,272
0.0000000000713964,[],22,[],2019-08-17 09:26:23,669.9,7.139640000000001e-17,7.435728010439999e-21,7906314,2019-08-17 09:26:23,LTC,73.46377589,0.0,0.00000100,LTC,1345543.5287135022,0.0,0.0005199,286
