pairValue,buyBook,exchangeId,sellBook,updated,buyTotal,satoshiPrice,usdPrice,exchangeLogId,created,bestPair,sellTotalBtc,volume,pairPrice,activePairs,sellTotal,volumeBtc,buyTotalBtc,coinId
1,[],3,[],2019-06-25 02:49:36,32165.73182314332,0.010697550000000000114397380457376129925251007080078125,0.000001198592013180000100163044944,7761167,2019-06-25 02:49:36,btc,11.076402859733022,58.1554232651,0.010697550000000000114397380457376129925251007080078125,btc,21.493255010573,0.0,0.381025323072405,1
1,[],4,[],2019-06-25 02:49:37,353579.74800949,0.01055761,0.000001182912631796000086202939789,7761168,2019-06-25 02:49:37,btc,9.087932690990458,0.0,0.01055761,btc,422.89570666,3.81900229,0.8665472496305383,1
1,[],5,[],2019-06-25 02:49:40,0.0,0,0,7761169,2019-06-25 02:49:40,btc,0.0,0.25171047,0,btc,0.0,0.0,0.0,1
1,[],10,[],2019-06-25 02:49:42,308420.03733386,0.00327106,0.00000036650133821600006,7761170,2019-06-25 02:49:42,btc,6522.189168582258,2174.87008339,0.00327106,btc,1432.05303538,0.0,1.5412434300768638,1
1,[],12,[],2019-06-25 02:49:45,91.74441027,0.0104600000000000005473399511402021744288504123687744140625,0.000001171976056000000146731892188,7761171,2019-06-25 02:49:45,btc,0.2996925352253,0.0,0.0104600000000000005473399511402021744288504123687744140625,btc,25.65661895,2.299409748549,0.1911901837537,1
1,[],20,[],2019-06-25 02:49:47,919.133,0.010300021,0.000001154051432915600084099724284,7761172,2019-06-25 02:49:47,btc,0.1526751164061,0.75,0.010300021,btc,11.2683,0.0090078736981,0.1361756757561,1
1,[],21,[],2019-06-25 02:49:48,1882.84601819,0.01051000000000000024480417693,0.000001177578236000000113242945174,7761173,2019-06-25 02:49:48,btc,24.399221019789323,2494.9485793599997,0.01051000000000000024480417692984701716341078281402587890625,"btc,eth",2614.45073415,22.864168417555653,14.600917669075537,1
1,[],22,[],2019-06-25 02:49:52,0.0199,0.00110000,0.00000012324796,7761174,2019-06-25 02:49:52,BTC,0.01666796,0.0,0.00110000,BTC,0.25318100557485945,0.0,2.189e-05,1
1,[],24,[],2019-06-25 02:49:53,0.0,0.000000000000,0,7761175,2019-06-25 02:49:53,btc,0.0,0.0,0.000000000000,btc,0.0,0.0,0.0,1
0.0,[],25,[],2019-06-25 02:49:54,0.0,0,0,7761176,2019-06-25 02:49:54,btc,47.48449999867395,7769.96681446,0.0,btc,4388.23801808,84.0001,0.0,1
1,[],26,[],2019-06-25 02:49:56,0.0,0,0,7761177,2019-06-25 02:49:56,,0.0,0.0,0,,0.0,0.0,0.0,1
0,[],28,[],2019-06-25 02:49:57,0.0,0,0,7761178,2019-06-25 02:49:57,,0.0,0.0,0,,0.0,0.0,0.0,1
0,[],2,[],2019-01-20 23:28:45,0.0,0,0,6477011,2019-01-20 23:28:45,,0.0,0.0,0,,0.0,0.0,0.0,1
1,[],5,[],2019-06-17 14:29:02,0.0,0,0,7740076,2019-06-17 14:29:02,btc,0.0,2.72e-05,0,btc,0.0,0.0,0.0,2
1,[],22,[],2019-06-17 14:29:06,11550.3,0.0000002,0.0000000000185828,7740077,2019-06-17 14:29:06,BTC,21.00897301,0.0,0.0000002,"BTC,XMR",20678.87287795317,1.754e-05,0.00143681,2
1,[],5,[],2019-06-03 14:48:58,0.0,0,0,7731126,2019-06-03 14:48:58,btc,0.0,0.05905545,0,btc,0.0,0.0,0.0,3
1,[],12,[],2019-06-03 14:48:59,3468623.70302,0.000000116,0.000000000009823402000000002,7731127,2019-06-03 14:48:59,btc,169531.0336573751,0.0,0.000000116,btc,2361209.62379607,0.041350953071,0.33764769154428,3
0,[],28,[],2019-06-03 14:49:00,0.0,0,0,7731128,2019-06-03 14:49:00,,0.0,0.0,0,,0.0,0.0,0.0,3
0,[],2,[],2019-01-20 23:31:32,0.0,0,0,6477077,2019-01-20 23:31:32,,0.0,0.0,0,,0.0,0.0,0.0,4
1,[],4,[],2019-05-18 21:29:50,562734.9206932,0.00000010,0.000000000007298720000000001,7650946,2019-05-18 21:29:50,btc,41.9347137769675,0.0,0.00000010,btc,1123702.32192634,0.00052462,0.029254593370966,4
0,[],12,[],2019-06-02 05:03:43,0.0,0,0,7724919,2019-06-02 05:03:43,btc,625.901992874995,0.0,0,btc,1211362.4995005,0.0,0.0,5
1,[],11,[],2019-06-25 02:49:59,5614839.276736,0.00000002,0.0000000000022408720000000003,7761179,2019-06-25 02:49:59,btc,9583.590213561649,1938000.0,0.00000002,btc,75296651.28160685,0.0,0.07043955276736,6
0,[],2,[],2019-01-20 23:31:51,0.0,0,0,6477087,2019-01-20 23:31:51,,0.0,0.0,0,,0.0,0.0,0.0,6
1,[],3,[],2019-06-25 02:50:00,12621.139000963076,0.00008500000000000000610622663543836097232997417449951171875,0.000000009523706000000002,7761180,2019-06-25 02:50:00,btc,2027.8873414858597,517.254334368,0.00008500000000000000610622663543836097232997417449951171875,btc,417.230398928042,0.0,0.02341589108329277,7
1,[],4,[],2019-06-25 02:50:01,301252.60026341,0.00006903,0.000000007734369708,7761181,2019-06-25 02:50:01,btc,7.216344063067153,0.0,0.00006903,btc,56381.78905243,2.05164854,1.6898307071043395,7
1,[],5,[],2019-06-25 02:50:02,0.0,0,0,7761182,2019-06-25 02:50:02,btc,0.0,0.07998329,0,btc,0.0,0.0,0.0,7
1,[],20,[],2019-04-07 22:06:50,3201475.0482,0.000000001,0.000000000000051590000000000004,7213932,2019-04-07 22:06:50,btc,30.8005781811902,0.0,0.000000001,btc,23077405.3926,0.0,0.0032014750482,8
1,[],4,[],2019-06-25 02:50:04,1452262.66372468,0.00000051,0.00000000005714223600000001,7761183,2019-06-25 02:50:04,btc,2.923605232551469,0.0,0.00000051,btc,2889422.11146959,0.38756708,0.3440457452480176,9
0,[],28,[],2019-06-25 02:50:06,0.0,0,0,7761184,2019-06-25 02:50:06,,0.0,0.0,0,,0.0,0.0,0.0,9
0,[],2,[],2019-01-20 23:22:42,0.0,0,0,6476876,2019-01-20 23:22:42,,0.0,0.0,0,,0.0,0.0,0.0,9
0,[],23,[],2019-01-20 23:22:48,0.0,0,0,6476878,2019-01-20 23:22:48,,0.0,0.0,0,,0.0,0.0,0.0,9
1,[],1,[],2019-02-17 23:31:42,1822507.21,0.00000181000000000000003456111265232042484285557293333113193511962890625,0.000000000066086901,6701244,2019-02-17 23:31:42,btc,3.6990969245,17153386.5,0.00000181000000000000003456111265232042484285557293333113193511962890625,btc,1997391.71,31.11772986,3.2610482446,9
1,[],4,[],2019-02-17 11:22:43,4341674.27126056,0.00000002,0.0000000000007272960000000001,6696112,2019-02-17 11:22:43,btc,0.1997230937751353,0.0,0.00000002,btc,4109766.79808031,0.00215132,0.0479381022052112,10
1,[],4,[],2019-06-25 02:50:06,39075805.41538911,0.00000028,0.000000000031372208000000005,7761185,2019-06-25 02:50:06,btc,6.892175857072773,0.0,0.00000028,btc,8672347.41288141,1.27309646,1.5999041154338387,12
1,[],5,[],2019-06-25 02:50:08,0.0,0,0,7761186,2019-06-25 02:50:08,btc,0.0,0.00869723,0,btc,0.0,0.0,0.0,12
0.0,[],25,[],2019-06-25 02:50:09,0.0,0,0,7761187,2019-06-25 02:50:09,,0.0,0.0,0.0,btc,0.0,0.0,0.0,12
0,[],2,[],2019-01-20 23:23:08,0.0,0,0,6476890,2019-01-20 23:23:08,,0.0,0.0,0,,0.0,0.0,0.0,12
1,[],4,[],2019-06-25 02:50:10,565551.43028266,0.00000348,0.000000000389911728,7761188,2019-06-25 02:50:10,btc,2.062864055929398,0.0,0.00000348,btc,336009.90923027,0.46978033,0.3139997616355911,13
1,[],10,[],2019-06-25 02:50:12,573794.50484664,0.00000341,0.00000000038206867600000004,7761189,2019-06-25 02:50:12,btc,666798.2976642757,35408.0867434,0.00000341,btc,874081.60245669,0.0,0.262882283347321,13
1,[],21,[],2019-06-25 02:50:13,5871899.88972874,0.000003419999999999999866414366126,0.000000000383189112,7761190,2019-06-25 02:50:13,btc,2.749819622759893,955749.83151949,0.00000341999999999999986641436612588851318150773295201361179351806640625,btc,638332.31110476,3.38988871,3.423003801398598,13
1,[],4,[],2019-06-25 02:50:14,924559.74934538,0.00000064,0.00000000007170790400000001,7761191,2019-06-25 02:50:14,btc,9.33953048644602,0.0,0.00000064,btc,1273059.48163007,0.00567526,0.0931309079240177,14
1,[],12,[],2019-06-25 02:50:15,217308.09735495,0.00000056,0.00000000006274441600000001,7761192,2019-06-25 02:50:15,btc,193.4744046779757,0.0,0.00000056,btc,26427.59520206,0.00028946,0.0176779999999607,14
1,[],26,[],2019-06-25 02:52:15,0.0,0.00000050,0.0000000000560218,7761193,2019-06-25 02:52:15,btc,0.0,0.0,0.00000050,btc,0.0,0.0,0.0,14
0,[],17,[],2019-05-03 00:53:32,0.0,0,0,7558876,2019-05-03 00:53:32,btc,0.0,0.0,0,btc,0.0,0.0,0.0,14
0,[],4,[],2019-06-25 02:52:16,0.0,0,0,7761194,2019-06-25 02:52:16,,0.0,0.0,0,,0.0,0.0,0.0,15
,[],12,[],2018-12-01 15:15:48,204241.84496,0.00000489,0.000000000202473384,5260204,2018-12-01 15:15:48,btc,49.5475654835,0.0,,btc,35763.2193806,0.0163153972027625,0.0203389899998,15
1,[],4,[],2019-06-25 02:52:17,31812.15265494,0.00000911,0.0000000010207171960000001,7761195,2019-06-25 02:52:17,btc,2.4530597221280646,0.0,0.00000911,btc,16795.88037699,0.02208019,0.0473036107066046,18
1,[],10,[],2019-06-25 02:52:20,398190.3941838,0.00000847,0.000000000949009292,7761196,2019-06-25 02:52:20,btc,14.898554750150456,14093.1741008,0.00000847,btc,11641.80622561,0.0,0.1774543983045481,18
1,[],12,[],2019-06-25 02:52:20,934.04385043,0.000009500000000000000523019128007007338965195231139659881591796875,0.0000000010644142000000001,7761197,2019-06-25 02:52:20,btc,0.5224326158693589,0.0,0.000009500000000000000523019128007007338965195231139659881591796875,btc,1928.46661749,5.225e-07,0.0037267240859529,18
0,[],2,[],2019-01-20 23:23:38,0.0,0,0,6476906,2019-01-20 23:23:38,,0.0,0.0,0,,0.0,0.0,0.0,18
0,[],17,[],2019-05-03 00:53:39,0.0,0,0,7558882,2019-05-03 00:53:39,btc,0.0,0.0,0,btc,0.0,0.0,0.0,18
1,[],3,[],2019-06-25 02:54:21,152015.8915574449,0.0000088599999999999998743539786349998621517443098127841949462890625,0.000000000992706296,7761198,2019-06-25 02:54:21,btc,193.14342223687555,13854.7859271,0.0000088599999999999998743539786349998621517443098127841949462890625,btc,18823.981108187105,0.0,0.0527768320886456,19
1,[],4,[],2019-06-25 02:54:22,338382.33156387,0.00000920,0.00000000103080112,7761199,2019-06-25 02:54:22,btc,5.605718521003028,0.0,0.00000920,btc,252883.11732686,0.28338781,1.4607347655745297,19
1,[],5,[],2019-06-25 02:54:23,0.0,0,0,7761200,2019-06-25 02:54:23,btc,0.0,0.00299436,0,btc,0.0,0.0,0.0,19
1,[],12,[],2019-06-25 02:54:24,109038.5612218,0.0000070199999999999997035075686990790444497179123573005199432373046875,0.000000000786546072,7761201,2019-06-25 02:54:24,btc,1.2066524982995899,0.0,0.0000070199999999999997035075686990790444497179123573005199432373046875,btc,2973.67008334,0.0,0.0199474313763185,19
0,[],27,[],2019-06-25 02:54:29,0.0,0,0,7761202,2019-06-25 02:54:29,,0.0,0.0,0,btc,0.0,0.0,0.0,19
0,[],2,[],2019-01-20 23:24:19,0.0,0,0,6476924,2019-01-20 23:24:19,,0.0,0.0,0,,0.0,0.0,0.0,19
1,[],4,[],2019-06-25 02:54:30,10087097.23656777,0.00000005,0.00000000000560218,7761203,2019-06-25 02:54:30,btc,5.170297171161309,0.0,0.00000005,btc,2243203.91669223,0.0,0.1176747238096551,20
0,[],4,[],2019-06-25 02:54:31,0.0,0,0,7761204,2019-06-25 02:54:31,,11340.23298842239,0.0,0,,83615259.30349497,0.0,0.0,21
0,[],12,[],2019-06-25 02:54:32,0.0,0,0,7761205,2019-06-25 02:54:32,btc,2602.9689298654944,0.0,0,btc,7531299.34765232,3.996e-07,0.0,21
0,[],17,[],2019-05-03 00:53:51,0.0,0,0,7558891,2019-05-03 00:53:51,btc,0.0,0.0,0,btc,0.0,0.0,0.0,21
1,[],12,[],2019-06-25 02:18:48,5942846193.277,0.0000000004,0.00000000000004450072,7761132,2019-06-25 02:18:48,btc,1426624034798.65,0.0,0.0000000004,btc,2614182008.917083,0.064173156189,1.4842201170108003,23
0.00000000028041779999999997,[],27,[],2019-06-25 02:18:53,65740675.0,8.412534e-18,9.359095500612e-22,7761133,2019-06-25 02:18:53,eth,1046.1271035479006,321483.0,0.00000003,eth,7723385.70979221,2.704486667922e-12,2.73237755510382e-10,23
1,[],4,[],2019-06-22 05:45:29,6100414.07522138,0.00000017,0.00000000001823352,7751732,2019-06-22 05:45:29,btc,10.22685272773715,0.0,0.00000017,btc,1790815.48208265,0.0,0.1345450262400025,24
0,[],22,[],2019-06-22 05:45:31,0.0,0,0,7751733,2019-06-22 05:45:31,,6.22e-05,0.0,0,,517.4264705882352,0.0,0.0,24
0.0,[],25,[],2019-06-22 05:45:32,0.0,0,0,7751734,2019-06-22 05:45:32,,0.0,0.0,0.0,btc,0.0,0.0,0.0,24
1,[],4,[],2019-06-25 01:54:35,26919086.56508209,0.00000392,0.00000000043499769599999996,7761012,2019-06-25 01:54:35,btc,6.46196370807263,0.0,0.00000392,btc,211581.07863462,0.07461958,0.3755980820112289,26
1,[],10,[],2019-06-25 01:54:37,162277.00559191,0.0000046,0.0000000005104564799999999,7761013,2019-06-25 01:54:37,btc,25.363869326678056,5905.69946289,0.0000046,btc,20608.92690661,0.0,0.0499681151983831,26
0,[],2,[],2019-01-20 23:25:56,0.0,0,0,6476976,2019-01-20 23:25:56,,0.0,0.0,0,,0.0,0.0,0.0,26
1,[],5,[],2019-04-26 09:47:06,0.0,0,0,7465326,2019-04-26 09:47:06,btc,0.0,0.0,0,btc,0.0,0.0,0.0,27
1,[],3,[],2019-06-17 14:30:26,13571825.64059417,0.00000001,0.00000000000092914,7740112,2019-06-17 14:30:26,btc,3.485049956644059,4264730.43754,0.00000001,btc,23500048.28518193,0.0,0.1357182564059417,27
1,[],11,[],2019-06-17 14:30:28,2031833.58157834,0.00000001,0.00000000000092914,7740113,2019-06-17 14:30:28,btc,67502.92060589766,32677.9652116,0.00000001,btc,6487362.95640949,0.0,0.0203183358157834,27
1,[],4,[],2019-06-25 02:18:53,885688316.545132,0.00000001,0.000000000001112518,7761134,2019-06-25 02:18:53,btc,5.928263811008371,0.0,0.00000001,"btc,ltc",411418445.3946474,0.07025496,5.312283908033451,29
1,[],7,[],2019-06-25 02:18:55,88235545.39145988,0.00000001,0.000000000001112518,7761135,2019-06-25 02:18:55,btc,46548272.19330677,0.0,0.00000001,btc,36539993.21302779,0.0,0.8823554539145988,29
0,[],17,[],2019-05-03 01:11:25,0.0,0,0,7559066,2019-05-03 01:11:25,btc,0.0,0.0,0,btc,0.0,0.0,0.0,30
1,[],4,[],2019-06-25 02:18:56,15492325.97378427,0.00000005,0.0000000000055625900000000004,7761136,2019-06-25 02:18:56,btc,2.5882812799918344,0.0,0.00000005,btc,2237643.51667946,0.0,0.1716198680678411,30
1,[],4,[],2019-06-25 02:20:57,228208.21259717,0.00003201,0.0000000035611701180000003,7761137,2019-06-25 02:20:57,btc,3.4813090550888575,0.0,0.00003201,btc,55898.32333747,0.59036265,0.3379465244576719,31
1,[],21,[],2019-06-25 02:20:57,711182.58040818,0.00002968999999999999864588352827,0.000000003303065942,7761138,2019-06-25 02:20:57,btc,3.684840147045946,430589.11384545,0.00002968999999999999864588352826988426613752380944788455963134765625,btc,105039.14521973999,13.63848665,3.8501101079612923,31
0,[],2,[],2019-01-20 23:28:43,0.0,0,0,6477009,2019-01-20 23:28:43,,0.0,0.0,0,,0.0,0.0,0.0,32
0,[],4,[],2019-06-25 01:56:44,0.0,0,0,7761019,2019-06-25 01:56:44,,0.0,0.0,0,,0.0,0.0,0.0,33
1,[],12,[],2019-03-30 07:55:10,40641173.964,0.00000003,0.000000000001228359,7108785,2019-03-30 07:55:10,btc,4233210.82356125,0.0,0.00000003,btc,28378394.68333462,0.0126927883965248,0.90752895892,33
0.0000000001229864,[],4,[],2019-06-25 02:20:58,149946754.9155921,6.3952928e-17,7.1148783552704e-21,7761139,2019-06-25 02:20:58,ltc,4.300296906075928,0.0,0.00000052,ltc,164828544.61204556,0.0,8.353475090912799e-10,34
1,[],5,[],2019-06-25 02:20:59,0.0,0,0,7761140,2019-06-25 02:20:59,btc,0.0,0.0,0,btc,0.0,0.0,0.0,34
0.0000000002926451,[],17,[],2019-05-02 18:17:47,200000.0,2.9264510000000002e-18,1.596703856561e-22,7556430,2019-05-02 18:17:47,eth,0.20942468735267253,0.0,0.00000001,"btc,eth",1018272.20243647,0.0,5.852902e-13,36
0.0000000001311821,[],4,[],2019-05-31 13:28:19,2417517744.0607657,1.311821e-18,1.105058333085e-22,7717483,2019-05-31 13:28:19,ltc,5.019900492391546e-08,0.0,0.00000001,ltc,7102398142.262129,0.0,3.171350544531538e-09,36
1,[],5,[],2019-05-31 13:28:21,0.0,0,0,7717484,2019-05-31 13:28:21,btc,0.0,0.0,0,btc,0.0,0.0,0.0,36
0.0000000003108179,[],27,[],2019-05-31 13:30:34,10388811.226876,6.216358000000001e-18,5.236566733830001e-22,7717485,2019-05-31 13:30:34,eth,1569.8708019850988,761866.634299,0.00000002,"ltc,eth",5084024.2511555,4.736034912207001e-12,3.3251980286483705e-11,36
1,[],17,[],2019-05-03 01:11:36,211752.74075282,0.00000025,0.000000000013700074999999998,7559074,2019-05-03 01:11:36,btc,0.055484923955058496,0.0,0.00000025,"btc,eth",1387.19918473,0.0,0.0005381851887916605,37
1,[],4,[],2019-06-25 02:21:01,10754959.07931615,0.00000014,0.000000000015575252000000002,7761141,2019-06-25 02:21:01,btc,19773.05448572964,0.0,0.00000014,btc,682946.14349671,0.00033075,0.1368336699028938,37
1,[],12,[],2019-06-25 02:21:02,4182881.54235103,0.00000013,0.000000000014462734,7761142,2019-06-25 02:21:02,btc,7.380279317003002,0.0,0.00000013,btc,1707696.53027803,0.017706441238,0.1497634847956336,37
1,[],27,[],2019-06-25 02:23:08,10970.0,0.00000019,0.000000000021137842000000002,7761143,2019-06-25 02:23:08,btc,22.62970013895233,0.0,0.00000019,btc,4298.824295,0.0,0.00167419,37
1,[],5,[],2019-06-25 02:23:10,0.0,0,0,7761144,2019-06-25 02:23:10,btc,0.0,0.23563439,0,btc,0.0,0.0,0.0,42
1,[],12,[],2019-06-25 02:23:11,2090020.80679469,0.0000019499999999999999646983772638719756287173368036746978759765625,0.00000000021694101,7761145,2019-06-25 02:23:11,btc,525.8816569707967,0.0,0.0000019499999999999999646983772638719756287173368036746978759765625,btc,135018.11435675,0.111321878269,0.0618624499999338,42
1,[],27,[],2019-06-25 02:23:16,889.0,0.00000140,0.00000000015575252,7761146,2019-06-25 02:23:16,btc,0.07600425,0.0,0.00000140,"btc,eth",18.0,0.0,0.000542200000294607,42
1,[],12,[],2019-03-13 09:13:29,1112112.0,0.00000001,0.000000000000386531,6919902,2019-03-13 09:13:29,btc,29058.00478931866,0.0,0.00000001,btc,5967681.93306694,9.99000999e-07,0.01112112,43
1,[],5,[],2019-04-26 22:38:52,0.0,0,0,7474154,2019-04-26 22:38:52,btc,0.0,0.02638891,0,btc,0.0,0.0,0.0,43
0,[],17,[],2019-04-26 22:38:53,0.0,0,0,7474155,2019-04-26 22:38:53,btc,0.0,0.0,0,btc,0.0,0.0,0.0,43
1,[],12,[],2019-03-05 01:54:08,639326.02,0.00000004,0.000000000001486676,6845775,2019-03-05 01:54:08,btc,11116042.728239931,0.0,0.00000004,btc,1103841.4595604,0.0003330765234764,0.014975410599999999,44
0.0000000001229864,[],4,[],2019-06-25 02:23:18,106678477.19824575,4.9194559999999997e-17,5.472983350208e-21,7761147,2019-06-25 02:23:18,ltc,1601.8832038039923,0.0,0.0000004,ltc,25950276.57580088,0.00075699,5.872118884802314e-10,49
0.0000000001229864,[],4,[],2019-06-25 02:23:19,319018354.31463796,2.3367416e-17,2.5996670913488002e-21,7761148,2019-06-25 02:23:19,ltc,28149.84578097141,0.0,0.00000019,ltc,199880455.88732094,0.0,2.384304426252363e-09,52
0,[],22,[],2019-06-25 01:59:06,0.0,0,0,7761030,2019-06-25 01:59:06,,10289.80784133,0.0,0,,287058287.4566013,0.0,0.0,57
0,[],27,[],2019-06-25 01:59:11,0.0,0,0,7761031,2019-06-25 01:59:11,,0.0,0.0,0,"btc,eth",0.0,0.0,0.0,57
1,[],17,[],2019-05-03 01:12:09,1200000.0,0.0000000001,0.00000000000000548003,7559085,2019-05-03 01:12:09,btc,1e+24,0.0,0.0000000001,"btc,eth",39516342.31952568,0.0,0.00010000000058666061,58
0,[],4,[],2019-06-25 02:23:20,0.0,0,0,7761149,2019-06-25 02:23:20,,19.719367626091298,0.0,0,,5725492936.402391,0.0,0.0,58
1,[],12,[],2019-06-25 02:23:22,451806192.0999,0.0000000001,0.00000000000001112518,7761150,2019-06-25 02:23:22,btc,50342258.61996539,0.0,0.0000000001,btc,2998828350.720237,0.011350403652,0.04518061920999,58
0.0000000001054362,[],22,[],2019-06-25 02:25:25,126877.0,1.054362e-18,1.172996703516e-22,7761151,2019-06-25 02:25:25,XMR,68.17454206,0.0,0.00000001,XMR,9626402.6,0.0,0.00126877,58
1,[],5,[],2019-06-17 14:31:27,0.0,0,0,7740135,2019-06-17 14:31:27,btc,0.0,0.00079154,0,btc,0.0,0.0,0.0,61
1,[],22,[],2019-06-17 14:31:30,13612.833333333334,0.00000012,0.00000000001114968,7740136,2019-06-17 14:31:30,BTC,1002.29123003,0.0,0.00000012,BTC,15014.200177125656,0.0,0.00153257,61
1,[],26,[],2019-06-17 14:31:30,0.0,0.00000050,0.000000000046457,7740137,2019-06-17 14:31:30,btc,0.0,0.0,0.00000050,btc,0.0,0.0,0.0,61
1,[],27,[],2019-06-17 14:31:36,8400.0,0.00000018,0.00000000001672452,7740138,2019-06-17 14:31:36,btc,1.9742539297246655,0.0,0.00000018,"btc,eth",10953.51663696,0.0,0.001512,61
0,[],28,[],2019-06-17 14:31:38,0.0,0,0,7740139,2019-06-17 14:31:38,,0.0,0.0,0,,0.0,0.0,0.0,61
1,[],4,[],2019-06-25 02:25:26,560411.92086282,0.00000073,0.000000000081213814,7761152,2019-06-25 02:25:26,btc,3.5251103980029823,0.0,0.00000073,btc,1300534.13126882,0.06071442,0.3093921962801765,67
0.0,[],25,[],2019-06-25 02:25:28,0.0,0,0,7761153,2019-06-25 02:25:28,,0.0,0.0,0.0,btc,0.0,0.0,0.0,67
1,[],12,[],2019-06-02 06:23:14,910048.355,0.00000006,0.000000000005154929999999999,7725270,2019-06-02 06:23:14,btc,5.167005424215783,0.0,0.00000006,btc,738530.60239759,0.003159757462,0.0187188113,71
,[],5,[],2018-11-20 23:02:39,1.5e-07,0.00000005,0.000000000002128045,4862160,2018-11-20 23:02:39,btc,2.84511358,0.0,,btc,0.00036572,0.0,0.07381892,74
1,[],5,[],2019-06-25 02:25:30,0.0,0,0,7761154,2019-06-25 02:25:30,btc,0.0,0.00499207,0,btc,0.0,0.0,0.0,75
1,[],4,[],2019-06-04 03:25:15,715281.46076168,0.00000001,0.000000000000803619,7734085,2019-06-04 03:25:15,btc,581089.6218469425,0.0,0.00000001,btc,37692563.61091116,0.0,0.0071528146076168,81
0,[],20,[],2019-01-25 09:30:31,0.0,0,0,6495923,2019-01-25 09:30:31,btc,0.0,0.0,0,btc,0.0,0.0,0.0,81
1,[],4,[],2019-06-25 02:25:31,192367.26435035,0.00009815,0.00000001091936417,7761155,2019-06-25 02:25:31,btc,57.01303896490703,0.0,0.00009815,btc,111153.37170603,0.91853245,0.5297630458584547,82
1,[],21,[],2019-06-25 02:25:32,57729.38725389,0.0001010099999999999968161232267,0.000000011237544318,7761156,2019-06-25 02:25:32,btc,6.352512584457478,13733.26454732,0.000101009999999999996816123226661687795058242045342922210693359375,btc,50369.79085919,1.30774814,4.2491122778607435,82
0,[],17,[],2019-03-25 22:42:34,0.0,0,0,7038780,2019-03-25 22:42:34,btc,0.0445064681804024,0.0,0,btc,995513.18476001,0.0,0.0,84
0.0000000001161485,[],4,[],2019-05-20 13:09:39,216715621.0206096,1.161485e-18,9.0533806701e-23,7657228,2019-05-20 13:09:39,ltc,1.6511566870244727,0.0,0.00000001,ltc,471032407.9048656,0.0,2.5171194308112273e-10,85
,[],22,[],2018-11-20 23:09:34,3408.1,0.0000001,0.0000000000041895,4862324,2018-11-20 23:09:34,BTC,0.04624735,0.0,,BTC,4990.0,0.0,0.00033081,86
1,[],22,[],2019-06-25 02:25:35,68694.0,0.00000005,0.0000000000055625900000000004,7761157,2019-06-25 02:25:35,BTC,1.84070553,0.0,0.00000005,BTC,241024.94736842104,0.0003,0.00092846,87
1,[],27,[],2019-06-25 02:25:41,269536.0,0.00000003,0.0000000000033375540000000003,7761158,2019-06-25 02:25:41,btc,2.02257544326,0.0,0.00000003,btc,559681.402,0.0,0.00708608,87
,[],2,[],2018-11-20 23:10:47,0.0,0,0,4862359,2018-11-20 23:10:47,,0.0,0.0,,,0.0,0.0,0.0,88
1,[],11,[],2019-06-17 14:31:59,193715.3529613,0.000073310000000000001140094962881477158589405007660388946533203125,0.00000000681152534,7740147,2019-06-17 14:31:59,btc,168.35454702024953,5791.70569014,0.000073310000000000001140094962881477158589405007660388946533203125,btc,196971.41170107,0.0,1.1996165759440112,89
0,[],2,[],2019-01-20 23:31:45,0.0,0,0,6477083,2019-01-20 23:31:45,,0.0,0.0,0,,0.0,0.0,0.0,91
1,[],12,[],2019-06-18 02:35:48,427715.74,0.00000015,0.000000000013911045000000001,7746087,2019-06-18 02:35:48,btc,116.61022144471085,0.0,0.00000015,btc,193315.55943968,0.000180759303,0.0129558314,91
1,[],22,[],2019-06-20 20:27:07,75910.0,0.00000002,0.000000000001914908,7746207,2019-06-20 20:27:07,BTC,0.49565371,0.0,0.00000002,"BTC,LTC",6.384990670617935,0.0,0.0016592,91
0,[],17,[],2019-05-03 01:12:26,0.0,0,0,7559096,2019-05-03 01:12:26,btc,0.0,0.0,0,btc,0.0,0.0,0.0,91
1,[],22,[],2019-06-25 02:25:44,105655.66666666667,0.00000003,0.0000000000033375540000000003,7761159,2019-06-25 02:25:44,BTC,11.44342361,0.0,0.00000003,"BTC,LTC",308835.4683191416,0.0,0.06677967,95
0.0000000001229864,[],4,[],2019-06-25 02:25:45,539162664.9365745,2.7057008e-17,3.0101408426144e-21,7761160,2019-06-25 02:25:45,ltc,10.95045078562898,0.0,0.00000022,ltc,156961828.70661703,0.0,8.620252416716678e-10,96
0,[],12,[],2019-06-25 02:25:47,0.0,0,0,7761161,2019-06-25 02:25:47,btc,36.49987924884116,0.0,0,btc,9852353.88411588,0.0,0.0,96
0,[],17,[],2019-05-03 01:12:32,0.0,0,0,7559100,2019-05-03 01:12:32,btc,0.0,0.0,0,btc,0.0,0.0,0.0,96
1,[],4,[],2019-04-14 03:32:46,1039404.33283278,0.00000038,0.000000000019245518,7293458,2019-04-14 03:32:46,btc,4.170086055365747,0.0,0.00000038,btc,3097704.34561074,0.06260606,0.1859928211030784,99
1,[],4,[],2019-06-25 02:27:47,261421.78685956,0.00001008,0.000000001121418144,7761162,2019-06-25 02:27:47,btc,7.1549605443668,0.0,0.00001008,btc,167368.994079,0.17177885,0.1883209152676956,100
0,[],2,[],2019-01-20 23:23:55,0.0,0,0,6476914,2019-01-20 23:23:55,,0.0,0.0,0,,0.0,0.0,0.0,100
1,[],22,[],2019-06-05 06:30:35,150000.0,0.00000002,0.000000000001558192,7740007,2019-06-05 06:30:35,BTC,28.56386409,0.0,0.00000002,BTC,12787.719,0.0,0.0017,101
1,[],4,[],2019-06-25 02:27:48,546665.16611242,0.00000156,0.000000000173552808,7761163,2019-06-25 02:27:48,btc,882.5838402462801,0.0,0.00000156,btc,738370.92325145,0.00914705,0.0974471147450508,103
1,[],12,[],2019-06-17 14:32:14,179201505.10870332,0.000000005,0.00000000000046457,7740154,2019-06-17 14:32:14,btc,113577.79366343976,0.0,0.000000005,btc,79148141.67831126,0.019059029059,0.27280986350611003,105
1,[],27,[],2019-06-17 14:32:19,18306828.03496503,0.00000002,0.00000000000185828,7740155,2019-06-17 14:32:19,btc,180.7198218385489,1083.96503497,0.00000002,btc,276513.60142659,7.588e-05,0.3661365606993006,105
1,[],22,[],2019-04-21 00:17:26,21333.0,0.00000001,0.000000000000532493,7385819,2019-04-21 00:17:26,BTC,51.38182867,0.0,0.00000001,BTC,470435.0,0.0,0.00021333,107
1,[],26,[],2019-04-21 00:17:26,0.0,0.00000000,0,7385820,2019-04-21 00:17:26,btc,0.0,0.0,0.00000000,btc,0.0,0.0,0.0,107
1,[],5,[],2019-06-25 02:27:51,0.0,0,0,7761164,2019-06-25 02:27:51,btc,0.0,0.0,0,btc,0.0,0.0,0.0,112
0,[],22,[],2019-06-25 02:27:54,0.0,0,0,7761165,2019-06-25 02:27:54,,6.79500102,0.0,0,,3375892.0833333335,0.0,0.0,112
1,[],27,[],2019-06-25 02:28:00,1.0,0.00000001,0.000000000001112518,7761166,2019-06-25 02:28:00,btc,1.14885,0.0,0.00000001,"btc,eth",39.0,0.0,1e-08,112
1,[],4,[],2019-06-25 02:03:53,1017416.20010419,0.00000061,0.00000000006769096799999999,7761050,2019-06-25 02:03:53,btc,4.640786443526703,0.0,0.00000061,btc,733163.09659372,0.02102241,0.2073368714439731,113
1,[],5,[],2019-06-25 02:03:54,0.0,0,0,7761051,2019-06-25 02:03:54,btc,0.0,0.0002604,0,btc,0.0,0.0,0.0,113
1,[],17,[],2019-04-26 02:17:47,162738.278,0.00000004,0.0000000000021069000000000002,7461287,2019-04-26 02:17:47,btc,1.3331140273775473,0.0,0.00000004,btc,51796.221,0.0,0.00230953112,116
1,[],27,[],2019-05-22 05:13:01,210000.0,0.00000001,0.00000000000079145,7666372,2019-05-22 05:13:01,btc,3919.0005001478,0.0,0.00000001,btc,128660.871,0.0,0.0021,116
1,[],4,[],2019-05-21 22:31:11,138169.03963019,0.00000701,0.000000000558364025,7664793,2019-05-21 22:31:11,btc,150.95388250938234,0.0,0.00000701,btc,344631.17141974,0.07552974,0.4288357684941946,120
1,[],7,[],2019-05-21 22:31:12,3901.07750076,0.000010679999999999999389654892212320191902108490467071533203125,0.0000000008506887,7664794,2019-05-21 22:31:12,btc,231188.94669936574,0.0,0.000010679999999999999389654892212320191902108490467071533203125,btc,4133.83151364,0.0,0.0113888422364489,120
1,[],20,[],2019-04-07 18:42:29,1914137.0852,0.000000035,0.0000000000017871910000000002,7211992,2019-04-07 18:42:29,btc,32.2497668025648,25528.85,0.000000035,btc,1001975.4986,0.00089350975,0.0152723574729,125
1,[],22,[],2019-06-17 14:32:38,10000.0,0.00000001,0.00000000000092914,7740161,2019-06-17 14:32:38,BTC,0.032061,0.0,0.00000001,BTC,299316.7611111111,0.0,0.0001,126
1,[],4,[],2019-06-25 02:03:55,949358.83361827,0.00000320,0.00000000035510016,7761052,2019-06-25 02:03:55,btc,2.400860100388401,0.0,0.00000320,btc,179213.02884297,0.10747997,0.6364848270100161,131
0,[],2,[],2019-01-20 23:25:46,0.0,0,0,6476969,2019-01-20 23:25:46,,0.0,0.0,0,,0.0,0.0,0.0,131
1,[],17,[],2019-05-03 01:13:10,10000.0,0.00000001,0.000000000000548003,7559115,2019-05-03 01:13:10,btc,0.0953976503951408,0.0,0.00000001,btc,5037.62507334,0.0,0.0001,131
1,[],4,[],2019-06-17 14:32:42,4848.49465417,0.00007919,0.00000000735785966,7740163,2019-06-17 14:32:42,btc,0.9905723729472744,0.0,0.00007919,btc,202.13055914,0.0,0.0061509344290166,135
1,[],3,[],2019-06-05 06:33:11,40600.27748212,0.00000001,0.000000000000779096,7740019,2019-06-05 06:33:11,btc,0.2308097808993716,2146378.52189,0.00000001,btc,2477992.76904676,0.0,0.0004060027748212,136
1,[],4,[],2019-06-25 02:05:56,710836.72421251,0.00000170,0.00000000018864696,7761053,2019-06-25 02:05:56,btc,113.11472566986755,0.0,0.00000170,btc,534060.11866286,0.05394621,0.3573442951110999,137
1,[],12,[],2019-06-25 02:05:57,67808.9880667,0.000001610000000000000043611490287143173105732785188592970371246337890625,0.000000000178659768,7761054,2019-06-25 02:05:57,btc,80.24159622769574,0.0,0.000001610000000000000043611490287143173105732785188592970371246337890625,btc,83175.92097078,3.2e-06,0.0166546999999573,137
1,[],4,[],2019-06-25 02:05:58,626876.99339634,0.00001169,0.000000001297225272,7761055,2019-06-25 02:05:58,btc,5.740206221336037,0.0,0.00001169,btc,180019.83248792,0.15849557,0.5616463101727859,142
1,[],5,[],2019-06-25 02:05:59,0.0,0,0,7761056,2019-06-25 02:05:59,btc,0.0,0.00129023,0,btc,0.0,0.0,0.0,142
1,[],20,[],2019-06-25 02:08:01,265298.5016,0.00001091,0.000000001210669608,7761057,2019-06-25 02:08:01,btc,1.6108701877377,0.0,0.00001091,btc,10067.362,0.0,0.0075721805914,142
1,[],22,[],2019-06-25 02:08:05,10620.0,0.00000200,0.0000000002219376,7761058,2019-06-25 02:08:05,BTC,2.99759384,0.0,0.00000200,BTC,835.7198755539798,0.0,0.0041672,142
0.0,[],25,[],2019-06-25 02:08:07,0.0,0,0,7761059,2019-06-25 02:08:07,,0.0,0.0,0.0,btc,0.0,0.0,0.0,142
0,[],28,[],2019-06-25 02:08:08,0.0,0,0,7761060,2019-06-25 02:08:08,,0.0,0.0,0,,0.0,0.0,0.0,142
1,[],17,[],2019-05-03 01:13:16,32967.38636364,0.00000088,0.000000000048224264,7559122,2019-05-03 01:13:16,btc,20.06976206696776,0.0,0.00000088,btc,2746.079105,0.0,0.0105613000000032,142
0,[],22,[],2019-06-25 02:08:12,0.0,0,0,7761061,2019-06-25 02:08:12,,1635.98618676,0.0,0,,788450755.3,0.0,0.0,143
0,[],22,[],2019-02-25 15:42:22,0.0,0,0,6783783,2019-02-25 15:42:22,,4.2131946,0.0,0,,2322156.0,0.0,0.0,146
,[],22,[],2018-11-20 23:01:11,0.0,0,0,4862114,2018-11-20 23:01:11,,2.56807021,0.0,,,61828.4988236,0.0,0.0,147
1,[],12,[],2019-04-21 06:38:04,193091.5971266,0.00000071,0.000000000037635183,7388679,2019-04-21 06:38:04,btc,2.301232411611175,0.0,0.00000071,btc,9957.48302385,0.00023528,0.0313308199999888,148
1,[],4,[],2019-03-19 21:31:25,255810.0415942,0.00000029,0.000000000011615747,6982695,2019-03-19 21:31:25,btc,218.94922712414143,0.0,0.00000029,btc,793529.37642722,0.00117,0.0608347789473395,152
0,[],22,[],2019-03-19 21:31:27,0.0,0,0,6982696,2019-03-19 21:31:27,,0.0,0.0,0,,0.0,0.0,0.0,152
1,[],5,[],2019-04-26 09:36:59,0.0,0,0,7465040,2019-04-26 09:36:59,btc,0.0,0.0,0,btc,0.0,0.0,0.0,153
,[],16,[],2019-01-11 15:38:59,0.0,0,0,6366141,2019-01-11 15:38:59,btc,0.0,0.0,,btc,0.0,0.0,0.0,155
0,[],23,[],2019-01-20 23:24:29,0.0,0,0,6476932,2019-01-20 23:24:29,,0.0,0.0,0,,0.0,0.0,0.0,156
0,[],22,[],2019-06-04 06:02:09,0.0,0,0,7734688,2019-06-04 06:02:09,,7.43375324,0.0,0,,5955762.942592593,0.0,0.0,156
1,[],22,[],2019-06-25 02:08:18,6996.0,0.00000001,0.000000000001109688,7761062,2019-06-25 02:08:18,BTC,1.7543039,0.0,0.00000001,BTC,57.0,0.0,6.996e-05,157
0,[],22,[],2019-05-21 23:40:32,0.0,0,0,7665049,2019-05-21 23:40:32,,50234.60468402,0.0,0,,54786159.03179465,0.0,0.0,158
,[],17,[],2018-11-20 22:56:10,0.0,0,0,4861976,2018-11-20 22:56:10,btc,1.1265625,0.0,,btc,1000.0,0.0,0.0,159
,[],20,[],2018-11-20 22:56:12,0.0,0,0,4861977,2018-11-20 22:56:12,btc,11912.7940471,0.0,,btc,34413894.3617,0.0,0.0,159
1,[],12,[],2019-05-24 02:51:20,9178.522006449999,0.00000191999999999999982841307998027158276954651228152215480804443359375,0.000000000151222656,7676256,2019-05-24 02:51:20,btc,149.80414728631675,0.0,0.00000191999999999999982841307998027158276954651228152215480804443359375,btc,1115.7451448499999,0.01783167678326,0.0120075778999181,168
1,[],17,[],2019-05-03 01:13:36,42852.0,0.00000002,0.000000000001096006,7559132,2019-05-03 01:13:36,btc,0.04279856251542,0.0,0.00000002,btc,274.46171372,0.0,0.00052852,168
1,[],22,[],2019-05-17 03:01:52,10.0,0.00000001,0.000000000000778341,7642059,2019-05-17 03:01:52,BTC,41.95893009,0.0,0.00000001,BTC,1753972.7737547632,0.0,1e-07,169
1,[],22,[],2019-05-30 08:38:18,202834.0,0.00000002,0.0000000000017416160000000001,7711049,2019-05-30 08:38:18,BTC,27.87002826,0.0,0.00000002,BTC,462189.5410507793,0.0,0.00211768,171
1,[],22,[],2019-05-29 08:05:18,349870.0,0.00000002,0.000000000001705894,7705265,2019-05-29 08:05:18,BTC,24.05907723,0.0,0.00000002,"BTC,LTC",1224285.4355616204,0.0,0.0039847,173
1,[],5,[],2019-06-25 02:08:19,0.0,0,0,7761063,2019-06-25 02:08:19,btc,0.0,0.00042264,0,btc,0.0,0.0,0.0,175
1,[],22,[],2019-06-17 14:33:12,90671.0,0.00000001,0.00000000000092914,7740175,2019-06-17 14:33:12,BTC,394.35459412,0.0,0.00000001,BTC,136275.61833431243,0.0,0.00090671,176
1,[],7,[],2019-06-25 02:08:20,0.0,0,0,7761064,2019-06-25 02:08:20,btc,522525.9315045951,0.0,0,btc,27133622.41786136,0.0,0.0,178
0,[],22,[],2019-06-25 02:08:23,0.0,0,0,7761065,2019-06-25 02:08:23,,1.00242428,0.0,0,,57512.0,0.0,0.0,178
0,[],2,[],2019-01-20 23:28:34,0.0,0,0,6477001,2019-01-20 23:28:34,,0.0,0.0,0,,0.0,0.0,0.0,178
0,[],23,[],2019-01-20 23:25:08,0.0,0,0,6476952,2019-01-20 23:25:08,,0.0,0.0,0,,0.0,0.0,0.0,179
1,[],5,[],2019-06-25 02:08:24,0.0,0,0,7761066,2019-06-25 02:08:24,btc,0.0,0.0,0,btc,0.0,0.0,0.0,179
0,[],22,[],2019-06-25 02:08:27,0.0,0,0,7761067,2019-06-25 02:08:27,,5.31753917,0.0,0,,14450788.311946675,0.0,0.0,179
1,[],22,[],2019-06-25 02:10:31,687607.9613636363,0.00000065,0.00000000007212972,7761068,2019-06-25 02:10:31,BTC,40.60931682,0.0,0.00000065,"BTC,LTC",159992.85419524388,0.00357785,0.57008666,180
1,[],26,[],2019-06-25 02:10:31,0.0,0.00000010,0.00000000001109688,7761069,2019-06-25 02:10:31,btc,0.0,0.0,0.00000010,btc,0.0,0.0,0.0,180
1,[],17,[],2019-05-03 01:13:56,20504.725000000002,0.0000001,0.00000000000548003,7559141,2019-05-03 01:13:56,btc,5.2010695838400265,0.0,0.0000001,btc,5033.45945,0.0,0.0011504725,180
,[],7,[],2018-11-20 22:58:01,562227.975654,0.00000085,0.000000000036176765,4862015,2018-11-20 22:58:01,btc,21836.6059674,2491.87645172,,btc,749999.041456,0.00211021,0.127565380455,183
,[],5,[],2019-01-10 08:11:41,0.0,0,0,6347036,2019-01-10 08:11:41,btc,82.15055501,0.00261,,btc,1.19002445,0.0,0.0,187
,[],17,[],2018-11-16 20:58:10,4062536.27273,0.00000001,0.000000000000550501,4708775,2018-11-16 20:58:10,btc,3.36492563466,0.195460381006,,"btc,eth",110697919.549,0.0,0.0157628953496,187
1,[],24,[],2019-05-22 21:04:52,0.0,0.000000000014,0.0000000000000010960978,7670219,2019-05-22 21:04:52,btc,0.0,0.0,0.000000000014,btc,0.0,0.0,0.0,187
0,[],22,[],2019-04-25 02:54:07,0.0,0,0,7447896,2019-04-25 02:54:07,,7.54794454,0.0,0,,76361.7243344055,0.0,0.0,191
0,[],22,[],2019-06-17 14:33:34,0.0,0,0,7740182,2019-06-17 14:33:34,,0.0,0.0,0,,0.0,0.0,0.0,197
0,[],23,[],2019-01-20 23:31:41,0.0,0,0,6477079,2019-01-20 23:31:41,,0.0,0.0,0,,0.0,0.0,0.0,199
0,[],22,[],2019-06-25 02:10:33,0.0,0,0,7761070,2019-06-25 02:10:33,,10.58263174,0.0,0,,84280969.0,0.0,0.0,199
1,[],26,[],2019-06-25 02:10:34,0.0,0.00000000,0,7761071,2019-06-25 02:10:34,btc,0.0,0.0,0.00000000,btc,0.0,0.0,0.0,199
0,[],2,[],2019-01-20 23:30:49,0.0,0,0,6477059,2019-01-20 23:30:49,,0.0,0.0,0,,0.0,0.0,0.0,201
1,[],4,[],2019-01-25 15:51:35,2084389.58565343,0.00000936,0.000000000333526752,6499557,2019-01-25 15:51:35,btc,2.0092503037378524,0.0,0.00000936,btc,160195.80207885,0.19272417,1.242687955921835,211
1,[],7,[],2019-06-25 02:10:36,1170054124.6898527,0.00000018,0.000000000019974383999999997,7761072,2019-06-25 02:10:36,btc,1346838.6258339162,0.0,0.00000018,btc,5739479.26464841,0.0,11.954344045954047,212
1,[],12,[],2019-01-25 02:44:32,207462.42853209,0.000001080000000000000035831255497387193287295303889550268650054931640625,0.000000000038610756000000006,6493050,2019-01-25 02:44:32,btc,85023.03793723314,0.0,0.000001080000000000000035831255497387193287295303889550268650054931640625,btc,43675.73520027,0.000146250909087,0.0348620860622024,213
1,[],5,[],2019-05-30 00:07:46,0.0,0,0,7709357,2019-05-30 00:07:46,btc,0.0,0.06425239,0,btc,0.0,0.0,0.0,213
1,[],24,[],2019-05-30 00:07:46,0.0,0.000000399202,0.0000000000344859829346,7709358,2019-05-30 00:07:46,btc,0.0,0.0,0.000000399202,btc,0.0,0.0,0.0,213
1,[],26,[],2019-05-30 00:07:47,0.0,0.00000040,0.000000000034554919999999996,7709359,2019-05-30 00:07:47,btc,0.0,0.0,0.00000040,btc,0.0,0.0,0.0,213
0,[],22,[],2019-06-25 02:10:39,0.0,0,0,7761073,2019-06-25 02:10:39,,9.56923849,0.0,0,,3661587.2040649247,0.0,0.0,216
0,[],27,[],2019-06-25 02:10:45,0.0,0,0,7761074,2019-06-25 02:10:45,,1955.7383243599577,130993.01603206,0,"btc,ltc",517083.16300795,0.0011791400144968332,0.0,216
1,[],22,[],2019-06-25 02:10:48,2986848.708791209,0.00000021,0.000000000023303448,7761075,2019-06-25 02:10:48,BTC,12055.86526481,0.0,0.00000021,BTC,535327.2793692607,0.00199248,0.05627515,217
1,[],7,[],2019-06-25 02:10:49,0.0,0,0,7761076,2019-06-25 02:10:49,btc,1234912.6209040615,0.0,0,btc,89387746.47523518,0.0,0.0,219
0,[],27,[],2019-06-25 02:10:53,0.0,0,0,7761077,2019-06-25 02:10:53,,250.34372354432625,0.0,0,btc,5709879.26511325,0.0,0.0,219
0,[],28,[],2019-06-25 02:10:55,0.0,0,0,7761078,2019-06-25 02:10:55,,0.0,0.0,0,,0.0,0.0,0.0,219
1,[],22,[],2019-05-23 16:41:05,172069.0,0.00000004,0.0000000000031167080000000004,7674065,2019-05-23 16:41:05,BTC,56.76466137,0.0,0.00000004,BTC,127061.6482738741,0.0,0.00393676,221
1,[],24,[],2019-05-23 16:41:05,0.0,0.000000010000,0.0000000000007791770000000001,7674066,2019-05-23 16:41:05,btc,0.0,0.0,0.000000010000,btc,0.0,0.0,0.0,221
1,[],20,[],2019-06-17 14:34:11,26882155.8301,0.000000003,0.000000000000278742,7740192,2019-06-17 14:34:11,btc,100050.81956632523,233521.3529,0.000000003,btc,38769742.8604,0.0007925640587,0.0306863532672,224
0,[],22,[],2019-06-17 14:34:13,0.0,0,0,7740193,2019-06-17 14:34:13,,0.0,0.0,0,,0.0,0.0,0.0,224
1,[],26,[],2019-06-25 02:10:55,0.0,0.00000022,0.000000000024413135999999997,7761079,2019-06-25 02:10:55,btc,0.0,0.0,0.00000022,btc,0.0,0.0,0.0,231
1,[],26,[],2019-06-25 02:10:55,0.0,0.00000005,0.00000000000554844,7761080,2019-06-25 02:10:55,btc,0.0,0.0,0.00000005,btc,0.0,0.0,0.0,234
0.0000000002802433,[],27,[],2019-06-25 02:11:00,100.0,2.802433e-18,3.109826270904e-22,7761081,2019-06-25 02:11:00,eth,0.0,0.0,0.00000001,"btc,eth",0.0,0.0,2.802433e-16,234
1,[],4,[],2019-05-22 17:06:12,91780.56053785,0.00000078,0.000000000061977552,7669277,2019-05-22 17:06:12,btc,5.573372450018177,0.0,0.00000078,btc,729173.93529783,0.0,0.0307060663355679,236
1,[],24,[],2019-05-22 17:06:12,0.0,0.000000010000,0.000000000000794584,7669278,2019-05-22 17:06:12,btc,0.0,0.0,0.000000010000,btc,0.0,0.0,0.0,236
1,[],5,[],2019-06-25 02:11:02,0.0,0,0,7761082,2019-06-25 02:11:02,btc,0.0,1.16763475,0,btc,0.0,0.0,0.0,237
1,[],20,[],2019-06-25 02:11:04,50475555.7896,0.000000068,0.0000000000075458784,7761083,2019-06-25 02:11:04,btc,8172549.227248201,13956214.072,0.000000068,btc,41816691.696,1.0467517241552,1.1214930297981,237
1,[],22,[],2019-06-25 02:11:08,2084614.0,0.00000004,0.000000000004438752,7761084,2019-06-25 02:11:08,BTC,1.20112188,0.0,0.00000004,"BTC,LTC",14507.148717948718,0.0,0.02587451,237
1,[],4,[],2019-06-25 02:11:09,39568213.60497527,0.00000008,0.000000000008877504,7761085,2019-06-25 02:11:09,btc,2.5102360427292645,0.0,0.00000008,btc,11331646.86097237,0.12807784,0.7932562301660613,238
1,[],5,[],2019-06-25 02:11:10,0.0,0,0,7761086,2019-06-25 02:11:10,btc,0.0,0.07598321,0,btc,0.0,0.0,0.0,238
0,[],22,[],2019-03-12 16:49:32,0.0,0,0,6914458,2019-03-12 16:49:32,,0.40415746,0.0,0,,526736.5639027493,0.0,0.0,249
0,[],22,[],2019-05-28 23:53:45,0.0,0,0,7703643,2019-05-28 23:53:45,,13.44714864,0.0,0,,43777534.3426455,0.0,0.0,252
0,[],28,[],2019-06-25 02:11:12,0.0,0,0,7761087,2019-06-25 02:11:12,,0.0,0.0,0,,0.0,0.0,0.0,256
1,[],22,[],2019-06-25 02:11:15,547017.0,0.00000001,0.000000000001109688,7761088,2019-06-25 02:11:15,BTC,31464.57209997,0.0,0.00000001,BTC,1031955.2230878276,4.898e-05,0.00547017,258
1,[],22,[],2019-05-19 18:12:02,400.0,0.00000001,0.0000000000007957800000000001,7653905,2019-05-19 18:12:02,BTC,2.415167,0.0,0.00000001,BTC,157.0,0.0,4e-06,259
1,[],5,[],2019-06-25 02:11:16,0.0,0,0,7761089,2019-06-25 02:11:16,btc,0.0,0.04939013,0,btc,0.0,0.0,0.0,264
1,[],20,[],2019-06-25 02:11:18,938914.2398,0.000000322,0.0000000000357319536,7761090,2019-06-25 02:11:18,btc,1.1596783193641,19646.3726,0.000000322,btc,68365.6481,0.0117237655439,0.0055324082923,264
0,[],22,[],2019-04-12 17:57:27,0.0,0,0,7278186,2019-04-12 17:57:27,,66.37522201,0.0,0,,677842.4169881374,0.0,0.0,271
0,[],22,[],2019-06-25 02:11:21,0.0,0,0,7761091,2019-06-25 02:11:21,,33050469.74148113,0.0,0,,14261527780.7,0.0,0.0,272
0,[],28,[],2019-06-25 02:11:22,0.0,0,0,7761092,2019-06-25 02:11:22,,0.0,0.0,0,,0.0,0.0,0.0,272
1,[],22,[],2019-05-23 07:12:29,219930.0,0.00000004,0.000000000003048688,7671985,2019-05-23 07:12:29,BTC,426.77835217,0.0,0.00000004,BTC,248664.3325962929,0.0,0.00739728,281
1,[],22,[],2019-06-25 02:11:26,2047003.1,0.00000002,0.000000000002219376,7761093,2019-06-25 02:11:26,BTC,4600.41803815,0.0,0.00000002,"BTC,LTC",1083353.8038598758,0.00048565,0.02524473,286
0,[],22,[],2019-06-17 14:34:53,0.0,0,0,7740207,2019-06-17 14:34:53,,7337915.80475575,0.0,0,,2078527309.6797826,0.0,0.0,294
