pairValue,buyBook,exchangeId,sellBook,updated,buyTotal,satoshiPrice,usdPrice,exchangeLogId,created,bestPair,sellTotalBtc,volume,pairPrice,activePairs,sellTotal,volumeBtc,buyTotalBtc,coinId
1,[],3,[],2019-07-04 10:50:44,31471.922133071526,0.007500040000000000352253781699118917458690702915191650390625,0.000000867614377252,7794964,2019-07-04 10:50:44,btc,11.592891386213582,78.9474084341,0.007500040000000000352253781699118917458690702915191650390625,btc,38.345858864845,0.0,0.20860320398708418,1
1,[],4,[],2019-07-04 10:50:45,208234.84360244,0.00754628,0.000000872963480564,7794965,2019-07-04 10:50:45,btc,5.7949503266633755,0.0,0.00754628,btc,386.86610352,3.82325882,0.5006467378651939,1
1,[],5,[],2019-07-04 10:50:47,0.0,0,0,7794966,2019-07-04 10:50:47,btc,0.0,0.07172414,0,btc,0.0,0.0,0.0,1
1,[],10,[],2019-07-04 10:50:50,246629.59727876,0.00276554,0.000000319921262402,7794967,2019-07-04 10:50:50,btc,6525.264995793478,1120.69170711,0.00276554,btc,1936.67944085,0.0,1.4851541256233682,1
1,[],12,[],2019-07-04 10:50:53,92.53262684,0.00762999999999999962974062128751029376871883869171142578125,0.0000008826483189999999,7794968,2019-07-04 10:50:53,btc,0.6646374016473999,0.0,0.00762999999999999962974062128751029376871883869171142578125,btc,31.65249668,1.336160791537,0.1937153992676,1
1,[],20,[],2019-07-04 10:50:55,928.4689,0.007639349,0.0000008837298234737,7794969,2019-07-04 10:50:55,btc,0.1524674154942,1.275,0.007639349,btc,11.5776,0.0106036544364,0.1255383547304,1
1,[],21,[],2019-07-04 10:50:56,2756.27093955,0.007636269999999999689987983942,0.0000008833736407509999,7794970,2019-07-04 10:50:56,btc,7.936438847217705,7918.61012973,0.007636269999999999689987983941819038591347634792327880859375,"btc,eth",1478.82538579,57.65575228084887,15.894626579743745,1
1,[],22,[],2019-07-04 10:51:00,1.1199,0.00200000,0.00000023136259999999998,7794971,2019-07-04 10:51:00,BTC,0.01667896,0.0,0.00200000,BTC,0.2541810146658512,0.0,0.00197189,1
1,[],24,[],2019-07-04 10:51:01,0.0,0.000000000000,0,7794972,2019-07-04 10:51:01,btc,0.0,0.0,0.000000000000,btc,0.0,0.0,0.0,1
0.0,[],25,[],2019-07-04 10:51:02,0.0,0,0,7794973,2019-07-04 10:51:02,btc,39.87709999880279,23327.90981905,0.0,btc,5034.67692291,180.14,0.0,1
1,[],26,[],2019-07-04 10:51:05,0.0,0,0,7794974,2019-07-04 10:51:05,,0.0,0.0,0,,0.0,0.0,0.0,1
1,[],28,[],2019-07-04 10:52:49,1039.924,0.00730000,0.00000084447349,7794975,2019-07-04 10:52:49,btc,0.373339197,117704.9,0.00730000,btc,23.6711,0.0,0.268011296,1
0,[],2,[],2019-01-20 23:28:45,0.0,0,0,6477011,2019-01-20 23:28:45,,0.0,0.0,0,,0.0,0.0,0.0,1
1,[],5,[],2019-07-04 10:52:50,0.0,0,0,7794976,2019-07-04 10:52:50,btc,0.0,0.01327116,0,btc,0.0,0.0,0.0,2
1,[],22,[],2019-07-04 10:52:54,11550.3,0.0000002,0.00000000002313626,7794977,2019-07-04 10:52:54,BTC,21.00878619,0.0,0.0000002,"BTC,XMR",19931.59287795317,0.0,0.00143681,2
1,[],5,[],2019-06-03 14:48:58,0.0,0,0,7731126,2019-06-03 14:48:58,btc,0.0,0.05905545,0,btc,0.0,0.0,0.0,3
1,[],12,[],2019-06-03 14:48:59,3468623.70302,0.000000116,0.000000000009823402000000002,7731127,2019-06-03 14:48:59,btc,169531.0336573751,0.0,0.000000116,btc,2361209.62379607,0.041350953071,0.33764769154428,3
0,[],28,[],2019-06-03 14:49:00,0.0,0,0,7731128,2019-06-03 14:49:00,,0.0,0.0,0,,0.0,0.0,0.0,3
0,[],2,[],2019-01-20 23:31:32,0.0,0,0,6477077,2019-01-20 23:31:32,,0.0,0.0,0,,0.0,0.0,0.0,4
1,[],4,[],2019-05-18 21:29:50,562734.9206932,0.00000010,0.000000000007298720000000001,7650946,2019-05-18 21:29:50,btc,41.9347137769675,0.0,0.00000010,btc,1123702.32192634,0.00052462,0.029254593370966,4
0,[],12,[],2019-06-02 05:03:43,0.0,0,0,7724919,2019-06-02 05:03:43,btc,625.901992874995,0.0,0,btc,1211362.4995005,0.0,0.0,5
0,[],2,[],2019-01-20 23:31:51,0.0,0,0,6477087,2019-01-20 23:31:51,,0.0,0.0,0,,0.0,0.0,0.0,6
1,[],11,[],2019-07-03 09:34:02,4305910.27673599,0.00000001,0.000000000001114197,7791170,2019-07-03 09:34:02,btc,9583.61440324221,317319.0,0.00000001,btc,78212351.53970686,0.0,0.0430591027673599,6
1,[],3,[],2019-07-04 10:52:54,11593.629582791413,0.000063050000000000001117335390876661449510720558464527130126953125,0.000000007293705965,7794978,2019-07-04 10:52:54,btc,1026.2857874769365,627.29874475,0.000063050000000000001117335390876661449510720558464527130126953125,btc,379.452410534402,0.0,0.01632388091447797,7
1,[],4,[],2019-07-04 10:52:55,315028.38922179,0.00006837,0.000000007909130480999999,7794979,2019-07-04 10:52:55,btc,6.592962781750803,0.0,0.00006837,btc,50320.04932257,1.3376513,1.946224377335813,7
1,[],5,[],2019-07-04 10:52:56,0.0,0,0,7794980,2019-07-04 10:52:56,btc,0.0,0.11356205,0,btc,0.0,0.0,0.0,7
1,[],20,[],2019-04-07 22:06:50,3201475.0482,0.000000001,0.000000000000051590000000000004,7213932,2019-04-07 22:06:50,btc,30.8005781811902,0.0,0.000000001,btc,23077405.3926,0.0,0.0032014750482,8
1,[],4,[],2019-07-04 10:53:00,1667266.85305497,0.00000041,0.000000000047429333,7794981,2019-07-04 10:53:00,btc,2.7294501615263504,0.0,0.00000041,btc,3092065.22702687,0.25739504,0.2420197504617491,9
1,[],28,[],2019-07-04 10:53:27,20043.809,0.00000042,0.000000000048586145999999995,7794982,2019-07-04 10:53:27,btc,2708.795936875,107210.0,0.00000042,btc,60856.555,0.0,0.00270157978,9
0,[],2,[],2019-01-20 23:22:42,0.0,0,0,6476876,2019-01-20 23:22:42,,0.0,0.0,0,,0.0,0.0,0.0,9
0,[],23,[],2019-01-20 23:22:48,0.0,0,0,6476878,2019-01-20 23:22:48,,0.0,0.0,0,,0.0,0.0,0.0,9
1,[],1,[],2019-02-17 23:31:42,1822507.21,0.00000181000000000000003456111265232042484285557293333113193511962890625,0.000000000066086901,6701244,2019-02-17 23:31:42,btc,3.6990969245,17153386.5,0.00000181000000000000003456111265232042484285557293333113193511962890625,btc,1997391.71,31.11772986,3.2610482446,9
1,[],4,[],2019-02-17 11:22:43,4341674.27126056,0.00000002,0.0000000000007272960000000001,6696112,2019-02-17 11:22:43,btc,0.1997230937751353,0.0,0.00000002,btc,4109766.79808031,0.00215132,0.0479381022052112,10
1,[],4,[],2019-07-04 10:53:28,6580830.37259711,0.00000022,0.000000000025449886,7794983,2019-07-04 10:53:28,btc,7.378712454858637,0.0,0.00000022,btc,9358678.31032356,0.38747685,0.5521454504112873,12
1,[],5,[],2019-07-04 10:53:29,0.0,0,0,7794984,2019-07-04 10:53:29,btc,0.0,0.06030005,0,btc,0.0,0.0,0.0,12
0.0,[],25,[],2019-07-04 10:53:31,0.0,0,0,7794985,2019-07-04 10:53:31,,0.0,0.0,0.0,btc,0.0,0.0,0.0,12
0,[],2,[],2019-01-20 23:23:08,0.0,0,0,6476890,2019-01-20 23:23:08,,0.0,0.0,0,,0.0,0.0,0.0,12
1,[],4,[],2019-07-03 05:13:15,584689.47355813,0.00000244,0.0000000002788066,7790600,2019-07-03 05:13:15,btc,2.1849123684917955,0.0,0.00000244,btc,410884.35721095,0.22629225,0.257981043015862,13
1,[],21,[],2019-07-03 05:13:19,5464503.61926811,0.000002560000000000000053561755725,0.0000000002925184,7790601,2019-07-03 05:13:19,btc,2.210907882880977,615243.9733135,0.0000025600000000000000535617557251288900488361832685768604278564453125,btc,645862.4277429,1.61860588,2.668924574171489,13
1,[],10,[],2019-07-03 04:50:28,599111.48051128,0.00000253,0.000000000286717816,7790504,2019-07-03 04:50:28,btc,666798.5185763352,11564.1307772,0.00000253,btc,1070197.84077692,0.0,0.2329213413435623,13
1,[],4,[],2019-07-04 10:53:32,1008331.8064105,0.00000034,0.000000000039331642,7794986,2019-07-04 10:53:32,btc,2.4293538934060503,0.0,0.00000034,btc,717277.11492792,0.01061427,0.0799778566654735,14
1,[],12,[],2019-07-04 10:53:34,228346.11434502,0.00000036,0.000000000041645267999999995,7794987,2019-07-04 10:53:34,btc,186.3572081842803,0.0,0.00000036,btc,39873.13063194,0.00038848651,0.0150210259999873,14
1,[],26,[],2019-07-04 10:55:35,0.0,0.00000050,0.00000000005784065,7794988,2019-07-04 10:55:35,btc,0.0,0.0,0.00000050,btc,0.0,0.0,0.0,14
0,[],17,[],2019-05-03 00:53:32,0.0,0,0,7558876,2019-05-03 00:53:32,btc,0.0,0.0,0,btc,0.0,0.0,0.0,14
0,[],4,[],2019-07-04 10:55:36,0.0,0,0,7794989,2019-07-04 10:55:36,,0.0,0.0,0,,0.0,0.0,0.0,15
,[],12,[],2018-12-01 15:15:48,204241.84496,0.00000489,0.000000000202473384,5260204,2018-12-01 15:15:48,btc,49.5475654835,0.0,,btc,35763.2193806,0.0163153972027625,0.0203389899998,15
1,[],4,[],2019-07-04 10:55:37,33673.97680395,0.00000860,0.0000000009948591799999999,7794990,2019-07-04 10:55:37,btc,2.351557151430847,0.0,0.00000860,btc,15362.20614094,0.04123228,0.0629183567641281,18
1,[],10,[],2019-07-04 10:55:39,412869.34450086,0.00000859,0.000000000993702367,7794991,2019-07-04 10:55:39,btc,15.05707669448648,3544.13510415,0.00000859,btc,18463.11985949,0.0,0.3713454005377405,18
1,[],12,[],2019-07-04 10:55:40,2261.34828706,0.0000081799999999999996086637310543920875716139562427997589111328125,0.000000000946273034,7794992,2019-07-04 10:55:40,btc,0.5282955884156828,0.0,0.0000081799999999999996086637310543920875716139562427997589111328125,btc,1922.09738852,4.689563e-06,0.0051025504959992,18
0,[],2,[],2019-01-20 23:23:38,0.0,0,0,6476906,2019-01-20 23:23:38,,0.0,0.0,0,,0.0,0.0,0.0,18
0,[],17,[],2019-05-03 00:53:39,0.0,0,0,7558882,2019-05-03 00:53:39,btc,0.0,0.0,0,btc,0.0,0.0,0.0,18
1,[],3,[],2019-07-04 10:57:41,162169.8708329,0.000007940000000000000212447247294189622834892361424863338470458984375,0.000000000918509522,7794993,2019-07-04 10:57:41,btc,190.48110203756164,15936.0573282,0.000007940000000000000212447247294189622834892361424863338470458984375,btc,18926.894869370633,0.0,0.1096123357528096,19
1,[],4,[],2019-07-04 10:57:42,284801.01986201,0.00000629,0.0000000007276353769999999,7794994,2019-07-04 10:57:42,btc,2.6511974146243733,0.0,0.00000629,btc,181760.69994404,0.54552753,1.137363053911364,19
1,[],5,[],2019-07-04 10:57:44,0.0,0,0,7794995,2019-07-04 10:57:44,btc,0.0,0.0006012,0,btc,0.0,0.0,0.0,19
1,[],12,[],2019-07-04 10:57:45,107490.42423767,0.00000581000000000000027707003358301562911947257816791534423828125,0.000000000672108353,7794996,2019-07-04 10:57:45,btc,0.3737735651734554,0.0,0.00000581000000000000027707003358301562911947257816791534423828125,btc,3011.18497473,1.3606394e-05,0.0105089399997949,19
0,[],27,[],2019-07-04 10:57:53,0.0,0,0,7794997,2019-07-04 10:57:53,,0.0,0.0,0,btc,0.0,0.0,0.0,19
0,[],2,[],2019-01-20 23:24:19,0.0,0,0,6476924,2019-01-20 23:24:19,,0.0,0.0,0,,0.0,0.0,0.0,19
1,[],4,[],2019-07-04 10:57:54,9925191.09278478,0.00000005,0.000000000005784065,7794998,2019-07-04 10:57:54,btc,5.162858526649613,0.0,0.00000005,btc,2244806.83713707,0.0,0.1102994166205056,20
0,[],4,[],2019-07-03 05:17:38,0.0,0,0,7790614,2019-07-03 05:17:38,,13630.874493644571,0.0,0,,166276624.1737067,0.0,0.0,21
0,[],12,[],2019-07-03 05:17:41,0.0,0,0,7790615,2019-07-03 05:17:41,btc,2602.9596941675427,0.0,0,btc,9905024.55244751,3.996e-08,0.0,21
0,[],17,[],2019-05-03 00:53:51,0.0,0,0,7558891,2019-05-03 00:53:51,btc,0.0,0.0,0,btc,0.0,0.0,0.0,21
1,[],12,[],2019-07-04 10:57:55,6868811060.864567,0.0000000006,0.00000000000006940878,7794999,2019-07-04 10:57:55,btc,1426620318768.7275,0.0,0.0000000006,btc,3291789123.301698,0.076850393604,2.3661695217454835,23
0.0000000002531746,[],27,[],2019-07-04 10:58:02,117530727.01298691,1.265873e-16,1.464378342749e-20,7795000,2019-07-04 10:58:02,eth,1360.4829160192228,0.0,0.0000005,eth,6217563.5506114,0.0,1.1101590221410745e-08,23
1,[],4,[],2019-06-22 05:45:29,6100414.07522138,0.00000017,0.00000000001823352,7751732,2019-06-22 05:45:29,btc,10.22685272773715,0.0,0.00000017,btc,1790815.48208265,0.0,0.1345450262400025,24
0,[],22,[],2019-06-22 05:45:31,0.0,0,0,7751733,2019-06-22 05:45:31,,6.22e-05,0.0,0,,517.4264705882352,0.0,0.0,24
0.0,[],25,[],2019-06-22 05:45:32,0.0,0,0,7751734,2019-06-22 05:45:32,,0.0,0.0,0.0,btc,0.0,0.0,0.0,24
1,[],4,[],2019-07-04 10:58:02,26979390.67248357,0.00000329,0.00000000038059147699999997,7795001,2019-07-04 10:58:02,btc,6.097036416593176,0.0,0.00000329,btc,203944.79714202,0.04202778,0.499605047684711,26
1,[],10,[],2019-07-04 10:58:05,228177.98960256,0.00000347,0.00000000040141411099999996,7795002,2019-07-04 10:58:05,btc,26.15770504808251,7505.89988233,0.00000347,btc,19935.50113322,0.0,0.0495908726311693,26
0,[],2,[],2019-01-20 23:25:56,0.0,0,0,6476976,2019-01-20 23:25:56,,0.0,0.0,0,,0.0,0.0,0.0,26
1,[],5,[],2019-04-26 09:47:06,0.0,0,0,7465326,2019-04-26 09:47:06,btc,0.0,0.0,0,btc,0.0,0.0,0.0,27
1,[],3,[],2019-06-17 14:30:26,13571825.64059417,0.00000001,0.00000000000092914,7740112,2019-06-17 14:30:26,btc,3.485049956644059,4264730.43754,0.00000001,btc,23500048.28518193,0.0,0.1357182564059417,27
1,[],11,[],2019-06-17 14:30:28,2031833.58157834,0.00000001,0.00000000000092914,7740113,2019-06-17 14:30:28,btc,67502.92060589766,32677.9652116,0.00000001,btc,6487362.95640949,0.0,0.0203183358157834,27
0.0000000001058127,[],4,[],2019-07-04 10:58:07,620851138.3664418,7.8301398e-17,9.0580075124574e-21,7795003,2019-07-04 10:58:07,ltc,10.66439157445009,0.0,0.00000074,ltc,684477621.8237218,0.01545743,1.3972102894778145e-08,29
1,[],7,[],2019-07-04 10:58:08,0.0,0,0,7795004,2019-07-04 10:58:08,btc,46548272.65737006,0.0,0,btc,50840126.10551067,0.0,0.0,29
1,[],4,[],2019-07-04 10:58:09,15313614.0400687,0.00000005,0.000000000005784065,7795005,2019-07-04 10:58:09,btc,2.573393984778842,0.0,0.00000005,btc,2249253.14278687,0.0,0.1691191145933902,30
0,[],17,[],2019-05-03 01:11:25,0.0,0,0,7559066,2019-05-03 01:11:25,btc,0.0,0.0,0,btc,0.0,0.0,0.0,30
1,[],4,[],2019-07-04 11:00:10,240490.96117074,0.00003082,0.0000000035652976659999997,7795006,2019-07-04 11:00:10,btc,3.4436915532194243,0.0,0.00003082,btc,57284.06608148,0.22693854,0.8261877427724763,31
1,[],21,[],2019-07-04 11:00:11,244198.67896458,0.00003330000000000000304591421529,0.00000000385218729,7795007,2019-07-04 11:00:11,btc,4.470381941484651,128866.21600214,0.0000333000000000000030459142152938767367231776006519794464111328125,btc,107142.6798956,4.44116419,3.172235061653448,31
0,[],2,[],2019-01-20 23:28:43,0.0,0,0,6477009,2019-01-20 23:28:43,,0.0,0.0,0,,0.0,0.0,0.0,32
0,[],4,[],2019-07-04 11:00:12,0.0,0,0,7795008,2019-07-04 11:00:12,,0.0,0.0,0,,0.0,0.0,0.0,33
1,[],12,[],2019-03-30 07:55:10,40641173.964,0.00000003,0.000000000001228359,7108785,2019-03-30 07:55:10,btc,4233210.82356125,0.0,0.00000003,btc,28378394.68333462,0.0126927883965248,0.90752895892,33
0.0000000001058127,[],4,[],2019-07-04 11:00:14,153354442.10559645,3.9150699e-17,4.5290037562287e-21,7795009,2019-07-04 11:00:14,ltc,4.568892868162948,0.0,0.00000037,ltc,169882559.99800184,0.0,7.807016045323269e-10,34
1,[],5,[],2019-07-04 11:00:15,0.0,0,0,7795010,2019-07-04 11:00:15,btc,0.0,1.656e-05,0,btc,0.0,0.0,0.0,34
0.0000000002926451,[],17,[],2019-05-02 18:17:47,200000.0,2.9264510000000002e-18,1.596703856561e-22,7556430,2019-05-02 18:17:47,eth,0.20942468735267253,0.0,0.00000001,"btc,eth",1018272.20243647,0.0,5.852902e-13,36
0.0000000001311821,[],4,[],2019-05-31 13:28:19,2417517744.0607657,1.311821e-18,1.105058333085e-22,7717483,2019-05-31 13:28:19,ltc,5.019900492391546e-08,0.0,0.00000001,ltc,7102398142.262129,0.0,3.171350544531538e-09,36
1,[],5,[],2019-05-31 13:28:21,0.0,0,0,7717484,2019-05-31 13:28:21,btc,0.0,0.0,0,btc,0.0,0.0,0.0,36
0.0000000003108179,[],27,[],2019-05-31 13:30:34,10388811.226876,6.216358000000001e-18,5.236566733830001e-22,7717485,2019-05-31 13:30:34,eth,1569.8708019850988,761866.634299,0.00000002,"ltc,eth",5084024.2511555,4.736034912207001e-12,3.3251980286483705e-11,36
1,[],4,[],2019-06-25 10:05:55,10747826.61931615,0.00000014,0.000000000015920562,7762320,2019-06-25 10:05:55,btc,19773.05513423956,0.0,0.00000014,btc,682946.14349671,0.0006293,0.1362851255028938,37
1,[],12,[],2019-06-25 10:05:57,4167862.54235103,0.00000013,0.000000000014783379,7762321,2019-06-25 10:05:57,btc,7.381091518261743,0.0,0.00000013,btc,1713444.53926904,0.016313049979,0.1478110147956336,37
1,[],27,[],2019-06-25 10:08:02,10970.0,0.00000019,0.000000000021606477,7762322,2019-06-25 10:08:02,btc,22.62970013895233,0.0,0.00000019,btc,4298.824295,0.0,0.00167419,37
1,[],17,[],2019-05-03 01:11:36,211752.74075282,0.00000025,0.000000000013700074999999998,7559074,2019-05-03 01:11:36,btc,0.055484923955058496,0.0,0.00000025,"btc,eth",1387.19918473,0.0,0.0005381851887916605,37
1,[],5,[],2019-07-04 11:00:17,0.0,0,0,7795011,2019-07-04 11:00:17,btc,0.0,0.200983,0,btc,0.0,0.0,0.0,42
1,[],12,[],2019-07-04 11:00:19,190793.45585291,0.00000110999999999999996035831596741250137938550324179232120513916015625,0.00000000012840624299999998,7795012,2019-07-04 11:00:19,btc,525.2795675740682,0.0,0.00000110999999999999996035831596741250137938550324179232120513916015625,btc,148599.19789075,0.058958224158,0.0422010064474947,42
1,[],27,[],2019-07-04 11:00:28,300.0,0.00000002,0.000000000002313626,7795013,2019-07-04 11:00:28,btc,0.07600425,0.0,0.00000002,"btc,eth",18.0,0.0,6e-06,42
1,[],12,[],2019-03-13 09:13:29,1112112.0,0.00000001,0.000000000000386531,6919902,2019-03-13 09:13:29,btc,29058.00478931866,0.0,0.00000001,btc,5967681.93306694,9.99000999e-07,0.01112112,43
1,[],5,[],2019-04-26 22:38:52,0.0,0,0,7474154,2019-04-26 22:38:52,btc,0.0,0.02638891,0,btc,0.0,0.0,0.0,43
0,[],17,[],2019-04-26 22:38:53,0.0,0,0,7474155,2019-04-26 22:38:53,btc,0.0,0.0,0,btc,0.0,0.0,0.0,43
1,[],12,[],2019-03-05 01:54:08,639326.02,0.00000004,0.000000000001486676,6845775,2019-03-05 01:54:08,btc,11116042.728239931,0.0,0.00000004,btc,1103841.4595604,0.0003330765234764,0.014975410599999999,44
0.0000000001058127,[],4,[],2019-07-04 11:00:29,109851225.84882408,4.6557588e-17,5.3858423047044e-21,7795014,2019-07-04 11:00:29,ltc,1804.4140214112933,0.0,0.00000044,ltc,28371285.17363348,0.0,4.814545858199428e-10,49
0.0000000001058127,[],4,[],2019-07-04 11:00:29,317536640.3064491,2.6453175000000002e-17,3.0601376731275e-21,7795015,2019-07-04 11:00:29,ltc,27272.93147677539,0.0,0.00000025,ltc,193140661.4126206,0.0,1.948428843107463e-09,52
0,[],22,[],2019-07-04 11:00:34,0.0,0,0,7795016,2019-07-04 11:00:34,,10289.80784133,0.0,0,,287058287.4566013,0.0,0.0,57
0,[],27,[],2019-07-04 11:00:43,0.0,0,0,7795017,2019-07-04 11:00:43,,0.0,0.0,0,"btc,eth",0.0,0.0,0.0,57
0,[],4,[],2019-07-04 11:00:44,0.0,0,0,7795018,2019-07-04 11:00:44,,19.71911583799696,0.0,0,,6107907538.982692,0.0,0.0,58
0,[],12,[],2019-07-04 11:00:45,0.0,0,0,7795019,2019-07-04 11:00:45,btc,654781714.3148699,0.0,0,btc,3809225742.6393175,0.001716842656,0.0,58
0.0000000000763382,[],22,[],2019-07-04 11:02:48,126877.0,7.63382e-19,8.830902215660001e-23,7795020,2019-07-04 11:02:48,XMR,68.17454206,0.0,0.00000001,XMR,9626402.6,0.0,0.00126877,58
1,[],17,[],2019-05-03 01:12:09,1200000.0,0.0000000001,0.00000000000000548003,7559085,2019-05-03 01:12:09,btc,1e+24,0.0,0.0000000001,"btc,eth",39516342.31952568,0.0,0.00010000000058666061,58
1,[],5,[],2019-06-17 14:31:27,0.0,0,0,7740135,2019-06-17 14:31:27,btc,0.0,0.00079154,0,btc,0.0,0.0,0.0,61
1,[],22,[],2019-06-17 14:31:30,13612.833333333334,0.00000012,0.00000000001114968,7740136,2019-06-17 14:31:30,BTC,1002.29123003,0.0,0.00000012,BTC,15014.200177125656,0.0,0.00153257,61
1,[],26,[],2019-06-17 14:31:30,0.0,0.00000050,0.000000000046457,7740137,2019-06-17 14:31:30,btc,0.0,0.0,0.00000050,btc,0.0,0.0,0.0,61
1,[],27,[],2019-06-17 14:31:36,8400.0,0.00000018,0.00000000001672452,7740138,2019-06-17 14:31:36,btc,1.9742539297246655,0.0,0.00000018,"btc,eth",10953.51663696,0.0,0.001512,61
0,[],28,[],2019-06-17 14:31:38,0.0,0,0,7740139,2019-06-17 14:31:38,,0.0,0.0,0,,0.0,0.0,0.0,61
1,[],4,[],2019-07-04 11:02:49,1439238.89281076,0.00000038,0.000000000043958894,7795021,2019-07-04 11:02:49,btc,3.259290166668589,0.0,0.00000038,btc,1290024.63842708,0.0358289,0.2569444654464657,67
0.0,[],25,[],2019-07-04 11:02:51,0.0,0,0,7795022,2019-07-04 11:02:51,,0.0,0.0,0.0,btc,0.0,0.0,0.0,67
1,[],12,[],2019-06-02 06:23:14,910048.355,0.00000006,0.000000000005154929999999999,7725270,2019-06-02 06:23:14,btc,5.167005424215783,0.0,0.00000006,btc,738530.60239759,0.003159757462,0.0187188113,71
,[],5,[],2018-11-20 23:02:39,1.5e-07,0.00000005,0.000000000002128045,4862160,2018-11-20 23:02:39,btc,2.84511358,0.0,,btc,0.00036572,0.0,0.07381892,74
1,[],5,[],2019-07-04 11:02:52,0.0,0,0,7795023,2019-07-04 11:02:52,btc,0.0,0.0027596,0,btc,0.0,0.0,0.0,75
1,[],4,[],2019-06-04 03:25:15,715281.46076168,0.00000001,0.000000000000803619,7734085,2019-06-04 03:25:15,btc,581089.6218469425,0.0,0.00000001,btc,37692563.61091116,0.0,0.0071528146076168,81
0,[],20,[],2019-01-25 09:30:31,0.0,0,0,6495923,2019-01-25 09:30:31,btc,0.0,0.0,0,btc,0.0,0.0,0.0,81
1,[],4,[],2019-07-04 11:02:53,186304.20411667,0.00006632,0.000000007671983816,7795024,2019-07-04 11:02:53,btc,59.02905247059869,0.0,0.00006632,btc,127497.10997113,0.52445798,0.4197320306148676,82
1,[],21,[],2019-07-04 11:02:54,285515.00120295,0.00006660000000000000609182843059,0.00000000770437458,7795025,2019-07-04 11:02:54,btc,4.242512607608856,1554.96067326,0.000066600000000000006091828430587753473446355201303958892822265625,btc,43173.127348,0.10748364,2.9038398330392723,82
0,[],17,[],2019-03-25 22:42:34,0.0,0,0,7038780,2019-03-25 22:42:34,btc,0.0445064681804024,0.0,0,btc,995513.18476001,0.0,0.0,84
0.0000000001161485,[],4,[],2019-05-20 13:09:39,216715621.0206096,1.161485e-18,9.0533806701e-23,7657228,2019-05-20 13:09:39,ltc,1.6511566870244727,0.0,0.00000001,ltc,471032407.9048656,0.0,2.5171194308112273e-10,85
,[],22,[],2018-11-20 23:09:34,3408.1,0.0000001,0.0000000000041895,4862324,2018-11-20 23:09:34,BTC,0.04624735,0.0,,BTC,4990.0,0.0,0.00033081,86
1,[],22,[],2019-07-04 11:02:58,37288.0,0.00000001,0.000000000001156813,7795026,2019-07-04 11:02:58,BTC,1.86392327,0.0,0.00000001,BTC,380878.94736842107,0.00025,0.00037288,87
1,[],27,[],2019-07-04 11:03:06,86006.3,0.00000006,0.0000000000069408779999999995,7795027,2019-07-04 11:03:06,btc,15.897459894,13240.0,0.00000006,btc,581731.956,0.0007944,0.004686768,87
,[],2,[],2018-11-20 23:10:47,0.0,0,0,4862359,2018-11-20 23:10:47,,0.0,0.0,,,0.0,0.0,0.0,88
1,[],11,[],2019-06-17 14:31:59,193715.3529613,0.000073310000000000001140094962881477158589405007660388946533203125,0.00000000681152534,7740147,2019-06-17 14:31:59,btc,168.35454702024953,5791.70569014,0.000073310000000000001140094962881477158589405007660388946533203125,btc,196971.41170107,0.0,1.1996165759440112,89
0,[],2,[],2019-01-20 23:31:45,0.0,0,0,6477083,2019-01-20 23:31:45,,0.0,0.0,0,,0.0,0.0,0.0,91
1,[],12,[],2019-07-04 11:03:08,397314.47956449,0.00000029,0.000000000033547576999999994,7795028,2019-07-04 11:03:08,btc,121.22424052893616,0.0,0.00000029,btc,294572.4339166,0.0004751423,0.0259738834538377,91
1,[],22,[],2019-07-04 11:05:12,75900.0,0.00000001,0.000000000001156813,7795029,2019-07-04 11:05:12,BTC,0.495,0.0,0.00000001,"BTC,LTC",4.95,0.0,0.001659,91
0,[],17,[],2019-05-03 01:12:26,0.0,0,0,7559096,2019-05-03 01:12:26,btc,0.0,0.0,0,btc,0.0,0.0,0.0,91
1,[],22,[],2019-07-04 10:01:03,94060.0,0.00000002,0.000000000002335514,7794840,2019-07-04 10:01:03,BTC,11.52307074,0.0,0.00000002,"BTC,LTC",341043.4683191416,0.0,0.0662712,95
0.0000000001058127,[],4,[],2019-07-04 11:05:13,536649191.86898446,2.6453175000000002e-17,3.0601376731275e-21,7795030,2019-07-04 11:05:13,ltc,10.86824357595736,0.0,0.00000025,ltc,153278702.70491034,0.0,6.85906359348002e-10,96
0,[],12,[],2019-07-04 11:05:14,0.0,0,0,7795031,2019-07-04 11:05:14,btc,36.383795226513485,0.0,0,btc,10035163.65134864,0.0,0.0,96
0,[],17,[],2019-05-03 01:12:32,0.0,0,0,7559100,2019-05-03 01:12:32,btc,0.0,0.0,0,btc,0.0,0.0,0.0,96
1,[],4,[],2019-04-14 03:32:46,1039404.33283278,0.00000038,0.000000000019245518,7293458,2019-04-14 03:32:46,btc,4.170086055365747,0.0,0.00000038,btc,3097704.34561074,0.06260606,0.1859928211030784,99
1,[],4,[],2019-07-04 11:07:15,172322.51268521,0.00001336,0.000000001545502168,7795032,2019-07-04 11:07:15,btc,13.021963122055855,0.0,0.00001336,btc,287383.38599383,0.10451775,0.3478245947967833,100
0,[],2,[],2019-01-20 23:23:55,0.0,0,0,6476914,2019-01-20 23:23:55,,0.0,0.0,0,,0.0,0.0,0.0,100
1,[],22,[],2019-06-05 06:30:35,150000.0,0.00000002,0.000000000001558192,7740007,2019-06-05 06:30:35,BTC,28.56386409,0.0,0.00000002,BTC,12787.719,0.0,0.0017,101
1,[],4,[],2019-07-04 11:07:16,501071.11151458,0.00000129,0.000000000149228877,7795033,2019-07-04 11:07:16,btc,882.600183908276,0.0,0.00000129,btc,755661.1668676,0.02645468,0.0803039215378246,103
1,[],12,[],2019-06-17 14:32:14,179201505.10870332,0.000000005,0.00000000000046457,7740154,2019-06-17 14:32:14,btc,113577.79366343976,0.0,0.000000005,btc,79148141.67831126,0.019059029059,0.27280986350611003,105
1,[],27,[],2019-06-17 14:32:19,18306828.03496503,0.00000002,0.00000000000185828,7740155,2019-06-17 14:32:19,btc,180.7198218385489,1083.96503497,0.00000002,btc,276513.60142659,7.588e-05,0.3661365606993006,105
1,[],22,[],2019-04-21 00:17:26,21333.0,0.00000001,0.000000000000532493,7385819,2019-04-21 00:17:26,BTC,51.38182867,0.0,0.00000001,BTC,470435.0,0.0,0.00021333,107
1,[],26,[],2019-04-21 00:17:26,0.0,0.00000000,0,7385820,2019-04-21 00:17:26,btc,0.0,0.0,0.00000000,btc,0.0,0.0,0.0,107
1,[],5,[],2019-07-04 11:07:19,0.0,0,0,7795034,2019-07-04 11:07:19,btc,0.0,0.0,0,btc,0.0,0.0,0.0,112
0,[],22,[],2019-07-04 11:07:22,0.0,0,0,7795035,2019-07-04 11:07:22,,6.79500102,0.0,0,,3375892.0833333335,0.0,0.0,112
1,[],27,[],2019-07-04 11:07:31,1.0,0.00000001,0.000000000001156813,7795036,2019-07-04 11:07:31,btc,0.0,0.0,0.00000001,"btc,eth",0.0,0.0,1e-08,112
1,[],4,[],2019-07-04 11:07:32,999070.85738047,0.00000039,0.000000000045115707,7795037,2019-07-04 11:07:32,btc,6.394131847470694,0.0,0.00000039,btc,954824.52084555,0.01108034,0.1216767723404989,113
1,[],5,[],2019-07-04 11:07:34,0.0,0,0,7795038,2019-07-04 11:07:34,btc,0.0,7.51e-06,0,btc,0.0,0.0,0.0,113
1,[],27,[],2019-07-04 11:09:40,95525.16595526,0.00000001,0.000000000001156813,7795039,2019-07-04 11:09:40,btc,3918.966122084,0.0,0.00000001,btc,85259.687,0.0,0.0009552516595526,116
1,[],17,[],2019-04-26 02:17:47,162738.278,0.00000004,0.0000000000021069000000000002,7461287,2019-04-26 02:17:47,btc,1.3331140273775473,0.0,0.00000004,btc,51796.221,0.0,0.00230953112,116
1,[],4,[],2019-05-21 22:31:11,138169.03963019,0.00000701,0.000000000558364025,7664793,2019-05-21 22:31:11,btc,150.95388250938234,0.0,0.00000701,btc,344631.17141974,0.07552974,0.4288357684941946,120
1,[],7,[],2019-05-21 22:31:12,3901.07750076,0.000010679999999999999389654892212320191902108490467071533203125,0.0000000008506887,7664794,2019-05-21 22:31:12,btc,231188.94669936574,0.0,0.000010679999999999999389654892212320191902108490467071533203125,btc,4133.83151364,0.0,0.0113888422364489,120
1,[],20,[],2019-04-07 18:42:29,1914137.0852,0.000000035,0.0000000000017871910000000002,7211992,2019-04-07 18:42:29,btc,32.2497668025648,25528.85,0.000000035,btc,1001975.4986,0.00089350975,0.0152723574729,125
1,[],22,[],2019-06-17 14:32:38,10000.0,0.00000001,0.00000000000092914,7740161,2019-06-17 14:32:38,BTC,0.032061,0.0,0.00000001,BTC,299316.7611111111,0.0,0.0001,126
1,[],4,[],2019-07-04 11:09:41,541196.07577714,0.00000371,0.000000000429177623,7795040,2019-07-04 11:09:41,btc,2.818245582531799,0.0,0.00000371,btc,194639.63292571,0.08335055,0.5539208741014473,131
0,[],2,[],2019-01-20 23:25:46,0.0,0,0,6476969,2019-01-20 23:25:46,,0.0,0.0,0,,0.0,0.0,0.0,131
1,[],17,[],2019-05-03 01:13:10,10000.0,0.00000001,0.000000000000548003,7559115,2019-05-03 01:13:10,btc,0.0953976503951408,0.0,0.00000001,btc,5037.62507334,0.0,0.0001,131
1,[],4,[],2019-06-17 14:32:42,4848.49465417,0.00007919,0.00000000735785966,7740163,2019-06-17 14:32:42,btc,0.9905723729472744,0.0,0.00007919,btc,202.13055914,0.0,0.0061509344290166,135
1,[],3,[],2019-07-04 11:11:42,2684.76592867,0.00000001,0.000000000001156813,7795041,2019-07-04 11:11:42,btc,405.4465652150752,2097534.1768,0.00000001,btc,3137679.4368182602,0.0,2.68476592867e-05,136
1,[],4,[],2019-07-04 11:11:43,158388.03261321,0.00000138,0.000000000159640194,7795042,2019-07-04 11:11:43,btc,112.57259844737334,0.0,0.00000138,btc,535348.20880284,0.00603995,0.1137794812258258,137
1,[],12,[],2019-07-04 11:11:45,70382.20149291,0.0000015000000000000000380012861456169304119612206704914569854736328125,0.00000000017352195,7795043,2019-07-04 11:11:45,btc,57.90072444553775,0.0,0.0000015000000000000000380012861456169304119612206704914569854736328125,btc,81903.41598677001,0.0,0.016692643999926,137
1,[],4,[],2019-07-04 11:11:46,351479.89314306,0.00001080,0.0000000012493580399999999,7795044,2019-07-04 11:11:46,btc,6.324193704618629,0.0,0.00001080,btc,188281.18106538,0.32689389,0.3992188619491314,142
1,[],5,[],2019-07-04 11:11:47,0.0,0,0,7795045,2019-07-04 11:11:47,btc,0.0,0.00341291,0,btc,0.0,0.0,0.0,142
1,[],20,[],2019-07-04 11:13:49,113242.5118,0.0000075,0.00000000086760975,7795046,2019-07-04 11:13:49,btc,1.5679307929753,0.01,0.0000075,btc,9882.1432,7.5e-08,0.0068467335902,142
1,[],22,[],2019-07-04 11:13:52,10820.0,0.00000600,0.0000000006940878,7795047,2019-07-04 11:13:52,BTC,2.99759384,0.0,0.00000600,BTC,835.7198755539798,0.0,0.0053672,142
0.0,[],25,[],2019-07-04 11:13:54,0.0,0,0,7795048,2019-07-04 11:13:54,,0.0,0.0,0.0,btc,0.0,0.0,0.0,142
1,[],28,[],2019-07-04 11:14:03,76110.0,0.00001110,0.0000000012840624299999999,7795049,2019-07-04 11:14:03,btc,0.438587390411,5063.0,0.00001110,btc,1381.1951,0.0,0.0042182,142
1,[],17,[],2019-05-03 01:13:16,32967.38636364,0.00000088,0.000000000048224264,7559122,2019-05-03 01:13:16,btc,20.06976206696776,0.0,0.00000088,btc,2746.079105,0.0,0.0105613000000032,142
0,[],22,[],2019-07-04 11:14:05,0.0,0,0,7795050,2019-07-04 11:14:05,,67.81665877,0.0,0,,754491934.7744589,0.0,0.0,143
0,[],22,[],2019-02-25 15:42:22,0.0,0,0,6783783,2019-02-25 15:42:22,,4.2131946,0.0,0,,2322156.0,0.0,0.0,146
,[],22,[],2018-11-20 23:01:11,0.0,0,0,4862114,2018-11-20 23:01:11,,2.56807021,0.0,,,61828.4988236,0.0,0.0,147
1,[],12,[],2019-04-21 06:38:04,193091.5971266,0.00000071,0.000000000037635183,7388679,2019-04-21 06:38:04,btc,2.301232411611175,0.0,0.00000071,btc,9957.48302385,0.00023528,0.0313308199999888,148
1,[],4,[],2019-03-19 21:31:25,255810.0415942,0.00000029,0.000000000011615747,6982695,2019-03-19 21:31:25,btc,218.94922712414143,0.0,0.00000029,btc,793529.37642722,0.00117,0.0608347789473395,152
0,[],22,[],2019-03-19 21:31:27,0.0,0,0,6982696,2019-03-19 21:31:27,,0.0,0.0,0,,0.0,0.0,0.0,152
1,[],5,[],2019-04-26 09:36:59,0.0,0,0,7465040,2019-04-26 09:36:59,btc,0.0,0.0,0,btc,0.0,0.0,0.0,153
,[],16,[],2019-01-11 15:38:59,0.0,0,0,6366141,2019-01-11 15:38:59,btc,0.0,0.0,,btc,0.0,0.0,0.0,155
0,[],23,[],2019-01-20 23:24:29,0.0,0,0,6476932,2019-01-20 23:24:29,,0.0,0.0,0,,0.0,0.0,0.0,156
0,[],22,[],2019-06-04 06:02:09,0.0,0,0,7734688,2019-06-04 06:02:09,,7.43375324,0.0,0,,5955762.942592593,0.0,0.0,156
1,[],22,[],2019-07-04 11:14:09,6996.0,0.00000001,0.000000000001156813,7795051,2019-07-04 11:14:09,BTC,1.7543039,0.0,0.00000001,BTC,57.0,0.0,6.996e-05,157
0,[],22,[],2019-05-21 23:40:32,0.0,0,0,7665049,2019-05-21 23:40:32,,50234.60468402,0.0,0,,54786159.03179465,0.0,0.0,158
,[],17,[],2018-11-20 22:56:10,0.0,0,0,4861976,2018-11-20 22:56:10,btc,1.1265625,0.0,,btc,1000.0,0.0,0.0,159
,[],20,[],2018-11-20 22:56:12,0.0,0,0,4861977,2018-11-20 22:56:12,btc,11912.7940471,0.0,,btc,34413894.3617,0.0,0.0,159
1,[],12,[],2019-05-24 02:51:20,9178.522006449999,0.00000191999999999999982841307998027158276954651228152215480804443359375,0.000000000151222656,7676256,2019-05-24 02:51:20,btc,149.80414728631675,0.0,0.00000191999999999999982841307998027158276954651228152215480804443359375,btc,1115.7451448499999,0.01783167678326,0.0120075778999181,168
1,[],17,[],2019-05-03 01:13:36,42852.0,0.00000002,0.000000000001096006,7559132,2019-05-03 01:13:36,btc,0.04279856251542,0.0,0.00000002,btc,274.46171372,0.0,0.00052852,168
1,[],22,[],2019-05-17 03:01:52,10.0,0.00000001,0.000000000000778341,7642059,2019-05-17 03:01:52,BTC,41.95893009,0.0,0.00000001,BTC,1753972.7737547632,0.0,1e-07,169
1,[],22,[],2019-07-04 11:14:13,100126.0,0.00000001,0.000000000001156813,7795052,2019-07-04 11:14:13,BTC,27.84093381,0.0,0.00000001,"BTC,LTC",276616.94947371836,0.0,0.00119126,171
1,[],22,[],2019-05-29 08:05:18,349870.0,0.00000002,0.000000000001705894,7705265,2019-05-29 08:05:18,BTC,24.05907723,0.0,0.00000002,"BTC,LTC",1224285.4355616204,0.0,0.0039847,173
1,[],5,[],2019-07-04 11:14:15,0.0,0,0,7795053,2019-07-04 11:14:15,btc,0.0,0.00531736,0,btc,0.0,0.0,0.0,175
1,[],22,[],2019-06-17 14:33:12,90671.0,0.00000001,0.00000000000092914,7740175,2019-06-17 14:33:12,BTC,394.35459412,0.0,0.00000001,BTC,136275.61833431243,0.0,0.00090671,176
1,[],7,[],2019-07-01 10:15:32,0.0,0,0,7783526,2019-07-01 10:15:32,btc,521516.2326888725,0.0,0,btc,26809253.73522063,0.0,0.0,178
1,[],22,[],2019-07-04 11:14:19,30.0,0.00000001,0.000000000001156813,7795054,2019-07-04 11:14:19,BTC,1.00242428,0.0,0.00000001,BTC,57512.0,0.0,3e-07,178
0,[],2,[],2019-01-20 23:28:34,0.0,0,0,6477001,2019-01-20 23:28:34,,0.0,0.0,0,,0.0,0.0,0.0,178
1,[],5,[],2019-07-04 11:14:21,0.0,0,0,7795055,2019-07-04 11:14:21,btc,0.0,0.0,0,btc,0.0,0.0,0.0,179
0,[],22,[],2019-07-04 11:14:24,0.0,0,0,7795056,2019-07-04 11:14:24,,9.36109844,0.0,0,,14660796.311946675,0.0,0.0,179
0,[],23,[],2019-01-20 23:25:08,0.0,0,0,6476952,2019-01-20 23:25:08,,0.0,0.0,0,,0.0,0.0,0.0,179
1,[],22,[],2019-07-04 11:16:28,762805.8224343224,0.00000065,0.000000000075192845,7795057,2019-07-04 11:16:28,BTC,40.64267357,0.0,0.00000065,"BTC,LTC",193731.411571008,0.00356487,0.59594226,180
1,[],26,[],2019-07-04 11:16:28,0.0,0.00000010,0.00000000001156813,7795058,2019-07-04 11:16:28,btc,0.0,0.0,0.00000010,btc,0.0,0.0,0.0,180
1,[],17,[],2019-05-03 01:13:56,20504.725000000002,0.0000001,0.00000000000548003,7559141,2019-05-03 01:13:56,btc,5.2010695838400265,0.0,0.0000001,btc,5033.45945,0.0,0.0011504725,180
,[],7,[],2018-11-20 22:58:01,562227.975654,0.00000085,0.000000000036176765,4862015,2018-11-20 22:58:01,btc,21836.6059674,2491.87645172,,btc,749999.041456,0.00211021,0.127565380455,183
,[],5,[],2019-01-10 08:11:41,0.0,0,0,6347036,2019-01-10 08:11:41,btc,82.15055501,0.00261,,btc,1.19002445,0.0,0.0,187
,[],17,[],2018-11-16 20:58:10,4062536.27273,0.00000001,0.000000000000550501,4708775,2018-11-16 20:58:10,btc,3.36492563466,0.195460381006,,"btc,eth",110697919.549,0.0,0.0157628953496,187
1,[],24,[],2019-05-22 21:04:52,0.0,0.000000000014,0.0000000000000010960978,7670219,2019-05-22 21:04:52,btc,0.0,0.0,0.000000000014,btc,0.0,0.0,0.0,187
0,[],22,[],2019-04-25 02:54:07,0.0,0,0,7447896,2019-04-25 02:54:07,,7.54794454,0.0,0,,76361.7243344055,0.0,0.0,191
0,[],22,[],2019-06-17 14:33:34,0.0,0,0,7740182,2019-06-17 14:33:34,,0.0,0.0,0,,0.0,0.0,0.0,197
0,[],23,[],2019-01-20 23:31:41,0.0,0,0,6477079,2019-01-20 23:31:41,,0.0,0.0,0,,0.0,0.0,0.0,199
0,[],22,[],2019-07-04 11:16:32,0.0,0,0,7795059,2019-07-04 11:16:32,,10.58263174,0.0,0,,84280969.0,0.0,0.0,199
1,[],26,[],2019-07-04 11:16:32,0.0,0.00000000,0,7795060,2019-07-04 11:16:32,btc,0.0,0.0,0.00000000,btc,0.0,0.0,0.0,199
0,[],2,[],2019-01-20 23:30:49,0.0,0,0,6477059,2019-01-20 23:30:49,,0.0,0.0,0,,0.0,0.0,0.0,201
1,[],4,[],2019-01-25 15:51:35,2084389.58565343,0.00000936,0.000000000333526752,6499557,2019-01-25 15:51:35,btc,2.0092503037378524,0.0,0.00000936,btc,160195.80207885,0.19272417,1.242687955921835,211
1,[],7,[],2019-07-01 02:21:28,1170054124.6898527,0.00000018,0.000000000019815389999999997,7782694,2019-07-01 02:21:28,btc,1346735.6331920293,0.0,0.00000018,btc,5516233.71348162,0.0,11.954344045954047,212
1,[],12,[],2019-01-25 02:44:32,207462.42853209,0.000001080000000000000035831255497387193287295303889550268650054931640625,0.000000000038610756000000006,6493050,2019-01-25 02:44:32,btc,85023.03793723314,0.0,0.000001080000000000000035831255497387193287295303889550268650054931640625,btc,43675.73520027,0.000146250909087,0.0348620860622024,213
1,[],5,[],2019-05-30 00:07:46,0.0,0,0,7709357,2019-05-30 00:07:46,btc,0.0,0.06425239,0,btc,0.0,0.0,0.0,213
1,[],24,[],2019-05-30 00:07:46,0.0,0.000000399202,0.0000000000344859829346,7709358,2019-05-30 00:07:46,btc,0.0,0.0,0.000000399202,btc,0.0,0.0,0.0,213
1,[],26,[],2019-05-30 00:07:47,0.0,0.00000040,0.000000000034554919999999996,7709359,2019-05-30 00:07:47,btc,0.0,0.0,0.00000040,btc,0.0,0.0,0.0,213
0,[],22,[],2019-07-04 11:16:59,0.0,0,0,7795061,2019-07-04 11:16:59,,9.54523049,0.0,0,,3658586.2040649247,0.0,0.0,216
0,[],27,[],2019-07-04 11:17:09,0.0,0,0,7795062,2019-07-04 11:17:09,,1998.7957725321785,0.0,0,"btc,ltc",547782.57344694,0.0,0.0,216
1,[],22,[],2019-07-04 11:17:12,518778.9,0.0000002,0.00000000002313626,7795063,2019-07-04 11:17:12,BTC,12055.86265355,0.0,0.0000002,BTC,592173.9161858524,0.00186368,0.03574356,217
0,[],27,[],2019-07-04 11:17:19,0.0,0,0,7795064,2019-07-04 11:17:19,,250.20642758069673,0.0,0,btc,46772.535837,0.0,0.0,219
0.000000000000002839,[],28,[],2019-07-04 11:17:37,3298641998.17,6.2458e-19,7.2252226354e-23,7795065,2019-07-04 11:17:37,doge,125846.04510800431,6925.0,0.00022000,"btc,doge",120666781.230909,0.0,1.5783249996556697e-11,219
1,[],7,[],2019-06-27 19:02:35,0.0,0,0,7772298,2019-06-27 19:02:35,btc,2123800.2774640615,0.0,0,btc,82333746.4752352,0.0,0.0,219
0,[],22,[],2019-06-26 23:36:41,0.0,0,0,7769178,2019-06-26 23:36:41,,56.75439223,0.0,0,,184664.6482738741,0.0,0.0,221
1,[],24,[],2019-06-26 23:36:41,0.0,0.000000030000,0.000000000003835668,7769179,2019-06-26 23:36:41,btc,0.0,0.0,0.000000030000,btc,0.0,0.0,0.0,221
1,[],20,[],2019-06-17 14:34:11,26882155.8301,0.000000003,0.000000000000278742,7740192,2019-06-17 14:34:11,btc,100050.81956632523,233521.3529,0.000000003,btc,38769742.8604,0.0007925640587,0.0306863532672,224
0,[],22,[],2019-06-17 14:34:13,0.0,0,0,7740193,2019-06-17 14:34:13,,0.0,0.0,0,,0.0,0.0,0.0,224
1,[],26,[],2019-07-04 11:17:37,0.0,0.00000022,0.000000000025449886,7795066,2019-07-04 11:17:37,btc,0.0,0.0,0.00000022,btc,0.0,0.0,0.0,231
1,[],26,[],2019-07-04 11:17:37,0.0,0.00000005,0.000000000005784065,7795067,2019-07-04 11:17:37,btc,0.0,0.0,0.00000005,btc,0.0,0.0,0.0,234
0.0000000002531746,[],27,[],2019-07-04 11:17:46,100.0,2.531746e-18,2.9287566854979997e-22,7795068,2019-07-04 11:17:46,eth,0.0,0.0,0.00000001,"btc,eth",0.0,0.0,2.531746e-16,234
1,[],4,[],2019-05-22 17:06:12,91780.56053785,0.00000078,0.000000000061977552,7669277,2019-05-22 17:06:12,btc,5.573372450018177,0.0,0.00000078,btc,729173.93529783,0.0,0.0307060663355679,236
1,[],24,[],2019-05-22 17:06:12,0.0,0.000000010000,0.000000000000794584,7669278,2019-05-22 17:06:12,btc,0.0,0.0,0.000000010000,btc,0.0,0.0,0.0,236
1,[],5,[],2019-07-04 11:17:48,0.0,0,0,7795069,2019-07-04 11:17:48,btc,0.0,0.29702369,0,btc,0.0,0.0,0.0,237
1,[],20,[],2019-07-04 11:17:49,128240114.4791,0.000000058,0.0000000000067095154,7795070,2019-07-04 11:17:49,btc,549.2585295779575,1033450.8175,0.000000058,btc,43908543.4827,0.0610034439041,0.8603964260445,237
1,[],22,[],2019-07-04 11:17:53,2092139.0,0.00000004,0.000000000004627252,7795071,2019-07-04 11:17:53,BTC,1.20109922,0.0,0.00000004,"BTC,LTC",14430.948717948719,0.0,0.02706123,237
1,[],4,[],2019-07-04 11:17:54,25938208.84855208,0.00000006,0.0000000000069408779999999995,7795072,2019-07-04 11:17:54,btc,3.0353594739435255,0.0,0.00000006,btc,14951407.87239934,0.06028791,0.461849530585567,238
1,[],5,[],2019-07-04 11:17:55,0.0,0,0,7795073,2019-07-04 11:17:55,btc,0.0,0.0178499,0,btc,0.0,0.0,0.0,238
0,[],22,[],2019-03-12 16:49:32,0.0,0,0,6914458,2019-03-12 16:49:32,,0.40415746,0.0,0,,526736.5639027493,0.0,0.0,249
0,[],22,[],2019-07-04 00:31:08,0.0,0,0,7793393,2019-07-04 00:31:08,,13.44711564,0.0,0,,43776457.3426455,0.0,0.0,252
1,[],28,[],2019-07-04 11:18:08,868253.2,0.00000005,0.000000000005784065,7795074,2019-07-04 11:18:08,btc,205.62890373372,739381.9463,0.00000005,btc,5244549.0154,0.0,0.025939894,256
0.0000000001058127,[],22,[],2019-07-04 11:18:11,10000.0,2.6453175000000002e-17,3.0601376731275e-21,7795075,2019-07-04 11:18:11,LTC,31471.46309894,0.0,0.00000025,LTC,721750.028948892,0.0,0.0025,258
1,[],22,[],2019-05-19 18:12:02,400.0,0.00000001,0.0000000000007957800000000001,7653905,2019-05-19 18:12:02,BTC,2.415167,0.0,0.00000001,BTC,157.0,0.0,4e-06,259
1,[],5,[],2019-07-02 14:44:15,0.0,0,0,7788374,2019-07-02 14:44:15,btc,0.0,0.02775788,0,btc,0.0,0.0,0.0,264
1,[],20,[],2019-07-02 14:44:17,953070.9962,0.000000178,0.000000000017956461999999998,7788375,2019-07-02 14:44:17,btc,1.1507330656826,14313.4023,0.000000178,btc,65222.866,0.0046947959544,0.0049363258649,264
0,[],22,[],2019-04-12 17:57:27,0.0,0,0,7278186,2019-04-12 17:57:27,,66.37522201,0.0,0,,677842.4169881374,0.0,0.0,271
0,[],22,[],2019-07-04 11:18:13,0.0,0,0,7795076,2019-07-04 11:18:13,,33050469.74148113,0.0,0,,14261527780.7,0.0,0.0,272
0.000000000000002839,[],28,[],2019-07-04 11:18:25,329721636860.487,3.6907e-22,4.2694497390999996e-26,7795077,2019-07-04 11:18:25,doge,68330445.30903561,59294579263.0001,0.00000013,doge,220749020024.7146,0.0,6.171203108373109e-11,272
1,[],22,[],2019-05-23 07:12:29,219930.0,0.00000004,0.000000000003048688,7671985,2019-05-23 07:12:29,BTC,426.77835217,0.0,0.00000004,BTC,248664.3325962929,0.0,0.00739728,281
1,[],22,[],2019-07-02 18:15:29,1409605.9,0.00000002,0.000000000002147082,7789011,2019-07-02 18:15:29,BTC,7.87630805,0.0,0.00000002,"BTC,LTC",1137979.797623037,0.00674692,0.02432534,286
0,[],22,[],2019-06-17 14:34:53,0.0,0,0,7740207,2019-06-17 14:34:53,,7337915.80475575,0.0,0,,2078527309.6797826,0.0,0.0,294
