pairValue,buyBook,exchangeId,sellBook,updated,buyTotal,satoshiPrice,usdPrice,exchangeLogId,created,bestPair,sellTotalBtc,volume,pairPrice,activePairs,sellTotal,volumeBtc,buyTotalBtc,coinId
1,[],3,[],2019-09-09 03:55:02,958.010980534721,0.007332960000000000345965478487642030813731253147125244140625,0.0000007555273348320001,8002900,2019-09-09 03:55:02,btc,9.369969689484183,3.98,0.007332960000000000345965478487642030813731253147125244140625,btc,39.984753401261,0.0,0.2382942060294814,1
1,[],4,[],2019-09-09 03:55:02,24953.46216733,0.00735283,0.000000757574574711,8002901,2019-09-09 03:55:02,btc,7.440939602621545,0.0,0.00735283,btc,463.12464778,0.90365235,0.5585000488804899,1
1,[],12,[],2019-09-09 03:55:07,232.0923358,0.00736000000000000022259971643734388635493814945220947265625,0.000000758313312,8002902,2019-09-09 03:55:07,btc,0.3248579533769,0.0,0.00736000000000000022259971643734388635493814945220947265625,btc,33.53503729,1.750420595132,0.3139233967022,1
1,[],20,[],2019-09-09 03:55:08,1932.0293,0.007302172,0.0000007523551948524,8002903,2019-09-09 03:55:08,btc,0.2225159936501,0.241,0.007302172,btc,18.6321,0.0020697318291,0.1266749106383,1
1,[],21,[],2019-09-09 03:55:09,1867.37010322,0.007389709999999999855135879301,0.000000761374383807,8002904,2019-09-09 03:55:09,btc,7.047840757020026,902.49248355,0.007389709999999999855135879300860324292443692684173583984375,"btc,eth",1325.06438541,6.575216451052522,10.941575667726063,1
1,[],22,[],2019-09-09 03:55:12,0.5199,0.00111000,0.00000011436518700000001,8002905,2019-09-09 03:55:12,BTC,0.01700334,0.0,0.00111000,BTC,0.283670650841137,0.0,0.00057689,1
1,[],24,[],2019-09-09 03:55:13,0.0,0.000000000000,0,8002906,2019-09-09 03:55:13,btc,0.0,0.0,0.000000000000,btc,0.0,0.0,0.0,1
0.0,[],25,[],2019-09-09 03:55:13,0.0,0,0,8002907,2019-09-09 03:55:13,btc,14.24839999955618,1750.81088652,0.0,btc,1869.22474236,13.0552,0.0,1
1,[],26,[],2019-09-09 04:16:53,0.0,0,0,8002908,2019-09-09 04:16:53,,0.0,0.0,0,,0.0,0.0,0.0,1
1,[],28,[],2019-09-09 04:16:55,1037.3,0.007000000000,0.0000007212219,8002909,2019-09-09 04:16:55,btc,0.379748033,2635.0,0.007000000000,btc,23.7751,0.0,0.248706096,1
1,[],10,[],2019-07-13 08:58:05,251434.9725798,0.00271069,0.00000031407274150500003,7812232,2019-07-13 08:58:05,btc,6515.317158446701,1686.04548878,0.00271069,btc,2002.66956917,0.0,1.2639712180673435,1
1,[],5,[],2019-07-06 00:27:44,0.0,0,0,7800775,2019-07-06 00:27:44,btc,0.0,0.00190933,0,btc,0.0,0.0,0.0,1
0,[],2,[],2019-01-20 23:28:45,0.0,0,0,6477011,2019-01-20 23:28:45,,0.0,0.0,0,,0.0,0.0,0.0,1
1,[],22,[],2019-09-09 04:16:59,9495.2,0.0000002,0.00000000002060634,8002910,2019-09-09 04:16:59,BTC,21.00878619,0.0,0.0000002,"BTC,XMR",19931.59287795317,0.0,0.00102579,2
1,[],5,[],2019-07-06 00:28:14,0.0,0,0,7800785,2019-07-06 00:28:14,btc,0.0,0.00208797,0,btc,0.0,0.0,0.0,2
1,[],12,[],2019-08-28 21:17:40,5010914.74249396,0.000000058,0.000000000005696249600000001,7978048,2019-08-28 21:17:40,btc,43110.2619967908,0.0,0.000000058,btc,9228654.41588682,0.002779447687,0.20908922188989368,3
0,[],28,[],2019-08-28 21:17:42,0.0,0,0,7978049,2019-08-28 21:17:42,,0.0,0.0,0,,0.0,0.0,0.0,3
1,[],5,[],2019-06-03 14:48:58,0.0,0,0,7731126,2019-06-03 14:48:58,btc,0.0,0.05905545,0,btc,0.0,0.0,0.0,3
0,[],2,[],2019-01-20 23:31:32,0.0,0,0,6477077,2019-01-20 23:31:32,,0.0,0.0,0,,0.0,0.0,0.0,4
1,[],4,[],2019-08-19 07:13:39,5576051.9095195,0.00000012,0.000000000012681852,7911861,2019-08-19 07:13:39,btc,25.86361324985451,0.0,0.00000012,btc,1094878.27526979,0.00024951,0.0793524101309535,4
0,[],2,[],2019-01-20 23:31:51,0.0,0,0,6477087,2019-01-20 23:31:51,,0.0,0.0,0,,0.0,0.0,0.0,6
1,[],11,[],2019-08-15 15:27:29,324074.0,0.00000001,0.0000000000010065590000000001,7900084,2019-08-15 15:27:29,btc,9583.47119397936,4910218.0,0.00000001,btc,78345418.50750598,0.0,0.00324074,6
1,[],3,[],2019-09-09 04:17:00,11380.722084830639,0.000060229999999999997623879866015528250500210560858249664306640625,0.000000006205599291,8002911,2019-09-09 04:17:00,btc,1026.299823071759,0.0,0.000060229999999999997623879866015528250500210560858249664306640625,btc,501.972843279976,0.0,0.01829594348039946,7
1,[],4,[],2019-09-09 04:17:02,87839.24371521,0.00006402,0.0000000065960894340000005,8002912,2019-09-09 04:17:02,btc,10.992031727144136,0.0,0.00006402,btc,71298.85794235,0.48515079,1.3659008201895597,7
1,[],5,[],2019-07-06 00:28:21,0.0,0,0,7800789,2019-07-06 00:28:21,btc,0.0,0.38662001,0,btc,0.0,0.0,0.0,7
1,[],5,[],2019-07-05 17:50:59,0.0,0,0,7799863,2019-07-05 17:50:59,btc,0.0,0.04857279,0,btc,0.0,0.0,0.0,12
0,[],2,[],2019-01-20 23:23:08,0.0,0,0,6476890,2019-01-20 23:23:08,,0.0,0.0,0,,0.0,0.0,0.0,12
1,[],4,[],2019-09-09 04:17:03,9097488.74874616,0.00000014,0.000000000014424438,8002913,2019-09-09 04:17:03,btc,5.251770052339749,0.0,0.00000014,btc,12253416.63489459,0.26967508,0.6288058563446814,12
0.0,[],25,[],2019-09-09 04:17:09,0.0,0,0,8002914,2019-09-09 04:17:09,,0.0,0.0,0.0,btc,0.0,0.0,0.0,12
1,[],4,[],2019-09-09 04:17:10,942182.86042041,0.00000105,0.000000000108183285,8002915,2019-09-09 04:17:10,btc,2.527663049908751,0.0,0.00000105,btc,786527.13914057,0.03491161,0.3004895569501822,13
1,[],10,[],2019-09-09 04:17:12,708755.92971573,0.00000103,0.00000000010612265100000002,8002916,2019-09-09 04:17:12,btc,666828.3302555031,22543.5943358,0.00000103,btc,1011333.103489,0.0,0.0950803972597557,13
1,[],21,[],2019-09-09 04:17:13,4474211.33257443,0.000001080000000000000035831255497,0.00000000011127423600000001,8002917,2019-09-09 04:17:13,btc,3.7617883792031197,352815.90297188,0.000001080000000000000035831255497387193287295303889550268650054931640625,btc,2146286.12828074,0.39162064,1.6285485130962836,13
0,[],17,[],2019-08-21 20:54:35,0.0,0,0,7923253,2019-08-21 20:54:35,btc,0.0,0.0,0,btc,0.0,0.0,0.0,14
1,[],4,[],2019-09-09 04:17:14,1007579.22126393,0.00000050,0.00000000005151585,8002918,2019-09-09 04:17:14,btc,2.013617547327192,0.0,0.00000050,btc,920732.23690686,0.00207502,0.1284294881666833,14
1,[],12,[],2019-09-09 04:17:15,207931.05327906,0.00000044,0.000000000045333948000000004,8002919,2019-09-09 04:17:15,btc,182.0005396094363,0.0,0.00000044,btc,36786.81600461,0.000402104283,0.012019918705882,14
1,[],26,[],2019-09-09 04:17:16,0.0,0,0,8002920,2019-09-09 04:17:16,,0.0,0.0,0,,0.0,0.0,0.0,14
0,[],4,[],2019-09-09 04:17:16,0.0,0,0,8002921,2019-09-09 04:17:16,,0.0,0.0,0,,0.0,0.0,0.0,15
,[],12,[],2018-12-01 15:15:48,204241.84496,0.00000489,0.000000000202473384,5260204,2018-12-01 15:15:48,btc,49.5475654835,0.0,,btc,35763.2193806,0.0163153972027625,0.0203389899998,15
0,[],17,[],2019-08-21 20:54:42,0.0,0,0,7923259,2019-08-21 20:54:42,btc,0.0,0.0,0,btc,0.0,0.0,0.0,18
1,[],4,[],2019-09-09 04:17:17,30606.9703187,0.00000515,0.000000000530613255,8002922,2019-09-09 04:17:17,btc,2.477187928570008,0.0,0.00000515,btc,30154.75245083,0.02539032,0.0381666171073472,18
0,[],2,[],2019-01-20 23:23:38,0.0,0,0,6476906,2019-01-20 23:23:38,,0.0,0.0,0,,0.0,0.0,0.0,18
1,[],10,[],2019-09-09 04:17:19,385480.4540455,0.00000523,0.000000000538855791,8002923,2019-09-09 04:17:19,btc,14.891481328437202,43937.8363514,0.00000523,btc,10969.30158696,0.0,0.1967584562025892,18
1,[],12,[],2019-09-09 04:17:20,22222.9659622,0.00000583000000000000008558258268731577800281229428946971893310546875,0.000000000600674811,8002924,2019-09-09 04:17:20,btc,0.5660888578129413,0.0,0.00000583000000000000008558258268731577800281229428946971893310546875,btc,2101.03201573,0.002167928774,0.0155793134906421,18
0,[],27,[],2019-08-12 16:48:42,0.0,0,0,7891818,2019-08-12 16:48:42,,0.0,0.0,0,btc,0.0,0.0,0.0,19
1,[],3,[],2019-09-09 04:17:22,155359.4669514279,0.0000044900000000000002097475838847007167942138039506971836090087890625,0.00000000046261233300000004,8002925,2019-09-09 04:17:22,btc,190.4456932032198,0.0,0.0000044900000000000002097475838847007167942138039506971836090087890625,btc,36469.09104275922,0.0,0.052944888712721294,19
1,[],4,[],2019-09-09 04:17:22,375647.2034821,0.00000444,0.00000000045746074800000003,8002926,2019-09-09 04:17:22,btc,2.981266139884615,0.0,0.00000444,btc,284972.25700521,0.04080263,0.7048591438630348,19
1,[],12,[],2019-09-09 04:17:24,128903.37250144,0.0000054399999999999995844231388819611794360753265209496021270751953125,0.000000000560492448,8002927,2019-09-09 04:17:24,btc,0.2688810788006941,0.0,0.0000054399999999999995844231388819611794360753265209496021270751953125,btc,3290.38445708,0.000245613879,0.0176051905074179,19
0,[],2,[],2019-01-20 23:24:19,0.0,0,0,6476924,2019-01-20 23:24:19,,0.0,0.0,0,,0.0,0.0,0.0,19
1,[],5,[],2019-07-06 02:01:19,0.0,0,0,7800799,2019-07-06 02:01:19,btc,0.0,0.0,0,btc,0.0,0.0,0.0,19
1,[],4,[],2019-08-19 09:56:57,10479102.32813501,0.00000006,0.00000000000640596,7912317,2019-08-19 09:56:57,btc,4.984292824562718,0.0,0.00000006,btc,2305413.8842246,0.0,0.1263090499480169,20
0,[],17,[],2019-08-21 20:54:51,0.0,0,0,7923265,2019-08-21 20:54:51,btc,0.0,0.0,0,btc,0.0,0.0,0.0,21
0,[],4,[],2019-09-09 04:17:24,0.0,0,0,8002928,2019-09-09 04:17:24,,45993.40454714893,0.0,0,,177499954.09586042,0.0,0.0,21
0,[],12,[],2019-09-09 04:17:26,0.0,0,0,8002929,2019-09-09 04:17:26,btc,2617.139630490949,0.0,0,btc,8999258.89310687,0.0,0.0,21
0.0000000002204393,[],27,[],2019-07-29 17:24:02,79794022.5,8.5971327e-17,8.21370058158e-21,7852364,2019-07-29 17:24:02,eth,1253.5830452782222,787155.0,0.00000039,eth,2317982.66147653,6.7672759904685e-11,2.1948587434632156e-09,23
1,[],12,[],2019-09-09 04:17:27,4155103950.955,0.0000000017,0.00000000000017515388999999998,8002930,2019-09-09 04:17:27,btc,167285668058.1699,0.0,0.0000000017,btc,1982765028.5870192,0.132282032579,0.928167470428,23
1,[],4,[],2019-09-09 04:17:28,5965751.55693032,0.00000014,0.000000000014424438,8002931,2019-09-09 04:17:28,btc,4.378050533838381,0.0,0.00000014,btc,2096736.44882309,0.0050151,0.1028131794532273,24
0,[],22,[],2019-09-09 04:17:31,0.0,0,0,8002932,2019-09-09 04:17:31,,2.9367775,0.0,0,,2936.7775,0.0,0.0,24
0.0,[],25,[],2019-09-09 04:17:32,0.0,0,0,8002933,2019-09-09 04:17:32,,0.0,0.0,0.0,btc,0.0,0.0,0.0,24
1,[],4,[],2019-09-09 04:17:33,27533823.16133439,0.00000339,0.000000000349277463,8002934,2019-09-09 04:17:33,btc,108.53335810715475,0.0,0.00000339,btc,1044588.16675781,0.04416317,0.5535136015040523,26
1,[],10,[],2019-09-09 04:17:35,214876.64477886,0.00000353,0.00000000036370190100000003,8002935,2019-09-09 04:17:35,btc,25.713986867856487,8155.97323104,0.00000353,btc,19677.83400665,0.0,0.0350488829093263,26
0,[],2,[],2019-01-20 23:25:56,0.0,0,0,6476976,2019-01-20 23:25:56,,0.0,0.0,0,,0.0,0.0,0.0,26
0.0000000000671165,[],4,[],2019-09-09 04:17:35,826245553.9441165,3.2215920000000004e-17,3.3192610046640004e-21,8002936,2019-09-09 04:17:35,ltc,12.161894140740227,0.0,0.00000048,ltc,1016620380.9790375,0.0,5.119415673566614e-09,29
1,[],7,[],2019-09-09 04:17:36,0.0,0,0,8002937,2019-09-09 04:17:36,btc,13538.45171742049,0.0,0,btc,40578447.89577821,0.0,0.0,29
0,[],17,[],2019-08-21 20:55:05,0.0,0,0,7923275,2019-08-21 20:55:05,btc,0.0,0.0,0,btc,0.0,0.0,0.0,30
1,[],4,[],2019-09-09 04:17:37,14070036.24579511,0.00000007,0.000000000007212219,8002938,2019-09-09 04:17:37,btc,2.254401506554666,0.0,0.00000007,btc,1929422.17212911,0.0010922,0.1637886309749069,30
1,[],4,[],2019-09-09 04:17:38,198622.52978099,0.00002181,0.000000002247121377,8002939,2019-09-09 04:17:38,btc,2.095918875980945,0.0,0.00002181,btc,53631.42540612,0.08913631,0.1985366498866286,31
1,[],21,[],2019-09-09 04:17:50,7440790.19942894,0.00002095999999999999922092701332,0.000000002159544432,8002940,2019-09-09 04:17:50,btc,2.8631946103912775,49588.40706513,0.00002095999999999999922092701332143604986413265578448772430419921875,btc,102301.79089884,1.08759342,3.226440239185033,31
0,[],2,[],2019-01-20 23:28:43,0.0,0,0,6477009,2019-01-20 23:28:43,,0.0,0.0,0,,0.0,0.0,0.0,32
0,[],4,[],2019-09-09 04:17:51,0.0,0,0,8002941,2019-09-09 04:17:51,,0.0,0.0,0,,0.0,0.0,0.0,33
1,[],12,[],2019-03-30 07:55:10,40641173.964,0.00000003,0.000000000001228359,7108785,2019-03-30 07:55:10,btc,4233210.82356125,0.0,0.00000003,btc,28378394.68333462,0.0126927883965248,0.90752895892,33
0.0000000000671165,[],4,[],2019-09-09 04:17:52,42615638.0526642,2.6175435000000003e-17,2.6968995662895004e-21,8002942,2019-09-09 04:17:52,ltc,6.1373761007613385,0.0,0.00000039,ltc,191285961.82305124,0.0,3.461533786915863e-10,34
1,[],5,[],2019-07-06 02:03:46,0.0,0,0,7800811,2019-07-06 02:03:46,btc,0.0,0.0,0,btc,0.0,0.0,0.0,34
1,[],27,[],2019-08-12 16:26:17,6255.0,0.00000019,0.000000000021630303,7891745,2019-08-12 16:26:17,btc,22.61101824371233,0.0,0.00000019,btc,4198.924835,0.0,0.00091445,37
1,[],17,[],2019-08-21 20:55:15,210000.45146899,0.00000025,0.000000000025489949999999998,7923282,2019-08-21 20:55:15,btc,0.003138923777095,0.0,0.00000025,"btc,eth",803.94918473,0.0,0.0001001128676138302,37
1,[],4,[],2019-09-09 04:17:53,11266955.74806871,0.00000011,0.000000000011333487000000001,8002943,2019-09-09 04:17:53,btc,19773.29707905589,0.0,0.00000011,btc,2444848.28285763,0.00519033,0.1959199669203904,37
1,[],12,[],2019-09-09 04:17:54,8406841.27865734,0.0000001,0.00000000001030317,8002944,2019-09-09 04:17:54,btc,1679.4079813542628,0.0,0.0000001,btc,2487010.96882518,0.004253215802,0.253822167865734,37
0,[],27,[],2019-08-12 16:26:27,0.0,0,0,7891747,2019-08-12 16:26:27,,0.001005,0.0,0,"btc,eth",3.0,0.0,0.0,42
1,[],12,[],2019-09-09 04:17:56,303659.5284558,0.00000086,0.000000000088607262,8002945,2019-09-09 04:17:56,btc,486.68277836574345,0.0,0.00000086,btc,159003.98545625,0.034746172369,0.0528390826074555,42
1,[],5,[],2019-07-06 02:03:47,0.0,0,0,7800812,2019-07-06 02:03:47,btc,0.0,0.14382058,0,btc,0.0,0.0,0.0,42
1,[],12,[],2019-03-13 09:13:29,1112112.0,0.00000001,0.000000000000386531,6919902,2019-03-13 09:13:29,btc,29058.00478931866,0.0,0.00000001,btc,5967681.93306694,9.99000999e-07,0.01112112,43
1,[],5,[],2019-04-26 22:38:52,0.0,0,0,7474154,2019-04-26 22:38:52,btc,0.0,0.02638891,0,btc,0.0,0.0,0.0,43
0,[],17,[],2019-04-26 22:38:53,0.0,0,0,7474155,2019-04-26 22:38:53,btc,0.0,0.0,0,btc,0.0,0.0,0.0,43
0.0000000000671165,[],4,[],2019-09-09 04:17:56,109654255.2745415,4.0941065000000005e-17,4.218227526760501e-21,8002946,2019-09-09 04:17:56,ltc,8614.741115476563,0.0,0.00000061,ltc,27251723.12987601,0.0,4.382245362252235e-10,49
0.0000000000673771,[],4,[],2019-09-01 13:37:52,277776288.3690458,1.4149191e-17,1.3535738675004002e-21,7981780,2019-09-01 13:37:52,ltc,31254.223411918138,0.0,0.00000021,ltc,165508145.920071,0.0,2.8136254903293817e-10,52
0,[],27,[],2019-08-12 16:26:37,0.0,0,0,7891750,2019-08-12 16:26:37,,0.0,0.0,0,"btc,eth",0.0,0.0,0.0,57
0,[],22,[],2019-09-09 04:17:59,0.0,0,0,8002947,2019-09-09 04:17:59,,10290.06395626,0.0,0,,285312171.3316013,0.0,0.0,57
1,[],17,[],2019-08-21 20:55:25,1200000.0,0.0000000001,0.00000000000001019598,7923289,2019-08-21 20:55:25,btc,1e+24,0.0,0.0000000001,"btc,eth",39506342.31952568,0.0,0.00010000000036633021,58
0.0000000000671165,[],4,[],2019-09-09 04:18:00,929285822.9349024,6.711650000000001e-19,6.91512709305e-23,8002948,2019-09-09 04:18:00,ltc,19.713030914845838,0.0,0.00000001,ltc,5318184619.550812,0.0,6.237041193501039e-10,58
0,[],12,[],2019-09-09 04:18:01,0.0,0,0,8002949,2019-09-09 04:18:01,btc,71895562.73029676,0.0,0,btc,5024723424.707329,5.0079019e-05,0.0,58
0.0000000000741522,[],22,[],2019-09-09 04:18:05,626877.0,7.41522e-19,7.64002722474e-23,8002950,2019-09-09 04:18:05,XMR,68.17454206,0.0,0.00000001,XMR,9626402.6,0.0,0.00626877,58
0,[],27,[],2019-07-29 19:34:56,0.0,0,0,7852673,2019-07-29 19:34:56,,1.97314195,0.0,0,"btc,eth",10936.9,0.0,0.0,61
0,[],22,[],2019-08-22 14:00:27,0.0,0,0,7929496,2019-08-22 14:00:27,,1000.95212109,0.0,0,,9656.689066014545,0.0,0.0,61
1,[],26,[],2019-08-22 14:00:27,0.0,0,0,7929497,2019-08-22 14:00:27,,0.0,0.0,0,,0.0,0.0,0.0,61
1,[],28,[],2019-08-22 14:00:41,40000.0,0.00000004,0.000000000004031476,7929498,2019-08-22 14:00:41,btc,0.242343945415105,338.0,0.00000004,btc,8016.46650005,0.0,0.001,61
1,[],5,[],2019-06-17 14:31:27,0.0,0,0,7740135,2019-06-17 14:31:27,btc,0.0,0.00079154,0,btc,0.0,0.0,0.0,61
1,[],4,[],2019-09-09 04:18:06,1880102.18803619,0.00000067,0.000000000069031239,8002951,2019-09-09 04:18:06,btc,2.966932361455888,0.0,0.00000067,btc,1313456.16340889,0.01087384,0.8489834944884485,67
0.0,[],25,[],2019-09-09 04:18:07,0.0,0,0,8002952,2019-09-09 04:18:07,,0.0,0.0,0.0,btc,0.0,0.0,0.0,67
1,[],12,[],2019-06-02 06:23:14,910048.355,0.00000006,0.000000000005154929999999999,7725270,2019-06-02 06:23:14,btc,5.167005424215783,0.0,0.00000006,btc,738530.60239759,0.003159757462,0.0187188113,71
,[],5,[],2018-11-20 23:02:39,1.5e-07,0.00000005,0.000000000002128045,4862160,2018-11-20 23:02:39,btc,2.84511358,0.0,,btc,0.00036572,0.0,0.07381892,74
1,[],5,[],2019-07-06 00:15:01,0.0,0,0,7800749,2019-07-06 00:15:01,btc,0.0,0.01883861,0,btc,0.0,0.0,0.0,75
1,[],4,[],2019-09-09 04:18:08,164104.16137445,0.00005700,0.0000000058728069,8002953,2019-09-09 04:18:08,btc,54.7092291616554,0.0,0.00005700,btc,110099.26526605,0.33786511,0.9839348746316722,82
1,[],21,[],2019-09-09 04:18:09,793597.9628212,0.00005216000000000000204423283856,0.000000005374133472,8002954,2019-09-09 04:18:09,btc,3.4507649114440886,4383.16773133,0.000052160000000000002044232838560589016196900047361850738525390625,btc,45565.08009899,0.23432911,1.7276735066960325,82
0,[],4,[],2019-07-23 20:51:52,0.0,0,0,7830376,2019-07-23 20:51:52,,1.6413985531662756,0.0,0,,620289065.5915176,0.0,0.0,85
,[],22,[],2018-11-20 23:09:34,3408.1,0.0000001,0.0000000000041895,4862324,2018-11-20 23:09:34,BTC,0.04624735,0.0,,BTC,4990.0,0.0,0.00033081,86
1,[],27,[],2019-08-06 12:06:36,100155.0,0.00000003,0.000000000003516594,7875448,2019-08-06 12:06:36,btc,7.177196150774,345.0,0.00000003,btc,287406.89336,1.035e-05,0.00300465,87
1,[],22,[],2019-09-09 04:18:12,617988.0,0.00000001,0.000000000001030317,8002955,2019-09-09 04:18:12,BTC,1.80297794,0.0,0.00000001,BTC,1059840.847368421,0.0,0.00617988,87
,[],2,[],2018-11-20 23:10:47,0.0,0,0,4862359,2018-11-20 23:10:47,,0.0,0.0,,,0.0,0.0,0.0,88
0,[],2,[],2019-01-20 23:31:45,0.0,0,0,6477083,2019-01-20 23:31:45,,0.0,0.0,0,,0.0,0.0,0.0,91
1,[],12,[],2019-08-21 08:36:52,425737.18747014,0.00000027,0.00000000002755863,7920587,2019-08-21 08:36:52,btc,589.0196553122464,0.0,0.00000027,btc,329461.8088511,0.000457377432,0.0207804367963476,91
0,[],17,[],2019-08-21 08:36:53,0.0,0,0,7920588,2019-08-21 08:36:53,btc,0.0,0.0,0,btc,0.0,0.0,0.0,91
1,[],22,[],2019-08-21 08:36:57,54200.0,0.00000003,0.00000000000306207,7920589,2019-08-21 08:36:57,BTC,1.05335,0.0,0.00000003,"BTC,LTC",1839.95,0.0,0.002326,91
0,[],17,[],2019-08-21 20:55:48,0.0,0,0,7923301,2019-08-21 20:55:48,btc,0.0,0.0,0,btc,0.0,0.0,0.0,96
0.0000000000671165,[],4,[],2019-09-09 04:18:13,584201434.919869,8.725145000000001e-18,8.989665220965e-22,8002956,2019-09-09 04:18:13,ltc,18.41901624401585,0.0,0.00000013,ltc,216671399.59141088,0.0,6.164964948684055e-10,96
0,[],12,[],2019-09-09 04:18:14,0.0,0,0,8002957,2019-09-09 04:18:14,btc,109.38136617456543,0.0,0,btc,11921666.45654345,0.0,0.0,96
0,[],2,[],2019-01-20 23:23:55,0.0,0,0,6476914,2019-01-20 23:23:55,,0.0,0.0,0,,0.0,0.0,0.0,100
1,[],4,[],2019-09-09 04:18:15,134239.87153392,0.00001325,0.000000001365170025,8002958,2019-09-09 04:18:15,btc,8.58165443566018,0.0,0.00001325,btc,202336.89332584,0.08591282,0.594094147506306,100
1,[],22,[],2019-09-02 01:52:50,146000.0,0.00000002,0.0000000000019461180000000003,7985214,2019-09-02 01:52:50,BTC,26.50623849,0.0,0.00000002,BTC,10383.92,0.0,0.00162,101
1,[],27,[],2019-08-12 16:30:59,2050161.9,0.00000005,0.0000000000056921850000000005,7891762,2019-08-12 16:30:59,btc,261.32824567561846,0.0,0.00000005,btc,285690.80442935,0.0,0.060251537,105
1,[],12,[],2019-08-26 10:09:37,94297270.0,0.000000001,0.00000000000010357180000000001,7965278,2019-08-26 10:09:37,btc,339276.63475285517,0.0,0.000000001,btc,137493066.90169865,0.002908079082,0.09429727,105
1,[],27,[],2019-08-12 16:31:06,1.0,0.00000001,0.000000000001138437,7891764,2019-08-12 16:31:06,btc,0.0,0.0,0.00000001,"btc,eth",0.0,0.0,1e-08,112
0,[],22,[],2019-09-09 04:18:19,0.0,0,0,8002959,2019-09-09 04:18:19,,6.80006923,0.0,0,,3882713.0833333335,0.0,0.0,112
1,[],5,[],2019-07-06 00:19:31,0.0,0,0,7800761,2019-07-06 00:19:31,btc,0.0,0.0,0,btc,0.0,0.0,0.0,112
1,[],5,[],2019-07-06 00:19:43,0.0,0,0,7800765,2019-07-06 00:19:43,btc,0.0,0.0,0,btc,0.0,0.0,0.0,113
1,[],4,[],2019-08-23 18:16:44,371097.09099114,0.00000094,0.000000000097689594,7938037,2019-08-23 18:16:44,btc,6.337079582375524,0.0,0.00000094,btc,946945.41992512,0.00337055,0.1031406582583925,113
1,[],17,[],2019-08-21 20:55:59,212000.0,0.00000004,0.000000000004078392,7923307,2019-08-21 20:55:59,btc,1.3335225243619424,1.12e-06,0.00000004,btc,55804.73574154,0.0,0.00218,116
1,[],27,[],2019-08-02 18:48:59,95525.16595526,0.00000001,0.000000000001045936,7866367,2019-08-02 18:48:59,btc,3918.96487209,0.0,0.00000001,btc,88497.69,0.0,0.0009552516595526,116
1,[],4,[],2019-09-09 04:18:20,26984172.15703709,0.00000062,0.000000000063879654,8002960,2019-09-09 04:18:20,btc,130.46098906403992,0.0,0.00000062,btc,2270168.69421652,3.5885956,2.15816741298007,120
1,[],7,[],2019-09-09 04:18:21,15368.23116338,0.000008019999999999999446497443711390218368251225911080837249755859375,0.000000000826314234,8002961,2019-09-09 04:18:21,btc,60.76041640328433,0.0,0.000008019999999999999446497443711390218368251225911080837249755859375,btc,4537.13059959,0.0,0.0049929834127902,120
1,[],17,[],2019-08-21 20:56:04,10000.0,0.00000001,0.000000000001019598,7923311,2019-08-21 20:56:04,btc,0.0953976503951408,0.0,0.00000001,btc,5037.62507334,0.0,0.0001,131
1,[],4,[],2019-09-09 04:18:23,195779.51256525,0.00000193,0.000000000198851181,8002962,2019-09-09 04:18:23,btc,2.3273402021220084,0.0,0.00000193,btc,344286.67994042,0.01822163,0.1391564403326945,131
0,[],2,[],2019-01-20 23:25:46,0.0,0,0,6476969,2019-01-20 23:25:46,,0.0,0.0,0,,0.0,0.0,0.0,131
1,[],4,[],2019-08-20 14:43:19,8549.6097675,0.00005121,0.0000000054409242329999995,7915998,2019-08-20 14:43:19,btc,0.2921428325204394,0.0,0.00005121,btc,235.83446249,0.0,0.0027602632940558,135
1,[],3,[],2019-07-13 16:51:20,187.26592867,0.00000001,0.000000000001140965,7813490,2019-07-13 16:51:20,btc,419.77407087449336,1935513.62324,0.00000001,btc,3179086.72005867,0.0,1.8726592866999999e-06,136
1,[],4,[],2019-09-09 04:18:25,521558.91983979,0.00000346,0.000000000356489682,8002963,2019-09-09 04:18:25,btc,19.38326373817214,0.0,0.00000346,btc,454063.87005565,0.24795551,0.8905759868327987,137
1,[],12,[],2019-09-09 04:18:26,105853.05137357,0.000003170000000000000142425134186385804468955029733479022979736328125,0.00000000032661048900000004,8002964,2019-09-09 04:18:26,btc,38.547820199186,0.0,0.000003170000000000000142425134186385804468955029733479022979736328125,btc,40948.32599231,0.001386052766,0.0316221664948399,137
1,[],17,[],2019-08-21 20:56:08,32967.38636364,0.00000088,0.00000000008972462400000001,7923315,2019-08-21 20:56:08,btc,20.069762065592148,0.0,0.00000088,btc,2746.079105,0.0,0.0105613000000032,142
1,[],4,[],2019-09-09 04:18:26,292533.76684749,0.00002538,0.000000002614944546,8002965,2019-09-09 04:18:26,btc,2.942909322303116,0.0,0.00002538,btc,68793.69074804,0.51383248,0.539214920091762,142
1,[],20,[],2019-09-09 04:18:29,108946.7981,0.000018327,0.0000000018882619659,8002966,2019-09-09 04:18:29,btc,1.275343444356,20.4621,0.000018327,btc,3565.0977,0.0004692184917,0.0027914877811,142
1,[],22,[],2019-09-09 04:18:32,10619.88,0.00000200,0.0000000002060634,8002967,2019-09-09 04:18:32,BTC,1.55898515,0.0,0.00000200,BTC,835.8398331062671,0.0,0.00416696,142
0.0,[],25,[],2019-09-09 04:18:33,0.0,0,0,8002968,2019-09-09 04:18:33,,0.0,0.0,0.0,btc,0.0,0.0,0.0,142
1,[],28,[],2019-09-09 04:18:35,10108320.0,0.000025010000,0.000000002576822817,8002969,2019-09-09 04:18:35,btc,0.43351835,2657.000676,0.000025010000,btc,2471.485,0.0,1.5829883,142
1,[],5,[],2019-07-06 02:06:10,0.0,0,0,7800822,2019-07-06 02:06:10,btc,0.0,0.00140707,0,btc,0.0,0.0,0.0,142
0,[],22,[],2019-08-21 15:01:35,0.0,0,0,7922332,2019-08-21 15:01:35,,68.14027224,0.0,0,,718000153.5744588,0.0,0.0,143
0,[],22,[],2019-02-25 15:42:22,0.0,0,0,6783783,2019-02-25 15:42:22,,4.2131946,0.0,0,,2322156.0,0.0,0.0,146
,[],22,[],2018-11-20 23:01:11,0.0,0,0,4862114,2018-11-20 23:01:11,,2.56807021,0.0,,,61828.4988236,0.0,0.0,147
1,[],12,[],2019-04-21 06:38:04,193091.5971266,0.00000071,0.000000000037635183,7388679,2019-04-21 06:38:04,btc,2.301232411611175,0.0,0.00000071,btc,9957.48302385,0.00023528,0.0313308199999888,148
1,[],5,[],2019-04-26 09:36:59,0.0,0,0,7465040,2019-04-26 09:36:59,btc,0.0,0.0,0,btc,0.0,0.0,0.0,153
0,[],23,[],2019-01-20 23:24:29,0.0,0,0,6476932,2019-01-20 23:24:29,,0.0,0.0,0,,0.0,0.0,0.0,156
0,[],22,[],2019-09-09 04:18:37,0.0,0,0,8002970,2019-09-09 04:18:37,,6.87813965,0.0,0,,4570228.592592592,0.0,0.0,156
1,[],22,[],2019-09-09 04:18:40,6996.0,0.00000001,0.000000000001030317,8002971,2019-09-09 04:18:40,BTC,1.7547719,0.0,0.00000001,BTC,64.8,0.0,6.996e-05,157
0,[],22,[],2019-08-17 00:05:41,0.0,0,0,7905012,2019-08-17 00:05:41,,50234.60468402,0.0,0,,54786159.03179465,0.0,0.0,158
,[],17,[],2018-11-20 22:56:10,0.0,0,0,4861976,2018-11-20 22:56:10,btc,1.1265625,0.0,,btc,1000.0,0.0,0.0,159
,[],20,[],2018-11-20 22:56:12,0.0,0,0,4861977,2018-11-20 22:56:12,btc,11912.7940471,0.0,,btc,34413894.3617,0.0,0.0,159
0.0000000000671165,[],22,[],2019-09-09 04:18:43,1989.3181818181818,1.4765630000000002e-17,1.5213279604710002e-21,8002972,2019-09-09 04:18:43,LTC,22.83517876,0.0,0.00000022,LTC,315625.6604070517,0.0,0.00043765,171
0.0000000000644549,[],22,[],2019-09-03 05:10:10,94000.0,6.44549e-19,6.64851004402e-23,7989885,2019-09-03 05:10:10,LTC,17.607944,0.0,0.00000001,LTC,1473441.0846050987,0.0,0.00094,173
1,[],5,[],2019-07-06 02:08:45,0.0,0,0,7800830,2019-07-06 02:08:45,btc,0.0,0.00700197,0,btc,0.0,0.0,0.0,175
0,[],22,[],2019-08-19 04:17:22,0.0,0,0,7911532,2019-08-19 04:17:22,,393.97295672,0.0,0,,135375.61833431243,0.0,0.0,176
1,[],7,[],2019-07-01 10:15:32,0.0,0,0,7783526,2019-07-01 10:15:32,btc,521516.2326888725,0.0,0,btc,26809253.73522063,0.0,0.0,178
0,[],22,[],2019-09-09 04:18:46,0.0,0,0,8002973,2019-09-09 04:18:46,,1.00205534,0.0,0,,62828.0,0.0,0.0,178
0,[],2,[],2019-01-20 23:28:34,0.0,0,0,6477001,2019-01-20 23:28:34,,0.0,0.0,0,,0.0,0.0,0.0,178
1,[],5,[],2019-07-06 02:08:50,0.0,0,0,7800832,2019-07-06 02:08:50,btc,0.0,6.904e-05,0,btc,0.0,0.0,0.0,179
0,[],23,[],2019-01-20 23:25:08,0.0,0,0,6476952,2019-01-20 23:25:08,,0.0,0.0,0,,0.0,0.0,0.0,179
0.0000000000671165,[],22,[],2019-09-09 04:18:59,250000.0,2.0134950000000002e-17,2.074538127915e-21,8002974,2019-09-09 04:18:59,LTC,10.20937404,0.0,0.0000003,LTC,14612113.811946675,0.0,0.075,179
1,[],17,[],2019-08-21 20:57:03,32504.725000000002,0.00000015,0.00000000001529397,7923326,2019-08-21 20:57:03,btc,5.201614863967379,8e-06,0.00000015,btc,5020.40125,0.0,0.0029504724999999997,180
1,[],22,[],2019-09-09 04:19:03,768900.1450252999,0.00000041,0.000000000042242997,8002975,2019-09-09 04:19:03,BTC,2.96191587,0.0,0.00000041,"BTC,LTC",240494.05802533453,0.0,0.61113594,180
1,[],26,[],2019-09-09 04:19:03,0.0,0,0,8002976,2019-09-09 04:19:03,,0.0,0.0,0,,0.0,0.0,0.0,180
,[],7,[],2018-11-20 22:58:01,562227.975654,0.00000085,0.000000000036176765,4862015,2018-11-20 22:58:01,btc,21836.6059674,2491.87645172,,btc,749999.041456,0.00211021,0.127565380455,183
,[],5,[],2019-01-10 08:11:41,0.0,0,0,6347036,2019-01-10 08:11:41,btc,82.15055501,0.00261,,btc,1.19002445,0.0,0.0,187
,[],17,[],2018-11-16 20:58:10,4062536.27273,0.00000001,0.000000000000550501,4708775,2018-11-16 20:58:10,btc,3.36492563466,0.195460381006,,"btc,eth",110697919.549,0.0,0.0157628953496,187
1,[],24,[],2019-05-22 21:04:52,0.0,0.000000000014,0.0000000000000010960978,7670219,2019-05-22 21:04:52,btc,0.0,0.0,0.000000000014,btc,0.0,0.0,0.0,187
0,[],23,[],2019-01-20 23:31:41,0.0,0,0,6477079,2019-01-20 23:31:41,,0.0,0.0,0,,0.0,0.0,0.0,199
0,[],22,[],2019-09-09 04:19:05,0.0,0,0,8002977,2019-09-09 04:19:05,,6.97417052,0.0,0,,108405779.0,0.0,0.0,199
1,[],26,[],2019-09-09 04:19:05,0.0,0,0,8002978,2019-09-09 04:19:05,,0.0,0.0,0,,0.0,0.0,0.0,199
1,[],4,[],2019-01-25 15:51:35,2084389.58565343,0.00000936,0.000000000333526752,6499557,2019-01-25 15:51:35,btc,2.0092503037378524,0.0,0.00000936,btc,160195.80207885,0.19272417,1.242687955921835,211
1,[],7,[],2019-07-01 02:21:28,1170054124.6898527,0.00000018,0.000000000019815389999999997,7782694,2019-07-01 02:21:28,btc,1346735.6331920293,0.0,0.00000018,btc,5516233.71348162,0.0,11.954344045954047,212
0,[],22,[],2019-08-19 07:38:07,0.0,0,0,7911940,2019-08-19 07:38:07,,6.8412543,0.0,0,,3272264.174064925,0.0,0.0,216
1,[],27,[],2019-08-12 16:37:52,320029.088,0.00000001,0.000000000001138437,7891783,2019-08-12 16:37:52,btc,176.0318120012664,0.0,0.00000001,"btc,ltc",485496.05456794,0.0,0.00320029088,216
1,[],22,[],2019-09-09 04:19:11,369071.7263736264,0.00000014,0.000000000014424438,8002979,2019-09-09 04:19:11,BTC,12055.79057063,0.0,0.00000014,BTC,597646.397268583,1.5e-07,0.01345745,217
0,[],22,[],2019-08-29 16:52:21,0.0,0,0,7978120,2019-08-29 16:52:21,,4.69007484,0.0,0,,180254.70709740353,0.0,0.0,221
1,[],24,[],2019-08-29 16:52:22,0.0,0.000000010000,0.000000000000950592,7978121,2019-08-29 16:52:22,btc,0.0,0.0,0.000000010000,btc,0.0,0.0,0.0,221
1,[],26,[],2019-09-09 04:19:11,0.0,0,0,8002980,2019-09-09 04:19:11,,0.0,0.0,0,,0.0,0.0,0.0,231
0.0000000001859265,[],27,[],2019-08-12 16:38:10,100.0,1.859265e-18,2.1166560688050002e-22,7891787,2019-08-12 16:38:10,eth,0.0,0.0,0.00000001,"btc,eth",0.0,0.0,1.8592649999999999e-16,234
1,[],26,[],2019-09-09 04:19:12,0.0,0,0,8002981,2019-09-09 04:19:12,,0.0,0.0,0,,0.0,0.0,0.0,234
1,[],5,[],2019-07-06 02:11:21,0.0,0,0,7800842,2019-07-06 02:11:21,btc,0.0,0.10652887,0,btc,0.0,0.0,0.0,237
1,[],20,[],2019-09-09 04:19:13,43359630.3419,0.000000028,0.0000000000028848876,8002982,2019-09-09 04:19:13,btc,521.1083223485974,5582930.2861,0.000000028,btc,33918930.5109,0.1583351188214,0.2605686960469,237
1,[],22,[],2019-09-09 04:19:17,1837861.0,0.00000001,0.000000000001030317,8002983,2019-09-09 04:19:17,BTC,1.20569942,0.0,0.00000001,"BTC,LTC",60432.94871794872,0.0,0.01837861,237
1,[],5,[],2019-07-06 02:11:32,0.0,0,0,7800846,2019-07-06 02:11:32,btc,0.0,0.05525444,0,btc,0.0,0.0,0.0,238
1,[],4,[],2019-08-18 21:55:28,28766182.9187235,0.00000006,0.0000000000062177580000000004,7910606,2019-08-18 21:55:28,btc,2.1262004590211685,0.0,0.00000006,btc,15667280.40051822,0.02567584,0.5811165339764514,238
0.0000000000711565,[],22,[],2019-08-17 13:20:25,419253.0,7.115650000000001e-19,7.3700771814e-23,7906682,2019-08-17 13:20:25,LTC,0.40427224,0.0,0.00000001,LTC,496363.0639027493,0.0,0.00419253,249
0,[],22,[],2019-09-07 11:54:30,0.0,0,0,7999199,2019-09-07 11:54:30,,13.4488406,0.0,0,,43819581.3426455,0.0,0.0,252
1,[],28,[],2019-09-09 04:19:21,2474146.0,0.0000005,0.00000000005151585,8002984,2019-09-09 04:19:21,btc,164695.8342972971,279549.217,0.0000005,btc,1665857.9542,0.0,0.45570228,256
0.0000000000916764,[],22,[],2019-07-23 20:12:22,1517.0,9.16764e-19,9.31930943616e-23,7830286,2019-07-23 20:12:22,LTC,31474.63788373,0.0,0.00000001,LTC,1024398.9185893413,0.0,1.517e-05,258
1,[],5,[],2019-07-02 14:44:15,0.0,0,0,7788374,2019-07-02 14:44:15,btc,0.0,0.02775788,0,btc,0.0,0.0,0.0,264
1,[],20,[],2019-09-09 04:19:23,922771.9019,0.0000003,0.00000000003090951,8002985,2019-09-09 04:19:23,btc,0.4757192608596,624.3726,0.0000003,btc,64287.6294,0.000191182747,0.0116289689447,264
0,[],22,[],2019-08-27 11:47:19,0.0,0,0,7977618,2019-08-27 11:47:19,,33050469.74148113,0.0,0,,14261527780.7,0.0,0.0,272
0.0000000000000025860000000000002,[],28,[],2019-08-27 11:47:30,139196263259.852,3.1032000000000002e-22,3.1535059752e-26,7977619,2019-08-27 11:47:30,doge,1708945031879160.8,7392150085.764,0.00000012,doge,49126229218.319,0.0,3.124217329408538e-11,272
0,[],22,[],2019-09-09 04:19:26,0.0,0,0,8002986,2019-09-09 04:19:26,,73.4668573,0.0,0,,1523613.3487135023,0.0,0.0,286
