pairValue,buyBook,exchangeId,sellBook,updated,buyTotal,satoshiPrice,usdPrice,exchangeLogId,created,bestPair,sellTotalBtc,volume,pairPrice,activePairs,sellTotal,volumeBtc,buyTotalBtc,coinId
1,[],3,[],2019-02-13 17:04:05,142.361942734441,0.01377100000000000025457413954654839471913874149322509765625,0.0000004970298175,6655621,2019-02-13 17:04:05,btc,107.07481394096922,0.21127235,0.01377100000000000025457413954654839471913874149322509765625,btc,21.522780997951,0.0,0.45905549714878635,1
1,[],4,[],2019-02-13 17:04:06,136.59252851,0.01362209,0.000000491655283325,6655622,2019-02-13 17:04:06,btc,0.673252240482682,0.0,0.01362209,btc,45.94234945,0.88396729,1.1714192019988636,1
1,[],5,[],2019-02-13 17:04:09,0.33862739,0.01337001,0.000000482557085925,6655623,2019-02-13 17:04:09,btc,14578.65546361,0.03794108,0.01337001,btc,35555556.16457337,0.0,3.16179966,1
1,[],10,[],2019-02-13 17:04:11,413601.34269949,0.01185,0.00000042769612499999997,6655624,2019-02-13 17:04:11,btc,6533.0711796074465,1747.39330034,0.01185,btc,1019.19348219,0.0,4.7386151369773035,1
1,[],12,[],2019-02-13 17:04:13,10420.65875727,0.01366999999999999985955678738491769763641059398651123046875,0.000000493384475,6655625,2019-02-13 17:04:13,btc,0.3179794510196,0.0,0.01366999999999999985955678738491769763641059398651123046875,btc,16.65139193,3.8872183476083,0.1614062360287,1
1,[],20,[],2019-02-13 17:04:15,1151.8471,0.010500104,0.00000037897500362,6655626,2019-02-13 17:04:15,btc,0.0573537536243,0.0,0.010500104,btc,2.5253,0.0,0.0973184857115,1
1,[],21,[],2019-02-13 17:04:16,2467.68271472,0.01379202000000000032098323999,0.0000004977884818500001,6655627,2019-02-13 17:04:16,btc,26.054510119009166,3951.50025038,0.01379202000000000032098323998752675834111869335174560546875,"btc,eth",2451.6215827300002,50.0214972961924,22.074584854555862,1
1,[],22,[],2019-02-13 17:04:20,0.0280576,0.01350000,0.00000048724875,6655628,2019-02-13 17:04:20,BTC,0.3139634,0.0,0.01350000,BTC,0.10070366666666666,0.0,0.00036518,1
1,[],24,[],2019-02-13 17:04:21,0.0,0.000000000000,0,6655629,2019-02-13 17:04:21,btc,0.0,0.0,0.000000000000,btc,0.0,0.0,0.0,1
0.0,[],25,[],2019-02-13 17:04:22,0.0,0,0,6655630,2019-02-13 17:04:22,btc,28.81999999694486,1998.687914,0.0,btc,2036.18767088,27.2418,0.0,1
1,[],26,[],2019-02-13 17:04:32,0.0,0,0,6655631,2019-02-13 17:04:32,,0.0,0.0,0,,0.0,0.0,0.0,1
1,[],28,[],2019-02-13 17:04:37,992.992,0.01250000,0.00000045115625000000003,6655632,2019-02-13 17:04:37,btc,0.162839806,18251.4,0.01250000,btc,8.9,0.0,0.087170176,1
0,[],2,[],2019-01-20 23:28:45,0.0,0,0,6477011,2019-01-20 23:28:45,,0.0,0.0,0,,0.0,0.0,0.0,1
1,[],5,[],2019-02-13 17:04:38,1.269e-05,0.00000060,0.0000000000216555,6655633,2019-02-13 17:04:38,btc,0.14218297,0.00691913,0.00000060,btc,5.783e-05,0.0,0.23840006,2
0,[],22,[],2019-02-13 17:04:41,0.0,0,0,6655634,2019-02-13 17:04:41,,0.0,0.0,0,,0.0,0.0,0.0,2
1,[],5,[],2019-02-13 17:04:43,1.29e-06,0.00000017,0.000000000006135725,6655635,2019-02-13 17:04:43,btc,4.31800948,0.36071403,0.00000017,btc,2.278e-05,0.0,3.51786371,3
1,[],12,[],2019-02-13 17:04:45,12210143.30688995,0.000000172,0.00000000000620791,6655636,2019-02-13 17:04:45,btc,924192.9680391971,0.0,0.000000172,btc,8293859.72520478,0.08375089868095612,0.5076820891340648,3
0,[],28,[],2019-02-13 17:04:46,0.0,0,0,6655637,2019-02-13 17:04:46,,0.0,0.0,0,,0.0,0.0,0.0,3
0,[],2,[],2019-01-20 23:31:32,0.0,0,0,6477077,2019-01-20 23:31:32,,0.0,0.0,0,,0.0,0.0,0.0,4
1,[],4,[],2019-02-13 17:04:47,369014.76211527,0.00000033,0.000000000011910525,6655638,2019-02-13 17:04:47,btc,0.3422135821870764,0.0,0.00000033,btc,323903.63275106,0.0,0.0446654067140441,4
1,[],12,[],2019-02-13 17:04:48,1377838.5219999999,0.00000004,0.0000000000014437,6655639,2019-02-13 17:04:48,btc,11113878.379889153,0.0,0.00000004,btc,1064339.4126309599,0.0015520657242748,0.02282868044,5
0,[],2,[],2019-01-20 23:31:51,0.0,0,0,6477087,2019-01-20 23:31:51,,0.0,0.0,0,,0.0,0.0,0.0,6
1,[],11,[],2019-02-13 17:04:50,4852550.0,0.00000002,0.00000000000072185,6655640,2019-02-13 17:04:50,btc,9433.359750227746,288000.0,0.00000002,btc,41031390.32265751,0.0,0.068360695,6
1,[],3,[],2019-02-13 17:04:51,1074.273146428111,0.00014521000000000000053346216333238771767355501651763916015625,0.000000005240991925,6655641,2019-02-13 17:04:51,btc,28.399990609446498,0.0,0.00014521000000000000053346216333238771767355501651763916015625,btc,235.145665820227,0.0,0.031531977816658056,7
1,[],4,[],2019-02-13 17:04:51,11511.79815354,0.00020370,0.0000000073520422500000005,6655642,2019-02-13 17:04:51,btc,2.7146400155336683,0.0,0.00020370,btc,11872.59733204,6.0048183,2.0947998931473535,7
1,[],5,[],2019-02-13 17:04:52,0.00645814,0.00020095,0.000000007252787875,6655643,2019-02-13 17:04:52,btc,1.90973035,0.44252178,0.00020095,btc,0.01266677,0.0,1.76007325,7
1,[],20,[],2019-02-13 17:04:54,44226494.8418,0.000000001,0.0000000000000360925,6655644,2019-02-13 17:04:54,btc,116.5824581611263,14554640.7279,0.000000001,btc,28715325.8892,0.0145546407279,0.0442264948418,8
0,[],2,[],2019-01-20 23:22:42,0.0,0,0,6476876,2019-01-20 23:22:42,,0.0,0.0,0,,0.0,0.0,0.0,9
0,[],23,[],2019-01-20 23:22:48,0.0,0,0,6476878,2019-01-20 23:22:48,,0.0,0.0,0,,0.0,0.0,0.0,9
1,[],1,[],2019-02-13 17:04:55,1164084.14,0.000001879999999999999999629744958096200235786454868502914905548095703125,0.0000000000678539,6655645,2019-02-13 17:04:55,btc,5.3203793559,26573942.24,0.000001879999999999999999629744958096200235786454868502914905548095703125,btc,2779542.5,49.0383201,2.1655111235,9
1,[],4,[],2019-02-13 17:04:56,406309.42851152,0.00000185,0.000000000066771125,6655646,2019-02-13 17:04:56,btc,0.7618800668070361,0.0,0.00000185,btc,391502.74003817,1.74283142,0.7188153524890188,9
1,[],28,[],2019-02-13 17:04:57,44885.0,0.00000167,0.00000000006027447500000001,6655647,2019-02-13 17:04:57,btc,2708.76119522,3650054.157,0.00000167,btc,11732.68,0.0,0.04579495,9
1,[],4,[],2019-02-10 09:54:02,5828483.02026053,0.00000002,0.000000000000726692,6623074,2019-02-10 09:54:02,btc,0.2014004865591215,0.0,0.00000002,btc,4198675.28035349,0.00021932,0.0653957035452106,10
0,[],2,[],2019-01-20 23:23:08,0.0,0,0,6476890,2019-01-20 23:23:08,,0.0,0.0,0,,0.0,0.0,0.0,12
1,[],4,[],2019-02-13 17:04:58,1864392.40225637,0.00000141,0.000000000050890425,6655648,2019-02-13 17:04:58,btc,1.5393733655753683,0.0,0.00000141,btc,1021423.42682167,1.99344138,1.654065044083128,12
1,[],5,[],2019-02-13 17:04:59,1.926e-05,0.00000138,0.00000000004980765,6655649,2019-02-13 17:04:59,btc,0.42803831,0.10239667,0.00000138,btc,0.0001044,0.0,0.22513264,12
0.0,[],25,[],2019-02-13 17:05:01,0.0,0,0,6655650,2019-02-13 17:05:01,,0.0,0.0,0.0,btc,0.0,0.0,0.0,12
1,[],10,[],2019-02-13 15:13:40,444063.20905186,0.00000585,0.000000000210602925,6654617,2019-02-13 15:13:40,btc,666806.4679220492,12439.1076164,0.00000585,btc,750090.67376137,0.0,0.3615067099867945,13
1,[],4,[],2019-02-13 17:05:02,1302076.64313785,0.00000607,0.000000000219081475,6655651,2019-02-13 17:05:02,btc,0.3657264348953435,0.0,0.00000607,btc,54888.71486015,0.27968693,1.2926816462315829,13
1,[],21,[],2019-02-13 17:05:05,557156.3089589,0.000006019999999999999960517693687,0.00000000021727685,6655652,2019-02-13 17:05:05,btc,3.7722284465647724,425765.97407971,0.00000601999999999999996051769368676787053118459880352020263671875,btc,551864.54245231,2.64400002,3.1071002671073433,13
1,[],4,[],2019-02-13 17:05:06,997286.16696102,0.00000135,0.000000000048724875000000004,6655653,2019-02-13 17:05:06,btc,0.1126584328197388,0.0,0.00000135,btc,63200.11245542,0.00077327,0.423757518112946,14
1,[],12,[],2019-02-13 17:05:07,87961.2231405,0.000001230000000000000081983031474663903281907550990581512451171875,0.000000000044393775,6655654,2019-02-13 17:05:07,btc,2.774123051885855,0.0,0.000001230000000000000081983031474663903281907550990581512451171875,btc,29589.33636749,0.0,0.009540840000005,14
0,[],17,[],2019-02-13 17:05:08,0.0,0,0,6655655,2019-02-13 17:05:08,btc,0.0,0.0,0,btc,0.0,0.0,0.0,14
1,[],26,[],2019-02-13 17:05:08,0.0,0.00000050,0.000000000018046250000000002,6655656,2019-02-13 17:05:08,btc,0.0,0.0,0.00000050,btc,0.0,0.0,0.0,14
0,[],4,[],2019-02-13 17:05:09,0.0,0,0,6655657,2019-02-13 17:05:09,,0.0,0.0,0,,0.0,0.0,0.0,15
,[],12,[],2018-12-01 15:15:48,204241.84496,0.00000489,0.000000000202473384,5260204,2018-12-01 15:15:48,btc,49.5475654835,0.0,,btc,35763.2193806,0.0163153972027625,0.0203389899998,15
0,[],2,[],2019-01-20 23:23:38,0.0,0,0,6476906,2019-01-20 23:23:38,,0.0,0.0,0,,0.0,0.0,0.0,18
1,[],4,[],2019-02-13 17:05:11,28331.29432163,0.00001862,0.00000000067204235,6655658,2019-02-13 17:05:11,btc,2.194072816310099,0.0,0.00001862,btc,6463.45063286,0.26295136,0.1257325982864996,18
1,[],10,[],2019-02-13 17:05:15,789966.46615007,0.0000176,0.0000000006352280000000001,6655659,2019-02-13 17:05:15,btc,15.545063812611374,438.68653913,0.0000176,btc,10946.27931938,0.0,0.3126617449220554,18
1,[],12,[],2019-02-13 17:05:16,204563.16178052,0.0000178399999999999985997832518958006176035269163548946380615234375,0.0000000006438902,6655660,2019-02-13 17:05:16,btc,22.612019153376405,0.0,0.0000178399999999999985997832518958006176035269163548946380615234375,btc,1865.94517713,0.000725704188,0.0385636271229038,18
0,[],17,[],2019-02-13 17:05:18,0.0,0,0,6655661,2019-02-13 17:05:18,btc,0.0,0.0,0,btc,0.0,0.0,0.0,18
0,[],2,[],2019-01-20 23:24:19,0.0,0,0,6476924,2019-01-20 23:24:19,,0.0,0.0,0,,0.0,0.0,0.0,19
1,[],3,[],2019-02-13 17:05:18,129649.60007673103,0.0000250099999999999994082337806400317958832602016627788543701171875,0.000000000902673425,6655662,2019-02-13 17:05:18,btc,0.5028570610993872,0.057352941176,0.0000250099999999999994082337806400317958832602016627788543701171875,btc,5208.732147171352,0.0,0.09980304493181615,19
1,[],4,[],2019-02-13 17:05:21,212417.57122936,0.00002866,0.00000000103441105,6655663,2019-02-13 17:05:21,btc,0.2897021969536885,0.0,0.00002866,btc,9306.52395883,0.427156,2.1697781113264965,19
1,[],5,[],2019-02-13 17:05:23,0.00020022,0.00002501,0.000000000902673425,6655664,2019-02-13 17:05:23,btc,0.27283241,0.01476586,0.00002501,btc,0.00307958,0.0,0.0671713,19
1,[],12,[],2019-02-13 17:05:24,134812.69240895,0.00002279000000000000033455009595950713219281169585883617401123046875,0.000000000822548075,6655665,2019-02-13 17:05:24,btc,0.0295762276838018,0.0,0.00002279000000000000033455009595950713219281169585883617401123046875,btc,293.66393647,0.000826023976131,0.032541619999970496,19
0,[],27,[],2019-02-13 17:05:29,0.0,0,0,6655666,2019-02-13 17:05:29,,0.0,0.0,0,btc,0.0,0.0,0.0,19
1,[],4,[],2019-02-13 17:05:31,8114186.09293738,0.00000014,0.00000000000505295,6655667,2019-02-13 17:05:31,btc,0.7707827932436357,0.0,0.00000014,btc,1592783.19386541,0.0,0.2644718132083657,20
1,[],4,[],2019-02-13 17:05:32,113778735.57123545,0.00000002,0.00000000000072185,6655668,2019-02-13 17:05:32,btc,0.6120240603113652,0.0,0.00000002,btc,17187247.5223107,0.00900387,1.3134151553053495,21
1,[],12,[],2019-02-13 17:05:32,17644700.0,0.00000002,0.00000000000072185,6655669,2019-02-13 17:05:32,btc,669.7027676690421,0.0,0.00000002,btc,8844608.84715552,0.0010799400599397,0.22593428000000002,21
0,[],17,[],2019-02-13 17:05:34,0.0,0,0,6655670,2019-02-13 17:05:34,btc,0.0,0.0,0,btc,0.0,0.0,0.0,21
1,[],12,[],2019-02-13 17:05:35,2965086235.043896,0.0000000002,0.0000000000000072185,6655671,2019-02-13 17:05:35,btc,825864718772.1829,0.0,0.0000000002,btc,4332537984.071132,0.02334875272947053,0.3448123169555898,23
0,[],27,[],2019-02-13 17:05:37,0.0,0,0,6655672,2019-02-13 17:05:37,,0.7240921565934114,0.0,0,eth,727098.85514486,0.0,0.0,23
1,[],4,[],2019-02-13 17:05:38,384017.34996532,0.00000068,0.0000000000245429,6655673,2019-02-13 17:05:38,btc,0.1800499409359032,0.0,0.00000068,btc,172271.34157467,0.0001024,0.1943076078659563,24
1,[],22,[],2019-02-13 17:05:41,11.76,0.00000100,0.000000000036092500000000004,6655674,2019-02-13 17:05:41,BTC,7.415e-05,0.0,0.00000100,BTC,23.919354838709676,0.0,1.176e-05,24
0.0,[],25,[],2019-02-13 17:05:42,0.0,0,0,6655675,2019-02-13 17:05:42,,0.0,0.0,0.0,btc,0.0,0.0,0.0,24
0,[],2,[],2019-01-20 23:25:56,0.0,0,0,6476976,2019-01-20 23:25:56,,0.0,0.0,0,,0.0,0.0,0.0,26
1,[],4,[],2019-02-13 17:05:43,29770523.10502394,0.00000639,0.00000000023063107500000002,6655676,2019-02-13 17:05:43,btc,0.5557942459211528,0.0,0.00000639,btc,44125.30650059,0.30082602,0.4870286772305799,26
1,[],10,[],2019-02-13 17:05:46,734632.76484546,0.000005,0.0000000001804625,6655677,2019-02-13 17:05:46,btc,25.93590270543812,5293.58062127,0.000005,btc,15824.17466294,0.0,0.2059701656209105,26
1,[],3,[],2019-02-13 17:05:47,4399338.98586802,0.00000001,0.000000000000360925,6655678,2019-02-13 17:05:47,btc,2.4602999703230015,1500533.01413,0.00000001,btc,16331065.95827614,0.0,0.043993389858680204,27
1,[],5,[],2019-02-13 17:05:49,1e-08,0.00000001,0.000000000000360925,6655679,2019-02-13 17:05:49,btc,1.59852033,0.0,0.00000001,btc,4.345e-05,0.0,0.1193779,27
1,[],11,[],2019-02-13 17:05:51,10063976.7912115,0.00000005,0.0000000000018046249999999999,6655680,2019-02-13 17:05:51,btc,370.63582636475405,8080.0,0.00000005,btc,8170841.5193934,0.0,0.4660996184459823,27
1,[],4,[],2019-02-13 17:05:51,534156052.0958911,0.00000002,0.00000000000072185,6655681,2019-02-13 17:05:51,btc,0.37041910951410006,0.0,0.00000002,"btc,ltc",24706619.51631028,0.27316559,8.866299533072215,29
1,[],7,[],2019-02-13 17:05:52,29083613.666895237,0.00000002,0.00000000000072185,6655682,2019-02-13 17:05:52,btc,44465225.1063556,512240.161838,0.00000002,btc,52390702.32593035,0.01531623,0.4268473369016671,29
1,[],4,[],2019-02-13 17:05:53,1520562.29488398,0.00000028,0.0000000000101059,6655683,2019-02-13 17:05:53,btc,0.1721418212591015,0.0,0.00000028,btc,372632.45400042,0.00677864,0.1178334860588402,30
0,[],17,[],2019-02-13 17:05:56,0.0,0,0,6655684,2019-02-13 17:05:56,btc,0.0,0.0,0,btc,0.0,0.0,0.0,30
1,[],4,[],2019-02-13 17:05:58,48352.59905149,0.00007072,0.0000000025524616,6655685,2019-02-13 17:05:58,btc,0.6617195253286506,0.0,0.00007072,btc,8107.18032566,1.88400196,2.909137045655142,31
1,[],21,[],2019-02-13 17:05:58,78188.80802428,0.00007017000000000000071043865235,0.0000000025326107250000002,6655686,2019-02-13 17:05:58,btc,6.0324447652811415,247900.98192471,0.000070170000000000000710438652351541577445459552109241485595703125,btc,78562.70089182,17.7588417,5.212308582125596,31
0,[],2,[],2019-01-20 23:28:43,0.0,0,0,6477009,2019-01-20 23:28:43,,0.0,0.0,0,,0.0,0.0,0.0,32
1,[],4,[],2019-02-13 17:06:00,140993440.6137535,0.00000004,0.0000000000014437,6655687,2019-02-13 17:06:00,btc,2.2130660969076414,0.0,0.00000004,"btc,ltc",46511242.10884273,0.59938687,2.3575444041160183,33
1,[],12,[],2019-02-13 17:06:01,12119240.991,0.00000005,0.0000000000018046249999999999,6655688,2019-02-13 17:06:01,btc,34508869.30511918,0.0,0.00000005,btc,89096086.00299683,0.0051739276950058,0.37024625955,33
1,[],4,[],2019-02-13 17:06:01,138910935.881503,0.00000001,0.000000000000360925,6655689,2019-02-13 17:06:01,btc,1.080798499385069,0.0,0.00000001,btc,43252465.49256771,0.16417933,1.3891093588150298,34
1,[],5,[],2019-02-13 17:06:03,1e-08,0.00000001,0.000000000000360925,6655690,2019-02-13 17:06:03,btc,5.08383177,0.17794625,0.00000001,btc,1.343e-05,0.0,0.8536907,34
0.00000000011528790000000001,[],4,[],2019-02-13 17:06:04,920427559.4727,2.305758e-18,8.322057061500001e-23,6655691,2019-02-13 17:06:04,ltc,1.1067102257466937e-08,0.0,0.00000002,ltc,2278955555.764728,0.0,1.488589262093617e-09,36
1,[],5,[],2019-02-13 17:06:07,0.0,0,0,6655692,2019-02-13 17:06:07,btc,197.5393601,0.0,0,btc,1.325e-05,0.0,0.0,36
0,[],17,[],2019-02-13 17:06:08,0.0,0,0,6655693,2019-02-13 17:06:08,btc,0.14155809872734992,0.0,0,btc,10796613.27743647,0.0,0.0,36
0,[],27,[],2019-02-13 17:06:10,0.0,0,0,6655694,2019-02-13 17:06:10,,240.2503276744,0.0,0,"ltc,eth",3711879.06,0.0,0.0,36
1,[],4,[],2019-02-13 16:10:18,262826.46473558,0.00000124,0.000000000044625120000000006,6655205,2019-02-13 16:10:18,btc,0.4671153667631887,0.0,0.00000124,btc,283251.13293418,0.01415693,0.1449682237899475,37
1,[],12,[],2019-02-13 16:10:20,503271.65523058,0.000001269999999999999910766366496839285815667608403600752353668212890625,0.00000000004570476,6655206,2019-02-13 16:10:20,btc,1364.2372021929261,0.0,0.000001269999999999999910766366496839285815667608403600752353668212890625,btc,737136.37852912,0.0666679836684291,0.3025738577686032,37
1,[],17,[],2019-02-13 16:10:21,1752.74075282,0.00000025,0.000000000008997,6655207,2019-02-13 16:10:21,btc,0.055484923981284864,0.0,0.00000025,btc,1387.19918473,0.0,0.00043818518820499993,37
1,[],27,[],2019-02-13 16:10:24,16052.0,0.00000052,0.000000000018713760000000002,6655208,2019-02-13 16:10:24,btc,26.73595537911233,0.0,0.00000052,btc,6579.81438508,0.0,0.00550422,37
1,[],5,[],2019-02-13 17:06:13,1.48e-05,0.00000098,0.000000000035370650000000003,6655695,2019-02-13 17:06:13,btc,0.09739632,0.09430978,0.00000098,btc,0.00011057,0.0,0.04379552,42
1,[],12,[],2019-02-13 17:06:14,126169.10668482,0.0000009,0.000000000032483249999999996,6655696,2019-02-13 17:06:14,btc,92.92655782314078,0.0,0.0000009,btc,101827.11384713001,0.0150429065734294,0.044205379999993896,42
0,[],27,[],2019-02-13 17:06:16,0.0,0,0,6655697,2019-02-13 17:06:16,,0.00315028,0.0,0,"btc,eth",11.007,0.0,0.0,42
1,[],5,[],2019-02-13 17:06:18,3e-08,0.00000002,0.00000000000072185,6655698,2019-02-13 17:06:18,btc,6.19128493,0.00069356,0.00000002,btc,1.425e-05,0.0,0.61326268,43
1,[],12,[],2019-02-13 17:06:19,3866366.0,0.00000001,0.000000000000360925,6655699,2019-02-13 17:06:19,btc,20007457.492720205,0.0,0.00000001,btc,38976011.21318679,2.1978022e-07,0.03866366,43
0,[],17,[],2019-02-13 17:06:21,0.0,0,0,6655700,2019-02-13 17:06:21,btc,0.0,0.0,0,btc,0.0,0.0,0.0,43
1,[],12,[],2019-02-13 17:06:23,742468.0,0.00000005,0.0000000000018046249999999999,6655701,2019-02-13 17:06:23,btc,11115166.868410323,0.0,0.00000005,btc,1031673.70229769,0.0003356096903098,0.0203802,44
1,[],4,[],2019-02-13 17:06:24,225275542.00856274,0.00000002,0.00000000000072185,6655702,2019-02-13 17:06:24,btc,0.1836927143547892,0.0,0.00000002,"btc,ltc",4535093.98561652,0.00035111,0.42792367503816886,49
0.00000000011528790000000001,[],4,[],2019-02-13 17:06:25,1893099313.7717342,1.152879e-18,4.1610285307500007e-23,6655703,2019-02-13 17:06:25,ltc,4.645173508735117,0.0,0.00000001,ltc,3821127129.9474792,0.0,2.1825144437618434e-09,52
0,[],22,[],2019-02-13 05:54:27,0.0,0,0,6650710,2019-02-13 05:54:27,,8109.06443955,0.0,0,,266275513.67882353,0.0,0.0,57
0,[],27,[],2019-02-13 05:54:30,0.0,0,0,6650711,2019-02-13 05:54:30,,0.0,0.0,0,"btc,eth",0.0,0.0,0.0,57
0.00000000011528790000000001,[],4,[],2019-02-13 17:06:25,1279025162.6032786,5.764395e-18,2.0805142653750002e-22,6655704,2019-02-13 17:06:25,ltc,3.277209007782611,0.0,0.00000005,ltc,973076191.2925123,0.0,4.062239978137612e-09,58
1,[],12,[],2019-02-13 17:06:26,1885852117.843957,0.0000000005,0.000000000000018046250000000002,6655705,2019-02-13 17:06:26,btc,224005491172.02444,0.0,0.0000000005,btc,3688525699.9173875,0.026129672512987003,0.6579787020011392,58
0,[],17,[],2019-02-13 17:06:28,0.0,0,0,6655706,2019-02-13 17:06:28,btc,1e+24,0.0,0,btc,41481695.95832568,0.0,0.0,58
0.0000000001368958,[],22,[],2019-02-13 17:06:32,137438.0,1.368958e-18,4.9409116615e-23,6655707,2019-02-13 17:06:32,XMR,69.8835922,0.0,0.00000001,XMR,9887963.0,0.0,0.00137438,58
1,[],5,[],2019-02-13 17:06:33,1.449e-05,0.00000084,0.0000000000303177,6655708,2019-02-13 17:06:33,btc,0.21163323,0.0040665,0.00000084,btc,8.153e-05,0.0,0.13186819,61
1,[],22,[],2019-02-13 17:06:37,5149.5,0.00000011,0.000000000003970175,6655709,2019-02-13 17:06:37,BTC,1002.29598212,0.0,0.00000011,BTC,14957.700278135757,0.0,0.00051596,61
1,[],26,[],2019-02-13 17:06:37,0.0,0.00000800,0.00000000028874000000000003,6655710,2019-02-13 17:06:37,btc,0.0,0.0,0.00000800,btc,0.0,0.0,0.0,61
1,[],27,[],2019-02-13 17:06:39,8771.0,0.00000032,0.0000000000115496,6655711,2019-02-13 17:06:39,btc,10.660677388947013,0.0,0.00000032,"btc,eth",15252.75055623,0.0,8.821000170039201e-05,61
1,[],28,[],2019-02-13 17:06:41,19894.304,0.00000091,0.000000000032844175,6655712,2019-02-13 17:06:41,btc,2.056375543700105,773.0,0.00000091,btc,9772.52450005,0.0,0.00993521304,61
1,[],4,[],2019-02-13 16:27:33,401843.5978492,0.00000263,0.00000000009479256400000001,6655426,2019-02-13 16:27:33,btc,1.1778125342441597,0.0,0.00000263,btc,290685.32414791,0.15009121,0.7023980701761027,67
0.0,[],25,[],2019-02-13 16:27:34,0.0,0,0,6655427,2019-02-13 16:27:34,,0.0,0.0,0.0,btc,0.0,0.0,0.0,67
1,[],12,[],2019-02-13 17:06:43,2597960.88688766,0.00000014,0.000000000005052950000000001,6655713,2019-02-13 17:06:43,btc,11115896.135352688,0.0,0.00000014,btc,1749711.07484377,0.0078911111118314,0.0737489964411104,71
,[],5,[],2018-11-20 23:02:39,1.5e-07,0.00000005,0.000000000002128045,4862160,2018-11-20 23:02:39,btc,2.84511358,0.0,,btc,0.00036572,0.0,0.07381892,74
1,[],5,[],2019-01-25 15:53:51,3.303e-05,0.00000156,0.000000000055588884,6499610,2019-01-25 15:53:51,btc,1.42844212,0.0,0.00000156,btc,0.00015937,0.0,0.49487621,75
0,[],20,[],2019-01-25 09:30:31,0.0,0,0,6495923,2019-01-25 09:30:31,btc,0.0,0.0,0,btc,0.0,0.0,0.0,81
1,[],4,[],2019-02-13 17:06:44,32832404.75692337,0.00000001,0.000000000000360925,6655714,2019-02-13 17:06:44,btc,0.7668881456247842,0.0,0.00000001,btc,14615939.68425178,0.0,0.3283240475692337,81
1,[],4,[],2019-02-13 17:06:45,24123.90008696,0.00007597,0.000000002741947225,6655715,2019-02-13 17:06:45,btc,1.3260445020669998,0.0,0.00007597,btc,11286.95095125,0.02621691,0.1128484704945999,82
1,[],21,[],2019-02-13 17:06:46,143530.6778233,0.00007511999999999999905707370740,0.0000000027112686,6655716,2019-02-13 17:06:46,btc,3.75671356583694,4695.16373176,0.00007511999999999999905707370739804673576145432889461517333984375,btc,43894.33547752,0.35419633,2.877262419129137,82
0,[],17,[],2019-02-07 10:02:39,0.0,0,0,6611495,2019-02-07 10:02:39,btc,0.0447233088476774,0.0,0,btc,999127.19588126,0.0,0.0,84
0.00000000011528790000000001,[],4,[],2019-02-13 17:06:47,152764698.8703472,8.070153e-18,2.912719971525e-22,6655717,2019-02-13 17:06:47,ltc,0.19569063265114545,0.0,0.00000007,ltc,99321145.95372713,0.0,6.69602898013301e-10,85
,[],22,[],2018-11-20 23:09:34,3408.1,0.0000001,0.0000000000041895,4862324,2018-11-20 23:09:34,BTC,0.04624735,0.0,,BTC,4990.0,0.0,0.00033081,86
0,[],22,[],2019-02-13 17:06:50,0.0,0,0,6655718,2019-02-13 17:06:50,,2.0760781,0.0,0,,140622.94736842104,0.0,0.0,87
0,[],27,[],2019-02-13 17:06:52,0.0,0,0,6655719,2019-02-13 17:06:52,,0.0,0.0,0,btc,0.0,0.0,0.0,87
,[],2,[],2018-11-20 23:10:47,0.0,0,0,4862359,2018-11-20 23:10:47,,0.0,0.0,,,0.0,0.0,0.0,88
1,[],11,[],2019-02-13 17:06:53,100024.17201993,0.000145009999999999995672073094254983516293577849864959716796875,0.000000005233773425,6655720,2019-02-13 17:06:53,btc,702.8409170643135,4629.74938855,0.000145009999999999995672073094254983516293577849864959716796875,btc,190603.78403831,0.0,6.968134653503152,89
0,[],2,[],2019-01-20 23:31:45,0.0,0,0,6477083,2019-01-20 23:31:45,,0.0,0.0,0,,0.0,0.0,0.0,91
1,[],12,[],2019-02-13 17:06:55,441230.04173542,0.000003009999999999999980258846843383935265592299401760101318359375,0.000000000108638425,6655721,2019-02-13 17:06:55,btc,4.136624645547005,0.0,0.000003009999999999999980258846843383935265592299401760101318359375,btc,43010.06696639,0.0031527883774244,0.0725329492191889,91
0,[],17,[],2019-02-13 17:06:56,0.0,0,0,6655722,2019-02-13 17:06:56,btc,0.0,0.0,0,btc,0.0,0.0,0.0,91
0.00000000011528790000000001,[],22,[],2019-02-13 17:07:00,23273459.4,5.764395e-18,2.0805142653750002e-22,6655723,2019-02-13 17:07:00,LTC,8.17576354,0.0,0.00000005,LTC,67492261.1,0.0,0.89586509,95
1,[],4,[],2019-02-13 17:07:01,134130066.88600124,0.00000001,0.000000000000360925,6655724,2019-02-13 17:07:01,btc,0.9760204766771541,0.0,0.00000001,"btc,ltc",47722791.76820188,0.01268242,0.0003354839252985836,96
1,[],12,[],2019-02-13 17:07:03,572407.0,0.00000001,0.000000000000360925,6655725,2019-02-13 17:07:03,btc,255061.99736885988,0.0,0.00000001,btc,8742799.54676297,0.00055134,0.00572407,96
0,[],17,[],2019-02-13 17:07:04,0.0,0,0,6655726,2019-02-13 17:07:04,btc,0.0,0.0,0,btc,0.0,0.0,0.0,96
1,[],4,[],2019-02-13 17:07:05,1735398.46388921,0.00000032,0.0000000000115496,6655727,2019-02-13 17:07:05,btc,0.1313201077696646,0.0,0.00000032,btc,288553.61168944,0.01392121,0.2007027272462577,99
0,[],2,[],2019-01-20 23:23:55,0.0,0,0,6476914,2019-01-20 23:23:55,,0.0,0.0,0,,0.0,0.0,0.0,100
1,[],4,[],2019-02-13 17:07:06,202384.47402485,0.00004013,0.000000001448392025,6655728,2019-02-13 17:07:06,btc,0.9476309963063991,0.0,0.00004013,btc,21549.36608465,0.99588578,1.4623999523561326,100
1,[],22,[],2019-02-13 17:07:10,50000.0,0.00000001,0.000000000000360925,6655729,2019-02-13 17:07:10,BTC,23.49896609,0.0,0.00000001,BTC,10277.22,0.0,0.0005,101
1,[],4,[],2019-02-13 17:07:10,197059.5062014,0.00000094,0.00000000003392695,6655730,2019-02-13 17:07:10,btc,0.4006194294989204,0.0,0.00000094,btc,155114.98006655,0.01501027,0.0941818443402434,103
1,[],12,[],2019-02-13 17:07:17,51557356.4663887,0.000000016,0.0000000000005774800000000001,6655731,2019-02-13 17:07:17,btc,137278875.23388916,0.0,0.000000016,btc,122417015.1593943,0.1758375833455308,0.2925642074622192,105
1,[],27,[],2019-02-13 17:07:19,4109342.89,0.00000001,0.000000000000360925,6655732,2019-02-13 17:07:19,btc,0.3614577513692299,0.0,0.00000001,btc,323444.42860553,0.0,0.0410934289,105
1,[],22,[],2019-02-13 17:07:23,271183.5714285714,0.00000007,0.000000000002526475,6655733,2019-02-13 17:07:23,BTC,51.12453289,0.0,0.00000007,BTC,669300.0,0.002,0.01628285,107
1,[],26,[],2019-02-13 17:07:23,0.0,0.00000000,0,6655734,2019-02-13 17:07:23,btc,0.0,0.0,0.00000000,btc,0.0,0.0,0.0,107
1,[],5,[],2019-02-13 17:07:25,1e-08,0.00000001,0.000000000000360925,6655735,2019-02-13 17:07:25,btc,2.91007562,0.00617841,0.00000001,btc,1.571e-05,0.0,0.08599601,112
1,[],22,[],2019-02-13 17:07:29,167093.0,0.00000001,0.000000000000360925,6655736,2019-02-13 17:07:29,BTC,2.81183288,0.0,0.00000001,BTC,808524.0833333334,0.0,0.00167093,112
0.0000000003377144,[],27,[],2019-02-13 17:07:31,500000.0,3.377144e-18,1.2188956982000001e-22,6655737,2019-02-13 17:07:31,eth,1.35132491849924,0.0,0.00000001,"btc,eth",1328.641654,0.0,1.688572e-12,112
1,[],4,[],2019-02-13 17:07:32,440447.5796934,0.00000332,0.0000000001198271,6655738,2019-02-13 17:07:32,btc,0.2464650746199834,0.0,0.00000332,btc,54661.98184917,0.06688368,0.1835953253545575,113
1,[],5,[],2019-02-13 17:07:33,1.554e-05,0.00000325,0.000000000117300625,6655739,2019-02-13 17:07:33,btc,0.81330456,0.00032643,0.00000325,btc,0.00141499,0.0,0.2218672,113
1,[],17,[],2019-02-13 17:07:34,152738.278,0.00000004,0.0000000000014437,6655740,2019-02-13 17:07:34,btc,1.336803027463507,0.0,0.00000004,btc,51896.221,0.0,0.0022095311199999998,116
0,[],27,[],2019-02-13 17:07:37,0.0,0,0,6655741,2019-02-13 17:07:37,,0.0,0.0,0,btc,0.0,0.0,0.0,116
1,[],4,[],2019-02-13 17:07:38,25843.11087408,0.00002831,0.000000001021778675,6655742,2019-02-13 17:07:38,btc,0.3705704391539876,0.0,0.00002831,btc,12499.15848937,7.63389438,0.5994252165263603,120
1,[],7,[],2019-02-13 17:07:40,16348.891855,0.00002741000000000000014666219627645915579705615527927875518798828125,0.000000000989295425,6655743,2019-02-13 17:07:40,btc,115647.29758902981,91.85946144,0.00002741000000000000014666219627645915579705615527927875518798828125,btc,29656.38651996,0.0025457,0.0560788042621049,120
1,[],20,[],2019-02-13 17:07:45,1093445.8166,0.000000014,0.000000000000505295,6655744,2019-02-13 17:07:45,btc,33.8691165036599,1088.85,0.000000014,btc,1150552.4764,1.52439e-05,0.0052654043171,125
1,[],22,[],2019-02-13 17:07:49,3053.0,0.00000001,0.000000000000360925,6655745,2019-02-13 17:07:49,BTC,0.01444889,0.0,0.00000001,BTC,296264.5111111111,0.0,3.053e-05,126
1,[],4,[],2019-02-13 17:07:50,98487.05191974,0.00001454,0.00000000052478495,6655746,2019-02-13 17:07:50,btc,0.5524893605248289,0.0,0.00001454,btc,29865.48325758,0.38367863,0.5984675101393971,131
0,[],17,[],2019-02-13 17:07:51,0.0,0,0,6655747,2019-02-13 17:07:51,btc,0.0009561751951600001,0.0,0,btc,35.42829368,0.0,0.0,131
0,[],2,[],2019-01-20 23:25:46,0.0,0,0,6476969,2019-01-20 23:25:46,,0.0,0.0,0,,0.0,0.0,0.0,131
1,[],4,[],2019-02-13 17:07:52,4618.72530314,0.00016006,0.00000000577696555,6655748,2019-02-13 17:07:52,btc,1.6397450704738545,0.0,0.00016006,btc,295.92689166,0.0,0.0082576416978487,135
1,[],3,[],2019-02-13 17:07:53,1804187.65894064,0.00000005,0.0000000000018046249999999999,6655749,2019-02-13 17:07:53,btc,0.1123534958179952,94220.0,0.00000005,btc,372083.50298015,0.0,0.0661888177748125,136
1,[],4,[],2019-02-13 17:07:54,50288.39131212,0.00000175,0.000000000063161875,6655750,2019-02-13 17:07:54,btc,0.0506272045068368,0.0,0.00000175,btc,24678.5047612,0.07233491,0.0583990246901194,137
1,[],12,[],2019-02-13 17:07:55,307239.98747613,0.00000176000000000000008976326626441988310034503228962421417236328125,0.0000000000635228,6655751,2019-02-13 17:07:55,btc,11982.946392254767,0.0,0.00000176000000000000008976326626441988310034503228962421417236328125,btc,158098.64120849,0.0424710911579963,0.0456933806699367,137
1,[],4,[],2019-02-13 17:07:55,724362.92988135,0.00004811,0.000000001736410175,6655752,2019-02-13 17:07:55,btc,0.3564286022751627,0.0,0.00004811,btc,6229.83663368,2.0025645,0.6173669184158713,142
1,[],5,[],2019-02-13 17:07:57,0.00155701,0.00004860,0.0000000017540955,6655753,2019-02-13 17:07:57,btc,1.05853606,0.54696205,0.00004860,btc,0.0030661,0.0,1.17978566,142
1,[],17,[],2019-02-13 17:07:58,22967.386363640002,0.00000088,0.0000000000317614,6655754,2019-02-13 17:07:58,btc,20.06991335261697,0.0,0.00000088,btc,2746.079105,0.0,0.0104613000000032,142
1,[],20,[],2019-02-13 17:08:00,138144.0739,0.00005,0.000000001804625,6655755,2019-02-13 17:08:00,btc,0.4593068035922,7504.3384,0.00005,btc,4548.8729,0.5768325302148,0.2441057492633,142
1,[],22,[],2019-02-13 17:08:04,1602.4,0.00001020,0.0000000003681435,6655756,2019-02-13 17:08:04,BTC,3.00910435,0.0,0.00001020,BTC,917.058396139644,0.0,0.00170694,142
0.0,[],25,[],2019-02-13 17:08:05,0.0,0,0,6655757,2019-02-13 17:08:05,,0.0,0.0,0.0,btc,0.0,0.0,0.0,142
1,[],28,[],2019-02-13 17:08:07,77893.0,0.00004500,0.0000000016241625,6655758,2019-02-13 17:08:07,btc,0.048809112,1953.0,0.00004500,btc,249.5089,0.0,0.0586872,142
0,[],22,[],2019-02-13 17:08:09,0.0,0,0,6655759,2019-02-13 17:08:09,,67.4285069,0.0,0,,834770972.3,0.0,0.0,143
1,[],21,[],2019-02-13 17:08:10,40265343.89886287,0.00000028,0.000000000010105900000000001,6655760,2019-02-13 17:08:10,btc,39.688569784383276,3403788.35470529,0.00000028,btc,77911036.99438205,0.95733627,6.333955940619341,145
0,[],22,[],2019-02-13 17:08:13,0.0,0,0,6655761,2019-02-13 17:08:13,,4.25424284,0.0,0,,2256156.0,0.0,0.0,146
,[],22,[],2018-11-20 23:01:11,0.0,0,0,4862114,2018-11-20 23:01:11,,2.56807021,0.0,,,61828.4988236,0.0,0.0,147
1,[],12,[],2019-02-13 17:08:15,8679296.17582933,0.00000302999999999999978877139594768408414893201552331447601318359375,0.000000000109360275,6655762,2019-02-13 17:08:15,btc,16.558641911593995,0.0,0.00000302999999999999978877139594768408414893201552331447601318359375,btc,121949.66449333,0.0012950315431503,0.1094160700000107,148
1,[],4,[],2019-02-13 17:08:16,274603.31982095,0.00000034,0.00000000001227145,6655763,2019-02-13 17:08:16,btc,0.7778362901479712,0.0,0.00000034,btc,586529.57485546,0.0,0.0652122589926482,152
0,[],22,[],2019-02-13 17:08:28,0.0,0,0,6655764,2019-02-13 17:08:28,,0.0,0.0,0,,0.0,0.0,0.0,152
1,[],5,[],2019-02-13 17:08:29,0.0,0,0,6655765,2019-02-13 17:08:29,btc,4.35601725,0.0,0,btc,0.0021126,0.0,0.0,153
,[],16,[],2019-01-11 15:38:59,0.0,0,0,6366141,2019-01-11 15:38:59,btc,0.0,0.0,,btc,0.0,0.0,0.0,155
0,[],22,[],2019-02-13 17:08:32,0.0,0,0,6655766,2019-02-13 17:08:32,,6.74608761,0.0,0,,4644402.242592593,0.0,0.0,156
0,[],23,[],2019-01-20 23:24:29,0.0,0,0,6476932,2019-01-20 23:24:29,,0.0,0.0,0,,0.0,0.0,0.0,156
1,[],22,[],2019-02-13 17:08:36,7063.8,0.00005300,0.0000000019129025,6655767,2019-02-13 17:08:36,BTC,43.78801181,0.0,0.00005300,BTC,1067.5805334758436,0.0,0.00104326,157
0,[],22,[],2019-02-13 17:08:39,0.0,0,0,6655768,2019-02-13 17:08:39,,50175.67558609,0.0,0,,54029136.04179466,0.0,0.0,158
,[],17,[],2018-11-20 22:56:10,0.0,0,0,4861976,2018-11-20 22:56:10,btc,1.1265625,0.0,,btc,1000.0,0.0,0.0,159
,[],20,[],2018-11-20 22:56:12,0.0,0,0,4861977,2018-11-20 22:56:12,btc,11912.7940471,0.0,,btc,34413894.3617,0.0,0.0,159
1,[],12,[],2019-02-13 17:08:41,183793.25135592,0.000008110000000000000278869809189341566479924949817359447479248046875,0.000000000292710175,6655769,2019-02-13 17:08:41,btc,6.661822454675868,0.0,0.000008110000000000000278869809189341566479924949817359447479248046875,btc,14773.12557504,0.0058475118079125,0.093941386400094,168
1,[],17,[],2019-02-13 17:08:42,29784.95,0.000001,0.0000000000360925,6655770,2019-02-13 17:08:42,btc,0.03026736251542,0.0,0.000001,btc,144.46171372,0.0,0.00716147,168
0,[],22,[],2019-02-13 17:10:43,0.0,0,0,6655771,2019-02-13 17:10:43,,1.14776715,0.0,0,,721548.0900917595,0.0,0.0,169
1,[],22,[],2019-02-13 17:10:48,245000.0,0.00000011,0.000000000003970175,6655772,2019-02-13 17:10:48,BTC,11.33112555,0.0,0.00000011,BTC,131141.7766476831,4.225e-05,0.0224,171
1,[],22,[],2019-02-13 17:10:52,218930.66666666666,0.00000018,0.00000000000649665,6655773,2019-02-13 17:10:52,BTC,2.64988485,0.0,0.00000018,BTC,243335.36821454257,5.343e-05,0.01635152,173
1,[],5,[],2019-02-13 17:10:53,2.22e-05,0.00000196,0.00000000007074130000000001,6655774,2019-02-13 17:10:53,btc,0.24044001,0.00292276,0.00000196,btc,0.00025386,0.0,0.25669318,175
1,[],22,[],2019-02-13 17:10:57,24534.52380952381,0.00000063,0.000000000022738275,6655775,2019-02-13 17:10:57,BTC,0.50172101,0.0,0.00000063,BTC,128186.47031396699,0.0,0.01142508,176
1,[],7,[],2019-02-13 17:10:58,0.0,0,0,6655776,2019-02-13 17:10:58,btc,410974.1987511513,0.0,0,btc,115535570.82091746,0.0,0.0,178
0,[],22,[],2019-02-13 17:11:01,0.0,0,0,6655777,2019-02-13 17:11:01,,1.00242428,0.0,0,,57512.0,0.0,0.0,178
0,[],2,[],2019-01-20 23:28:34,0.0,0,0,6477001,2019-01-20 23:28:34,,0.0,0.0,0,,0.0,0.0,0.0,178
1,[],5,[],2019-02-13 17:11:04,6e-08,0.00000003,0.000000000001082775,6655778,2019-02-13 17:11:04,btc,31.77439615,0.19522884,0.00000003,btc,2.285e-05,0.0,1.27036951,179
1,[],22,[],2019-02-13 17:11:09,7780285.0,0.00000002,0.00000000000072185,6655779,2019-02-13 17:11:09,BTC,5.92824511,0.0,0.00000002,"BTC,LTC",17868273.399292473,0.00079998,0.38286554,179
0,[],23,[],2019-01-20 23:25:08,0.0,0,0,6476952,2019-01-20 23:25:08,,0.0,0.0,0,,0.0,0.0,0.0,179
1,[],17,[],2019-02-13 17:11:10,10504.725,0.0000001,0.0000000000036092499999999998,6655780,2019-02-13 17:11:10,btc,5.201913593534461,0.0,0.0000001,btc,5466.1328087,0.0,0.0010504725,180
1,[],22,[],2019-02-13 17:11:14,13654.4,0.0000005,0.000000000018046250000000002,6655781,2019-02-13 17:11:14,BTC,0.09143332,0.0,0.0000005,"BTC,LTC",6337.240674120756,0.00501523,0.00160544,180
1,[],26,[],2019-02-13 17:11:15,0.0,0.00000150,0.00000000005413875,6655782,2019-02-13 17:11:15,btc,0.0,50.0,0.00000150,btc,0.0,0.0,0.0,180
,[],7,[],2018-11-20 22:58:01,562227.975654,0.00000085,0.000000000036176765,4862015,2018-11-20 22:58:01,btc,21836.6059674,2491.87645172,,btc,749999.041456,0.00211021,0.127565380455,183
,[],5,[],2019-01-10 08:11:41,0.0,0,0,6347036,2019-01-10 08:11:41,btc,82.15055501,0.00261,,btc,1.19002445,0.0,0.0,187
1,[],24,[],2019-02-13 17:11:15,0.0,0.000000000001,3.60925e-17,6655783,2019-02-13 17:11:15,btc,0.0,0.0,0.000000000001,btc,0.0,0.0,0.0,187
,[],17,[],2018-11-16 20:58:10,4062536.27273,0.00000001,0.000000000000550501,4708775,2018-11-16 20:58:10,btc,3.36492563466,0.195460381006,,"btc,eth",110697919.549,0.0,0.0157628953496,187
0,[],22,[],2019-02-13 17:11:18,0.0,0,0,6655784,2019-02-13 17:11:18,,1.19370255,0.0,0,,14406.10286773884,0.0,0.0,191
0,[],22,[],2019-02-13 17:11:23,0.0,0,0,6655785,2019-02-13 17:11:23,,0.0,0.0,0,,0.0,0.0,0.0,197
0,[],23,[],2019-01-20 23:31:41,0.0,0,0,6477079,2019-01-20 23:31:41,,0.0,0.0,0,,0.0,0.0,0.0,199
0,[],22,[],2019-02-13 17:11:26,0.0,0,0,6655786,2019-02-13 17:11:26,,5.15195517,0.0,0,,19804684.0,0.0,0.0,199
1,[],26,[],2019-02-13 17:11:26,0.0,0.00000000,0,6655787,2019-02-13 17:11:26,btc,0.0,761648.0,0.00000000,btc,0.0,0.0,0.0,199
0,[],17,[],2019-01-30 16:32:01,0.0,0,0,6540827,2019-01-30 16:32:01,btc,6.802544163788159,0.0,0,btc,105897.55575295,0.0,0.0,200
0,[],2,[],2019-01-20 23:30:49,0.0,0,0,6477059,2019-01-20 23:30:49,,0.0,0.0,0,,0.0,0.0,0.0,201
1,[],4,[],2019-01-25 15:51:35,2084389.58565343,0.00000936,0.000000000333526752,6499557,2019-01-25 15:51:35,btc,2.0092503037378524,0.0,0.00000936,btc,160195.80207885,0.19272417,1.242687955921835,211
1,[],7,[],2019-02-13 17:11:29,5637410.14124667,0.00000137999999999999991637657063836552850943917292170226573944091796875,0.00000000004980765,6655788,2019-02-13 17:11:29,btc,15450813.649213893,868483.526717,0.00000137999999999999991637657063836552850943917292170226573944091796875,btc,10886505.51810533,0.0,3.972699480974092,212
1,[],5,[],2019-02-13 17:11:31,3.69e-06,0.00000031,0.000000000011188675,6655789,2019-02-13 17:11:31,btc,1.18625005,0.22742017,0.00000031,btc,3.041e-05,0.0,0.15833615,213
1,[],24,[],2019-02-13 17:11:31,0.0,0.000000050000,0.000000000001804625,6655790,2019-02-13 17:11:31,btc,0.0,0.0,0.000000050000,btc,0.0,0.0,0.0,213
1,[],26,[],2019-02-13 17:11:32,0.0,0.00000009,0.000000000003248325,6655791,2019-02-13 17:11:32,btc,0.0,0.0,0.00000009,btc,0.0,0.0,0.0,213
1,[],12,[],2019-01-25 02:44:32,207462.42853209,0.000001080000000000000035831255497387193287295303889550268650054931640625,0.000000000038610756000000006,6493050,2019-01-25 02:44:32,btc,85023.03793723314,0.0,0.000001080000000000000035831255497387193287295303889550268650054931640625,btc,43675.73520027,0.000146250909087,0.0348620860622024,213
1,[],22,[],2019-02-13 17:11:35,121087.0,0.00000002,0.00000000000072185,6655792,2019-02-13 17:11:35,BTC,2.19288044,0.0,0.00000002,BTC,153809.63137942314,0.0,0.00160774,216
1,[],27,[],2019-02-13 17:11:38,5203157.5555,0.00000004,0.0000000000014437,6655793,2019-02-13 17:11:38,btc,257.47163371176,0.0,0.00000004,"btc,ltc",273281.909,0.0,0.05469726222,216
1,[],22,[],2019-02-13 17:11:43,248712.63035082762,0.00000210,0.00000000007579425,6655794,2019-02-13 17:11:43,BTC,12677.06610476,0.0,0.00000210,BTC,429523.22980773513,0.14633132,0.30876909,217
1,[],7,[],2019-02-13 17:11:44,0.0,0,0,6655795,2019-02-13 17:11:44,btc,77970.0557979151,0.0,0,btc,137090858.32140028,0.0,0.0,219
0,[],27,[],2019-02-13 17:11:46,0.0,0,0,6655796,2019-02-13 17:11:46,,5.341893788316972,0.0,0,btc,1605140.99226595,0.0,0.0,219
0.0000000000000052,[],28,[],2019-02-13 17:11:49,169956223.952,6.76052e-18,2.440040681e-22,6655797,2019-02-13 17:11:49,doge,88712.3748390675,14415.0,0.00130010,"btc,doge",4987338.69631,0.0,1.584403029683526e-11,219
1,[],22,[],2019-02-13 17:11:52,316680.6,0.0000005,0.000000000018046250000000002,6655798,2019-02-13 17:11:52,BTC,3.03262434,0.0,0.0000005,BTC,99855.07001039218,0.00892876,0.03519916,221
1,[],24,[],2019-02-13 17:11:53,0.0,0.000000201200,0.000000000007261811,6655799,2019-02-13 17:11:53,btc,0.0,0.0,0.000000201200,btc,0.0,0.0,0.0,221
1,[],20,[],2019-02-13 17:11:55,52269469.1018,0.000000003,0.0000000000001082775,6655800,2019-02-13 17:11:55,btc,49.8568239773503,113294.6168,0.000000003,btc,10281219.2359,0.0004148838504,0.054898039522,224
0,[],22,[],2019-02-13 17:11:57,0.0,0,0,6655801,2019-02-13 17:11:57,,0.0,0.0,0,,0.0,0.0,0.0,224
1,[],26,[],2019-02-13 17:11:57,0.0,0.00000035,0.000000000012632375,6655802,2019-02-13 17:11:57,btc,0.0,0.0,0.00000035,btc,0.0,0.0,0.0,231
1,[],26,[],2019-02-13 17:11:58,0.0,0.00000005,0.000000000001804625,6655803,2019-02-13 17:11:58,btc,0.0,200.0,0.00000005,btc,0.0,0.0,0.0,234
0,[],27,[],2019-02-13 17:12:00,0.0,0,0,6655804,2019-02-13 17:12:00,,0.0113483662182,0.0,0,"btc,eth",11462.99618,0.0,0.0,234
0,[],22,[],2019-02-13 17:12:03,0.0,0,0,6655805,2019-02-13 17:12:03,,2.76622139,0.0,0,,92412288.06349206,0.0,0.0,235
1,[],4,[],2019-02-13 17:12:04,1133841.78866607,0.00000101,0.000000000036453425,6655806,2019-02-13 17:12:04,btc,0.3277774114824197,0.0,0.00000101,btc,227974.93224957,0.2323836,0.4415950491374779,236
1,[],24,[],2019-02-13 17:12:04,0.0,0.000000020010,0.000000000000722210925,6655807,2019-02-13 17:12:04,btc,0.0,0.0,0.000000020010,btc,0.0,0.0,0.0,236
1,[],20,[],2019-02-13 17:12:06,66717737.8763,0.000000066,0.000000000002382105,6655808,2019-02-13 17:12:06,btc,14.9370365440242,18812045.3165,0.000000066,btc,26787847.6167,1.2529736682114,0.4181074469947,237
1,[],22,[],2019-02-13 17:12:10,136267.0,0.00000004,0.0000000000014437,6655809,2019-02-13 17:12:10,BTC,0.04209605,0.0,0.00000004,"BTC,LTC",22179.0,0.0,0.00541601,237
1,[],4,[],2019-02-13 17:12:10,4267746.92427171,0.00000033,0.000000000011910525,6655810,2019-02-13 17:12:10,btc,0.700173376466033,0.0,0.00000033,btc,1871260.55393783,0.23955023,1.3011056552292741,238
1,[],5,[],2019-02-13 17:12:12,4.25e-06,0.00000033,0.000000000011910525,6655811,2019-02-13 17:12:12,btc,0.85050633,0.0041341,0.00000033,btc,3.008e-05,0.0,0.23785978,238
0,[],22,[],2019-02-13 17:12:15,0.0,0,0,6655812,2019-02-13 17:12:15,,15.41678688,0.0,0,,370860.0639027493,0.0,0.0,249
0.00000000011528790000000001,[],22,[],2019-02-13 17:12:19,7025765.666666667,3.4586370000000003e-18,1.248308559225e-22,6655813,2019-02-13 17:12:19,LTC,0.46265531,0.0,0.00000003,LTC,12972210.09,3.4098125743500004e-13,0.20977599,252
1,[],28,[],2019-02-13 17:12:21,3363335.286,0.00000012,0.0000000000043311,6655814,2019-02-13 17:12:21,btc,164693.6746169401,171588.893,0.00000012,btc,903638.2751,0.0,0.1964643963,256
1,[],22,[],2019-02-13 17:12:24,176118.66666666666,0.00000003,0.000000000001082775,6655815,2019-02-13 17:12:24,BTC,30.16605731,0.0,0.00000003,BTC,467256.92423192423,0.01171745,0.00299152,258
1,[],22,[],2019-01-26 20:58:41,368451.0,0.00000001,0.000000000000356135,6510120,2019-01-26 20:58:41,BTC,2.642917,0.0,0.00000001,"BTC,LTC",1862.0,0.0,0.02488451,259
1,[],22,[],2019-02-13 17:12:29,13569.624375624375,0.00001300,0.0000000004692025,6655816,2019-02-13 17:12:29,BTC,1293.00621073,0.0,0.00001300,"BTC,LTC",5427.384361648658,0.03654727,0.04136286,262
1,[],5,[],2019-02-13 17:12:30,1.925e-05,0.00000204,0.00000000007362870000000001,6655817,2019-02-13 17:12:30,btc,0.67987325,0.14631805,0.00000204,btc,0.00025863,0.0,0.15840639,264
1,[],20,[],2019-02-13 17:12:32,1264711.417,0.00000195,0.000000000070380375,6655818,2019-02-13 17:12:32,btc,4.968415405281,58773.9191,0.00000195,btc,98969.1922,0.1801347703778,0.0211013589335,264
1,[],22,[],2019-02-13 17:12:36,95356.5,0.00000002,0.00000000000072185,6655819,2019-02-13 17:12:36,BTC,8.27980096,0.0,0.00000002,BTC,227209.31707431233,0.0,0.0014095,271
0,[],22,[],2019-02-13 17:12:39,0.0,0,0,6655820,2019-02-13 17:12:39,,384.77798703,0.0,0,,15106717515.9,0.0,0.0,272
0.0000000000000052,[],28,[],2019-02-13 17:12:40,176230916756.474,4.5240000000000004e-21,1.6328247000000002e-25,6655821,2019-02-13 17:12:40,doge,441815494.2871066,37210236576.1472,0.00000087,doge,218082014463.6785,0.0,4.363946855108329e-10,272
1,[],22,[],2019-02-13 17:12:46,12784.0,0.00001501,0.000000000541748425,6655822,2019-02-13 17:12:46,BTC,74.07616281,0.0,0.00001501,"BTC,LTC",1567.582716680558,0.01214587,0.03516499,281
