pairValue,buyBook,exchangeId,sellBook,updated,buyTotal,satoshiPrice,usdPrice,exchangeLogId,created,bestPair,sellTotalBtc,volume,pairPrice,activePairs,sellTotal,volumeBtc,buyTotalBtc,coinId
1,[],3,[],2019-03-03 04:08:10,30536.55357409086,0.01265220000000000059869886825936191598884761333465576171875,0.00000048420095922,6830741,2019-03-03 04:08:10,btc,61.06508916762819,0.0,0.01265220000000000059869886825936191598884761333465576171875,btc,21.590360876169,0.0,0.26574014300262455,1
1,[],4,[],2019-03-03 04:08:12,208063.57175101,0.01261560,0.00000048280027356,6830742,2019-03-03 04:08:12,btc,9.2359240249572,0.0,0.01261560,btc,263.49169903,0.98891886,3.0820673401360854,1
1,[],5,[],2019-03-03 04:08:16,0.0,0,0,6830743,2019-03-03 04:08:16,btc,0.0,0.05621352,0,btc,0.0,0.0,0.0,1
1,[],10,[],2019-03-03 04:08:20,414711.95033444,0.01068801,0.00000040903121150100003,6830744,2019-03-03 04:08:20,btc,6522.141706847752,1223.5863065,0.01068801,btc,1092.58634865,0.0,5.779493964684394,1
1,[],12,[],2019-03-03 04:08:22,10510.35060409,0.01267000000000000070610184366159955970942974090576171875,0.0000004848821670000001,6830745,2019-03-03 04:08:22,btc,0.4679960263185,0.0,0.01267000000000000070610184366159955970942974090576171875,btc,27.89043845,0.142314313284,0.5819098238704999,1
1,[],20,[],2019-03-03 04:08:25,1151.0583,0.010500212,0.00000040184416326120004,6830746,2019-03-03 04:08:25,btc,0.0662082325693,0.42,0.010500212,btc,3.0133,0.0046891326164,0.0899620500051,1
1,[],21,[],2019-03-03 04:08:26,2330.13831037,0.01273999999999999958866236938,0.000000487561074,6830747,2019-03-03 04:08:26,btc,20.195419193851126,2176.51326416,0.01273999999999999958866236937637950177304446697235107421875,"btc,eth",2419.32940911,26.224015322738506,21.708342918703224,1
1,[],22,[],2019-03-03 04:09:20,0.006382215384615385,0.01300000,0.0000004975113,6830748,2019-03-03 04:09:20,BTC,0.31439419,0.0,0.01300000,BTC,0.12751438772928525,0.0,7.978e-05,1
1,[],24,[],2019-03-03 04:09:21,0.0,0.000000000000,0,6830749,2019-03-03 04:09:21,btc,0.0,0.0,0.000000000000,btc,0.0,0.0,0.0,1
0.0,[],25,[],2019-03-03 04:09:22,0.0,0,0,6830750,2019-03-03 04:09:22,btc,29.278699997867395,178.05073324,0.0,btc,2246.01124789,2.2646,0.0,1
1,[],26,[],2019-03-03 04:09:23,0.0,0,0,6830751,2019-03-03 04:09:23,,0.0,0.0,0,,0.0,0.0,0.0,1
1,[],28,[],2019-03-03 04:09:28,993.142,0.01323000,0.000000506313423,6830752,2019-03-03 04:09:28,btc,0.162839806,18226.25,0.01323000,btc,8.9,0.0,0.089302756,1
0,[],2,[],2019-01-20 23:28:45,0.0,0,0,6477011,2019-01-20 23:28:45,,0.0,0.0,0,,0.0,0.0,0.0,1
1,[],5,[],2019-03-03 04:09:30,0.0,0,0,6830753,2019-03-03 04:09:30,btc,0.0,0.00970474,0,btc,0.0,0.0,0.0,2
0.0000000001262749,[],22,[],2019-03-03 04:10:12,1148.0,1.3890239000000001e-16,5.3158083555390004e-21,6830754,2019-03-03 04:10:12,XMR,21.01373823,0.0,0.00000110,XMR,14319.12581,0.0,0.00087635,2
1,[],5,[],2019-03-03 04:10:16,0.0,0,0,6830755,2019-03-03 04:10:16,btc,0.0,1.44101973,0,btc,0.0,0.0,0.0,3
1,[],12,[],2019-03-03 04:10:17,13324233.6121345,0.000000175,0.0000000000066972675,6830756,2019-03-03 04:10:17,btc,924384.54629115,0.0,0.000000175,btc,8081336.16183734,0.06544423125637255,0.720638260533503,3
0,[],28,[],2019-03-03 04:10:20,0.0,0,0,6830757,2019-03-03 04:10:20,,0.0,0.0,0,,0.0,0.0,0.0,3
0,[],2,[],2019-01-20 23:31:32,0.0,0,0,6477077,2019-01-20 23:31:32,,0.0,0.0,0,,0.0,0.0,0.0,4
1,[],4,[],2019-03-03 04:10:23,377013.45143067,0.00000032,0.000000000012246432000000002,6830758,2019-03-03 04:10:23,btc,31.987078666479317,0.0,0.00000032,btc,710818.67186142,0.0003865,0.0479187894946875,4
1,[],12,[],2019-03-03 04:10:25,1183890.33333333,0.00000003,0.000000000001148103,6830759,2019-03-03 04:10:25,btc,11013925.647529753,0.0,0.00000003,btc,1479040.32371984,2.8011988012e-05,0.0168094099999999,5
0,[],2,[],2019-01-20 23:31:51,0.0,0,0,6477087,2019-01-20 23:31:51,,0.0,0.0,0,,0.0,0.0,0.0,6
1,[],11,[],2019-03-03 04:10:27,6476884.5,0.00000002,0.0000000000007654020000000001,6830760,2019-03-03 04:10:27,btc,9568.044664252815,482490.0,0.00000002,btc,41579250.07452957,0.0,0.097012525,6
1,[],3,[],2019-03-03 04:10:29,1072.856293592546,0.0001510899999999999916699966462374504772014915943145751953125,0.000000005782229409,6830761,2019-03-03 04:10:29,btc,28.402034233092024,0.0,0.0001510899999999999916699966462374504772014915943145751953125,btc,243.122414578101,0.0,0.03202593781665577,7
1,[],4,[],2019-03-03 04:10:32,92011.19197732,0.00022673,0.000000008676979773,6830762,2019-03-03 04:10:32,btc,9.66808301092996,0.0,0.00022673,btc,32155.26305902,6.11191724,4.9741390617236645,7
1,[],5,[],2019-03-03 04:10:34,0.0,0,0,6830763,2019-03-03 04:10:34,btc,0.0,1.42659554,0,btc,0.0,0.0,0.0,7
1,[],20,[],2019-02-20 02:16:17,39399275.8418,0.000000001,0.0000000000000390183,6728586,2019-02-20 02:16:17,btc,116.9737569154545,525.0,0.000000001,btc,56932965.8895,5.25e-07,0.0393992758418,8
0,[],2,[],2019-01-20 23:22:42,0.0,0,0,6476876,2019-01-20 23:22:42,,0.0,0.0,0,,0.0,0.0,0.0,9
0,[],23,[],2019-01-20 23:22:48,0.0,0,0,6476878,2019-01-20 23:22:48,,0.0,0.0,0,,0.0,0.0,0.0,9
1,[],4,[],2019-03-03 04:10:37,1982322.88837076,0.00000165,0.00000000006314566500000001,6830764,2019-03-03 04:10:37,btc,6.914997546698179,0.0,0.00000165,btc,3094211.15531834,1.11727362,0.6796311545775496,9
1,[],28,[],2019-03-03 04:10:39,47504.0,0.00000166,0.000000000063528366,6830765,2019-03-03 04:10:39,btc,2708.763406715895,3579282.59,0.00000166,btc,12476.4655,0.0,0.05012664,9
1,[],1,[],2019-02-17 23:31:42,1822507.21,0.00000181000000000000003456111265232042484285557293333113193511962890625,0.000000000066086901,6701244,2019-02-17 23:31:42,btc,3.6990969245,17153386.5,0.00000181000000000000003456111265232042484285557293333113193511962890625,btc,1997391.71,31.11772986,3.2610482446,9
1,[],4,[],2019-02-17 11:22:43,4341674.27126056,0.00000002,0.0000000000007272960000000001,6696112,2019-02-17 11:22:43,btc,0.1997230937751353,0.0,0.00000002,btc,4109766.79808031,0.00215132,0.0479381022052112,10
0,[],2,[],2019-01-20 23:23:08,0.0,0,0,6476890,2019-01-20 23:23:08,,0.0,0.0,0,,0.0,0.0,0.0,12
1,[],4,[],2019-03-03 04:10:43,5226348.48025977,0.00000116,0.000000000044393316,6830766,2019-03-03 04:10:43,btc,10.542918063744686,0.0,0.00000116,btc,5758580.45499834,1.08008567,2.4274900822704994,12
1,[],5,[],2019-03-03 04:10:44,0.0,0,0,6830767,2019-03-03 04:10:44,btc,0.0,0.18209528,0,btc,0.0,0.0,0.0,12
0.0,[],25,[],2019-03-03 04:10:45,0.0,0,0,6830768,2019-03-03 04:10:45,,0.0,0.0,0.0,btc,0.0,0.0,0.0,12
1,[],10,[],2019-03-02 22:48:22,417326.12990527,0.00000528,0.00000000020162419200000001,6829594,2019-03-02 22:48:22,btc,666802.6139673132,6700.02176237,0.00000528,btc,745141.84884422,0.0,0.2397854453553082,13
1,[],4,[],2019-03-03 04:10:48,31942434.15502425,0.00000558,0.00000000021354715800000003,6830769,2019-03-03 04:10:48,btc,2.968907962917758,0.0,0.00000558,btc,412953.21336207,0.33912987,0.7471816997474846,13
1,[],21,[],2019-03-03 04:10:52,896077.38090002,0.000005669999999999999923416295344,0.00000000021699146700000002,6830770,2019-03-03 04:10:52,btc,5.873896579507586,414812.77081129,0.000005669999999999999923416295344313908799449563957750797271728515625,btc,932144.75019443,2.36092922,4.744959961193779,13
1,[],4,[],2019-03-03 04:10:55,740260.73826506,0.00000147,0.000000000056257047,6830771,2019-03-03 04:10:55,btc,53.219926066736974,0.0,0.00000147,btc,878056.28308515,0.02004316,0.2013150935237247,14
1,[],12,[],2019-03-03 04:10:57,218005.8748086,0.000001349999999999999991849510168340220417348973569460213184356689453125,0.000000000051664635000000006,6830772,2019-03-03 04:10:57,btc,5.290201462517888,0.0,0.000001349999999999999991849510168340220417348973569460213184356689453125,btc,31128.09057434,0.0,0.027906269999874,14
0,[],17,[],2019-03-03 04:10:59,0.0,0,0,6830773,2019-03-03 04:10:59,btc,0.0,0.0,0,btc,0.0,0.0,0.0,14
1,[],26,[],2019-03-03 04:10:59,0.0,0.00000050,0.00000000001913505,6830774,2019-03-03 04:10:59,btc,0.0,0.0,0.00000050,btc,0.0,0.0,0.0,14
,[],12,[],2018-12-01 15:15:48,204241.84496,0.00000489,0.000000000202473384,5260204,2018-12-01 15:15:48,btc,49.5475654835,0.0,,btc,35763.2193806,0.0163153972027625,0.0203389899998,15
0,[],4,[],2019-03-03 04:11:00,0.0,0,0,6830775,2019-03-03 04:11:00,,0.0,0.0,0,,0.0,0.0,0.0,15
0,[],17,[],2019-03-02 22:48:45,0.0,0,0,6829603,2019-03-02 22:48:45,btc,0.0,0.0,0,btc,0.0,0.0,0.0,18
0,[],2,[],2019-01-20 23:23:38,0.0,0,0,6476906,2019-01-20 23:23:38,,0.0,0.0,0,,0.0,0.0,0.0,18
1,[],4,[],2019-03-03 04:11:02,25492.12734991,0.00001760,0.00000000067355376,6830776,2019-03-03 04:11:02,btc,1.3500032841954304,0.0,0.00001760,btc,15386.59336485,0.02739758,0.0749082875807072,18
1,[],10,[],2019-03-03 04:11:06,783317.41598471,0.00001751,0.000000000670109451,6830777,2019-03-03 04:11:06,btc,15.4497042181697,24636.2051266,0.00001751,btc,14708.75326521,0.0,0.1402767423117016,18
1,[],12,[],2019-03-03 04:11:07,193258.0735522,0.00001701999999999999967450516058509180084001854993402957916259765625,0.000000000651357102,6830778,2019-03-03 04:11:07,btc,23.63081218990053,0.0,0.00001701999999999999967450516058509180084001854993402957916259765625,btc,1883.9929013,0.0002687733071764,0.035657940849224,18
0,[],2,[],2019-01-20 23:24:19,0.0,0,0,6476924,2019-01-20 23:24:19,,0.0,0.0,0,,0.0,0.0,0.0,19
1,[],3,[],2019-03-03 04:11:18,118411.47915553255,0.0000200099999999999998462514583241755872222711332142353057861328125,0.000000000765784701,6830779,2019-03-03 04:11:18,btc,0.5053401800644072,0.0,0.0000200099999999999998462514583241755872222711332142353057861328125,btc,7948.096912413742,0.0,0.03205921859878425,19
1,[],4,[],2019-03-03 04:11:19,412715.22634354,0.00002020,0.0000000007730560200000001,6830780,2019-03-03 04:11:19,btc,2.3524245940079194,0.0,0.00002020,btc,71565.14812234,0.56128488,2.3071253319345346,19
1,[],5,[],2019-03-03 04:11:22,0.0,0,0,6830781,2019-03-03 04:11:22,btc,0.0,0.00174224,0,btc,0.0,0.0,0.0,19
1,[],12,[],2019-03-03 04:11:22,134718.12405048,0.00001821999999999999834965347389470480266027152538299560546875,0.000000000697281222,6830782,2019-03-03 04:11:22,btc,6.8955671516250945,0.0,0.00001821999999999999834965347389470480266027152538299560546875,btc,497.68165322,0.000564564884742,0.1103015351151448,19
0,[],27,[],2019-03-03 04:11:25,0.0,0,0,6830783,2019-03-03 04:11:25,,0.0,0.0,0,btc,0.0,0.0,0.0,19
1,[],4,[],2019-03-03 04:11:26,2799035.65253403,0.00000013,0.000000000004975113000000001,6830784,2019-03-03 04:11:26,btc,7.37869139072158,0.0,0.00000013,btc,2856404.97012105,0.00010654,0.0788337422238264,20
0,[],17,[],2019-03-03 03:13:20,0.0,0,0,6830500,2019-03-03 03:13:20,btc,0.0,0.0,0,btc,0.0,0.0,0.0,21
1,[],4,[],2019-03-03 04:11:27,103956136.13937023,0.00000002,0.0000000000007654020000000001,6830785,2019-03-03 04:11:27,btc,1807.0446274209746,0.0,0.00000002,btc,55481842.86506001,0.000102,1.1668631666680451,21
1,[],12,[],2019-03-03 04:11:29,18216951.0,0.00000002,0.0000000000007654020000000001,6830786,2019-03-03 04:11:29,btc,670.8733402334847,0.0,0.00000002,btc,8127598.32857329,3.1e-05,0.23657926,21
1,[],12,[],2019-03-03 04:11:32,2936846303.531895,0.0000000001,0.000000000000003827010000000001,6830787,2019-03-03 04:11:32,btc,975865847149.3503,0.0,0.0000000001,btc,5059451906.520918,0.016012107332267732,0.29368463035318954,23
0,[],27,[],2019-03-03 04:11:34,0.0,0,0,6830788,2019-03-03 04:11:34,,13.543633221578427,26801.0,0,eth,2204616.85364636,9.362454972300001e-14,0.0,23
1,[],4,[],2019-03-03 04:11:35,444870.08639673,0.00000046,0.000000000017604246,6830789,2019-03-03 04:11:35,btc,8.647345541054957,0.0,0.00000046,btc,1510299.13583562,0.00813445,0.1322986876261011,24
1,[],22,[],2019-03-03 04:12:26,11.76,0.00000100,0.0000000000382701,6830790,2019-03-03 04:12:26,BTC,7.415e-05,0.0,0.00000100,BTC,23.919354838709676,0.0,1.176e-05,24
0.0,[],25,[],2019-03-03 04:12:28,0.0,0,0,6830791,2019-03-03 04:12:28,,0.0,0.0,0.0,btc,0.0,0.0,0.0,24
0,[],2,[],2019-01-20 23:25:56,0.0,0,0,6476976,2019-01-20 23:25:56,,0.0,0.0,0,,0.0,0.0,0.0,26
1,[],4,[],2019-03-03 04:12:31,26578167.26623637,0.00000648,0.00000000024799024800000003,6830792,2019-03-03 04:12:31,btc,166.84669891524143,0.0,0.00000648,btc,238619.95260794,0.08496253,0.4376867780910153,26
1,[],10,[],2019-03-03 04:12:33,686652.82592622,0.00000603,0.000000000230768703,6830793,2019-03-03 04:12:33,btc,26.125950593308115,5054.06784974,0.00000603,btc,14054.67408507,0.0,0.2280361632878725,26
1,[],3,[],2019-03-03 04:12:39,5529569.78933568,0.00000001,0.00000000000038270100000000005,6830794,2019-03-03 04:12:39,btc,2.161243832498448,0.0,0.00000001,btc,17599728.13629621,0.0,0.0552956978933568,27
1,[],5,[],2019-03-03 04:12:40,0.0,0,0,6830795,2019-03-03 04:12:40,btc,0.0,0.00019859,0,btc,0.0,0.0,0.0,27
1,[],11,[],2019-03-03 04:12:48,9470054.891515061,0.00000005,0.000000000001913505,6830796,2019-03-03 04:12:48,btc,67506.38088715188,21889.311987,0.00000005,btc,7980367.26084264,0.0,0.4414030388653851,27
1,[],4,[],2019-03-03 04:12:51,1527723396.344234,0.00000002,0.0000000000007654020000000001,6830797,2019-03-03 04:12:51,btc,2.8147180871565425,0.0,0.00000002,"btc,ltc",175833467.2975815,0.17602313,12.452069782631833,29
1,[],7,[],2019-03-03 04:12:56,36578042.00316807,0.00000002,0.0000000000007654020000000001,6830798,2019-03-03 04:12:56,btc,44462590.70810015,3570000.0,0.00000002,btc,47130802.3870757,0.1071,0.3770791565636483,29
0,[],17,[],2019-03-03 03:52:51,0.0,0,0,6830699,2019-03-03 03:52:51,btc,0.0,0.0,0,btc,0.0,0.0,0.0,30
1,[],4,[],2019-03-03 04:13:00,2180644.33950692,0.00000028,0.000000000010715628000000001,6830799,2019-03-03 04:13:00,btc,2.333234801963216,0.0,0.00000028,btc,1540975.18858613,0.00769769,0.0903820222715759,30
1,[],4,[],2019-03-03 03:52:52,172192.40380186,0.00004911,0.00000000187541268,6830700,2019-03-03 03:52:52,btc,6.163657641093406,0.0,0.00004911,btc,76651.18347552,1.32835814,1.3272673271570417,31
1,[],21,[],2019-03-03 03:52:53,109982.29145031,0.00004971999999999999830064753570,0.00000000189870736,6830701,2019-03-03 03:52:53,btc,3.7309768292211825,119065.15575955,0.0000497199999999999983006475356983600022431346587836742401123046875,btc,66392.60555368,6.00974752,4.517909622928721,31
0,[],2,[],2019-01-20 23:28:43,0.0,0,0,6477009,2019-01-20 23:28:43,,0.0,0.0,0,,0.0,0.0,0.0,32
1,[],4,[],2019-03-03 03:52:56,367257528.59980994,0.00000003,0.0000000000011456400000000002,6830702,2019-03-03 03:52:56,btc,13.330854263757749,0.0,0.00000003,"btc,ltc",241953287.64693555,3.47077358,7.565907976984354,33
1,[],12,[],2019-03-03 03:52:57,15472544.0,0.00000004,0.0000000000015275200000000001,6830703,2019-03-03 03:52:57,btc,35634718.35678273,0.0,0.00000004,btc,89367885.38161829,0.0480542048751255,0.49175318,33
1,[],4,[],2019-03-03 03:52:58,116420391.81062756,0.00000001,0.00000000000038188000000000003,6830704,2019-03-03 03:52:58,btc,3.6262916213668235,0.0,0.00000001,btc,100689286.54153435,0.00347,1.1642039181062755,34
1,[],5,[],2019-03-03 03:53:00,0.0,0,0,6830705,2019-03-03 03:53:00,btc,0.0,0.00031567,0,btc,0.0,0.0,0.0,34
0,[],17,[],2019-03-02 21:39:17,0.0,0,0,6829364,2019-03-02 21:39:17,btc,0.0746458232965017,0.0,0,btc,4103573.70243647,0.0,0.0,36
0.0000000001263524,[],4,[],2019-03-03 03:14:41,1737617795.5350714,2.527048e-18,9.648597780240001e-23,6830521,2019-03-03 03:14:41,ltc,5.428979214473629e-08,0.0,0.00000002,ltc,7101589393.540168,0.0,2.3724182051426474e-09,36
1,[],5,[],2019-03-03 03:14:43,0.0,0,0,6830522,2019-03-03 03:14:43,btc,0.0,0.0,0,btc,0.0,0.0,0.0,36
0.0000000003489916,[],27,[],2019-03-03 03:14:57,1090000.0,3.489916e-18,1.332495297708e-22,6830523,2019-03-03 03:14:57,eth,222.5997971062634,0.0,0.00000001,"ltc,eth",11163566.48751039,0.0,1.495411104e-12,36
1,[],4,[],2019-03-03 03:53:02,240470.21994966,0.00000065,0.0000000000248222,6830706,2019-03-03 03:53:02,btc,19772.481167392154,0.0,0.00000065,btc,551532.66109063,0.008397,0.1083674720292678,37
1,[],12,[],2019-03-03 03:53:03,545468.06308849,0.00000061,0.00000000002329468,6830707,2019-03-03 03:53:03,btc,1345.8885102036706,0.0,0.00000061,btc,1041515.51202711,0.231880834820094,0.15084397882000058,37
1,[],27,[],2019-03-03 03:53:07,14685.567,0.00000045,0.000000000017184600000000002,6830708,2019-03-03 03:53:07,btc,25.82160105111233,0.0,0.00000045,btc,6804.86438508,0.0,0.00480032515,37
1,[],17,[],2019-03-03 03:15:01,1752.74075282,0.00000025,0.000000000009545325,6830526,2019-03-03 03:15:01,btc,0.055484923988828205,0.0,0.00000025,btc,1387.19918473,0.0,0.00043818518820499993,37
1,[],5,[],2019-03-03 03:53:10,0.0,0,0,6830709,2019-03-03 03:53:10,btc,0.0,0.10616664,0,btc,0.0,0.0,0.0,42
1,[],12,[],2019-03-03 03:53:11,249941.12151651,0.00000093,0.000000000035514840000000004,6830710,2019-03-03 03:53:11,btc,94.64763280332876,0.0,0.00000093,btc,99360.30308988,0.0120216667860759,0.0561808071498408,42
0.00000000034908740000000003,[],27,[],2019-03-03 03:53:14,2000.0,3.490874e-18,1.33309496312e-22,6830711,2019-03-03 03:53:14,eth,0.00315028,0.0,0.00000001,"btc,eth",11.007,0.0,6.981748000000001e-15,42
1,[],5,[],2019-03-03 03:53:18,0.0,0,0,6830712,2019-03-03 03:53:18,btc,0.0,0.0,0,btc,0.0,0.0,0.0,43
1,[],12,[],2019-03-03 03:53:18,1209361.0,0.00000001,0.00000000000038188000000000003,6830713,2019-03-03 03:53:18,btc,3569.074552336114,0.0,0.00000001,btc,11768494.65174823,0.0,0.01209361,43
0,[],17,[],2019-03-03 03:15:23,0.0,0,0,6830533,2019-03-03 03:15:23,btc,0.0,0.0,0,btc,0.0,0.0,0.0,43
1,[],12,[],2019-03-03 03:53:32,647574.0,0.00000004,0.0000000000015275200000000001,6830714,2019-03-03 03:53:32,btc,11116042.728042258,0.0,0.00000004,btc,1103905.40261734,0.00024932995005,0.01530535,44
1,[],4,[],2019-03-03 03:53:33,290771361.68740726,0.00000002,0.0000000000007637600000000001,6830715,2019-03-03 03:53:33,btc,473.58761991957454,0.0,0.00000002,"btc,ltc",12247089.08076878,0.000188,0.19895527806860208,49
0.00000000012638230000000002,[],4,[],2019-03-03 03:53:36,329954786.4820157,1.2638230000000001e-18,4.8262872724000003e-23,6830716,2019-03-03 03:53:36,ltc,25.568133936648668,0.0,0.00000001,ltc,9780007469.93985,0.0,4.1700444811606056e-10,52
0.0000000001262004,[],22,[],2019-03-03 03:55:47,80845862.0,1.262004e-18,4.819340875200001e-23,6830717,2019-03-03 03:55:47,XMR,4366.97466637,0.0,0.00000001,XMR,255820234.67882353,0.0,0.80845862,57
0.00000000034908740000000003,[],27,[],2019-03-03 03:55:49,2000.0,3.490874e-18,1.33309496312e-22,6830718,2019-03-03 03:55:49,eth,0.0,0.0,0.00000001,"btc,eth",0.0,0.0,6.981748000000001e-15,57
0.00000000012638230000000002,[],4,[],2019-03-03 03:55:54,917863927.0563334,3.791469e-18,1.4478861817200002e-22,6830719,2019-03-03 03:55:54,ltc,18.807185869961515,0.0,0.00000003,ltc,4177823175.9160314,0.0,2.2298841466296483e-09,58
1,[],12,[],2019-03-03 03:55:55,1668824433.843957,0.0000000004,0.000000000000015275200000000002,6830720,2019-03-03 03:55:55,btc,224005480143.51013,0.0,0.0000000004,btc,3850409642.424944,0.03315607530429573,0.5426756577011391,58
0,[],17,[],2019-03-03 03:56:07,0.0,0,0,6830721,2019-03-03 03:56:07,btc,1e+24,0.0,0,btc,49226522.0897055,0.0,0.0,58
0.0000000001262004,[],22,[],2019-03-03 03:56:43,137438.0,1.262004e-18,4.819340875200001e-23,6830722,2019-03-03 03:56:43,XMR,69.8835922,0.0,0.00000001,XMR,9887963.0,0.0,0.00137438,58
1,[],5,[],2019-03-03 03:56:44,0.0,0,0,6830723,2019-03-03 03:56:44,btc,0.0,0.1684043,0,btc,0.0,0.0,0.0,61
1,[],22,[],2019-03-03 03:57:27,13759.5,0.00000012,0.000000000004582560000000001,6830724,2019-03-03 03:57:27,BTC,1002.29597012,0.0,0.00000012,BTC,14947.700278135757,3.48e-06,0.00155017,61
1,[],26,[],2019-03-03 03:57:27,0.0,0.00000800,0.000000000305504,6830725,2019-03-03 03:57:27,btc,0.0,0.0,0.00000800,btc,0.0,0.0,0.0,61
1,[],27,[],2019-03-03 03:57:30,2160.118,0.00000045,0.000000000017184600000000002,6830726,2019-03-03 03:57:30,btc,7.76072757961638,806.2391,0.00000045,"btc,eth",19950.11257617,0.00037087,0.00019959750293623807,61
0,[],28,[],2019-03-03 03:59:31,0.0,0,0,6830727,2019-03-03 03:59:31,,0.0,821.0,0,,0.0,0.0,0.0,61
1,[],4,[],2019-03-03 03:59:36,1363976.03095689,0.00000279,0.00000000010654452000000001,6830728,2019-03-03 03:59:36,btc,11.230842166601173,0.0,0.00000279,btc,796440.67813614,0.19885877,1.2469989747752386,67
0.0,[],25,[],2019-03-03 03:59:37,0.0,0,0,6830729,2019-03-03 03:59:37,,0.0,0.0,0.0,btc,0.0,0.0,0.0,67
1,[],12,[],2019-03-03 03:17:55,1786379.92029869,0.00000022,0.000000000008399886,6830549,2019-03-03 03:17:55,btc,11115899.058955982,0.0,0.00000022,btc,2216157.35934064,0.0228634223968635,0.0814403864411094,71
,[],5,[],2018-11-20 23:02:39,1.5e-07,0.00000005,0.000000000002128045,4862160,2018-11-20 23:02:39,btc,2.84511358,0.0,,btc,0.00036572,0.0,0.07381892,74
1,[],5,[],2019-03-03 03:17:56,0.0,0,0,6830550,2019-03-03 03:17:56,btc,0.0,0.0,0,btc,0.0,0.0,0.0,75
0,[],20,[],2019-01-25 09:30:31,0.0,0,0,6495923,2019-01-25 09:30:31,btc,0.0,0.0,0,btc,0.0,0.0,0.0,81
1,[],4,[],2019-03-03 03:17:59,15984338.899575,0.00000001,0.00000000000038181300000000003,6830551,2019-03-03 03:17:59,btc,11388.980061245848,0.0,0.00000001,btc,39369058.17822428,0.0,0.15984338899575,81
1,[],4,[],2019-03-03 03:59:40,28196.1143671,0.00007283,0.0000000027812320400000003,6830730,2019-03-03 03:59:40,btc,17.750748165530293,0.0,0.00007283,btc,12719.32796494,0.01478172,0.1641646353441811,82
1,[],21,[],2019-03-03 03:59:41,293564.48129584,0.00007339000000000000037414515930,0.00000000280261732,6830731,2019-03-03 03:59:41,btc,2.0493624184352934,1561.43767383,0.0000733900000000000003741451592986777541227638721466064453125,btc,22558.26303571,0.11626984,4.564470832955817,82
0,[],17,[],2019-03-03 00:38:00,0.0,0,0,6830070,2019-03-03 00:38:00,btc,0.0447233088476774,0.0,0,btc,999127.19588126,0.0,0.0,84
0.0000000001263524,[],4,[],2019-03-03 03:18:13,123085663.7494547,3.790572e-18,1.447289667036e-22,6830554,2019-03-03 03:18:13,ltc,1.749493169447258,0.0,0.00000003,ltc,404517201.3365184,0.0,2.576434867449602e-10,85
,[],22,[],2018-11-20 23:09:34,3408.1,0.0000001,0.0000000000041895,4862324,2018-11-20 23:09:34,BTC,0.04624735,0.0,,BTC,4990.0,0.0,0.00033081,86
0,[],22,[],2019-02-22 12:52:35,0.0,0,0,6758847,2019-02-22 12:52:35,,2.0760781,0.0,0,,140622.94736842104,0.0,0.0,87
0,[],27,[],2019-02-22 12:52:37,0.0,0,0,6758848,2019-02-22 12:52:37,,0.0,0.0,0,btc,0.0,0.0,0.0,87
,[],2,[],2018-11-20 23:10:47,0.0,0,0,4862359,2018-11-20 23:10:47,,0.0,0.0,,,0.0,0.0,0.0,88
1,[],11,[],2019-03-03 03:59:47,92291.2734526,0.0001403999999999999974582831629987822452676482498645782470703125,0.0000000053615952,6830732,2019-03-03 03:59:47,btc,608.554433589021,65.0,0.0001403999999999999974582831629987822452676482498645782470703125,btc,95546.29577612,0.0,6.140087807869588,89
0,[],2,[],2019-01-20 23:31:45,0.0,0,0,6477083,2019-01-20 23:31:45,,0.0,0.0,0,,0.0,0.0,0.0,91
1,[],12,[],2019-03-03 03:18:16,469070.59061908,0.000001579999999999999907326193003542780246561960666440427303314208984375,0.000000000060326454,6830556,2019-03-03 03:18:16,btc,4.337950761213343,0.0,0.000001579999999999999907326193003542780246561960666440427303314208984375,btc,64669.68925501,0.000196385,0.0844882913998942,91
0,[],17,[],2019-03-03 03:18:18,0.0,0,0,6830557,2019-03-03 03:18:18,btc,0.0,0.0,0,btc,0.0,0.0,0.0,91
0,[],22,[],2019-03-03 03:18:46,0.0,0,0,6830558,2019-03-03 03:18:46,,3e-06,0.0,0,,1.0,0.0,0.0,91
0.00000000012661940000000001,[],22,[],2019-03-03 02:19:24,1820000.0,6.3309700000000004e-18,2.42252034662e-22,6830274,2019-03-03 02:19:24,LTC,8.53121199,0.0,0.00000005,LTC,71989912.1,0.0,0.091,95
0.00000000012638230000000002,[],4,[],2019-03-03 03:59:49,646807228.1156543,7.9620849e-17,3.0405609816120002e-21,6830733,2019-03-03 03:59:49,ltc,11.89478685520093,0.0,0.00000063,ltc,136451417.00844914,0.0115724,1.9865910286728537e-09,96
1,[],12,[],2019-03-03 03:59:50,748.47400001,0.00000001,0.00000000000038188000000000003,6830734,2019-03-03 03:59:50,btc,255079.4568746879,0.0,0.00000001,btc,8740147.94636337,9.8e-07,7.484740000100001e-06,96
0,[],17,[],2019-03-03 00:39:35,0.0,0,0,6830078,2019-03-03 00:39:35,btc,0.0,0.0,0,btc,0.0,0.0,0.0,96
1,[],4,[],2019-03-03 03:18:51,1412788.49606238,0.00000028,0.000000000010690764,6830561,2019-03-03 03:18:51,btc,2.9504428463195516,0.0,0.00000028,btc,2493842.21696395,0.0868523,0.1126370112870742,99
0,[],2,[],2019-01-20 23:23:55,0.0,0,0,6476914,2019-01-20 23:23:55,,0.0,0.0,0,,0.0,0.0,0.0,100
1,[],4,[],2019-03-03 03:18:53,393900.946364,0.00004356,0.000000001663177428,6830562,2019-03-03 03:18:53,btc,11.808860385894526,0.0,0.00004356,btc,164349.47239339,1.31266104,4.734006613854469,100
1,[],22,[],2019-03-03 04:00:57,50000.0,0.00000001,0.00000000000038188000000000003,6830735,2019-03-03 04:00:57,BTC,23.49896609,0.0,0.00000001,BTC,10277.22,0.0,0.0005,101
1,[],4,[],2019-03-03 04:01:01,485364.15232033,0.00000088,0.000000000033605440000000005,6830736,2019-03-03 04:01:01,btc,256.3090062051905,0.0,0.00000088,btc,499046.48785949,0.00147334,0.250482832411617,103
1,[],12,[],2019-03-03 03:20:14,65026687.0,0.000000009,0.0000000000003436317,6830565,2019-03-03 03:20:14,btc,137278444.65422913,0.0,0.000000009,btc,126991264.94645078,0.0175793266523474,0.234931838,105
1,[],27,[],2019-03-03 03:20:16,115397.89,0.00000001,0.00000000000038181300000000003,6830566,2019-03-03 03:20:16,btc,36.58509958047966,0.0,0.00000001,btc,575834.55393212,0.0,0.0011539789,105
1,[],22,[],2019-03-03 03:20:48,9328.0,0.00000001,0.00000000000038181300000000003,6830567,2019-03-03 03:20:48,BTC,51.10837004,0.0,0.00000001,BTC,470435.0,0.0,9.328e-05,107
1,[],26,[],2019-03-03 03:20:48,0.0,0.00000000,0,6830568,2019-03-03 03:20:48,btc,0.0,0.0,0.00000000,btc,0.0,0.0,0.0,107
1,[],5,[],2019-03-03 04:01:05,0.0,0,0,6830737,2019-03-03 04:01:05,btc,0.0,0.0417124,0,btc,0.0,0.0,0.0,112
1,[],22,[],2019-03-03 04:02:10,1966.0,0.00000001,0.00000000000038188000000000003,6830738,2019-03-03 04:02:10,BTC,2.81183288,0.0,0.00000001,BTC,808524.0833333334,0.0,1.966e-05,112
0.00000000034908740000000003,[],27,[],2019-03-03 04:02:15,2000.0,3.490874e-18,1.33309496312e-22,6830739,2019-03-03 04:02:15,eth,1.35132491849924,0.0,0.00000001,"btc,eth",1328.641654,0.0,6.981748000000001e-15,112
1,[],4,[],2019-03-03 03:21:41,1273445.94947699,0.00000200,0.00000000007636260000000001,6830572,2019-03-03 03:21:41,btc,6.444018670723404,0.0,0.00000200,btc,345951.0276477,0.21166549,0.9618620997717584,113
1,[],5,[],2019-03-03 03:21:43,0.0,0,0,6830573,2019-03-03 03:21:43,btc,0.0,0.00983807,0,btc,0.0,0.0,0.0,113
0,[],27,[],2019-03-03 04:02:33,0.0,0,0,6830740,2019-03-03 04:02:33,,0.0,0.0,0,btc,0.0,0.0,0.0,116
1,[],17,[],2019-03-03 02:22:09,152738.278,0.00000004,0.000000000001530584,6830290,2019-03-03 02:22:09,btc,1.3368030274881382,0.0,0.00000004,btc,51896.221,0.0,0.0022095311199999998,116
1,[],4,[],2019-03-03 03:21:59,98845.22495808,0.00002460,0.00000000093925998,6830575,2019-03-03 03:21:59,btc,28.830470634030632,0.0,0.00002460,btc,70417.24166068,0.4410215,1.3664430466318938,120
1,[],7,[],2019-03-03 03:22:00,21307.42869466,0.0000184100000000000016127203739113582514619338326156139373779296875,0.0000000007029177330000001,6830576,2019-03-03 03:22:00,btc,115751.20294390031,0.0,0.0000184100000000000016127203739113582514619338326156139373779296875,btc,56165.08273565,0.0,0.0541845006401664,120
1,[],20,[],2019-03-03 03:22:07,1484133.5064,0.000000033,0.0000000000012599829000000001,6830577,2019-03-03 03:22:07,btc,32.295149061142,12292.9579,0.000000033,btc,998791.9778,0.0004935856424,0.009605288908,125
1,[],22,[],2019-03-03 03:22:48,3053.0,0.00000001,0.00000000000038181300000000003,6830578,2019-03-03 03:22:48,BTC,0.01444887,0.0,0.00000001,BTC,296263.5111111111,0.0,3.053e-05,126
0,[],17,[],2019-03-03 00:43:28,0.0,0,0,6830099,2019-03-03 00:43:28,btc,0.0009561751951600001,0.0,0,btc,35.42829368,0.0,0.0,131
0,[],2,[],2019-01-20 23:25:46,0.0,0,0,6476969,2019-01-20 23:25:46,,0.0,0.0,0,,0.0,0.0,0.0,131
1,[],4,[],2019-03-03 03:22:49,134132.97040554,0.00001200,0.0000000004581756,6830579,2019-03-03 03:22:49,btc,3.9722452490384983,0.0,0.00001200,btc,111790.15629917,0.20274839,0.4244968285085751,131
1,[],4,[],2019-03-03 03:23:01,4553.72440393,0.00016001,0.000000006109389813,6830580,2019-03-03 03:23:01,btc,1.6201325274683225,0.0,0.00016001,btc,238.12730989,0.0,0.0079138371762198,135
1,[],3,[],2019-03-03 03:23:02,958809.8877684299,0.00000004,0.0000000000015272520000000001,6830581,2019-03-03 03:23:02,btc,0.11983125237362309,106930.355407,0.00000004,btc,621828.79924436,0.0,0.0304155181737019,136
1,[],4,[],2019-03-03 03:23:02,270852.88137524,0.00000184,0.00000000007025359200000001,6830582,2019-03-03 03:23:02,btc,38.32237210834957,0.0,0.00000184,btc,503509.30559907,0.05996087,0.0907677144784984,137
1,[],12,[],2019-03-03 03:23:04,293884.48198344,0.000001709999999999999933207183062944256590753866476006805896759033203125,0.000000000065290023,6830583,2019-03-03 03:23:04,btc,11807.601711217327,0.0,0.000001709999999999999933207183062944256590753866476006805896759033203125,btc,125328.18038996,0.0015220683531483,0.0199074599999626,137
1,[],4,[],2019-03-03 03:23:05,111649.53257889,0.00004626,0.000000001766266938,6830584,2019-03-03 03:23:05,btc,28.722759362247416,0.0,0.00004626,btc,40742.08853197,0.84353685,0.8375150723106015,142
1,[],5,[],2019-03-03 03:23:07,0.0,0,0,6830585,2019-03-03 03:23:07,btc,0.0,0.72629765,0,btc,0.0,0.0,0.0,142
1,[],17,[],2019-03-03 03:23:19,22967.386363640002,0.00000088,0.000000000033599544,6830586,2019-03-03 03:23:19,btc,20.0699133484,0.0,0.00000088,btc,405.079105,0.0,0.0104613000000032,142
1,[],20,[],2019-03-03 03:23:21,132478.3877,0.000025132,0.0000000009595724316,6830587,2019-03-03 03:23:21,btc,0.3332919670156,480.9973,0.000025132,btc,2018.1702,0.0139148163862,0.2137844216937,142
1,[],22,[],2019-03-03 03:24:00,1685.8988921568628,0.00004000,0.000000001527252,6830588,2019-03-03 03:24:00,BTC,3.00385504,0.0,0.00004000,BTC,891.218,0.0,0.00174536,142
0.0,[],25,[],2019-03-03 03:24:01,0.0,0,0,6830589,2019-03-03 03:24:01,,0.0,0.0,0.0,btc,0.0,0.0,0.0,142
1,[],28,[],2019-03-03 03:24:03,76100.0,0.00000817,0.000000000311941221,6830590,2019-03-03 03:24:03,btc,0.0639742472,115.0,0.00000817,btc,500.6113,0.0,0.0041072,142
0,[],22,[],2019-03-03 03:24:41,0.0,0,0,6830591,2019-03-03 03:24:41,,60.70572865,0.0,0,,694633617.3,0.0,0.0,143
0,[],22,[],2019-02-25 15:42:22,0.0,0,0,6783783,2019-02-25 15:42:22,,4.2131946,0.0,0,,2322156.0,0.0,0.0,146
,[],22,[],2018-11-20 23:01:11,0.0,0,0,4862114,2018-11-20 23:01:11,,2.56807021,0.0,,,61828.4988236,0.0,0.0,147
1,[],12,[],2019-03-03 03:24:43,223069.83159615,0.0000022900000000000000975435010541758629187825135886669158935546875,0.00000000008743517700000001,6830592,2019-03-03 03:24:43,btc,16.614028756906666,0.0,0.0000022900000000000000975435010541758629187825135886669158935546875,btc,117090.98938791,0.0005804548046102,0.0333558137999903,148
1,[],4,[],2019-03-03 03:24:44,256183.64828986,0.00000030,0.000000000011454390000000001,6830593,2019-03-03 03:24:44,btc,219.967446742935,0.0,0.00000030,btc,800822.7951546,0.0,0.0609752236393456,152
0,[],22,[],2019-03-03 03:25:07,0.0,0,0,6830594,2019-03-03 03:25:07,,0.0,0.0,0,,0.0,0.0,0.0,152
1,[],5,[],2019-03-03 03:25:09,0.0,0,0,6830595,2019-03-03 03:25:09,btc,0.0,0.0,0,btc,0.0,0.0,0.0,153
,[],16,[],2019-01-11 15:38:59,0.0,0,0,6366141,2019-01-11 15:38:59,btc,0.0,0.0,,btc,0.0,0.0,0.0,155
0,[],22,[],2019-03-03 03:25:33,0.0,0,0,6830596,2019-03-03 03:25:33,,6.7463875,0.0,0,,4674391.242592593,0.0,0.0,156
0,[],23,[],2019-01-20 23:24:29,0.0,0,0,6476932,2019-01-20 23:24:29,,0.0,0.0,0,,0.0,0.0,0.0,156
1,[],22,[],2019-03-03 03:26:43,7073.8,0.00005300,0.0000000020236089000000003,6830597,2019-03-03 03:26:43,BTC,1.80343699,0.0,0.00005300,BTC,899.6422341958436,0.0,0.00104336,157
0,[],22,[],2019-03-03 03:28:23,0.0,0,0,6830598,2019-03-03 03:28:23,,50175.67608608,0.0,0,,54079135.04179466,0.0,0.0,158
,[],17,[],2018-11-20 22:56:10,0.0,0,0,4861976,2018-11-20 22:56:10,btc,1.1265625,0.0,,btc,1000.0,0.0,0.0,159
,[],20,[],2018-11-20 22:56:12,0.0,0,0,4861977,2018-11-20 22:56:12,btc,11912.7940471,0.0,,btc,34413894.3617,0.0,0.0,159
1,[],12,[],2019-03-03 03:28:25,180936.06168551,0.0000070099999999999997992512941469289700080480542965233325958251953125,0.000000000267650913,6830599,2019-03-03 03:28:25,btc,6.6419587896006,0.0,0.0000070099999999999997992512941469289700080480542965233325958251953125,btc,13593.472408130001,0.0035872053303,0.0884313475999782,168
1,[],17,[],2019-03-03 02:32:26,29784.95,0.000001,0.0000000000382646,6830315,2019-03-03 02:32:26,btc,0.03026736251542,0.0,0.000001,btc,144.46171372,0.0,0.00716147,168
0,[],22,[],2019-03-03 03:29:17,0.0,0,0,6830600,2019-03-03 03:29:17,,1.1341504,0.0,0,,539283.174707144,0.0,0.0,169
1,[],22,[],2019-03-03 03:30:11,203600.0,0.00000002,0.0000000000007636260000000001,6830601,2019-03-03 03:30:11,BTC,13.2501524,0.0,0.00000002,BTC,144336.2939341018,0.0,0.002072,171
1,[],22,[],2019-03-03 03:30:49,1359800.1666666667,0.00000005,0.000000000001909065,6830602,2019-03-03 03:30:49,BTC,2.1976194,0.0,0.00000005,"BTC,LTC",242703.64055692567,0.0,0.04233112,173
1,[],5,[],2019-03-03 03:30:50,0.0,0,0,6830603,2019-03-03 03:30:50,btc,0.0,0.03503123,0,btc,0.0,0.0,0.0,175
1,[],22,[],2019-03-03 03:31:20,36494.833333333336,0.0000003,0.000000000011454390000000001,6830604,2019-03-03 03:31:20,BTC,0.51502403,0.0,0.0000003,BTC,137668.41384013777,0.0,0.00239205,176
1,[],7,[],2019-03-03 03:31:21,0.0,0,0,6830605,2019-03-03 03:31:21,btc,410932.5273358376,0.0,0,btc,117801559.31901672,0.0,0.0,178
0,[],22,[],2019-03-03 03:31:51,0.0,0,0,6830606,2019-03-03 03:31:51,,1.00242428,0.0,0,,57512.0,0.0,0.0,178
0,[],2,[],2019-01-20 23:28:34,0.0,0,0,6477001,2019-01-20 23:28:34,,0.0,0.0,0,,0.0,0.0,0.0,178
1,[],5,[],2019-03-03 03:31:52,0.0,0,0,6830607,2019-03-03 03:31:52,btc,0.0,0.3209358,0,btc,0.0,0.0,0.0,179
1,[],22,[],2019-03-03 03:32:52,6949180.5,0.00000002,0.0000000000007636260000000001,6830608,2019-03-03 03:32:52,BTC,5.66692569,0.0,0.00000002,"BTC,LTC",18277556.089868754,0.0,0.37392433,179
0,[],23,[],2019-01-20 23:25:08,0.0,0,0,6476952,2019-01-20 23:25:08,,0.0,0.0,0,,0.0,0.0,0.0,179
1,[],17,[],2019-03-03 03:33:04,10504.725,0.0000001,0.00000000000381813,6830609,2019-03-03 03:33:04,btc,5.2010695838170005,0.0,0.0000001,btc,4994.45945,0.0,0.0010504725,180
1,[],22,[],2019-03-03 03:34:21,128712.8,0.00000005,0.000000000001909065,6830610,2019-03-03 03:34:21,BTC,0.20579947,0.0,0.00000005,"BTC,LTC",66463.44375035628,0.00335904,0.00131081,180
1,[],26,[],2019-03-03 03:34:21,0.0,0.00000160,0.00000000006109008,6830611,2019-03-03 03:34:21,btc,0.0,150.0,0.00000160,btc,0.0,0.0,0.0,180
,[],7,[],2018-11-20 22:58:01,562227.975654,0.00000085,0.000000000036176765,4862015,2018-11-20 22:58:01,btc,21836.6059674,2491.87645172,,btc,749999.041456,0.00211021,0.127565380455,183
1,[],24,[],2019-03-03 03:34:21,0.0,0.000000000001,3.81813e-17,6830612,2019-03-03 03:34:21,btc,0.0,0.0,0.000000000001,btc,0.0,0.0,0.0,187
,[],5,[],2019-01-10 08:11:41,0.0,0,0,6347036,2019-01-10 08:11:41,btc,82.15055501,0.00261,,btc,1.19002445,0.0,0.0,187
,[],17,[],2018-11-16 20:58:10,4062536.27273,0.00000001,0.000000000000550501,4708775,2018-11-16 20:58:10,btc,3.36492563466,0.195460381006,,"btc,eth",110697919.549,0.0,0.0157628953496,187
0,[],22,[],2019-03-03 03:34:50,0.0,0,0,6830613,2019-03-03 03:34:50,,7.42841024,0.0,0,,79361.7243078683,0.0,0.0,191
0,[],22,[],2019-03-01 00:51:27,0.0,0,0,6814858,2019-03-01 00:51:27,,0.0,0.0,0,,0.0,0.0,0.0,197
0,[],22,[],2019-03-03 03:35:26,0.0,0,0,6830614,2019-03-03 03:35:26,,5.19477622,0.0,0,,21058553.0,0.0,0.0,199
1,[],26,[],2019-03-03 03:35:26,0.0,0.00000000,0,6830615,2019-03-03 03:35:26,btc,0.0,0.0,0.00000000,btc,0.0,0.0,0.0,199
0,[],23,[],2019-01-20 23:31:41,0.0,0,0,6477079,2019-01-20 23:31:41,,0.0,0.0,0,,0.0,0.0,0.0,199
0,[],17,[],2019-01-30 16:32:01,0.0,0,0,6540827,2019-01-30 16:32:01,btc,6.802544163788159,0.0,0,btc,105897.55575295,0.0,0.0,200
0,[],2,[],2019-01-20 23:30:49,0.0,0,0,6477059,2019-01-20 23:30:49,,0.0,0.0,0,,0.0,0.0,0.0,201
1,[],4,[],2019-01-25 15:51:35,2084389.58565343,0.00000936,0.000000000333526752,6499557,2019-01-25 15:51:35,btc,2.0092503037378524,0.0,0.00000936,btc,160195.80207885,0.19272417,1.242687955921835,211
1,[],7,[],2019-03-03 03:35:30,3137106.14018592,0.0000013299999999999999715787242504649867669286322779953479766845703125,0.000000000050781129000000004,6830616,2019-03-03 03:35:30,btc,15476836.284640966,321278.229996,0.0000013299999999999999715787242504649867669286322779953479766845703125,btc,13162635.75342503,0.0,2.8386680587685897,212
1,[],5,[],2019-03-03 03:35:32,0.0,0,0,6830617,2019-03-03 03:35:32,btc,0.0,0.04819599,0,btc,0.0,0.0,0.0,213
1,[],24,[],2019-03-03 03:35:32,0.0,0.000000120000,0.000000000004581756,6830618,2019-03-03 03:35:32,btc,0.0,0.0,0.000000120000,btc,0.0,0.0,0.0,213
1,[],26,[],2019-03-03 03:35:32,0.0,0.00000010,0.00000000000381813,6830619,2019-03-03 03:35:32,btc,0.0,0.0,0.00000010,btc,0.0,0.0,0.0,213
1,[],12,[],2019-01-25 02:44:32,207462.42853209,0.000001080000000000000035831255497387193287295303889550268650054931640625,0.000000000038610756000000006,6493050,2019-01-25 02:44:32,btc,85023.03793723314,0.0,0.000001080000000000000035831255497387193287295303889550268650054931640625,btc,43675.73520027,0.000146250909087,0.0348620860622024,213
1,[],22,[],2019-03-03 03:35:56,40264.0,0.00000003,0.000000000001145439,6830620,2019-03-03 03:35:56,BTC,2.2359633,0.0,0.00000003,BTC,640475.3963726171,0.001656,0.00062622,216
1,[],27,[],2019-03-03 03:35:59,1298602.0,0.00000003,0.000000000001145439,6830621,2019-03-03 03:35:59,btc,316.25858560644,0.0,0.00000003,"btc,ltc",237761.907,0.0,0.03377204000022743,216
1,[],22,[],2019-03-03 03:36:29,202521.11811121606,0.00000192,0.000000000073308096,6830622,2019-03-03 03:36:29,BTC,12673.41151729,0.0,0.00000192,BTC,378251.89625069255,0.02141647,0.25369753,217
1,[],7,[],2019-03-03 03:36:33,0.0,0,0,6830623,2019-03-03 03:36:33,btc,77969.65966620563,0.0,0,btc,136168678.88835862,0.0,0.0,219
1,[],27,[],2019-03-03 03:36:35,477400.50519058,0.00000001,0.00000000000038181300000000003,6830624,2019-03-03 03:36:35,btc,0.01034392,1022599.49480942,0.00000001,btc,404496.0,0.01022599,0.0047740050519058,219
0.0000000000000052,[],28,[],2019-03-03 03:36:37,180652111.275,2.81788e-18,1.0759032164400001e-22,6830625,2019-03-03 03:36:37,doge,84742.0498929775,427085.758,0.00054190,"btc,doge",5120540.34751,0.0,3.9806686475391215e-11,219
1,[],22,[],2019-03-03 03:37:06,301964.6666666667,0.00000003,0.000000000001145439,6830626,2019-03-03 03:37:06,BTC,2.89872516,0.0,0.00000003,BTC,296579.27041875874,0.000721,0.00824564,221
1,[],24,[],2019-03-03 03:37:07,0.0,0.000000200000,0.00000000000763626,6830627,2019-03-03 03:37:07,btc,0.0,0.0,0.000000200000,btc,0.0,0.0,0.0,221
1,[],20,[],2019-03-03 03:37:09,40078020.4677,0.000000001,0.0000000000000381813,6830628,2019-03-03 03:37:09,btc,48.2361452390245,14999.9973,0.000000001,btc,13001424.69,1.49999973e-05,0.0400780204677,224
0,[],22,[],2019-03-03 03:39:32,0.0,0,0,6830629,2019-03-03 03:39:32,,0.0,0.0,0,,0.0,0.0,0.0,224
1,[],26,[],2019-03-03 03:39:32,0.0,0.00000035,0.000000000013363455,6830630,2019-03-03 03:39:32,btc,0.0,0.0,0.00000035,btc,0.0,0.0,0.0,231
1,[],26,[],2019-03-03 03:39:33,0.0,0.00000006,0.000000000002290878,6830631,2019-03-03 03:39:33,btc,0.0,100.0,0.00000006,btc,0.0,0.0,0.0,234
0.0000000003489916,[],27,[],2019-03-03 03:39:35,2000.0,3.489916e-18,1.332495297708e-22,6830632,2019-03-03 03:39:35,eth,0.01134836604,0.0,0.00000001,"btc,eth",11462.996,0.0,6.979832e-15,234
1,[],4,[],2019-03-03 03:39:37,841034.06215351,0.00000080,0.00000000003054504,6830633,2019-03-03 03:39:37,btc,4.461864741526161,0.0,0.00000080,btc,1180516.82022015,0.03556055,0.2430509730981562,236
1,[],24,[],2019-03-03 03:39:37,0.0,0.000000300000,0.000000000011454390000000001,6830634,2019-03-03 03:39:37,btc,0.0,0.0,0.000000300000,btc,0.0,0.0,0.0,236
1,[],20,[],2019-03-03 03:39:39,73171788.8461,0.000000072,0.0000000000027490536,6830635,2019-03-03 03:39:39,btc,13.3816049496706,28765047.3791,0.000000072,btc,42226205.0764,1.9508444851531,0.5046806047605,237
0.0000000001263524,[],22,[],2019-03-03 03:40:38,751594.9,2.1479908e-17,8.201308113204001e-22,6830636,2019-03-03 03:40:38,LTC,0.0413973,0.0,0.00000017,LTC,7239.0,5.6543962524e-14,0.12541949,237
1,[],4,[],2019-03-03 03:40:39,8007903.97173209,0.00000034,0.000000000012981642000000001,6830637,2019-03-03 03:40:39,btc,7.338724561165361,0.0,0.00000034,btc,11723883.96726217,0.32732642,1.9340844216967779,238
1,[],5,[],2019-03-03 03:40:41,0.0,0,0,6830638,2019-03-03 03:40:41,btc,0.0,0.02567897,0,btc,0.0,0.0,0.0,238
0,[],22,[],2019-03-03 03:41:40,0.0,0,0,6830639,2019-03-03 03:41:40,,0.41339518,0.0,0,,316626.5639027493,0.0,0.0,249
0.0000000001263524,[],22,[],2019-03-03 03:42:12,86252235.66666667,5.054096e-18,1.9297195560480002e-22,6830640,2019-03-03 03:42:12,LTC,0.73061926,0.0,0.00000004,LTC,15215189.09,2.2674190884800001e-13,1.86496833,252
1,[],28,[],2019-03-03 03:42:15,2195465.889,0.00000033,0.000000000012599829,6830641,2019-03-03 03:42:15,btc,164725.8908509855,215650.6,0.00000033,btc,2387335.9679,0.0,0.35914430947,256
1,[],22,[],2019-03-03 03:42:31,1073354.0,0.00000002,0.0000000000007636260000000001,6830642,2019-03-03 03:42:31,BTC,31.47160001,0.0,0.00000002,BTC,670687.0957866946,0.0,0.01093354,258
1,[],22,[],2019-03-03 03:42:55,48751.0,0.00000001,0.00000000000038181300000000003,6830643,2019-03-03 03:42:55,BTC,2.4175745,0.0,0.00000001,BTC,1762.0,0.0,0.00048751,259
1,[],5,[],2019-03-03 03:42:57,0.0,0,0,6830644,2019-03-03 03:42:57,btc,0.0,0.092604,0,btc,0.0,0.0,0.0,264
1,[],20,[],2019-03-03 03:42:59,1261416.3799,0.00000211,0.000000000080562543,6830645,2019-03-03 03:42:59,btc,7.4471525254648,53459.2134,0.00000211,btc,101768.389,0.1674882991174,0.0260177389681,264
0,[],22,[],2019-03-03 03:43:54,0.0,0,0,6830646,2019-03-03 03:43:54,,8.33280293,0.0,0,,421298.34411321935,0.0,0.0,271
0,[],22,[],2019-03-03 03:44:19,0.0,0,0,6830647,2019-03-03 03:44:19,,271.32434057,0.0,0,,14426973420.692,0.0,0.0,272
0.0000000000000052,[],28,[],2019-03-03 03:44:21,236336076523.092,5.044e-21,1.925864772e-25,6830648,2019-03-03 03:44:21,doge,35472966.635566935,18832766850.385,0.00000097,doge,187465856280.21988,0.0,6.942353465444913e-10,272
1,[],22,[],2019-03-03 03:45:39,114882.74,0.00000500,0.0000000001909065,6830649,2019-03-03 03:45:39,BTC,74.20201468,0.0,0.00000500,"BTC,LTC",8351.47763977319,0.0,0.04976491,281
1,[],22,[],2019-03-03 03:46:26,1125387.2083333333,0.00000008,0.0000000000030545040000000002,6830650,2019-03-03 03:46:26,BTC,1.33188124,0.0,0.00000008,BTC,125474.99887885062,0.00108936,0.03578437,286
0,[],22,[],2019-03-03 03:46:57,0.0,0,0,6830651,2019-03-03 03:46:57,,43635.53418966,0.0,0,,367483809.0,0.0,0.0,294
