pairValue,buyBook,exchangeId,sellBook,updated,buyTotal,satoshiPrice,usdPrice,exchangeLogId,created,bestPair,sellTotalBtc,volume,pairPrice,activePairs,sellTotal,volumeBtc,buyTotalBtc,coinId
1,[],3,[],2019-03-12 17:13:34,30543.39231643376,0.01264558999999999995555999277030423399992287158966064453125,0.000000491676978467,6914841,2019-03-12 17:13:34,btc,61.15336894821737,0.18324895,0.01264558999999999995555999277030423399992287158966064453125,btc,28.274125752329002,0.0,0.29151056747807375,1
1,[],4,[],2019-03-12 17:13:35,207753.25677793,0.01276600,0.0000004963586758,6914842,2019-03-12 17:13:35,btc,9.871340171710575,0.0,0.01276600,btc,318.31148806,1.57707017,1.125347416816717,1
1,[],5,[],2019-03-12 17:13:38,0.0,0,0,6914843,2019-03-12 17:13:38,btc,0.0,0.25009451,0,btc,0.0,0.0,0.0,1
1,[],10,[],2019-03-12 17:13:40,413767.80094993,0.01010681,0.00000039296591165300003,6914844,2019-03-12 17:13:40,btc,6522.046538319722,1321.78806697,0.01010681,btc,1098.23227748,0.0,4.544575013671939,1
1,[],12,[],2019-03-12 17:13:42,110.01539956,0.01273999999999999958866236937637950177304446697235107421875,0.000000495347762,6914845,2019-03-12 17:13:42,btc,0.2795577491183,0.0,0.01273999999999999958866236937637950177304446697235107421875,btc,20.8626103,0.0117274463097,0.3323326295622,1
1,[],20,[],2019-03-12 17:13:44,1152.4737,0.01050023,0.00000040826259269900003,6914846,2019-03-12 17:13:44,btc,0.0551639868997,0.0234,0.01050023,btc,2.4565,0.0002924953786,0.0959759649271,1
1,[],21,[],2019-03-12 17:13:45,2060.84131545,0.01270265999999999929903626850,0.000000493895934258,6914847,2019-03-12 17:13:45,btc,25.500753710874612,14552.554379180001,0.01270265999999999929903626849636566475965082645416259765625,"btc,eth",2752.6827415,157.6654182175378,18.184078232645312,1
1,[],22,[],2019-03-12 17:13:50,0.0059712,0.01250000,0.0000004860162500000001,6914848,2019-03-12 17:13:50,BTC,0.31439419,0.0,0.01250000,BTC,0.12751438772928525,0.0,7.464e-05,1
1,[],24,[],2019-03-12 17:13:51,0.0,0.000000000000,0,6914849,2019-03-12 17:13:51,btc,0.0,0.0,0.000000000000,btc,0.0,0.0,0.0,1
0.0,[],25,[],2019-03-12 17:13:52,0.0,0,0,6914850,2019-03-12 17:13:52,btc,26.12349999825946,249.23451777,0.0,btc,1999.89865279,3.2262,0.0,1
1,[],26,[],2019-03-12 17:14:19,0.0,0,0,6914851,2019-03-12 17:14:19,,0.0,0.0,0,,0.0,0.0,0.0,1
1,[],28,[],2019-03-12 17:14:26,992.9,0.01231000,0.000000478628803,6914852,2019-03-12 17:14:26,btc,0.147901439075,17345.7,0.01231000,btc,7.9421,0.0,0.086101096,1
0,[],2,[],2019-01-20 23:28:45,0.0,0,0,6477011,2019-01-20 23:28:45,,0.0,0.0,0,,0.0,0.0,0.0,1
1,[],5,[],2019-03-12 17:14:28,0.0,0,0,6914853,2019-03-12 17:14:28,btc,0.0,0.07357823,0,btc,0.0,0.0,0.0,2
0.00000000012616779999999999,[],22,[],2019-03-12 17:14:32,1148.0,1.3878458e-16,5.396124890354e-21,6914854,2019-03-12 17:14:32,XMR,21.01373823,0.0,0.00000110,XMR,14319.12581,0.0,0.00087635,2
1,[],5,[],2019-03-12 17:14:35,0.0,0,0,6914855,2019-03-12 17:14:35,btc,0.0,0.14470725,0,btc,0.0,0.0,0.0,3
1,[],12,[],2019-03-12 17:14:36,2585575.6534703798,0.000000191,0.0000000000074263283,6914856,2019-03-12 17:14:36,btc,22811.453557873247,0.0,0.000000191,btc,948003.85416582,0.05616316092984464,0.35781075744913304,3
0,[],28,[],2019-03-12 17:14:42,0.0,0,0,6914857,2019-03-12 17:14:42,,0.0,0.0,0,,0.0,0.0,0.0,3
0,[],2,[],2019-01-20 23:31:32,0.0,0,0,6477077,2019-01-20 23:31:32,,0.0,0.0,0,,0.0,0.0,0.0,4
1,[],4,[],2019-03-09 19:03:36,394362.28616607,0.00000032,0.000000000012569280000000001,6889097,2019-03-09 19:03:36,btc,32.15548375957025,0.0,0.00000032,btc,707361.31512647,0.00109114,0.0476374485302292,4
1,[],12,[],2019-03-12 17:14:44,438200.0,0.00000002,0.0000000000007776260000000001,6914858,2019-03-12 17:14:44,btc,1111742.1545516,0.0,0.00000002,btc,727568.0,0.00020076,0.00522374,5
0,[],2,[],2019-01-20 23:31:51,0.0,0,0,6477087,2019-01-20 23:31:51,,0.0,0.0,0,,0.0,0.0,0.0,6
1,[],11,[],2019-03-12 17:14:46,4588642.39882,0.00000002,0.0000000000007776260000000001,6914859,2019-03-12 17:14:46,btc,9568.17181851299,25935.0,0.00000002,btc,42705547.275313936,0.0,0.0587117913342,6
1,[],3,[],2019-03-12 17:14:47,1087.833962084558,0.000154759999999999988719301402539940681890584528446197509765625,0.000000006017269988,6914860,2019-03-12 17:14:47,btc,29.634085403952064,0.0,0.000154759999999999988719301402539940681890584528446197509765625,btc,239.122414578101,0.0,0.03439493781756314,7
1,[],4,[],2019-03-12 17:14:48,88169.88468301,0.00024110,0.00000000937428143,6914861,2019-03-12 17:14:48,btc,8.826274854010899,0.0,0.00024110,btc,29188.23256697,6.14672384,7.318817169435007,7
1,[],5,[],2019-03-12 17:14:49,0.0,0,0,6914862,2019-03-12 17:14:49,btc,0.0,0.86686992,0,btc,0.0,0.0,0.0,7
1,[],20,[],2019-02-20 02:16:17,39399275.8418,0.000000001,0.0000000000000390183,6728586,2019-02-20 02:16:17,btc,116.9737569154545,525.0,0.000000001,btc,56932965.8895,5.25e-07,0.0393992758418,8
1,[],4,[],2019-03-12 17:14:51,1570551.12959554,0.00000148,0.000000000057544324000000004,6914863,2019-03-12 17:14:51,btc,4.911478810469084,0.0,0.00000148,btc,2523853.40601629,1.6235961,1.432697647950284,9
1,[],28,[],2019-03-12 17:14:58,26353.0,0.00000159,0.000000000061821267,6914864,2019-03-12 17:14:58,btc,2708.770107851883,3642274.43,0.00000159,btc,17176.9197,0.0,0.0147295,9
0,[],2,[],2019-01-20 23:22:42,0.0,0,0,6476876,2019-01-20 23:22:42,,0.0,0.0,0,,0.0,0.0,0.0,9
0,[],23,[],2019-01-20 23:22:48,0.0,0,0,6476878,2019-01-20 23:22:48,,0.0,0.0,0,,0.0,0.0,0.0,9
1,[],1,[],2019-02-17 23:31:42,1822507.21,0.00000181000000000000003456111265232042484285557293333113193511962890625,0.000000000066086901,6701244,2019-02-17 23:31:42,btc,3.6990969245,17153386.5,0.00000181000000000000003456111265232042484285557293333113193511962890625,btc,1997391.71,31.11772986,3.2610482446,9
1,[],4,[],2019-02-17 11:22:43,4341674.27126056,0.00000002,0.0000000000007272960000000001,6696112,2019-02-17 11:22:43,btc,0.1997230937751353,0.0,0.00000002,btc,4109766.79808031,0.00215132,0.0479381022052112,10
1,[],4,[],2019-03-12 17:14:59,5874909.06776332,0.00000124,0.000000000048212812,6914865,2019-03-12 17:14:59,btc,8.884410166617522,0.0,0.00000124,btc,4882887.74514909,1.60575194,3.4531262994107026,12
1,[],5,[],2019-03-12 17:15:01,0.0,0,0,6914866,2019-03-12 17:15:01,btc,0.0,0.07626738,0,btc,0.0,0.0,0.0,12
0.0,[],25,[],2019-03-12 17:15:03,0.0,0,0,6914867,2019-03-12 17:15:03,,0.0,0.0,0.0,btc,0.0,0.0,0.0,12
0,[],2,[],2019-01-20 23:23:08,0.0,0,0,6476890,2019-01-20 23:23:08,,0.0,0.0,0,,0.0,0.0,0.0,12
1,[],4,[],2019-03-12 17:15:04,32048854.58714623,0.00000672,0.000000000261282336,6914868,2019-03-12 17:15:04,btc,3.089983171176257,0.0,0.00000672,btc,324554.66029049,1.76143517,1.4242725202845545,13
1,[],21,[],2019-03-12 17:15:09,1680732.09845759,0.000006870000000000000292630503163,0.00000000026711453100000003,6914869,2019-03-12 17:15:09,btc,8.065531849778031,1901766.55649317,0.0000068700000000000002926305031625275887563475407660007476806640625,btc,1062273.85336456,12.03707758,10.195398963092712,13
1,[],10,[],2019-03-12 16:51:40,444903.08605276,0.00000646,0.000000000250752652,6914498,2019-03-12 16:51:40,btc,666802.2728886614,17229.8379286,0.00000646,btc,709369.51149044,0.0,0.3040034617706963,13
1,[],4,[],2019-03-12 17:15:10,729553.01506729,0.00000127,0.000000000049379251,6914870,2019-03-12 17:15:10,btc,6.499495630509263,0.0,0.00000127,btc,877090.27706839,0.00220344,0.1464723454707866,14
1,[],12,[],2019-03-12 17:15:11,267481.0,0.000001300000000000000047051663780439678674838432925753295421600341796875,0.00000000005054569,6914871,2019-03-12 17:15:11,btc,0.0535906758498665,0.0,0.000001300000000000000047051663780439678674838432925753295421600341796875,btc,8932.48329661,0.0,0.02170078,14
1,[],26,[],2019-03-12 17:15:22,0.0,0.00000050,0.00000000001944065,6914872,2019-03-12 17:15:22,btc,0.0,0.0,0.00000050,btc,0.0,0.0,0.0,14
0,[],17,[],2019-03-12 17:03:49,0.0,0,0,6914686,2019-03-12 17:03:49,btc,0.0,0.0,0,btc,0.0,0.0,0.0,14
0,[],4,[],2019-03-12 17:15:23,0.0,0,0,6914873,2019-03-12 17:15:23,,0.0,0.0,0,,0.0,0.0,0.0,15
,[],12,[],2018-12-01 15:15:48,204241.84496,0.00000489,0.000000000202473384,5260204,2018-12-01 15:15:48,btc,49.5475654835,0.0,,btc,35763.2193806,0.0163153972027625,0.0203389899998,15
1,[],4,[],2019-03-12 17:15:25,36010.97689129,0.00001704,0.000000000662537352,6914874,2019-03-12 17:15:25,btc,4.180574798031542,0.0,0.00001704,btc,18168.81604641,0.03025573,0.1007374740222429,18
1,[],10,[],2019-03-12 17:15:27,781636.0932163,0.00001711,0.000000000665259043,6914875,2019-03-12 17:15:27,btc,15.407125711274668,1992.78206957,0.00001711,btc,13302.36440746,0.0,0.1113682038747933,18
1,[],12,[],2019-03-12 17:15:28,314083.14517535,0.0000165299999999999992837500240039361187882605008780956268310546875,0.000000000642707889,6914876,2019-03-12 17:15:28,btc,33214.72672001082,0.0,0.0000165299999999999992837500240039361187882605008780956268310546875,btc,802.39536098,0.0136660812040558,0.0333777378465138,18
0,[],17,[],2019-03-12 17:15:40,0.0,0,0,6914877,2019-03-12 17:15:40,btc,0.0,0.0,0,btc,0.0,0.0,0.0,18
0,[],2,[],2019-01-20 23:23:38,0.0,0,0,6476906,2019-01-20 23:23:38,,0.0,0.0,0,,0.0,0.0,0.0,18
1,[],3,[],2019-03-12 17:15:40,117178.49225270539,0.0000174999999999999984669381281054967303134617395699024200439453125,0.00000000068042275,6914878,2019-03-12 17:15:40,btc,0.6541051274329872,301.7,0.0000174999999999999984669381281054967303134617395699024200439453125,btc,14655.171468174085,0.0,0.013733351272445573,19
1,[],4,[],2019-03-12 17:15:41,214642.00138474,0.00001980,0.0000000007698497400000001,6914879,2019-03-12 17:15:41,btc,2.4685262388155906,0.0,0.00001980,btc,87379.07403533,0.14477588,2.1163070497207976,19
1,[],5,[],2019-03-12 17:15:43,0.0,0,0,6914880,2019-03-12 17:15:43,btc,0.0,0.01825324,0,btc,0.0,0.0,0.0,19
1,[],12,[],2019-03-12 17:15:44,192238.37043686,0.0000167100000000000009484947549598388150116079486906528472900390625,0.0000000006497065230000001,6914881,2019-03-12 17:15:44,btc,0.1990178481387493,0.0,0.0000167100000000000009484947549598388150116079486906528472900390625,btc,389.56600524,0.0,0.0399958599999306,19
0,[],27,[],2019-03-12 17:15:46,0.0,0,0,6914882,2019-03-12 17:15:46,,0.0,0.0,0,btc,0.0,0.0,0.0,19
0,[],2,[],2019-01-20 23:24:19,0.0,0,0,6476924,2019-01-20 23:24:19,,0.0,0.0,0,,0.0,0.0,0.0,19
1,[],4,[],2019-03-12 17:15:47,2770050.98210011,0.00000012,0.000000000004665756,6914883,2019-03-12 17:15:47,btc,7.3883038778920955,0.0,0.00000012,btc,2888450.60266467,0.00023941,0.0767787845231285,20
1,[],4,[],2019-03-12 17:15:48,103651191.22647026,0.00000002,0.000000000000777626,6914884,2019-03-12 17:15:48,btc,1899.6037010020632,0.0,0.00000002,btc,54060427.3328267,0.0013,1.1587642676500456,21
1,[],12,[],2019-03-12 17:15:49,1375286.0,0.00000001,0.00000000000038881300000000005,6914885,2019-03-12 17:15:49,btc,1247.5321035092009,0.0,0.00000001,btc,2589651.9600399598,0.0001998001998,0.01375286,21
0,[],17,[],2019-03-12 17:16:01,0.0,0,0,6914886,2019-03-12 17:16:01,btc,0.0,0.0,0,btc,0.0,0.0,0.0,21
1,[],12,[],2019-03-12 17:16:02,3217838286.0,0.0000000001,0.00000000000000388813,6914887,2019-03-12 17:16:02,btc,1933717.00663351,0.0,0.0000000001,btc,1732308851.443945,0.00275888141708292,0.3217838286,23
0,[],27,[],2019-03-12 17:16:05,0.0,0,0,6914888,2019-03-12 17:16:05,,13.823034242813412,0.0,0,eth,4620333.31314486,0.0,0.0,23
1,[],4,[],2019-03-12 17:16:06,625684.04589001,0.00000041,0.000000000015941333,6914889,2019-03-12 17:16:06,btc,9.147773440424857,0.0,0.00000041,btc,1596542.0104425,0.0067441,0.1499977379114553,24
1,[],22,[],2019-03-12 17:16:10,11.76,0.00000100,0.0000000000388813,6914890,2019-03-12 17:16:10,BTC,7.415e-05,0.0,0.00000100,BTC,23.919354838709676,0.0,1.176e-05,24
0.0,[],25,[],2019-03-12 17:16:11,0.0,0,0,6914891,2019-03-12 17:16:11,,0.0,0.0,0.0,btc,0.0,0.0,0.0,24
1,[],4,[],2019-03-12 17:16:12,26578990.2078213,0.00000631,0.000000000245341003,6914892,2019-03-12 17:16:12,btc,138.93739548337638,0.0,0.00000631,btc,255559.59055327,0.06996126,0.4480114650638455,26
1,[],10,[],2019-03-12 17:16:13,686453.64890644,0.00000602,0.00000000023406542600000003,6914893,2019-03-12 17:16:13,btc,26.127303875861386,4418.76724827,0.00000602,btc,14081.99315372,0.0,0.215901713884087,26
0,[],2,[],2019-01-20 23:25:56,0.0,0,0,6476976,2019-01-20 23:25:56,,0.0,0.0,0,,0.0,0.0,0.0,26
1,[],3,[],2019-03-12 17:16:14,8415347.59501412,0.00000001,0.00000000000038881300000000005,6914894,2019-03-12 17:16:14,btc,2.035925771038287,1062552.19301,0.00000001,btc,14386817.73160952,0.0,0.0841534759501412,27
1,[],5,[],2019-03-12 17:16:15,0.0,0,0,6914895,2019-03-12 17:16:15,btc,0.0,0.00036173,0,btc,0.0,0.0,0.0,27
1,[],11,[],2019-03-12 17:16:17,8489638.24590115,0.00000006,0.0000000000023328779999999997,6914896,2019-03-12 17:16:17,btc,67506.32807964063,5956.66666667,0.00000006,btc,7966196.08369704,0.0,0.4689379049180229,27
1,[],4,[],2019-03-12 17:16:17,2113988699.009941,0.00000001,0.000000000000388813,6914897,2019-03-12 17:16:17,btc,5.221826024197848,0.0,0.00000001,"btc,ltc",337893769.93875885,0.24322389,9.53147746758869,29
1,[],7,[],2019-03-12 17:16:18,35606551.76455675,0.00000001,0.00000000000038881300000000005,6914898,2019-03-12 17:16:18,btc,44461616.82460031,1374.7002997,0.00000001,btc,52080211.18075525,2.749e-05,0.3560655176455675,29
1,[],4,[],2019-03-12 17:16:19,1449288.67556666,0.00000015,0.0000000000058321950000000005,6914899,2019-03-12 17:16:19,btc,2.694270016360588,0.0,0.00000015,btc,2116921.78318502,0.0470659,0.0743780374466658,30
0,[],17,[],2019-03-12 17:04:38,0.0,0,0,6914711,2019-03-12 17:04:38,btc,0.0,0.0,0,btc,0.0,0.0,0.0,30
1,[],4,[],2019-03-12 17:16:24,189440.13811305,0.00005503,0.000000002139637939,6914900,2019-03-12 17:16:24,btc,9.932198162932837,0.0,0.00005503,btc,127346.65031483,0.91859889,2.149665382827321,31
1,[],21,[],2019-03-12 17:16:25,55736.09469738,0.00005598999999999999756163798770,0.000000002176963987,6914901,2019-03-12 17:16:25,btc,3.5314562497350472,192764.67075469,0.000055989999999999997561637987697480411952710710465908050537109375,btc,55191.32393197,10.56074534,2.994842585906422,31
0,[],2,[],2019-01-20 23:28:43,0.0,0,0,6477009,2019-01-20 23:28:43,,0.0,0.0,0,,0.0,0.0,0.0,32
1,[],4,[],2019-03-12 17:04:41,508056679.6576262,0.00000004,0.000000000001555108,6914714,2019-03-12 17:04:41,btc,10.150855895785924,0.0,0.00000004,"btc,ltc",190096141.36049384,0.29658792,10.114551370997276,33
1,[],12,[],2019-03-12 17:04:42,25778178.964,0.00000004,0.000000000001555108,6914715,2019-03-12 17:04:42,btc,2322985.2851489447,0.0,0.00000004,btc,18090487.49350644,0.0019271844554245,0.59824403892,33
1,[],4,[],2019-03-12 17:04:43,109491699.46021807,0.00000001,0.000000000000388777,6914716,2019-03-12 17:04:43,btc,3.4127407052846963,0.0,0.00000001,btc,99087869.16361183,0.0216697,1.0949169946021806,34
1,[],5,[],2019-03-12 17:04:45,0.0,0,0,6914717,2019-03-12 17:04:45,btc,0.0,0.02605183,0,btc,0.0,0.0,0.0,34
0.0000000001449762,[],4,[],2019-03-12 17:16:26,3848364032.6210127,1.449762e-18,5.63686312506e-23,6914902,2019-03-12 17:16:26,ltc,4.5226501254849696e-08,0.0,0.00000001,ltc,6120733349.88917,0.0,5.579211936660705e-09,36
1,[],5,[],2019-03-12 17:16:28,0.0,0,0,6914903,2019-03-12 17:16:28,btc,0.0,0.0,0,btc,0.0,0.0,0.0,36
0.0000000003429776,[],27,[],2019-03-12 17:16:31,1088163.16325,3.429776e-18,1.3335414958879999e-22,6914904,2019-03-12 17:16:31,eth,222.5593908357632,0.0,0.00000001,"ltc,eth",11165406.63658689,0.0,1.708379249398932e-12,36
0,[],17,[],2019-03-12 17:04:49,0.0,0,0,6914720,2019-03-12 17:04:49,btc,0.07464582805336577,0.0,0,btc,4105386.20243647,0.0,0.0,36
1,[],4,[],2019-03-12 17:16:32,229640.54320499,0.00000059,0.000000000022939967,6914905,2019-03-12 17:16:32,btc,19772.477169423237,0.0,0.00000059,btc,556251.12148199,0.00869428,0.0976310065273235,37
1,[],12,[],2019-03-12 17:16:34,443469.95092207,0.00000061,0.000000000023717593,6914906,2019-03-12 17:16:34,btc,26.396469776319666,0.0,0.00000061,btc,486262.60146513,0.0503943773677049,0.132485083392432,37
1,[],27,[],2019-03-12 17:16:37,14685.567,0.00000045,0.000000000017496585,6914907,2019-03-12 17:16:37,btc,24.25536383611233,0.0,0.00000045,btc,6518.38138508,0.0,0.00480032515,37
1,[],17,[],2019-03-12 16:52:58,1752.74075282,0.00000025,0.00000000000970405,6914536,2019-03-12 16:52:58,btc,0.05548492398540223,0.0,0.00000025,btc,1387.19918473,0.0,0.00043818518820499993,37
1,[],5,[],2019-03-12 17:16:39,0.0,0,0,6914908,2019-03-12 17:16:39,btc,0.0,0.10588403,0,btc,0.0,0.0,0.0,42
1,[],12,[],2019-03-12 17:16:41,260327.54318364,0.000001049999999999999899545958213786800428124479367397725582122802734375,0.000000000040825364999999996,6914909,2019-03-12 17:16:41,btc,5.376009094361724,0.0,0.000001049999999999999899545958213786800428124479367397725582122802734375,btc,31502.02038385,0.0433683355928463,0.0244895198224926,42
0.0000000003429776,[],27,[],2019-03-12 17:16:43,2000.0,3.429776e-18,1.3335414958879999e-22,6914910,2019-03-12 17:16:43,eth,0.00315028,0.0,0.00000001,"btc,eth",11.007,0.0,6.859552e-15,42
1,[],5,[],2019-03-12 17:16:44,0.0,0,0,6914911,2019-03-12 17:16:44,btc,0.0,0.02299556,0,btc,0.0,0.0,0.0,43
1,[],12,[],2019-03-12 17:16:45,1621233.0,0.00000001,0.00000000000038881300000000005,6914912,2019-03-12 17:16:45,btc,29044.00289611786,0.0,0.00000001,btc,5967581.8931069,1.1988011988e-06,0.01621233,43
0,[],17,[],2019-03-12 16:53:10,0.0,0,0,6914543,2019-03-12 16:53:10,btc,0.0,0.0,0,btc,0.0,0.0,0.0,43
1,[],12,[],2019-03-05 01:54:08,639326.02,0.00000004,0.000000000001486676,6845775,2019-03-05 01:54:08,btc,11116042.728239931,0.0,0.00000004,btc,1103841.4595604,0.0003330765234764,0.014975410599999999,44
1,[],4,[],2019-03-12 17:16:57,299062893.7506843,0.00000002,0.000000000000777626,6914913,2019-03-12 17:16:57,btc,946.4898467153523,0.0,0.00000002,"btc,ltc",16820505.48768139,0.00611993,0.27799427030328766,49
0.0000000001449762,[],4,[],2019-03-12 17:16:57,756131398.549984,1.449762e-18,5.63686312506e-23,6914914,2019-03-12 17:16:57,ltc,25.866299557207206,0.0,0.00000001,ltc,10686682336.83858,0.0,1.096210568624622e-09,52
0.00000000012616779999999999,[],22,[],2019-03-12 17:17:02,80645562.0,1.261678e-18,4.9055680821400004e-23,6914915,2019-03-12 17:17:02,XMR,4368.67077283,0.0,0.00000001,XMR,279827473.5359664,0.0,0.80645562,57
0.0000000003429776,[],27,[],2019-03-12 17:17:04,2000.0,3.429776e-18,1.3335414958879999e-22,6914916,2019-03-12 17:17:04,eth,0.0,0.0,0.00000001,"btc,eth",0.0,0.0,6.859552e-15,57
0.0000000001449762,[],4,[],2019-03-12 17:17:05,416367857.03396165,2.899524e-18,1.127372625012e-22,6914917,2019-03-12 17:17:05,ltc,18.657416796644505,0.0,0.00000002,ltc,4757320074.050395,0.0,6.747172020161005e-10,58
1,[],12,[],2019-03-12 17:17:06,1224982549.0,0.0000000003,0.000000000000011664390000000001,6914918,2019-03-12 17:17:06,btc,4023098.988930706,0.0,0.0000000003,btc,1664741891.218781,0.009450045976823187,0.3152158888,58
0,[],17,[],2019-03-12 17:17:08,0.0,0,0,6914919,2019-03-12 17:17:08,btc,1e+24,0.0,0,btc,49306342.21952568,0.0,0.0,58
0.00000000012616779999999999,[],22,[],2019-03-12 17:17:11,137438.0,1.261678e-18,4.9055680821400004e-23,6914920,2019-03-12 17:17:11,XMR,69.8835922,0.0,0.00000001,XMR,9887963.0,0.0,0.00137438,58
1,[],5,[],2019-03-12 17:05:44,0.0,0,0,6914738,2019-03-12 17:05:44,btc,0.0,0.00309189,0,btc,0.0,0.0,0.0,61
1,[],22,[],2019-03-12 17:05:48,13757.0,0.00000012,0.0000000000046653240000000004,6914739,2019-03-12 17:05:48,BTC,1002.2960049,0.0,0.00000012,BTC,14976.68361146909,0.0,0.00154987,61
1,[],26,[],2019-03-12 17:05:48,0.0,0.00000800,0.0000000003110216,6914740,2019-03-12 17:05:48,btc,0.0,0.0,0.00000800,btc,0.0,0.0,0.0,61
1,[],27,[],2019-03-12 17:05:50,4411.22008,0.00000047,0.000000000018272519,6914741,2019-03-12 17:05:50,btc,2.8990263703141324,0.0,0.00000047,"btc,eth",19485.01257617,0.0,0.001243759959486708,61
1,[],28,[],2019-03-12 17:05:52,13880.304,0.0000005,0.00000000001943885,6914742,2019-03-12 17:05:52,btc,2.056312978300105,826.0,0.0000005,btc,9730.59500005,0.0,0.00566391304,61
1,[],4,[],2019-03-12 17:17:12,1486292.28152859,0.00000202,0.00000000007854022600000001,6914921,2019-03-12 17:17:12,btc,9.610714888968726,0.0,0.00000202,btc,819570.05608774,0.08663738,1.3754634289256598,67
0.0,[],25,[],2019-03-12 17:17:13,0.0,0,0,6914922,2019-03-12 17:17:13,,0.0,0.0,0.0,btc,0.0,0.0,0.0,67
1,[],12,[],2019-03-12 17:05:55,2607680.29914528,0.00000013,0.000000000005054101,6914745,2019-03-12 17:05:55,btc,1111215.0132928425,0.0,0.00000013,btc,944822.9423441,0.0301350477483554,0.1039337799999976,71
,[],5,[],2018-11-20 23:02:39,1.5e-07,0.00000005,0.000000000002128045,4862160,2018-11-20 23:02:39,btc,2.84511358,0.0,,btc,0.00036572,0.0,0.07381892,74
1,[],5,[],2019-03-12 17:17:15,0.0,0,0,6914923,2019-03-12 17:17:15,btc,0.0,0.0,0,btc,0.0,0.0,0.0,75
1,[],4,[],2019-03-12 17:17:16,13122677.09824166,0.00000001,0.000000000000388813,6914924,2019-03-12 17:17:16,btc,11388.984771024567,0.0,0.00000001,btc,39980793.51032191,0.00077355,0.1312267709824166,81
0,[],20,[],2019-01-25 09:30:31,0.0,0,0,6495923,2019-01-25 09:30:31,btc,0.0,0.0,0,btc,0.0,0.0,0.0,81
1,[],4,[],2019-03-12 17:17:19,24609.30774977,0.00007390,0.0000000028733280700000003,6914925,2019-03-12 17:17:19,btc,18.156534950051004,0.0,0.00007390,btc,12761.92630352,0.05803583,0.145417605856747,82
1,[],21,[],2019-03-12 17:17:19,944386.0458382,0.00007401000000000000460242954858,0.0000000028776050130000003,6914926,2019-03-12 17:17:19,btc,3.5213068025200807,10411.90563402,0.00007401000000000000460242954858358643832616508007049560546875,btc,42324.4329012,0.760121,3.509855826032396,82
0,[],17,[],2019-03-12 17:17:21,0.0,0,0,6914927,2019-03-12 17:17:21,btc,0.0447233088476774,0.0,0,btc,999127.19588126,0.0,0.0,84
0.0000000001449762,[],4,[],2019-03-12 17:17:22,192915063.72890335,4.3492859999999996e-18,1.691058937518e-22,6914928,2019-03-12 17:17:22,ltc,1.681621536960593,0.0,0.00000003,ltc,391775574.6521779,0.00050898,4.639092938063901e-10,85
,[],22,[],2018-11-20 23:09:34,3408.1,0.0000001,0.0000000000041895,4862324,2018-11-20 23:09:34,BTC,0.04624735,0.0,,BTC,4990.0,0.0,0.00033081,86
1,[],22,[],2019-03-12 17:17:26,110870.0,0.00000005,0.000000000001944065,6914929,2019-03-12 17:17:26,BTC,2.07858175,0.0,0.00000005,BTC,170145.94736842104,0.00046282,0.0017035,87
1,[],27,[],2019-03-12 17:17:28,55.0,0.00000001,0.000000000000388813,6914930,2019-03-12 17:17:28,btc,15.200084700234012,0.32659,0.00000001,btc,13342.9236248,0.00037218,5.5e-07,87
,[],2,[],2018-11-20 23:10:47,0.0,0,0,4862359,2018-11-20 23:10:47,,0.0,0.0,,,0.0,0.0,0.0,88
1,[],11,[],2019-03-12 17:06:12,95084.50061367,0.00014791000000000001195210597160212273593060672283172607421875,0.000000005750400607000001,6914754,2019-03-12 17:06:12,btc,611.5465775135806,2053.50376796,0.00014791000000000001195210597160212273593060672283172607421875,btc,97957.15830999,0.0,6.579943014072505,89
0,[],2,[],2019-01-20 23:31:45,0.0,0,0,6477083,2019-01-20 23:31:45,,0.0,0.0,0,,0.0,0.0,0.0,91
1,[],12,[],2019-03-12 17:17:29,266670.1543179,0.0000009,0.00000000003499317,6914931,2019-03-12 17:17:29,btc,61.00696015614996,0.0,0.0000009,btc,118137.61277718,0.0222360154755247,0.0487971910999857,91
0,[],17,[],2019-03-12 17:17:30,0.0,0,0,6914932,2019-03-12 17:17:30,btc,0.0,0.0,0,btc,0.0,0.0,0.0,91
1,[],22,[],2019-03-12 17:17:34,65900.0,0.00000001,0.000000000000388813,6914933,2019-03-12 17:17:34,BTC,3e-06,0.0,0.00000001,BTC,1.0,0.0,0.000659,91
0,[],22,[],2019-03-12 17:17:37,0.0,0,0,6914934,2019-03-12 17:17:37,,3.2019494,0.0,0,,37203526.79047619,0.0,0.0,95
0.0000000001449762,[],4,[],2019-03-12 17:17:37,634094082.3097469,7.683738599999999e-17,2.9875374562818002e-21,6914935,2019-03-12 17:17:37,ltc,11.89459068664684,0.0,0.00000053,ltc,135843086.5154975,0.00025948,1.6044803760350436e-09,96
0,[],12,[],2019-03-12 17:17:38,0.0,0,0,6914936,2019-03-12 17:17:38,btc,10.189766683176822,0.0,0,btc,3076055.31768231,3.1268731269e-06,0.0,96
0,[],17,[],2019-03-12 17:17:40,0.0,0,0,6914937,2019-03-12 17:17:40,btc,0.0,0.0,0,btc,0.0,0.0,0.0,96
1,[],4,[],2019-03-12 10:13:14,2544101.88493427,0.00000025,0.0000000000097174,6911574,2019-03-12 10:13:14,btc,2.5031007307816195,0.0,0.00000025,btc,2555984.39269018,0.04718357,0.3381776086135513,99
0,[],2,[],2019-01-20 23:23:55,0.0,0,0,6476914,2019-01-20 23:23:55,,0.0,0.0,0,,0.0,0.0,0.0,100
1,[],4,[],2019-03-12 17:06:36,272335.07078775,0.00003500,0.0000000013607195,6914761,2019-03-12 17:06:36,btc,11.861893824808552,0.0,0.00003500,btc,181838.02173963,2.35445541,1.04954964888612,100
1,[],22,[],2019-03-12 17:17:44,50000.0,0.00000001,0.000000000000388813,6914938,2019-03-12 17:17:44,BTC,23.49896609,0.0,0.00000001,BTC,10277.22,0.0,0.0005,101
1,[],4,[],2019-03-12 17:17:45,456968.38561785,0.00000083,0.000000000032271479,6914939,2019-03-12 17:17:45,btc,308.0829480086378,0.0,0.00000083,btc,506928.45682557,0.00457864,0.2264027701217266,103
1,[],12,[],2019-03-12 17:17:47,21271120.3914937,0.000000009,0.0000000000003499317,6914940,2019-03-12 17:17:47,btc,3219146.011248291,0.0,0.000000009,btc,75264093.92911378,0.00768654898659195,0.04433246458564286,105
1,[],27,[],2019-03-12 17:17:49,223920.39,0.00000001,0.000000000000388813,6914941,2019-03-12 17:17:49,btc,36.605890344913405,998.0,0.00000001,btc,1300442.23571724,1.996e-05,0.0022392039,105
1,[],22,[],2019-03-12 17:06:51,9328.0,0.00000001,0.000000000000388777,6914766,2019-03-12 17:06:51,BTC,51.10837004,0.0,0.00000001,BTC,470435.0,0.0,9.328e-05,107
1,[],26,[],2019-03-12 17:06:52,0.0,0.00000000,0,6914767,2019-03-12 17:06:52,btc,0.0,0.0,0.00000000,btc,0.0,0.0,0.0,107
1,[],5,[],2019-03-12 17:17:50,0.0,0,0,6914942,2019-03-12 17:17:50,btc,0.0,0.01391368,0,btc,0.0,0.0,0.0,112
1,[],22,[],2019-03-12 17:17:55,1966.0,0.00000001,0.000000000000388813,6914943,2019-03-12 17:17:55,BTC,2.7975128,0.0,0.00000001,BTC,826524.0833333334,0.0,1.966e-05,112
0.0000000003429776,[],27,[],2019-03-12 17:17:57,2000.0,3.429776e-18,1.3335414958879999e-22,6914944,2019-03-12 17:17:57,eth,1.24996908,0.0,0.00000001,"btc,eth",1289.0,0.0,6.859552e-15,112
1,[],4,[],2019-03-12 17:06:59,1286534.13115264,0.00000193,0.000000000075033961,6914771,2019-03-12 17:06:59,btc,5.868920583551861,0.0,0.00000193,btc,372276.67645216,0.01714478,0.9703475598467873,113
1,[],5,[],2019-03-12 17:07:01,0.0,0,0,6914772,2019-03-12 17:07:01,btc,0.0,0.00060185,0,btc,0.0,0.0,0.0,113
1,[],17,[],2019-03-12 17:18:09,152738.278,0.00000004,0.0000000000015552520000000002,6914945,2019-03-12 17:18:09,btc,1.33680302678,0.0,0.00000004,btc,50696.221,0.0,0.0022095311199999998,116
0,[],27,[],2019-03-12 17:18:10,0.0,0,0,6914946,2019-03-12 17:18:10,,0.0,0.0,0,btc,0.0,0.0,0.0,116
1,[],4,[],2019-03-12 17:18:12,109996.95924129,0.00005555,0.0000000021598562150000002,6914947,2019-03-12 17:18:12,btc,83.83667490527247,0.0,0.00005555,btc,19568.7518147,7.30728591,2.2877559712660434,120
1,[],7,[],2019-03-12 17:18:13,20874.99752395,0.0000382200000000000033738463411925323498508078046143054962158203125,0.0000000014860432860000002,6914948,2019-03-12 17:18:13,btc,121183.01437979992,29846.3435542,0.0000382200000000000033738463411925323498508078046143054962158203125,btc,26005.40804976,0.94712231,0.0577926163751346,120
1,[],20,[],2019-03-12 17:18:16,1750361.9683,0.000000034,0.0000000000013219642000000002,6914949,2019-03-12 17:18:16,btc,33.6158440906568,4295.05,0.000000034,btc,1013150.479,0.0001460317,0.0181987841648,125
1,[],22,[],2019-03-12 17:18:21,3053.0,0.00000001,0.000000000000388813,6914950,2019-03-12 17:18:21,BTC,0.01444887,0.0,0.00000001,BTC,296263.5111111111,0.0,3.053e-05,126
1,[],4,[],2019-03-12 17:18:21,131722.6596333,0.00001299,0.000000000505068087,6914951,2019-03-12 17:18:21,btc,3.5718396485183703,0.0,0.00001299,btc,114939.65047345,0.13542249,0.4649173944114134,131
0,[],17,[],2019-03-12 17:18:23,0.0,0,0,6914952,2019-03-12 17:18:23,btc,0.0009561751951600001,0.0,0,btc,35.42829368,0.0,0.0,131
0,[],2,[],2019-01-20 23:25:46,0.0,0,0,6476969,2019-01-20 23:25:46,,0.0,0.0,0,,0.0,0.0,0.0,131
1,[],4,[],2019-03-12 17:18:24,4618.90553049,0.00016700,0.0000000064931771,6914953,2019-03-12 17:18:24,btc,1.6130319801080157,0.0,0.00016700,btc,216.14794274,0.01014376,0.0188835262668256,135
1,[],3,[],2019-03-07 00:20:44,877702.73244099,0.00000004,0.00000000000154846,6863392,2019-03-07 00:20:44,btc,0.119366241821405,0.0,0.00000004,btc,760637.99421222,0.0,0.023771231960604298,136
1,[],4,[],2019-03-12 17:18:24,253093.93374905,0.00000146,0.000000000056766698,6914954,2019-03-12 17:18:24,btc,38.6181711185182,0.0,0.00000146,btc,539047.81717693,0.02999742,0.0210662506400227,137
1,[],12,[],2019-03-12 17:18:26,142540.90049751,0.000001480000000000000017730500227741696761540879379026591777801513671875,0.000000000057544324000000004,6914955,2019-03-12 17:18:26,btc,5.049429448164931,0.0,0.000001480000000000000017730500227741696761540879379026591777801513671875,btc,5638.4211121,2.97e-06,0.0093706099999968,137
1,[],4,[],2019-03-12 17:18:27,11816.13940733,0.00003392,0.000000001318853696,6914956,2019-03-12 17:18:27,btc,28.702828704441227,0.0,0.00003392,btc,51129.16403216,0.13520396,0.2292966391505407,142
1,[],5,[],2019-03-12 17:18:28,0.0,0,0,6914957,2019-03-12 17:18:28,btc,0.0,0.11442335,0,btc,0.0,0.0,0.0,142
1,[],17,[],2019-03-12 17:18:40,22967.386363640002,0.00000088,0.000000000034215544000000005,6914958,2019-03-12 17:18:40,btc,20.0699133484,0.0,0.00000088,btc,405.079105,0.0,0.0104613000000032,142
1,[],20,[],2019-03-12 17:18:41,153052.3819,0.000033,0.0000000012830829,6914959,2019-03-12 17:18:41,btc,0.3361564156272,0.08,0.000033,btc,2245.1871,2.64e-06,0.3093395327737,142
1,[],22,[],2019-03-12 17:18:57,1470.8988921568628,0.00004000,0.000000001555252,6914960,2019-03-12 17:18:57,BTC,3.00385504,0.0,0.00004000,BTC,891.218,0.0,0.0012358,142
0.0,[],25,[],2019-03-12 17:18:59,0.0,0,0,6914961,2019-03-12 17:18:59,,0.0,0.0,0.0,btc,0.0,0.0,0.0,142
1,[],28,[],2019-03-12 17:19:06,76600.0,0.00002270,0.0000000008826055100000001,6914962,2019-03-12 17:19:06,btc,0.067100461059305,1376.0,0.00002270,btc,552.61077999,0.0,0.0154572,142
0,[],22,[],2019-03-12 17:19:10,0.0,0,0,6914963,2019-03-12 17:19:10,,65.83990167,0.0,0,,1043231670.8,0.0,0.0,143
0,[],22,[],2019-02-25 15:42:22,0.0,0,0,6783783,2019-02-25 15:42:22,,4.2131946,0.0,0,,2322156.0,0.0,0.0,146
,[],22,[],2018-11-20 23:01:11,0.0,0,0,4862114,2018-11-20 23:01:11,,2.56807021,0.0,,,61828.4988236,0.0,0.0,147
1,[],12,[],2019-03-12 16:59:22,347840.30286092,0.00000216000000000000007166251099477438657459060777910053730010986328125,0.000000000083842992,6914600,2019-03-12 16:59:22,btc,7.931978452605939,0.0,0.00000216000000000000007166251099477438657459060777910053730010986328125,btc,101341.33942272,0.0028890430697453,0.08150288999981099,148
1,[],4,[],2019-03-12 17:09:44,248231.22244489,0.00000030,0.00000000001166331,6914790,2019-03-12 17:09:44,btc,219.9981163332034,0.0,0.00000030,btc,839391.71915744,0.0,0.0588422344301673,152
0,[],22,[],2019-03-12 17:09:47,0.0,0,0,6914791,2019-03-12 17:09:47,,0.0,0.0,0,,0.0,0.0,0.0,152
1,[],5,[],2019-03-12 17:09:49,0.0,0,0,6914792,2019-03-12 17:09:49,btc,0.0,0.0,0,btc,0.0,0.0,0.0,153
,[],16,[],2019-01-11 15:38:59,0.0,0,0,6366141,2019-01-11 15:38:59,btc,0.0,0.0,,btc,0.0,0.0,0.0,155
0,[],23,[],2019-01-20 23:24:29,0.0,0,0,6476932,2019-01-20 23:24:29,,0.0,0.0,0,,0.0,0.0,0.0,156
0,[],22,[],2019-03-12 17:09:52,0.0,0,0,6914793,2019-03-12 17:09:52,,6.7463781,0.0,0,,4673397.242592593,0.0,0.0,156
1,[],22,[],2019-03-12 17:09:56,7073.8,0.00005300,0.0000000020605181,6914794,2019-03-12 17:09:56,BTC,1.79802465,0.0,0.00005300,BTC,802.6461988741639,0.0,0.00104336,157
0,[],22,[],2019-03-12 17:09:59,0.0,0,0,6914795,2019-03-12 17:09:59,,50175.67608608,0.0,0,,54079135.04179466,0.0,0.0,158
,[],17,[],2018-11-20 22:56:10,0.0,0,0,4861976,2018-11-20 22:56:10,btc,1.1265625,0.0,,btc,1000.0,0.0,0.0,159
,[],20,[],2018-11-20 22:56:12,0.0,0,0,4861977,2018-11-20 22:56:12,btc,11912.7940471,0.0,,btc,34413894.3617,0.0,0.0,159
1,[],17,[],2019-03-12 16:59:44,29784.95,0.000001,0.0000000000388162,6914608,2019-03-12 16:59:44,btc,0.03026736251542,0.0,0.000001,btc,144.46171372,0.0,0.00716147,168
1,[],12,[],2019-03-12 17:10:01,211974.58777906,0.000007600000000000000079602123503885735544827184639871120452880859375,0.00000000029547052,6914796,2019-03-12 17:10:01,btc,1.703805200140299,0.0,0.000007600000000000000079602123503885735544827184639871120452880859375,btc,9536.74151851,0.0013950455,0.0964495410998374,168
0,[],22,[],2019-03-12 17:10:34,0.0,0,0,6914797,2019-03-12 17:10:34,,1.1340533,0.0,0,,524928.174707144,0.0,0.0,169
1,[],22,[],2019-03-12 17:10:38,204847.95238095237,0.00000021,0.000000000008164317,6914798,2019-03-12 17:10:38,BTC,14.34913623,0.0,0.00000021,BTC,151917.1303658541,0.0001201,0.00252801,171
1,[],22,[],2019-03-12 17:10:43,693899.0,0.00000008,0.000000000003110216,6914799,2019-03-12 17:10:43,BTC,2.59759208,0.0,0.00000008,"BTC,LTC",331024.13144289755,0.0084834,0.02563237,173
1,[],5,[],2019-03-05 01:59:40,0.0,0,0,6845846,2019-03-05 01:59:40,btc,0.0,0.00384852,0,btc,0.0,0.0,0.0,175
1,[],22,[],2019-03-12 17:10:47,35500.0,0.00000012,0.0000000000046653240000000004,6914800,2019-03-12 17:10:47,BTC,0.54559973,0.0,0.00000012,BTC,137776.41444619838,0.0,0.00206,176
0,[],2,[],2019-01-20 23:28:34,0.0,0,0,6477001,2019-01-20 23:28:34,,0.0,0.0,0,,0.0,0.0,0.0,178
1,[],7,[],2019-03-12 17:10:48,0.0,0,0,6914801,2019-03-12 17:10:48,btc,408082.77102362673,0.0,0,btc,114863618.23151591,0.0,0.0,178
0,[],22,[],2019-03-12 17:10:52,0.0,0,0,6914802,2019-03-12 17:10:52,,1.00242438,0.0,0,,57522.0,0.0,0.0,178
0,[],23,[],2019-01-20 23:25:08,0.0,0,0,6476952,2019-01-20 23:25:08,,0.0,0.0,0,,0.0,0.0,0.0,179
1,[],5,[],2019-03-12 17:10:53,0.0,0,0,6914803,2019-03-12 17:10:53,btc,0.0,0.2115617,0,btc,0.0,0.0,0.0,179
1,[],22,[],2019-03-12 17:10:59,6867106.0,0.00000002,0.000000000000777554,6914804,2019-03-12 17:10:59,BTC,5.65174896,0.0,0.00000002,"BTC,LTC",17774331.756535422,0.0,0.37228284,179
1,[],17,[],2019-03-12 15:49:11,10504.725,0.0000001,0.00000000000388685,6914239,2019-03-12 15:49:11,btc,5.201069583843954,0.0,0.0000001,btc,5033.45945,0.0,0.0010504725,180
1,[],22,[],2019-03-12 17:11:16,667032.4435541859,0.00000177,0.00000000006881352900000001,6914805,2019-03-12 17:11:16,BTC,0.21254322,0.0,0.00000177,"BTC,LTC",60652.07628830776,0.00085757,0.57350033,180
1,[],26,[],2019-03-12 17:11:17,0.0,0.00000125,0.000000000048597125,6914806,2019-03-12 17:11:17,btc,0.0,0.0,0.00000125,btc,0.0,0.0,0.0,180
,[],7,[],2018-11-20 22:58:01,562227.975654,0.00000085,0.000000000036176765,4862015,2018-11-20 22:58:01,btc,21836.6059674,2491.87645172,,btc,749999.041456,0.00211021,0.127565380455,183
,[],5,[],2019-01-10 08:11:41,0.0,0,0,6347036,2019-01-10 08:11:41,btc,82.15055501,0.00261,,btc,1.19002445,0.0,0.0,187
,[],17,[],2018-11-16 20:58:10,4062536.27273,0.00000001,0.000000000000550501,4708775,2018-11-16 20:58:10,btc,3.36492563466,0.195460381006,,"btc,eth",110697919.549,0.0,0.0157628953496,187
1,[],24,[],2019-03-12 17:11:17,0.0,0.000000000001,3.88777e-17,6914807,2019-03-12 17:11:17,btc,0.0,0.0,0.000000000001,btc,0.0,0.0,0.0,187
0,[],22,[],2019-03-12 17:11:20,0.0,0,0,6914808,2019-03-12 17:11:20,,7.54797454,0.0,0,,79361.7243344055,0.0,0.0,191
0,[],22,[],2019-03-12 17:11:48,0.0,0,0,6914809,2019-03-12 17:11:48,,0.0,0.0,0,,0.0,0.0,0.0,197
0,[],23,[],2019-01-20 23:31:41,0.0,0,0,6477079,2019-01-20 23:31:41,,0.0,0.0,0,,0.0,0.0,0.0,199
0,[],22,[],2019-03-12 17:11:52,0.0,0,0,6914810,2019-03-12 17:11:52,,5.19581047,0.0,0,,21561978.0,0.0,0.0,199
1,[],26,[],2019-03-12 17:11:53,0.0,0.00000000,0,6914811,2019-03-12 17:11:53,btc,0.0,129344.0,0.00000000,btc,0.0,0.0,0.0,199
0,[],17,[],2019-01-30 16:32:01,0.0,0,0,6540827,2019-01-30 16:32:01,btc,6.802544163788159,0.0,0,btc,105897.55575295,0.0,0.0,200
0,[],2,[],2019-01-20 23:30:49,0.0,0,0,6477059,2019-01-20 23:30:49,,0.0,0.0,0,,0.0,0.0,0.0,201
1,[],4,[],2019-01-25 15:51:35,2084389.58565343,0.00000936,0.000000000333526752,6499557,2019-01-25 15:51:35,btc,2.0092503037378524,0.0,0.00000936,btc,160195.80207885,0.19272417,1.242687955921835,211
1,[],7,[],2019-03-12 17:12:03,5927443.88094192,0.00000101999999999999997501889774376149233603428001515567302703857421875,0.000000000039655254,6914812,2019-03-12 17:12:03,btc,15476655.739211606,490827.328449,0.00000101999999999999997501889774376149233603428001515567302703857421875,btc,14765727.54710832,0.0,2.8449034573948317,212
1,[],12,[],2019-01-25 02:44:32,207462.42853209,0.000001080000000000000035831255497387193287295303889550268650054931640625,0.000000000038610756000000006,6493050,2019-01-25 02:44:32,btc,85023.03793723314,0.0,0.000001080000000000000035831255497387193287295303889550268650054931640625,btc,43675.73520027,0.000146250909087,0.0348620860622024,213
1,[],5,[],2019-03-12 17:12:05,0.0,0,0,6914813,2019-03-12 17:12:05,btc,0.0,0.18453469,0,btc,0.0,0.0,0.0,213
1,[],24,[],2019-03-12 17:12:05,0.0,0.000000150000,0.000000000005831655,6914814,2019-03-12 17:12:05,btc,0.0,0.0,0.000000150000,btc,0.0,0.0,0.0,213
1,[],26,[],2019-03-12 17:12:05,0.0,0.00000010,0.00000000000388777,6914815,2019-03-12 17:12:05,btc,0.0,0.0,0.00000010,btc,0.0,0.0,0.0,213
1,[],22,[],2019-03-12 17:12:10,49000.0,0.00000002,0.000000000000777554,6914816,2019-03-12 17:12:10,BTC,2.27972134,0.0,0.00000002,BTC,650798.3963726171,0.00100164,0.00073,216
1,[],27,[],2019-03-12 17:12:12,1298122.0,0.00000003,0.0000000000011663310000000001,6914817,2019-03-12 17:12:12,btc,317.9840526547724,0.0,0.00000003,"btc,ltc",240753.990324,0.0,0.033757640000261636,216
1,[],22,[],2019-03-12 17:12:16,186927.0,0.00000170,0.00000000006609209,6914818,2019-03-12 17:12:16,BTC,12673.60339645,0.0,0.00000170,BTC,428618.9847912904,0.00012078,0.20640381,217
1,[],7,[],2019-03-12 17:12:17,0.0,0,0,6914819,2019-03-12 17:12:17,btc,77971.81411323446,0.0,0,btc,135963412.7426053,0.0,0.0,219
0,[],27,[],2019-03-12 17:12:19,0.0,0,0,6914820,2019-03-12 17:12:19,,0.0404796,0.0,0,btc,2057905.0,0.0,0.0,219
0.0000000000000052,[],28,[],2019-03-12 17:12:23,168498989.876,9.100000000000001e-18,3.5378707e-22,6914821,2019-03-12 17:12:23,doge,83813.6359944575,687883.937,0.00175000,"btc,doge",3632668.34751,0.0,1.668793242526124e-11,219
1,[],22,[],2019-03-12 16:49:12,436133.0,0.00000008,0.000000000003105288,6914445,2019-03-12 16:49:12,BTC,18.0683074,0.0,0.00000008,BTC,93423.54541875875,0.0,0.02056713,221
1,[],24,[],2019-03-12 16:49:12,0.0,0.000000200000,0.00000000000776322,6914446,2019-03-12 16:49:12,btc,0.0,0.0,0.000000200000,btc,0.0,0.0,0.0,221
1,[],20,[],2019-03-12 17:12:28,42294460.0253,0.000000002,0.0000000000000777554,6914822,2019-03-12 17:12:28,btc,48.4372276041303,1934140.0,0.000000002,btc,14614659.9079,0.008692184,0.0454835905253,224
0,[],22,[],2019-03-12 17:12:32,0.0,0,0,6914823,2019-03-12 17:12:32,,0.0,0.0,0,,0.0,0.0,0.0,224
1,[],26,[],2019-03-12 17:12:32,0.0,0.00000035,0.000000000013607195,6914824,2019-03-12 17:12:32,btc,0.0,0.0,0.00000035,btc,0.0,0.0,0.0,231
1,[],26,[],2019-03-12 17:12:33,0.0,0.00000005,0.000000000001943885,6914825,2019-03-12 17:12:33,btc,0.0,0.0,0.00000005,btc,0.0,0.0,0.0,234
0.0000000003431988,[],27,[],2019-03-12 17:12:36,2000.0,3.4319879999999996e-18,1.334277998676e-22,6914826,2019-03-12 17:12:36,eth,0.01134836604,0.0,0.00000001,"btc,eth",11462.996,0.0,6.863976e-15,234
1,[],4,[],2019-03-12 17:12:37,807644.47954784,0.00000070,0.00000000002721439,6914827,2019-03-12 17:12:37,btc,4.353736366002898,0.0,0.00000070,btc,1230291.74685431,0.23469581,0.205250956840478,236
1,[],24,[],2019-03-12 17:12:37,0.0,0.000000500000,0.00000000001943885,6914828,2019-03-12 17:12:37,btc,0.0,0.0,0.000000500000,btc,0.0,0.0,0.0,236
1,[],20,[],2019-03-12 17:01:38,224591634.8936,0.000000049,0.0000000000019019938,6914641,2019-03-12 17:01:38,btc,12.9714964867405,20642821.0839,0.000000049,btc,35282676.0775,1.106113388844,0.2688972765148,237
0.0000000001454719,[],22,[],2019-03-12 17:01:42,751594.9,2.4730223e-17,9.599332820126e-22,6914642,2019-03-12 17:01:42,LTC,0.0405823,0.0,0.00000017,LTC,3164.0,0.0,0.12541949,237
1,[],4,[],2019-03-12 17:12:38,7550613.42001038,0.00000034,0.000000000013218418,6914829,2019-03-12 17:12:38,btc,7.175815510160757,0.0,0.00000034,btc,10801557.38285638,0.27778547,1.8197197728295842,238
1,[],5,[],2019-03-12 17:12:40,0.0,0,0,6914830,2019-03-12 17:12:40,btc,0.0,0.0591654,0,btc,0.0,0.0,0.0,238
0,[],22,[],2019-03-12 16:49:32,0.0,0,0,6914458,2019-03-12 16:49:32,,0.40415746,0.0,0,,526736.5639027493,0.0,0.0,249
0.0000000001453531,[],22,[],2019-03-12 17:12:45,49087200.666666664,5.8141239999999996e-18,2.260397686348e-22,6914831,2019-03-12 17:12:45,LTC,0.93198307,0.0,0.00000004,LTC,18333276.253636364,0.0,1.18162413,252
1,[],28,[],2019-03-12 17:12:46,2536132.164,0.00000043,0.000000000016717411,6914832,2019-03-12 17:12:46,btc,164780.40296794,646019.219,0.00000043,btc,300244.88,0.0,0.67569943157,256
1,[],22,[],2019-03-12 17:01:54,1349990.8333333333,0.00000004,0.000000000001552648,6914647,2019-03-12 17:01:54,BTC,31.44472734,0.0,0.00000004,BTC,567181.6568978056,0.00093201,0.01950783,258
1,[],22,[],2019-03-12 16:49:50,47146.0,0.00000001,0.000000000000388161,6914462,2019-03-12 16:49:50,BTC,2.415167,0.0,0.00000001,BTC,157.0,0.0,0.00047146,259
1,[],5,[],2019-03-12 17:12:49,0.0,0,0,6914833,2019-03-12 17:12:49,btc,0.0,0.26785796,0,btc,0.0,0.0,0.0,264
1,[],20,[],2019-03-12 17:12:50,1216057.5103,0.0000021,0.00000000008164317,6914834,2019-03-12 17:12:50,btc,7.185991834972,141949.3607,0.0000021,btc,97796.0389,0.2996074664908,0.0176171669049,264
0,[],22,[],2019-03-12 17:12:53,0.0,0,0,6914835,2019-03-12 17:12:53,,8.75660439,0.0,0,,474745.2241309945,0.0,0.0,271
0,[],22,[],2019-03-12 17:12:56,0.0,0,0,6914836,2019-03-12 17:12:56,,111821.04152134,0.0,0,,13992847597.692,0.0,0.0,272
0.0000000000000052,[],28,[],2019-03-12 17:12:59,213241056712.905,5.096e-21,1.981207592e-25,6914837,2019-03-12 17:12:59,doge,38471161.34966302,18556938334.131,0.00000098,doge,240034807325.4759,0.0,5.880682079432298e-10,272
1,[],22,[],2019-03-12 17:13:04,268235.08,0.00000250,0.00000000009719425,6914838,2019-03-12 17:13:04,BTC,234.96095649,0.0,0.00000250,"BTC,LTC",43054.41778575859,0.0010409,0.1130245,281
1,[],22,[],2019-03-12 17:13:09,1264674.7571428572,0.00000015,0.000000000005831655,6914839,2019-03-12 17:13:09,BTC,1.34282192,0.0,0.00000015,BTC,188089.21191553582,0.00974934,0.07504671,286
0,[],22,[],2019-03-12 17:13:13,0.0,0,0,6914840,2019-03-12 17:13:13,,1044638.83848451,0.0,0,,703583294.0,0.0,0.0,294
