pairValue,buyBook,exchangeId,sellBook,updated,buyTotal,satoshiPrice,usdPrice,exchangeLogId,created,bestPair,sellTotalBtc,volume,pairPrice,activePairs,sellTotal,volumeBtc,buyTotalBtc,coinId
1,[],3,[],2019-03-01 14:13:23,30535.20806592386,0.01248984000000000031682656498333017225377261638641357421875,0.000000478830489984,6819431,2019-03-01 14:13:23,btc,61.07791910312587,0.0400073,0.01248984000000000031682656498333017225377261638641357421875,btc,22.709932926169,0.0,0.24627903847725577,1
1,[],4,[],2019-03-01 14:13:24,208048.01577388,0.01250001,0.0000004792203833760001,6819432,2019-03-01 14:13:24,btc,9.248527816916456,0.0,0.01250001,btc,264.73648731,1.07219097,2.8866783826210938,1
1,[],5,[],2019-03-01 14:13:26,0.0,0,0,6819433,2019-03-01 14:13:26,btc,0.0,0.04549203,0,btc,0.0,0.0,0.0,1
1,[],10,[],2019-03-01 14:13:29,414825.1449925,0.01080249,0.000000414141540624,6819434,2019-03-01 14:13:29,btc,6522.364345020497,1503.14603424,0.01080249,btc,1111.14492164,0.0,5.981223042756985,1
1,[],12,[],2019-03-01 14:13:31,10438.77333192,0.0125000000000000006938893903907228377647697925567626953125,0.00000047922,6819435,2019-03-01 14:13:31,btc,0.5559555388633,0.0,0.0125000000000000006938893903907228377647697925567626953125,btc,34.65543291,0.3150180443789,0.3592797814798,1
1,[],20,[],2019-03-01 14:13:33,1151.4783,0.01151,0.000000441265776,6819436,2019-03-01 14:13:33,btc,0.0662082325693,0.0466,0.01151,btc,3.0133,0.000489766,0.0946511826215,1
1,[],21,[],2019-03-01 14:13:34,1952.91621544,0.01255500000000000018762769116,0.000000481328568,6819437,2019-03-01 14:13:34,btc,18.533052075450865,1149.72922184,0.0125550000000000001876276911616514553315937519073486328125,"btc,eth",1847.78646244,13.51990285933346,21.038229163131376,1
1,[],22,[],2019-03-01 14:13:38,0.006382215384615385,0.01300000,0.0000004983888,6819438,2019-03-01 14:13:38,BTC,0.31439419,0.0,0.01300000,BTC,0.12751438772928525,0.0,7.978e-05,1
1,[],24,[],2019-03-01 14:13:40,0.0,0.000000000000,0,6819439,2019-03-01 14:13:40,btc,0.0,0.0,0.000000000000,btc,0.0,0.0,0.0,1
0.0,[],25,[],2019-03-01 14:13:41,0.0,0,0,6819440,2019-03-01 14:13:41,btc,23.908399998262144,937.32601316,0.0,btc,1866.36946793,11.8813,0.0,1
1,[],26,[],2019-03-01 14:13:42,0.0,0,0,6819441,2019-03-01 14:13:42,,0.0,0.0,0,,0.0,0.0,0.0,1
1,[],28,[],2019-03-01 14:13:43,993.142,0.01323000,0.0000005072064480000001,6819442,2019-03-01 14:13:43,btc,0.162839806,18427.45,0.01323000,btc,8.9,0.0,0.089302756,1
0,[],2,[],2019-01-20 23:28:45,0.0,0,0,6477011,2019-01-20 23:28:45,,0.0,0.0,0,,0.0,0.0,0.0,1
1,[],5,[],2019-03-01 14:13:46,0.0,0,0,6819443,2019-03-01 14:13:46,btc,0.0,0.02416954,0,btc,0.0,0.0,0.0,2
0,[],22,[],2019-03-01 14:13:49,0.0,0,0,6819444,2019-03-01 14:13:49,,0.0,0.0,0,,0.0,0.0,0.0,2
1,[],5,[],2019-03-01 14:13:50,0.0,0,0,6819445,2019-03-01 14:13:50,btc,0.0,0.90235643,0,btc,0.0,0.0,0.0,3
1,[],12,[],2019-03-01 14:13:52,12852657.59995,0.000000173,0.0000000000066324048,6819446,2019-03-01 14:13:52,btc,924396.5521408585,0.0,0.000000173,btc,8216300.93045583,0.05544956008007068,0.6501941333913,3
0,[],28,[],2019-03-01 14:13:53,0.0,0,0,6819447,2019-03-01 14:13:53,,0.0,0.0,0,,0.0,0.0,0.0,3
0,[],2,[],2019-01-20 23:31:32,0.0,0,0,6477077,2019-01-20 23:31:32,,0.0,0.0,0,,0.0,0.0,0.0,4
1,[],4,[],2019-03-01 14:13:56,394515.51681416,0.00000033,0.000000000012651408000000001,6819448,2019-03-01 14:13:56,btc,31.987237109656288,0.0,0.00000033,btc,711465.54491406,0.0,0.0533407895458889,4
1,[],12,[],2019-03-01 09:25:10,1365307.18866667,0.00000003,0.000000000001151937,6817595,2019-03-01 09:25:10,btc,11013925.630790796,0.0,0.00000003,btc,1265766.42361994,0.0032488055644356,0.0204712504400001,5
0,[],2,[],2019-01-20 23:31:51,0.0,0,0,6477087,2019-01-20 23:31:51,,0.0,0.0,0,,0.0,0.0,0.0,6
1,[],11,[],2019-03-01 14:13:57,5986818.5,0.00000002,0.0000000000007667520000000001,6819449,2019-03-01 14:13:57,btc,9568.047154252814,457490.0,0.00000002,btc,41604050.07452957,0.0,0.077211205,6
1,[],3,[],2019-03-01 14:13:59,1078.300764522044,0.0001510600000000000072038208731584063571062870323657989501953125,0.0000000057912778560000005,6819450,2019-03-01 14:13:59,btc,26.3363151709563,0.0,0.0001510600000000000072038208731584063571062870323657989501953125,btc,247.537822229004,0.0,0.03284743781632565,7
1,[],4,[],2019-03-01 14:14:00,91499.26209036,0.00022154,0.000000008493311904000001,6819451,2019-03-01 14:14:00,btc,9.502086853268358,0.0,0.00022154,btc,32598.93637781,5.25190233,4.779073593174254,7
1,[],5,[],2019-03-01 14:14:02,0.0,0,0,6819452,2019-03-01 14:14:02,btc,0.0,1.16456483,0,btc,0.0,0.0,0.0,7
1,[],20,[],2019-02-20 02:16:17,39399275.8418,0.000000001,0.0000000000000390183,6728586,2019-02-20 02:16:17,btc,116.9737569154545,525.0,0.000000001,btc,56932965.8895,5.25e-07,0.0393992758418,8
0,[],2,[],2019-01-20 23:22:42,0.0,0,0,6476876,2019-01-20 23:22:42,,0.0,0.0,0,,0.0,0.0,0.0,9
0,[],23,[],2019-01-20 23:22:48,0.0,0,0,6476878,2019-01-20 23:22:48,,0.0,0.0,0,,0.0,0.0,0.0,9
1,[],4,[],2019-03-01 14:14:04,2007073.38410007,0.00000168,0.00000000006440716800000001,6819453,2019-03-01 14:14:04,btc,7.157236386506244,0.0,0.00000168,btc,2997918.58753469,1.86238333,0.7447203925248024,9
1,[],28,[],2019-03-01 14:14:07,77443.22,0.00000181,0.00000000006939105600000001,6819454,2019-03-01 14:14:07,btc,2708.763406715895,3551431.76,0.00000181,btc,12476.4655,0.0,0.08566102433,9
1,[],1,[],2019-02-17 23:31:42,1822507.21,0.00000181000000000000003456111265232042484285557293333113193511962890625,0.000000000066086901,6701244,2019-02-17 23:31:42,btc,3.6990969245,17153386.5,0.00000181000000000000003456111265232042484285557293333113193511962890625,btc,1997391.71,31.11772986,3.2610482446,9
1,[],4,[],2019-02-17 11:22:43,4341674.27126056,0.00000002,0.0000000000007272960000000001,6696112,2019-02-17 11:22:43,btc,0.1997230937751353,0.0,0.00000002,btc,4109766.79808031,0.00215132,0.0479381022052112,10
0,[],2,[],2019-01-20 23:23:08,0.0,0,0,6476890,2019-01-20 23:23:08,,0.0,0.0,0,,0.0,0.0,0.0,12
1,[],4,[],2019-03-01 14:14:08,4113316.09201276,0.00000119,0.000000000045621744000000005,6819455,2019-03-01 14:14:08,btc,11.49956756280212,0.0,0.00000119,btc,6373198.9129905,2.60890909,2.119502466290129,12
1,[],5,[],2019-03-01 14:14:09,0.0,0,0,6819456,2019-03-01 14:14:09,btc,0.0,0.11618442,0,btc,0.0,0.0,0.0,12
0.0,[],25,[],2019-03-01 14:14:10,0.0,0,0,6819457,2019-03-01 14:14:10,,0.0,0.0,0.0,btc,0.0,0.0,0.0,12
1,[],4,[],2019-03-01 14:14:11,31903529.2548516,0.00000542,0.00000000020778979200000002,6819458,2019-03-01 14:14:11,btc,3.0084791854007444,0.0,0.00000542,btc,420925.4921474,0.27253902,0.5541017961029959,13
1,[],21,[],2019-03-01 14:14:14,805952.14848582,0.000005689999999999999731928844449,0.000000000218140944,6819459,2019-03-01 14:14:14,btc,5.984705396707912,199131.43833322,0.000005689999999999999731928844448614057682789280079305171966552734375,btc,948025.5247643,1.12483809,4.269214497518285,13
1,[],10,[],2019-03-01 14:04:34,401160.0927519,0.00000559,0.000000000214291532,6819265,2019-03-01 14:04:34,btc,666802.6104387017,5334.37043749,0.00000559,btc,744865.7433745,0.0,0.2593529196315866,13
1,[],4,[],2019-03-01 14:14:15,688624.78905441,0.00000144,0.000000000055206144000000006,6819460,2019-03-01 14:14:15,btc,205.22521836544084,0.0,0.00000144,btc,880382.24179254,0.07438059,0.1346357508720864,14
1,[],12,[],2019-03-01 14:14:16,217547.18377033,0.0000013200000000000000673224496983149123252587742172181606292724609375,0.000000000050605632000000006,6819461,2019-03-01 14:14:16,btc,5.290358157519322,0.0,0.0000013200000000000000673224496983149123252587742172181606292724609375,btc,31040.09257234,0.0038027203617168,0.0258208799998891,14
1,[],26,[],2019-03-01 14:14:27,0.0,0.00000050,0.000000000019168800000000002,6819462,2019-03-01 14:14:27,btc,0.0,0.0,0.00000050,btc,0.0,0.0,0.0,14
0,[],17,[],2019-03-01 12:08:57,0.0,0,0,6818696,2019-03-01 12:08:57,btc,0.0,0.0,0,btc,0.0,0.0,0.0,14
0,[],4,[],2019-03-01 14:14:28,0.0,0,0,6819463,2019-03-01 14:14:28,,0.0,0.0,0,,0.0,0.0,0.0,15
,[],12,[],2018-12-01 15:15:48,204241.84496,0.00000489,0.000000000202473384,5260204,2018-12-01 15:15:48,btc,49.5475654835,0.0,,btc,35763.2193806,0.0163153972027625,0.0203389899998,15
0,[],2,[],2019-01-20 23:23:38,0.0,0,0,6476906,2019-01-20 23:23:38,,0.0,0.0,0,,0.0,0.0,0.0,18
1,[],4,[],2019-03-01 14:14:30,25673.47610882,0.00001779,0.0000000006820259040000001,6819464,2019-03-01 14:14:30,btc,1.3382275783382749,0.0,0.00001779,btc,14749.24446208,0.02129197,0.0781239681184359,18
1,[],10,[],2019-03-01 14:14:32,783083.31317789,0.00001771,0.0000000006789588960000001,6819465,2019-03-01 14:14:32,btc,25.807996995421924,53333.7896302,0.00001771,btc,14838.43017094,0.0,0.1362515839277828,18
1,[],12,[],2019-03-01 14:14:33,193702.82913743999,0.0000174999999999999984669381281054967303134617395699024200439453125,0.000000000670908,6819466,2019-03-01 14:14:33,btc,23.630495247059688,0.0,0.0000174999999999999984669381281054967303134617395699024200439453125,btc,1864.03352308,2.437273e-05,0.035184831187756,18
0,[],17,[],2019-03-01 14:14:36,0.0,0,0,6819467,2019-03-01 14:14:36,btc,0.0,0.0,0,btc,0.0,0.0,0.0,18
0,[],2,[],2019-01-20 23:24:19,0.0,0,0,6476924,2019-01-20 23:24:19,,0.0,0.0,0,,0.0,0.0,0.0,19
1,[],3,[],2019-03-01 14:14:42,118503.18839381494,0.0000200099999999999998462514583241755872222711332142353057861328125,0.000000000767135376,6819468,2019-03-01 14:14:42,btc,0.4773678522909621,3103.55998943,0.0000200099999999999998462514583241755872222711332142353057861328125,btc,6099.424034863742,0.0,0.03365696266917482,19
1,[],4,[],2019-03-01 14:14:43,519418.49827498,0.00001990,0.0000000007629182400000001,6819469,2019-03-01 14:14:43,btc,1.97655223434291,0.0,0.00001990,btc,64020.18847937,0.51588382,2.392935083317829,19
1,[],5,[],2019-03-01 14:14:46,0.0,0,0,6819470,2019-03-01 14:14:46,btc,0.0,0.00028832,0,btc,0.0,0.0,0.0,19
1,[],12,[],2019-03-01 14:14:47,135255.96968037,0.0000199599999999999986309041910548245368772768415510654449462890625,0.000000000765218496,6819471,2019-03-01 14:14:47,btc,6.898954985993018,0.0,0.0000199599999999999986309041910548245368772768415510654449462890625,btc,457.64384656,0.00097764,0.1081123000000216,19
0,[],27,[],2019-03-01 14:14:50,0.0,0,0,6819472,2019-03-01 14:14:50,,0.0,0.0,0,btc,0.0,0.0,0.0,19
1,[],4,[],2019-03-01 14:14:51,2800098.06930745,0.00000013,0.0000000000049838880000000005,6819473,2019-03-01 14:14:51,btc,7.378502889194436,0.0,0.00000013,btc,2855585.3982639,0.00225043,0.0790856264754801,20
1,[],4,[],2019-03-01 14:14:52,104036087.13737024,0.00000002,0.0000000000007667520000000001,6819474,2019-03-01 14:14:52,btc,1798.7485654879747,0.0,0.00000002,btc,55613109.76506001,0.0,1.1684621866280451,21
1,[],12,[],2019-03-01 14:14:53,18207001.0,0.00000002,0.0000000000007667520000000001,6819475,2019-03-01 14:14:53,btc,670.3733702334847,0.0,0.00000002,btc,8127598.32857329,0.0,0.23638026,21
0,[],17,[],2019-03-01 14:05:28,0.0,0,0,6819282,2019-03-01 14:05:28,btc,0.0,0.0,0,btc,0.0,0.0,0.0,21
1,[],12,[],2019-03-01 14:05:29,3071264156.531895,0.0000000002,0.00000000000000766696,6819283,2019-03-01 14:05:29,btc,875865855496.879,0.0,0.0000000002,btc,4946575773.106333,0.017338879950449568,0.32052511055318955,23
0.00000000035397850000000004,[],27,[],2019-03-01 14:05:31,2000.0,3.539785e-18,1.3569695001800001e-22,6819284,2019-03-01 14:05:31,eth,1.3829826565934114,0.0,0.00000001,eth,2164879.85514486,0.0,7.079570000000001e-15,23
1,[],4,[],2019-03-01 14:15:05,476224.51205025,0.00000051,0.000000000019552176000000002,6819476,2019-03-01 14:15:05,btc,8.811362768166086,0.0,0.00000051,btc,1527258.78698003,0.00298256,0.1523695654934898,24
1,[],22,[],2019-03-01 14:15:08,11.76,0.00000100,0.000000000038337600000000004,6819477,2019-03-01 14:15:08,BTC,7.415e-05,0.0,0.00000100,BTC,23.919354838709676,0.0,1.176e-05,24
0.0,[],25,[],2019-03-01 14:15:09,0.0,0,0,6819478,2019-03-01 14:15:09,,0.0,0.0,0.0,btc,0.0,0.0,0.0,24
1,[],4,[],2019-03-01 14:15:11,22703434.29904904,0.00000636,0.00000000024382713600000003,6819479,2019-03-01 14:15:11,btc,166.80335360674817,0.0,0.00000636,btc,240490.906823,0.18453226,0.4029300160193975,26
1,[],10,[],2019-03-01 14:15:13,691126.43052741,0.00000603,0.000000000231175728,6819480,2019-03-01 14:15:13,btc,26.125952257663098,4600.57627629,0.00000603,btc,14054.67408507,0.0,0.2398199360174543,26
0,[],2,[],2019-01-20 23:25:56,0.0,0,0,6476976,2019-01-20 23:25:56,,0.0,0.0,0,,0.0,0.0,0.0,26
1,[],3,[],2019-03-01 14:15:14,5543600.57033568,0.00000001,0.00000000000038337600000000004,6819481,2019-03-01 14:15:14,btc,2.2669852291713752,106438.352324,0.00000001,btc,17349550.00714366,0.0,0.0554360057033568,27
1,[],5,[],2019-03-01 14:15:16,0.0,0,0,6819482,2019-03-01 14:15:16,btc,0.0,0.0,0,btc,0.0,0.0,0.0,27
1,[],11,[],2019-03-01 14:15:18,9470054.891515061,0.00000005,0.0000000000019168800000000002,6819483,2019-03-01 14:15:18,btc,67506.38088715188,21889.311987,0.00000005,btc,7980367.26084264,0.0,0.4414030388653851,27
1,[],4,[],2019-03-01 14:15:19,1528385919.3098352,0.00000002,0.0000000000007667520000000001,6819484,2019-03-01 14:15:19,btc,2.8116880471120465,0.0,0.00000002,"btc,ltc",191202109.33514458,0.21687406,12.32726528259772,29
1,[],7,[],2019-03-01 14:15:21,35701009.00931196,0.00000002,0.0000000000007667520000000001,6819485,2019-03-01 14:15:21,btc,44462590.70615976,162623.16229,0.00000002,btc,47355870.75980134,0.00325246,0.3595384966865261,29
1,[],4,[],2019-03-01 14:15:22,1401158.17565661,0.00000026,0.000000000009967776000000001,6819486,2019-03-01 14:15:22,btc,2.339910082070254,0.0,0.00000026,btc,1563805.13706497,0.00023518,0.0866361253379219,30
0,[],17,[],2019-03-01 14:15:23,0.0,0,0,6819487,2019-03-01 14:15:23,btc,0.0,0.0,0,btc,0.0,0.0,0.0,30
1,[],4,[],2019-03-01 14:15:24,109839.99587579,0.00004755,0.0000000018229528800000002,6819488,2019-03-01 14:15:24,btc,5.819761436873789,0.0,0.00004755,btc,70170.14750118,0.96367737,0.5523378377716872,31
1,[],21,[],2019-03-01 14:15:25,101708.32815746,0.00004717999999999999890263127633,0.0000000018087679680000001,6819489,2019-03-01 14:15:25,btc,2.67301847391039,95121.06236893,0.0000471799999999999989026312763318316001459606923162937164306640625,btc,49343.67091999,4.5799001,3.883013689489297,31
0,[],2,[],2019-01-20 23:28:43,0.0,0,0,6477009,2019-01-20 23:28:43,,0.0,0.0,0,,0.0,0.0,0.0,32
1,[],4,[],2019-03-01 14:15:26,382283011.8441985,0.00000004,0.0000000000015335040000000002,6819490,2019-03-01 14:15:26,btc,11.339046004059838,0.0,0.00000004,"btc,ltc",200625472.4157587,0.73708543,8.652226784886214,33
1,[],12,[],2019-03-01 14:15:27,17068873.0,0.00000004,0.0000000000015335040000000002,6819491,2019-03-01 14:15:27,btc,35630710.9409662,0.0,0.00000004,btc,90538438.45260604,0.002265612667333,0.54849204,33
1,[],4,[],2019-03-01 14:15:28,117448229.96062756,0.00000001,0.00000000000038337600000000004,6819492,2019-03-01 14:15:28,btc,4.075776922227264,0.0,0.00000001,btc,104315452.73727135,0.05891381,1.1744822996062756,34
1,[],5,[],2019-03-01 14:15:30,0.0,0,0,6819493,2019-03-01 14:15:30,btc,0.0,0.10101254,0,btc,0.0,0.0,0.0,34
0,[],17,[],2019-03-01 13:04:09,0.0,0,0,6818918,2019-03-01 13:04:09,btc,0.0746458232965017,0.0,0,btc,4103573.70243647,0.0,0.0,36
0.0000000001231448,[],4,[],2019-03-01 14:15:31,2337050918.8262944,2.462896e-18,9.44215216896e-23,6819494,2019-03-01 14:15:31,ltc,5.063273545634495e-08,0.0,0.00000002,ltc,6255350469.952627,0.0,3.8172562412905725e-09,36
1,[],5,[],2019-03-01 14:15:31,0.0,0,0,6819495,2019-03-01 14:15:31,btc,0.0,0.0,0,btc,0.0,0.0,0.0,36
0.00000000035396919999999997,[],27,[],2019-03-01 14:15:35,1000000.0,3.539692e-18,1.357032960192e-22,6819496,2019-03-01 14:15:35,eth,222.5997971062634,0.0,0.00000001,"ltc,eth",11163566.48751039,0.0,1.236064488e-12,36
1,[],4,[],2019-03-01 14:15:36,266396.94115212,0.00000061,0.000000000023385936000000003,6819497,2019-03-01 14:15:36,btc,19772.48794390747,0.0,0.00000061,btc,562009.64578,0.00965667,0.1239534259217286,37
1,[],12,[],2019-03-01 14:15:37,535304.0312553,0.0000006,0.00000000002300256,6819498,2019-03-01 14:15:37,btc,1345.9467701087167,0.0,0.0000006,btc,1075802.62129004,0.1784211864628313,0.1501448300000012,37
1,[],17,[],2019-03-01 14:15:38,1752.74075282,0.00000025,0.000000000009584400000000001,6819499,2019-03-01 14:15:38,btc,0.055484923777095005,0.0,0.00000025,btc,1319.19918473,0.0,0.00043818518820499993,37
1,[],27,[],2019-03-01 14:15:40,14685.567,0.00000045,0.000000000017251920000000002,6819500,2019-03-01 14:15:40,btc,25.82160105111233,0.0,0.00000045,btc,6804.86438508,0.0,0.00480032515,37
1,[],5,[],2019-03-01 14:15:42,0.0,0,0,6819501,2019-03-01 14:15:42,btc,0.0,0.08684122,0,btc,0.0,0.0,0.0,42
1,[],12,[],2019-03-01 14:15:44,253905.56434249,0.00000098,0.000000000037570848,6819502,2019-03-01 14:15:44,btc,94.68546141946526,0.0,0.00000098,btc,99006.1938796,0.0360174627403109,0.0597731616353399,42
0.00000000035396919999999997,[],27,[],2019-03-01 14:15:48,2000.0,3.539692e-18,1.357032960192e-22,6819503,2019-03-01 14:15:48,eth,0.00315028,0.0,0.00000001,"btc,eth",11.007,0.0,7.0793839999999995e-15,42
1,[],5,[],2019-03-01 14:15:49,0.0,0,0,6819504,2019-03-01 14:15:49,btc,0.0,0.00724965,0,btc,0.0,0.0,0.0,43
1,[],12,[],2019-03-01 14:15:50,1079271.0,0.00000001,0.00000000000038337600000000004,6819505,2019-03-01 14:15:50,btc,3568.8245623261237,0.0,0.00000001,btc,11768494.15224773,0.0064895704295706,0.01079271,43
0,[],17,[],2019-03-01 14:15:53,0.0,0,0,6819506,2019-03-01 14:15:53,btc,0.0,0.0,0,btc,0.0,0.0,0.0,43
1,[],12,[],2019-03-01 14:15:54,682441.0,0.00000005,0.0000000000019168800000000002,6819507,2019-03-01 14:15:54,btc,11116042.727856407,0.0,0.00000005,btc,1102952.40161834,1.6e-06,0.01625854,44
1,[],4,[],2019-03-01 14:15:55,290685695.5103865,0.00000002,0.0000000000007667520000000001,6819508,2019-03-01 14:15:55,btc,473.58425505985167,0.0,0.00000002,"btc,ltc",12086887.23698875,0.0,0.19751143870437793,49
0.0000000001231448,[],4,[],2019-03-01 14:15:56,232536969.9821,1.231448e-18,4.72107608448e-23,6819509,2019-03-01 14:15:56,ltc,25.568133918997614,0.0,0.00000001,ltc,10274362716.60818,0.0,2.863571866105171e-10,52
0.0000000001243569,[],22,[],2019-03-01 14:16:01,80845862.0,1.243569e-18,4.7675450894400004e-23,6819510,2019-03-01 14:16:01,XMR,4366.96996713,0.0,0.00000001,XMR,255350310.67882353,0.0,0.80845862,57
0.00000000035396919999999997,[],27,[],2019-03-01 14:16:04,2000.0,3.539692e-18,1.357032960192e-22,6819511,2019-03-01 14:16:04,eth,0.0,0.0,0.00000001,"btc,eth",0.0,0.0,7.0793839999999995e-15,57
0.0000000001231448,[],4,[],2019-03-01 14:16:05,1556974283.2381527,4.925792e-18,1.888430433792e-22,6819512,2019-03-01 14:16:05,ltc,18.807185273122588,0.0,0.00000004,ltc,3900570703.1800942,0.0,3.2174619759188024e-09,58
1,[],12,[],2019-03-01 14:16:06,1612659469.843957,0.0000000004,0.00000000000001533504,6819513,2019-03-01 14:16:06,btc,224005480238.18448,0.0,0.0000000004,btc,3894282853.849257,0.00351710148080397,0.5202095922011392,58
0,[],17,[],2019-03-01 14:16:08,0.0,0,0,6819514,2019-03-01 14:16:08,btc,1e+24,0.0,0,btc,49306342.21952568,0.0,0.0,58
0.0000000001243569,[],22,[],2019-03-01 14:16:12,137438.0,1.243569e-18,4.7675450894400004e-23,6819515,2019-03-01 14:16:12,XMR,69.8835922,0.0,0.00000001,XMR,9887963.0,0.0,0.00137438,58
1,[],5,[],2019-03-01 14:16:14,0.0,0,0,6819516,2019-03-01 14:16:14,btc,0.0,0.0322105,0,btc,0.0,0.0,0.0,61
1,[],22,[],2019-03-01 14:16:17,13788.5,0.00000012,0.0000000000046005120000000005,6819517,2019-03-01 14:16:17,BTC,1002.29597012,0.0,0.00000012,BTC,14947.700278135757,0.0,0.00155365,61
1,[],26,[],2019-03-01 14:16:17,0.0,0.00000800,0.00000000030670080000000003,6819518,2019-03-01 14:16:17,btc,0.0,0.0,0.00000800,btc,0.0,0.0,0.0,61
1,[],27,[],2019-03-01 14:16:20,2160.118,0.00000045,0.000000000017251920000000002,6819519,2019-03-01 14:16:20,btc,7.76205105961638,0.0,0.00000045,"btc,eth",20757.11257617,0.0,0.0001995975029772998,61
1,[],28,[],2019-03-01 14:16:21,13880.304,0.0000005,0.000000000019168800000000002,6819520,2019-03-01 14:16:21,btc,2.056312978300105,722.0,0.0000005,btc,9730.59500005,0.0,0.00566391304,61
1,[],4,[],2019-03-01 14:16:22,1462703.99733053,0.00000281,0.00000000010772865600000001,6819521,2019-03-01 14:16:22,btc,11.239384634687264,0.0,0.00000281,btc,795334.82473471,0.07490811,1.4858710132638135,67
0.0,[],25,[],2019-03-01 14:16:23,0.0,0,0,6819522,2019-03-01 14:16:23,,0.0,0.0,0.0,btc,0.0,0.0,0.0,67
1,[],12,[],2019-03-01 14:16:25,1639499.58407937,0.00000018,0.000000000006900768000000001,6819523,2019-03-01 14:16:25,btc,11115998.997872664,0.0,0.00000018,btc,2174185.03331492,0.009720613410358,0.0574994764411121,71
,[],5,[],2018-11-20 23:02:39,1.5e-07,0.00000005,0.000000000002128045,4862160,2018-11-20 23:02:39,btc,2.84511358,0.0,,btc,0.00036572,0.0,0.07381892,74
1,[],5,[],2019-03-01 14:16:26,0.0,0,0,6819524,2019-03-01 14:16:26,btc,0.0,0.00020977,0,btc,0.0,0.0,0.0,75
0,[],20,[],2019-01-25 09:30:31,0.0,0,0,6495923,2019-01-25 09:30:31,btc,0.0,0.0,0,btc,0.0,0.0,0.0,81
1,[],4,[],2019-03-01 14:16:27,16197735.251575,0.00000001,0.00000000000038337600000000004,6819525,2019-03-01 14:16:27,btc,11388.6318068588,0.0,0.00000001,btc,34456445.8995017,0.0,0.16197735251575,81
1,[],4,[],2019-03-01 14:16:28,28733.82058694,0.00007573,0.000000002903306448,6819526,2019-03-01 14:16:28,btc,17.740758809667174,0.0,0.00007573,btc,12585.93587838,0.01959833,0.1424725466081215,82
1,[],21,[],2019-03-01 14:16:29,292032.24786219,0.00007320999999999999870940042834,0.0000000028066956960000003,6819527,2019-03-01 14:16:29,btc,2.1112224697567687,2450.41264036,0.000073209999999999998709400428342775057899416424334049224853515625,btc,23116.94611413,0.18012937,4.454147345837286,82
0,[],17,[],2019-03-01 14:08:05,0.0,0,0,6819334,2019-03-01 14:08:05,btc,0.0447233088476774,0.0,0,btc,999127.19588126,0.0,0.0,84
0.0000000001231448,[],4,[],2019-03-01 14:16:42,121829570.012268,3.694344e-18,1.416322825344e-22,6819528,2019-03-01 14:16:42,ltc,1.78283226008,0.0,0.00000003,ltc,401545177.1902443,0.0,2.5558330757561916e-10,85
,[],22,[],2018-11-20 23:09:34,3408.1,0.0000001,0.0000000000041895,4862324,2018-11-20 23:09:34,BTC,0.04624735,0.0,,BTC,4990.0,0.0,0.00033081,86
0,[],22,[],2019-02-22 12:52:35,0.0,0,0,6758847,2019-02-22 12:52:35,,2.0760781,0.0,0,,140622.94736842104,0.0,0.0,87
0,[],27,[],2019-02-22 12:52:37,0.0,0,0,6758848,2019-02-22 12:52:37,,0.0,0.0,0,btc,0.0,0.0,0.0,87
,[],2,[],2018-11-20 23:10:47,0.0,0,0,4862359,2018-11-20 23:10:47,,0.0,0.0,,,0.0,0.0,0.0,88
1,[],11,[],2019-03-01 14:16:44,91406.86982509,0.00013941999999999998990050931180206816861755214631557464599609375,0.000000005345028192,6819529,2019-03-01 14:16:44,btc,609.3390853378082,1648.96024838,0.00013941999999999998990050931180206816861755214631557464599609375,btc,96797.20569567,0.0,6.012509664467272,89
0,[],17,[],2019-03-01 14:08:12,0.0,0,0,6819338,2019-03-01 14:08:12,btc,0.0,0.0,0,btc,0.0,0.0,0.0,91
0,[],2,[],2019-01-20 23:31:45,0.0,0,0,6477083,2019-01-20 23:31:45,,0.0,0.0,0,,0.0,0.0,0.0,91
1,[],12,[],2019-03-01 14:16:45,470017.48350495996,0.000001529999999999999962528346615642238504051420022733509540557861328125,0.000000000058656528,6819530,2019-03-01 14:16:45,btc,4.360395694347768,0.0,0.000001529999999999999962528346615642238504051420022733509540557861328125,btc,59336.20332032,0.0013062112210491,0.0849067318938167,91
0,[],22,[],2019-03-01 14:16:59,0.0,0,0,6819531,2019-03-01 14:16:59,,3e-06,0.0,0,,1.0,0.0,0.0,91
0.0000000001231448,[],22,[],2019-03-01 14:17:04,1520600.0,7.388688e-18,2.832645650688e-22,6819532,2019-03-01 14:17:04,LTC,8.53161599,0.0,0.00000006,LTC,71994962.1,0.0,0.091236,95
0.0000000001231448,[],4,[],2019-03-01 14:17:06,646779058.247991,7.6349776e-17,2.9270671723776e-21,6819533,2019-03-01 14:17:06,ltc,11.885881239025615,0.0,0.00000062,ltc,136664100.92591968,0.0,1.93297253628585e-09,96
0,[],12,[],2019-03-01 14:17:07,0.0,0,0,6819534,2019-03-01 14:17:07,btc,255079.46687961795,0.0,0,btc,8740666.95135837,4.995005e-08,0.0,96
0,[],17,[],2019-03-01 14:17:19,0.0,0,0,6819535,2019-03-01 14:17:19,btc,0.0,0.0,0,btc,0.0,0.0,0.0,96
1,[],4,[],2019-03-01 14:17:20,1372438.15666736,0.00000030,0.000000000011501280000000001,6819536,2019-03-01 14:17:20,btc,2.730448299545383,0.0,0.00000030,btc,2340985.86690488,0.00489811,0.1037117413282118,99
0,[],2,[],2019-01-20 23:23:55,0.0,0,0,6476914,2019-01-20 23:23:55,,0.0,0.0,0,,0.0,0.0,0.0,100
1,[],4,[],2019-03-01 14:17:22,326581.13762731,0.00004210,0.00000000161401296,6819537,2019-03-01 14:17:22,btc,11.86614552815435,0.0,0.00004210,btc,167085.53724939,3.82123777,1.9781961609792993,100
1,[],22,[],2019-03-01 14:17:27,50000.0,0.00000001,0.00000000000038337600000000004,6819538,2019-03-01 14:17:27,BTC,23.49896609,0.0,0.00000001,BTC,10277.22,0.0,0.0005,101
1,[],4,[],2019-03-01 14:17:28,480892.63499779,0.00000087,0.000000000033353712000000004,6819539,2019-03-01 14:17:28,btc,256.29977209459355,0.0,0.00000087,btc,489124.27457773,0.01086516,0.2468684096937586,103
1,[],12,[],2019-03-01 14:17:30,68091560.0,0.000000009,0.0000000000003450384,6819540,2019-03-01 14:17:30,btc,137278952.45260724,0.0,0.000000009,btc,126666637.549248,0.01753126508891147,0.262474507,105
1,[],27,[],2019-03-01 14:17:32,462856.89,0.00000001,0.00000000000038337600000000004,6819541,2019-03-01 14:17:32,btc,36.58422120075966,0.0,0.00000001,btc,531915.56793212,0.0,0.0046285689,105
1,[],22,[],2019-03-01 14:17:36,9328.0,0.00000001,0.00000000000038337600000000004,6819542,2019-03-01 14:17:36,BTC,51.10837004,0.0,0.00000001,BTC,470435.0,0.0,9.328e-05,107
1,[],26,[],2019-03-01 14:17:36,0.0,0.00000000,0,6819543,2019-03-01 14:17:36,btc,0.0,0.0,0.00000000,btc,0.0,0.0,0.0,107
1,[],5,[],2019-03-01 14:17:37,0.0,0,0,6819544,2019-03-01 14:17:37,btc,0.0,0.10002812,0,btc,0.0,0.0,0.0,112
1,[],22,[],2019-03-01 14:18:01,1966.0,0.00000001,0.00000000000038337600000000004,6819545,2019-03-01 14:18:01,BTC,2.81183288,0.0,0.00000001,BTC,808524.0833333334,0.0,1.966e-05,112
0.00000000035396919999999997,[],27,[],2019-03-01 14:18:04,2000.0,3.539692e-18,1.357032960192e-22,6819546,2019-03-01 14:18:04,eth,1.35132491849924,0.0,0.00000001,"btc,eth",1328.641654,0.0,7.0793839999999995e-15,112
1,[],4,[],2019-03-01 14:18:05,1055072.58918256,0.00000240,0.00000000009201024000000001,6819547,2019-03-01 14:18:05,btc,85.20975580862842,0.0,0.00000240,btc,331374.47533274,0.20523515,0.8131924324785059,113
1,[],5,[],2019-03-01 14:18:06,0.0,0,0,6819548,2019-03-01 14:18:06,btc,0.0,0.02661051,0,btc,0.0,0.0,0.0,113
1,[],17,[],2019-03-01 14:18:18,152738.278,0.00000004,0.0000000000015335040000000002,6819549,2019-03-01 14:18:18,btc,1.33680302678,0.0,0.00000004,btc,50696.221,0.0,0.0022095311199999998,116
0,[],27,[],2019-03-01 14:18:20,0.0,0,0,6819550,2019-03-01 14:18:20,,0.0,0.0,0,btc,0.0,0.0,0.0,116
1,[],4,[],2019-03-01 14:18:21,135531.17823633,0.00002577,0.000000000987959952,6819551,2019-03-01 14:18:21,btc,28.48510316062802,0.0,0.00002577,btc,58371.17116448,8.29536215,2.0966681093328656,120
1,[],7,[],2019-03-01 14:18:22,21601.7130081,0.000016460000000000001648021996647486275833216495811939239501953125,0.0000000006310368960000001,6819552,2019-03-01 14:18:22,btc,115751.20689619803,162.79573236,0.000016460000000000001648021996647486275833216495811939239501953125,btc,56285.26032296,0.00507022,0.0591058495698301,120
1,[],20,[],2019-03-01 14:18:31,1487679.9795,0.000000036,0.0000000000013801536000000002,6819553,2019-03-01 14:18:31,btc,32.2920319749844,6601.3514,0.000000036,btc,949484.6857,0.0002737323852,0.009737611801,125
1,[],22,[],2019-03-01 14:18:34,3053.0,0.00000001,0.00000000000038337600000000004,6819554,2019-03-01 14:18:34,BTC,0.01444887,0.0,0.00000001,BTC,296263.5111111111,0.0,3.053e-05,126
0,[],2,[],2019-01-20 23:25:46,0.0,0,0,6476969,2019-01-20 23:25:46,,0.0,0.0,0,,0.0,0.0,0.0,131
1,[],4,[],2019-03-01 14:18:36,2651931.28172765,0.00001307,0.0000000005010724320000001,6819555,2019-03-01 14:18:36,btc,6.313567769675969,0.0,0.00001307,btc,121626.94637514,0.22084002,0.2945424741494723,131
0,[],17,[],2019-03-01 12:12:35,0.0,0,0,6818793,2019-03-01 12:12:35,btc,0.0009561751951600001,0.0,0,btc,35.42829368,0.0,0.0,131
1,[],4,[],2019-03-01 14:18:37,4555.79256116,0.00016001,0.000000006134399376,6819556,2019-03-01 14:18:37,btc,1.6201329471710346,0.0,0.00016001,btc,238.12730989,0.0,0.0082138371764831,135
1,[],3,[],2019-03-01 00:42:21,1024913.8877684299,0.00000004,0.000000000001529156,6814825,2019-03-01 00:42:21,btc,0.6351930129087457,0.0,0.00000004,btc,2364505.75112032,0.0,0.033059678173701895,136
1,[],4,[],2019-03-01 14:18:39,267490.58297012,0.00000162,0.00000000006210691200000001,6819557,2019-03-01 14:18:39,btc,38.980946211317296,0.0,0.00000162,btc,584128.67953748,0.01615416,0.0825038435132379,137
1,[],12,[],2019-03-01 14:18:40,321171.88696828,0.000001749999999999999973748754898694723891594549058936536312103271484375,0.00000000006709080000000001,6819558,2019-03-01 14:18:40,btc,11807.601520321663,0.0,0.000001749999999999999973748754898694723891594549058936536312103271484375,btc,125086.12773989,0.0060489109059959,0.06637749232916619,137
1,[],4,[],2019-03-01 14:18:40,107981.16806282,0.00003117,0.0000000011949829920000001,6819559,2019-03-01 14:18:40,btc,28.701034979469956,0.0,0.00003117,btc,40627.78733294,0.12102523,0.5816246985295537,142
1,[],5,[],2019-03-01 14:18:42,0.0,0,0,6819560,2019-03-01 14:18:42,btc,0.0,0.08274052,0,btc,0.0,0.0,0.0,142
1,[],17,[],2019-03-01 14:18:44,22967.386363640002,0.00000088,0.000000000033737088000000004,6819561,2019-03-01 14:18:44,btc,20.069913352819942,0.0,0.00000088,btc,2746.079105,0.0,0.0104613000000032,142
1,[],20,[],2019-03-01 14:18:46,133992.8754,0.00002552,0.000000000978375552,6819562,2019-03-01 14:18:46,btc,0.2957966103957,0.0,0.00002552,btc,1211.4375,0.0,0.2522291248407,142
1,[],22,[],2019-03-01 14:18:49,1685.8988921568628,0.00004000,0.0000000015335040000000002,6819563,2019-03-01 14:18:49,BTC,3.00385504,0.0,0.00004000,BTC,891.218,0.0,0.00174536,142
0.0,[],25,[],2019-03-01 14:18:50,0.0,0,0,6819564,2019-03-01 14:18:50,,0.0,0.0,0.0,btc,0.0,0.0,0.0,142
1,[],28,[],2019-03-01 14:18:52,76600.0,0.00004400,0.0000000016868544000000002,6819565,2019-03-01 14:18:52,btc,0.0639742472,397.565,0.00004400,btc,500.6113,0.0,0.0261072,142
0,[],22,[],2019-03-01 14:18:55,0.0,0,0,6819566,2019-03-01 14:18:55,,60.72280694,0.0,0,,696341446.3,0.0,0.0,143
0,[],22,[],2019-02-25 15:42:22,0.0,0,0,6783783,2019-02-25 15:42:22,,4.2131946,0.0,0,,2322156.0,0.0,0.0,146
,[],22,[],2018-11-20 23:01:11,0.0,0,0,4862114,2018-11-20 23:01:11,,2.56807021,0.0,,,61828.4988236,0.0,0.0,147
1,[],12,[],2019-03-01 14:18:56,223295.70699063,0.00000250000000000000020450763478507827386465578456409275531768798828125,0.00000000009584400000000001,6819567,2019-03-01 14:18:56,btc,16.61417216483678,0.0,0.00000250000000000000020450763478507827386465578456409275531768798828125,btc,117097.25034917,0.0001083916083837,0.0325017799999983,148
1,[],4,[],2019-03-01 14:18:57,246056.52673192,0.00000032,0.000000000012268032000000001,6819568,2019-03-01 14:18:57,btc,219.967446742935,0.0,0.00000032,btc,800822.7951546,0.00118709,0.0583338765945086,152
0,[],22,[],2019-03-01 14:19:00,0.0,0,0,6819569,2019-03-01 14:19:00,,0.0,0.0,0,,0.0,0.0,0.0,152
1,[],5,[],2019-03-01 14:19:01,0.0,0,0,6819570,2019-03-01 14:19:01,btc,0.0,0.0,0,btc,0.0,0.0,0.0,153
,[],16,[],2019-01-11 15:38:59,0.0,0,0,6366141,2019-01-11 15:38:59,btc,0.0,0.0,,btc,0.0,0.0,0.0,155
0,[],23,[],2019-01-20 23:24:29,0.0,0,0,6476932,2019-01-20 23:24:29,,0.0,0.0,0,,0.0,0.0,0.0,156
0,[],22,[],2019-03-01 14:19:05,0.0,0,0,6819571,2019-03-01 14:19:05,,6.74608751,0.0,0,,4644392.242592593,0.0,0.0,156
1,[],22,[],2019-03-01 14:19:09,7073.8,0.00005300,0.0000000020318928,6819572,2019-03-01 14:19:09,BTC,1.80343699,0.0,0.00005300,BTC,899.6422341958436,0.0,0.00104336,157
0,[],22,[],2019-03-01 14:19:12,0.0,0,0,6819573,2019-03-01 14:19:12,,50175.67608608,0.0,0,,54079135.04179466,0.0,0.0,158
,[],17,[],2018-11-20 22:56:10,0.0,0,0,4861976,2018-11-20 22:56:10,btc,1.1265625,0.0,,btc,1000.0,0.0,0.0,159
,[],20,[],2018-11-20 22:56:12,0.0,0,0,4861977,2018-11-20 22:56:12,btc,11912.7940471,0.0,,btc,34413894.3617,0.0,0.0,159
1,[],12,[],2019-03-01 14:19:13,182114.57897108,0.0000071899999999999997699301305942309880947505007497966289520263671875,0.000000000275647344,6819574,2019-03-01 14:19:13,btc,6.641405679206426,0.0,0.0000071899999999999997699301305942309880947505007497966289520263671875,btc,13535.93488147,0.0094496056296569,0.0952031030225499,168
1,[],17,[],2019-03-01 14:19:15,29784.95,0.000001,0.000000000038337600000000004,6819575,2019-03-01 14:19:15,btc,0.03026736251542,0.0,0.000001,btc,144.46171372,0.0,0.00716147,168
0,[],22,[],2019-03-01 14:19:18,0.0,0,0,6819576,2019-03-01 14:19:18,,1.1341504,0.0,0,,539283.174707144,0.0,0.0,169
1,[],22,[],2019-03-01 14:19:22,203600.0,0.00000002,0.0000000000007667520000000001,6819577,2019-03-01 14:19:22,BTC,13.2501524,0.0,0.00000002,BTC,144336.2939341018,0.0,0.002072,171
1,[],22,[],2019-03-01 14:19:25,1389119.0,0.00000003,0.0000000000011501280000000001,6819578,2019-03-01 14:19:25,BTC,2.1976194,0.0,0.00000003,BTC,242703.64055692567,0.00046785,0.02443679,173
1,[],5,[],2019-03-01 10:05:07,0.0,0,0,6818019,2019-03-01 10:05:07,btc,0.0,0.00019574,0,btc,0.0,0.0,0.0,175
1,[],22,[],2019-03-01 14:19:30,45904.0,0.0000003,0.000000000011501280000000001,6819579,2019-03-01 14:19:30,BTC,0.52955903,0.0,0.0000003,BTC,143368.41384013777,0.0,0.0052148,176
0,[],2,[],2019-01-20 23:28:34,0.0,0,0,6477001,2019-01-20 23:28:34,,0.0,0.0,0,,0.0,0.0,0.0,178
1,[],7,[],2019-03-01 14:19:31,0.0,0,0,6819580,2019-03-01 14:19:31,btc,410932.5273358376,0.0,0,btc,117801559.31901672,0.0,0.0,178
0,[],22,[],2019-03-01 14:19:34,0.0,0,0,6819581,2019-03-01 14:19:34,,1.00242428,0.0,0,,57512.0,0.0,0.0,178
0,[],23,[],2019-01-20 23:25:08,0.0,0,0,6476952,2019-01-20 23:25:08,,0.0,0.0,0,,0.0,0.0,0.0,179
1,[],5,[],2019-03-01 14:19:35,0.0,0,0,6819582,2019-03-01 14:19:35,btc,0.0,0.20403261,0,btc,0.0,0.0,0.0,179
1,[],22,[],2019-03-01 14:19:40,6949180.5,0.00000002,0.0000000000007667520000000001,6819583,2019-03-01 14:19:40,BTC,5.63120977,0.0,0.00000002,"BTC,LTC",17087025.423202086,0.00025007,0.37392433,179
1,[],22,[],2019-03-01 14:19:55,139605.4,0.00000055,0.000000000021085680000000002,6819584,2019-03-01 14:19:55,BTC,0.22715843,0.0,0.00000055,"BTC,LTC",76751.6274345668,0.0060925,0.00460544,180
1,[],26,[],2019-03-01 14:19:55,0.0,0.00000160,0.00000000006134016000000001,6819585,2019-03-01 14:19:55,btc,0.0,0.0,0.00000160,btc,0.0,0.0,0.0,180
1,[],17,[],2019-03-01 13:21:32,10504.725,0.0000001,0.00000000000382415,6819199,2019-03-01 13:21:32,btc,5.20106958384476,0.0,0.0000001,btc,5033.45945,0.0,0.0010504725,180
,[],7,[],2018-11-20 22:58:01,562227.975654,0.00000085,0.000000000036176765,4862015,2018-11-20 22:58:01,btc,21836.6059674,2491.87645172,,btc,749999.041456,0.00211021,0.127565380455,183
1,[],24,[],2019-03-01 14:19:56,0.0,0.000000000001,3.8337600000000005e-17,6819586,2019-03-01 14:19:56,btc,0.0,0.0,0.000000000001,btc,0.0,0.0,0.0,187
,[],5,[],2019-01-10 08:11:41,0.0,0,0,6347036,2019-01-10 08:11:41,btc,82.15055501,0.00261,,btc,1.19002445,0.0,0.0,187
,[],17,[],2018-11-16 20:58:10,4062536.27273,0.00000001,0.000000000000550501,4708775,2018-11-16 20:58:10,btc,3.36492563466,0.195460381006,,"btc,eth",110697919.549,0.0,0.0157628953496,187
0,[],22,[],2019-02-27 04:05:17,0.0,0,0,6799309,2019-02-27 04:05:17,,1.19374396,0.0,0,,16308.869534405507,0.0,0.0,191
0,[],22,[],2019-03-01 00:51:27,0.0,0,0,6814858,2019-03-01 00:51:27,,0.0,0.0,0,,0.0,0.0,0.0,197
0,[],22,[],2019-03-01 14:20:17,0.0,0,0,6819587,2019-03-01 14:20:17,,5.19477622,0.0,0,,21058553.0,0.0,0.0,199
1,[],26,[],2019-03-01 14:20:17,0.0,0.00000000,0,6819588,2019-03-01 14:20:17,btc,0.0,0.0,0.00000000,btc,0.0,0.0,0.0,199
0,[],23,[],2019-01-20 23:31:41,0.0,0,0,6477079,2019-01-20 23:31:41,,0.0,0.0,0,,0.0,0.0,0.0,199
0,[],17,[],2019-01-30 16:32:01,0.0,0,0,6540827,2019-01-30 16:32:01,btc,6.802544163788159,0.0,0,btc,105897.55575295,0.0,0.0,200
0,[],2,[],2019-01-20 23:30:49,0.0,0,0,6477059,2019-01-20 23:30:49,,0.0,0.0,0,,0.0,0.0,0.0,201
1,[],4,[],2019-01-25 15:51:35,2084389.58565343,0.00000936,0.000000000333526752,6499557,2019-01-25 15:51:35,btc,2.0092503037378524,0.0,0.00000936,btc,160195.80207885,0.19272417,1.242687955921835,211
1,[],7,[],2019-03-01 14:20:20,2441566.35401895,0.0000013200000000000000673224496983149123252587742172181606292724609375,0.000000000050605632000000006,6819589,2019-03-01 14:20:20,btc,15476837.101140382,1757371.95298,0.0000013200000000000000673224496983149123252587742172181606292724609375,btc,13669534.66990445,0.0,2.459335828186273,212
1,[],5,[],2019-03-01 14:20:22,0.0,0,0,6819590,2019-03-01 14:20:22,btc,0.0,0.20545282,0,btc,0.0,0.0,0.0,213
1,[],24,[],2019-03-01 14:20:22,0.0,0.000000110000,0.0000000000042171360000000005,6819591,2019-03-01 14:20:22,btc,0.0,0.0,0.000000110000,btc,0.0,0.0,0.0,213
1,[],26,[],2019-03-01 14:20:22,0.0,0.00000010,0.0000000000038337600000000004,6819592,2019-03-01 14:20:22,btc,0.0,0.0,0.00000010,btc,0.0,0.0,0.0,213
1,[],12,[],2019-01-25 02:44:32,207462.42853209,0.000001080000000000000035831255497387193287295303889550268650054931640625,0.000000000038610756000000006,6493050,2019-01-25 02:44:32,btc,85023.03793723314,0.0,0.000001080000000000000035831255497387193287295303889550268650054931640625,btc,43675.73520027,0.000146250909087,0.0348620860622024,213
1,[],22,[],2019-03-01 14:20:26,29544.0,0.00000002,0.0000000000007667520000000001,6819593,2019-03-01 14:20:26,BTC,2.22730776,0.0,0.00000002,BTC,474814.3963726171,0.0,0.00030003,216
1,[],27,[],2019-03-01 14:20:29,1298602.0,0.00000003,0.0000000000011501280000000001,6819594,2019-03-01 14:20:29,btc,316.25857801644,0.0,0.00000003,"btc,ltc",237692.907,0.0,0.03377204000022166,216
1,[],22,[],2019-03-01 14:20:33,218958.2070459645,0.00000212,0.00000000008127571200000001,6819595,2019-03-01 14:20:33,BTC,12673.42430665,0.0,0.00000212,BTC,379134.54731100507,0.03461609,0.29100117,217
1,[],7,[],2019-03-01 14:20:34,0.0,0,0,6819596,2019-03-01 14:20:34,btc,77969.77488735563,0.0,0,btc,137043486.5550253,0.0,0.0,219
0,[],27,[],2019-03-01 14:20:36,0.0,0,0,6819597,2019-03-01 14:20:36,,0.0740438339680921,0.0,0,btc,1536429.20709513,0.0,0.0,219
0.0000000000000052,[],28,[],2019-03-01 14:20:38,167530653.514,2.34e-18,8.9709984e-23,6819598,2019-03-01 14:20:38,doge,83967.83243907319,190001.0,0.00045000,"btc,doge",4844846.53751,0.0,9.09334222840524e-12,219
1,[],22,[],2019-03-01 14:11:40,285214.6666666667,0.00000004,0.0000000000015333920000000001,6819405,2019-03-01 14:11:40,BTC,2.94533216,0.0,0.00000004,BTC,114179.27041875875,0.00109251,0.00786614,221
1,[],24,[],2019-03-01 14:11:41,0.0,0.000000200000,0.00000000000766696,6819406,2019-03-01 14:11:41,btc,0.0,0.0,0.000000200000,btc,0.0,0.0,0.0,221
1,[],20,[],2019-03-01 14:20:40,39852858.8476,0.000000001,0.0000000000000383376,6819599,2019-03-01 14:20:40,btc,48.2375689422414,948685.387,0.000000001,btc,13447787.7605,0.0010017733509,0.0398528588476,224
0,[],22,[],2019-03-01 14:20:43,0.0,0,0,6819600,2019-03-01 14:20:43,,0.0,0.0,0,,0.0,0.0,0.0,224
1,[],26,[],2019-03-01 14:20:43,0.0,0.00000035,0.000000000013418160000000001,6819601,2019-03-01 14:20:43,btc,0.0,0.0,0.00000035,btc,0.0,0.0,0.0,231
1,[],26,[],2019-03-01 14:20:43,0.0,0.00000006,0.0000000000023002560000000003,6819602,2019-03-01 14:20:43,btc,0.0,0.0,0.00000006,btc,0.0,0.0,0.0,234
0.00000000035396919999999997,[],27,[],2019-03-01 14:20:45,2000.0,3.539692e-18,1.357032960192e-22,6819603,2019-03-01 14:20:45,eth,0.0113483662182,0.0,0.00000001,"btc,eth",11462.99618,0.0,7.0793839999999995e-15,234
1,[],4,[],2019-03-01 14:20:47,1006812.12080935,0.00000079,0.000000000030286704000000003,6819604,2019-03-01 14:20:47,btc,4.487173816410998,0.0,0.00000079,btc,1187774.86497948,0.05597588,0.3223399082791635,236
1,[],24,[],2019-03-01 14:20:47,0.0,0.000000300000,0.000000000011501280000000001,6819605,2019-03-01 14:20:47,btc,0.0,0.0,0.000000300000,btc,0.0,0.0,0.0,236
1,[],20,[],2019-03-01 14:20:49,13983762.4124,0.000000061,0.0000000000023385936,6819606,2019-03-01 14:20:49,btc,10.9606444053029,16280858.1744,0.000000061,btc,44640697.0646,1.0201752194762,0.1909132131614,237
0.0000000001231448,[],22,[],2019-03-01 14:20:52,14400.0,1.2314479999999999e-17,4.72107608448e-22,6819607,2019-03-01 14:20:52,LTC,0.0413973,0.0,0.0000001,LTC,7239.0,0.0,0.00144,237
1,[],4,[],2019-03-01 14:20:54,7809597.24347198,0.00000032,0.000000000012268032000000001,6819608,2019-03-01 14:20:54,btc,6.2970485600158455,0.0,0.00000032,btc,9758471.17815243,0.23490358,1.761158169787853,238
1,[],5,[],2019-03-01 14:20:55,0.0,0,0,6819609,2019-03-01 14:20:55,btc,0.0,0.00060975,0,btc,0.0,0.0,0.0,238
0,[],22,[],2019-03-01 14:20:58,0.0,0,0,6819610,2019-03-01 14:20:58,,0.41357518,0.0,0,,316626.5639027493,0.0,0.0,249
0.0000000001231448,[],22,[],2019-03-01 14:21:03,88489114.66666667,4.925792e-18,1.888430433792e-22,6819611,2019-03-01 14:21:03,LTC,3.57029294,0.0,0.00000004,LTC,20814101.356666666,2.5554224463624e-11,1.95444349,252
1,[],28,[],2019-03-01 14:21:05,2161768.585,0.00000027,0.000000000010351152000000001,6819612,2019-03-01 14:21:05,btc,164725.62878051272,248300.49947072,0.00000027,btc,2289653.5654,0.0,0.33313053659,256
1,[],22,[],2019-03-01 14:21:08,1053354.0,0.00000001,0.00000000000038337600000000004,6819613,2019-03-01 14:21:08,BTC,31.47160001,0.0,0.00000001,BTC,670687.0957866946,0.0002009,0.01053354,258
1,[],22,[],2019-03-01 14:12:38,48751.0,0.00000001,0.00000000000038334800000000003,6819422,2019-03-01 14:12:38,BTC,2.4175745,0.0,0.00000001,BTC,1762.0,0.0,0.00048751,259
1,[],5,[],2019-03-01 14:21:11,0.0,0,0,6819614,2019-03-01 14:21:11,btc,0.0,0.13378642,0,btc,0.0,0.0,0.0,264
1,[],20,[],2019-03-01 14:21:13,1220599.63,0.00000207,0.00000000007935883200000001,6819615,2019-03-01 14:21:13,btc,7.4626891499008,92889.6473,0.00000207,btc,106322.3341,0.3034958759628,0.025091743003,264
0,[],22,[],2019-03-01 14:21:16,0.0,0,0,6819616,2019-03-01 14:21:16,,8.33272543,0.0,0,,413548.34411321935,0.0,0.0,271
0,[],22,[],2019-03-01 14:21:19,0.0,0,0,6819617,2019-03-01 14:21:19,,271.16935057,0.0,0,,14411474420.692,0.0,0.0,272
0.0000000000000052,[],28,[],2019-03-01 14:21:21,230210309824.905,4.9400000000000004e-21,1.89387744e-25,6819618,2019-03-01 14:21:21,doge,35426256.50706706,74485342145.3199,0.00000095,doge,186906444077.4526,0.0,6.634043652350018e-10,272
1,[],22,[],2019-03-01 14:12:53,112175.74,0.00000101,0.000000000038718148,6819428,2019-03-01 14:12:53,BTC,74.31122735,0.0,0.00000101,"BTC,LTC",23304.517743939854,0.01172151,0.04073491,281
1,[],22,[],2019-03-01 14:21:26,838814.5,0.00000002,0.0000000000007667520000000001,6819619,2019-03-01 14:21:26,BTC,1.332275,0.0,0.00000002,BTC,135600.33221218394,0.0005,0.01664417,286
0,[],22,[],2019-03-01 14:21:29,0.0,0,0,6819620,2019-03-01 14:21:29,,43636.1539348,0.0,0,,398471066.0,0.0,0.0,294
