pairValue,buyBook,exchangeId,sellBook,updated,buyTotal,satoshiPrice,usdPrice,exchangeLogId,created,bestPair,sellTotalBtc,volume,pairPrice,activePairs,sellTotal,volumeBtc,buyTotalBtc,coinId
1,[],3,[],2019-06-27 11:58:50,32168.786973294966,0.00791925999999999914724657656961426255293190479278564453125,0.0000009685888520799999,7770957,2019-06-27 11:58:50,btc,12.537215684926062,44.6466336891,0.00791925999999999914724657656961426255293190479278564453125,btc,48.717927295689,0.0,0.2844930959082394,1
1,[],4,[],2019-06-27 11:58:51,208210.06181131,0.00800000,0.0000009784639999999999,7770958,2019-06-27 11:58:51,btc,9.436157988802613,0.0,0.00800000,btc,460.85736528,7.42481218,3.878163649341893,1
1,[],5,[],2019-06-27 11:58:53,0.0,0,0,7770959,2019-06-27 11:58:53,btc,0.0,0.20167648,0,btc,0.0,0.0,0.0,1
1,[],10,[],2019-06-27 11:58:56,249479.5257869,0.00244767,0.00000029936962236,7770960,2019-06-27 11:58:56,btc,6521.355116099528,1505.04091433,0.00244767,btc,1226.28701361,0.0,1.1386589055184817,1
1,[],12,[],2019-06-27 11:58:58,103.41413481000001,0.007779999999999999589495036644848369178362190723419189453125,0.0000009515562399999999,7770961,2019-06-27 11:58:58,btc,0.6938111906334,0.0,0.007779999999999999589495036644848369178362190723419189453125,btc,34.93983963,2.127990581484,0.1915947589142,1
1,[],20,[],2019-06-27 11:59:00,928.1458,0.008010097,0.000000979698943876,7770962,2019-06-27 11:59:00,btc,0.1462589152938,0.6602,0.008010097,btc,10.8755,0.006838190144,0.1256124949349,1
1,[],21,[],2019-06-27 11:59:01,2417.11396366,0.007790430000000000097803987131,0.00000095283191244,7770963,2019-06-27 11:59:01,btc,10.368056006340254,22231.74541886,0.007790430000000000097803987131328540272079408168792724609375,"btc,eth",1969.04209389,159.3466476408093,13.76742549752899,1
1,[],22,[],2019-06-27 11:59:05,0.0199,0.00110000,0.0000001345388,7770964,2019-06-27 11:59:05,BTC,0.01666796,0.0,0.00110000,BTC,0.25318100557485945,0.0,2.189e-05,1
1,[],24,[],2019-06-27 11:59:06,0.0,0.000000000000,0,7770965,2019-06-27 11:59:06,btc,0.0,0.0,0.000000000000,btc,0.0,0.0,0.0,1
0.0,[],25,[],2019-06-27 11:59:07,0.0,0,0,7770966,2019-06-27 11:59:07,btc,15.184499999494577,26812.22109196,0.0,btc,1799.0556734,218.282,0.0,1
1,[],26,[],2019-06-27 11:59:09,0.0,0,0,7770967,2019-06-27 11:59:09,,0.0,0.0,0,,0.0,0.0,0.0,1
0,[],28,[],2019-06-27 11:59:10,0.0,0,0,7770968,2019-06-27 11:59:10,,0.0,0.0,0,,0.0,0.0,0.0,1
0,[],2,[],2019-01-20 23:28:45,0.0,0,0,6477011,2019-01-20 23:28:45,,0.0,0.0,0,,0.0,0.0,0.0,1
1,[],5,[],2019-06-17 14:29:02,0.0,0,0,7740076,2019-06-17 14:29:02,btc,0.0,2.72e-05,0,btc,0.0,0.0,0.0,2
1,[],22,[],2019-06-17 14:29:06,11550.3,0.0000002,0.0000000000185828,7740077,2019-06-17 14:29:06,BTC,21.00897301,0.0,0.0000002,"BTC,XMR",20678.87287795317,1.754e-05,0.00143681,2
1,[],5,[],2019-06-03 14:48:58,0.0,0,0,7731126,2019-06-03 14:48:58,btc,0.0,0.05905545,0,btc,0.0,0.0,0.0,3
1,[],12,[],2019-06-03 14:48:59,3468623.70302,0.000000116,0.000000000009823402000000002,7731127,2019-06-03 14:48:59,btc,169531.0336573751,0.0,0.000000116,btc,2361209.62379607,0.041350953071,0.33764769154428,3
0,[],28,[],2019-06-03 14:49:00,0.0,0,0,7731128,2019-06-03 14:49:00,,0.0,0.0,0,,0.0,0.0,0.0,3
0,[],2,[],2019-01-20 23:31:32,0.0,0,0,6477077,2019-01-20 23:31:32,,0.0,0.0,0,,0.0,0.0,0.0,4
1,[],4,[],2019-05-18 21:29:50,562734.9206932,0.00000010,0.000000000007298720000000001,7650946,2019-05-18 21:29:50,btc,41.9347137769675,0.0,0.00000010,btc,1123702.32192634,0.00052462,0.029254593370966,4
0,[],12,[],2019-06-02 05:03:43,0.0,0,0,7724919,2019-06-02 05:03:43,btc,625.901992874995,0.0,0,btc,1211362.4995005,0.0,0.0,5
0,[],2,[],2019-01-20 23:31:51,0.0,0,0,6477087,2019-01-20 23:31:51,,0.0,0.0,0,,0.0,0.0,0.0,6
1,[],11,[],2019-06-27 11:59:12,6351847.276736,0.00000001,0.00000000000122308,7770969,2019-06-27 11:59:12,btc,9583.568469362632,300000.0,0.00000001,btc,76378844.64770687,0.0,0.06351847276736,6
1,[],3,[],2019-06-27 11:59:12,12591.695163725666,0.0000523099999999999989140110623342394546853029169142246246337890625,0.00000000639793148,7770970,2019-06-27 11:59:12,btc,1026.2802661866594,627.29874475,0.0000523099999999999989140110623342394546853029169142246246337890625,btc,354.599335183096,0.0,0.018254996683040866,7
1,[],4,[],2019-06-27 11:59:13,324842.67076336,0.00006453,0.00000000789253524,7770971,2019-06-27 11:59:13,btc,6.847494020148283,0.0,0.00006453,btc,53662.9490097,0.94897436,2.267663136973034,7
1,[],5,[],2019-06-27 11:59:14,0.0,0,0,7770972,2019-06-27 11:59:14,btc,0.0,0.1978494,0,btc,0.0,0.0,0.0,7
1,[],20,[],2019-04-07 22:06:50,3201475.0482,0.000000001,0.000000000000051590000000000004,7213932,2019-04-07 22:06:50,btc,30.8005781811902,0.0,0.000000001,btc,23077405.3926,0.0,0.0032014750482,8
0,[],2,[],2019-01-20 23:22:42,0.0,0,0,6476876,2019-01-20 23:22:42,,0.0,0.0,0,,0.0,0.0,0.0,9
0,[],23,[],2019-01-20 23:22:48,0.0,0,0,6476878,2019-01-20 23:22:48,,0.0,0.0,0,,0.0,0.0,0.0,9
1,[],4,[],2019-06-27 11:59:17,1793076.7655211,0.00000038,0.00000000004647704,7770973,2019-06-27 11:59:17,btc,2.925636728623777,0.0,0.00000038,btc,3127682.23682612,0.42027736,0.3027580389502733,9
0,[],28,[],2019-06-27 11:59:18,0.0,0,0,7770974,2019-06-27 11:59:18,,0.0,0.0,0,,0.0,0.0,0.0,9
1,[],1,[],2019-02-17 23:31:42,1822507.21,0.00000181000000000000003456111265232042484285557293333113193511962890625,0.000000000066086901,6701244,2019-02-17 23:31:42,btc,3.6990969245,17153386.5,0.00000181000000000000003456111265232042484285557293333113193511962890625,btc,1997391.71,31.11772986,3.2610482446,9
1,[],4,[],2019-02-17 11:22:43,4341674.27126056,0.00000002,0.0000000000007272960000000001,6696112,2019-02-17 11:22:43,btc,0.1997230937751353,0.0,0.00000002,btc,4109766.79808031,0.00215132,0.0479381022052112,10
0,[],2,[],2019-01-20 23:23:08,0.0,0,0,6476890,2019-01-20 23:23:08,,0.0,0.0,0,,0.0,0.0,0.0,12
1,[],4,[],2019-06-27 11:59:19,40280846.71287467,0.00000028,0.00000000003424624,7770975,2019-06-27 11:59:19,btc,7.325691573618221,0.0,0.00000028,btc,8945497.95930091,0.91871784,1.6015016074488555,12
1,[],5,[],2019-06-27 11:59:21,0.0,0,0,7770976,2019-06-27 11:59:21,btc,0.0,0.10228889,0,btc,0.0,0.0,0.0,12
0.0,[],25,[],2019-06-27 11:59:23,0.0,0,0,7770977,2019-06-27 11:59:23,,0.0,0.0,0.0,btc,0.0,0.0,0.0,12
1,[],4,[],2019-06-27 11:59:25,465880.07955763,0.00000256,0.00000000031310847999999997,7770978,2019-06-27 11:59:25,btc,2.00150209568349,0.0,0.00000256,btc,345473.21429549,0.26124538,0.2426692474212317,13
1,[],10,[],2019-06-27 11:59:27,625159.55813822,0.0000025,0.00000000030577,7770979,2019-06-27 11:59:27,btc,666797.6773043053,100396.590821,0.0000025,btc,882036.213014,0.0,0.2630385577255391,13
1,[],21,[],2019-06-27 11:59:29,6124018.0063772,0.000002579999999999999862074304829,0.00000000031555463999999995,7770980,2019-06-27 11:59:29,btc,3.3569248062368318,1331952.82699342,0.0000025799999999999998620743048294290389321758993901312351226806640625,btc,956610.5196437,3.53041264,3.3690220959051573,13
1,[],4,[],2019-06-27 11:59:30,992822.70352834,0.00000039,0.00000000004770012,7770981,2019-06-27 11:59:30,btc,3.7649536448010865,0.0,0.00000039,btc,1538845.35504116,0.01714069,0.0919152323160057,14
1,[],12,[],2019-06-27 11:59:31,227771.25531914,0.00000049,0.00000000005993092,7770982,2019-06-27 11:59:31,btc,193.4816277252418,0.0,0.00000049,btc,37830.58920806,2.321e-05,0.0118711099999958,14
1,[],26,[],2019-06-27 12:01:31,0.0,0.00000050,0.000000000061154,7770983,2019-06-27 12:01:31,btc,0.0,0.0,0.00000050,btc,0.0,0.0,0.0,14
0,[],17,[],2019-05-03 00:53:32,0.0,0,0,7558876,2019-05-03 00:53:32,btc,0.0,0.0,0,btc,0.0,0.0,0.0,14
0,[],4,[],2019-06-27 12:01:32,0.0,0,0,7770984,2019-06-27 12:01:32,,0.0,0.0,0,,0.0,0.0,0.0,15
,[],12,[],2018-12-01 15:15:48,204241.84496,0.00000489,0.000000000202473384,5260204,2018-12-01 15:15:48,btc,49.5475654835,0.0,,btc,35763.2193806,0.0163153972027625,0.0203389899998,15
1,[],4,[],2019-06-27 12:01:33,31493.81400164,0.00000805,0.0000000009845794,7770985,2019-06-27 12:01:33,btc,2.367200009365644,0.0,0.00000805,btc,17111.52219361,0.02471168,0.0414500351787891,18
1,[],10,[],2019-06-27 12:01:35,398743.30806058,0.00000617,0.00000000075464036,7770986,2019-06-27 12:01:35,btc,14.904525761246028,21763.155553,0.00000617,btc,12001.89959674,0.0,0.2929663925374786,18
0,[],2,[],2019-01-20 23:23:38,0.0,0,0,6476906,2019-01-20 23:23:38,,0.0,0.0,0,,0.0,0.0,0.0,18
1,[],12,[],2019-06-27 12:01:36,926.56427042,0.000008509999999999999837252580292545900420009274967014789581298828125,0.00000000104084108,7770987,2019-06-27 12:01:36,btc,0.522462938198267,0.0,0.000008509999999999999837252580292545900420009274967014789581298828125,btc,1928.78278592,1.309028e-06,0.0035091939659442,18
0,[],17,[],2019-05-03 00:53:39,0.0,0,0,7558882,2019-05-03 00:53:39,btc,0.0,0.0,0,btc,0.0,0.0,0.0,18
1,[],3,[],2019-06-27 12:03:37,151848.50322160556,0.0000064300000000000002701896865964226179812612826935946941375732421875,0.00000000078644044,7770988,2019-06-27 12:03:37,btc,193.09540890079435,16784.9873264,0.0000064300000000000002701896865964226179812612826935946941375732421875,btc,18735.406047240685,0.0,0.0481900196251433,19
1,[],4,[],2019-06-27 12:03:38,225093.74535484,0.00000700,0.0000000008561559999999999,7770989,2019-06-27 12:03:38,btc,4.309302005483167,0.0,0.00000700,btc,231750.24484323,0.44671768,0.8860457183348632,19
1,[],5,[],2019-06-27 12:03:39,0.0,0,0,7770990,2019-06-27 12:03:39,btc,0.0,0.01282699,0,btc,0.0,0.0,0.0,19
1,[],12,[],2019-06-27 12:03:40,107182.40109919,0.0000060599999999999995775427918953681682978640310466289520263671875,0.0000000007411864799999999,7770991,2019-06-27 12:03:40,btc,1.2053337045828223,0.0,0.0000060599999999999995775427918953681682978640310466289520263671875,btc,3008.56634116,3.03e-05,0.0096625499998317,19
0,[],27,[],2019-06-27 12:03:47,0.0,0,0,7770992,2019-06-27 12:03:47,,0.0,0.0,0,btc,0.0,0.0,0.0,19
0,[],2,[],2019-01-20 23:24:19,0.0,0,0,6476924,2019-01-20 23:24:19,,0.0,0.0,0,,0.0,0.0,0.0,19
1,[],4,[],2019-06-27 12:03:48,10071183.5721973,0.00000005,0.0000000000061153999999999996,7770993,2019-06-27 12:03:48,btc,5.167998863111745,0.0,0.00000005,btc,2252055.32861253,0.00297019,0.1164441385301316,20
0,[],4,[],2019-06-27 12:03:49,0.0,0,0,7770994,2019-06-27 12:03:49,,13912.033051266386,0.0,0,,81729848.85940409,0.0,0.0,21
0,[],12,[],2019-06-27 12:03:50,0.0,0,0,7770995,2019-06-27 12:03:50,btc,2602.952842246953,0.0,0,btc,8021263.49350646,0.0,0.0,21
0,[],17,[],2019-05-03 00:53:51,0.0,0,0,7558891,2019-05-03 00:53:51,btc,0.0,0.0,0,btc,0.0,0.0,0.0,21
1,[],12,[],2019-06-27 12:05:52,5888853163.277,0.0000000004,0.0000000000000489232,7770996,2019-06-27 12:05:52,btc,1426620275844.5562,0.0,0.0000000004,btc,2853913226.8206134,0.018773637705,1.4680603327108004,23
0.0000000002596535,[],27,[],2019-06-27 12:05:59,42993735.03796204,7.789605000000001e-18,9.5273100834e-22,7770997,2019-06-27 12:05:59,eth,1071.81454600082,497939.96203796,0.00000003,eth,5896298.756,3.8787559137e-12,1.906720378394143e-10,23
1,[],4,[],2019-06-22 05:45:29,6100414.07522138,0.00000017,0.00000000001823352,7751732,2019-06-22 05:45:29,btc,10.22685272773715,0.0,0.00000017,btc,1790815.48208265,0.0,0.1345450262400025,24
0,[],22,[],2019-06-22 05:45:31,0.0,0,0,7751733,2019-06-22 05:45:31,,6.22e-05,0.0,0,,517.4264705882352,0.0,0.0,24
0.0,[],25,[],2019-06-22 05:45:32,0.0,0,0,7751734,2019-06-22 05:45:32,,0.0,0.0,0.0,btc,0.0,0.0,0.0,24
1,[],4,[],2019-06-27 12:06:00,26926415.31076979,0.00000327,0.00000000039994715999999996,7770998,2019-06-27 12:06:00,btc,6.143738267519876,0.0,0.00000327,btc,200973.31968732,0.12109329,0.3472518402494964,26
1,[],10,[],2019-06-27 12:06:02,129856.87821177,0.00000403,0.0000000004929012400000001,7770999,2019-06-27 12:06:02,btc,25.362419108538813,5615.13090124,0.00000403,btc,20543.18211606,0.0,0.0477039507691793,26
0,[],2,[],2019-01-20 23:25:56,0.0,0,0,6476976,2019-01-20 23:25:56,,0.0,0.0,0,,0.0,0.0,0.0,26
1,[],5,[],2019-04-26 09:47:06,0.0,0,0,7465326,2019-04-26 09:47:06,btc,0.0,0.0,0,btc,0.0,0.0,0.0,27
1,[],3,[],2019-06-17 14:30:26,13571825.64059417,0.00000001,0.00000000000092914,7740112,2019-06-17 14:30:26,btc,3.485049956644059,4264730.43754,0.00000001,btc,23500048.28518193,0.0,0.1357182564059417,27
1,[],11,[],2019-06-17 14:30:28,2031833.58157834,0.00000001,0.00000000000092914,7740113,2019-06-17 14:30:28,btc,67502.92060589766,32677.9652116,0.00000001,btc,6487362.95640949,0.0,0.0203183358157834,27
1,[],4,[],2019-06-27 12:06:03,419836450.5408441,0.00000001,0.0000000000012230799999999999,7771000,2019-06-27 12:06:03,btc,10.236340034288402,0.0,0.00000001,"btc,ltc",579440026.4587308,1.74771268,0.15342788786214306,29
1,[],7,[],2019-06-27 12:06:04,61830321.06552244,0.00000001,0.00000000000122308,7771001,2019-06-27 12:06:04,btc,46548272.27610489,4023522.13809,0.00000001,btc,40206050.91979263,0.04024068,0.6183032106552244,29
1,[],4,[],2019-06-27 12:06:05,15576391.6711687,0.00000003,0.00000000000366924,7771002,2019-06-27 12:06:05,btc,2.571363637303714,0.0,0.00000003,btc,2216808.16605611,0.00260452,0.1649378127887236,30
0,[],17,[],2019-05-03 01:11:25,0.0,0,0,7559066,2019-05-03 01:11:25,btc,0.0,0.0,0,btc,0.0,0.0,0.0,30
1,[],4,[],2019-06-27 12:08:06,215442.77608344,0.00002702,0.0000000033047621599999998,7771003,2019-06-27 12:08:06,btc,3.4253443399569905,0.0,0.00002702,btc,56659.73481941,0.69998677,0.2310253909628446,31
1,[],21,[],2019-06-27 12:08:07,840441.31256418,0.00002850000000000000156905738402,0.000000003485778,7771004,2019-06-27 12:08:07,btc,9.452607892025686,598525.41005718,0.000028500000000000001569057384021022016895585693418979644775390625,btc,243805.80973627,17.62190578,4.585742670645972,31
0,[],2,[],2019-01-20 23:28:43,0.0,0,0,6477009,2019-01-20 23:28:43,,0.0,0.0,0,,0.0,0.0,0.0,32
0,[],4,[],2019-06-27 12:08:08,0.0,0,0,7771005,2019-06-27 12:08:08,,0.0,0.0,0,,0.0,0.0,0.0,33
1,[],12,[],2019-03-30 07:55:10,40641173.964,0.00000003,0.000000000001228359,7108785,2019-03-30 07:55:10,btc,4233210.82356125,0.0,0.00000003,btc,28378394.68333462,0.0126927883965248,0.90752895892,33
0.0000000000983043,[],4,[],2019-06-27 12:08:10,147445683.3441029,4.2270849e-17,5.1700629994919995e-21,7771006,2019-06-27 12:08:10,ltc,4.523860016595164,0.0,0.00000043,ltc,161894383.38273945,0.0,5.309244637145655e-10,34
1,[],5,[],2019-06-27 12:08:11,0.0,0,0,7771007,2019-06-27 12:08:11,btc,0.0,0.0447168,0,btc,0.0,0.0,0.0,34
0.0000000002926451,[],17,[],2019-05-02 18:17:47,200000.0,2.9264510000000002e-18,1.596703856561e-22,7556430,2019-05-02 18:17:47,eth,0.20942468735267253,0.0,0.00000001,"btc,eth",1018272.20243647,0.0,5.852902e-13,36
0.0000000001311821,[],4,[],2019-05-31 13:28:19,2417517744.0607657,1.311821e-18,1.105058333085e-22,7717483,2019-05-31 13:28:19,ltc,5.019900492391546e-08,0.0,0.00000001,ltc,7102398142.262129,0.0,3.171350544531538e-09,36
1,[],5,[],2019-05-31 13:28:21,0.0,0,0,7717484,2019-05-31 13:28:21,btc,0.0,0.0,0,btc,0.0,0.0,0.0,36
0.0000000003108179,[],27,[],2019-05-31 13:30:34,10388811.226876,6.216358000000001e-18,5.236566733830001e-22,7717485,2019-05-31 13:30:34,eth,1569.8708019850988,761866.634299,0.00000002,"ltc,eth",5084024.2511555,4.736034912207001e-12,3.3251980286483705e-11,36
1,[],4,[],2019-06-25 10:05:55,10747826.61931615,0.00000014,0.000000000015920562,7762320,2019-06-25 10:05:55,btc,19773.05513423956,0.0,0.00000014,btc,682946.14349671,0.0006293,0.1362851255028938,37
1,[],12,[],2019-06-25 10:05:57,4167862.54235103,0.00000013,0.000000000014783379,7762321,2019-06-25 10:05:57,btc,7.381091518261743,0.0,0.00000013,btc,1713444.53926904,0.016313049979,0.1478110147956336,37
1,[],27,[],2019-06-25 10:08:02,10970.0,0.00000019,0.000000000021606477,7762322,2019-06-25 10:08:02,btc,22.62970013895233,0.0,0.00000019,btc,4298.824295,0.0,0.00167419,37
1,[],17,[],2019-05-03 01:11:36,211752.74075282,0.00000025,0.000000000013700074999999998,7559074,2019-05-03 01:11:36,btc,0.055484923955058496,0.0,0.00000025,"btc,eth",1387.19918473,0.0,0.0005381851887916605,37
1,[],5,[],2019-06-27 12:08:12,0.0,0,0,7771008,2019-06-27 12:08:12,btc,0.0,0.31038805,0,btc,0.0,0.0,0.0,42
1,[],12,[],2019-06-27 12:08:13,2032458.61107337,0.000001340000000000000087593235616190145975679115508683025836944580078125,0.00000000016389272,7771009,2019-06-27 12:08:13,btc,524.5581558293926,0.0,0.000001340000000000000087593235616190145975679115508683025836944580078125,btc,135840.3677927,0.118968845335,0.069644919999914,42
1,[],27,[],2019-06-27 12:08:21,683.0,0.00000140,0.00000000017123119999999998,7771010,2019-06-27 12:08:21,btc,0.07600425,0.0,0.00000140,"btc,eth",18.0,0.0,0.0005422,42
1,[],12,[],2019-03-13 09:13:29,1112112.0,0.00000001,0.000000000000386531,6919902,2019-03-13 09:13:29,btc,29058.00478931866,0.0,0.00000001,btc,5967681.93306694,9.99000999e-07,0.01112112,43
1,[],5,[],2019-04-26 22:38:52,0.0,0,0,7474154,2019-04-26 22:38:52,btc,0.0,0.02638891,0,btc,0.0,0.0,0.0,43
0,[],17,[],2019-04-26 22:38:53,0.0,0,0,7474155,2019-04-26 22:38:53,btc,0.0,0.0,0,btc,0.0,0.0,0.0,43
1,[],12,[],2019-03-05 01:54:08,639326.02,0.00000004,0.000000000001486676,6845775,2019-03-05 01:54:08,btc,11116042.728239931,0.0,0.00000004,btc,1103841.4595604,0.0003330765234764,0.014975410599999999,44
0.0000000000983043,[],4,[],2019-06-27 12:08:23,108351376.9511354,4.1287806e-17,5.0498289762479996e-21,7771011,2019-06-27 12:08:23,ltc,2762.2092376318433,0.0,0.00000042,ltc,26152413.39496898,0.0,4.632706151804619e-10,49
0.0000000000983043,[],4,[],2019-06-27 12:08:23,316747691.38699335,1.8677817e-17,2.284446441636e-21,7771012,2019-06-27 12:08:23,ltc,28231.036048276546,0.0,0.00000019,ltc,196156205.66015875,0.0,1.7935046719556698e-09,52
0,[],22,[],2019-06-27 12:08:26,0.0,0,0,7771013,2019-06-27 12:08:26,,10289.80784133,0.0,0,,287058287.4566013,0.0,0.0,57
0,[],27,[],2019-06-27 12:08:35,0.0,0,0,7771014,2019-06-27 12:08:35,,0.0,0.0,0,"btc,eth",0.0,0.0,0.0,57
0,[],4,[],2019-06-27 12:08:35,0.0,0,0,7771015,2019-06-27 12:08:35,,19.719361374408155,0.0,0,,6040957733.402391,0.0,0.0,58
0,[],12,[],2019-06-27 12:08:37,0.0,0,0,7771016,2019-06-27 12:08:37,btc,53905794.44915762,0.0,0,btc,3403614109.882075,0.040049170125,0.0,58
0.0000000000779397,[],22,[],2019-06-27 12:10:39,126877.0,7.79397e-19,9.532648827599999e-23,7771017,2019-06-27 12:10:39,XMR,68.17454206,0.0,0.00000001,XMR,9626402.6,0.0,0.00126877,58
1,[],17,[],2019-05-03 01:12:09,1200000.0,0.0000000001,0.00000000000000548003,7559085,2019-05-03 01:12:09,btc,1e+24,0.0,0.0000000001,"btc,eth",39516342.31952568,0.0,0.00010000000058666061,58
1,[],5,[],2019-06-17 14:31:27,0.0,0,0,7740135,2019-06-17 14:31:27,btc,0.0,0.00079154,0,btc,0.0,0.0,0.0,61
1,[],22,[],2019-06-17 14:31:30,13612.833333333334,0.00000012,0.00000000001114968,7740136,2019-06-17 14:31:30,BTC,1002.29123003,0.0,0.00000012,BTC,15014.200177125656,0.0,0.00153257,61
1,[],26,[],2019-06-17 14:31:30,0.0,0.00000050,0.000000000046457,7740137,2019-06-17 14:31:30,btc,0.0,0.0,0.00000050,btc,0.0,0.0,0.0,61
1,[],27,[],2019-06-17 14:31:36,8400.0,0.00000018,0.00000000001672452,7740138,2019-06-17 14:31:36,btc,1.9742539297246655,0.0,0.00000018,"btc,eth",10953.51663696,0.0,0.001512,61
0,[],28,[],2019-06-17 14:31:38,0.0,0,0,7740139,2019-06-17 14:31:38,,0.0,0.0,0,,0.0,0.0,0.0,61
1,[],4,[],2019-06-27 12:10:40,332736.67913926,0.00000066,0.00000000008072328,7771018,2019-06-27 12:10:40,btc,3.4725882012292457,0.0,0.00000066,btc,1303681.9603723,0.05860853,0.161363423509013,67
0.0,[],25,[],2019-06-27 12:10:42,0.0,0,0,7771019,2019-06-27 12:10:42,,0.0,0.0,0.0,btc,0.0,0.0,0.0,67
1,[],12,[],2019-06-02 06:23:14,910048.355,0.00000006,0.000000000005154929999999999,7725270,2019-06-02 06:23:14,btc,5.167005424215783,0.0,0.00000006,btc,738530.60239759,0.003159757462,0.0187188113,71
,[],5,[],2018-11-20 23:02:39,1.5e-07,0.00000005,0.000000000002128045,4862160,2018-11-20 23:02:39,btc,2.84511358,0.0,,btc,0.00036572,0.0,0.07381892,74
1,[],5,[],2019-06-27 12:10:44,0.0,0,0,7771020,2019-06-27 12:10:44,btc,0.0,0.01056104,0,btc,0.0,0.0,0.0,75
1,[],4,[],2019-06-04 03:25:15,715281.46076168,0.00000001,0.000000000000803619,7734085,2019-06-04 03:25:15,btc,581089.6218469425,0.0,0.00000001,btc,37692563.61091116,0.0,0.0071528146076168,81
0,[],20,[],2019-01-25 09:30:31,0.0,0,0,6495923,2019-01-25 09:30:31,btc,0.0,0.0,0,btc,0.0,0.0,0.0,81
1,[],4,[],2019-06-27 12:10:44,353128.25247365,0.00007199,0.00000000880495292,7771021,2019-06-27 12:10:44,btc,58.588646098925395,0.0,0.00007199,btc,120340.73018343,0.24673878,0.2087831612780836,82
1,[],21,[],2019-06-27 12:10:45,297586.04701542,0.00007595000000000000296880575679,0.0000000092892926,7771022,2019-06-27 12:10:45,btc,4.704853440950266,56672.56802882,0.00007595000000000000296880575678670766137656755745410919189453125,btc,46697.71092554,4.32073883,2.3543865079433406,82
0,[],17,[],2019-03-25 22:42:34,0.0,0,0,7038780,2019-03-25 22:42:34,btc,0.0445064681804024,0.0,0,btc,995513.18476001,0.0,0.0,84
0.0000000001161485,[],4,[],2019-05-20 13:09:39,216715621.0206096,1.161485e-18,9.0533806701e-23,7657228,2019-05-20 13:09:39,ltc,1.6511566870244727,0.0,0.00000001,ltc,471032407.9048656,0.0,2.5171194308112273e-10,85
,[],22,[],2018-11-20 23:09:34,3408.1,0.0000001,0.0000000000041895,4862324,2018-11-20 23:09:34,BTC,0.04624735,0.0,,BTC,4990.0,0.0,0.00033081,86
1,[],22,[],2019-06-26 09:07:19,62694.0,0.00000005,0.0000000000063518149999999994,7766682,2019-06-26 09:07:19,BTC,1.85249053,0.0,0.00000005,BTC,287024.94736842107,0.0003,0.00062846,87
1,[],27,[],2019-06-26 09:07:25,361781.0,0.0000002,0.000000000025407259999999998,7766683,2019-06-26 09:07:25,btc,19.86923154858,99950.0,0.0000002,btc,548343.482,0.01999,0.01237888,87
,[],2,[],2018-11-20 23:10:47,0.0,0,0,4862359,2018-11-20 23:10:47,,0.0,0.0,,,0.0,0.0,0.0,88
1,[],11,[],2019-06-17 14:31:59,193715.3529613,0.000073310000000000001140094962881477158589405007660388946533203125,0.00000000681152534,7740147,2019-06-17 14:31:59,btc,168.35454702024953,5791.70569014,0.000073310000000000001140094962881477158589405007660388946533203125,btc,196971.41170107,0.0,1.1996165759440112,89
0,[],2,[],2019-01-20 23:31:45,0.0,0,0,6477083,2019-01-20 23:31:45,,0.0,0.0,0,,0.0,0.0,0.0,91
1,[],12,[],2019-06-18 02:35:48,427715.74,0.00000015,0.000000000013911045000000001,7746087,2019-06-18 02:35:48,btc,116.61022144471085,0.0,0.00000015,btc,193315.55943968,0.000180759303,0.0129558314,91
1,[],22,[],2019-06-20 20:27:07,75910.0,0.00000002,0.000000000001914908,7746207,2019-06-20 20:27:07,BTC,0.49565371,0.0,0.00000002,"BTC,LTC",6.384990670617935,0.0,0.0016592,91
0,[],17,[],2019-05-03 01:12:26,0.0,0,0,7559096,2019-05-03 01:12:26,btc,0.0,0.0,0,btc,0.0,0.0,0.0,91
1,[],22,[],2019-06-27 12:10:49,105655.66666666667,0.00000003,0.00000000000366924,7771023,2019-06-27 12:10:49,BTC,11.44466416,0.0,0.00000003,"BTC,LTC",318772.4683191416,0.0,0.06677967,95
0.0000000000983043,[],4,[],2019-06-27 12:10:50,538753402.0583435,3.2440419e-17,3.9677227670519995e-21,7771024,2019-06-27 12:10:50,ltc,10.925358709196942,0.0,0.00000033,ltc,154156371.5071718,0.0,6.792527949906039e-10,96
0,[],12,[],2019-06-27 12:10:51,0.0,0,0,7771025,2019-06-27 12:10:51,btc,36.38288093448551,0.0,0,btc,9955245.448551439,7.5644356e-05,0.0,96
0,[],17,[],2019-05-03 01:12:32,0.0,0,0,7559100,2019-05-03 01:12:32,btc,0.0,0.0,0,btc,0.0,0.0,0.0,96
1,[],4,[],2019-04-14 03:32:46,1039404.33283278,0.00000038,0.000000000019245518,7293458,2019-04-14 03:32:46,btc,4.170086055365747,0.0,0.00000038,btc,3097704.34561074,0.06260606,0.1859928211030784,99
0,[],2,[],2019-01-20 23:23:55,0.0,0,0,6476914,2019-01-20 23:23:55,,0.0,0.0,0,,0.0,0.0,0.0,100
1,[],4,[],2019-06-27 12:12:52,174028.13242495,0.00001103,0.00000000134905724,7771026,2019-06-27 12:12:52,btc,7.841725412781111,0.0,0.00001103,btc,170188.1571377,0.36536264,0.2206548319008641,100
1,[],22,[],2019-06-05 06:30:35,150000.0,0.00000002,0.000000000001558192,7740007,2019-06-05 06:30:35,BTC,28.56386409,0.0,0.00000002,BTC,12787.719,0.0,0.0017,101
1,[],4,[],2019-06-27 12:12:53,434752.5592616,0.00000149,0.00000000018223892,7771027,2019-06-27 12:12:53,btc,882.8575410248365,0.0,0.00000149,btc,748732.54418644,0.02421308,0.0738479565756681,103
1,[],12,[],2019-06-17 14:32:14,179201505.10870332,0.000000005,0.00000000000046457,7740154,2019-06-17 14:32:14,btc,113577.79366343976,0.0,0.000000005,btc,79148141.67831126,0.019059029059,0.27280986350611003,105
1,[],27,[],2019-06-17 14:32:19,18306828.03496503,0.00000002,0.00000000000185828,7740155,2019-06-17 14:32:19,btc,180.7198218385489,1083.96503497,0.00000002,btc,276513.60142659,7.588e-05,0.3661365606993006,105
1,[],22,[],2019-04-21 00:17:26,21333.0,0.00000001,0.000000000000532493,7385819,2019-04-21 00:17:26,BTC,51.38182867,0.0,0.00000001,BTC,470435.0,0.0,0.00021333,107
1,[],26,[],2019-04-21 00:17:26,0.0,0.00000000,0,7385820,2019-04-21 00:17:26,btc,0.0,0.0,0.00000000,btc,0.0,0.0,0.0,107
1,[],5,[],2019-06-27 12:12:55,0.0,0,0,7771028,2019-06-27 12:12:55,btc,0.0,0.0,0,btc,0.0,0.0,0.0,112
0,[],22,[],2019-06-27 12:12:58,0.0,0,0,7771029,2019-06-27 12:12:58,,6.79500102,0.0,0,,3375892.0833333335,0.0,0.0,112
1,[],27,[],2019-06-27 12:13:06,1.0,0.00000001,0.0000000000012230799999999999,7771030,2019-06-27 12:13:06,btc,0.0,0.0,0.00000001,"btc,eth",0.0,0.0,1e-08,112
1,[],4,[],2019-06-27 12:13:07,939961.44693304,0.00000049,0.00000000005993092,7771031,2019-06-27 12:13:07,btc,6.5925943168946874,0.0,0.00000049,btc,1007433.22866106,0.03864645,0.106126071646298,113
1,[],5,[],2019-06-27 12:13:08,0.0,0,0,7771032,2019-06-27 12:13:08,btc,0.0,0.0,0,btc,0.0,0.0,0.0,113
1,[],17,[],2019-04-26 02:17:47,162738.278,0.00000004,0.0000000000021069000000000002,7461287,2019-04-26 02:17:47,btc,1.3331140273775473,0.0,0.00000004,btc,51796.221,0.0,0.00230953112,116
1,[],27,[],2019-05-22 05:13:01,210000.0,0.00000001,0.00000000000079145,7666372,2019-05-22 05:13:01,btc,3919.0005001478,0.0,0.00000001,btc,128660.871,0.0,0.0021,116
1,[],4,[],2019-05-21 22:31:11,138169.03963019,0.00000701,0.000000000558364025,7664793,2019-05-21 22:31:11,btc,150.95388250938234,0.0,0.00000701,btc,344631.17141974,0.07552974,0.4288357684941946,120
1,[],7,[],2019-05-21 22:31:12,3901.07750076,0.000010679999999999999389654892212320191902108490467071533203125,0.0000000008506887,7664794,2019-05-21 22:31:12,btc,231188.94669936574,0.0,0.000010679999999999999389654892212320191902108490467071533203125,btc,4133.83151364,0.0,0.0113888422364489,120
1,[],20,[],2019-04-07 18:42:29,1914137.0852,0.000000035,0.0000000000017871910000000002,7211992,2019-04-07 18:42:29,btc,32.2497668025648,25528.85,0.000000035,btc,1001975.4986,0.00089350975,0.0152723574729,125
1,[],22,[],2019-06-17 14:32:38,10000.0,0.00000001,0.00000000000092914,7740161,2019-06-17 14:32:38,BTC,0.032061,0.0,0.00000001,BTC,299316.7611111111,0.0,0.0001,126
1,[],4,[],2019-06-27 12:13:09,1179170.33594197,0.00000282,0.00000000034490856,7771033,2019-06-27 12:13:09,btc,2.3993834587809384,0.0,0.00000282,btc,174792.13306765,0.05891874,0.6324603163420174,131
0,[],2,[],2019-01-20 23:25:46,0.0,0,0,6476969,2019-01-20 23:25:46,,0.0,0.0,0,,0.0,0.0,0.0,131
1,[],17,[],2019-05-03 01:13:10,10000.0,0.00000001,0.000000000000548003,7559115,2019-05-03 01:13:10,btc,0.0953976503951408,0.0,0.00000001,btc,5037.62507334,0.0,0.0001,131
1,[],4,[],2019-06-17 14:32:42,4848.49465417,0.00007919,0.00000000735785966,7740163,2019-06-17 14:32:42,btc,0.9905723729472744,0.0,0.00007919,btc,202.13055914,0.0,0.0061509344290166,135
1,[],3,[],2019-06-05 06:33:11,40600.27748212,0.00000001,0.000000000000779096,7740019,2019-06-05 06:33:11,btc,0.2308097808993716,2146378.52189,0.00000001,btc,2477992.76904676,0.0,0.0004060027748212,136
1,[],4,[],2019-06-27 12:15:10,814985.03404364,0.00000136,0.00000000016633888,7771034,2019-06-27 12:15:10,btc,112.01402171173287,0.0,0.00000136,btc,494985.34102962,0.0819303,0.3045878924176445,137
1,[],12,[],2019-06-27 12:15:11,63320.19134268,0.00000154999999999999998279913253351747215447176131419837474822998046875,0.00000000018957739999999998,7771035,2019-06-27 12:15:11,btc,80.24144458416114,0.0,0.00000154999999999999998279913253351747215447176131419837474822998046875,btc,83091.92097078,0.0001316,0.009855089999967,137
1,[],4,[],2019-06-27 12:15:12,401904.96257052,0.00001036,0.00000000126711088,7771036,2019-06-27 12:15:12,btc,5.983652148693198,0.0,0.00001036,btc,168398.82755299,0.37462188,0.1757251764401431,142
1,[],5,[],2019-06-27 12:15:14,0.0,0,0,7771037,2019-06-27 12:15:14,btc,0.0,0.05645462,0,btc,0.0,0.0,0.0,142
1,[],20,[],2019-06-27 12:17:16,270228.9377,0.000010133,0.000000001239346964,7771038,2019-06-27 12:17:16,btc,1.6105816331167,71.3191,0.000010133,btc,10022.5864,0.0007465826375,0.0065822773449,142
1,[],22,[],2019-06-27 12:17:19,10820.0,0.00000600,0.000000000733848,7771039,2019-06-27 12:17:19,BTC,2.99759384,0.0,0.00000600,BTC,835.7198755539798,0.0,0.0053672,142
0.0,[],25,[],2019-06-27 12:17:20,0.0,0,0,7771040,2019-06-27 12:17:20,,0.0,0.0,0.0,btc,0.0,0.0,0.0,142
0,[],28,[],2019-06-27 12:17:23,0.0,0,0,7771041,2019-06-27 12:17:23,,0.0,0.0,0,,0.0,0.0,0.0,142
1,[],17,[],2019-05-03 01:13:16,32967.38636364,0.00000088,0.000000000048224264,7559122,2019-05-03 01:13:16,btc,20.06976206696776,0.0,0.00000088,btc,2746.079105,0.0,0.0105613000000032,142
0,[],22,[],2019-06-27 12:17:27,0.0,0,0,7771042,2019-06-27 12:17:27,,1635.98618676,0.0,0,,788450755.3,0.0,0.0,143
0,[],22,[],2019-02-25 15:42:22,0.0,0,0,6783783,2019-02-25 15:42:22,,4.2131946,0.0,0,,2322156.0,0.0,0.0,146
,[],22,[],2018-11-20 23:01:11,0.0,0,0,4862114,2018-11-20 23:01:11,,2.56807021,0.0,,,61828.4988236,0.0,0.0,147
1,[],12,[],2019-04-21 06:38:04,193091.5971266,0.00000071,0.000000000037635183,7388679,2019-04-21 06:38:04,btc,2.301232411611175,0.0,0.00000071,btc,9957.48302385,0.00023528,0.0313308199999888,148
1,[],4,[],2019-03-19 21:31:25,255810.0415942,0.00000029,0.000000000011615747,6982695,2019-03-19 21:31:25,btc,218.94922712414143,0.0,0.00000029,btc,793529.37642722,0.00117,0.0608347789473395,152
0,[],22,[],2019-03-19 21:31:27,0.0,0,0,6982696,2019-03-19 21:31:27,,0.0,0.0,0,,0.0,0.0,0.0,152
1,[],5,[],2019-04-26 09:36:59,0.0,0,0,7465040,2019-04-26 09:36:59,btc,0.0,0.0,0,btc,0.0,0.0,0.0,153
,[],16,[],2019-01-11 15:38:59,0.0,0,0,6366141,2019-01-11 15:38:59,btc,0.0,0.0,,btc,0.0,0.0,0.0,155
0,[],23,[],2019-01-20 23:24:29,0.0,0,0,6476932,2019-01-20 23:24:29,,0.0,0.0,0,,0.0,0.0,0.0,156
0,[],22,[],2019-06-04 06:02:09,0.0,0,0,7734688,2019-06-04 06:02:09,,7.43375324,0.0,0,,5955762.942592593,0.0,0.0,156
1,[],22,[],2019-06-27 12:17:32,6996.0,0.00000001,0.0000000000012230799999999999,7771043,2019-06-27 12:17:32,BTC,1.7543039,0.0,0.00000001,BTC,57.0,0.0,6.996e-05,157
0,[],22,[],2019-05-21 23:40:32,0.0,0,0,7665049,2019-05-21 23:40:32,,50234.60468402,0.0,0,,54786159.03179465,0.0,0.0,158
,[],17,[],2018-11-20 22:56:10,0.0,0,0,4861976,2018-11-20 22:56:10,btc,1.1265625,0.0,,btc,1000.0,0.0,0.0,159
,[],20,[],2018-11-20 22:56:12,0.0,0,0,4861977,2018-11-20 22:56:12,btc,11912.7940471,0.0,,btc,34413894.3617,0.0,0.0,159
1,[],12,[],2019-05-24 02:51:20,9178.522006449999,0.00000191999999999999982841307998027158276954651228152215480804443359375,0.000000000151222656,7676256,2019-05-24 02:51:20,btc,149.80414728631675,0.0,0.00000191999999999999982841307998027158276954651228152215480804443359375,btc,1115.7451448499999,0.01783167678326,0.0120075778999181,168
1,[],17,[],2019-05-03 01:13:36,42852.0,0.00000002,0.000000000001096006,7559132,2019-05-03 01:13:36,btc,0.04279856251542,0.0,0.00000002,btc,274.46171372,0.0,0.00052852,168
1,[],22,[],2019-05-17 03:01:52,10.0,0.00000001,0.000000000000778341,7642059,2019-05-17 03:01:52,BTC,41.95893009,0.0,0.00000001,BTC,1753972.7737547632,0.0,1e-07,169
1,[],22,[],2019-05-30 08:38:18,202834.0,0.00000002,0.0000000000017416160000000001,7711049,2019-05-30 08:38:18,BTC,27.87002826,0.0,0.00000002,BTC,462189.5410507793,0.0,0.00211768,171
1,[],22,[],2019-05-29 08:05:18,349870.0,0.00000002,0.000000000001705894,7705265,2019-05-29 08:05:18,BTC,24.05907723,0.0,0.00000002,"BTC,LTC",1224285.4355616204,0.0,0.0039847,173
1,[],5,[],2019-06-27 12:17:33,0.0,0,0,7771044,2019-06-27 12:17:33,btc,0.0,0.00179691,0,btc,0.0,0.0,0.0,175
1,[],22,[],2019-06-17 14:33:12,90671.0,0.00000001,0.00000000000092914,7740175,2019-06-17 14:33:12,BTC,394.35459412,0.0,0.00000001,BTC,136275.61833431243,0.0,0.00090671,176
1,[],7,[],2019-06-27 12:17:34,0.0,0,0,7771045,2019-06-27 12:17:34,btc,521516.243407432,0.0,0,btc,27713522.85351229,0.0,0.0,178
0,[],22,[],2019-06-27 12:17:37,0.0,0,0,7771046,2019-06-27 12:17:37,,1.00242428,0.0,0,,57512.0,0.0,0.0,178
0,[],2,[],2019-01-20 23:28:34,0.0,0,0,6477001,2019-01-20 23:28:34,,0.0,0.0,0,,0.0,0.0,0.0,178
0,[],23,[],2019-01-20 23:25:08,0.0,0,0,6476952,2019-01-20 23:25:08,,0.0,0.0,0,,0.0,0.0,0.0,179
1,[],5,[],2019-06-27 12:17:38,0.0,0,0,7771047,2019-06-27 12:17:38,btc,0.0,0.00073997,0,btc,0.0,0.0,0.0,179
0,[],22,[],2019-06-27 12:17:41,0.0,0,0,7771048,2019-06-27 12:17:41,,9.34623917,0.0,0,,14491075.311946675,0.0,0.0,179
1,[],22,[],2019-06-27 12:19:44,698560.7113636363,0.0000004,0.000000000048923199999999997,7771049,2019-06-27 12:19:44,BTC,40.60591226,0.0,0.0000004,"BTC,LTC",160525.44444646587,0.00197505,0.56242776,180
1,[],26,[],2019-06-27 12:19:44,0.0,0.00000010,0.000000000012230799999999999,7771050,2019-06-27 12:19:44,btc,0.0,0.0,0.00000010,btc,0.0,0.0,0.0,180
1,[],17,[],2019-05-03 01:13:56,20504.725000000002,0.0000001,0.00000000000548003,7559141,2019-05-03 01:13:56,btc,5.2010695838400265,0.0,0.0000001,btc,5033.45945,0.0,0.0011504725,180
,[],7,[],2018-11-20 22:58:01,562227.975654,0.00000085,0.000000000036176765,4862015,2018-11-20 22:58:01,btc,21836.6059674,2491.87645172,,btc,749999.041456,0.00211021,0.127565380455,183
,[],5,[],2019-01-10 08:11:41,0.0,0,0,6347036,2019-01-10 08:11:41,btc,82.15055501,0.00261,,btc,1.19002445,0.0,0.0,187
,[],17,[],2018-11-16 20:58:10,4062536.27273,0.00000001,0.000000000000550501,4708775,2018-11-16 20:58:10,btc,3.36492563466,0.195460381006,,"btc,eth",110697919.549,0.0,0.0157628953496,187
1,[],24,[],2019-05-22 21:04:52,0.0,0.000000000014,0.0000000000000010960978,7670219,2019-05-22 21:04:52,btc,0.0,0.0,0.000000000014,btc,0.0,0.0,0.0,187
0,[],22,[],2019-04-25 02:54:07,0.0,0,0,7447896,2019-04-25 02:54:07,,7.54794454,0.0,0,,76361.7243344055,0.0,0.0,191
0,[],22,[],2019-06-17 14:33:34,0.0,0,0,7740182,2019-06-17 14:33:34,,0.0,0.0,0,,0.0,0.0,0.0,197
0,[],23,[],2019-01-20 23:31:41,0.0,0,0,6477079,2019-01-20 23:31:41,,0.0,0.0,0,,0.0,0.0,0.0,199
0,[],22,[],2019-06-27 12:19:47,0.0,0,0,7771051,2019-06-27 12:19:47,,10.58263174,0.0,0,,84280969.0,0.0,0.0,199
1,[],26,[],2019-06-27 12:19:47,0.0,0.00000000,0,7771052,2019-06-27 12:19:47,btc,0.0,0.0,0.00000000,btc,0.0,0.0,0.0,199
0,[],2,[],2019-01-20 23:30:49,0.0,0,0,6477059,2019-01-20 23:30:49,,0.0,0.0,0,,0.0,0.0,0.0,201
1,[],4,[],2019-01-25 15:51:35,2084389.58565343,0.00000936,0.000000000333526752,6499557,2019-01-25 15:51:35,btc,2.0092503037378524,0.0,0.00000936,btc,160195.80207885,0.19272417,1.242687955921835,211
1,[],7,[],2019-06-27 12:19:50,1170054124.6898527,0.00000018,0.00000000002201544,7771053,2019-06-27 12:19:50,btc,1346838.6258339162,0.0,0.00000018,btc,5739479.26464841,0.0,11.954344045954047,212
1,[],12,[],2019-01-25 02:44:32,207462.42853209,0.000001080000000000000035831255497387193287295303889550268650054931640625,0.000000000038610756000000006,6493050,2019-01-25 02:44:32,btc,85023.03793723314,0.0,0.000001080000000000000035831255497387193287295303889550268650054931640625,btc,43675.73520027,0.000146250909087,0.0348620860622024,213
1,[],5,[],2019-05-30 00:07:46,0.0,0,0,7709357,2019-05-30 00:07:46,btc,0.0,0.06425239,0,btc,0.0,0.0,0.0,213
1,[],24,[],2019-05-30 00:07:46,0.0,0.000000399202,0.0000000000344859829346,7709358,2019-05-30 00:07:46,btc,0.0,0.0,0.000000399202,btc,0.0,0.0,0.0,213
1,[],26,[],2019-05-30 00:07:47,0.0,0.00000040,0.000000000034554919999999996,7709359,2019-05-30 00:07:47,btc,0.0,0.0,0.00000040,btc,0.0,0.0,0.0,213
0,[],22,[],2019-06-27 12:19:52,0.0,0,0,7771054,2019-06-27 12:19:52,,9.56923849,0.0,0,,3661587.2040649247,0.0,0.0,216
0,[],27,[],2019-06-27 12:20:00,0.0,0,0,7771055,2019-06-27 12:20:00,,1949.4037973191976,915.0,0,"btc,ltc",445700.29534794,9.15e-06,0.0,216
1,[],22,[],2019-06-27 12:20:07,909099.3666666667,0.00000024,0.00000000002935392,7771056,2019-06-27 12:20:07,BTC,12055.85531167,0.0,0.00000024,BTC,535228.7178421671,0.00506761,0.02917742,217
1,[],7,[],2019-06-27 12:20:08,0.0,0,0,7771057,2019-06-27 12:20:08,btc,2123800.2774640615,0.0,0,btc,82333746.4752352,0.0,0.0,219
0,[],27,[],2019-06-27 12:20:14,0.0,0,0,7771058,2019-06-27 12:20:14,,250.21442758069674,0.0,0,btc,146772.535837,0.0,0.0,219
0,[],28,[],2019-06-27 12:20:15,0.0,0,0,7771059,2019-06-27 12:20:15,,0.0,0.0,0,,0.0,0.0,0.0,219
0,[],22,[],2019-06-26 23:36:41,0.0,0,0,7769178,2019-06-26 23:36:41,,56.75439223,0.0,0,,184664.6482738741,0.0,0.0,221
1,[],24,[],2019-06-26 23:36:41,0.0,0.000000030000,0.000000000003835668,7769179,2019-06-26 23:36:41,btc,0.0,0.0,0.000000030000,btc,0.0,0.0,0.0,221
1,[],20,[],2019-06-17 14:34:11,26882155.8301,0.000000003,0.000000000000278742,7740192,2019-06-17 14:34:11,btc,100050.81956632523,233521.3529,0.000000003,btc,38769742.8604,0.0007925640587,0.0306863532672,224
0,[],22,[],2019-06-17 14:34:13,0.0,0,0,7740193,2019-06-17 14:34:13,,0.0,0.0,0,,0.0,0.0,0.0,224
1,[],26,[],2019-06-27 12:20:15,0.0,0.00000022,0.00000000002690776,7771060,2019-06-27 12:20:15,btc,0.0,0.0,0.00000022,btc,0.0,0.0,0.0,231
1,[],26,[],2019-06-27 12:20:16,0.0,0.00000005,0.0000000000061153999999999996,7771061,2019-06-27 12:20:16,btc,0.0,0.0,0.00000005,btc,0.0,0.0,0.0,234
0.0000000002596535,[],27,[],2019-06-27 12:20:23,100.0,2.5965350000000003e-18,3.1757700278e-22,7771062,2019-06-27 12:20:23,eth,0.0,0.0,0.00000001,"btc,eth",0.0,0.0,2.596535e-16,234
1,[],4,[],2019-05-22 17:06:12,91780.56053785,0.00000078,0.000000000061977552,7669277,2019-05-22 17:06:12,btc,5.573372450018177,0.0,0.00000078,btc,729173.93529783,0.0,0.0307060663355679,236
1,[],24,[],2019-05-22 17:06:12,0.0,0.000000010000,0.000000000000794584,7669278,2019-05-22 17:06:12,btc,0.0,0.0,0.000000010000,btc,0.0,0.0,0.0,236
1,[],5,[],2019-06-27 12:20:24,0.0,0,0,7771063,2019-06-27 12:20:24,btc,0.0,1.6276401,0,btc,0.0,0.0,0.0,237
1,[],20,[],2019-06-27 12:20:26,123993026.935,0.000000062,0.000000000007583096,7771064,2019-06-27 12:20:26,btc,8172548.822406936,19215187.7624,0.000000062,btc,45784065.2476,1.2746633257753,0.6383555676603,237
1,[],22,[],2019-06-27 12:20:30,2084614.0,0.00000004,0.0000000000048923199999999995,7771065,2019-06-27 12:20:30,BTC,1.20112188,0.0,0.00000004,"BTC,LTC",14507.148717948718,0.0,0.02587451,237
1,[],4,[],2019-06-27 12:20:30,31790036.60000155,0.00000005,0.0000000000061153999999999996,7771066,2019-06-27 12:20:30,btc,2.3804875127513436,0.0,0.00000005,btc,11354667.81830419,0.10435279,0.5527299725334099,238
1,[],5,[],2019-06-27 12:20:31,0.0,0,0,7771067,2019-06-27 12:20:31,btc,0.0,0.03724777,0,btc,0.0,0.0,0.0,238
0,[],22,[],2019-03-12 16:49:32,0.0,0,0,6914458,2019-03-12 16:49:32,,0.40415746,0.0,0,,526736.5639027493,0.0,0.0,249
0,[],22,[],2019-05-28 23:53:45,0.0,0,0,7703643,2019-05-28 23:53:45,,13.44714864,0.0,0,,43777534.3426455,0.0,0.0,252
0,[],28,[],2019-06-27 12:20:33,0.0,0,0,7771068,2019-06-27 12:20:33,,0.0,0.0,0,,0.0,0.0,0.0,256
1,[],22,[],2019-06-27 12:20:36,526932.0,0.00000001,0.0000000000012230799999999999,7771069,2019-06-27 12:20:36,BTC,31464.57209997,0.0,0.00000001,BTC,1031955.2230878276,0.00012462,0.00526932,258
1,[],22,[],2019-05-19 18:12:02,400.0,0.00000001,0.0000000000007957800000000001,7653905,2019-05-19 18:12:02,BTC,2.415167,0.0,0.00000001,BTC,157.0,0.0,4e-06,259
1,[],5,[],2019-06-27 12:20:37,0.0,0,0,7771070,2019-06-27 12:20:37,btc,0.0,0.00063372,0,btc,0.0,0.0,0.0,264
1,[],20,[],2019-06-27 12:20:39,933268.8293,0.000000175,0.000000000021403899999999998,7771071,2019-06-27 12:20:39,btc,1.0498039366657,444.8728,0.000000175,btc,33665.6188,7.785274e-05,0.0055170800021,264
0,[],22,[],2019-04-12 17:57:27,0.0,0,0,7278186,2019-04-12 17:57:27,,66.37522201,0.0,0,,677842.4169881374,0.0,0.0,271
0,[],22,[],2019-06-27 12:20:42,0.0,0,0,7771072,2019-06-27 12:20:42,,33050469.74148113,0.0,0,,14261527780.7,0.0,0.0,272
0,[],28,[],2019-06-27 12:20:43,0.0,0,0,7771073,2019-06-27 12:20:43,,0.0,0.0,0,,0.0,0.0,0.0,272
1,[],22,[],2019-05-23 07:12:29,219930.0,0.00000004,0.000000000003048688,7671985,2019-05-23 07:12:29,BTC,426.77835217,0.0,0.00000004,BTC,248664.3325962929,0.0,0.00739728,281
0.0000000000983043,[],22,[],2019-06-27 12:20:46,4541.1,9.830429999999999e-17,1.20234023244e-20,7771074,2019-06-27 12:20:46,LTC,4.68193225,0.0,0.00000100,LTC,1106430.9657646376,0.0,0.0045411,286
0,[],22,[],2019-06-17 14:34:53,0.0,0,0,7740207,2019-06-17 14:34:53,,7337915.80475575,0.0,0,,2078527309.6797826,0.0,0.0,294
