pairValue,buyBook,exchangeId,sellBook,updated,buyTotal,satoshiPrice,usdPrice,exchangeLogId,created,bestPair,sellTotalBtc,volume,pairPrice,activePairs,sellTotal,volumeBtc,buyTotalBtc,coinId
1,[],3,[],2019-05-31 16:00:41,69.400395039323,0.01109451000000000013556711309092861483804881572723388671875,0.000000928627128765,7718178,2019-05-31 16:00:41,btc,1.7716202498603808,42.4468595883,0.01109451000000000013556711309092861483804881572723388671875,btc,21.700066978386,0.0,0.23873573755369001,1
1,[],4,[],2019-05-31 16:00:41,207693.60124702,0.01093630,0.00000091538471445,7718179,2019-05-31 16:00:41,btc,7.635904563903397,0.0,0.01093630,btc,301.0997062,1.18021786,0.6529923357655234,1
1,[],5,[],2019-05-31 16:00:43,0.0,0,0,7718180,2019-05-31 16:00:43,btc,0.0,0.00771269,0,btc,0.0,0.0,0.0,1
1,[],10,[],2019-05-31 16:00:45,312384.4325008,0.00691147,0.000000578500406205,7718181,2019-05-31 16:00:45,btc,6520.212643429698,1646.51728337,0.00691147,btc,1216.62901336,0.0,2.336367548252897,1
1,[],12,[],2019-05-31 16:00:48,72.31284731,0.0108900000000000003741451592986777541227638721466064453125,0.0000009115093350000001,7718182,2019-05-31 16:00:48,btc,0.1770107887515,0.0,0.0108900000000000003741451592986777541227638721466064453125,btc,15.2888138,0.040727007741,0.2585483022579,1
1,[],20,[],2019-05-31 16:00:50,934.3553,0.00920886,0.00000077079539529,7718183,2019-05-31 16:00:50,btc,0.2238080820174,0.5116,0.00920886,btc,17.3543,0.0054077113918,0.1015779369544,1
1,[],21,[],2019-05-31 16:00:52,2245.98167345,0.01093300999999999995049293489,0.000000915109336515,7718184,2019-05-31 16:00:52,btc,11.846245760015329,7243.53508957,0.010933009999999999950492934885915019549429416656494140625,"btc,eth",1460.81156797,70.41729606454469,20.42087428069976,1
1,[],22,[],2019-05-31 16:00:56,0.0025666666666666667,0.00900000,0.0000007533135,7718185,2019-05-31 16:00:56,BTC,0.31629903,0.0,0.00900000,BTC,0.2505752479991019,0.0,2.31e-05,1
1,[],24,[],2019-05-31 16:00:57,0.0,0.000000000000,0,7718186,2019-05-31 16:00:57,btc,0.0,0.0,0.000000000000,btc,0.0,0.0,0.0,1
0.0,[],25,[],2019-05-31 16:00:58,0.0,0,0,7718187,2019-05-31 16:00:58,btc,41.89999999841631,2928.31501718,0.0,btc,3693.93094586,32.268,0.0,1
1,[],26,[],2019-05-31 16:00:59,0.0,0,0,7718188,2019-05-31 16:00:59,,0.0,0.0,0,,0.0,0.0,0.0,1
0,[],28,[],2019-05-31 16:01:02,0.0,0,0,7718189,2019-05-31 16:01:02,,0.0,323575.45,0,,0.0,0.0,0.0,1
0,[],2,[],2019-01-20 23:28:45,0.0,0,0,6477011,2019-01-20 23:28:45,,0.0,0.0,0,,0.0,0.0,0.0,1
1,[],5,[],2019-05-31 16:01:04,0.0,0,0,7718190,2019-05-31 16:01:04,btc,0.0,0.00791759,0,btc,0.0,0.0,0.0,2
0,[],22,[],2019-05-31 16:01:06,0.0,0,0,7718191,2019-05-31 16:01:06,,0.0,0.0,0,,0.0,0.0,0.0,2
1,[],5,[],2019-05-31 16:01:07,0.0,0,0,7718192,2019-05-31 16:01:07,btc,0.0,1.21170237,0,btc,0.0,0.0,0.0,3
1,[],12,[],2019-05-31 16:01:09,1619018.8711,0.00000012,0.00000000001004418,7718193,2019-05-31 16:01:09,btc,169517.38777237345,0.0,0.00000012,btc,2836082.96735512,0.211621226232,0.137028078821,3
0,[],28,[],2019-05-31 16:01:11,0.0,0,0,7718194,2019-05-31 16:01:11,,0.0,0.0,0,,0.0,0.0,0.0,3
0,[],2,[],2019-01-20 23:31:32,0.0,0,0,6477077,2019-01-20 23:31:32,,0.0,0.0,0,,0.0,0.0,0.0,4
1,[],4,[],2019-05-18 21:29:50,562734.9206932,0.00000010,0.000000000007298720000000001,7650946,2019-05-18 21:29:50,btc,41.9347137769675,0.0,0.00000010,btc,1123702.32192634,0.00052462,0.029254593370966,4
0,[],12,[],2019-05-31 15:28:58,0.0,0,0,7718044,2019-05-31 15:28:58,btc,625.898585084995,0.0,0,btc,1199611.4995005,0.0,0.0,5
0,[],2,[],2019-01-20 23:31:51,0.0,0,0,6477087,2019-01-20 23:31:51,,0.0,0.0,0,,0.0,0.0,0.0,6
1,[],11,[],2019-05-31 16:01:13,9060347.776736,0.00000002,0.00000000000167403,7718195,2019-05-31 16:01:13,btc,9582.874824042945,15000.0,0.00000002,btc,67315346.46260394,0.0,0.13675210276736,6
1,[],3,[],2019-05-31 16:01:13,13096.47302659846,0.000088889999999999997661037642870951458462513983249664306640625,0.0000000074402263349999996,7718196,2019-05-31 16:01:13,btc,0.049081258458206094,176.533509258,0.000088889999999999997661037642870951458462513983249664306640625,btc,173.200158434518,0.0,0.023162960143371013,7
1,[],4,[],2019-05-31 16:01:14,321518.12597582,0.00009700,0.0000000081190455,7718197,2019-05-31 16:01:14,btc,9.599062090222807,0.0,0.00009700,btc,55561.61335494,4.02216716,2.0075802330865122,7
1,[],5,[],2019-05-31 16:01:16,0.0,0,0,7718198,2019-05-31 16:01:16,btc,0.0,0.53874817,0,btc,0.0,0.0,0.0,7
1,[],20,[],2019-04-07 22:06:50,3201475.0482,0.000000001,0.000000000000051590000000000004,7213932,2019-04-07 22:06:50,btc,30.8005781811902,0.0,0.000000001,btc,23077405.3926,0.0,0.0032014750482,8
1,[],4,[],2019-05-31 16:01:18,21976507.87575417,0.00000048,0.00000000004017672,7718199,2019-05-31 16:01:18,btc,3.9203271502601287,0.0,0.00000048,btc,3566233.77371264,0.29785367,0.4564478410622171,9
0,[],28,[],2019-05-31 16:01:20,0.0,0,0,7718200,2019-05-31 16:01:20,,0.0,3635823.0,0,,0.0,0.0,0.0,9
0,[],2,[],2019-01-20 23:22:42,0.0,0,0,6476876,2019-01-20 23:22:42,,0.0,0.0,0,,0.0,0.0,0.0,9
0,[],23,[],2019-01-20 23:22:48,0.0,0,0,6476878,2019-01-20 23:22:48,,0.0,0.0,0,,0.0,0.0,0.0,9
1,[],1,[],2019-02-17 23:31:42,1822507.21,0.00000181000000000000003456111265232042484285557293333113193511962890625,0.000000000066086901,6701244,2019-02-17 23:31:42,btc,3.6990969245,17153386.5,0.00000181000000000000003456111265232042484285557293333113193511962890625,btc,1997391.71,31.11772986,3.2610482446,9
1,[],4,[],2019-02-17 11:22:43,4341674.27126056,0.00000002,0.0000000000007272960000000001,6696112,2019-02-17 11:22:43,btc,0.1997230937751353,0.0,0.00000002,btc,4109766.79808031,0.00215132,0.0479381022052112,10
1,[],4,[],2019-05-31 16:01:21,7359398.62826203,0.00000048,0.00000000004017672,7718201,2019-05-31 16:01:21,btc,4.7736417162859945,0.0,0.00000048,btc,4782915.25913296,0.89983309,1.281393169959839,12
1,[],5,[],2019-05-31 16:01:22,0.0,0,0,7718202,2019-05-31 16:01:22,btc,0.0,0.13878958,0,btc,0.0,0.0,0.0,12
0.0,[],25,[],2019-05-31 16:01:24,0.0,0,0,7718203,2019-05-31 16:01:24,,0.0,0.0,0.0,btc,0.0,0.0,0.0,12
0,[],2,[],2019-01-20 23:23:08,0.0,0,0,6476890,2019-01-20 23:23:08,,0.0,0.0,0,,0.0,0.0,0.0,12
1,[],10,[],2019-05-31 15:00:14,650611.48648774,0.00000548,0.000000000462570636,7717903,2019-05-31 15:00:14,btc,666803.2895905453,18733.2713404,0.00000548,btc,870956.64926202,0.0,0.2359835198545058,13
1,[],4,[],2019-05-31 16:01:24,330021.98338051,0.00000557,0.000000000466217355,7718204,2019-05-31 16:01:24,btc,1.7113544033824424,0.0,0.00000557,btc,219369.84238102,0.47120986,0.4486756334200228,13
1,[],21,[],2019-05-31 16:01:27,1918243.44396763,0.000005620000000000000402134922584,0.00000000047040243,7718205,2019-05-31 16:01:27,btc,2.5769620973108176,782393.8693854,0.00000562000000000000040213492258356353659110027365386486053466796875,btc,403653.22730451997,4.32244008,7.795414591177017,13
1,[],4,[],2019-05-31 16:01:28,874952.28311804,0.00000077,0.000000000064450155,7718206,2019-05-31 16:01:28,btc,5.806904134760745,0.0,0.00000077,btc,808367.25495537,0.0340244,0.0570507499965568,14
1,[],12,[],2019-05-31 16:01:29,134999.83353273,0.00000073,0.000000000061102095,7718207,2019-05-31 16:01:29,btc,14.134152356273267,0.0,0.00000073,btc,21650.79261605,0.0,0.0151533299999709,14
1,[],26,[],2019-05-31 16:03:30,0.0,0.00000050,0.000000000041850749999999996,7718208,2019-05-31 16:03:30,btc,0.0,0.0,0.00000050,btc,0.0,0.0,0.0,14
0,[],17,[],2019-05-03 00:53:32,0.0,0,0,7558876,2019-05-03 00:53:32,btc,0.0,0.0,0,btc,0.0,0.0,0.0,14
0,[],4,[],2019-05-31 16:03:31,0.0,0,0,7718209,2019-05-31 16:03:31,,0.0,0.0,0,,0.0,0.0,0.0,15
,[],12,[],2018-12-01 15:15:48,204241.84496,0.00000489,0.000000000202473384,5260204,2018-12-01 15:15:48,btc,49.5475654835,0.0,,btc,35763.2193806,0.0163153972027625,0.0203389899998,15
1,[],4,[],2019-05-31 16:03:32,34609.32950062,0.00001170,0.00000000097930755,7718210,2019-05-31 16:03:32,btc,0.9789949897686321,0.0,0.00001170,btc,11600.62921452,0.03874455,0.0842385717012265,18
1,[],10,[],2019-05-31 16:03:34,498047.84032129,0.00001236,0.00000000103455054,7718211,2019-05-31 16:03:34,btc,15.338692121334068,2134.74837682,0.00001236,btc,13130.48058352,0.0,0.1521764990721132,18
1,[],12,[],2019-05-31 16:03:35,3309.6362739,0.000012330000000000000532599138403089256144085084088146686553955078125,0.000000001032039495,7718212,2019-05-31 16:03:35,btc,0.4007704994554847,0.0,0.000012330000000000000532599138403089256144085084088146686553955078125,btc,1455.9362923,0.0002750471,0.0136070253120205,18
0,[],2,[],2019-01-20 23:23:38,0.0,0,0,6476906,2019-01-20 23:23:38,,0.0,0.0,0,,0.0,0.0,0.0,18
0,[],17,[],2019-05-03 00:53:39,0.0,0,0,7558882,2019-05-03 00:53:39,btc,0.0,0.0,0,btc,0.0,0.0,0.0,18
1,[],3,[],2019-05-31 16:05:37,150029.6455659635,0.00000456000000000000038657445300405157695422531105577945709228515625,0.00000000038167884,7718213,2019-05-31 16:05:37,btc,0.15687373382686684,3787.61204435,0.00000456000000000000038657445300405157695422531105577945709228515625,btc,4308.510073322293,0.0,0.0535141980938771,19
1,[],4,[],2019-05-31 16:05:38,526714.27548411,0.00000807,0.000000000675471105,7718214,2019-05-31 16:05:38,btc,3.9187629030392888,0.0,0.00000807,btc,177508.05722679,0.0762392,0.4917939911424091,19
1,[],5,[],2019-05-31 16:05:39,0.0,0,0,7718215,2019-05-31 16:05:39,btc,0.0,1.2e-06,0,btc,0.0,0.0,0.0,19
1,[],12,[],2019-05-31 16:05:41,15044.68134872,0.000007109999999999999688846986922730053493069135583937168121337890625,0.0000000005951176649999999,7718216,2019-05-31 16:05:41,btc,0.0591311186170278,0.0,0.000007109999999999999688846986922730053493069135583937168121337890625,btc,1949.55052991,0.0,0.0267746999996599,19
0,[],27,[],2019-05-31 16:05:47,0.0,0,0,7718217,2019-05-31 16:05:47,,0.0,0.0,0,btc,0.0,0.0,0.0,19
0,[],2,[],2019-01-20 23:24:19,0.0,0,0,6476924,2019-01-20 23:24:19,,0.0,0.0,0,,0.0,0.0,0.0,19
1,[],4,[],2019-05-31 16:05:48,10062076.88478525,0.00000007,0.000000000005859105,7718218,2019-05-31 16:05:48,btc,6.411239436602338,0.0,0.00000007,btc,2322306.93095912,0.0,0.1174938176872809,20
1,[],4,[],2019-05-31 16:05:49,11986098.464,0.00000001,0.0000000000008370149999999999,7718219,2019-05-31 16:05:49,btc,1736.548875811071,0.0,0.00000001,btc,67583669.92851575,0.11687462,0.11986098464,21
1,[],12,[],2019-05-31 16:05:51,2225192.0,0.00000001,0.000000000000837015,7718220,2019-05-31 16:05:51,btc,2566.5965223853545,0.0,0.00000001,btc,4924392.76723275,0.012624147481,0.02225192,21
0,[],17,[],2019-05-03 00:53:51,0.0,0,0,7558891,2019-05-03 00:53:51,btc,0.0,0.0,0,btc,0.0,0.0,0.0,21
1,[],12,[],2019-05-31 16:07:51,5204277534.485008,0.0000000004,0.0000000000000334806,7718221,2019-05-31 16:07:51,btc,709128491.6351725,0.0,0.0000000004,btc,3099502860.839204,0.255340663769,1.1926209798940033,23
0.0000000003081141,[],27,[],2019-05-31 16:07:55,77075773.5039447,9.243423e-18,7.736883702345e-22,7718222,2019-05-31 16:07:55,eth,105173.3952410628,92996335.51253632,0.00000003,eth,21652540.028,8.596044680169871e-10,4.864673224891727e-10,23
1,[],4,[],2019-05-31 16:07:57,1899291.75070278,0.00000027,0.000000000022599405,7718223,2019-05-31 16:07:57,btc,10.644994652496042,0.0,0.00000027,btc,1711110.42538978,0.04933706,0.0756482684797105,24
1,[],22,[],2019-05-31 16:08:00,21.76,0.00000100,0.00000000008370149999999999,7718224,2019-05-31 16:08:00,BTC,7.415e-05,0.0,0.00000100,BTC,23.919354838709676,0.0,1.186e-05,24
0.0,[],25,[],2019-05-31 16:08:01,0.0,0,0,7718225,2019-05-31 16:08:01,,0.0,0.0,0.0,btc,0.0,0.0,0.0,24
1,[],4,[],2019-05-31 16:08:02,26944983.60287348,0.00000482,0.00000000040344123,7718226,2019-05-31 16:08:02,btc,13.583932946751327,0.0,0.00000482,btc,245970.79785207,0.08665941,0.4844866661281932,26
1,[],10,[],2019-05-31 16:08:04,149936.41903745,0.00000434,0.00000000036326451,7718227,2019-05-31 16:08:04,btc,25.58341271298048,5822.19217542,0.00000434,btc,22930.31317281,0.0,0.0364889589419442,26
0,[],2,[],2019-01-20 23:25:56,0.0,0,0,6476976,2019-01-20 23:25:56,,0.0,0.0,0,,0.0,0.0,0.0,26
1,[],3,[],2019-05-31 16:08:05,21958066.185043,0.00000001,0.000000000000837015,7718228,2019-05-31 16:08:05,btc,3.767003512255212,10179733.6857,0.00000001,btc,26161410.227760952,0.0,0.21958066185043001,27
1,[],11,[],2019-05-31 16:08:07,2110243.08157834,0.00000002,0.00000000000167403,7718229,2019-05-31 16:08:07,btc,67503.04527066177,19676.5543251,0.00000002,btc,6588861.32608848,0.0,0.0211134458157834,27
1,[],5,[],2019-04-26 09:47:06,0.0,0,0,7465326,2019-04-26 09:47:06,btc,0.0,0.0,0,btc,0.0,0.0,0.0,27
1,[],4,[],2019-05-31 16:08:08,1086010244.2889812,0.00000001,0.0000000000008370149999999999,7718230,2019-05-31 16:08:08,btc,4.8169176762128325,0.0,0.00000001,"btc,ltc",293010140.81314,0.01745184,7.483850850268257,29
1,[],7,[],2019-05-31 16:08:10,85451021.33155985,0.00000001,0.000000000000837015,7718231,2019-05-31 16:08:10,btc,46548272.130093,95984.0758483,0.00000001,btc,35155017.51653564,0.00095984,0.8545102133155985,29
1,[],4,[],2019-05-31 16:08:11,15257775.65063452,0.00000007,0.000000000005859105,7718232,2019-05-31 16:08:11,btc,2.598792341939883,0.0,0.00000007,btc,2103132.23973194,0.0,0.1695992914765782,30
0,[],17,[],2019-05-03 01:11:25,0.0,0,0,7559066,2019-05-03 01:11:25,btc,0.0,0.0,0,btc,0.0,0.0,0.0,30
1,[],4,[],2019-05-31 16:10:12,105962.7520111,0.00004345,0.0000000036368301749999998,7718233,2019-05-31 16:10:12,btc,3.3881454697154614,0.0,0.00004345,btc,45689.15683633,1.11304977,0.510182896475942,31
1,[],21,[],2019-05-31 16:10:13,156444.30980617,0.00004291000000000000082168646887,0.000000003591631365,7718234,2019-05-31 16:10:13,btc,8.031411232209312,177895.21504392,0.0000429100000000000008216864688659342164100962691009044647216796875,btc,161682.79909934002,7.61800706,5.617717718223869,31
0,[],2,[],2019-01-20 23:28:43,0.0,0,0,6477009,2019-01-20 23:28:43,,0.0,0.0,0,,0.0,0.0,0.0,32
0,[],4,[],2019-05-31 16:10:14,0.0,0,0,7718235,2019-05-31 16:10:14,,0.0,0.0,0,,0.0,0.0,0.0,33
1,[],12,[],2019-03-30 07:55:10,40641173.964,0.00000003,0.000000000001228359,7108785,2019-03-30 07:55:10,btc,4233210.82356125,0.0,0.00000003,btc,28378394.68333462,0.0126927883965248,0.90752895892,33
0.00000000013035329999999999,[],4,[],2019-05-31 16:10:15,510798643.5800827,3.1284792e-17,2.618584017588e-21,7718236,2019-05-31 16:10:15,ltc,3.6968801880996716,0.0,0.00000024,ltc,155057674.62738115,0.00124777,2.029272597368543e-09,34
1,[],5,[],2019-05-31 16:10:16,0.0,0,0,7718237,2019-05-31 16:10:16,btc,0.0,2e-05,0,btc,0.0,0.0,0.0,34
0.0000000002926451,[],17,[],2019-05-02 18:17:47,200000.0,2.9264510000000002e-18,1.596703856561e-22,7556430,2019-05-02 18:17:47,eth,0.20942468735267253,0.0,0.00000001,"btc,eth",1018272.20243647,0.0,5.852902e-13,36
0.0000000001311821,[],4,[],2019-05-31 13:28:19,2417517744.0607657,1.311821e-18,1.105058333085e-22,7717483,2019-05-31 13:28:19,ltc,5.019900492391546e-08,0.0,0.00000001,ltc,7102398142.262129,0.0,3.171350544531538e-09,36
1,[],5,[],2019-05-31 13:28:21,0.0,0,0,7717484,2019-05-31 13:28:21,btc,0.0,0.0,0,btc,0.0,0.0,0.0,36
0.0000000003108179,[],27,[],2019-05-31 13:30:34,10388811.226876,6.216358000000001e-18,5.236566733830001e-22,7717485,2019-05-31 13:30:34,eth,1569.8708019850988,761866.634299,0.00000002,"ltc,eth",5084024.2511555,4.736034912207001e-12,3.3251980286483705e-11,36
1,[],4,[],2019-05-31 16:10:17,9863238.37880113,0.00000015,0.000000000012555225,7718238,2019-05-31 16:10:17,btc,19772.520846569696,0.0,0.00000015,btc,730574.57933135,0.00704121,0.1196433714913695,37
1,[],12,[],2019-05-31 16:10:18,3602740.36528572,0.00000019,0.000000000015903285,7718239,2019-05-31 16:10:18,btc,9.366641891216801,0.0,0.00000019,btc,1014252.12768069,0.017148705804,0.1628837261442866,37
1,[],27,[],2019-05-31 16:12:26,6137.0,0.00000016,0.000000000013392239999999999,7718240,2019-05-31 16:12:26,btc,24.12337022903233,50.0,0.00000016,btc,5792.49438508,8e-06,0.00075592,37
1,[],17,[],2019-05-03 01:11:36,211752.74075282,0.00000025,0.000000000013700074999999998,7559074,2019-05-03 01:11:36,btc,0.055484923955058496,0.0,0.00000025,"btc,eth",1387.19918473,0.0,0.0005381851887916605,37
1,[],5,[],2019-05-31 16:12:28,0.0,0,0,7718241,2019-05-31 16:12:28,btc,0.0,0.00146313,0,btc,0.0,0.0,0.0,42
1,[],12,[],2019-05-31 16:12:31,141844.26718333,0.0000009,0.00000000007533134999999999,7718242,2019-05-31 16:12:31,btc,24.79053094503619,0.0,0.0000009,btc,72320.87987589,0.005556733546,0.0547674099999629,42
1,[],27,[],2019-05-31 16:12:38,506.0,0.00000002,0.0000000000016740299999999999,7718243,2019-05-31 16:12:38,btc,0.07600425,0.0,0.00000002,"btc,eth",18.0,0.0,6.0000003237046735e-06,42
1,[],12,[],2019-03-13 09:13:29,1112112.0,0.00000001,0.000000000000386531,6919902,2019-03-13 09:13:29,btc,29058.00478931866,0.0,0.00000001,btc,5967681.93306694,9.99000999e-07,0.01112112,43
1,[],5,[],2019-04-26 22:38:52,0.0,0,0,7474154,2019-04-26 22:38:52,btc,0.0,0.02638891,0,btc,0.0,0.0,0.0,43
0,[],17,[],2019-04-26 22:38:53,0.0,0,0,7474155,2019-04-26 22:38:53,btc,0.0,0.0,0,btc,0.0,0.0,0.0,43
1,[],12,[],2019-03-05 01:54:08,639326.02,0.00000004,0.000000000001486676,6845775,2019-03-05 01:54:08,btc,11116042.728239931,0.0,0.00000004,btc,1103841.4595604,0.0003330765234764,0.014975410599999999,44
1,[],4,[],2019-05-31 16:12:39,111868186.1988353,0.00000001,0.0000000000008370149999999999,7718244,2019-05-31 16:12:39,btc,303169.60581358493,0.0,0.00000001,"btc,ltc",28272947.90928054,0.00619838,0.04076648719015604,49
0.00000000013035329999999999,[],4,[],2019-05-31 16:12:41,130883851.61713742,3.5195390999999997e-17,2.9459070197864997e-21,7718245,2019-05-31 16:12:41,ltc,22049.959233015943,0.0,0.00000027,ltc,159591977.60134837,0.0,1.2823229090291376e-09,52
0,[],22,[],2019-05-31 16:12:43,0.0,0,0,7718246,2019-05-31 16:12:43,,10289.55991011,0.0,0,,308568058.4566013,0.0,0.0,57
1,[],27,[],2019-05-31 16:12:50,2297.0,0.0000003,0.00000000002511045,7718247,2019-05-31 16:12:50,btc,0.0,0.0,0.0000003,"btc,eth",0.0,0.0,0.0003891,57
0.00000000013035329999999999,[],4,[],2019-05-31 16:12:51,3424648555.1191416,1.303533e-18,1.091076673995e-22,7718248,2019-05-31 16:12:51,ltc,19.34101325268969,0.0,0.00000001,ltc,5787888096.321104,0.0,4.46414240500012e-09,58
1,[],12,[],2019-05-31 16:12:53,656730356.0,0.0000000001,0.00000000000000837015,7718249,2019-05-31 16:12:53,btc,2203411.2500170567,0.0,0.0000000001,btc,3338607311.332624,0.069449138042,0.0656730356,58
0.00000000011030790000000001,[],22,[],2019-05-31 16:14:57,126877.0,1.103079e-18,9.23293669185e-23,7718250,2019-05-31 16:14:57,XMR,68.17454206,0.0,0.00000001,XMR,9626402.6,0.0,0.00126877,58
1,[],17,[],2019-05-03 01:12:09,1200000.0,0.0000000001,0.00000000000000548003,7559085,2019-05-03 01:12:09,btc,1e+24,0.0,0.0000000001,"btc,eth",39516342.31952568,0.0,0.00010000000058666061,58
1,[],5,[],2019-05-31 16:14:59,0.0,0,0,7718251,2019-05-31 16:14:59,btc,0.0,0.00193113,0,btc,0.0,0.0,0.0,61
1,[],22,[],2019-05-31 16:15:04,13613.833333333334,0.00000012,0.00000000001004418,7718252,2019-05-31 16:15:04,BTC,1002.29123003,0.0,0.00000012,BTC,15014.200177125656,0.0,0.00153269,61
1,[],26,[],2019-05-31 16:15:04,0.0,0.00000050,0.000000000041850749999999996,7718253,2019-05-31 16:15:04,btc,0.0,0.0,0.00000050,btc,0.0,0.0,0.0,61
1,[],27,[],2019-05-31 16:15:17,8450.0,0.0000002,0.0000000000167403,7718254,2019-05-31 16:15:17,btc,1.9582485601246655,0.0,0.0000002,"btc,eth",11379.41563696,0.0,0.001522,61
0,[],28,[],2019-05-31 16:15:19,0.0,0,0,7718255,2019-05-31 16:15:19,,0.0,715.0,0,,0.0,0.0,0.0,61
1,[],4,[],2019-05-31 16:15:19,803377.45352194,0.00000075,0.000000000062776125,7718256,2019-05-31 16:15:19,btc,2.913537170226507,0.0,0.00000075,btc,894585.32502552,0.09026273,0.4008325667088772,67
0.0,[],25,[],2019-05-31 16:15:21,0.0,0,0,7718257,2019-05-31 16:15:21,,0.0,0.0,0.0,btc,0.0,0.0,0.0,67
1,[],12,[],2019-05-31 16:15:22,813747.0,0.00000005,0.000000000004185075,7718258,2019-05-31 16:15:22,btc,5.170167911648351,0.0,0.00000005,btc,776728.28171827,1.0739511e-05,0.01771851,71
,[],5,[],2018-11-20 23:02:39,1.5e-07,0.00000005,0.000000000002128045,4862160,2018-11-20 23:02:39,btc,2.84511358,0.0,,btc,0.00036572,0.0,0.07381892,74
1,[],5,[],2019-05-31 16:15:24,0.0,0,0,7718259,2019-05-31 16:15:24,btc,0.0,0.07260686,0,btc,0.0,0.0,0.0,75
0,[],4,[],2019-05-25 21:33:44,0.0,0,0,7686249,2019-05-25 21:33:44,,133656.37989170782,0.0,0,,33439209.5909442,0.0,0.0,81
0,[],20,[],2019-01-25 09:30:31,0.0,0,0,6495923,2019-01-25 09:30:31,btc,0.0,0.0,0,btc,0.0,0.0,0.0,81
1,[],4,[],2019-05-31 16:15:25,36156.83065124,0.00010905,0.000000009127648574999999,7718260,2019-05-31 16:15:25,btc,64.92763074056082,0.0,0.00010905,btc,120413.61832571,0.47575814,0.7299635812101802,82
1,[],21,[],2019-05-31 16:15:26,64190.28694072,0.0001224300000000000051853660255,0.000000010247574645,7718261,2019-05-31 16:15:26,btc,20.518416223099027,83752.96916983,0.00012243000000000000518536602545083269433234818279743194580078125,btc,116595.39015336,8.97228435,5.164756057110338,82
0,[],17,[],2019-03-25 22:42:34,0.0,0,0,7038780,2019-03-25 22:42:34,btc,0.0445064681804024,0.0,0,btc,995513.18476001,0.0,0.0,84
0.0000000001161485,[],4,[],2019-05-20 13:09:39,216715621.0206096,1.161485e-18,9.0533806701e-23,7657228,2019-05-20 13:09:39,ltc,1.6511566870244727,0.0,0.00000001,ltc,471032407.9048656,0.0,2.5171194308112273e-10,85
,[],22,[],2018-11-20 23:09:34,3408.1,0.0000001,0.0000000000041895,4862324,2018-11-20 23:09:34,BTC,0.04624735,0.0,,BTC,4990.0,0.0,0.00033081,86
1,[],22,[],2019-05-31 16:15:29,62656.0,0.00000001,0.0000000000008370149999999999,7718262,2019-05-31 16:15:29,BTC,1.45391412,0.0,0.00000001,BTC,375863.04736842104,0.0,0.00062656,87
1,[],27,[],2019-05-31 16:15:35,97382.0,0.00000007,0.000000000005859105,7718263,2019-05-31 16:15:35,btc,5.050665018036,396050.0,0.00000007,btc,44777.67341,0.5901145,0.00122414,87
,[],2,[],2018-11-20 23:10:47,0.0,0,0,4862359,2018-11-20 23:10:47,,0.0,0.0,,,0.0,0.0,0.0,88
1,[],11,[],2019-05-31 16:15:38,126304.03615384,0.0000800999999999999954224116915924014392658136785030364990234375,0.000000006704490149999999,7718264,2019-05-31 16:15:38,btc,167.35051638891778,398.88495228,0.0000800999999999999954224116915924014392658136785030364990234375,btc,200695.56421810001,0.0,2.1021023823813665,89
0,[],2,[],2019-01-20 23:31:45,0.0,0,0,6477083,2019-01-20 23:31:45,,0.0,0.0,0,,0.0,0.0,0.0,91
1,[],12,[],2019-05-31 16:15:39,265693.17250514,0.00000031,0.000000000025947465,7718265,2019-05-31 16:15:39,btc,87.69236395853991,0.0,0.00000031,btc,146795.03496614,0.000150847552,0.0121895183999912,91
0,[],17,[],2019-05-03 01:12:26,0.0,0,0,7559096,2019-05-03 01:12:26,btc,0.0,0.0,0,btc,0.0,0.0,0.0,91
1,[],22,[],2019-05-31 15:47:22,75910.55,0.0000002,0.000000000016859700000000002,7718116,2019-05-31 15:47:22,BTC,0.495,0.0,0.0000002,"BTC,LTC",4.95,0.0,0.00165931,91
1,[],22,[],2019-04-09 20:17:52,374949.73333333334,0.00000015,0.000000000007771935,7235704,2019-04-09 20:17:52,BTC,6.87372503,0.0,0.00000015,"BTC,LTC",159980.01196797504,1.1e-05,0.80510266,95
0,[],17,[],2019-05-03 01:12:32,0.0,0,0,7559100,2019-05-03 01:12:32,btc,0.0,0.0,0,btc,0.0,0.0,0.0,96
0.0000000001311538,[],4,[],2019-05-31 15:47:23,543290765.8351129,2.7542298e-17,2.321774407953e-21,7718117,2019-05-31 15:47:23,ltc,11.298921556793267,0.0,0.00000021,ltc,153573817.8970942,0.00247066,8.725809473105577e-10,96
0,[],12,[],2019-05-31 15:47:24,0.0,0,0,7718118,2019-05-31 15:47:24,btc,17.17647093048951,0.0,0,btc,9673374.04895105,0.0,0.0,96
1,[],4,[],2019-04-14 03:32:46,1039404.33283278,0.00000038,0.000000000019245518,7293458,2019-04-14 03:32:46,btc,4.170086055365747,0.0,0.00000038,btc,3097704.34561074,0.06260606,0.1859928211030784,99
0,[],2,[],2019-01-20 23:23:55,0.0,0,0,6476914,2019-01-20 23:23:55,,0.0,0.0,0,,0.0,0.0,0.0,100
1,[],4,[],2019-05-31 15:49:25,242565.22498312,0.00001691,0.0000000014254876350000001,7718119,2019-05-31 15:49:25,btc,7.430011376998865,0.0,0.00001691,btc,154646.25315832,0.20739396,0.343763422407116,100
1,[],22,[],2019-05-31 15:49:28,150000.0,0.00000002,0.0000000000016859700000000001,7718120,2019-05-31 15:49:28,BTC,24.83526409,0.0,0.00000002,BTC,11187.719,0.0,0.0017,101
1,[],4,[],2019-05-31 15:49:29,552674.76263554,0.00000167,0.00000000014077849500000002,7718121,2019-05-31 15:49:29,btc,364.10782097043983,0.0,0.00000167,btc,615337.67624275,0.10187415,0.2012361340903402,103
1,[],12,[],2019-05-31 15:49:31,170336333.0,0.000000004,0.00000000000033719400000000004,7718122,2019-05-31 15:49:31,btc,2404.2908253279265,0.0,0.000000004,btc,68753456.77921364,0.066634381647,0.21815715000000002,105
1,[],27,[],2019-05-31 15:49:36,231577.0,0.00000001,0.0000000000008429850000000001,7718123,2019-05-31 15:49:36,btc,0.2851764,228719.0,0.00000001,btc,359904.0,0.00228719,0.00231577,105
1,[],22,[],2019-04-21 00:17:26,21333.0,0.00000001,0.000000000000532493,7385819,2019-04-21 00:17:26,BTC,51.38182867,0.0,0.00000001,BTC,470435.0,0.0,0.00021333,107
1,[],26,[],2019-04-21 00:17:26,0.0,0.00000000,0,7385820,2019-04-21 00:17:26,btc,0.0,0.0,0.00000000,btc,0.0,0.0,0.0,107
1,[],5,[],2019-05-31 15:49:38,0.0,0,0,7718124,2019-05-31 15:49:38,btc,0.0,0.0,0,btc,0.0,0.0,0.0,112
0,[],22,[],2019-05-31 15:49:40,0.0,0,0,7718125,2019-05-31 15:49:40,,6.79500102,0.0,0,,3375892.0833333335,0.0,0.0,112
1,[],27,[],2019-05-31 15:49:44,1.0,0.00000001,0.0000000000008429850000000001,7718126,2019-05-31 15:49:44,btc,1.15032588,0.0,0.00000001,"btc,eth",1818.0,0.0,1e-08,112
1,[],4,[],2019-05-31 15:49:45,255393.88530976,0.00000084,0.00000000007081074,7718127,2019-05-31 15:49:45,btc,5.580114565648998,0.0,0.00000084,btc,638517.7574876,0.04038293,0.1537618427675037,113
1,[],5,[],2019-05-31 15:49:46,0.0,0,0,7718128,2019-05-31 15:49:46,btc,0.0,0.0,0,btc,0.0,0.0,0.0,113
1,[],17,[],2019-04-26 02:17:47,162738.278,0.00000004,0.0000000000021069000000000002,7461287,2019-04-26 02:17:47,btc,1.3331140273775473,0.0,0.00000004,btc,51796.221,0.0,0.00230953112,116
1,[],27,[],2019-05-22 05:13:01,210000.0,0.00000001,0.00000000000079145,7666372,2019-05-22 05:13:01,btc,3919.0005001478,0.0,0.00000001,btc,128660.871,0.0,0.0021,116
1,[],4,[],2019-05-21 22:31:11,138169.03963019,0.00000701,0.000000000558364025,7664793,2019-05-21 22:31:11,btc,150.95388250938234,0.0,0.00000701,btc,344631.17141974,0.07552974,0.4288357684941946,120
1,[],7,[],2019-05-21 22:31:12,3901.07750076,0.000010679999999999999389654892212320191902108490467071533203125,0.0000000008506887,7664794,2019-05-21 22:31:12,btc,231188.94669936574,0.0,0.000010679999999999999389654892212320191902108490467071533203125,btc,4133.83151364,0.0,0.0113888422364489,120
1,[],20,[],2019-04-07 18:42:29,1914137.0852,0.000000035,0.0000000000017871910000000002,7211992,2019-04-07 18:42:29,btc,32.2497668025648,25528.85,0.000000035,btc,1001975.4986,0.00089350975,0.0152723574729,125
1,[],22,[],2019-05-31 15:49:50,10000.0,0.00000001,0.0000000000008429850000000001,7718129,2019-05-31 15:49:50,BTC,0.032061,0.0,0.00000001,BTC,299316.7611111111,0.0,0.0001,126
0,[],2,[],2019-01-20 23:25:46,0.0,0,0,6476969,2019-01-20 23:25:46,,0.0,0.0,0,,0.0,0.0,0.0,131
1,[],17,[],2019-05-03 01:13:10,10000.0,0.00000001,0.000000000000548003,7559115,2019-05-03 01:13:10,btc,0.0953976503951408,0.0,0.00000001,btc,5037.62507334,0.0,0.0001,131
1,[],4,[],2019-05-31 15:49:50,411834.15466199,0.00000916,0.0000000007721742600000001,7718130,2019-05-31 15:49:50,btc,5.175075019204387,0.0,0.00000916,btc,160059.62474804,0.57223501,1.429491503902054,131
1,[],4,[],2019-05-31 15:51:51,4728.45018898,0.00007920,0.0000000066764412000000005,7718131,2019-05-31 15:51:51,btc,5.03122695408711,0.0,0.00007920,btc,202.13055914,0.0,0.0059019410094566,135
1,[],3,[],2019-05-31 15:51:52,596452.22392675,0.00000001,0.0000000000008429850000000001,7718132,2019-05-31 15:51:52,btc,0.2228441524104852,1605354.79937,0.00000001,btc,1910497.4316845,0.0,0.005964522239267501,136
1,[],4,[],2019-05-31 15:51:53,2102633.02645535,0.00000183,0.00000000015426625500000002,7718133,2019-05-31 15:51:53,btc,109.03335877956856,0.0,0.00000183,btc,527562.34513279,0.02670048,0.5068940698232565,137
1,[],12,[],2019-05-31 15:51:54,88433.71598515,0.0000017799999999999998982758153687200319836847484111785888671875,0.00000000015005133,7718134,2019-05-31 15:51:54,btc,57.841571729219986,0.0,0.0000017799999999999998982758153687200319836847484111785888671875,btc,50732.24707866,0.00032574,0.0178831999998849,137
1,[],17,[],2019-05-03 01:13:16,32967.38636364,0.00000088,0.000000000048224264,7559122,2019-05-03 01:13:16,btc,20.06976206696776,0.0,0.00000088,btc,2746.079105,0.0,0.0105613000000032,142
1,[],4,[],2019-05-31 15:51:55,98170.24547446,0.00001807,0.0000000015232738950000001,7718135,2019-05-31 15:51:55,btc,8.560854360799711,0.0,0.00001807,btc,117087.95890891,0.32075594,0.8587563421491592,142
1,[],5,[],2019-05-31 15:51:56,0.0,0,0,7718136,2019-05-31 15:51:56,btc,0.0,0.04274041,0,btc,0.0,0.0,0.0,142
1,[],20,[],2019-05-31 15:53:58,209042.5229,0.000015001,0.0000000012645617985000002,7718137,2019-05-31 15:53:58,btc,1.6084727300573,0.0,0.000015001,btc,9872.8163,0.0,0.0187095600469,142
1,[],22,[],2019-05-31 15:54:01,11028.645,0.00001000,0.0000000008429850000000001,7718138,2019-05-31 15:54:01,BTC,3.2754788,0.0,0.00001000,BTC,1133.9993657797618,0.0,0.00745365,142
0.0,[],25,[],2019-05-31 15:54:02,0.0,0,0,7718139,2019-05-31 15:54:02,,0.0,0.0,0.0,btc,0.0,0.0,0.0,142
0,[],28,[],2019-05-31 15:54:55,0.0,0,0,7718140,2019-05-31 15:54:55,,0.0,0.0,0,,0.0,0.0,0.0,142
0,[],22,[],2019-05-31 15:54:58,0.0,0,0,7718141,2019-05-31 15:54:58,,64.98618676,0.0,0,,787024755.3,0.0,0.0,143
0,[],22,[],2019-02-25 15:42:22,0.0,0,0,6783783,2019-02-25 15:42:22,,4.2131946,0.0,0,,2322156.0,0.0,0.0,146
,[],22,[],2018-11-20 23:01:11,0.0,0,0,4862114,2018-11-20 23:01:11,,2.56807021,0.0,,,61828.4988236,0.0,0.0,147
1,[],12,[],2019-04-21 06:38:04,193091.5971266,0.00000071,0.000000000037635183,7388679,2019-04-21 06:38:04,btc,2.301232411611175,0.0,0.00000071,btc,9957.48302385,0.00023528,0.0313308199999888,148
1,[],4,[],2019-03-19 21:31:25,255810.0415942,0.00000029,0.000000000011615747,6982695,2019-03-19 21:31:25,btc,218.94922712414143,0.0,0.00000029,btc,793529.37642722,0.00117,0.0608347789473395,152
0,[],22,[],2019-03-19 21:31:27,0.0,0,0,6982696,2019-03-19 21:31:27,,0.0,0.0,0,,0.0,0.0,0.0,152
1,[],5,[],2019-04-26 09:36:59,0.0,0,0,7465040,2019-04-26 09:36:59,btc,0.0,0.0,0,btc,0.0,0.0,0.0,153
,[],16,[],2019-01-11 15:38:59,0.0,0,0,6366141,2019-01-11 15:38:59,btc,0.0,0.0,,btc,0.0,0.0,0.0,155
0,[],23,[],2019-01-20 23:24:29,0.0,0,0,6476932,2019-01-20 23:24:29,,0.0,0.0,0,,0.0,0.0,0.0,156
0,[],22,[],2019-05-31 15:55:04,0.0,0,0,7718142,2019-05-31 15:55:04,,7.44455324,0.0,0,,5955762.942592593,0.0,0.0,156
1,[],22,[],2019-05-31 15:55:09,6996.0,0.00000001,0.0000000000008429850000000001,7718143,2019-05-31 15:55:09,BTC,1.7543039,0.0,0.00000001,BTC,57.0,0.0,6.996e-05,157
0,[],22,[],2019-05-21 23:40:32,0.0,0,0,7665049,2019-05-21 23:40:32,,50234.60468402,0.0,0,,54786159.03179465,0.0,0.0,158
,[],17,[],2018-11-20 22:56:10,0.0,0,0,4861976,2018-11-20 22:56:10,btc,1.1265625,0.0,,btc,1000.0,0.0,0.0,159
,[],20,[],2018-11-20 22:56:12,0.0,0,0,4861977,2018-11-20 22:56:12,btc,11912.7940471,0.0,,btc,34413894.3617,0.0,0.0,159
1,[],12,[],2019-05-24 02:51:20,9178.522006449999,0.00000191999999999999982841307998027158276954651228152215480804443359375,0.000000000151222656,7676256,2019-05-24 02:51:20,btc,149.80414728631675,0.0,0.00000191999999999999982841307998027158276954651228152215480804443359375,btc,1115.7451448499999,0.01783167678326,0.0120075778999181,168
1,[],17,[],2019-05-03 01:13:36,42852.0,0.00000002,0.000000000001096006,7559132,2019-05-03 01:13:36,btc,0.04279856251542,0.0,0.00000002,btc,274.46171372,0.0,0.00052852,168
1,[],22,[],2019-05-17 03:01:52,10.0,0.00000001,0.000000000000778341,7642059,2019-05-17 03:01:52,BTC,41.95893009,0.0,0.00000001,BTC,1753972.7737547632,0.0,1e-07,169
1,[],22,[],2019-05-30 08:38:18,202834.0,0.00000002,0.0000000000017416160000000001,7711049,2019-05-30 08:38:18,BTC,27.87002826,0.0,0.00000002,BTC,462189.5410507793,0.0,0.00211768,171
1,[],22,[],2019-05-29 08:05:18,349870.0,0.00000002,0.000000000001705894,7705265,2019-05-29 08:05:18,BTC,24.05907723,0.0,0.00000002,"BTC,LTC",1224285.4355616204,0.0,0.0039847,173
1,[],5,[],2019-05-31 15:55:11,0.0,0,0,7718144,2019-05-31 15:55:11,btc,0.0,0.0987335,0,btc,0.0,0.0,0.0,175
1,[],22,[],2019-05-31 15:55:14,90671.0,0.00000001,0.0000000000008429850000000001,7718145,2019-05-31 15:55:14,BTC,394.35459412,0.0,0.00000001,BTC,136275.61833431243,0.0,0.00090671,176
1,[],7,[],2019-05-31 15:55:15,0.0,0,0,7718146,2019-05-31 15:55:15,btc,522274.28208915493,0.0,0,btc,21993385.47972966,0.0,0.0,178
0,[],22,[],2019-05-31 15:55:18,0.0,0,0,7718147,2019-05-31 15:55:18,,1.00242428,0.0,0,,57512.0,0.0,0.0,178
0,[],2,[],2019-01-20 23:28:34,0.0,0,0,6477001,2019-01-20 23:28:34,,0.0,0.0,0,,0.0,0.0,0.0,178
1,[],5,[],2019-05-31 15:55:20,0.0,0,0,7718148,2019-05-31 15:55:20,btc,0.0,0.18089662,0,btc,0.0,0.0,0.0,179
0,[],22,[],2019-05-31 15:55:22,0.0,0,0,7718149,2019-05-31 15:55:22,,5.31629775,0.0,0,,13534709.311946675,0.0,0.0,179
0,[],23,[],2019-01-20 23:25:08,0.0,0,0,6476952,2019-01-20 23:25:08,,0.0,0.0,0,,0.0,0.0,0.0,179
1,[],22,[],2019-05-31 15:57:26,680128.1315646544,0.00000106,0.00000000008935641000000001,7718150,2019-05-31 15:57:26,BTC,39.17353985,0.0,0.00000106,"BTC,LTC",133473.64422151132,0.00210528,0.57914462,180
1,[],26,[],2019-05-31 15:57:26,0.0,0.00000010,0.000000000008429850000000001,7718151,2019-05-31 15:57:26,btc,0.0,0.0,0.00000010,btc,0.0,0.0,0.0,180
1,[],17,[],2019-05-03 01:13:56,20504.725000000002,0.0000001,0.00000000000548003,7559141,2019-05-03 01:13:56,btc,5.2010695838400265,0.0,0.0000001,btc,5033.45945,0.0,0.0011504725,180
,[],7,[],2018-11-20 22:58:01,562227.975654,0.00000085,0.000000000036176765,4862015,2018-11-20 22:58:01,btc,21836.6059674,2491.87645172,,btc,749999.041456,0.00211021,0.127565380455,183
,[],5,[],2019-01-10 08:11:41,0.0,0,0,6347036,2019-01-10 08:11:41,btc,82.15055501,0.00261,,btc,1.19002445,0.0,0.0,187
,[],17,[],2018-11-16 20:58:10,4062536.27273,0.00000001,0.000000000000550501,4708775,2018-11-16 20:58:10,btc,3.36492563466,0.195460381006,,"btc,eth",110697919.549,0.0,0.0157628953496,187
1,[],24,[],2019-05-22 21:04:52,0.0,0.000000000014,0.0000000000000010960978,7670219,2019-05-22 21:04:52,btc,0.0,0.0,0.000000000014,btc,0.0,0.0,0.0,187
0,[],22,[],2019-04-25 02:54:07,0.0,0,0,7447896,2019-04-25 02:54:07,,7.54794454,0.0,0,,76361.7243344055,0.0,0.0,191
0,[],22,[],2019-05-31 15:57:30,0.0,0,0,7718152,2019-05-31 15:57:30,,0.0,0.0,0,,0.0,0.0,0.0,197
0,[],22,[],2019-05-31 15:57:33,0.0,0,0,7718153,2019-05-31 15:57:33,,10.93271999,0.0,0,,99750037.0,0.0,0.0,199
1,[],26,[],2019-05-31 15:57:33,0.0,0.00000000,0,7718154,2019-05-31 15:57:33,btc,0.0,0.0,0.00000000,btc,0.0,0.0,0.0,199
0,[],23,[],2019-01-20 23:31:41,0.0,0,0,6477079,2019-01-20 23:31:41,,0.0,0.0,0,,0.0,0.0,0.0,199
0,[],2,[],2019-01-20 23:30:49,0.0,0,0,6477059,2019-01-20 23:30:49,,0.0,0.0,0,,0.0,0.0,0.0,201
1,[],4,[],2019-01-25 15:51:35,2084389.58565343,0.00000936,0.000000000333526752,6499557,2019-01-25 15:51:35,btc,2.0092503037378524,0.0,0.00000936,btc,160195.80207885,0.19272417,1.242687955921835,211
1,[],7,[],2019-05-31 15:57:35,1198832074.983076,0.00000068,0.00000000005732298,7718155,2019-05-31 15:57:35,btc,15201837.898676787,360961.621629,0.00000068,btc,8086334.5928618,0.0,13.706283735444119,212
1,[],12,[],2019-01-25 02:44:32,207462.42853209,0.000001080000000000000035831255497387193287295303889550268650054931640625,0.000000000038610756000000006,6493050,2019-01-25 02:44:32,btc,85023.03793723314,0.0,0.000001080000000000000035831255497387193287295303889550268650054931640625,btc,43675.73520027,0.000146250909087,0.0348620860622024,213
1,[],5,[],2019-05-30 00:07:46,0.0,0,0,7709357,2019-05-30 00:07:46,btc,0.0,0.06425239,0,btc,0.0,0.0,0.0,213
1,[],24,[],2019-05-30 00:07:46,0.0,0.000000399202,0.0000000000344859829346,7709358,2019-05-30 00:07:46,btc,0.0,0.0,0.000000399202,btc,0.0,0.0,0.0,213
1,[],26,[],2019-05-30 00:07:47,0.0,0.00000040,0.000000000034554919999999996,7709359,2019-05-30 00:07:47,btc,0.0,0.0,0.00000040,btc,0.0,0.0,0.0,213
0,[],22,[],2019-05-31 15:57:39,0.0,0,0,7718156,2019-05-31 15:57:39,,9.61445386,0.0,0,,3661587.094064925,0.0,0.0,216
1,[],27,[],2019-05-31 15:57:46,196550.0,0.00000001,0.0000000000008429850000000001,7718157,2019-05-31 15:57:46,btc,75.60593967917752,1000.0,0.00000001,"btc,ltc",383835.407688,1e-05,0.0019555000000013117,216
1,[],22,[],2019-05-31 15:57:49,718959.0714285715,0.00000028,0.000000000023603580000000003,7718158,2019-05-31 15:57:49,BTC,12056.48903718,0.0,0.00000028,BTC,531780.7643343819,0.0,0.0536533,217
1,[],7,[],2019-05-31 15:57:51,0.0,0,0,7718159,2019-05-31 15:57:51,btc,1234864.1040716618,0.0,0,btc,164001712.13147992,0.0,0.0,219
0,[],27,[],2019-05-31 15:57:55,0.0,0,0,7718160,2019-05-31 15:57:55,,261.4158310567132,435636.0,0,btc,15858076.74381025,0.00435636,0.0,219
0,[],28,[],2019-05-31 15:58:50,0.0,0,0,7718161,2019-05-31 15:58:50,,0.0,13905.0,0,,0.0,0.0,0.0,219
1,[],22,[],2019-05-23 16:41:05,172069.0,0.00000004,0.0000000000031167080000000004,7674065,2019-05-23 16:41:05,BTC,56.76466137,0.0,0.00000004,BTC,127061.6482738741,0.0,0.00393676,221
1,[],24,[],2019-05-23 16:41:05,0.0,0.000000010000,0.0000000000007791770000000001,7674066,2019-05-23 16:41:05,btc,0.0,0.0,0.000000010000,btc,0.0,0.0,0.0,221
1,[],20,[],2019-05-31 15:58:52,3873651.0,0.000000001,0.00000000000008429850000000001,7718162,2019-05-31 15:58:52,btc,100053.66203800458,2071295.225,0.000000001,btc,47932112.8844,0.00414259045,0.003873651,224
0,[],22,[],2019-05-31 15:58:54,0.0,0,0,7718163,2019-05-31 15:58:54,,0.0,0.0,0,,0.0,0.0,0.0,224
1,[],26,[],2019-05-31 15:58:54,0.0,0.00000025,0.000000000021074625000000002,7718164,2019-05-31 15:58:54,btc,0.0,0.0,0.00000025,btc,0.0,0.0,0.0,231
1,[],26,[],2019-05-31 15:58:55,0.0,0.00000006,0.00000000000505791,7718165,2019-05-31 15:58:55,btc,0.0,0.0,0.00000006,btc,0.0,0.0,0.0,234
0.0000000003096109,[],27,[],2019-05-31 15:59:01,100.0,3.0961090000000003e-18,2.609973445365e-22,7718166,2019-05-31 15:59:01,eth,0.01134836604,0.0,0.00000001,"btc,eth",11462.996,0.0,3.096109e-16,234
1,[],4,[],2019-05-22 17:06:12,91780.56053785,0.00000078,0.000000000061977552,7669277,2019-05-22 17:06:12,btc,5.573372450018177,0.0,0.00000078,btc,729173.93529783,0.0,0.0307060663355679,236
1,[],24,[],2019-05-22 17:06:12,0.0,0.000000010000,0.000000000000794584,7669278,2019-05-22 17:06:12,btc,0.0,0.0,0.000000010000,btc,0.0,0.0,0.0,236
1,[],5,[],2019-05-31 15:59:03,0.0,0,0,7718167,2019-05-31 15:59:03,btc,0.0,0.0496568,0,btc,0.0,0.0,0.0,237
1,[],20,[],2019-05-31 15:59:06,118320630.4145,0.000000039,0.0000000000032876415000000004,7718168,2019-05-31 15:59:06,btc,412.7611327319159,5797114.4268,0.000000039,btc,43423598.5551,0.2453192658841,0.4020178780749,237
1,[],22,[],2019-05-31 15:59:09,288100.0,0.00000003,0.000000000002528955,7718169,2019-05-31 15:59:09,BTC,1.20267422,0.0,0.00000003,"BTC,LTC",17930.94871794872,0.0,0.007541,237
1,[],4,[],2019-05-31 15:59:10,26996452.82313075,0.00000012,0.00000000001011582,7718170,2019-05-31 15:59:10,btc,2.822714974244404,0.0,0.00000012,btc,8766506.44714853,0.15131304,0.5701362799358557,238
1,[],5,[],2019-05-31 15:59:12,0.0,0,0,7718171,2019-05-31 15:59:12,btc,0.0,0.00876214,0,btc,0.0,0.0,0.0,238
0,[],22,[],2019-03-12 16:49:32,0.0,0,0,6914458,2019-03-12 16:49:32,,0.40415746,0.0,0,,526736.5639027493,0.0,0.0,249
0,[],22,[],2019-05-28 23:53:45,0.0,0,0,7703643,2019-05-28 23:53:45,,13.44714864,0.0,0,,43777534.3426455,0.0,0.0,252
0,[],28,[],2019-05-31 15:59:50,0.0,0,0,7718172,2019-05-31 15:59:50,,0.0,395261.63905767,0,,0.0,0.0,0.0,256
1,[],22,[],2019-05-31 15:59:53,1038461.0,0.00000001,0.0000000000008429850000000001,7718173,2019-05-31 15:59:53,BTC,31464.5506333,0.0,0.00000001,BTC,584951.6675322719,7.05e-06,0.01038461,258
1,[],22,[],2019-05-19 18:12:02,400.0,0.00000001,0.0000000000007957800000000001,7653905,2019-05-19 18:12:02,BTC,2.415167,0.0,0.00000001,BTC,157.0,0.0,4e-06,259
1,[],5,[],2019-05-31 15:59:54,0.0,0,0,7718174,2019-05-31 15:59:54,btc,0.0,0.0571388,0,btc,0.0,0.0,0.0,264
1,[],20,[],2019-05-31 15:59:56,955358.9382,0.000000153,0.000000000012897670500000001,7718175,2019-05-31 15:59:56,btc,0.9761378127969,67630.1221,0.000000153,btc,51736.5911,0.03786089448,0.0075237773946,264
0,[],22,[],2019-04-12 17:57:27,0.0,0,0,7278186,2019-04-12 17:57:27,,66.37522201,0.0,0,,677842.4169881374,0.0,0.0,271
0,[],22,[],2019-05-29 08:10:20,0.0,0,0,7705301,2019-05-29 08:10:20,,33050470.74998113,0.0,0,,14361377780.7,0.0,0.0,272
0,[],28,[],2019-05-29 08:10:54,0.0,0,0,7705302,2019-05-29 08:10:54,,0.0,22189957216.5758,0,,0.0,0.0,0.0,272
1,[],22,[],2019-05-23 07:12:29,219930.0,0.00000004,0.000000000003048688,7671985,2019-05-23 07:12:29,BTC,426.77835217,0.0,0.00000004,BTC,248664.3325962929,0.0,0.00739728,281
1,[],22,[],2019-05-31 16:00:00,441261.43333333335,0.00000004,0.0000000000033719400000000003,7718176,2019-05-31 16:00:00,BTC,31.673019,0.0,0.00000004,"BTC,LTC",1514907.6569583754,0.00123386,0.01777939,286
0,[],22,[],2019-05-31 16:00:05,0.0,0,0,7718177,2019-05-31 16:00:05,,7337904.96568486,0.0,0,,2004620112.6797826,0.0,0.0,294
