pairValue,buyBook,exchangeId,sellBook,updated,buyTotal,satoshiPrice,usdPrice,exchangeLogId,created,bestPair,sellTotalBtc,volume,pairPrice,activePairs,sellTotal,volumeBtc,buyTotalBtc,coinId
1,[],10,[],2019-07-13 08:58:05,251434.9725798,0.00271069,0.00000031407274150500003,7812232,2019-07-13 08:58:05,btc,6515.317158446701,1686.04548878,0.00271069,btc,2002.66956917,0.0,1.2639712180673435,1
1,[],5,[],2019-07-06 00:27:44,0.0,0,0,7800775,2019-07-06 00:27:44,btc,0.0,0.00190933,0,btc,0.0,0.0,0.0,1
0,[],2,[],2019-01-20 23:28:45,0.0,0,0,6477011,2019-01-20 23:28:45,,0.0,0.0,0,,0.0,0.0,0.0,1
1,[],3,[],2019-09-08 02:46:16,964.862835126191,0.007372179999999999878979028977710186154581606388092041015625,0.00000077307996961,8000498,2019-09-08 02:46:16,btc,9.329589554841048,0.3888749744,0.007372179999999999878979028977710186154581606388092041015625,btc,34.843108762961,0.0,0.2871734307761071,1
1,[],4,[],2019-09-08 02:46:17,24952.71859089,0.00736524,0.00000077235220998,8000499,2019-09-08 02:46:17,btc,7.43838233173103,0.0,0.00736524,btc,461.69082206,0.43574303,0.3458145915440815,1
1,[],12,[],2019-09-08 02:46:23,237.71499597000002,0.00745999999999999961752816801663357182405889034271240234375,0.00000078228917,8000500,2019-09-08 02:46:23,btc,0.2510315640533,0.0,0.00745999999999999961752816801663357182405889034271240234375,btc,23.49325173,1.267541121436,0.366009927325,1
1,[],20,[],2019-09-08 02:46:24,1932.0671,0.00730001,0.0000007655118986450001,8000501,2019-09-08 02:46:24,btc,0.2246928719601,0.7468,0.00730001,btc,18.8854,0.0058506178045,0.1268163579463,1
1,[],21,[],2019-09-08 02:46:26,1953.42292611,0.007476639999999999675051043369,0.00000078403411528,8000502,2019-09-08 02:46:26,btc,8.611229282151237,463.14288012,0.007476639999999999675051043368512182496488094329833984375,"btc,eth",1691.18381131,3.2504665014432326,11.717268155931396,1
1,[],22,[],2019-09-08 02:46:29,0.5199,0.00111000,0.00000011639959500000001,8000503,2019-09-08 02:46:29,BTC,0.01700334,0.0,0.00111000,BTC,0.283670650841137,0.0,0.00057689,1
1,[],24,[],2019-09-08 02:46:30,0.0,0.000000000000,0,8000504,2019-09-08 02:46:30,btc,0.0,0.0,0.000000000000,btc,0.0,0.0,0.0,1
0.0,[],25,[],2019-09-08 02:46:31,0.0,0,0,8000505,2019-09-08 02:46:31,btc,14.301899999580106,8439.11508764,0.0,btc,1865.13288114,62.17,0.0,1
1,[],26,[],2019-09-08 03:08:09,0.0,0,0,8000506,2019-09-08 03:08:09,,0.0,0.0,0,,0.0,0.0,0.0,1
1,[],28,[],2019-09-08 03:08:21,1037.3,0.007000000000,0.0000007340515,8000507,2019-09-08 03:08:21,btc,0.379748033,2502.0,0.007000000000,btc,23.7751,0.0,0.248706096,1
1,[],5,[],2019-07-06 00:28:14,0.0,0,0,7800785,2019-07-06 00:28:14,btc,0.0,0.00208797,0,btc,0.0,0.0,0.0,2
1,[],22,[],2019-09-08 03:08:24,9495.2,0.0000002,0.000000000020972900000000003,8000508,2019-09-08 03:08:24,BTC,21.00878619,0.0,0.0000002,"BTC,XMR",19931.59287795317,0.0,0.00102579,2
1,[],12,[],2019-08-28 21:17:40,5010914.74249396,0.000000058,0.000000000005696249600000001,7978048,2019-08-28 21:17:40,btc,43110.2619967908,0.0,0.000000058,btc,9228654.41588682,0.002779447687,0.20908922188989368,3
0,[],28,[],2019-08-28 21:17:42,0.0,0,0,7978049,2019-08-28 21:17:42,,0.0,0.0,0,,0.0,0.0,0.0,3
1,[],5,[],2019-06-03 14:48:58,0.0,0,0,7731126,2019-06-03 14:48:58,btc,0.0,0.05905545,0,btc,0.0,0.0,0.0,3
0,[],2,[],2019-01-20 23:31:32,0.0,0,0,6477077,2019-01-20 23:31:32,,0.0,0.0,0,,0.0,0.0,0.0,4
1,[],4,[],2019-08-19 07:13:39,5576051.9095195,0.00000012,0.000000000012681852,7911861,2019-08-19 07:13:39,btc,25.86361324985451,0.0,0.00000012,btc,1094878.27526979,0.00024951,0.0793524101309535,4
0,[],2,[],2019-01-20 23:31:51,0.0,0,0,6477087,2019-01-20 23:31:51,,0.0,0.0,0,,0.0,0.0,0.0,6
1,[],11,[],2019-08-15 15:27:29,324074.0,0.00000001,0.0000000000010065590000000001,7900084,2019-08-15 15:27:29,btc,9583.47119397936,4910218.0,0.00000001,btc,78345418.50750598,0.0,0.00324074,6
1,[],5,[],2019-07-06 00:28:21,0.0,0,0,7800789,2019-07-06 00:28:21,btc,0.0,0.38662001,0,btc,0.0,0.0,0.0,7
1,[],3,[],2019-09-08 03:08:27,11379.93797659005,0.0000597699999999999986399594475994234699101070873439311981201171875,0.000000006267751165,8000509,2019-09-08 03:08:27,btc,1026.2996289959028,2.0118064399,0.0000597699999999999986399594475994234699101070873439311981201171875,btc,499.310608009976,0.0,0.018216453480434273,7
1,[],4,[],2019-09-08 03:08:27,91278.8086992,0.00006569,0.000000006888549005000001,8000510,2019-09-08 03:08:27,btc,11.34095165711552,0.0,0.00006569,btc,77469.20399598,0.29314165,1.5643347398402505,7
0.0,[],25,[],2019-09-08 03:08:31,0.0,0,0,8000512,2019-09-08 03:08:31,,0.0,0.0,0.0,btc,0.0,0.0,0.0,12
1,[],5,[],2019-07-05 17:50:59,0.0,0,0,7799863,2019-07-05 17:50:59,btc,0.0,0.04857279,0,btc,0.0,0.0,0.0,12
0,[],2,[],2019-01-20 23:23:08,0.0,0,0,6476890,2019-01-20 23:23:08,,0.0,0.0,0,,0.0,0.0,0.0,12
1,[],4,[],2019-09-08 03:08:28,9246217.77610615,0.00000016,0.000000000016778320000000002,8000511,2019-09-08 03:08:28,btc,5.204149417498217,0.0,0.00000016,btc,9781750.2895624,0.91001824,0.7007507402119569,12
1,[],4,[],2019-09-08 03:08:31,968718.91259423,0.00000104,0.00000000010905908000000001,8000513,2019-09-08 03:08:31,btc,2.508141948722217,0.0,0.00000104,btc,767649.97536823,0.04987077,0.326695961162835,13
1,[],10,[],2019-09-08 03:08:33,711779.9495877,0.00000101,0.00000000010591314500000001,8000514,2019-09-08 03:08:33,btc,666828.3236410382,27116.6742248,0.00000101,btc,1007989.93094633,0.0,0.0976987972598266,13
1,[],21,[],2019-09-08 03:08:34,4318125.96577906,0.000001060000000000000015560469580,0.00000000011115637,8000515,2019-09-08 03:08:34,btc,3.63288282466889,85989.14823811,0.0000010600000000000000155604695795119596368749625980854034423828125,btc,2019849.93422571,0.09184215,1.5846309894580883,13
1,[],4,[],2019-09-08 03:08:35,1013805.19036431,0.00000046,0.000000000048237670000000005,8000516,2019-09-08 03:08:35,btc,2.0540290426398515,0.0,0.00000046,btc,911607.54696015,0.01401874,0.1309983917266761,14
1,[],12,[],2019-09-08 03:08:36,207829.72357248,0.00000046,0.000000000048237670000000005,8000517,2019-09-08 03:08:36,btc,182.00056085494452,0.0,0.00000046,btc,36848.06924599,0.000456320719,0.0120619984267466,14
1,[],26,[],2019-09-08 03:08:36,0.0,0,0,8000518,2019-09-08 03:08:36,,0.0,0.0,0,,0.0,0.0,0.0,14
0,[],17,[],2019-08-21 20:54:35,0.0,0,0,7923253,2019-08-21 20:54:35,btc,0.0,0.0,0,btc,0.0,0.0,0.0,14
0,[],4,[],2019-09-08 03:08:37,0.0,0,0,8000519,2019-09-08 03:08:37,,0.0,0.0,0,,0.0,0.0,0.0,15
,[],12,[],2018-12-01 15:15:48,204241.84496,0.00000489,0.000000000202473384,5260204,2018-12-01 15:15:48,btc,49.5475654835,0.0,,btc,35763.2193806,0.0163153972027625,0.0203389899998,15
1,[],4,[],2019-09-08 03:08:38,31526.51640554,0.00000581,0.000000000609262745,8000520,2019-09-08 03:08:38,btc,2.469655330697372,0.0,0.00000581,btc,29073.64081122,0.03250351,0.0433022022674041,18
1,[],10,[],2019-09-08 03:08:40,376034.68179761,0.00000544,0.00000000057046288,8000521,2019-09-08 03:08:40,btc,14.89641275437397,12536.7970112,0.00000544,btc,11789.31683533,0.0,0.1491794871305953,18
1,[],12,[],2019-09-08 03:08:41,66636.66501518,0.000005519999999999999665506282553462114037756691686809062957763671875,0.00000000057885204,8000522,2019-09-08 03:08:41,btc,0.566949750900307,0.0,0.000005519999999999999665506282553462114037756691686809062957763671875,btc,2235.100274,0.003470776886,0.0133431038919635,18
0,[],17,[],2019-08-21 20:54:42,0.0,0,0,7923259,2019-08-21 20:54:42,btc,0.0,0.0,0,btc,0.0,0.0,0.0,18
0,[],2,[],2019-01-20 23:23:38,0.0,0,0,6476906,2019-01-20 23:23:38,,0.0,0.0,0,,0.0,0.0,0.0,18
1,[],3,[],2019-09-08 03:08:42,155404.41018427792,0.000004380000000000000415895616556749558867522864602506160736083984375,0.0000000004593065100000001,8000523,2019-09-08 03:08:42,btc,190.44596667188722,40.8067071049,0.000004380000000000000415895616556749558867522864602506160736083984375,btc,36497.82310478922,0.0,0.0530085638110192,19
1,[],4,[],2019-09-08 03:08:42,367740.76299173,0.00000443,0.000000000464549735,8000524,2019-09-08 03:08:42,btc,3.074839488859619,0.0,0.00000443,btc,300791.86840476,0.6966728,0.6698531272314088,19
1,[],12,[],2019-09-08 03:08:43,129750.84462448,0.0000043499999999999998560938456459989964741907897405326366424560546875,0.00000000045616057500000003,8000525,2019-09-08 03:08:43,btc,0.319162283406588,0.0,0.0000043499999999999998560938456459989964741907897405326366424560546875,btc,3339.53406712,8.4030371e-05,0.0194897899998531,19
0,[],27,[],2019-08-12 16:48:42,0.0,0,0,7891818,2019-08-12 16:48:42,,0.0,0.0,0,btc,0.0,0.0,0.0,19
0,[],2,[],2019-01-20 23:24:19,0.0,0,0,6476924,2019-01-20 23:24:19,,0.0,0.0,0,,0.0,0.0,0.0,19
1,[],5,[],2019-07-06 02:01:19,0.0,0,0,7800799,2019-07-06 02:01:19,btc,0.0,0.0,0,btc,0.0,0.0,0.0,19
1,[],4,[],2019-08-19 09:56:57,10479102.32813501,0.00000006,0.00000000000640596,7912317,2019-08-19 09:56:57,btc,4.984292824562718,0.0,0.00000006,btc,2305413.8842246,0.0,0.1263090499480169,20
0,[],4,[],2019-09-08 03:08:44,0.0,0,0,8000526,2019-09-08 03:08:44,,45993.34286499491,0.0,0,,177370815.89586043,0.0,0.0,21
0,[],12,[],2019-09-08 03:08:45,0.0,0,0,8000527,2019-09-08 03:08:45,btc,2617.135722990949,0.0,0,btc,8972508.89310687,0.0,0.0,21
0,[],17,[],2019-08-21 20:54:51,0.0,0,0,7923265,2019-08-21 20:54:51,btc,0.0,0.0,0,btc,0.0,0.0,0.0,21
1,[],12,[],2019-09-08 03:08:46,4176608710.955,0.0000000017,0.00000000000017826965,8000528,2019-09-08 03:08:46,btc,167285631007.38556,0.0,0.0000000017,btc,1965964055.719366,0.22257756721,0.968991562728,23
0.0000000002204393,[],27,[],2019-07-29 17:24:02,79794022.5,8.5971327e-17,8.21370058158e-21,7852364,2019-07-29 17:24:02,eth,1253.5830452782222,787155.0,0.00000039,eth,2317982.66147653,6.7672759904685e-11,2.1948587434632156e-09,23
1,[],4,[],2019-09-08 03:08:47,5819357.83316787,0.00000014,0.00000000001468103,8000529,2019-09-08 03:08:47,btc,4.385189527650777,0.0,0.00000014,btc,2115584.63514895,0.00527871,0.0987128529152964,24
0,[],22,[],2019-09-08 03:08:50,0.0,0,0,8000530,2019-09-08 03:08:50,,2.9367775,0.0,0,,2936.7775,0.0,0.0,24
0.0,[],25,[],2019-09-08 03:08:52,0.0,0,0,8000531,2019-09-08 03:08:52,,0.0,0.0,0.0,btc,0.0,0.0,0.0,24
1,[],4,[],2019-09-08 03:08:52,27519420.63112746,0.00000328,0.00000000034395556000000004,8000532,2019-09-08 03:08:52,btc,107.18580405367966,0.0,0.00000328,btc,1040805.97598193,0.03795395,0.5025450785431436,26
1,[],10,[],2019-09-08 03:08:54,214331.79869953,0.00000354,0.00000000037122033,8000533,2019-09-08 03:08:54,btc,25.712739429169943,7076.24079131,0.00000354,btc,19350.50767855,0.0,0.0336440405274427,26
0,[],2,[],2019-01-20 23:25:56,0.0,0,0,6476976,2019-01-20 23:25:56,,0.0,0.0,0,,0.0,0.0,0.0,26
0.0000000000658145,[],4,[],2019-09-08 03:08:55,849839893.4328394,3.0932815e-17,3.2437541785675003e-21,8000534,2019-09-08 03:08:55,ltc,11.58430882428531,0.0,0.00000047,ltc,959533463.0097578,0.00013188,5.5741869049615484e-09,29
1,[],7,[],2019-09-08 03:08:56,0.0,0,0,8000535,2019-09-08 03:08:56,btc,13538.45171742049,0.0,0,btc,40578447.89577821,0.0,0.0,29
1,[],4,[],2019-09-08 03:08:57,14082781.75891151,0.00000007,0.000000000007340515,8000536,2019-09-08 03:08:57,btc,2.256122531079268,0.0,0.00000007,btc,1939188.23353122,0.0,0.1646808168930549,30
0,[],17,[],2019-08-21 20:55:05,0.0,0,0,7923275,2019-08-21 20:55:05,btc,0.0,0.0,0,btc,0.0,0.0,0.0,30
1,[],4,[],2019-09-08 03:08:58,200893.00693775,0.00002202,0.0000000023091162900000002,8000537,2019-09-08 03:08:58,btc,2.105217730310136,0.0,0.00002202,btc,53014.46316046,0.09770187,0.2442927220005744,31
1,[],21,[],2019-09-08 03:08:58,7446840.98441879,0.00002269999999999999950217773048,0.00000000238042415,8000538,2019-09-08 03:08:58,btc,2.1473088175142707,52926.79902885,0.00002269999999999999950217773048155578408113797195255756378173828125,btc,78891.60286909,1.16990691,3.349797334869314,31
0,[],2,[],2019-01-20 23:28:43,0.0,0,0,6477009,2019-01-20 23:28:43,,0.0,0.0,0,,0.0,0.0,0.0,32
0,[],4,[],2019-09-08 03:08:59,0.0,0,0,8000539,2019-09-08 03:08:59,,0.0,0.0,0,,0.0,0.0,0.0,33
1,[],12,[],2019-03-30 07:55:10,40641173.964,0.00000003,0.000000000001228359,7108785,2019-03-30 07:55:10,btc,4233210.82356125,0.0,0.00000003,btc,28378394.68333462,0.0126927883965248,0.90752895892,33
0.0000000000658145,[],4,[],2019-09-08 03:09:00,41051085.51855574,2.5667655e-17,2.6916258077475002e-21,8000540,2019-09-08 03:09:00,ltc,6.136993267447251,0.0,0.00000039,ltc,192830746.08339936,0.0,3.1928613006399107e-10,34
1,[],5,[],2019-07-06 02:03:46,0.0,0,0,7800811,2019-07-06 02:03:46,btc,0.0,0.0,0,btc,0.0,0.0,0.0,34
1,[],4,[],2019-09-08 03:09:01,11317141.58839019,0.00000011,0.000000000011535095,8000541,2019-09-08 03:09:01,btc,19773.29690032103,0.0,0.00000011,btc,2449583.89664335,0.00165055,0.2014404093557532,37
1,[],12,[],2019-09-08 03:09:02,8447548.27865734,0.00000011,0.000000000011535095000000002,8000542,2019-09-08 03:09:02,btc,1679.3037165439198,0.0,0.00000011,btc,2410176.93386016,0.011077752558,0.258056107865734,37
1,[],27,[],2019-08-12 16:26:17,6255.0,0.00000019,0.000000000021630303,7891745,2019-08-12 16:26:17,btc,22.61101824371233,0.0,0.00000019,btc,4198.924835,0.0,0.00091445,37
1,[],17,[],2019-08-21 20:55:15,210000.45146899,0.00000025,0.000000000025489949999999998,7923282,2019-08-21 20:55:15,btc,0.003138923777095,0.0,0.00000025,"btc,eth",803.94918473,0.0,0.0001001128676138302,37
1,[],12,[],2019-09-08 03:09:04,335707.07920748,0.00000082,0.00000000008598889000000001,8000543,2019-09-08 03:09:04,btc,486.6751636783846,0.0,0.00000082,btc,162841.19728641,0.075313762413,0.0599438498892925,42
0,[],27,[],2019-08-12 16:26:27,0.0,0,0,7891747,2019-08-12 16:26:27,,0.001005,0.0,0,"btc,eth",3.0,0.0,0.0,42
1,[],5,[],2019-07-06 02:03:47,0.0,0,0,7800812,2019-07-06 02:03:47,btc,0.0,0.14382058,0,btc,0.0,0.0,0.0,42
1,[],12,[],2019-03-13 09:13:29,1112112.0,0.00000001,0.000000000000386531,6919902,2019-03-13 09:13:29,btc,29058.00478931866,0.0,0.00000001,btc,5967681.93306694,9.99000999e-07,0.01112112,43
1,[],5,[],2019-04-26 22:38:52,0.0,0,0,7474154,2019-04-26 22:38:52,btc,0.0,0.02638891,0,btc,0.0,0.0,0.0,43
0,[],17,[],2019-04-26 22:38:53,0.0,0,0,7474155,2019-04-26 22:38:53,btc,0.0,0.0,0,btc,0.0,0.0,0.0,43
0.0000000000658145,[],4,[],2019-09-08 03:09:04,109654255.2745415,4.0146845e-17,4.209978827502501e-21,8000544,2019-09-08 03:09:04,ltc,8614.741115472523,0.0,0.00000061,ltc,27251723.12987601,0.0,4.297233726340761e-10,49
0.0000000000673771,[],4,[],2019-09-01 13:37:52,277776288.3690458,1.4149191e-17,1.3535738675004002e-21,7981780,2019-09-01 13:37:52,ltc,31254.223411918138,0.0,0.00000021,ltc,165508145.920071,0.0,2.8136254903293817e-10,52
0,[],22,[],2019-09-08 03:09:07,0.0,0,0,8000545,2019-09-08 03:09:07,,10290.06395626,0.0,0,,285312171.3316013,0.0,0.0,57
0,[],27,[],2019-08-12 16:26:37,0.0,0,0,7891750,2019-08-12 16:26:37,,0.0,0.0,0,"btc,eth",0.0,0.0,0.0,57
0.0000000000658145,[],4,[],2019-09-08 03:09:08,1042031880.7009025,6.58145e-19,6.901604635250001e-23,8000546,2019-09-08 03:09:08,ltc,19.713027490415676,0.0,0.00000001,ltc,5302065906.550812,0.0,6.858080721238954e-10,58
0,[],12,[],2019-09-08 03:09:09,0.0,0,0,8000547,2019-09-08 03:09:09,btc,71957427.2386259,0.0,0,btc,5044829616.461575,0.009940067112,0.0,58
0.0000000000746225,[],22,[],2019-09-08 03:09:12,626877.0,7.4622500000000005e-19,7.82525115125e-23,8000548,2019-09-08 03:09:12,XMR,68.17454206,0.0,0.00000001,XMR,9626402.6,0.0,0.00626877,58
1,[],17,[],2019-08-21 20:55:25,1200000.0,0.0000000001,0.00000000000001019598,7923289,2019-08-21 20:55:25,btc,1e+24,0.0,0.0000000001,"btc,eth",39506342.31952568,0.0,0.00010000000036633021,58
0,[],27,[],2019-07-29 19:34:56,0.0,0,0,7852673,2019-07-29 19:34:56,,1.97314195,0.0,0,"btc,eth",10936.9,0.0,0.0,61
0,[],22,[],2019-08-22 14:00:27,0.0,0,0,7929496,2019-08-22 14:00:27,,1000.95212109,0.0,0,,9656.689066014545,0.0,0.0,61
1,[],26,[],2019-08-22 14:00:27,0.0,0,0,7929497,2019-08-22 14:00:27,,0.0,0.0,0,,0.0,0.0,0.0,61
1,[],28,[],2019-08-22 14:00:41,40000.0,0.00000004,0.000000000004031476,7929498,2019-08-22 14:00:41,btc,0.242343945415105,338.0,0.00000004,btc,8016.46650005,0.0,0.001,61
1,[],5,[],2019-06-17 14:31:27,0.0,0,0,7740135,2019-06-17 14:31:27,btc,0.0,0.00079154,0,btc,0.0,0.0,0.0,61
1,[],4,[],2019-09-08 03:09:12,1905907.02815916,0.00000068,0.00000000007130786,8000549,2019-09-08 03:09:12,btc,2.9734814948065122,0.0,0.00000068,btc,1304576.44157443,0.12258697,0.8630157873154001,67
0.0,[],25,[],2019-09-08 03:09:15,0.0,0,0,8000550,2019-09-08 03:09:15,,0.0,0.0,0.0,btc,0.0,0.0,0.0,67
1,[],12,[],2019-06-02 06:23:14,910048.355,0.00000006,0.000000000005154929999999999,7725270,2019-06-02 06:23:14,btc,5.167005424215783,0.0,0.00000006,btc,738530.60239759,0.003159757462,0.0187188113,71
,[],5,[],2018-11-20 23:02:39,1.5e-07,0.00000005,0.000000000002128045,4862160,2018-11-20 23:02:39,btc,2.84511358,0.0,,btc,0.00036572,0.0,0.07381892,74
1,[],5,[],2019-07-06 00:15:01,0.0,0,0,7800749,2019-07-06 00:15:01,btc,0.0,0.01883861,0,btc,0.0,0.0,0.0,75
1,[],4,[],2019-09-08 03:09:17,169038.79071535,0.00005500,0.0000000057675475000000004,8000551,2019-09-08 03:09:17,btc,54.47442825235517,0.0,0.00005500,btc,106392.26349386,1.64664173,1.0077808839849427,82
1,[],21,[],2019-09-08 03:09:18,798188.09227223,0.00005198000000000000037948810760,0.000000005450856710000001,8000552,2019-09-08 03:09:18,btc,3.6588444577961012,12148.21234612,0.00005198000000000000037948810760468631997355259954929351806640625,btc,50115.0178609,0.63095684,1.9579279538143146,82
0,[],4,[],2019-07-23 20:51:52,0.0,0,0,7830376,2019-07-23 20:51:52,,1.6413985531662756,0.0,0,,620289065.5915176,0.0,0.0,85
,[],22,[],2018-11-20 23:09:34,3408.1,0.0000001,0.0000000000041895,4862324,2018-11-20 23:09:34,BTC,0.04624735,0.0,,BTC,4990.0,0.0,0.00033081,86
1,[],22,[],2019-09-08 03:09:21,617988.0,0.00000001,0.0000000000010486450000000001,8000553,2019-09-08 03:09:21,BTC,1.80047794,0.0,0.00000001,BTC,1009840.847368421,0.00154795,0.00617988,87
1,[],27,[],2019-08-06 12:06:36,100155.0,0.00000003,0.000000000003516594,7875448,2019-08-06 12:06:36,btc,7.177196150774,345.0,0.00000003,btc,287406.89336,1.035e-05,0.00300465,87
,[],2,[],2018-11-20 23:10:47,0.0,0,0,4862359,2018-11-20 23:10:47,,0.0,0.0,,,0.0,0.0,0.0,88
0,[],2,[],2019-01-20 23:31:45,0.0,0,0,6477083,2019-01-20 23:31:45,,0.0,0.0,0,,0.0,0.0,0.0,91
1,[],12,[],2019-08-21 08:36:52,425737.18747014,0.00000027,0.00000000002755863,7920587,2019-08-21 08:36:52,btc,589.0196553122464,0.0,0.00000027,btc,329461.8088511,0.000457377432,0.0207804367963476,91
0,[],17,[],2019-08-21 08:36:53,0.0,0,0,7920588,2019-08-21 08:36:53,btc,0.0,0.0,0,btc,0.0,0.0,0.0,91
1,[],22,[],2019-08-21 08:36:57,54200.0,0.00000003,0.00000000000306207,7920589,2019-08-21 08:36:57,BTC,1.05335,0.0,0.00000003,"BTC,LTC",1839.95,0.0,0.002326,91
0.0000000000658145,[],4,[],2019-09-08 03:09:22,589277334.352669,8.555885e-18,8.972086025825001e-22,8000554,2019-09-08 03:09:22,ltc,18.42189663797103,0.0,0.00000013,ltc,217379932.34141088,0.0,6.415515315128731e-10,96
0,[],12,[],2019-09-08 03:09:23,0.0,0,0,8000555,2019-09-08 03:09:23,btc,109.38136642456544,0.0,0,btc,11921691.45654345,0.0,0.0,96
0,[],17,[],2019-08-21 20:55:48,0.0,0,0,7923301,2019-08-21 20:55:48,btc,0.0,0.0,0,btc,0.0,0.0,0.0,96
1,[],4,[],2019-09-08 03:09:24,121576.14302876,0.00001260,0.0000000013212927000000001,8000556,2019-09-08 03:09:24,btc,8.162594983749727,0.0,0.00001260,btc,190143.62328881,0.18395289,0.42453258110197,100
0,[],2,[],2019-01-20 23:23:55,0.0,0,0,6476914,2019-01-20 23:23:55,,0.0,0.0,0,,0.0,0.0,0.0,100
1,[],22,[],2019-09-02 01:52:50,146000.0,0.00000002,0.0000000000019461180000000003,7985214,2019-09-02 01:52:50,BTC,26.50623849,0.0,0.00000002,BTC,10383.92,0.0,0.00162,101
1,[],27,[],2019-08-12 16:30:59,2050161.9,0.00000005,0.0000000000056921850000000005,7891762,2019-08-12 16:30:59,btc,261.32824567561846,0.0,0.00000005,btc,285690.80442935,0.0,0.060251537,105
1,[],12,[],2019-08-26 10:09:37,94297270.0,0.000000001,0.00000000000010357180000000001,7965278,2019-08-26 10:09:37,btc,339276.63475285517,0.0,0.000000001,btc,137493066.90169865,0.002908079082,0.09429727,105
0,[],22,[],2019-09-08 03:09:27,0.0,0,0,8000557,2019-09-08 03:09:27,,6.80006923,0.0,0,,3882713.0833333335,0.0,0.0,112
1,[],27,[],2019-08-12 16:31:06,1.0,0.00000001,0.000000000001138437,7891764,2019-08-12 16:31:06,btc,0.0,0.0,0.00000001,"btc,eth",0.0,0.0,1e-08,112
1,[],5,[],2019-07-06 00:19:31,0.0,0,0,7800761,2019-07-06 00:19:31,btc,0.0,0.0,0,btc,0.0,0.0,0.0,112
1,[],5,[],2019-07-06 00:19:43,0.0,0,0,7800765,2019-07-06 00:19:43,btc,0.0,0.0,0,btc,0.0,0.0,0.0,113
1,[],4,[],2019-08-23 18:16:44,371097.09099114,0.00000094,0.000000000097689594,7938037,2019-08-23 18:16:44,btc,6.337079582375524,0.0,0.00000094,btc,946945.41992512,0.00337055,0.1031406582583925,113
1,[],17,[],2019-08-21 20:55:59,212000.0,0.00000004,0.000000000004078392,7923307,2019-08-21 20:55:59,btc,1.3335225243619424,1.12e-06,0.00000004,btc,55804.73574154,0.0,0.00218,116
1,[],27,[],2019-08-02 18:48:59,95525.16595526,0.00000001,0.000000000001045936,7866367,2019-08-02 18:48:59,btc,3918.96487209,0.0,0.00000001,btc,88497.69,0.0,0.0009552516595526,116
1,[],4,[],2019-09-08 03:09:28,10628463.92274582,0.00000085,0.00000000008913482500000001,8000558,2019-09-08 03:09:28,btc,129.57260253613262,0.0,0.00000085,btc,1601007.63057225,3.01911049,1.3246877198076679,120
1,[],7,[],2019-09-08 03:09:29,15376.39509056,0.000007869999999999999188587430920538423606558353640139102935791015625,0.0000000008252836149999999,8000559,2019-09-08 03:09:29,btc,60.76042752630088,0.0,0.000007869999999999999188587430920538423606558353640139102935791015625,btc,4537.13059959,0.0,0.0050403579153169,120
1,[],4,[],2019-09-08 03:09:30,175144.12706733,0.00000194,0.00000000020343713,8000560,2019-09-08 03:09:30,btc,2.415866717133084,0.0,0.00000194,btc,345994.34971979,0.02453084,0.108246920477022,131
1,[],17,[],2019-08-21 20:56:04,10000.0,0.00000001,0.000000000001019598,7923311,2019-08-21 20:56:04,btc,0.0953976503951408,0.0,0.00000001,btc,5037.62507334,0.0,0.0001,131
0,[],2,[],2019-01-20 23:25:46,0.0,0,0,6476969,2019-01-20 23:25:46,,0.0,0.0,0,,0.0,0.0,0.0,131
1,[],4,[],2019-08-20 14:43:19,8549.6097675,0.00005121,0.0000000054409242329999995,7915998,2019-08-20 14:43:19,btc,0.2921428325204394,0.0,0.00005121,btc,235.83446249,0.0,0.0027602632940558,135
1,[],3,[],2019-07-13 16:51:20,187.26592867,0.00000001,0.000000000001140965,7813490,2019-07-13 16:51:20,btc,419.77407087449336,1935513.62324,0.00000001,btc,3179086.72005867,0.0,1.8726592866999999e-06,136
1,[],4,[],2019-09-08 03:09:32,526095.89832218,0.00000343,0.00000000035968523500000005,8000561,2019-09-08 03:09:32,btc,19.297677472297696,0.0,0.00000343,btc,434146.73313775,0.1039535,0.9055629373058824,137
1,[],12,[],2019-09-08 03:09:32,99591.62271897,0.00000315999999999999981465238600708556049312392133288085460662841796875,0.00000000033137182,8000562,2019-09-08 03:09:32,btc,38.54923502782621,0.0,0.00000315999999999999981465238600708556049312392133288085460662841796875,btc,41085.06343612,0.000562687981,0.0244596570526706,137
1,[],4,[],2019-09-08 03:09:33,296537.35566678,0.00002795,0.0000000029309627750000004,8000563,2019-09-08 03:09:33,btc,3.3311719382459786,0.0,0.00002795,btc,77080.35202552,0.18697626,0.9422827501566041,142
1,[],20,[],2019-09-08 03:09:35,108816.4124,0.000022877,0.0000000023989851665000003,8000564,2019-09-08 03:09:35,btc,1.274902479525,0.0,0.000022877,btc,3549.3684,0.0,0.0025248777056,142
1,[],22,[],2019-09-08 03:09:38,10619.88,0.00000200,0.00000000020972900000000003,8000565,2019-09-08 03:09:38,BTC,1.55898515,0.0,0.00000200,BTC,835.8398331062671,0.0,0.00416696,142
0.0,[],25,[],2019-09-08 03:09:40,0.0,0,0,8000566,2019-09-08 03:09:40,,0.0,0.0,0.0,btc,0.0,0.0,0.0,142
1,[],28,[],2019-09-08 03:09:51,10095420.0,0.000030000000,0.0000000031459350000000005,8000567,2019-09-08 03:09:51,btc,0.40021763,797.0,0.000030000000,btc,1859.485,0.0,1.4392752,142
1,[],17,[],2019-08-21 20:56:08,32967.38636364,0.00000088,0.00000000008972462400000001,7923315,2019-08-21 20:56:08,btc,20.069762065592148,0.0,0.00000088,btc,2746.079105,0.0,0.0105613000000032,142
1,[],5,[],2019-07-06 02:06:10,0.0,0,0,7800822,2019-07-06 02:06:10,btc,0.0,0.00140707,0,btc,0.0,0.0,0.0,142
0,[],22,[],2019-08-21 15:01:35,0.0,0,0,7922332,2019-08-21 15:01:35,,68.14027224,0.0,0,,718000153.5744588,0.0,0.0,143
0,[],22,[],2019-02-25 15:42:22,0.0,0,0,6783783,2019-02-25 15:42:22,,4.2131946,0.0,0,,2322156.0,0.0,0.0,146
,[],22,[],2018-11-20 23:01:11,0.0,0,0,4862114,2018-11-20 23:01:11,,2.56807021,0.0,,,61828.4988236,0.0,0.0,147
1,[],12,[],2019-04-21 06:38:04,193091.5971266,0.00000071,0.000000000037635183,7388679,2019-04-21 06:38:04,btc,2.301232411611175,0.0,0.00000071,btc,9957.48302385,0.00023528,0.0313308199999888,148
1,[],5,[],2019-04-26 09:36:59,0.0,0,0,7465040,2019-04-26 09:36:59,btc,0.0,0.0,0,btc,0.0,0.0,0.0,153
0,[],22,[],2019-09-08 03:09:53,0.0,0,0,8000568,2019-09-08 03:09:53,,6.87813965,0.0,0,,4570228.592592592,0.0,0.0,156
0,[],23,[],2019-01-20 23:24:29,0.0,0,0,6476932,2019-01-20 23:24:29,,0.0,0.0,0,,0.0,0.0,0.0,156
1,[],22,[],2019-09-08 03:09:57,6996.0,0.00000001,0.0000000000010486450000000001,8000569,2019-09-08 03:09:57,BTC,1.7547719,0.0,0.00000001,BTC,64.8,0.0,6.996e-05,157
0,[],22,[],2019-08-17 00:05:41,0.0,0,0,7905012,2019-08-17 00:05:41,,50234.60468402,0.0,0,,54786159.03179465,0.0,0.0,158
,[],17,[],2018-11-20 22:56:10,0.0,0,0,4861976,2018-11-20 22:56:10,btc,1.1265625,0.0,,btc,1000.0,0.0,0.0,159
,[],20,[],2018-11-20 22:56:12,0.0,0,0,4861977,2018-11-20 22:56:12,btc,11912.7940471,0.0,,btc,34413894.3617,0.0,0.0,159
1,[],22,[],2019-09-08 03:10:02,8611.318181818182,0.00000001,0.0000000000010486450000000001,8000570,2019-09-08 03:10:02,BTC,22.8347312,0.0,0.00000001,"BTC,LTC",293247.6604070517,0.0,0.00050387,171
0.0000000000644549,[],22,[],2019-09-03 05:10:10,94000.0,6.44549e-19,6.64851004402e-23,7989885,2019-09-03 05:10:10,LTC,17.607944,0.0,0.00000001,LTC,1473441.0846050987,0.0,0.00094,173
1,[],5,[],2019-07-06 02:08:45,0.0,0,0,7800830,2019-07-06 02:08:45,btc,0.0,0.00700197,0,btc,0.0,0.0,0.0,175
0,[],22,[],2019-08-19 04:17:22,0.0,0,0,7911532,2019-08-19 04:17:22,,393.97295672,0.0,0,,135375.61833431243,0.0,0.0,176
0,[],22,[],2019-09-08 03:10:07,0.0,0,0,8000571,2019-09-08 03:10:07,,1.00205534,0.0,0,,62828.0,0.0,0.0,178
1,[],7,[],2019-07-01 10:15:32,0.0,0,0,7783526,2019-07-01 10:15:32,btc,521516.2326888725,0.0,0,btc,26809253.73522063,0.0,0.0,178
0,[],2,[],2019-01-20 23:28:34,0.0,0,0,6477001,2019-01-20 23:28:34,,0.0,0.0,0,,0.0,0.0,0.0,178
1,[],5,[],2019-07-06 02:08:50,0.0,0,0,7800832,2019-07-06 02:08:50,btc,0.0,6.904e-05,0,btc,0.0,0.0,0.0,179
0.0000000000658145,[],22,[],2019-09-08 03:10:10,250000.0,1.974435e-17,2.070481390575e-21,8000572,2019-09-08 03:10:10,LTC,10.20937404,0.0,0.0000003,LTC,14612113.811946675,0.0,0.075,179
0,[],23,[],2019-01-20 23:25:08,0.0,0,0,6476952,2019-01-20 23:25:08,,0.0,0.0,0,,0.0,0.0,0.0,179
1,[],22,[],2019-09-08 03:10:14,768911.5552817101,0.00000041,0.000000000042994445000000005,8000573,2019-09-08 03:10:14,BTC,2.96191587,0.0,0.00000041,"BTC,LTC",240494.05802533453,0.00466783,0.61114039,180
1,[],26,[],2019-09-08 03:10:14,0.0,0,0,8000574,2019-09-08 03:10:14,,0.0,0.0,0,,0.0,0.0,0.0,180
1,[],17,[],2019-08-21 20:57:03,32504.725000000002,0.00000015,0.00000000001529397,7923326,2019-08-21 20:57:03,btc,5.201614863967379,8e-06,0.00000015,btc,5020.40125,0.0,0.0029504724999999997,180
,[],7,[],2018-11-20 22:58:01,562227.975654,0.00000085,0.000000000036176765,4862015,2018-11-20 22:58:01,btc,21836.6059674,2491.87645172,,btc,749999.041456,0.00211021,0.127565380455,183
,[],5,[],2019-01-10 08:11:41,0.0,0,0,6347036,2019-01-10 08:11:41,btc,82.15055501,0.00261,,btc,1.19002445,0.0,0.0,187
,[],17,[],2018-11-16 20:58:10,4062536.27273,0.00000001,0.000000000000550501,4708775,2018-11-16 20:58:10,btc,3.36492563466,0.195460381006,,"btc,eth",110697919.549,0.0,0.0157628953496,187
1,[],24,[],2019-05-22 21:04:52,0.0,0.000000000014,0.0000000000000010960978,7670219,2019-05-22 21:04:52,btc,0.0,0.0,0.000000000014,btc,0.0,0.0,0.0,187
0,[],23,[],2019-01-20 23:31:41,0.0,0,0,6477079,2019-01-20 23:31:41,,0.0,0.0,0,,0.0,0.0,0.0,199
0,[],22,[],2019-09-08 03:10:16,0.0,0,0,8000575,2019-09-08 03:10:16,,6.97417052,0.0,0,,108405779.0,0.0,0.0,199
1,[],26,[],2019-09-08 03:10:16,0.0,0,0,8000576,2019-09-08 03:10:16,,0.0,0.0,0,,0.0,0.0,0.0,199
1,[],4,[],2019-01-25 15:51:35,2084389.58565343,0.00000936,0.000000000333526752,6499557,2019-01-25 15:51:35,btc,2.0092503037378524,0.0,0.00000936,btc,160195.80207885,0.19272417,1.242687955921835,211
1,[],7,[],2019-07-01 02:21:28,1170054124.6898527,0.00000018,0.000000000019815389999999997,7782694,2019-07-01 02:21:28,btc,1346735.6331920293,0.0,0.00000018,btc,5516233.71348162,0.0,11.954344045954047,212
0,[],22,[],2019-08-19 07:38:07,0.0,0,0,7911940,2019-08-19 07:38:07,,6.8412543,0.0,0,,3272264.174064925,0.0,0.0,216
1,[],27,[],2019-08-12 16:37:52,320029.088,0.00000001,0.000000000001138437,7891783,2019-08-12 16:37:52,btc,176.0318120012664,0.0,0.00000001,"btc,ltc",485496.05456794,0.0,0.00320029088,216
1,[],22,[],2019-09-08 03:10:21,346593.7263736264,0.00000013,0.000000000013632385000000001,8000577,2019-09-08 03:10:21,BTC,12055.79030478,0.0,0.00000013,BTC,596247.397268583,0.00199282,0.01052656,217
0,[],22,[],2019-08-29 16:52:21,0.0,0,0,7978120,2019-08-29 16:52:21,,4.69007484,0.0,0,,180254.70709740353,0.0,0.0,221
1,[],24,[],2019-08-29 16:52:22,0.0,0.000000010000,0.000000000000950592,7978121,2019-08-29 16:52:22,btc,0.0,0.0,0.000000010000,btc,0.0,0.0,0.0,221
1,[],26,[],2019-09-08 03:10:21,0.0,0,0,8000578,2019-09-08 03:10:21,,0.0,0.0,0,,0.0,0.0,0.0,231
1,[],26,[],2019-09-08 03:10:21,0.0,0,0,8000579,2019-09-08 03:10:21,,0.0,0.0,0,,0.0,0.0,0.0,234
0.0000000001859265,[],27,[],2019-08-12 16:38:10,100.0,1.859265e-18,2.1166560688050002e-22,7891787,2019-08-12 16:38:10,eth,0.0,0.0,0.00000001,"btc,eth",0.0,0.0,1.8592649999999999e-16,234
1,[],5,[],2019-07-06 02:11:21,0.0,0,0,7800842,2019-07-06 02:11:21,btc,0.0,0.10652887,0,btc,0.0,0.0,0.0,237
1,[],20,[],2019-09-08 03:10:23,43793309.6999,0.000000028,0.000000000002936206,8000580,2019-09-08 03:10:23,btc,521.1051900423033,11175646.3251,0.000000028,btc,33882098.8727,0.3107773724002,0.2754299526043,237
1,[],22,[],2019-09-08 03:10:26,1837861.0,0.00000001,0.0000000000010486450000000001,8000581,2019-09-08 03:10:26,BTC,1.20569942,0.0,0.00000001,"BTC,LTC",60432.94871794872,0.0,0.01837861,237
1,[],5,[],2019-07-06 02:11:32,0.0,0,0,7800846,2019-07-06 02:11:32,btc,0.0,0.05525444,0,btc,0.0,0.0,0.0,238
1,[],4,[],2019-08-18 21:55:28,28766182.9187235,0.00000006,0.0000000000062177580000000004,7910606,2019-08-18 21:55:28,btc,2.1262004590211685,0.0,0.00000006,btc,15667280.40051822,0.02567584,0.5811165339764514,238
0.0000000000711565,[],22,[],2019-08-17 13:20:25,419253.0,7.115650000000001e-19,7.3700771814e-23,7906682,2019-08-17 13:20:25,LTC,0.40427224,0.0,0.00000001,LTC,496363.0639027493,0.0,0.00419253,249
0,[],22,[],2019-09-07 11:54:30,0.0,0,0,7999199,2019-09-07 11:54:30,,13.4488406,0.0,0,,43819581.3426455,0.0,0.0,252
1,[],28,[],2019-09-08 03:10:39,2264146.0,0.0000005,0.000000000052432250000000007,8000582,2019-09-08 03:10:39,btc,164695.8102007136,216588.1501,0.0000005,btc,1668475.9282,0.0,0.37870228,256
0.0000000000916764,[],22,[],2019-07-23 20:12:22,1517.0,9.16764e-19,9.31930943616e-23,7830286,2019-07-23 20:12:22,LTC,31474.63788373,0.0,0.00000001,LTC,1024398.9185893413,0.0,1.517e-05,258
1,[],20,[],2019-09-08 03:10:41,923130.5498,0.0000003,0.00000000003145935,8000583,2019-09-08 03:10:41,btc,0.4757192608596,19977.546,0.0000003,btc,64287.6294,0.006193610478,0.0117901515148,264
1,[],5,[],2019-07-02 14:44:15,0.0,0,0,7788374,2019-07-02 14:44:15,btc,0.0,0.02775788,0,btc,0.0,0.0,0.0,264
0,[],22,[],2019-08-27 11:47:19,0.0,0,0,7977618,2019-08-27 11:47:19,,33050469.74148113,0.0,0,,14261527780.7,0.0,0.0,272
0.0000000000000025860000000000002,[],28,[],2019-08-27 11:47:30,139196263259.852,3.1032000000000002e-22,3.1535059752e-26,7977619,2019-08-27 11:47:30,doge,1708945031879160.8,7392150085.764,0.00000012,doge,49126229218.319,0.0,3.124217329408538e-11,272
0,[],22,[],2019-09-08 03:10:43,0.0,0,0,8000584,2019-09-08 03:10:43,,73.4668573,0.0,0,,1523613.3487135023,0.0,0.0,286
