pairValue,buyBook,exchangeId,sellBook,updated,buyTotal,satoshiPrice,usdPrice,exchangeLogId,created,bestPair,sellTotalBtc,volume,pairPrice,activePairs,sellTotal,volumeBtc,buyTotalBtc,coinId
1,[],3,[],2019-02-07 08:04:38,116.466433451721,0.01257170999999999982943421628078795038163661956787109375,0.00000042879085599600004,6610868,2019-02-07 08:04:38,btc,107.1128487165208,1.4596432,0.01257170999999999982943421628078795038163661956787109375,btc,25.439442006472,0.0,0.3440625774344263,1
1,[],4,[],2019-02-07 08:04:39,120140.65224575,0.01266132,0.00000043184723803200004,6610869,2019-02-07 08:04:39,btc,0.9399454243799111,0.0,0.01266132,btc,71.35377285,0.31825426,1.4382063255878004,1
1,[],5,[],2019-02-07 08:04:41,0.22880402,0.01212179,0.00000041344516460400005,6610870,2019-02-07 08:04:41,btc,14577.93695455,0.14833639,0.01212179,btc,35555556.00714492,0.0,1.43949776,1
1,[],10,[],2019-02-07 08:04:42,414834.86766223,0.01143114,0.000000389888750664,6610871,2019-02-07 08:04:42,btc,6533.677221518044,1664.71344794,0.01143114,btc,1079.91954358,0.0,4.604113374156818,1
1,[],12,[],2019-02-07 08:04:45,10441.80840781,0.01247999999999999977406961448878064402379095554351806640625,0.000000425662848,6610872,2019-02-07 08:04:45,btc,0.3735675843249,0.0,0.01247999999999999977406961448878064402379095554351806640625,btc,23.76972923,0.6851926325868,0.4215104790856,1
1,[],20,[],2019-02-07 08:04:47,1149.1772,0.01200001,0.00000040929154107600004,6610873,2019-02-07 08:04:47,btc,0.0580330504203,0.0,0.01200001,btc,2.5989,0.0,0.0843085388377,1
1,[],21,[],2019-02-07 08:04:47,2767.59620712,0.01261247000000000062502891751,0.0000004301810817720001,6610874,2019-02-07 08:04:47,btc,15.60282153178002,1771.02380136,0.01261247000000000062502891751137212850153446197509765625,"btc,eth",1766.67544768,20.533580027399385,28.088601363929634,1
1,[],22,[],2019-02-07 08:04:51,0.0263776,0.01350000,0.00000046045260000000003,6610875,2019-02-07 08:04:51,BTC,0.31397231,0.0,0.01350000,BTC,0.10124366666666666,0.0,0.00034472,1
1,[],24,[],2019-02-07 08:04:51,0.0,0.000000000000,0,6610876,2019-02-07 08:04:51,btc,0.0,0.0,0.000000000000,btc,0.0,0.0,0.0,1
0.0,[],25,[],2019-02-07 08:04:52,0.0,0,0,6610877,2019-02-07 08:04:52,btc,24.151399997542786,2561.27594266,0.0,btc,1852.76208671,32.8157,0.0,1
1,[],26,[],2019-02-07 08:05:02,0.0,0,0,6610878,2019-02-07 08:05:02,,0.0,0.0,0,,0.0,0.0,0.0,1
1,[],28,[],2019-02-07 08:05:07,987.9,0.01131000,0.00000038575695600000006,6610879,2019-02-07 08:05:07,btc,0.162839806,15302.45,0.01131000,btc,8.9,0.0,0.024551096,1
0,[],2,[],2019-01-20 23:28:45,0.0,0,0,6477011,2019-01-20 23:28:45,,0.0,0.0,0,,0.0,0.0,0.0,1
1,[],5,[],2019-02-07 08:05:08,2.205e-05,0.00000074,0.000000000025239624,6610880,2019-02-07 08:05:08,btc,0.142126,0.03805403,0.00000074,btc,7.265e-05,0.0,0.45114894,2
1,[],22,[],2019-02-07 08:05:12,1348.0,0.00000018,0.000000000006139368,6610881,2019-02-07 08:05:12,BTC,4.22139261,0.0,0.00000018,"BTC,XMR",14654.712016896552,0.0,0.00091235,2
1,[],5,[],2019-02-07 08:05:13,1.25e-06,0.00000016,0.000000000005457216,6610882,2019-02-07 08:05:13,btc,3.46860016,0.02332544,0.00000016,btc,2.204e-05,0.0,2.91069668,3
1,[],12,[],2019-02-07 08:05:14,12270871.4250652,0.000000165,0.000000000005627754000000001,6610883,2019-02-07 08:05:14,btc,921361.6101410751,0.0,0.000000165,btc,8567081.95661069,0.0796071273221262,0.5111876912065908,3
0,[],28,[],2019-02-07 08:05:18,0.0,0,0,6610884,2019-02-07 08:05:18,,0.0,0.0,0,,0.0,0.0,0.0,3
0,[],2,[],2019-01-20 23:31:32,0.0,0,0,6477077,2019-01-20 23:31:32,,0.0,0.0,0,,0.0,0.0,0.0,4
1,[],4,[],2019-02-07 07:58:44,534528.82018758,0.00000032,0.000000000010913856,6610683,2019-02-07 07:58:44,btc,0.3595534581972783,0.0,0.00000032,btc,344082.23008056,0.0,0.0921886007199018,4
1,[],12,[],2019-02-06 17:43:51,1519183.5219999999,0.00000004,0.000000000001361944,6605019,2019-02-06 17:43:51,btc,11013878.268140282,0.0,0.00000004,btc,964899.39031991,0.0009933149650351,0.02495011044,5
0,[],2,[],2019-01-20 23:31:51,0.0,0,0,6477087,2019-01-20 23:31:51,,0.0,0.0,0,,0.0,0.0,0.0,6
1,[],11,[],2019-02-07 08:05:19,10346309.4999525,0.00000002,0.0000000000006821520000000001,6610885,2019-02-07 08:05:19,btc,9433.358465814097,26800.0,0.00000002,btc,41595182.18502707,0.0,0.17059767499905001,6
1,[],3,[],2019-02-07 08:05:20,1066.558051320279,0.000150559999999999995050348200464895853656344115734100341796875,0.000000005135240256,6610886,2019-02-07 08:05:20,btc,27.600142753279105,0.0,0.000150559999999999995050348200464895853656344115734100341796875,btc,234.145665820227,0.0,0.03053197781660925,7
1,[],4,[],2019-02-07 08:05:21,21405.76360739,0.00019635,0.000000006697027260000001,6610887,2019-02-07 08:05:21,btc,1.767871892828089,0.0,0.00019635,btc,8170.29305367,2.34240311,3.665312841186076,7
1,[],5,[],2019-02-07 08:05:22,0.00619637,0.00019311,0.0000000065865186360000005,6610888,2019-02-07 08:05:22,btc,1.52335336,0.36710653,0.00019311,btc,0.01201983,0.0,1.46193999,7
1,[],20,[],2019-02-07 07:58:50,66461509.91,0.000000001,0.0000000000000341058,6610688,2019-02-07 07:58:50,btc,116.1315013062774,0.0,0.000000001,btc,28812144.5195,0.0,0.06646150991,8
0,[],2,[],2019-01-20 23:22:42,0.0,0,0,6476876,2019-01-20 23:22:42,,0.0,0.0,0,,0.0,0.0,0.0,9
0,[],23,[],2019-01-20 23:22:48,0.0,0,0,6476878,2019-01-20 23:22:48,,0.0,0.0,0,,0.0,0.0,0.0,9
1,[],1,[],2019-02-07 08:05:23,1763381.25,0.000001879999999999999999629744958096200235786454868502914905548095703125,0.00000000006412228800000001,6610889,2019-02-07 08:05:23,btc,2.3331505255,8897783.66,0.000001879999999999999999629744958096200235786454868502914905548095703125,btc,1220472.98,16.74267919,3.2627942946,9
1,[],4,[],2019-02-07 08:05:23,270074.44382298,0.00000187,0.000000000063781212,6610890,2019-02-07 08:05:23,btc,0.9280816440613461,0.0,0.00000187,btc,472748.11101347,1.0478035,0.4769123909693107,9
1,[],28,[],2019-02-07 08:05:28,34500.0,0.00000165,0.000000000056277540000000007,6610891,2019-02-07 08:05:28,btc,2708.7727397804,2918820.0,0.00000165,btc,15437.14,0.0,0.02854,9
1,[],4,[],2019-02-04 22:10:59,7341799.37826053,0.00000002,0.000000000000693444,6584299,2019-02-04 22:10:59,btc,0.1999615409270056,0.0,0.00000002,btc,4135980.29534268,0.00062922,0.0786653918652106,10
1,[],4,[],2019-02-07 07:58:56,2196068.72195448,0.00000151,0.000000000051499758,6610692,2019-02-07 07:58:56,btc,1.1900944291717401,0.0,0.00000151,btc,732832.08174443,1.46480279,3.0817650291188188,12
1,[],5,[],2019-02-07 07:58:58,2.47e-05,0.00000147,0.000000000050135526,6610693,2019-02-07 07:58:58,btc,0.64818984,0.18723464,0.00000147,btc,0.00011602,0.0,0.20342312,12
0.0,[],25,[],2019-02-07 07:58:59,0.0,0,0,6610694,2019-02-07 07:58:59,,0.0,0.0,0.0,btc,0.0,0.0,0.0,12
0,[],2,[],2019-01-20 23:23:08,0.0,0,0,6476890,2019-01-20 23:23:08,,0.0,0.0,0,,0.0,0.0,0.0,12
1,[],10,[],2019-02-06 20:47:12,675538.60752415,0.00000579,0.000000000197215506,6606701,2019-02-06 20:47:12,btc,666810.5856334516,11757.0012494,0.00000579,btc,755074.18150022,0.0,0.8285766981120432,13
1,[],4,[],2019-02-07 08:05:29,1298044.71682059,0.00000622,0.000000000212149272,6610892,2019-02-07 08:05:29,btc,0.3000349819901924,0.0,0.00000622,btc,42826.4011488,0.99738236,1.2156890078780693,13
1,[],21,[],2019-02-07 08:05:32,1585499.77128871,0.000006939999999999999622424425028,0.000000000236706744,6610893,2019-02-07 08:05:32,btc,8.9415636502074,2532437.60689927,0.000006939999999999999622424425027578109848036547191441059112548828125,btc,1027546.17528594,17.859715,9.292295893715597,13
1,[],4,[],2019-02-07 08:05:33,1206829.53169831,0.00000164,0.000000000055936464000000004,6610894,2019-02-07 08:05:33,btc,0.1108570432592166,0.0,0.00000164,btc,51110.6167635,0.00936919,0.5219103983062724,14
1,[],12,[],2019-02-07 08:05:34,89999.21917808,0.000001570000000000000003069918451392705804892102605663239955902099609375,0.000000000053548932,6610895,2019-02-07 08:05:34,btc,1.7637269231737391,0.0,0.000001570000000000000003069918451392705804892102605663239955902099609375,btc,28186.00592497,0.0,0.0119390399999968,14
0,[],17,[],2019-02-07 08:05:36,0.0,0,0,6610896,2019-02-07 08:05:36,btc,0.0,0.0,0,btc,0.0,0.0,0.0,14
1,[],26,[],2019-02-07 08:05:36,0.0,0.00000049,0.000000000016712724000000002,6610897,2019-02-07 08:05:36,btc,0.0,0.0,0.00000049,btc,0.0,0.0,0.0,14
,[],12,[],2018-12-01 15:15:48,204241.84496,0.00000489,0.000000000202473384,5260204,2018-12-01 15:15:48,btc,49.5475654835,0.0,,btc,35763.2193806,0.0163153972027625,0.0203389899998,15
0,[],4,[],2019-02-07 08:05:37,0.0,0,0,6610898,2019-02-07 08:05:37,,0.0,0.0,0,,0.0,0.0,0.0,15
1,[],4,[],2019-02-07 07:59:11,23964.61776981,0.00001812,0.000000000617997096,6610702,2019-02-07 07:59:11,btc,2.3035265771304525,0.0,0.00001812,btc,11912.22106681,0.03761059,0.0636571128347441,18
1,[],10,[],2019-02-07 07:59:13,789586.62098675,0.00001776,0.000000000605719008,6610703,2019-02-07 07:59:13,btc,15.594580590082485,3502.80917949,0.00001776,btc,12868.97858644,0.0,0.2926566130346942,18
1,[],12,[],2019-02-07 07:59:14,200400.85373481,0.00001599999999999999927596978921418013896982301957905292510986328125,0.0000000005456928,6610704,2019-02-07 07:59:14,btc,0.1922203628455899,0.0,0.00001599999999999999927596978921418013896982301957905292510986328125,btc,2071.62230651,0.0191746745227269,0.0103732892948775,18
0,[],17,[],2019-02-07 07:59:15,0.0,0,0,6610705,2019-02-07 07:59:15,btc,0.0,0.0,0,btc,0.0,0.0,0.0,18
0,[],2,[],2019-01-20 23:23:38,0.0,0,0,6476906,2019-01-20 23:23:38,,0.0,0.0,0,,0.0,0.0,0.0,18
0,[],2,[],2019-01-20 23:24:19,0.0,0,0,6476924,2019-01-20 23:24:19,,0.0,0.0,0,,0.0,0.0,0.0,19
1,[],3,[],2019-02-07 08:05:38,124754.30466579046,0.00002188999999999999878709001921439636362265446223318576812744140625,0.000000000746615364,6610899,2019-02-07 08:05:38,btc,0.4510756535126151,267.572280702,0.00002188999999999999878709001921439636362265446223318576812744140625,btc,5277.930805902641,0.0,0.10111372583171283,19
1,[],4,[],2019-02-07 08:05:39,238608.8015056,0.00002122,0.0000000007237632720000001,6610900,2019-02-07 08:05:39,btc,0.3415610971869628,0.0,0.00002122,btc,12611.99122393,0.78546867,2.544886889668072,19
1,[],5,[],2019-02-07 08:05:40,0.00013112,0.00002500,0.0000000008526900000000001,6610901,2019-02-07 08:05:40,btc,0.27083737,0.07315106,0.00002500,btc,0.00307074,0.0,0.10446636,19
1,[],12,[],2019-02-07 08:05:41,134772.1230588,0.00002472999999999999870092630416262835524321417324244976043701171875,0.0000000008434809480000001,6610902,2019-02-07 08:05:41,btc,0.0301708897292218,0.0,0.00002472999999999999870092630416262835524321417324244976043701171875,btc,315.41105484,0.00020965,0.031820143244124,19
0,[],27,[],2019-02-07 08:05:43,0.0,0,0,6610903,2019-02-07 08:05:43,,0.0,0.0,0,btc,0.0,0.0,0.0,19
1,[],4,[],2019-02-07 08:05:44,8042346.97209016,0.00000013,0.000000000004433988,6610904,2019-02-07 08:05:44,btc,0.8115322781103699,0.0,0.00000013,btc,1594753.31171721,0.0,0.255683087491571,20
1,[],4,[],2019-02-07 08:05:45,122069349.60142225,0.00000002,0.000000000000682152,6610905,2019-02-07 08:05:45,btc,0.6269005045789393,0.0,0.00000002,btc,16267351.82765048,0.0073669,1.4509645762382855,21
1,[],12,[],2019-02-07 08:05:46,19032664.0,0.00000002,0.0000000000006821520000000001,6610906,2019-02-07 08:05:46,btc,669.7788089732579,0.0,0.00000002,btc,8561851.65434831,0.0,0.25358563,21
0,[],17,[],2019-02-07 08:05:48,0.0,0,0,6610907,2019-02-07 08:05:48,btc,0.0,0.0,0,btc,0.0,0.0,0.0,21
1,[],12,[],2019-02-07 08:05:49,2156926677.531895,0.0000000001,0.0000000000000034107600000000002,6610908,2019-02-07 08:05:49,btc,625864717704.0381,0.0,0.0000000001,btc,4320339317.004207,0.005836077553646946,0.21569266775318952,23
0,[],27,[],2019-02-07 08:05:51,0.0,0,0,6610909,2019-02-07 08:05:51,,0.426429,0.0,0,eth,426429.0,0.0,0.0,23
1,[],4,[],2019-02-07 08:05:52,387353.36736136,0.00000078,0.000000000026603928000000003,6610910,2019-02-07 08:05:52,btc,0.0773003520304969,0.0,0.00000078,btc,70058.79797619,0.02584874,0.1999827502281883,24
1,[],22,[],2019-02-07 08:05:55,11.76,0.00000100,0.0000000000341076,6610911,2019-02-07 08:05:55,BTC,7.415e-05,0.0,0.00000100,BTC,23.919354838709676,0.0,1.176e-05,24
0.0,[],25,[],2019-02-07 08:05:56,0.0,0,0,6610912,2019-02-07 08:05:56,,0.0,0.0,0.0,btc,0.0,0.0,0.0,24
0,[],2,[],2019-01-20 23:25:56,0.0,0,0,6476976,2019-01-20 23:25:56,,0.0,0.0,0,,0.0,0.0,0.0,26
1,[],4,[],2019-02-07 08:05:57,27834934.70622026,0.00000663,0.00000000022613338800000002,6610913,2019-02-07 08:05:57,btc,0.4064266880109837,0.0,0.00000663,btc,33045.80964909,0.1764514,0.4230956280364619,26
1,[],10,[],2019-02-07 08:05:59,731230.5850547,0.00000592,0.000000000201916992,6610914,2019-02-07 08:05:59,btc,25.97358904541356,26.05242634,0.00000592,btc,12951.4789883,0.0,0.2093630957928186,26
1,[],3,[],2019-02-07 08:06:00,5712427.99917938,0.00000002,0.0000000000006821520000000001,6610915,2019-02-07 08:06:00,btc,2.512979286177026,194097.539672,0.00000002,btc,16145309.5169197,0.0,0.058788779595073296,27
1,[],5,[],2019-02-07 08:06:01,3e-08,0.00000002,0.000000000000682152,6610916,2019-02-07 08:06:01,btc,1.51475804,9.135e-05,0.00000002,btc,4.69e-05,0.0,0.11664222,27
1,[],11,[],2019-02-07 08:06:03,10064996.7912115,0.00000005,0.0000000000017053800000000002,6610917,2019-02-07 08:06:03,btc,370.63310344475406,219.9,0.00000005,btc,8170877.7193934005,0.0,0.4661206184459823,27
1,[],4,[],2019-02-07 08:06:05,607147489.5526282,0.00000002,0.000000000000682152,6610918,2019-02-07 08:06:05,btc,0.20877829233685868,0.0,0.00000002,"btc,ltc",29226326.58566952,0.16001924,7.394808890303721,29
1,[],7,[],2019-02-07 08:06:06,29956638.35401335,0.00000002,0.0000000000006821520000000001,6610919,2019-02-07 08:06:06,btc,44465205.791205026,9561299.73727,0.00000002,btc,42469892.00241918,0.28774936,0.43313265755711633,29
1,[],4,[],2019-02-07 08:06:07,1659111.35872301,0.00000031,0.000000000010573356,6610920,2019-02-07 08:06:07,btc,0.2589456534946171,0.0,0.00000031,btc,535664.25766992,0.00701352,0.158753681492947,30
0,[],17,[],2019-02-07 08:06:08,0.0,0,0,6610921,2019-02-07 08:06:08,btc,0.0,0.0,0,btc,0.0,0.0,0.0,30
1,[],4,[],2019-02-07 08:06:09,1151661.96679053,0.00006612,0.0000000022551945120000003,6610922,2019-02-07 08:06:09,btc,0.9827778636386792,0.0,0.00006612,btc,12548.58207887,0.60813767,3.0534637487167884,31
1,[],21,[],2019-02-07 08:06:09,89911.99344326,0.00006622999999999999438775322158,0.000000002258946348,6610923,2019-02-07 08:06:09,btc,5.995232061793189,248877.18742657,0.00006622999999999999438775322158079461587476544082164764404296875,btc,80953.4205707,16.69126973,5.526812494504151,31
0,[],2,[],2019-01-20 23:28:43,0.0,0,0,6477009,2019-01-20 23:28:43,,0.0,0.0,0,,0.0,0.0,0.0,32
1,[],4,[],2019-02-07 08:06:10,150807090.41151205,0.00000005,0.0000000000017053800000000002,6610924,2019-02-07 08:06:10,btc,2.1290935271891422,0.0,0.00000005,"btc,ltc",42707533.02983443,0.43827677,2.762871027200792,33
1,[],12,[],2019-02-07 08:06:12,16454855.0,0.00000005,0.0000000000017053800000000002,6610925,2019-02-07 08:06:12,btc,17261781.771564133,0.0,0.00000005,btc,89355477.65534444,0.0391250002497526,0.57455247,33
1,[],4,[],2019-02-07 08:06:13,126997357.45115793,0.00000002,0.000000000000682152,6610926,2019-02-07 08:06:13,btc,0.7629581750051427,0.0,0.00000002,btc,25431939.16683809,1.30407543,1.2718315736615793,34
1,[],5,[],2019-02-07 08:06:14,3e-08,0.00000002,0.000000000000682152,6610927,2019-02-07 08:06:14,btc,3.74172854,1.30814735,0.00000002,btc,1.394e-05,0.0,0.97859415,34
0.0000000000972082,[],4,[],2019-02-07 08:06:15,1299233217.304,2.916246e-18,9.946615206960001e-23,6610928,2019-02-07 08:06:15,ltc,7.874080928319677e-09,0.0,0.00000003,ltc,1625186358.2348835,0.0,2.4584216014750574e-09,36
1,[],5,[],2019-02-07 08:06:16,0.0,0,0,6610929,2019-02-07 08:06:16,btc,193.19395139,0.0,0,btc,1.295e-05,0.0,0.0,36
0,[],17,[],2019-02-07 08:06:17,0.0,0,0,6610930,2019-02-07 08:06:17,btc,0.1417436283254933,0.00010908,0,btc,10815166.27743647,0.0,0.0,36
0.0000000000972082,[],27,[],2019-02-07 08:06:19,1000000.0,1.944164e-18,6.63107680464e-23,6610931,2019-02-07 08:06:19,ltc,252.8263276744,0.0,0.00000002,"ltc,eth",3711879.06,0.0,1.944164e-12,36
1,[],4,[],2019-02-07 06:57:48,261375.91429814,0.00000133,0.000000000045339301,6610387,2019-02-07 06:57:48,btc,0.4413677504077848,0.0,0.00000133,btc,245306.59634139,0.06793911,0.1579938049709488,37
1,[],12,[],2019-02-07 06:57:49,427423.17353834,0.000001359999999999999896105784720490294859018831630237400531768798828125,0.000000000046361991999999995,6610388,2019-02-07 06:57:49,btc,1337.8973412681712,0.0,0.000001359999999999999896105784720490294859018831630237400531768798828125,btc,850158.62299478,0.0625338505202575,0.29266175190001187,37
1,[],17,[],2019-02-07 06:57:51,1752.74075282,0.00000025,0.000000000008522425,6610389,2019-02-07 06:57:51,btc,0.05548492396380832,0.0,0.00000025,btc,1387.19918473,0.0,0.00043818518820499993,37
1,[],27,[],2019-02-07 06:57:53,16833.0,0.00000052,0.000000000017726643999999998,6610390,2019-02-07 06:57:53,btc,32.34621317030353,0.0,0.00000052,btc,19579.81438508,0.0,0.00570484,37
1,[],5,[],2019-02-07 08:06:21,1.526e-05,0.00000091,0.000000000031037916,6610932,2019-02-07 08:06:21,btc,0.09465166,0.09839172,0.00000091,btc,0.00010027,0.0,0.04749314,42
1,[],12,[],2019-02-07 08:06:22,148265.4716672,0.000001069999999999999919816744131662034078544820658862590789794921875,0.000000000036495132,6610933,2019-02-07 08:06:22,btc,88.5196782511968,0.0,0.000001069999999999999919816744131662034078544820658862590789794921875,btc,104272.32972253,0.0134157001698412,0.052104129999995696,42
0,[],27,[],2019-02-07 08:06:23,0.0,0,0,6610934,2019-02-07 08:06:23,,0.00315028,0.0,0,"btc,eth",11.007,0.0,0.0,42
1,[],5,[],2019-02-07 08:00:00,6e-08,0.00000003,0.000000000001023174,6610742,2019-02-07 08:00:00,btc,6.02525856,0.00010837,0.00000003,btc,1.425e-05,0.0,0.52851168,43
1,[],12,[],2019-02-07 08:00:02,6725799.0,0.00000002,0.000000000000682116,6610743,2019-02-07 08:00:02,btc,20007456.464659102,0.0,0.00000002,btc,38832538.08831168,0.0003215197802198,0.06729673,43
0,[],17,[],2019-02-07 08:00:03,0.0,0,0,6610744,2019-02-07 08:00:03,btc,0.0,0.0,0,btc,0.0,0.0,0.0,43
1,[],12,[],2019-02-07 08:06:25,853506.0,0.00000006,0.000000000002046456,6610935,2019-02-07 08:06:25,btc,11115166.92776663,0.0,0.00000006,btc,1018842.00399599,0.0013073062737261,0.02484622,44
1,[],4,[],2019-02-07 08:06:26,224421153.98247296,0.00000002,0.000000000000682152,6610936,2019-02-07 08:06:26,btc,0.1882918045494252,0.0,0.00000002,"btc,ltc",4784117.91746672,0.00544859,0.4299779833504427,49
0.0000000000971734,[],4,[],2019-02-07 08:00:06,4577737182.117896,1.943468e-18,6.62835309144e-23,6610747,2019-02-07 08:00:06,ltc,4.64517350410052,0.0,0.00000002,ltc,1785603133.4963932,0.0,4.701487777672898e-09,52
0,[],22,[],2019-02-07 08:06:29,0.0,0,0,6610937,2019-02-07 08:06:29,,3693.16121,0.0,0,,247835727.90882352,0.0,0.0,57
0,[],27,[],2019-02-07 08:06:31,0.0,0,0,6610938,2019-02-07 08:06:31,,0.0,0.0,0,"btc,eth",0.0,0.0,0.0,57
0.0000000000971734,[],4,[],2019-02-07 08:00:12,1586642912.4437075,4.85867e-18,1.65708827286e-22,6610750,2019-02-07 08:00:12,ltc,3.2816298266199593,0.0,0.00000005,ltc,1054486267.1813433,0.0,5.208300236048522e-09,58
1,[],12,[],2019-02-07 08:00:13,2090482169.175957,0.0000000006,0.00000000000002046348,6610751,2019-02-07 08:00:13,btc,124005484600.63258,0.0,0.0000000006,btc,3390251568.8822174,0.030161159331468537,0.7620312793003392,58
0,[],17,[],2019-02-07 08:00:14,0.0,0,0,6610752,2019-02-07 08:00:14,btc,1e+24,0.0,0,btc,41616695.95832568,0.0,0.0,58
0.0000000001253095,[],22,[],2019-02-07 08:00:17,137438.0,1.253095e-18,4.2737807451e-23,6610753,2019-02-07 08:00:17,XMR,69.8835922,0.0,0.00000001,XMR,9887963.0,0.0,0.00137438,58
1,[],5,[],2019-02-07 08:00:18,5.81e-06,0.00000060,0.00000000002046348,6610754,2019-02-07 08:00:18,btc,0.32757445,0.00093421,0.00000060,btc,0.00014877,0.0,0.04455423,61
1,[],22,[],2019-02-07 08:00:22,5111.5,0.00000011,0.000000000003751638,6610755,2019-02-07 08:00:22,BTC,1002.29606732,0.0,0.00000011,BTC,15028.700278135757,0.0,0.00051178,61
1,[],26,[],2019-02-07 08:00:22,0.0,0.00000800,0.0000000002728464,6610756,2019-02-07 08:00:22,btc,0.0,0.0,0.00000800,btc,0.0,0.0,0.0,61
1,[],27,[],2019-02-07 08:00:24,100.0,0.00000032,0.000000000010913856,6610757,2019-02-07 08:00:24,btc,0.183742184,12.58,0.00000032,"btc,eth",188.1888,0.0055352,3.1e-05,61
1,[],28,[],2019-02-07 08:00:29,6884.304,0.0000006,0.00000000002046348,6610758,2019-02-07 08:00:29,btc,2.059333633700105,614.0,0.0000006,btc,10745.10450005,0.0,0.00216611304,61
1,[],4,[],2019-02-07 08:00:29,378881.32041141,0.00000186,0.000000000063436788,6610759,2019-02-07 08:00:29,btc,0.7445069059547942,0.0,0.00000186,btc,228569.47725699,0.08241757,0.4985259616060489,67
0.0,[],25,[],2019-02-07 08:00:30,0.0,0,0,6610760,2019-02-07 08:00:30,,0.0,0.0,0.0,btc,0.0,0.0,0.0,67
1,[],12,[],2019-02-07 08:06:32,2598609.5592012,0.00000037,0.000000000012619812,6610939,2019-02-07 08:06:32,btc,11115896.52806235,0.0,0.00000037,btc,2003018.23636363,0.0903591583816325,0.101198375091112,71
,[],5,[],2018-11-20 23:02:39,1.5e-07,0.00000005,0.000000000002128045,4862160,2018-11-20 23:02:39,btc,2.84511358,0.0,,btc,0.00036572,0.0,0.07381892,74
1,[],5,[],2019-01-25 15:53:51,3.303e-05,0.00000156,0.000000000055588884,6499610,2019-01-25 15:53:51,btc,1.42844212,0.0,0.00000156,btc,0.00015937,0.0,0.49487621,75
0,[],20,[],2019-01-25 09:30:31,0.0,0,0,6495923,2019-01-25 09:30:31,btc,0.0,0.0,0,btc,0.0,0.0,0.0,81
1,[],4,[],2019-02-07 08:06:32,61335380.82492337,0.00000001,0.000000000000341076,6610940,2019-02-07 08:06:32,btc,0.7643178127338421,0.0,0.00000001,btc,14463797.09306941,0.00040318,0.6133538082492337,81
1,[],4,[],2019-02-07 08:06:34,23955.49037829,0.00007350,0.0000000025069086000000004,6610941,2019-02-07 08:06:34,btc,0.7913263063258491,0.0,0.00007350,btc,7264.92092544,0.00382959,0.0988404010749433,82
1,[],21,[],2019-02-07 08:06:35,54722.4458817,0.00007527000000000000270311550921,0.0000000025672790520000003,6610942,2019-02-07 08:06:35,btc,3.593009885705769,2209.95820325,0.000075270000000000002703115509206099886796437203884124755859375,btc,40800.4179587,0.16799465,2.995624720830002,82
0,[],17,[],2019-02-07 08:00:37,0.0,0,0,6610765,2019-02-07 08:00:37,btc,0.0447233088476774,0.0,0,btc,999127.19588126,0.0,0.0,84
0.0000000000972082,[],4,[],2019-02-07 08:06:36,342262009.1442912,1.1664984e-17,3.9786460827840002e-22,6610943,2019-02-07 08:06:36,ltc,0.19569063221780977,0.0,0.00000012,ltc,68257128.85581446,0.0,1.3700390798246e-09,85
,[],22,[],2018-11-20 23:09:34,3408.1,0.0000001,0.0000000000041895,4862324,2018-11-20 23:09:34,BTC,0.04624735,0.0,,BTC,4990.0,0.0,0.00033081,86
1,[],22,[],2019-02-07 08:06:39,740.0,0.00000005,0.0000000000017053800000000002,6610944,2019-02-07 08:06:39,BTC,2.07746772,0.0,0.00000005,BTC,141362.94736842104,0.0,3.7e-05,87
0,[],27,[],2019-02-07 08:06:41,0.0,0,0,6610945,2019-02-07 08:06:41,,0.0,0.0,0,btc,0.0,0.0,0.0,87
,[],2,[],2018-11-20 23:10:47,0.0,0,0,4862359,2018-11-20 23:10:47,,0.0,0.0,,,0.0,0.0,0.0,88
1,[],11,[],2019-02-07 08:06:43,96378.49870089,0.0001771499999999999962717323054306461926898919045925140380859375,0.000000006042161340000001,6610946,2019-02-07 08:06:43,btc,246.61016934754295,319.58458772,0.0001771499999999999962717323054306461926898919045925140380859375,btc,187902.84330995,0.0,6.600121099518995,89
1,[],12,[],2019-02-07 08:06:44,446181.60923615,0.00000403000000000000037879421821429559713578782975673675537109375,0.00000000013745362800000003,6610947,2019-02-07 08:06:44,btc,1115.2283185993533,0.0,0.00000403000000000000037879421821429559713578782975673675537109375,btc,36031.96182398,0.003695675925856,0.087656181699654,91
0,[],17,[],2019-02-07 08:06:45,0.0,0,0,6610948,2019-02-07 08:06:45,btc,0.0,0.0,0,btc,0.0,0.0,0.0,91
0,[],2,[],2019-01-20 23:31:45,0.0,0,0,6477083,2019-01-20 23:31:45,,0.0,0.0,0,,0.0,0.0,0.0,91
0.0000000000972082,[],22,[],2019-02-07 08:06:49,28845304.0,5.832492e-18,1.9893230413920001e-22,6610949,2019-02-07 08:06:49,LTC,8.80758359,0.0,0.00000006,LTC,76429729.6,0.0,1.18962528,95
1,[],4,[],2019-02-07 08:06:50,138150582.49855494,0.00000001,0.000000000000341076,6610950,2019-02-07 08:06:50,btc,0.8509309911762611,0.0,0.00000001,"btc,ltc",43379248.04945478,0.02399544,0.0743969473806733,96
0,[],12,[],2019-02-07 08:06:51,0.0,0,0,6610951,2019-02-07 08:06:51,btc,255063.47444261555,0.0,0,btc,8874609.32498475,9.99000999001e-05,0.0,96
0,[],17,[],2019-02-07 08:06:53,0.0,0,0,6610952,2019-02-07 08:06:53,btc,0.0,0.0,0,btc,0.0,0.0,0.0,96
1,[],4,[],2019-02-07 08:06:54,1723735.6179201,0.00000033,0.000000000011255508000000002,6610953,2019-02-07 08:06:54,btc,0.2133802742778691,0.0,0.00000033,btc,385046.56382272,0.06558813,0.2084116956462236,99
1,[],4,[],2019-02-07 08:06:54,78020.94688623,0.00004330,0.00000000147685908,6610954,2019-02-07 08:06:54,btc,1.1008744430704431,0.0,0.00004330,btc,22613.07094699,1.95616094,2.893920912119769,100
0,[],2,[],2019-01-20 23:23:55,0.0,0,0,6476914,2019-01-20 23:23:55,,0.0,0.0,0,,0.0,0.0,0.0,100
1,[],22,[],2019-02-07 08:06:58,50000.0,0.00000001,0.000000000000341076,6610955,2019-02-07 08:06:58,BTC,23.50383609,0.0,0.00000001,BTC,11277.22,0.0,0.0005,101
1,[],4,[],2019-02-07 08:06:59,151102.71728023,0.00000115,0.00000000003922374,6610956,2019-02-07 08:06:59,btc,0.4070329782071441,0.0,0.00000115,btc,143822.96847963,0.03559093,0.1001814193215298,103
1,[],12,[],2019-02-07 08:07:02,84098317.50523362,0.000000017,0.0000000000005798292,6610957,2019-02-07 08:07:02,btc,138278921.58104953,0.0,0.000000017,btc,128675944.44404878,0.06302986694894758,0.6568180750585827,105
1,[],27,[],2019-02-07 08:07:03,10161405.89,0.00000001,0.000000000000341076,6610958,2019-02-07 08:07:03,btc,0.620832568896094,0.0,0.00000001,btc,708411.74181977,0.0,0.1016140589,105
0,[],22,[],2019-02-07 08:07:06,0.0,0,0,6610959,2019-02-07 08:07:06,,1.07253299,0.0,0,,94300.0,0.0,0.0,107
1,[],26,[],2019-02-07 08:07:06,0.0,0.00000000,0,6610960,2019-02-07 08:07:06,btc,0.0,0.0,0.00000000,btc,0.0,0.0,0.0,107
1,[],5,[],2019-02-07 08:07:07,3e-08,0.00000002,0.000000000000682152,6610961,2019-02-07 08:07:07,btc,2.81014962,0.05363077,0.00000002,btc,1.649e-05,0.0,0.1162007,112
1,[],22,[],2019-02-07 08:07:11,16966.0,0.00000001,0.000000000000341076,6610962,2019-02-07 08:07:11,BTC,2.85883288,0.0,0.00000001,BTC,1508529.0833333333,0.0,0.00016966,112
0.0000000003087212,[],27,[],2019-02-07 08:07:13,500000.0,3.087212e-18,1.0529739201120001e-22,6610963,2019-02-07 08:07:13,eth,1.25132491849924,0.0,0.00000001,"btc,eth",1327.641654,0.0,1.543606e-12,112
1,[],4,[],2019-02-07 08:07:14,469571.37710762,0.00000458,0.00000000015621280800000001,6610964,2019-02-07 08:07:14,btc,0.6611032995976138,0.0,0.00000458,btc,103496.50140226,0.4078028,0.2985896187086602,113
1,[],5,[],2019-02-07 08:07:15,1.994e-05,0.00000380,0.00000000012960888,6610965,2019-02-07 08:07:15,btc,1.00811908,0.00781837,0.00000380,btc,0.00231694,0.0,0.20243071,113
1,[],17,[],2019-02-07 08:07:16,174538.724,0.00000004,0.0000000000013643040000000002,6610966,2019-02-07 08:07:16,btc,1.336803027404827,0.0,0.00000004,btc,51896.221,0.0,0.00308154896,116
0,[],27,[],2019-02-07 08:07:18,0.0,0,0,6610967,2019-02-07 08:07:18,,0.0,0.0,0,btc,0.0,0.0,0.0,116
1,[],4,[],2019-02-07 08:07:19,32746.58463129,0.00002702,0.0000000009215873520000001,6610968,2019-02-07 08:07:19,btc,0.419482202723201,0.0,0.00002702,btc,13106.1125622,1.05702428,0.5903828033249301,120
1,[],7,[],2019-02-07 08:07:19,14717.31440498,0.00001796000000000000083899033553880286717685521580278873443603515625,0.0000000006125724960000001,6610969,2019-02-07 08:07:19,btc,88979.71300612907,0.28810141,0.00001796000000000000083899033553880286717685521580278873443603515625,btc,29620.46694662,1e-05,0.1263532153453773,120
1,[],20,[],2019-02-07 08:07:21,1565914.1136,0.000000015,0.0000000000005116140000000001,6610970,2019-02-07 08:07:21,btc,33.7484903655786,43261.8958,0.000000015,btc,1062852.4953,0.000668928437,0.0083486985797,125
1,[],22,[],2019-02-07 08:07:25,3053.0,0.00000001,0.000000000000341076,6610971,2019-02-07 08:07:25,BTC,0.01444889,0.0,0.00000001,BTC,296264.5111111111,0.0,3.053e-05,126
1,[],4,[],2019-02-07 08:07:26,141574.73702196,0.00001684,0.0000000005743719840000001,6610972,2019-02-07 08:07:26,btc,0.5595891172787262,0.0,0.00001684,btc,27718.09335062,0.2592772,0.6833220122653625,131
0,[],17,[],2019-02-07 08:07:27,0.0,0,0,6610973,2019-02-07 08:07:27,btc,0.0009561751951600001,0.0,0,btc,35.42829368,0.0,0.0,131
0,[],2,[],2019-01-20 23:25:46,0.0,0,0,6476969,2019-01-20 23:25:46,,0.0,0.0,0,,0.0,0.0,0.0,131
1,[],4,[],2019-02-07 08:07:28,4686.58466119,0.00016025,0.000000005465742900000001,6610974,2019-02-07 08:07:28,btc,1.6397289749314112,0.0,0.00016025,btc,296.65845559,0.00107493,0.0188975859016897,135
1,[],3,[],2019-02-07 08:07:29,1829013.72562326,0.00000005,0.0000000000017053800000000002,6610975,2019-02-07 08:07:29,btc,0.1411339578040692,28359.1180476,0.00000005,btc,454713.80018217,0.0,0.0673182211089435,136
1,[],4,[],2019-02-07 08:07:30,81731.09412584,0.00000173,0.00000000005900614800000001,6610976,2019-02-07 08:07:30,btc,0.0688041600265553,0.0,0.00000173,btc,32294.66496394,0.00993315,0.1084961379142244,137
1,[],12,[],2019-02-07 08:07:31,314827.41658306,0.00000172000000000000004922169442866941579950434970669448375701904296875,0.000000000058665072,6610977,2019-02-07 08:07:31,btc,11982.945902268299,0.0,0.00000172000000000000004922169442866941579950434970669448375701904296875,btc,157800.09369316,6.58465434622e-05,0.0573368143350896,137
1,[],5,[],2019-02-07 08:07:32,0.00160001,0.00004900,0.0000000016712724,6610978,2019-02-07 08:07:32,btc,9.55006771,4.41283316,0.00004900,btc,0.00618115,0.0,1.34188304,142
1,[],17,[],2019-02-07 08:07:33,12500.0,0.0000001,0.0000000000034107600000000003,6610979,2019-02-07 08:07:33,btc,20.261021578984597,0.0,0.0000001,btc,5931.99821453,0.0,0.00125,142
1,[],20,[],2019-02-07 08:07:35,150881.889,0.000041,0.0000000013984116,6610980,2019-02-07 08:07:35,btc,3.117256370767,0.0,0.000041,btc,6008.3883,0.0,0.2732855574608,142
1,[],22,[],2019-02-07 08:07:39,1029.9,0.00001010,0.00000000034448676,6610981,2019-02-07 08:07:39,BTC,3.00715926,0.0,0.00001010,BTC,897.098503144654,0.00023804,0.00083399,142
0.0,[],25,[],2019-02-07 08:07:40,0.0,0,0,6610982,2019-02-07 08:07:40,,0.0,0.0,0.0,btc,0.0,0.0,0.0,142
1,[],28,[],2019-02-07 08:07:42,79065.0,0.00004400,0.0000000015007344000000002,6610983,2019-02-07 08:07:42,btc,0.0389372,1428.2967,0.00004400,btc,775.0,0.0,0.0535837,142
0,[],22,[],2019-02-07 08:07:45,0.0,0,0,6610984,2019-02-07 08:07:45,,60.29967435,0.0,0,,812206579.8,0.0,0.0,143
1,[],21,[],2019-02-07 08:07:45,33299083.47285171,0.00000026,0.000000000008867976,6610985,2019-02-07 08:07:45,btc,52.79440805408156,3802995.33585099,0.00000026,btc,90934583.43715124,1.0287136,5.010154724880856,145
0,[],22,[],2019-02-07 07:00:01,0.0,0,0,6610461,2019-02-07 07:00:01,,3.33248929,0.0,0,,1970827.5,0.0,0.0,146
,[],22,[],2018-11-20 23:01:11,0.0,0,0,4862114,2018-11-20 23:01:11,,2.56807021,0.0,,,61828.4988236,0.0,0.0,147
1,[],12,[],2019-02-07 08:07:47,8687111.2165947,0.00000349999999999999994749750979738944778318909811787307262420654296875,0.0000000001193766,6610986,2019-02-07 08:07:47,btc,16.529510710751726,0.0,0.00000349999999999999994749750979738944778318909811787307262420654296875,btc,115886.52191469,0.001910130319649,0.12174673000000061,148
1,[],4,[],2019-02-07 08:07:47,308094.76333392,0.00000028,0.000000000009550128000000001,6610987,2019-02-07 08:07:47,btc,0.921305284002992,0.0,0.00000028,btc,819414.43021698,0.0,0.0682596103593739,152
0,[],22,[],2019-02-07 08:07:50,0.0,0,0,6610988,2019-02-07 08:07:50,,0.0,0.0,0,,0.0,0.0,0.0,152
1,[],5,[],2019-02-07 08:07:51,0.0,0,0,6610989,2019-02-07 08:07:51,btc,4.42293222,0.0,0,btc,0.00161275,0.0,0.0,153
,[],16,[],2019-01-11 15:38:59,0.0,0,0,6366141,2019-01-11 15:38:59,btc,0.0,0.0,,btc,0.0,0.0,0.0,155
0,[],22,[],2019-02-07 08:01:57,0.0,0,0,6610813,2019-02-07 08:01:57,,6.74512347,0.0,0,,4576272.742592593,0.0,0.0,156
0,[],23,[],2019-01-20 23:24:29,0.0,0,0,6476932,2019-01-20 23:24:29,,0.0,0.0,0,,0.0,0.0,0.0,156
1,[],22,[],2019-02-07 08:07:55,7906.0,0.00000801,0.000000000273201876,6610990,2019-02-07 08:07:55,BTC,43.78801181,0.0,0.00000801,BTC,1067.5805334758436,0.0,0.00743836,157
0,[],22,[],2019-02-07 08:08:04,0.0,0,0,6610991,2019-02-07 08:08:04,,50175.6753658,0.0,0,,54007107.04179466,0.0,0.0,158
,[],17,[],2018-11-20 22:56:10,0.0,0,0,4861976,2018-11-20 22:56:10,btc,1.1265625,0.0,,btc,1000.0,0.0,0.0,159
,[],20,[],2018-11-20 22:56:12,0.0,0,0,4861977,2018-11-20 22:56:12,btc,11912.7940471,0.0,,btc,34413894.3617,0.0,0.0,159
1,[],12,[],2019-02-07 08:02:05,194568.34393754,0.00000921999999999999981571165152960389832514920271933078765869140625,0.000000000314455476,6610816,2019-02-07 08:02:05,btc,6.687848617321759,0.0,0.00000921999999999999981571165152960389832514920271933078765869140625,btc,14898.20582472,0.0053251345206475,0.0940297509534138,168
1,[],17,[],2019-02-07 08:02:07,29784.95,0.000001,0.0000000000341058,6610817,2019-02-07 08:02:07,btc,0.03026736251542,0.0,0.000001,btc,144.46171372,0.0,0.00716147,168
0,[],22,[],2019-02-06 12:36:32,0.0,0,0,6600935,2019-02-06 12:36:32,,1.14688224,0.0,0,,677302.5900917595,0.0,0.0,169
1,[],22,[],2019-02-07 08:08:07,228500.0,0.00000024,0.000000000008185824000000001,6610992,2019-02-07 08:08:07,BTC,10.32930825,0.0,0.00000024,BTC,126343.56590535682,0.00221676,0.02364,171
1,[],22,[],2019-02-07 08:08:11,255092.31547619047,0.00000024,0.000000000008185824000000001,6610993,2019-02-07 08:08:11,BTC,2.63532502,0.0,0.00000024,BTC,233227.04387740497,0.0,0.02462075,173
1,[],5,[],2019-02-07 08:08:12,2.04e-05,0.00000314,0.000000000107097864,6610994,2019-02-07 08:08:12,btc,0.385439,0.04032909,0.00000314,btc,0.00029032,0.0,0.70345943,175
1,[],22,[],2019-02-07 08:08:16,52749.25714285715,0.0000006,0.000000000020464560000000002,6610995,2019-02-07 08:08:16,BTC,0.6295341,0.0,0.0000006,BTC,150687.43518325547,0.00469339,0.01833557,176
1,[],7,[],2019-02-07 08:08:25,0.0,0,0,6610996,2019-02-07 08:08:25,btc,233187.72099201294,1130.0,0,btc,115003286.22995901,1.13e-05,0.0,178
0,[],22,[],2019-02-07 08:08:27,0.0,0,0,6610997,2019-02-07 08:08:27,,1.00242428,0.0,0,,57512.0,0.0,0.0,178
0,[],2,[],2019-01-20 23:28:34,0.0,0,0,6477001,2019-01-20 23:28:34,,0.0,0.0,0,,0.0,0.0,0.0,178
1,[],5,[],2019-02-07 08:08:29,3e-08,0.00000002,0.000000000000682152,6610998,2019-02-07 08:08:29,btc,16.9049116,0.04960763,0.00000002,btc,2.088e-05,0.0,0.97643891,179
1,[],22,[],2019-02-07 08:08:33,8322534.0,0.00000002,0.000000000000682152,6610999,2019-02-07 08:08:33,BTC,5.51804142,0.0,0.00000002,"BTC,LTC",18726503.068656635,4.65e-05,0.39371052,179
0,[],23,[],2019-01-20 23:25:08,0.0,0,0,6476952,2019-01-20 23:25:08,,0.0,0.0,0,,0.0,0.0,0.0,179
1,[],17,[],2019-02-07 08:08:35,10504.725,0.0000001,0.0000000000034107600000000003,6611000,2019-02-07 08:08:35,btc,5.206166879877185,0.0,0.0000001,btc,6755.0074587,0.0,0.0010504725,180
1,[],22,[],2019-02-07 08:02:44,30971.945454545454,0.00000011,0.000000000003751638,6610827,2019-02-07 08:02:44,BTC,0.09735554,0.0,0.00000011,"BTC,LTC",18112.07093258778,0.0,0.00327637,180
1,[],26,[],2019-02-07 08:02:44,0.0,0.00000010,0.00000000000341058,6610828,2019-02-07 08:02:44,btc,0.0,50.0,0.00000010,btc,0.0,0.0,0.0,180
,[],7,[],2018-11-20 22:58:01,562227.975654,0.00000085,0.000000000036176765,4862015,2018-11-20 22:58:01,btc,21836.6059674,2491.87645172,,btc,749999.041456,0.00211021,0.127565380455,183
,[],5,[],2019-01-10 08:11:41,0.0,0,0,6347036,2019-01-10 08:11:41,btc,82.15055501,0.00261,,btc,1.19002445,0.0,0.0,187
1,[],24,[],2019-02-07 08:08:39,0.0,0.000000000001,3.41076e-17,6611003,2019-02-07 08:08:39,btc,0.0,0.0,0.000000000001,btc,0.0,0.0,0.0,187
,[],17,[],2018-11-16 20:58:10,4062536.27273,0.00000001,0.000000000000550501,4708775,2018-11-16 20:58:10,btc,3.36492563466,0.195460381006,,"btc,eth",110697919.549,0.0,0.0157628953496,187
0,[],22,[],2019-02-07 08:02:47,0.0,0,0,6610830,2019-02-07 08:02:47,,1.19383767,0.0,0,,14406.036201072173,0.0,0.0,191
0,[],22,[],2019-02-07 08:08:44,0.0,0,0,6611004,2019-02-07 08:08:44,,0.0,0.0,0,,0.0,0.0,0.0,197
0,[],23,[],2019-01-20 23:31:41,0.0,0,0,6477079,2019-01-20 23:31:41,,0.0,0.0,0,,0.0,0.0,0.0,199
1,[],26,[],2019-02-07 08:08:44,0.0,0.00000000,0,6611005,2019-02-07 08:08:44,btc,0.0,772255.0,0.00000000,btc,0.0,0.0,0.0,199
0,[],17,[],2019-01-30 16:32:01,0.0,0,0,6540827,2019-01-30 16:32:01,btc,6.802544163788159,0.0,0,btc,105897.55575295,0.0,0.0,200
0,[],2,[],2019-01-20 23:30:49,0.0,0,0,6477059,2019-01-20 23:30:49,,0.0,0.0,0,,0.0,0.0,0.0,201
1,[],4,[],2019-01-25 15:51:35,2084389.58565343,0.00000936,0.000000000333526752,6499557,2019-01-25 15:51:35,btc,2.0092503037378524,0.0,0.00000936,btc,160195.80207885,0.19272417,1.242687955921835,211
1,[],7,[],2019-02-07 08:08:48,4907935.15880553,0.0000015099999999999999422575606977670048536310787312686443328857421875,0.000000000051502476000000004,6611006,2019-02-07 08:08:48,btc,16567788.753732687,1559625.66004,0.0000015099999999999999422575606977670048536310787312686443328857421875,btc,10428831.3454938,2.34741366,4.958501285848698,212
1,[],5,[],2019-02-07 08:08:50,4.66e-06,0.00000034,0.000000000011596584000000001,6611007,2019-02-07 08:08:50,btc,1.19841609,0.26261651,0.00000034,btc,3.175e-05,0.0,0.43460924,213
1,[],24,[],2019-02-07 08:08:50,0.0,0.000000050000,0.0000000000017053800000000002,6611008,2019-02-07 08:08:50,btc,0.0,0.0,0.000000050000,btc,0.0,0.0,0.0,213
1,[],26,[],2019-02-07 08:08:50,0.0,0.00000009,0.000000000003069684,6611009,2019-02-07 08:08:50,btc,0.0,0.0,0.00000009,btc,0.0,0.0,0.0,213
1,[],12,[],2019-01-25 02:44:32,207462.42853209,0.000001080000000000000035831255497387193287295303889550268650054931640625,0.000000000038610756000000006,6493050,2019-01-25 02:44:32,btc,85023.03793723314,0.0,0.000001080000000000000035831255497387193287295303889550268650054931640625,btc,43675.73520027,0.000146250909087,0.0348620860622024,213
1,[],22,[],2019-02-07 08:03:03,276400.0,0.00000002,0.000000000000682116,6610837,2019-02-07 08:03:03,BTC,70.20368422,0.0,0.00000002,BTC,291693.63137942314,0.00015,0.004714,216
1,[],27,[],2019-02-07 08:03:05,5049502.0,0.00000002,0.000000000000682116,6610838,2019-02-07 08:03:05,btc,313.98514904952,21830.0,0.00000002,"btc,ltc",289368.48811,0.0074222,0.05099104,216
1,[],22,[],2019-02-07 08:08:54,337855.0695775665,0.00000291,0.00000000009925311600000001,6611010,2019-02-07 08:08:54,BTC,12677.27095373,0.0,0.00000291,BTC,416845.18981400423,0.36129181,0.53013101,217
1,[],7,[],2019-02-07 08:08:55,0.0,0,0,6611011,2019-02-07 08:08:55,btc,77970.02600413912,0.0,0,btc,134531561.1214003,0.0,0.0,219
0,[],27,[],2019-02-07 08:08:56,0.0,0,0,6611012,2019-02-07 08:08:56,,5.3418937883169715,0.0,0,btc,1605140.99226592,0.0,0.0,219
0.0000000000000054,[],28,[],2019-02-07 08:08:58,203942515.944,6.0210000000000005e-18,2.0536185960000002e-22,6611013,2019-02-07 08:08:58,doge,88584.0309717675,16731.9,0.00111500,"btc,doge",4974437.69751,0.0,2.1502717201779642e-11,219
1,[],22,[],2019-02-07 08:09:03,227487.61111111112,0.00000096,0.000000000032743296000000004,6611014,2019-02-07 08:09:03,BTC,2.78971196,0.0,0.00000096,BTC,24260.639537489747,0.06551167,0.03838635,221
1,[],24,[],2019-02-07 08:09:03,0.0,0.000000610000,0.000000000020805636,6611015,2019-02-07 08:09:03,btc,0.0,7346.72594,0.000000610000,btc,0.0,0.06994219,0.0,221
1,[],20,[],2019-02-07 08:09:05,6428636.1943,0.000000007,0.0000000000002387532,6611016,2019-02-07 08:09:05,btc,5.9929678330643,16622.4949,0.000000007,btc,7573233.9889,0.0001321580026,0.0153212378152,224
0,[],22,[],2019-02-07 08:09:07,0.0,0,0,6611017,2019-02-07 08:09:07,,0.0,0.0,0,,0.0,0.0,0.0,224
1,[],26,[],2019-02-07 08:03:32,0.0,0.00000022,0.000000000007503276,6610847,2019-02-07 08:03:32,btc,0.0,0.0,0.00000022,btc,0.0,0.0,0.0,231
1,[],26,[],2019-02-07 08:09:08,0.0,0.00000005,0.0000000000017053800000000002,6611018,2019-02-07 08:09:08,btc,0.0,0.0,0.00000005,btc,0.0,0.0,0.0,234
0,[],27,[],2019-02-07 08:09:10,0.0,0,0,6611019,2019-02-07 08:09:10,,0.0113483662182,0.0,0,"btc,eth",11462.99618,0.0,0.0,234
0,[],22,[],2019-02-07 08:09:13,0.0,0,0,6611020,2019-02-07 08:09:13,,3.02469477,0.0,0,,99242433.81349206,0.0,0.0,235
1,[],4,[],2019-02-07 08:09:15,868645.4932898,0.00000058,0.000000000019782408000000002,6611021,2019-02-07 08:09:15,btc,0.1367910649899144,0.0,0.00000058,btc,131333.12760214,0.02990871,0.1895127697386057,236
1,[],24,[],2019-02-07 08:09:16,0.0,0.000000010000,0.000000000000341076,6611022,2019-02-07 08:09:16,btc,0.0,0.0,0.000000010000,btc,0.0,0.0,0.0,236
1,[],20,[],2019-02-07 08:03:38,20862700.1671,0.00000006,0.000000000002046348,6610853,2019-02-07 08:03:38,btc,14.475930263964,16017276.9186,0.00000006,btc,26463208.1963,0.964287070712,0.4000434502223,237
0,[],22,[],2019-02-07 08:03:41,0.0,0,0,6610854,2019-02-07 08:03:41,,0.04083605,0.0,0,,4179.0,0.0,0.0,237
1,[],4,[],2019-02-07 08:03:41,4740134.11503431,0.00000035,0.00000000001193703,6610855,2019-02-07 08:03:41,btc,0.5095482445549598,0.0,0.00000035,btc,1291488.25308099,0.10275601,1.4856439708685556,238
1,[],5,[],2019-02-07 08:03:43,4.25e-06,0.00000033,0.000000000011254914,6610856,2019-02-07 08:03:43,btc,0.73447035,0.06759225,0.00000033,btc,2.957e-05,0.0,0.24283634,238
1,[],22,[],2019-02-07 08:03:47,118382.66666666667,0.00000003,0.000000000001023174,6610857,2019-02-07 08:03:47,BTC,15.41456983,0.0,0.00000003,BTC,316933.8139027493,0.0007482,0.00355148,249
0.0000000000971734,[],22,[],2019-02-07 08:03:50,1258373.0,2.915202e-18,9.94252963716e-23,6610858,2019-02-07 08:03:50,LTC,4.03395063,0.0,0.00000003,LTC,14505871.09,0.0,0.03675421,252
1,[],28,[],2019-02-07 08:03:55,2351208.286,0.00000009,0.000000000003069522,6610859,2019-02-07 08:03:55,btc,164692.2993508189,7376.3,0.00000009,btc,675372.1485,0.0,0.0814213363,256
1,[],22,[],2019-02-07 08:03:59,114807.0,0.00000001,0.000000000000341058,6610860,2019-02-07 08:03:59,BTC,30.2063862,0.0,0.00000001,BTC,455846.02135702135,4.365e-05,0.00114807,258
1,[],22,[],2019-01-26 20:58:41,368451.0,0.00000001,0.000000000000356135,6510120,2019-01-26 20:58:41,BTC,2.642917,0.0,0.00000001,"BTC,LTC",1862.0,0.0,0.02488451,259
1,[],22,[],2019-02-07 08:04:03,15366.545938748335,0.00000755,0.00000000025749879,6610861,2019-02-07 08:04:03,BTC,111115.78414377,0.0,0.00000755,BTC,5851.542661517651,0.0,0.10982441,262
1,[],5,[],2019-02-07 08:04:04,7.915e-05,0.00000347,0.000000000118347126,6610862,2019-02-07 08:04:04,btc,1.05153953,0.7087147,0.00000347,btc,0.00074797,0.0,0.2471289,264
1,[],20,[],2019-02-07 08:04:05,1172103.4012,0.00000257,0.000000000087651906,6610863,2019-02-07 08:04:05,btc,5.0363127120103,13994.0036,0.00000257,btc,94140.5732,0.0553856423942,0.0272399167711,264
1,[],22,[],2019-02-07 08:04:09,107946.5,0.00000002,0.000000000000682116,6610864,2019-02-07 08:04:09,BTC,8.46981963,0.0,0.00000002,BTC,344316.64326478855,0.00032899,0.0016613,271
0,[],22,[],2019-02-07 08:04:11,0.0,0,0,6610865,2019-02-07 08:04:11,,369.78818487,0.0,0,,14642228457.9,0.0,0.0,272
0.0000000000000054,[],28,[],2019-02-07 08:04:15,226437833975.892,5.9400000000000005e-21,2.02588452e-25,6610866,2019-02-07 08:04:15,doge,298864901.2338897,28398800961.17,0.00000110,doge,218064144141.07068,0.0,7.247514856271389e-10,272
1,[],22,[],2019-02-07 08:04:19,10040.0,0.00001001,0.000000000341399058,6610867,2019-02-07 08:04:19,BTC,272.15802426,0.0,0.00001001,BTC,1430.389,0.01087341,0.0005002,281
