pairValue,buyBook,exchangeId,sellBook,updated,buyTotal,satoshiPrice,usdPrice,exchangeLogId,created,bestPair,sellTotalBtc,volume,pairPrice,activePairs,sellTotal,volumeBtc,buyTotalBtc,coinId
1,[],3,[],2019-03-02 01:52:50,30538.90919139086,0.01256848999999999987042809124204723048023879528045654296875,0.000000482471653026,6823709,2019-03-02 01:52:50,btc,61.07498451897281,0.0,0.01256848999999999987042809124204723048023879528045654296875,btc,22.402819941169,0.0,0.29359762842544657,1
1,[],4,[],2019-03-02 01:52:51,208058.50712036,0.01261403,0.000000484219815222,6823710,2019-03-02 01:52:51,btc,9.409756183722974,0.0,0.01261403,btc,278.92017555,1.12705293,3.0177853467916687,1
1,[],5,[],2019-03-02 01:52:55,0.0,0,0,6823711,2019-03-02 01:52:55,btc,0.0,0.08423373,0,btc,0.0,0.0,0.0,1
1,[],10,[],2019-03-02 01:52:57,414725.26008215,0.01051504,0.00000040364504649599996,6823712,2019-03-02 01:52:57,btc,6523.065206062863,1091.77996828,0.01051504,btc,1176.31865709,0.0,6.02005512094148,1
1,[],12,[],2019-03-02 01:53:00,10501.94375755,0.0125900000000000004962696920074449735693633556365966796875,0.000000483297366,6823713,2019-03-02 01:53:00,btc,0.5201156907906,0.0,0.0125900000000000004962696920074449735693633556365966796875,btc,31.85142139,0.1844749665708,0.4871289490085,1
1,[],20,[],2019-03-02 01:53:01,1151.4783,0.01151,0.000000441838974,6823714,2019-03-02 01:53:01,btc,0.0662082325693,0.0466,0.01151,btc,3.0133,0.000489766,0.0946511826215,1
1,[],21,[],2019-03-02 01:53:03,2235.5035792099998,0.01264000000000000019373391780,0.000000485216736,6823715,2019-03-02 01:53:03,btc,16.494657094442452,1249.9951781500001,0.01264000000000000019373391779708981630392372608184814453125,"btc,eth",1665.89909431,15.35391894340731,25.044235981282583,1
1,[],22,[],2019-03-02 01:53:12,0.006382215384615385,0.01300000,0.0000004990362,6823716,2019-03-02 01:53:12,BTC,0.31439419,0.0,0.01300000,BTC,0.12751438772928525,0.0,7.978e-05,1
1,[],24,[],2019-03-02 01:53:13,0.0,0.000000000000,0,6823717,2019-03-02 01:53:13,btc,0.0,0.0,0.000000000000,btc,0.0,0.0,0.0,1
0.0,[],25,[],2019-03-02 01:53:13,0.0,0,0,6823718,2019-03-02 01:53:13,btc,16.308699998263204,645.05079265,0.0,btc,1256.40097619,8.1671,0.0,1
1,[],26,[],2019-03-02 01:53:14,0.0,0,0,6823719,2019-03-02 01:53:14,,0.0,0.0,0,,0.0,0.0,0.0,1
1,[],28,[],2019-03-02 01:53:19,993.142,0.01323000,0.000000507865302,6823720,2019-03-02 01:53:19,btc,0.162839806,18771.35,0.01323000,btc,8.9,0.0,0.089302756,1
0,[],2,[],2019-01-20 23:28:45,0.0,0,0,6477011,2019-01-20 23:28:45,,0.0,0.0,0,,0.0,0.0,0.0,1
1,[],5,[],2019-03-02 01:53:21,0.0,0,0,6823721,2019-03-02 01:53:21,btc,0.0,0.01127375,0,btc,0.0,0.0,0.0,2
0.0000000001256755,[],22,[],2019-03-02 01:53:34,1148.0,1.3824305e-16,5.30679125757e-21,6823722,2019-03-02 01:53:34,XMR,21.01373823,0.0,0.00000110,XMR,14319.12581,0.0,0.00087635,2
1,[],5,[],2019-03-02 01:53:35,0.0,0,0,6823723,2019-03-02 01:53:35,btc,0.0,1.393951,0,btc,0.0,0.0,0.0,3
1,[],12,[],2019-03-02 01:53:37,13277660.33886804,0.000000176,0.000000000006756182399999999,6823724,2019-03-02 01:53:37,btc,924384.1885353792,0.0,0.000000176,btc,7991377.10073583,0.07084324638074298,0.7125320313864625,3
0,[],28,[],2019-03-02 01:53:38,0.0,0,0,6823725,2019-03-02 01:53:38,,0.0,0.0,0,,0.0,0.0,0.0,3
0,[],2,[],2019-01-20 23:31:32,0.0,0,0,6477077,2019-01-20 23:31:32,,0.0,0.0,0,,0.0,0.0,0.0,4
1,[],4,[],2019-03-02 01:53:39,394515.51681416,0.00000033,0.000000000012667842,6823726,2019-03-02 01:53:39,btc,31.987340114656288,0.0,0.00000033,btc,711488.43491406,0.0,0.0533407895458889,4
1,[],12,[],2019-03-02 01:53:40,1363917.18866667,0.00000003,0.0000000000011516219999999998,6823727,2019-03-02 01:53:40,btc,11013925.612257794,0.0,0.00000003,btc,1143872.32371984,0.004152043996004,0.0204295504400001,5
0,[],2,[],2019-01-20 23:31:51,0.0,0,0,6477087,2019-01-20 23:31:51,,0.0,0.0,0,,0.0,0.0,0.0,6
1,[],11,[],2019-03-02 01:05:18,4961818.5,0.00000002,0.000000000000765646,6823542,2019-03-02 01:05:18,btc,9568.044664252815,482490.0,0.00000002,btc,41579250.07452957,0.0,0.066711205,6
1,[],3,[],2019-03-02 01:53:41,1078.300764522044,0.0001510600000000000072038208731584063571062870323657989501953125,0.0000000057988006440000004,6823728,2019-03-02 01:53:41,btc,28.402034471989545,0.0,0.0001510600000000000072038208731584063571062870323657989501953125,btc,243.122414578101,0.0,0.03284743781632565,7
1,[],4,[],2019-03-02 01:53:42,91696.2894564,0.00022000,0.000000008445228,6823729,2019-03-02 01:53:42,btc,9.93784238248059,0.0,0.00022000,btc,31561.13898873,7.34482607,4.824759205615224,7
1,[],5,[],2019-03-02 01:53:43,0.0,0,0,6823730,2019-03-02 01:53:43,btc,0.0,1.60460696,0,btc,0.0,0.0,0.0,7
1,[],20,[],2019-02-20 02:16:17,39399275.8418,0.000000001,0.0000000000000390183,6728586,2019-02-20 02:16:17,btc,116.9737569154545,525.0,0.000000001,btc,56932965.8895,5.25e-07,0.0393992758418,8
1,[],4,[],2019-03-02 01:53:47,1898601.53189475,0.00000165,0.00000000006333921,6823731,2019-03-02 01:53:47,btc,7.116254321316889,0.0,0.00000165,btc,3052381.83811447,1.88724159,0.5634151152226304,9
1,[],28,[],2019-03-02 01:53:49,45852.853,0.00000181,0.00000000006948119399999999,6823732,2019-03-02 01:53:49,btc,2708.763406715895,3608312.32,0.00000181,btc,12476.4655,0.0,0.04775258393,9
0,[],2,[],2019-01-20 23:22:42,0.0,0,0,6476876,2019-01-20 23:22:42,,0.0,0.0,0,,0.0,0.0,0.0,9
0,[],23,[],2019-01-20 23:22:48,0.0,0,0,6476878,2019-01-20 23:22:48,,0.0,0.0,0,,0.0,0.0,0.0,9
1,[],1,[],2019-02-17 23:31:42,1822507.21,0.00000181000000000000003456111265232042484285557293333113193511962890625,0.000000000066086901,6701244,2019-02-17 23:31:42,btc,3.6990969245,17153386.5,0.00000181000000000000003456111265232042484285557293333113193511962890625,btc,1997391.71,31.11772986,3.2610482446,9
1,[],4,[],2019-02-17 11:22:43,4341674.27126056,0.00000002,0.0000000000007272960000000001,6696112,2019-02-17 11:22:43,btc,0.1997230937751353,0.0,0.00000002,btc,4109766.79808031,0.00215132,0.0479381022052112,10
0,[],2,[],2019-01-20 23:23:08,0.0,0,0,6476890,2019-01-20 23:23:08,,0.0,0.0,0,,0.0,0.0,0.0,12
1,[],4,[],2019-03-02 01:05:26,5541473.82841639,0.00000120,0.00000000004593876,6823548,2019-03-02 01:05:26,btc,10.472240075353328,0.0,0.00000120,btc,5616647.04576549,1.46161263,1.6874055758678852,12
1,[],5,[],2019-03-02 01:05:28,0.0,0,0,6823549,2019-03-02 01:05:28,btc,0.0,0.34436844,0,btc,0.0,0.0,0.0,12
0.0,[],25,[],2019-03-02 01:05:29,0.0,0,0,6823550,2019-03-02 01:05:29,,0.0,0.0,0.0,btc,0.0,0.0,0.0,12
1,[],4,[],2019-03-02 01:53:49,31915190.89170072,0.00000564,0.00000000021650493599999998,6823733,2019-03-02 01:53:49,btc,2.992414509351109,0.0,0.00000564,btc,414642.23581507,0.36160165,0.6153976396975877,13
1,[],21,[],2019-03-02 01:53:53,871030.92294339,0.000005689999999999999731928844449,0.00000000021842430599999997,6823734,2019-03-02 01:53:53,btc,5.993403210475745,249812.2747022,0.000005689999999999999731928844448614057682789280079305171966552734375,btc,945034.59314487,1.43118775,4.608252822563068,13
1,[],10,[],2019-03-02 01:05:34,397654.92421613,0.00000542,0.000000000207490066,6823552,2019-03-02 01:05:34,btc,666802.6097774137,9772.21758383,0.00000542,btc,743892.33893005,0.0,0.2402484083761074,13
1,[],4,[],2019-03-02 01:05:39,714762.86410453,0.00000150,0.00000000005742345,6823554,2019-03-02 01:05:39,btc,115.23673462943863,0.0,0.00000150,btc,886738.69184054,0.06730925,0.16784233637228,14
1,[],12,[],2019-03-02 01:05:40,218194.18377032,0.000001309999999999999951307938332589753116508290986530482769012451171875,0.000000000050149813,6823555,2019-03-02 01:05:40,btc,5.290508059524075,0.0,0.000001309999999999999951307938332589753116508290986530482769012451171875,btc,31128.09057434,0.0022344232798528,0.0280609399998764,14
0,[],17,[],2019-03-02 01:05:53,0.0,0,0,6823556,2019-03-02 01:05:53,btc,0.0,0.0,0,btc,0.0,0.0,0.0,14
1,[],26,[],2019-03-02 01:05:53,0.0,0.00000050,0.00000000001914115,6823557,2019-03-02 01:05:53,btc,0.0,0.0,0.00000050,btc,0.0,0.0,0.0,14
0,[],4,[],2019-03-02 01:53:54,0.0,0,0,6823735,2019-03-02 01:53:54,,0.0,0.0,0,,0.0,0.0,0.0,15
,[],12,[],2018-12-01 15:15:48,204241.84496,0.00000489,0.000000000202473384,5260204,2018-12-01 15:15:48,btc,49.5475654835,0.0,,btc,35763.2193806,0.0163153972027625,0.0203389899998,15
0,[],2,[],2019-01-20 23:23:38,0.0,0,0,6476906,2019-01-20 23:23:38,,0.0,0.0,0,,0.0,0.0,0.0,18
1,[],4,[],2019-03-02 01:05:56,26335.91678084,0.00001857,0.000000000710902311,6823559,2019-03-02 01:05:56,btc,1.3218419292252908,0.0,0.00001857,btc,13876.50055305,0.03524152,0.090096067203509,18
1,[],10,[],2019-03-02 01:05:58,786296.18847462,0.00001752,0.0000000006707058960000001,6823560,2019-03-02 01:05:58,btc,25.807972203439256,9824.21618348,0.00001752,btc,14838.43017094,0.0,0.1924326912508196,18
1,[],12,[],2019-03-02 01:06:00,193297.73668054,0.0000174999999999999984669381281054967303134617395699024200439453125,0.0000000006699402499999999,6823561,2019-03-02 01:06:00,btc,23.630504986837625,0.0,0.0000174999999999999984669381281054967303134617395699024200439453125,btc,1864.07352308,2.275e-06,0.035862617008283804,18
0,[],17,[],2019-03-02 01:06:08,0.0,0,0,6823562,2019-03-02 01:06:08,btc,0.0,0.0,0,btc,0.0,0.0,0.0,18
1,[],3,[],2019-03-02 01:53:56,118505.50419809256,0.0000200099999999999998462514583241755872222711332142353057861328125,0.0000000007681318739999999,6823736,2019-03-02 01:53:56,btc,0.5053401800644072,3010.86985,0.0000200099999999999998462514583241755872222711332142353057861328125,btc,7948.096912413742,0.0,0.03370559709400985,19
1,[],4,[],2019-03-02 01:53:57,520408.35089329,0.00002071,0.000000000795003054,6823737,2019-03-02 01:53:57,btc,2.11470504723886,0.0,0.00002071,btc,69088.49446771,0.34710595,2.402153285906025,19
1,[],5,[],2019-03-02 01:53:59,0.0,0,0,6823738,2019-03-02 01:53:59,btc,0.0,0.00046318,0,btc,0.0,0.0,0.0,19
1,[],12,[],2019-03-02 01:54:02,134039.9352518,0.00001821000000000000013946309385115540635524666868150234222412109375,0.000000000699034554,6823739,2019-03-02 01:54:02,btc,6.898778998887934,0.0,0.00001821000000000000013946309385115540635524666868150234222412109375,btc,467.19317902,0.00097764,0.108141670000016,19
0,[],27,[],2019-03-02 01:54:05,0.0,0,0,6823740,2019-03-02 01:54:05,,0.0,0.0,0,btc,0.0,0.0,0.0,19
0,[],2,[],2019-01-20 23:24:19,0.0,0,0,6476924,2019-01-20 23:24:19,,0.0,0.0,0,,0.0,0.0,0.0,19
1,[],4,[],2019-03-02 01:54:06,2800098.06930745,0.00000013,0.000000000004990362,6823741,2019-03-02 01:54:06,btc,7.378502889194436,0.0,0.00000013,btc,2855585.3982639,0.00194537,0.0790856264754801,20
1,[],4,[],2019-03-02 01:54:07,104036087.13737024,0.00000002,0.000000000000767748,6823742,2019-03-02 01:54:07,btc,1798.7485654879747,0.0,0.00000002,btc,55613109.76506001,0.0,1.1684621866280451,21
1,[],12,[],2019-03-02 01:54:08,18207001.0,0.00000002,0.000000000000767748,6823743,2019-03-02 01:54:08,btc,670.3733702334847,0.0,0.00000002,btc,8127598.32857329,0.0,0.23638026,21
0,[],17,[],2019-03-02 00:56:08,0.0,0,0,6823373,2019-03-02 00:56:08,btc,0.0,0.0,0,btc,0.0,0.0,0.0,21
1,[],12,[],2019-03-02 01:54:21,3030572229.531895,0.0000000002,0.00000000000000767748,6823744,2019-03-02 01:54:21,btc,875865855673.308,0.0,0.0000000002,btc,4946577345.212227,0.01652295318861139,0.31238672515318955,23
0.00000000035443219999999996,[],27,[],2019-03-02 01:54:23,2000.0,3.544322e-18,1.3605730634279998e-22,6823745,2019-03-02 01:54:23,eth,1.3829826565934114,0.0,0.00000001,eth,2164879.85514486,0.0,7.088644e-15,23
1,[],4,[],2019-03-02 01:54:25,439327.40433539,0.00000050,0.0000000000191937,6823746,2019-03-02 01:54:25,btc,8.72390491965553,0.0,0.00000050,btc,1523980.18401145,0.0017728,0.1404635622970074,24
1,[],22,[],2019-03-02 01:54:30,11.76,0.00000100,0.0000000000383874,6823747,2019-03-02 01:54:30,BTC,7.415e-05,0.0,0.00000100,BTC,23.919354838709676,0.0,1.176e-05,24
0.0,[],25,[],2019-03-02 01:54:31,0.0,0,0,6823748,2019-03-02 01:54:31,,0.0,0.0,0.0,btc,0.0,0.0,0.0,24
1,[],4,[],2019-03-02 01:54:32,26575790.41950113,0.00000642,0.00000000024644710799999997,6823749,2019-03-02 01:54:32,btc,166.79443985272886,0.0,0.00000642,btc,238389.51496231,0.08701325,0.4209851536923345,26
1,[],10,[],2019-03-02 01:54:34,691126.43052741,0.00000603,0.00000000023147602199999998,6823750,2019-03-02 01:54:34,btc,26.125951148093108,4043.83349359,0.00000603,btc,14054.67408507,0.0,0.2398199360174543,26
0,[],2,[],2019-01-20 23:25:56,0.0,0,0,6476976,2019-01-20 23:25:56,,0.0,0.0,0,,0.0,0.0,0.0,26
1,[],3,[],2019-03-02 01:54:36,5529569.78933568,0.00000001,0.000000000000383874,6823751,2019-03-02 01:54:36,btc,2.105204350837623,120469.133324,0.00000001,btc,17599728.13629621,0.0,0.0552956978933568,27
1,[],5,[],2019-03-02 01:54:37,0.0,0,0,6823752,2019-03-02 01:54:37,btc,0.0,0.0,0,btc,0.0,0.0,0.0,27
1,[],11,[],2019-03-02 01:54:39,9470054.891515061,0.00000005,0.0000000000019193699999999997,6823753,2019-03-02 01:54:39,btc,67506.38088715188,21889.311987,0.00000005,btc,7980367.26084264,0.0,0.4414030388653851,27
1,[],4,[],2019-03-02 01:54:39,1558337807.6413343,0.00000002,0.000000000000767748,6823754,2019-03-02 01:54:39,btc,2.817521675427999,0.0,0.00000002,"btc,ltc",187663467.9263127,0.4062684,12.249717658127024,29
1,[],7,[],2019-03-02 01:54:40,35789322.2229483,0.00000002,0.000000000000767748,6823755,2019-03-02 01:54:40,btc,44462590.68934773,181805.011472,0.00000002,btc,47128750.89673502,0.00364243,0.3613047609592529,29
1,[],4,[],2019-03-02 01:54:41,2193004.69864132,0.00000026,0.000000000009980724,6823756,2019-03-02 01:54:41,btc,2.3404923837430687,0.0,0.00000026,btc,1566375.79800571,0.00023518,0.0934565325696582,30
0,[],17,[],2019-03-02 01:06:58,0.0,0,0,6823584,2019-03-02 01:06:58,btc,0.0,0.0,0,btc,0.0,0.0,0.0,30
1,[],4,[],2019-03-02 01:54:48,109569.83169639,0.00004736,0.000000001818027264,6823757,2019-03-02 01:54:48,btc,5.688258889555411,0.0,0.00004736,btc,70681.54942459,0.96223858,0.537521255933326,31
1,[],21,[],2019-03-02 01:54:48,134351.55212353,0.00004767000000000000268151820193,0.000000001829927358,6823758,2019-03-02 01:54:48,btc,2.8947046015006914,69720.63507095,0.0000476700000000000026815182019301886384710087440907955169677734375,btc,52477.90380004,3.35047825,4.206918025384259,31
0,[],2,[],2019-01-20 23:28:43,0.0,0,0,6477009,2019-01-20 23:28:43,,0.0,0.0,0,,0.0,0.0,0.0,32
1,[],4,[],2019-03-02 01:54:50,385138437.2917633,0.00000004,0.000000000001535496,6823759,2019-03-02 01:54:50,btc,11.451154209220194,0.0,0.00000004,"btc,ltc",203659169.20425782,0.5139096,8.636752821811932,33
1,[],12,[],2019-03-02 01:54:52,17224434.0,0.00000004,0.000000000001535496,6823760,2019-03-02 01:54:52,btc,35630719.41478492,0.0,0.00000004,btc,90512522.2088498,0.0023835031368635,0.55662616,33
1,[],4,[],2019-03-02 01:54:53,117559034.59062757,0.00000001,0.000000000000383874,6823761,2019-03-02 01:54:53,btc,3.6955440326772635,0.0,0.00000001,btc,101405693.70227136,0.01479243,1.1755903459062755,34
1,[],5,[],2019-03-02 01:54:54,0.0,0,0,6823762,2019-03-02 01:54:54,btc,0.0,0.01428973,0,btc,0.0,0.0,0.0,34
0.0000000001244519,[],4,[],2019-03-02 01:54:56,2305902580.179961,2.489038e-18,9.55476973212e-23,6823763,2019-03-02 01:54:56,ltc,5.0971943692781895e-08,0.0,0.00000002,ltc,6207814372.511161,0.0,3.782103793160349e-09,36
1,[],5,[],2019-03-02 01:54:58,0.0,0,0,6823764,2019-03-02 01:54:58,btc,0.0,0.0,0,btc,0.0,0.0,0.0,36
0,[],17,[],2019-03-02 01:55:00,0.0,0,0,6823765,2019-03-02 01:55:00,btc,0.0746458232965017,0.0,0,btc,4103573.70243647,0.0,0.0,36
0.00000000035443219999999996,[],27,[],2019-03-02 01:55:03,1090000.0,3.544322e-18,1.3605730634279998e-22,6823766,2019-03-02 01:55:03,eth,222.5997971062634,0.0,0.00000001,"ltc,eth",11163566.48751039,0.0,1.4731320260000001e-12,36
1,[],4,[],2019-03-02 01:55:04,239910.34531568,0.00000062,0.000000000023800188,6823767,2019-03-02 01:55:04,btc,19772.482206683817,0.0,0.00000062,btc,552461.92983957,0.03268577,0.1078755324224727,37
1,[],12,[],2019-03-02 01:55:06,642405.86053184,0.00000063,0.000000000024184062,6823768,2019-03-02 01:55:06,btc,1345.8621659698333,0.0,0.00000063,btc,1004497.86667247,0.0751968364482801,0.2099521550000019,37
1,[],17,[],2019-03-02 01:55:07,1752.74075282,0.00000025,0.000000000009596849999999999,6823769,2019-03-02 01:55:07,btc,0.055484923992129016,0.0,0.00000025,btc,1387.19918473,0.0,0.00043818518820499993,37
1,[],27,[],2019-03-02 01:55:10,14685.567,0.00000045,0.00000000001727433,6823770,2019-03-02 01:55:10,btc,25.82160105111233,0.0,0.00000045,btc,6804.86438508,0.0,0.00480032515,37
1,[],5,[],2019-03-02 01:55:12,0.0,0,0,6823771,2019-03-02 01:55:12,btc,0.0,0.04615335,0,btc,0.0,0.0,0.0,42
1,[],12,[],2019-03-02 01:55:14,253880.2962185,0.00000099,0.000000000038003526,6823772,2019-03-02 01:55:14,btc,94.64600978055587,0.0,0.00000099,btc,97817.7890622,0.0306820727784248,0.060163105570966,42
0.00000000035443219999999996,[],27,[],2019-03-02 01:55:17,2000.0,3.544322e-18,1.3605730634279998e-22,6823773,2019-03-02 01:55:17,eth,0.00315028,0.0,0.00000001,"btc,eth",11.007,0.0,7.088644e-15,42
1,[],5,[],2019-03-02 01:55:19,0.0,0,0,6823774,2019-03-02 01:55:19,btc,0.0,0.00176083,0,btc,0.0,0.0,0.0,43
1,[],12,[],2019-03-02 01:55:20,1209361.0,0.00000001,0.000000000000383874,6823775,2019-03-02 01:55:20,btc,3569.074552336114,0.0,0.00000001,btc,11768494.65174823,0.0064975024975026,0.01209361,43
0,[],17,[],2019-03-02 01:55:21,0.0,0,0,6823776,2019-03-02 01:55:21,btc,0.0,0.0,0,btc,0.0,0.0,0.0,43
1,[],12,[],2019-03-02 01:55:24,653806.0,0.00000004,0.000000000001535496,6823777,2019-03-02 01:55:24,btc,11116042.727857808,0.0,0.00000004,btc,1102976.40161834,0.00055526,0.01555463,44
1,[],4,[],2019-03-02 01:55:24,290669417.11038655,0.00000002,0.000000000000767748,6823778,2019-03-02 01:55:24,btc,473.58425505987486,0.0,0.00000002,"btc,ltc",12086887.23698875,0.00032556,0.19718587071415813,49
0.0000000001244519,[],4,[],2019-03-02 01:55:25,843713936.2635033,1.244519e-18,4.77738486606e-23,6823779,2019-03-02 01:55:25,ltc,25.56813392508761,0.0,0.00000001,ltc,10282859775.43118,0.0,1.050018024244719e-09,52
0.0000000001256755,[],22,[],2019-03-02 01:55:30,80845862.0,1.2567550000000001e-18,4.8243556887e-23,6823780,2019-03-02 01:55:30,XMR,4366.96996713,0.0,0.00000001,XMR,255350310.67882353,0.0,0.80845862,57
0.00000000035443219999999996,[],27,[],2019-03-02 01:55:34,2000.0,3.544322e-18,1.3605730634279998e-22,6823781,2019-03-02 01:55:34,eth,0.0,0.0,0.00000001,"btc,eth",0.0,0.0,7.088644e-15,57
0.0000000001244519,[],4,[],2019-03-02 01:55:35,1054020348.1334862,4.978076e-18,1.910953946424e-22,6823782,2019-03-02 01:55:35,ltc,18.807185513522978,0.0,0.00000004,ltc,3900570703.1800942,0.0,2.8366384629100144e-09,58
1,[],12,[],2019-03-02 01:55:36,1578128264.843957,0.0000000004,0.00000000000001535496,6823783,2019-03-02 01:55:36,btc,224005480062.7024,0.0,0.0000000004,btc,3868513562.696672,0.03982121114629213,0.5063971102011392,58
0.0000000001256755,[],22,[],2019-03-02 01:55:52,137438.0,1.2567550000000001e-18,4.8243556887e-23,6823784,2019-03-02 01:55:52,XMR,69.8835922,0.0,0.00000001,XMR,9887963.0,0.0,0.00137438,58
0,[],17,[],2019-03-02 01:08:04,0.0,0,0,6823606,2019-03-02 01:08:04,btc,1e+24,0.0,0,btc,49306342.21952568,0.0,0.0,58
1,[],5,[],2019-03-02 01:55:55,0.0,0,0,6823785,2019-03-02 01:55:55,btc,0.0,0.13550838,0,btc,0.0,0.0,0.0,61
1,[],22,[],2019-03-02 01:55:59,13788.5,0.00000012,0.000000000004606488,6823786,2019-03-02 01:55:59,BTC,1002.29597012,0.0,0.00000012,BTC,14947.700278135757,0.0,0.00155365,61
1,[],26,[],2019-03-02 01:55:59,0.0,0.00000800,0.0000000003070992,6823787,2019-03-02 01:55:59,btc,0.0,0.0,0.00000800,btc,0.0,0.0,0.0,61
1,[],27,[],2019-03-02 01:56:02,18037.3571,0.00000046,0.000000000017658204,6823788,2019-03-02 01:56:02,btc,7.76205105961638,0.0,0.00000046,"btc,eth",20757.11257617,0.0,0.007503127488981194,61
1,[],28,[],2019-03-02 01:56:05,13880.304,0.0000005,0.0000000000191937,6823789,2019-03-02 01:56:05,btc,2.056312978300105,731.0,0.0000005,btc,9730.59500005,0.0,0.00566391304,61
1,[],4,[],2019-03-02 01:56:06,1438558.47521332,0.00000282,0.00000000010825246799999999,6823790,2019-03-02 01:56:06,btc,11.230334207621926,0.0,0.00000282,btc,792873.13999228,0.08181413,1.4184899329177163,67
0.0,[],25,[],2019-03-02 01:56:08,0.0,0,0,6823791,2019-03-02 01:56:08,,0.0,0.0,0.0,btc,0.0,0.0,0.0,67
1,[],12,[],2019-03-02 01:56:09,1816410.38018417,0.00000021,0.000000000008061354,6823792,2019-03-02 01:56:09,btc,11115918.962749012,0.0,0.00000021,btc,2198840.80089908,0.0661307860473728,0.08377333164943761,71
,[],5,[],2018-11-20 23:02:39,1.5e-07,0.00000005,0.000000000002128045,4862160,2018-11-20 23:02:39,btc,2.84511358,0.0,,btc,0.00036572,0.0,0.07381892,74
1,[],5,[],2019-03-02 01:56:11,0.0,0,0,6823793,2019-03-02 01:56:11,btc,0.0,0.0,0,btc,0.0,0.0,0.0,75
1,[],4,[],2019-03-02 01:56:13,16197735.251575,0.00000001,0.000000000000383874,6823794,2019-03-02 01:56:13,btc,11388.632703683814,0.0,0.00000001,btc,34464598.85416836,0.0,0.16197735251575,81
0,[],20,[],2019-01-25 09:30:31,0.0,0,0,6495923,2019-01-25 09:30:31,btc,0.0,0.0,0,btc,0.0,0.0,0.0,81
1,[],4,[],2019-03-02 01:56:17,28620.07464499,0.00007503,0.000000002880206622,6823795,2019-03-02 01:56:17,btc,17.742384170603763,0.0,0.00007503,btc,12606.03292252,0.02827993,0.1339278284933146,82
1,[],21,[],2019-03-02 01:56:18,291229.80850114,0.00007300999999999999384801135927,0.000000002802664074,6823796,2019-03-02 01:56:18,btc,2.1010826747163085,2149.29139775,0.000073009999999999993848011359265370856519439257681369781494140625,btc,23003.11418816,0.15794287,4.396282182926345,82
0,[],17,[],2019-03-01 23:56:06,0.0,0,0,6823002,2019-03-01 23:56:06,btc,0.0447233088476774,0.0,0,btc,999127.19588126,0.0,0.0,84
0.0000000001244519,[],4,[],2019-03-02 01:56:29,121829570.012268,3.733557e-18,1.433215459818e-22,6823797,2019-03-02 01:56:29,ltc,1.749493117925621,0.0,0.00000003,ltc,404686477.7333278,0.0,2.5829615408909027e-10,85
,[],22,[],2018-11-20 23:09:34,3408.1,0.0000001,0.0000000000041895,4862324,2018-11-20 23:09:34,BTC,0.04624735,0.0,,BTC,4990.0,0.0,0.00033081,86
0,[],22,[],2019-02-22 12:52:35,0.0,0,0,6758847,2019-02-22 12:52:35,,2.0760781,0.0,0,,140622.94736842104,0.0,0.0,87
0,[],27,[],2019-02-22 12:52:37,0.0,0,0,6758848,2019-02-22 12:52:37,,0.0,0.0,0,btc,0.0,0.0,0.0,87
,[],2,[],2018-11-20 23:10:47,0.0,0,0,4862359,2018-11-20 23:10:47,,0.0,0.0,,,0.0,0.0,0.0,88
1,[],11,[],2019-03-02 01:56:31,91558.60487038,0.000139569999999999993546551113610121319652535021305084228515625,0.000000005357729418,6823798,2019-03-02 01:56:31,btc,608.7364951739385,2.86164874,0.000139569999999999993546551113610121319652535021305084228515625,btc,96753.94255271,0.0,6.037533188524708,89
0,[],2,[],2019-01-20 23:31:45,0.0,0,0,6477083,2019-01-20 23:31:45,,0.0,0.0,0,,0.0,0.0,0.0,91
1,[],12,[],2019-03-02 01:56:32,500868.29949223,0.000001659999999999999988409336675043714848243325832299888134002685546875,0.000000000063723084,6823799,2019-03-02 01:56:32,btc,4.374775081484339,0.0,0.000001659999999999999988409336675043714848243325832299888134002685546875,btc,61956.18925501,0.0102913011142309,0.1010552042998746,91
0,[],22,[],2019-03-02 01:56:37,0.0,0,0,6823800,2019-03-02 01:56:37,,3e-06,0.0,0,,1.0,0.0,0.0,91
0,[],17,[],2019-03-01 23:07:13,0.0,0,0,6822825,2019-03-01 23:07:13,btc,0.0,0.0,0,btc,0.0,0.0,0.0,91
0.0000000001244519,[],22,[],2019-03-02 01:56:41,1820000.0,6.2225950000000004e-18,2.38869243303e-22,6823801,2019-03-02 01:56:41,LTC,8.53121199,0.0,0.00000005,LTC,71989912.1,5.02785676e-14,0.091,95
0.0000000001244519,[],4,[],2019-03-02 01:56:43,646641153.8479909,7.716017800000001e-17,2.9619786169572e-21,6823802,2019-03-02 01:56:43,ltc,11.885707503372629,0.0,0.00000062,ltc,136702100.92591968,0.0,1.942849023758212e-09,96
1,[],12,[],2019-03-02 01:56:44,821.47400001,0.00000001,0.000000000000383874,6823803,2019-03-02 01:56:44,btc,255079.46687466788,0.0,0.00000001,btc,8740171.94636337,5.26e-06,8.214740000100001e-06,96
0,[],17,[],2019-03-02 01:08:52,0.0,0,0,6823625,2019-03-02 01:08:52,btc,0.0,0.0,0,btc,0.0,0.0,0.0,96
1,[],4,[],2019-03-02 01:56:55,1351055.12417543,0.00000025,0.00000000000959685,6823804,2019-03-02 01:56:55,btc,2.764360101679254,0.0,0.00000025,btc,2454965.75128151,0.0072927,0.0977754224559232,99
0,[],2,[],2019-01-20 23:23:55,0.0,0,0,6476914,2019-01-20 23:23:55,,0.0,0.0,0,,0.0,0.0,0.0,100
1,[],4,[],2019-03-02 01:56:56,341379.263325,0.00004215,0.00000000161802891,6823805,2019-03-02 01:56:56,btc,12.1969435024422,0.0,0.00004215,btc,170823.86108946,2.29594053,2.5406353999926137,100
1,[],22,[],2019-03-02 01:57:01,50000.0,0.00000001,0.000000000000383874,6823806,2019-03-02 01:57:01,BTC,23.49896609,0.0,0.00000001,BTC,10277.22,0.0,0.0005,101
1,[],4,[],2019-03-02 01:57:02,488918.41989815,0.00000088,0.000000000033780912,6823807,2019-03-02 01:57:02,btc,256.301606047094,0.0,0.00000088,btc,491298.82107106,0.00681693,0.2539140896741122,103
1,[],12,[],2019-03-02 01:57:06,66911900.0,0.000000009,0.0000000000003454866,6823808,2019-03-02 01:57:06,btc,137278946.72588944,0.0,0.000000009,btc,127123189.70669053,0.02496819491009024,0.251905567,105
1,[],27,[],2019-03-02 01:57:07,81803.89,0.00000001,0.000000000000383874,6823809,2019-03-02 01:57:07,btc,36.58422120075966,0.0,0.00000001,btc,531915.56793212,0.0,0.0008180389,105
0,[],22,[],2019-03-02 01:59:10,9328.0,0,0,6823810,2019-03-02 01:59:10,,51.10837004,0.0,0,,470435.0,0.0,9.328e-05,107
1,[],26,[],2019-03-02 01:59:10,0.0,0.00000000,0,6823811,2019-03-02 01:59:10,btc,0.0,0.0,0.00000000,btc,0.0,0.0,0.0,107
1,[],5,[],2019-03-02 01:59:12,0.0,0,0,6823812,2019-03-02 01:59:12,btc,0.0,0.10005102,0,btc,0.0,0.0,0.0,112
1,[],22,[],2019-03-02 01:59:15,1966.0,0.00000001,0.000000000000383874,6823813,2019-03-02 01:59:15,BTC,2.81183288,0.0,0.00000001,BTC,808524.0833333334,0.0,1.966e-05,112
0.00000000035443219999999996,[],27,[],2019-03-02 01:59:18,2000.0,3.544322e-18,1.3605730634279998e-22,6823814,2019-03-02 01:59:18,eth,1.35132491849924,0.0,0.00000001,"btc,eth",1328.641654,0.0,7.088644e-15,112
1,[],4,[],2019-03-02 01:59:20,1019515.8237197,0.00000242,0.00000000009289750799999999,6823815,2019-03-02 01:59:20,btc,86.2259148002023,0.0,0.00000242,btc,335184.99140487,0.11889957,0.7676896735559344,113
1,[],5,[],2019-03-02 01:59:22,0.0,0,0,6823816,2019-03-02 01:59:22,btc,0.0,0.0196357,0,btc,0.0,0.0,0.0,113
1,[],17,[],2019-03-02 00:59:55,152738.278,0.00000004,0.0000000000015322040000000002,6823446,2019-03-02 00:59:55,btc,1.33680302678,0.0,0.00000004,btc,50696.221,0.0,0.0022095311199999998,116
0,[],27,[],2019-03-02 01:59:36,0.0,0,0,6823817,2019-03-02 01:59:36,,0.0,0.0,0,btc,0.0,0.0,0.0,116
1,[],4,[],2019-03-02 01:59:38,98993.69552292,0.00002522,0.000000000968130228,6823818,2019-03-02 01:59:38,btc,28.71993429309742,0.0,0.00002522,btc,66525.83956161,3.42351657,1.3746933923155407,120
1,[],7,[],2019-03-02 01:59:39,21307.39153616,0.00001720000000000000133924989154099449706336599774658679962158203125,0.00000000066026328,6823819,2019-03-02 01:59:39,btc,115751.20719940751,0.0,0.00001720000000000000133924989154099449706336599774658679962158203125,btc,56300.26032296,0.0,0.0541894764444587,120
1,[],20,[],2019-03-02 01:59:43,1487677.9795,0.000000036,0.0000000000013819464,6823820,2019-03-02 01:59:43,btc,32.2920319749844,993.9514,0.000000036,btc,949484.6857,3.87581046e-05,0.009737539801,125
1,[],22,[],2019-03-02 01:59:48,3053.0,0.00000001,0.000000000000383874,6823821,2019-03-02 01:59:48,BTC,0.01444887,0.0,0.00000001,BTC,296263.5111111111,0.0,3.053e-05,126
1,[],4,[],2019-03-02 01:59:49,161454.17181856,0.00001315,0.0000000005047943099999999,6823822,2019-03-02 01:59:49,btc,6.617360586341778,0.0,0.00001315,btc,126995.46425799,0.21386542,0.4869937723106933,131
0,[],17,[],2019-03-02 01:59:54,0.0,0,0,6823823,2019-03-02 01:59:54,btc,0.0009561751951600001,0.0,0,btc,35.42829368,0.0,0.0,131
0,[],2,[],2019-01-20 23:25:46,0.0,0,0,6476969,2019-01-20 23:25:46,,0.0,0.0,0,,0.0,0.0,0.0,131
1,[],4,[],2019-03-02 01:59:54,4555.78762212,0.00016001,0.000000006142367874,6823824,2019-03-02 01:59:54,btc,1.6201299159847793,0.0,0.00016001,btc,238.12730989,0.0,0.0082138372195995,135
1,[],3,[],2019-03-01 22:58:53,1012209.8877684299,0.00000004,0.0000000000015323520000000002,6822652,2019-03-01 22:58:53,btc,0.11451951769984779,30114.0,0.00000004,btc,606864.60876711,0.0,0.0325515181737019,136
1,[],4,[],2019-03-02 01:59:55,265092.24827258,0.00000165,0.00000000006333921,6823825,2019-03-02 01:59:55,btc,39.0110636252538,0.0,0.00000165,btc,601369.74979047,0.02537888,0.0784893943606308,137
1,[],12,[],2019-03-02 01:59:58,303921.07935919,0.000001749999999999999973748754898694723891594549058936536312103271484375,0.00000000006717795,6823826,2019-03-02 01:59:58,btc,11807.60291394161,0.0,0.000001749999999999999973748754898694723891594549058936536312103271484375,btc,125767.13955294,0.0353971758480659,0.0376757869076384,137
1,[],4,[],2019-03-02 01:59:59,108804.07711096,0.00003199,0.000000001228012926,6823827,2019-03-02 01:59:59,btc,28.76457697137381,0.0,0.00003199,btc,42091.32656828,0.35382579,0.6054199184091426,142
1,[],5,[],2019-03-02 02:00:00,0.0,0,0,6823828,2019-03-02 02:00:00,btc,0.0,0.46277779,0,btc,0.0,0.0,0.0,142
1,[],17,[],2019-03-02 02:00:01,22967.386363640002,0.00000088,0.000000000033780912,6823829,2019-03-02 02:00:01,btc,20.0699133484,0.0,0.00000088,btc,405.079105,0.0,0.0104613000000032,142
1,[],20,[],2019-03-02 02:00:03,132436.2498,0.00002712,0.000000001041066288,6823830,2019-03-02 02:00:03,btc,0.3035468487686,1712.3787,0.00002712,btc,1343.5299,0.043515855637,0.2127495047119,142
1,[],22,[],2019-03-02 02:00:09,1685.8988921568628,0.00004000,0.0000000015354959999999999,6823831,2019-03-02 02:00:09,BTC,3.00385504,0.0,0.00004000,BTC,891.218,0.0,0.00174536,142
0.0,[],25,[],2019-03-02 02:00:12,0.0,0,0,6823832,2019-03-02 02:00:12,,0.0,0.0,0.0,btc,0.0,0.0,0.0,142
1,[],28,[],2019-03-02 02:00:14,76100.0,0.00000817,0.000000000313625058,6823833,2019-03-02 02:00:14,btc,0.0669731472,1333.8009,0.00000817,btc,560.5893,0.0,0.0041072,142
0,[],22,[],2019-03-02 02:00:18,0.0,0,0,6823834,2019-03-02 02:00:18,,60.72280694,0.0,0,,696341446.3,0.0,0.0,143
0,[],22,[],2019-02-25 15:42:22,0.0,0,0,6783783,2019-02-25 15:42:22,,4.2131946,0.0,0,,2322156.0,0.0,0.0,146
,[],22,[],2018-11-20 23:01:11,0.0,0,0,4862114,2018-11-20 23:01:11,,2.56807021,0.0,,,61828.4988236,0.0,0.0,147
1,[],12,[],2019-03-02 02:00:19,222381.42312554,0.0000022900000000000000975435010541758629187825135886669158935546875,0.000000000087907146,6823835,2019-03-02 02:00:19,btc,16.614350799375565,0.0,0.0000022900000000000000975435010541758629187825135886669158935546875,btc,117172.25034917,0.0002199868,0.0324256731999884,148
1,[],4,[],2019-03-02 02:00:22,246056.52673192,0.00000032,0.000000000012283968,6823836,2019-03-02 02:00:22,btc,219.96748007626834,0.0,0.00000032,btc,800822.7951546,0.0008,0.0583338765945086,152
0,[],22,[],2019-03-02 02:00:32,0.0,0,0,6823837,2019-03-02 02:00:32,,0.0,0.0,0,,0.0,0.0,0.0,152
1,[],5,[],2019-03-02 02:00:34,0.0,0,0,6823838,2019-03-02 02:00:34,btc,0.0,0.0,0,btc,0.0,0.0,0.0,153
,[],16,[],2019-01-11 15:38:59,0.0,0,0,6366141,2019-01-11 15:38:59,btc,0.0,0.0,,btc,0.0,0.0,0.0,155
0,[],23,[],2019-01-20 23:24:29,0.0,0,0,6476932,2019-01-20 23:24:29,,0.0,0.0,0,,0.0,0.0,0.0,156
0,[],22,[],2019-03-02 02:00:37,0.0,0,0,6823839,2019-03-02 02:00:37,,6.74608751,0.0,0,,4644392.242592593,0.0,0.0,156
1,[],22,[],2019-03-02 02:00:44,7073.8,0.00005300,0.0000000020345322,6823840,2019-03-02 02:00:44,BTC,1.80343699,0.0,0.00005300,BTC,899.6422341958436,0.0,0.00104336,157
0,[],22,[],2019-03-02 01:01:10,0.0,0,0,6823471,2019-03-02 01:01:10,,50175.67608608,0.0,0,,54079135.04179466,0.0,0.0,158
,[],17,[],2018-11-20 22:56:10,0.0,0,0,4861976,2018-11-20 22:56:10,btc,1.1265625,0.0,,btc,1000.0,0.0,0.0,159
,[],20,[],2018-11-20 22:56:12,0.0,0,0,4861977,2018-11-20 22:56:12,btc,11912.7940471,0.0,,btc,34413894.3617,0.0,0.0,159
1,[],17,[],2019-03-02 00:07:27,29784.95,0.000001,0.0000000000381575,6823235,2019-03-02 00:07:27,btc,0.03026736251542,0.0,0.000001,btc,144.46171372,0.0,0.00716147,168
1,[],12,[],2019-03-02 02:00:47,181969.91505589,0.00000781999999999999966730605815978805139820906333625316619873046875,0.00000000030018946799999995,6823841,2019-03-02 02:00:47,btc,6.641545057771066,0.0,0.00000781999999999999966730605815978805139820906333625316619873046875,btc,13550.5431152,0.003102984914851,0.0961276760246873,168
0,[],22,[],2019-03-02 02:01:01,0.0,0,0,6823842,2019-03-02 02:01:01,,1.1341504,0.0,0,,539283.174707144,0.0,0.0,169
1,[],22,[],2019-03-02 02:01:06,203600.0,0.00000002,0.000000000000767748,6823843,2019-03-02 02:01:06,BTC,13.2501524,0.0,0.00000002,BTC,144336.2939341018,0.0,0.002072,171
1,[],22,[],2019-03-02 02:01:11,928145.1666666666,0.00000004,0.000000000001535496,6823844,2019-03-02 02:01:11,BTC,2.1976194,0.0,0.00000004,BTC,242703.64055692567,0.00046785,0.02450837,173
1,[],5,[],2019-03-02 02:01:12,0.0,0,0,6823845,2019-03-02 02:01:12,btc,0.0,0.00358047,0,btc,0.0,0.0,0.0,175
1,[],22,[],2019-03-02 02:01:16,45904.0,0.0000003,0.00000000001151622,6823846,2019-03-02 02:01:16,BTC,0.52955903,0.0,0.0000003,BTC,143368.41384013777,0.0,0.0052148,176
1,[],7,[],2019-03-02 02:01:17,0.0,0,0,6823847,2019-03-02 02:01:17,btc,410932.5273358376,0.0,0,btc,117801559.31901672,0.0,0.0,178
0,[],22,[],2019-03-02 02:01:20,0.0,0,0,6823848,2019-03-02 02:01:20,,1.00242428,0.0,0,,57512.0,0.0,0.0,178
0,[],2,[],2019-01-20 23:28:34,0.0,0,0,6477001,2019-01-20 23:28:34,,0.0,0.0,0,,0.0,0.0,0.0,178
0,[],23,[],2019-01-20 23:25:08,0.0,0,0,6476952,2019-01-20 23:25:08,,0.0,0.0,0,,0.0,0.0,0.0,179
1,[],5,[],2019-03-02 02:01:21,0.0,0,0,6823849,2019-03-02 02:01:21,btc,0.0,0.17380846,0,btc,0.0,0.0,0.0,179
1,[],22,[],2019-03-02 02:01:25,6949180.5,0.00000002,0.000000000000767748,6823850,2019-03-02 02:01:25,BTC,5.63122294,0.0,0.00000002,"BTC,LTC",17087464.423202086,0.0,0.37392433,179
1,[],22,[],2019-03-02 02:01:41,139712.75,0.0000006,0.00000000002303244,6823851,2019-03-02 02:01:41,BTC,0.22812692,0.0,0.0000006,"BTC,LTC",77443.40600599538,0.00353,0.00466985,180
1,[],26,[],2019-03-02 02:01:42,0.0,0.00000160,0.00000000006141984,6823852,2019-03-02 02:01:42,btc,0.0,0.0,0.00000160,btc,0.0,0.0,0.0,180
1,[],17,[],2019-03-02 01:12:23,10504.725,0.0000001,0.00000000000382823,6823669,2019-03-02 01:12:23,btc,5.201069583844845,0.0,0.0000001,btc,5033.45945,0.0,0.0010504725,180
,[],7,[],2018-11-20 22:58:01,562227.975654,0.00000085,0.000000000036176765,4862015,2018-11-20 22:58:01,btc,21836.6059674,2491.87645172,,btc,749999.041456,0.00211021,0.127565380455,183
,[],5,[],2019-01-10 08:11:41,0.0,0,0,6347036,2019-01-10 08:11:41,btc,82.15055501,0.00261,,btc,1.19002445,0.0,0.0,187
,[],17,[],2018-11-16 20:58:10,4062536.27273,0.00000001,0.000000000000550501,4708775,2018-11-16 20:58:10,btc,3.36492563466,0.195460381006,,"btc,eth",110697919.549,0.0,0.0157628953496,187
1,[],24,[],2019-03-02 02:01:42,0.0,0.000000000001,3.83874e-17,6823853,2019-03-02 02:01:42,btc,0.0,0.0,0.000000000001,btc,0.0,0.0,0.0,187
0,[],22,[],2019-02-27 04:05:17,0.0,0,0,6799309,2019-02-27 04:05:17,,1.19374396,0.0,0,,16308.869534405507,0.0,0.0,191
0,[],22,[],2019-03-01 00:51:27,0.0,0,0,6814858,2019-03-01 00:51:27,,0.0,0.0,0,,0.0,0.0,0.0,197
0,[],23,[],2019-01-20 23:31:41,0.0,0,0,6477079,2019-01-20 23:31:41,,0.0,0.0,0,,0.0,0.0,0.0,199
0,[],22,[],2019-03-02 02:01:46,0.0,0,0,6823854,2019-03-02 02:01:46,,5.19477622,0.0,0,,21058553.0,0.0,0.0,199
1,[],26,[],2019-03-02 02:01:46,0.0,0.00000000,0,6823855,2019-03-02 02:01:46,btc,0.0,0.0,0.00000000,btc,0.0,0.0,0.0,199
0,[],17,[],2019-01-30 16:32:01,0.0,0,0,6540827,2019-01-30 16:32:01,btc,6.802544163788159,0.0,0,btc,105897.55575295,0.0,0.0,200
0,[],2,[],2019-01-20 23:30:49,0.0,0,0,6477059,2019-01-20 23:30:49,,0.0,0.0,0,,0.0,0.0,0.0,201
1,[],4,[],2019-01-25 15:51:35,2084389.58565343,0.00000936,0.000000000333526752,6499557,2019-01-25 15:51:35,btc,2.0092503037378524,0.0,0.00000936,btc,160195.80207885,0.19272417,1.242687955921835,211
1,[],7,[],2019-03-02 02:01:50,3060817.78144608,0.0000013200000000000000673224496983149123252587742172181606292724609375,0.000000000050671368,6823856,2019-03-02 02:01:50,btc,15476836.509566339,302253.201912,0.0000013200000000000000673224496983149123252587742172181606292724609375,btc,13295354.68495237,0.0,2.714429288041123,212
1,[],12,[],2019-01-25 02:44:32,207462.42853209,0.000001080000000000000035831255497387193287295303889550268650054931640625,0.000000000038610756000000006,6493050,2019-01-25 02:44:32,btc,85023.03793723314,0.0,0.000001080000000000000035831255497387193287295303889550268650054931640625,btc,43675.73520027,0.000146250909087,0.0348620860622024,213
1,[],5,[],2019-03-02 02:01:52,0.0,0,0,6823857,2019-03-02 02:01:52,btc,0.0,0.1404582,0,btc,0.0,0.0,0.0,213
1,[],24,[],2019-03-02 02:01:52,0.0,0.000000120000,0.000000000004606488,6823858,2019-03-02 02:01:52,btc,0.0,0.0,0.000000120000,btc,0.0,0.0,0.0,213
1,[],26,[],2019-03-02 02:01:52,0.0,0.00000010,0.00000000000383874,6823859,2019-03-02 02:01:52,btc,0.0,0.0,0.00000010,btc,0.0,0.0,0.0,213
1,[],22,[],2019-03-02 02:02:00,29644.0,0.00000002,0.000000000000767748,6823860,2019-03-02 02:02:00,BTC,2.2261193,0.0,0.00000002,BTC,481875.3963726171,0.0010292,0.00030203,216
1,[],27,[],2019-03-02 02:02:04,1298602.0,0.00000003,0.000000000001151622,6823861,2019-03-02 02:02:04,btc,316.25858560644,0.0,0.00000003,"btc,ltc",237761.907,0.0,0.03377204000022401,216
1,[],22,[],2019-03-02 02:02:09,201226.2070459645,0.00000215,0.00000000008253291,6823862,2019-03-02 02:02:09,BTC,12673.40070665,0.0,0.00000215,BTC,369457.15099116566,0.0599528,0.25505188,217
1,[],7,[],2019-03-02 02:02:11,0.0,0,0,6823863,2019-03-02 02:02:11,btc,77969.77488735563,0.0,0,btc,137043486.5550253,0.0,0.0,219
0,[],27,[],2019-03-02 02:02:15,0.0,0,0,6823864,2019-03-02 02:02:15,,0.0205923249480942,0.0,0,btc,1427344.49480942,0.0,0.0,219
0.0000000000000051,[],28,[],2019-03-02 02:02:19,167530653.514,2.295e-18,8.8099083e-23,6823865,2019-03-02 02:02:19,doge,83977.39953907319,353932.0,0.00045000,"btc,doge",4848145.53751,0.0,8.91847026247437e-12,219
1,[],22,[],2019-03-02 02:02:24,319564.6666666667,0.00000005,0.00000000000191937,6823866,2019-03-02 02:02:24,BTC,2.94533216,0.0,0.00000005,BTC,114179.27041875875,2.25e-05,0.00896664,221
1,[],24,[],2019-03-02 02:02:25,0.0,0.000000200000,0.00000000000767748,6823867,2019-03-02 02:02:25,btc,0.0,0.0,0.000000200000,btc,0.0,0.0,0.0,221
0,[],22,[],2019-03-02 01:15:36,0.0,0,0,6823688,2019-03-02 01:15:36,,0.0,0.0,0,,0.0,0.0,0.0,224
1,[],20,[],2019-03-02 02:02:26,39852858.8476,0.000000001,0.000000000000038387399999999996,6823868,2019-03-02 02:02:26,btc,48.2361191895339,948685.387,0.000000001,btc,12975085.5074,0.0010017733509,0.0398528588476,224
1,[],26,[],2019-03-02 02:02:30,0.0,0.00000035,0.00000000001343559,6823870,2019-03-02 02:02:30,btc,0.0,0.0,0.00000035,btc,0.0,0.0,0.0,231
1,[],26,[],2019-03-02 02:02:30,0.0,0.00000006,0.000000000002303244,6823871,2019-03-02 02:02:30,btc,0.0,0.0,0.00000006,btc,0.0,0.0,0.0,234
0.00000000035443219999999996,[],27,[],2019-03-02 02:02:33,2000.0,3.544322e-18,1.3605730634279998e-22,6823872,2019-03-02 02:02:33,eth,0.01134836604,0.0,0.00000001,"btc,eth",11462.996,0.0,7.088644e-15,234
1,[],4,[],2019-03-02 02:02:34,914993.53781995,0.00000078,0.000000000029942171999999996,6823873,2019-03-02 02:02:34,btc,4.478267335720314,0.0,0.00000078,btc,1185542.39076806,0.04126048,0.2853907843747968,236
1,[],24,[],2019-03-02 02:02:34,0.0,0.000000300000,0.00000000001151622,6823874,2019-03-02 02:02:34,btc,0.0,0.0,0.000000300000,btc,0.0,0.0,0.0,236
0.000000000123771,[],22,[],2019-03-02 01:15:48,14400.0,1.23771e-17,4.7382385533e-22,6823695,2019-03-02 01:15:48,LTC,0.0413973,0.0,0.0000001,LTC,7239.0,0.0,0.00144,237
1,[],20,[],2019-03-02 02:02:36,72121274.057,0.000000063,0.0000000000024184062,6823875,2019-03-02 02:02:36,btc,9.9243088703636,23392903.1809,0.000000063,btc,38776270.5685,1.5253967598735,0.4914475574561,237
1,[],4,[],2019-03-02 01:15:50,7432141.1974111,0.00000032,0.000000000012250336,6823696,2019-03-02 01:15:50,btc,6.467179926808391,0.0,0.00000032,btc,10469502.64487328,0.17280201,1.7080124964548433,238
1,[],5,[],2019-03-02 01:15:52,0.0,0,0,6823697,2019-03-02 01:15:52,btc,0.0,0.01803378,0,btc,0.0,0.0,0.0,238
0,[],22,[],2019-03-02 01:15:57,0.0,0,0,6823698,2019-03-02 01:15:57,,0.41339518,0.0,0,,316626.5639027493,0.0,0.0,249
0.000000000123771,[],22,[],2019-03-02 01:16:01,86296870.66666667,4.95084e-18,1.8952954213200002e-22,6823699,2019-03-02 01:16:01,LTC,0.36061926,0.0,0.00000004,LTC,11515189.09,3.0683740616850004e-11,1.86675373,252
1,[],28,[],2019-03-02 01:16:08,2152929.123,0.00000027,0.000000000010336221,6823700,2019-03-02 01:16:08,btc,164725.67727598874,80232.2,0.00000027,btc,2317640.4654,0.0,0.33314461647,256
1,[],22,[],2019-03-02 01:16:30,1053354.0,0.00000001,0.000000000000382823,6823701,2019-03-02 01:16:30,BTC,31.47160001,0.0,0.00000001,BTC,670687.0957866946,0.0,0.01053354,258
1,[],22,[],2019-03-02 01:03:40,48751.0,0.00000001,0.00000000000038305100000000004,6823515,2019-03-02 01:03:40,BTC,2.4175745,0.0,0.00000001,BTC,1762.0,0.0,0.00048751,259
1,[],5,[],2019-03-02 01:16:32,0.0,0,0,6823702,2019-03-02 01:16:32,btc,0.0,0.04688576,0,btc,0.0,0.0,0.0,264
1,[],20,[],2019-03-02 01:16:34,1215263.1106,0.00000201,0.00000000007694742300000001,6823703,2019-03-02 01:16:34,btc,7.4763290478056,103726.8681,0.00000201,btc,110790.6844,0.3357240215532,0.0160960572285,264
0,[],22,[],2019-03-02 01:16:37,0.0,0,0,6823704,2019-03-02 01:16:37,,8.33280293,0.0,0,,421298.34411321935,0.0,0.0,271
0,[],22,[],2019-03-02 01:16:41,0.0,0,0,6823705,2019-03-02 01:16:41,,271.27267057,0.0,0,,14421806420.692,0.0,0.0,272
0.0000000000000051,[],28,[],2019-03-02 01:16:47,234473087378.905,4.896e-21,1.874301408e-25,6823706,2019-03-02 01:16:47,doge,35427502.18650561,2925628936.2279,0.00000096,doge,188663486798.0366,0.0,6.714255518848665e-10,272
1,[],22,[],2019-03-02 01:16:57,114025.74,0.00000110,0.00000000004211053,6823707,2019-03-02 01:16:57,BTC,74.20234185,0.0,0.00000110,"BTC,LTC",8368.517743939856,0.01172131,0.04276991,281
1,[],22,[],2019-03-02 01:17:03,834733.5,0.00000002,0.000000000000765646,6823708,2019-03-02 01:17:03,BTC,1.332275,0.0,0.00000002,BTC,135600.33221218394,8.162e-05,0.01656255,286
0,[],22,[],2019-03-01 23:03:05,0.0,0,0,6822721,2019-03-01 23:03:05,,43636.1539348,0.0,0,,398471066.0,0.0,0.0,294
