pairValue,buyBook,exchangeId,sellBook,updated,buyTotal,satoshiPrice,usdPrice,exchangeLogId,created,bestPair,sellTotalBtc,volume,pairPrice,activePairs,sellTotal,volumeBtc,buyTotalBtc,coinId
1,[],3,[],2019-03-13 11:51:10,30543.42868972709,0.01284760000000000068620664706031675450503826141357421875,0.00000049573877836,6920276,2019-03-13 11:51:10,btc,61.168293377741314,1.60295231693,0.01284760000000000068620664706031675450503826141357421875,btc,29.00702837624,0.0,0.28494688864077833,1
1,[],4,[],2019-03-13 11:51:14,207761.70379818,0.01285392,0.000000495982642512,6920277,2019-03-13 11:51:14,btc,13.186959288227559,0.0,0.01285392,btc,335.31662873,0.98938622,1.2337285043879052,1
1,[],5,[],2019-03-13 11:51:18,0.0,0,0,6920278,2019-03-13 11:51:18,btc,0.0,0.19660389,0,btc,0.0,0.0,0.0,1
1,[],10,[],2019-03-13 11:51:20,413782.51705461,0.01042346,0.000000402200669906,6920279,2019-03-13 11:51:20,btc,6521.425917445446,1478.01792195,0.01042346,btc,1034.38740896,0.0,4.708098399219707,1
1,[],12,[],2019-03-13 11:51:23,105.47139231,0.0128599999999999999034105968576113809831440448760986328125,0.000000496217246,6920280,2019-03-13 11:51:23,btc,0.2818249354347,0.0,0.0128599999999999999034105968576113809831440448760986328125,btc,20.9586467,0.0283717697762,0.3160228165455,1
1,[],20,[],2019-03-13 11:51:26,1152.4737,0.01050023,0.000000405162924803,6920281,2019-03-13 11:51:26,btc,0.0552085068997,0.0,0.01050023,btc,2.4565,0.0,0.0959759649271,1
1,[],21,[],2019-03-13 11:51:27,2260.50939169,0.01289761000000000032428282282,0.000000497668469221,6920282,2019-03-13 11:51:27,btc,27.963386600164323,14439.749507429999,0.0128976100000000003242828228167127235792577266693115234375,"btc,eth",3197.55717171,180.12789646141763,16.58970854697168,1
1,[],22,[],2019-03-13 11:51:53,0.0059712,0.01250000,0.0000004823262500000001,6920283,2019-03-13 11:51:53,BTC,0.31439419,0.0,0.01250000,BTC,0.12751438772928525,0.0,7.464e-05,1
1,[],24,[],2019-03-13 11:51:53,0.0,0.000000000000,0,6920284,2019-03-13 11:51:53,btc,0.0,0.0,0.000000000000,btc,0.0,0.0,0.0,1
0.0,[],25,[],2019-03-13 11:51:55,0.0,0,0,6920285,2019-03-13 11:51:55,btc,31.94649999774778,1727.06264209,0.0,btc,2414.63856544,22.427,0.0,1
1,[],26,[],2019-03-13 11:52:54,0.0,0,0,6920286,2019-03-13 11:52:54,,0.0,0.0,0,,0.0,0.0,0.0,1
1,[],28,[],2019-03-13 11:52:56,992.9,0.01231000,0.000000474994891,6920287,2019-03-13 11:52:56,btc,0.147901439075,18388.3,0.01231000,btc,7.9421,0.0,0.086101096,1
0,[],2,[],2019-01-20 23:28:45,0.0,0,0,6477011,2019-01-20 23:28:45,,0.0,0.0,0,,0.0,0.0,0.0,1
1,[],5,[],2019-03-13 11:52:57,0.0,0,0,6920288,2019-03-13 11:52:57,btc,0.0,0.0103751,0,btc,0.0,0.0,0.0,2
0.00000000012799090000000002,[],22,[],2019-03-13 11:53:10,1148.0,1.4078999000000002e-16,5.432536633139001e-21,6920289,2019-03-13 11:53:10,XMR,21.01373823,0.0,0.00000110,XMR,14319.12581,0.0,0.00087635,2
1,[],5,[],2019-03-13 11:53:11,0.0,0,0,6920290,2019-03-13 11:53:11,btc,0.0,0.31168579,0,btc,0.0,0.0,0.0,3
1,[],12,[],2019-03-13 11:53:12,2745745.8268876,0.000000186,0.0000000000071770146,6920291,2019-03-13 11:53:12,btc,22811.419494648682,0.0,0.000000186,btc,924450.2216,0.1538816090389031,0.3756670960651176,3
0,[],28,[],2019-03-13 11:53:14,0.0,0,0,6920292,2019-03-13 11:53:14,,0.0,0.0,0,,0.0,0.0,0.0,3
0,[],2,[],2019-01-20 23:31:32,0.0,0,0,6477077,2019-01-20 23:31:32,,0.0,0.0,0,,0.0,0.0,0.0,4
1,[],4,[],2019-03-09 19:03:36,394362.28616607,0.00000032,0.000000000012569280000000001,6889097,2019-03-09 19:03:36,btc,32.15548375957025,0.0,0.00000032,btc,707361.31512647,0.00109114,0.0476374485302292,4
1,[],12,[],2019-03-13 11:53:15,433962.0,0.00000002,0.000000000000771722,6920293,2019-03-13 11:53:15,btc,1111742.15469873,0.0,0.00000002,btc,732140.33266733,9.47400199801e-05,0.0051389800000000005,5
0,[],2,[],2019-01-20 23:31:51,0.0,0,0,6477087,2019-01-20 23:31:51,,0.0,0.0,0,,0.0,0.0,0.0,6
1,[],11,[],2019-03-13 11:53:17,4497079.39882,0.00000002,0.000000000000771722,6920294,2019-03-13 11:53:17,btc,9568.068070382064,49485.0,0.00000002,btc,42704295.275313936,0.0,0.056880531334200006,6
1,[],3,[],2019-03-13 11:53:19,1087.833962084558,0.000154759999999999988719301402539940681890584528446197509765625,0.000000005971584836,6920295,2019-03-13 11:53:19,btc,29.634085403952064,0.0,0.000154759999999999988719301402539940681890584528446197509765625,btc,239.122414578101,0.0,0.03439493781756314,7
1,[],4,[],2019-03-13 11:53:20,89382.36091321,0.00023600,0.0000000091063196,6920296,2019-03-13 11:53:20,btc,10.546411272019997,0.0,0.00023600,btc,35646.50724805,4.2084029,7.5866046592569525,7
1,[],5,[],2019-03-13 11:53:22,0.0,0,0,6920297,2019-03-13 11:53:22,btc,0.0,0.12012007,0,btc,0.0,0.0,0.0,7
1,[],20,[],2019-02-20 02:16:17,39399275.8418,0.000000001,0.0000000000000390183,6728586,2019-02-20 02:16:17,btc,116.9737569154545,525.0,0.000000001,btc,56932965.8895,5.25e-07,0.0393992758418,8
0,[],2,[],2019-01-20 23:22:42,0.0,0,0,6476876,2019-01-20 23:22:42,,0.0,0.0,0,,0.0,0.0,0.0,9
0,[],23,[],2019-01-20 23:22:48,0.0,0,0,6476878,2019-01-20 23:22:48,,0.0,0.0,0,,0.0,0.0,0.0,9
1,[],4,[],2019-03-13 11:53:25,1564074.61188468,0.00000171,0.000000000065982231,6920298,2019-03-13 11:53:25,btc,5.480521897018445,0.0,0.00000171,btc,2589515.59571447,3.34866843,1.3539825142742228,9
1,[],1,[],2019-02-17 23:31:42,1822507.21,0.00000181000000000000003456111265232042484285557293333113193511962890625,0.000000000066086901,6701244,2019-02-17 23:31:42,btc,3.6990969245,17153386.5,0.00000181000000000000003456111265232042484285557293333113193511962890625,btc,1997391.71,31.11772986,3.2610482446,9
1,[],28,[],2019-03-13 11:25:25,26353.0,0.00000159,0.000000000061247436,6920178,2019-03-13 11:25:25,btc,2708.770107851883,3682820.92,0.00000159,btc,17176.9197,0.0,0.0147295,9
1,[],4,[],2019-02-17 11:22:43,4341674.27126056,0.00000002,0.0000000000007272960000000001,6696112,2019-02-17 11:22:43,btc,0.1997230937751353,0.0,0.00000002,btc,4109766.79808031,0.00215132,0.0479381022052112,10
0,[],2,[],2019-01-20 23:23:08,0.0,0,0,6476890,2019-01-20 23:23:08,,0.0,0.0,0,,0.0,0.0,0.0,12
1,[],4,[],2019-03-13 11:25:26,5504921.3658765,0.00000139,0.000000000053543356,6920179,2019-03-13 11:25:26,btc,12.989935067593056,0.0,0.00000139,btc,6012689.9925847,7.38907406,3.362877435220188,12
1,[],5,[],2019-03-13 11:25:28,0.0,0,0,6920180,2019-03-13 11:25:28,btc,0.0,0.27067662,0,btc,0.0,0.0,0.0,12
0.0,[],25,[],2019-03-13 11:25:29,0.0,0,0,6920181,2019-03-13 11:25:29,,0.0,0.0,0.0,btc,0.0,0.0,0.0,12
1,[],10,[],2019-03-13 10:53:21,435264.54645551,0.00000707,0.00000000027208965700000004,6919994,2019-03-13 10:53:21,btc,666802.2558035578,20555.856032,0.00000707,btc,706618.45639379,0.0,0.2552761061783384,13
1,[],4,[],2019-03-13 11:25:32,32076074.94044517,0.00000704,0.000000000271183616,6920182,2019-03-13 11:25:32,btc,3.2044949510751093,0.0,0.00000704,btc,311828.04689027,2.83259433,1.7199025922532913,13
1,[],21,[],2019-03-13 11:25:36,1707579.02043903,0.000007250000000000000042500725161,0.0000000002792729,6920183,2019-03-13 11:25:36,btc,7.675653685375079,3457211.23454486,0.000007250000000000000042500725161431773813092149794101715087890625,btc,949210.2087975501,23.87462087,11.334483917759377,13
0,[],17,[],2019-03-13 09:11:40,0.0,0,0,6919856,2019-03-13 09:11:40,btc,0.0,0.0,0,btc,0.0,0.0,0.0,14
1,[],4,[],2019-03-13 11:25:38,872431.41642104,0.00000106,0.000000000040831624,6920184,2019-03-13 11:25:38,btc,5.9336345786444165,0.0,0.00000106,btc,922700.20974278,0.14853277,0.2022395893544379,14
1,[],12,[],2019-03-13 11:25:40,270405.0,0.00000101999999999999997501889774376149233603428001515567302703857421875,0.000000000039290808,6920185,2019-03-13 11:25:40,btc,0.0566781582080484,0.0,0.00000101999999999999997501889774376149233603428001515567302703857421875,btc,9803.22317164,0.0013976545283194,0.01844981,14
1,[],26,[],2019-03-13 11:25:51,0.0,0,0,6920186,2019-03-13 11:25:51,,0.0,0.0,0,,0.0,0.0,0.0,14
,[],12,[],2018-12-01 15:15:48,204241.84496,0.00000489,0.000000000202473384,5260204,2018-12-01 15:15:48,btc,49.5475654835,0.0,,btc,35763.2193806,0.0163153972027625,0.0203389899998,15
0,[],4,[],2019-03-13 11:25:53,0.0,0,0,6920187,2019-03-13 11:25:53,,0.0,0.0,0,,0.0,0.0,0.0,15
1,[],4,[],2019-03-13 10:55:38,49263.70390032,0.00001557,0.0000000005992130070000001,6919999,2019-03-13 10:55:38,btc,4.1845557497937635,0.0,0.00001557,btc,18393.50607228,0.0788356,0.0491944871258635,18
1,[],10,[],2019-03-13 10:55:41,781637.79683399,0.00001688,0.0000000006496284880000001,6920000,2019-03-13 10:55:41,btc,15.40712570292414,1293.76426116,0.00001688,btc,13302.36440746,0.0,0.1113681899481926,18
1,[],12,[],2019-03-13 10:55:42,313764.28973171,0.00001624999999999999857644254752653267814821447245776653289794921875,0.000000000625382875,6920001,2019-03-13 10:55:42,btc,33214.73082486062,0.0,0.00001624999999999999857644254752653267814821447245776653289794921875,btc,1036.96277042,0.0122804540357502,0.0271526416878166,18
0,[],2,[],2019-01-20 23:23:38,0.0,0,0,6476906,2019-01-20 23:23:38,,0.0,0.0,0,,0.0,0.0,0.0,18
0,[],17,[],2019-03-13 09:11:48,0.0,0,0,6919862,2019-03-13 09:11:48,btc,0.0,0.0,0,btc,0.0,0.0,0.0,18
0,[],27,[],2019-03-13 11:26:00,0.0,0,0,6920192,2019-03-13 11:26:00,,0.0,0.0,0,btc,0.0,0.0,0.0,19
0,[],2,[],2019-01-20 23:24:19,0.0,0,0,6476924,2019-01-20 23:24:19,,0.0,0.0,0,,0.0,0.0,0.0,19
1,[],3,[],2019-03-13 11:25:54,120824.99100639462,0.0000174999999999999984669381281054967303134617395699024200439453125,0.0000000006741069999999999,6920188,2019-03-13 11:25:54,btc,0.640984549754382,507.7,0.0000174999999999999984669381281054967303134617395699024200439453125,btc,14655.982436769738,0.0,0.05433522177133182,19
1,[],4,[],2019-03-13 11:25:55,228241.81229,0.00001973,0.000000000760007492,6920189,2019-03-13 11:25:55,btc,2.5891248961085034,0.0,0.00001973,btc,91548.89681332,0.42956743,2.3790463901110024,19
1,[],5,[],2019-03-13 11:25:56,0.0,0,0,6920190,2019-03-13 11:25:56,btc,0.0,0.00021515,0,btc,0.0,0.0,0.0,19
1,[],12,[],2019-03-13 11:25:57,192210.77159323,0.000016779999999999998584222782316288657966651953756809234619140625,0.000000000646372312,6920191,2019-03-13 11:25:57,btc,0.801575407443312,0.0,0.000016779999999999998584222782316288657966651953756809234619140625,btc,406.2143714,0.004778839336399,0.0396238999998735,19
1,[],4,[],2019-03-13 11:26:03,2778035.60194824,0.00000012,0.0000000000046224480000000004,6920193,2019-03-13 11:26:03,btc,7.382907576317832,0.0,0.00000012,btc,2875865.97746042,0.00300997,0.0775789389049041,20
1,[],4,[],2019-03-13 11:26:04,103310558.2663036,0.00000002,0.000000000000770408,6920194,2019-03-13 11:26:04,btc,1858.2687382170798,0.0,0.00000002,btc,54109505.2778267,0.00681265,1.1519516084467123,21
1,[],12,[],2019-03-13 11:26:04,1374286.0,0.00000001,0.000000000000385204,6920195,2019-03-13 11:26:04,btc,1247.5321034093006,0.0,0.00000001,btc,2589646.96503496,1.00999001e-05,0.01374286,21
0,[],17,[],2019-03-13 09:11:57,0.0,0,0,6919871,2019-03-13 09:11:57,btc,0.0,0.0,0,btc,0.0,0.0,0.0,21
1,[],12,[],2019-03-13 11:26:16,2506577528.0,0.0000000001,0.00000000000000385204,6920196,2019-03-13 11:26:16,btc,1933717.3732951228,0.0,0.0000000001,btc,1754741402.3020868,0.00224070641048951,0.2506577528,23
0,[],27,[],2019-03-13 11:26:18,0.0,0,0,6920197,2019-03-13 11:26:18,,13.836146978083411,0.0,0,eth,5931606.84014486,0.0,0.0,23
1,[],4,[],2019-03-13 11:26:19,627591.61041154,0.00000044,0.000000000016948976,6920198,2019-03-13 11:26:19,btc,9.472679751513112,0.0,0.00000044,btc,1611311.60764315,0.01222587,0.1507855602489476,24
1,[],22,[],2019-03-13 11:26:32,11.76,0.00000100,0.0000000000385204,6920199,2019-03-13 11:26:32,BTC,7.415e-05,0.0,0.00000100,BTC,23.919354838709676,0.0,1.176e-05,24
0.0,[],25,[],2019-03-13 11:28:33,0.0,0,0,6920200,2019-03-13 11:28:33,,0.0,0.0,0.0,btc,0.0,0.0,0.0,24
1,[],4,[],2019-03-13 11:28:34,23513298.46739237,0.00000623,0.00000000023998209200000003,6920201,2019-03-13 11:28:34,btc,65.91035504167334,0.0,0.00000623,btc,241323.44044778,0.14907512,0.6072875474650948,26
1,[],10,[],2019-03-13 11:28:36,599057.83871033,0.00000602,0.000000000231892808,6920202,2019-03-13 11:28:36,btc,26.08246099978925,3732.86868337,0.00000602,btc,14862.55890951,0.0,0.1619017138840801,26
0,[],2,[],2019-01-20 23:25:56,0.0,0,0,6476976,2019-01-20 23:25:56,,0.0,0.0,0,,0.0,0.0,0.0,26
1,[],3,[],2019-03-13 11:28:37,8366292.84709747,0.00000001,0.000000000000385204,6920203,2019-03-13 11:28:37,btc,2.0334412886577917,49148.7479166,0.00000001,btc,14478099.55758465,0.0,0.0836629284709747,27
1,[],5,[],2019-03-13 11:28:39,0.0,0,0,6920204,2019-03-13 11:28:39,btc,0.0,0.00054508,0,btc,0.0,0.0,0.0,27
1,[],11,[],2019-03-13 11:28:41,8489638.24590115,0.00000006,0.000000000002311224,6920205,2019-03-13 11:28:41,btc,67506.1992155516,5956.66666667,0.00000006,btc,7966196.08369704,0.0,0.4689379049180229,27
1,[],4,[],2019-03-13 11:28:42,2095541312.1669295,0.00000001,0.000000000000385204,6920206,2019-03-13 11:28:42,btc,5.424819144789034,0.0,0.00000001,"btc,ltc",362223049.67281294,0.0043855,9.539905124252396,29
1,[],7,[],2019-03-13 11:28:43,35606551.76455675,0.00000001,0.000000000000385204,6920207,2019-03-13 11:28:43,btc,44461616.82307368,17932.5674326,0.00000001,btc,52013379.48815731,0.00035865,0.3560655176455675,29
1,[],4,[],2019-03-13 11:28:45,1756296.75690804,0.00000018,0.000000000006933672,6920208,2019-03-13 11:28:45,btc,2.6954477178045613,0.0,0.00000018,btc,2151576.07095335,0.05373821,0.0996288131396064,30
0,[],17,[],2019-03-13 10:59:00,0.0,0,0,6920022,2019-03-13 10:59:00,btc,0.0,0.0,0,btc,0.0,0.0,0.0,30
1,[],4,[],2019-03-13 11:28:58,186981.7900227,0.00005470,0.00000000210706588,6920209,2019-03-13 11:28:58,btc,10.053203014744726,0.0,0.00005470,btc,127683.80391051,0.43102541,2.0710762297054797,31
1,[],21,[],2019-03-13 11:28:59,43284.61229468,0.00005475999999999999747965495622,0.000000002109377104,6920210,2019-03-13 11:28:59,btc,4.844998521039832,148322.77490867,0.0000547599999999999974796549562228165086708031594753265380859375,btc,75617.8932768,8.34389742,2.1803660699897662,31
0,[],2,[],2019-01-20 23:28:43,0.0,0,0,6477009,2019-01-20 23:28:43,,0.0,0.0,0,,0.0,0.0,0.0,32
1,[],4,[],2019-03-13 11:29:00,473498316.3705921,0.00000004,0.000000000001540816,6920211,2019-03-13 11:29:00,btc,9.23238267770997,0.0,0.00000004,"btc,ltc",181835550.33481807,2.43892506,8.783488757793304,33
1,[],12,[],2019-03-13 11:29:01,26424312.964,0.00000004,0.000000000001540816,6920212,2019-03-13 11:29:01,btc,2917763.5601303806,0.0,0.00000004,btc,18479741.60839155,0.002240491588412,0.6217810389199999,33
1,[],4,[],2019-03-13 11:29:02,97847583.57641807,0.00000001,0.000000000000385204,6920213,2019-03-13 11:29:02,btc,3.4066794798602555,0.0,0.00000001,btc,98946730.91273047,0.01313468,0.9784758357641807,34
1,[],5,[],2019-03-13 11:29:04,0.0,0,0,6920214,2019-03-13 11:29:04,btc,0.0,4.85e-06,0,btc,0.0,0.0,0.0,34
0.0000000001428307,[],4,[],2019-03-13 11:29:05,3807270722.2670126,1.428307e-18,5.50189569628e-23,6920215,2019-03-13 11:29:05,ltc,4.489044981858639e-08,0.0,0.00000001,ltc,6090605728.90037,0.0,5.43795142350903e-09,36
1,[],5,[],2019-03-13 11:29:06,0.0,0,0,6920216,2019-03-13 11:29:06,btc,0.0,0.0,0,btc,0.0,0.0,0.0,36
0.0000000003410863,[],27,[],2019-03-13 11:29:20,1088163.16325,3.410863e-18,1.313878071052e-22,6920217,2019-03-13 11:29:20,eth,222.5593908357632,0.0,0.00000001,"ltc,eth",11165406.63658689,0.0,1.6831021734923848e-12,36
0,[],17,[],2019-03-13 09:13:05,0.0,0,0,6919893,2019-03-13 09:13:05,btc,0.0746458232965017,0.0,0,btc,4103573.70243647,0.0,0.0,36
1,[],4,[],2019-03-13 11:01:27,223231.4252892,0.00000058,0.000000000022321358000000002,6920032,2019-03-13 11:01:27,btc,19772.48034442408,0.0,0.00000058,btc,560106.95519195,0.00877368,0.0935009363282278,37
1,[],12,[],2019-03-13 11:01:27,434535.43771483,0.0000006,0.00000000002309106,6920033,2019-03-13 11:01:27,btc,26.292889679109813,0.0,0.0000006,btc,430219.60057354,0.0491349201002266,0.1181270370748163,37
1,[],27,[],2019-03-13 11:01:40,14685.567,0.00000045,0.000000000017318295000000003,6920034,2019-03-13 11:01:40,btc,24.25536383611233,0.0,0.00000045,btc,6518.38138508,0.0,0.00480032515,37
1,[],17,[],2019-03-13 06:54:53,1752.74075282,0.00000025,0.000000000009694675,6919097,2019-03-13 06:54:53,btc,0.055484923983739755,0.0,0.00000025,btc,1387.19918473,0.0,0.00043818518820499993,37
1,[],5,[],2019-03-13 11:29:21,0.0,0,0,6920218,2019-03-13 11:29:21,btc,0.0,0.10661882,0,btc,0.0,0.0,0.0,42
1,[],12,[],2019-03-13 11:29:22,255834.32914258,0.00000110999999999999996035831596741250137938550324179232120513916015625,0.000000000042757644,6920219,2019-03-13 11:29:22,btc,5.571813782236372,0.0,0.00000110999999999999996035831596741250137938550324179232120513916015625,btc,28251.77253306,0.0344169776166122,0.0202238054169832,42
0.0000000003410863,[],27,[],2019-03-13 11:29:24,2000.0,3.410863e-18,1.313878071052e-22,6920220,2019-03-13 11:29:24,eth,0.00315028,0.0,0.00000001,"btc,eth",11.007,0.0,6.8217260000000004e-15,42
1,[],5,[],2019-03-13 11:29:25,0.0,0,0,6920221,2019-03-13 11:29:25,btc,0.0,0.0,0,btc,0.0,0.0,0.0,43
0,[],17,[],2019-03-13 11:29:27,0.0,0,0,6920222,2019-03-13 11:29:27,btc,0.0,0.0,0,btc,0.0,0.0,0.0,43
1,[],12,[],2019-03-13 09:13:29,1112112.0,0.00000001,0.000000000000386531,6919902,2019-03-13 09:13:29,btc,29058.00478931866,0.0,0.00000001,btc,5967681.93306694,9.99000999e-07,0.01112112,43
1,[],12,[],2019-03-05 01:54:08,639326.02,0.00000004,0.000000000001486676,6845775,2019-03-05 01:54:08,btc,11116042.728239931,0.0,0.00000004,btc,1103841.4595604,0.0003330765234764,0.014975410599999999,44
1,[],4,[],2019-03-13 11:29:28,298966323.4407889,0.00000002,0.000000000000770408,6920223,2019-03-13 11:29:28,btc,954.8561113913927,0.0,0.00000002,"btc,ltc",16872750.21995857,0.00101403,0.27849478721052584,49
0.0000000001428307,[],4,[],2019-03-13 11:29:29,421629376.2630588,1.428307e-18,5.50189569628e-23,6920224,2019-03-13 11:29:29,ltc,25.866299612946385,0.0,0.00000001,ltc,10112619093.45465,0.0,6.022161895221607e-10,52
0.0000000001278375,[],22,[],2019-03-13 11:29:40,80645562.0,1.278375e-18,4.924351635e-23,6920225,2019-03-13 11:29:40,XMR,4368.73577283,0.0,0.00000001,XMR,281327473.5359664,0.0,0.80645562,57
0.0000000003410863,[],27,[],2019-03-13 11:29:43,2000.0,3.410863e-18,1.313878071052e-22,6920226,2019-03-13 11:29:43,eth,0.0,0.0,0.00000001,"btc,eth",0.0,0.0,6.8217260000000004e-15,57
0.0000000001428307,[],4,[],2019-03-13 11:29:44,406282403.02995366,2.856614e-18,1.100379139256e-22,6920227,2019-03-13 11:29:44,ltc,18.657416403165847,0.0,0.00000002,ltc,4760072395.523396,0.0,6.35921825995025e-10,58
1,[],12,[],2019-03-13 11:29:45,1284082058.0,0.0000000003,0.00000000000001155612,6920228,2019-03-13 11:29:45,btc,4023100.3017223547,0.0,0.0000000003,btc,1611938990.7812188,0.02277903207662339,0.3066395015,58
0,[],17,[],2019-03-13 11:29:46,0.0,0,0,6920229,2019-03-13 11:29:46,btc,1e+24,0.0,0,btc,49306342.21952568,0.0,0.0,58
0.0000000001278375,[],22,[],2019-03-13 11:30:01,137438.0,1.278375e-18,4.924351635e-23,6920230,2019-03-13 11:30:01,XMR,69.8835922,0.0,0.00000001,XMR,9887963.0,0.0,0.00137438,58
1,[],5,[],2019-03-13 11:30:03,0.0,0,0,6920231,2019-03-13 11:30:03,btc,0.0,0.00183413,0,btc,0.0,0.0,0.0,61
1,[],22,[],2019-03-13 11:30:24,13757.0,0.00000012,0.0000000000046224480000000004,6920232,2019-03-13 11:30:24,BTC,1002.2960049,0.0,0.00000012,BTC,14976.68361146909,0.0,0.00154987,61
1,[],26,[],2019-03-13 11:30:24,0.0,0,0,6920233,2019-03-13 11:30:24,,0.0,0.0,0,,0.0,0.0,0.0,61
1,[],27,[],2019-03-13 11:30:28,4411.22008,0.00000047,0.000000000018104588,6920234,2019-03-13 11:30:28,btc,2.8990263703141324,0.0,0.00000047,"btc,eth",19485.01257617,0.0,0.0012437599594689393,61
1,[],28,[],2019-03-13 11:30:31,13880.304,0.0000005,0.0000000000192602,6920235,2019-03-13 11:30:31,btc,2.056312978300105,747.0,0.0000005,btc,9730.59500005,0.0,0.00566391304,61
1,[],4,[],2019-03-13 11:30:32,1574247.31664604,0.00000207,0.000000000079737228,6920236,2019-03-13 11:30:32,btc,9.618261304037606,0.0,0.00000207,btc,822211.98090207,0.08852375,1.5647861139101775,67
0.0,[],25,[],2019-03-13 11:30:34,0.0,0,0,6920237,2019-03-13 11:30:34,,0.0,0.0,0.0,btc,0.0,0.0,0.0,67
1,[],12,[],2019-03-13 11:30:35,2565801.45302929,0.00000012,0.000000000004622448,6920238,2019-03-13 11:30:35,btc,1111115.0047845214,0.0,0.00000012,btc,933360.11983327,0.0048733642065735,0.0985931441918179,71
,[],5,[],2018-11-20 23:02:39,1.5e-07,0.00000005,0.000000000002128045,4862160,2018-11-20 23:02:39,btc,2.84511358,0.0,,btc,0.00036572,0.0,0.07381892,74
1,[],5,[],2019-03-13 11:30:36,0.0,0,0,6920239,2019-03-13 11:30:36,btc,0.0,0.0,0,btc,0.0,0.0,0.0,75
1,[],4,[],2019-03-13 11:03:20,13022177.09824166,0.00000001,0.00000000000038485100000000004,6920056,2019-03-13 11:03:20,btc,11370.021433532545,0.0,0.00000001,btc,39917749.40832191,0.00201987,0.1302217709824166,81
0,[],20,[],2019-01-25 09:30:31,0.0,0,0,6495923,2019-01-25 09:30:31,btc,0.0,0.0,0,btc,0.0,0.0,0.0,81
1,[],4,[],2019-03-13 11:30:37,24777.73927737,0.00007447,0.000000002868614188,6920240,2019-03-13 11:30:37,btc,18.14049501892504,0.0,0.00007447,btc,12580.35816715,0.0170601,0.1569746476423765,82
1,[],21,[],2019-03-13 11:30:38,958924.21159105,0.00007334999999999999398085648306,0.00000000282547134,6920241,2019-03-13 11:30:38,btc,3.730380532655252,4900.93330729,0.00007334999999999999398085648305567474380950443446636199951171875,btc,44827.03663826,0.36176875,6.356968161078304,82
0,[],17,[],2019-03-12 22:53:24,0.0,0,0,6916626,2019-03-12 22:53:24,btc,0.0447233088476774,0.0,0,btc,999127.19588126,0.0,0.0,84
0.0000000001428307,[],4,[],2019-03-13 11:30:39,174992189.39121944,4.284921e-18,1.650568708884e-22,6920242,2019-03-13 11:30:39,ltc,1.6782879522535206,0.0,0.00000003,ltc,388940208.63271725,0.0,3.8324526609293006e-10,85
,[],22,[],2018-11-20 23:09:34,3408.1,0.0000001,0.0000000000041895,4862324,2018-11-20 23:09:34,BTC,0.04624735,0.0,,BTC,4990.0,0.0,0.00033081,86
1,[],22,[],2019-03-13 11:31:24,110870.0,0.00000005,0.00000000000192602,6920243,2019-03-13 11:31:24,BTC,2.07858175,0.0,0.00000005,BTC,170145.94736842104,4.06e-05,0.0017035,87
1,[],27,[],2019-03-13 11:31:28,55.0,0.00000001,0.000000000000385204,6920244,2019-03-13 11:31:28,btc,14.54922496642528,0.0,0.00000001,btc,13342.9236248,0.0,5.5e-07,87
,[],2,[],2018-11-20 23:10:47,0.0,0,0,4862359,2018-11-20 23:10:47,,0.0,0.0,,,0.0,0.0,0.0,88
1,[],11,[],2019-03-13 11:31:29,92803.40499249,0.0001469999999999999952537965697274557896889746189117431640625,0.0000000056624988,6920245,2019-03-13 11:31:29,btc,611.798472497008,524.84948454,0.0001469999999999999952537965697274557896889746189117431640625,btc,99570.75265236,0.0,6.242069178224448,89
0,[],2,[],2019-01-20 23:31:45,0.0,0,0,6477083,2019-01-20 23:31:45,,0.0,0.0,0,,0.0,0.0,0.0,91
1,[],12,[],2019-03-13 11:31:30,271463.38804936,0.00000099,0.000000000038135196,6920246,2019-03-13 11:31:30,btc,61.000853712359245,0.0,0.00000099,btc,119013.04574015,0.0017556901356645,0.0493335723993866,91
0,[],17,[],2019-03-13 11:31:32,0.0,0,0,6920247,2019-03-13 11:31:32,btc,0.0,0.0,0,btc,0.0,0.0,0.0,91
1,[],22,[],2019-03-13 11:31:48,65900.0,0.00000001,0.000000000000385204,6920248,2019-03-13 11:31:48,BTC,3e-06,0.0,0.00000001,BTC,1.0,0.0,0.000659,91
0.00000000014250410000000001,[],22,[],2019-03-13 11:06:01,52834053.0,1.425041e-18,5.48428453891e-23,6920066,2019-03-13 11:06:01,LTC,3.31498785,0.0,0.00000001,LTC,37200566.889473684,1.1294542931447e-11,0.52834053,95
0.0000000001428307,[],4,[],2019-03-13 11:31:51,633633931.1926622,7.4271964e-17,2.8609857620656002e-21,6920249,2019-03-13 11:31:51,ltc,11.884610523508757,0.0,0.00000052,ltc,135853875.31549752,0.0,1.551936974098914e-09,96
0,[],12,[],2019-03-13 11:31:52,0.0,0,0,6920250,2019-03-13 11:31:52,btc,10.189827933386614,0.0,0,btc,3076105.33866133,6.33366633367e-05,0.0,96
0,[],17,[],2019-03-13 11:31:54,0.0,0,0,6920251,2019-03-13 11:31:54,btc,0.0,0.0,0,btc,0.0,0.0,0.0,96
1,[],4,[],2019-03-12 10:13:14,2544101.88493427,0.00000025,0.0000000000097174,6911574,2019-03-12 10:13:14,btc,2.5031007307816195,0.0,0.00000025,btc,2555984.39269018,0.04718357,0.3381776086135513,99
1,[],4,[],2019-03-13 11:31:54,286584.29680377,0.00003538,0.000000001362851752,6920252,2019-03-13 11:31:54,btc,12.455635328946046,0.0,0.00003538,btc,193562.0145567,2.31945267,1.5380255825134925,100
0,[],2,[],2019-01-20 23:23:55,0.0,0,0,6476914,2019-01-20 23:23:55,,0.0,0.0,0,,0.0,0.0,0.0,100
1,[],22,[],2019-03-13 11:32:17,50000.0,0.00000001,0.000000000000385204,6920253,2019-03-13 11:32:17,BTC,23.49896609,0.0,0.00000001,BTC,10277.22,0.0,0.0005,101
1,[],4,[],2019-03-13 11:32:19,450870.66814791,0.00000080,0.00000000003081632,6920254,2019-03-13 11:32:19,btc,308.0861238850971,0.0,0.00000080,btc,510264.37914956,0.00559402,0.2235664124343987,103
1,[],12,[],2019-03-13 11:32:22,31666702.93780044,0.000000008,0.0000000000003081632,6920255,2019-03-13 11:32:22,btc,3219150.2606023457,0.0,0.000000008,btc,76885859.6703725,0.00557999001430846,0.05295510150240352,105
0,[],27,[],2019-03-13 11:32:23,0.0,0,0,6920256,2019-03-13 11:32:23,,36.60963340207041,223920.39,0,btc,1428552.54761724,0.0022392,0.0,105
1,[],22,[],2019-03-13 11:06:46,9328.0,0.00000001,0.00000000000038485100000000004,6920075,2019-03-13 11:06:46,BTC,51.10837004,0.0,0.00000001,BTC,470435.0,0.0,9.328e-05,107
1,[],26,[],2019-03-13 11:06:46,0.0,0.00000000,0,6920076,2019-03-13 11:06:46,btc,0.0,0.0,0.00000000,btc,0.0,0.0,0.0,107
1,[],5,[],2019-03-13 11:32:26,0.0,0,0,6920257,2019-03-13 11:32:26,btc,0.0,0.0510451,0,btc,0.0,0.0,0.0,112
1,[],22,[],2019-03-13 11:32:48,47455.0,0.00000002,0.000000000000770408,6920258,2019-03-13 11:32:48,BTC,2.7975128,0.0,0.00000002,BTC,826524.0833333334,0.0,0.00092944,112
0.0000000003410863,[],27,[],2019-03-13 11:32:50,2000.0,3.410863e-18,1.313878071052e-22,6920259,2019-03-13 11:32:50,eth,1.24996908,0.0,0.00000001,"btc,eth",1289.0,0.0,6.8217260000000004e-15,112
1,[],4,[],2019-03-13 11:32:52,1319635.73456328,0.00000187,0.000000000072033148,6920260,2019-03-13 11:32:52,btc,5.245011760185891,0.0,0.00000187,btc,384186.63567735,0.04462713,1.0331861417108923,113
1,[],5,[],2019-03-13 11:32:53,0.0,0,0,6920261,2019-03-13 11:32:53,btc,0.0,0.0,0,btc,0.0,0.0,0.0,113
0,[],27,[],2019-03-13 11:32:56,0.0,0,0,6920262,2019-03-13 11:32:56,,0.0,0.0,0,btc,0.0,0.0,0.0,116
1,[],17,[],2019-03-13 08:58:23,152738.278,0.00000004,0.000000000001552496,6919751,2019-03-13 08:58:23,btc,1.33680302678,0.0,0.00000004,btc,50696.221,0.0,0.0022095311199999998,116
1,[],4,[],2019-03-13 11:32:57,89098.43142751,0.00003560,0.00000000137132624,6920263,2019-03-13 11:32:57,btc,84.42415702632158,0.0,0.00003560,btc,29603.85841992,3.3094443,1.7285170711540228,120
1,[],7,[],2019-03-13 11:33:46,21061.29841753,0.0000375199999999999999115117554904230701140477322041988372802734375,0.000000001445285408,6920264,2019-03-13 11:33:46,btc,121183.03340726923,340.92886103,0.0000375199999999999999115117554904230701140477322041988372802734375,btc,26280.20502712,0.01349065,0.055893969296732106,120
1,[],20,[],2019-03-13 11:07:19,1619712.3745,0.000000034,0.0000000000013084934000000002,6920085,2019-03-13 11:07:19,btc,33.5719235046648,130650.0938,0.000000034,btc,1028083.5986,0.0044421031892,0.0137566979756,125
1,[],22,[],2019-03-13 11:07:37,3053.0,0.00000001,0.00000000000038485100000000004,6920086,2019-03-13 11:07:37,BTC,0.01444887,0.0,0.00000001,BTC,296263.5111111111,0.0,3.053e-05,126
0,[],17,[],2019-03-13 08:59:00,0.0,0,0,6919758,2019-03-13 08:59:00,btc,0.0009561751951600001,0.0,0,btc,35.42829368,0.0,0.0,131
1,[],4,[],2019-03-13 11:07:38,143279.11647871,0.00001199,0.00000000046143634900000004,6920087,2019-03-13 11:07:38,btc,3.5649554497320057,0.0,0.00001199,btc,120260.06926405,0.11847157,0.5980954095180406,131
0,[],2,[],2019-01-20 23:25:46,0.0,0,0,6476969,2019-01-20 23:25:46,,0.0,0.0,0,,0.0,0.0,0.0,131
1,[],4,[],2019-03-13 11:35:47,4614.43990418,0.00016990,0.00000000654461596,6920265,2019-03-13 11:35:47,btc,1.608919825127998,0.0,0.00016990,btc,203.58765242,0.0041121,0.018219399663344,135
1,[],3,[],2019-03-07 00:20:44,877702.73244099,0.00000004,0.00000000000154846,6863392,2019-03-07 00:20:44,btc,0.119366241821405,0.0,0.00000004,btc,760637.99421222,0.0,0.023771231960604298,136
1,[],4,[],2019-03-13 11:07:54,284637.1122686,0.00000144,0.00000000005541854400000001,6920089,2019-03-13 11:07:54,btc,38.61920237720036,0.0,0.00000144,btc,538493.54256244,0.01916812,0.0231588501735831,137
1,[],12,[],2019-03-13 11:07:55,175702.07960198,0.0000013299999999999999715787242504649867669286322779953479766845703125,0.000000000051185183000000004,6920090,2019-03-13 11:07:55,btc,5.0472916374068255,0.0,0.0000013299999999999999715787242504649867669286322779953479766845703125,btc,4645.9262928299995,0.0036264916265225,0.0061592725373001,137
1,[],4,[],2019-03-13 11:35:49,11671.09410802,0.00003602,0.000000001387504808,6920266,2019-03-13 11:35:49,btc,28.364296024209597,0.0,0.00003602,btc,46136.67576631,0.12577887,0.2250953407796986,142
1,[],5,[],2019-03-13 11:35:51,0.0,0,0,6920267,2019-03-13 11:35:51,btc,0.0,0.04026576,0,btc,0.0,0.0,0.0,142
1,[],17,[],2019-03-13 11:35:53,22967.386363640002,0.00000088,0.000000000033897952,6920268,2019-03-13 11:35:53,btc,20.06991335265908,0.0,0.00000088,btc,2746.079105,0.0,0.0104613000000032,142
1,[],20,[],2019-03-13 11:35:55,153078.4122,0.00003,0.000000001155612,6920269,2019-03-13 11:35:55,btc,0.3367868013272,8.9601,0.00003,btc,2264.2765,0.0002956833,0.3090354437651,142
1,[],22,[],2019-03-13 11:36:23,1470.2803921568627,0.00001020,0.00000000039290808,6920270,2019-03-13 11:36:23,BTC,3.0054103,0.0,0.00001020,BTC,910.5995,2.474e-05,0.00121106,142
0.0,[],25,[],2019-03-13 11:36:24,0.0,0,0,6920271,2019-03-13 11:36:24,,0.0,0.0,0.0,btc,0.0,0.0,0.0,142
1,[],28,[],2019-03-13 11:36:26,76600.0,0.00002270,0.0000000008744130800000001,6920272,2019-03-13 11:36:26,btc,0.067100461059305,1492.0,0.00002270,btc,552.61077999,0.0,0.0154572,142
0,[],22,[],2019-03-13 11:36:45,0.0,0,0,6920273,2019-03-13 11:36:45,,65.83990167,0.0,0,,1043231670.8,0.0,0.0,143
0,[],22,[],2019-02-25 15:42:22,0.0,0,0,6783783,2019-02-25 15:42:22,,4.2131946,0.0,0,,2322156.0,0.0,0.0,146
,[],22,[],2018-11-20 23:01:11,0.0,0,0,4862114,2018-11-20 23:01:11,,2.56807021,0.0,,,61828.4988236,0.0,0.0,147
1,[],12,[],2019-03-13 11:09:06,343542.631729,0.000001700000000000000028950908510794182149084008415229618549346923828125,0.00000000006542467,6920098,2019-03-13 11:09:06,btc,7.932770332071483,0.0,0.000001700000000000000028950908510794182149084008415229618549346923828125,btc,101645.33942272,0.00051715,0.0765642999998445,148
1,[],4,[],2019-03-13 11:36:47,245800.46326711,0.00000029,0.000000000011170916,6920274,2019-03-13 11:36:47,btc,219.99420193354877,0.0,0.00000029,btc,832875.78510436,0.00118436,0.0580878698241669,152
0,[],22,[],2019-03-13 11:37:00,0.0,0,0,6920275,2019-03-13 11:37:00,,0.0,0.0,0,,0.0,0.0,0.0,152
1,[],5,[],2019-03-13 11:09:27,0.0,0,0,6920101,2019-03-13 11:09:27,btc,0.0,0.0,0,btc,0.0,0.0,0.0,153
,[],16,[],2019-01-11 15:38:59,0.0,0,0,6366141,2019-01-11 15:38:59,btc,0.0,0.0,,btc,0.0,0.0,0.0,155
0,[],23,[],2019-01-20 23:24:29,0.0,0,0,6476932,2019-01-20 23:24:29,,0.0,0.0,0,,0.0,0.0,0.0,156
0,[],22,[],2019-03-13 11:09:38,0.0,0,0,6920102,2019-03-13 11:09:38,,6.7463775,0.0,0,,4673391.242592593,0.0,0.0,156
1,[],22,[],2019-03-13 11:09:57,7073.8,0.00005300,0.0000000020397103000000003,6920103,2019-03-13 11:09:57,BTC,1.79802465,0.0,0.00005300,BTC,802.6461988741639,0.0,0.00104336,157
0,[],22,[],2019-03-13 11:10:13,0.0,0,0,6920104,2019-03-13 11:10:13,,50175.67608608,0.0,0,,54079135.04179466,0.0,0.0,158
,[],17,[],2018-11-20 22:56:10,0.0,0,0,4861976,2018-11-20 22:56:10,btc,1.1265625,0.0,,btc,1000.0,0.0,0.0,159
,[],20,[],2018-11-20 22:56:12,0.0,0,0,4861977,2018-11-20 22:56:12,btc,11912.7940471,0.0,,btc,34413894.3617,0.0,0.0,159
1,[],17,[],2019-03-13 09:19:50,29784.95,0.000001,0.000000000038653099999999997,6919962,2019-03-13 09:19:50,btc,0.03026736251542,0.0,0.000001,btc,144.46171372,0.0,0.00716147,168
1,[],12,[],2019-03-13 11:10:14,231960.14239795,0.000007580000000000000271089574399585586661487468518316745758056640625,0.00000000029171705800000005,6920105,2019-03-13 11:10:14,btc,1.706337761918449,0.0,0.000007580000000000000271089574399585586661487468518316745758056640625,btc,9846.64408202,0.0016454861,0.096469787999817,168
0,[],22,[],2019-03-13 11:10:38,0.0,0,0,6920106,2019-03-13 11:10:38,,1.1340533,0.0,0,,524928.174707144,0.0,0.0,169
1,[],22,[],2019-03-13 11:10:57,204741.0,0.00000012,0.000000000004618212,6920107,2019-03-13 11:10:57,BTC,14.34960004,0.0,0.00000012,BTC,152903.96015308815,0.00011416,0.00248092,171
1,[],22,[],2019-03-13 11:11:16,716138.3333333334,0.00000011,0.000000000004233361,6920108,2019-03-13 11:11:16,BTC,2.59945759,0.0,0.00000011,"BTC,LTC",335814.3092206753,0.00425872,0.02516216,173
1,[],5,[],2019-03-05 01:59:40,0.0,0,0,6845846,2019-03-05 01:59:40,btc,0.0,0.00384852,0,btc,0.0,0.0,0.0,175
1,[],22,[],2019-03-13 11:11:33,35500.0,0.00000012,0.000000000004618212,6920109,2019-03-13 11:11:33,BTC,0.54559973,0.0,0.00000012,BTC,137776.41444619838,0.0,0.00206,176
1,[],7,[],2019-03-13 11:11:34,0.0,0,0,6920110,2019-03-13 11:11:34,btc,408082.6436741875,0.0,0,btc,111347382.24961711,0.0,0.0,178
0,[],22,[],2019-03-13 11:11:48,0.0,0,0,6920111,2019-03-13 11:11:48,,1.00242438,0.0,0,,57522.0,0.0,0.0,178
0,[],2,[],2019-01-20 23:28:34,0.0,0,0,6477001,2019-01-20 23:28:34,,0.0,0.0,0,,0.0,0.0,0.0,178
0,[],23,[],2019-01-20 23:25:08,0.0,0,0,6476952,2019-01-20 23:25:08,,0.0,0.0,0,,0.0,0.0,0.0,179
1,[],5,[],2019-03-13 11:11:50,0.0,0,0,6920112,2019-03-13 11:11:50,btc,0.0,0.022671,0,btc,0.0,0.0,0.0,179
1,[],22,[],2019-03-13 11:12:47,6867106.0,0.00000002,0.0000000000007697020000000001,6920113,2019-03-13 11:12:47,BTC,5.63500652,0.0,0.00000002,"BTC,LTC",17355770.756535422,0.0,0.37228284,179
1,[],17,[],2019-03-13 11:12:59,10504.725,0.0000001,0.00000000000384851,6920114,2019-03-13 11:12:59,btc,5.2010695838170005,0.0,0.0000001,btc,4994.45945,0.0,0.0010504725,180
1,[],22,[],2019-03-13 11:14:47,666651.6896935456,0.00000180,0.00000000006927318000000001,6920115,2019-03-13 11:14:47,BTC,0.21053278,0.0,0.00000180,"BTC,LTC",59593.295398324364,0.00504011,0.57286594,180
1,[],26,[],2019-03-13 11:14:47,0.0,0.00000125,0.000000000048106375000000004,6920116,2019-03-13 11:14:47,btc,0.0,0.0,0.00000125,btc,0.0,0.0,0.0,180
,[],7,[],2018-11-20 22:58:01,562227.975654,0.00000085,0.000000000036176765,4862015,2018-11-20 22:58:01,btc,21836.6059674,2491.87645172,,btc,749999.041456,0.00211021,0.127565380455,183
,[],5,[],2019-01-10 08:11:41,0.0,0,0,6347036,2019-01-10 08:11:41,btc,82.15055501,0.00261,,btc,1.19002445,0.0,0.0,187
,[],17,[],2018-11-16 20:58:10,4062536.27273,0.00000001,0.000000000000550501,4708775,2018-11-16 20:58:10,btc,3.36492563466,0.195460381006,,"btc,eth",110697919.549,0.0,0.0157628953496,187
1,[],24,[],2019-03-13 11:14:47,0.0,0.000000000001,3.8485100000000005e-17,6920117,2019-03-13 11:14:47,btc,0.0,0.0,0.000000000001,btc,0.0,0.0,0.0,187
0,[],22,[],2019-03-13 11:15:08,0.0,0,0,6920118,2019-03-13 11:15:08,,7.54797454,0.0,0,,79361.7243344055,0.0,0.0,191
0,[],22,[],2019-03-13 11:15:28,0.0,0,0,6920119,2019-03-13 11:15:28,,0.0,0.0,0,,0.0,0.0,0.0,197
0,[],23,[],2019-01-20 23:31:41,0.0,0,0,6477079,2019-01-20 23:31:41,,0.0,0.0,0,,0.0,0.0,0.0,199
0,[],22,[],2019-03-13 11:16:57,0.0,0,0,6920120,2019-03-13 11:16:57,,5.19581047,0.0,0,,21561978.0,0.0,0.0,199
1,[],26,[],2019-03-13 11:16:57,0.0,0.00000000,0,6920121,2019-03-13 11:16:57,btc,0.0,129820.0,0.00000000,btc,0.0,0.0,0.0,199
0,[],17,[],2019-01-30 16:32:01,0.0,0,0,6540827,2019-01-30 16:32:01,btc,6.802544163788159,0.0,0,btc,105897.55575295,0.0,0.0,200
0,[],2,[],2019-01-20 23:30:49,0.0,0,0,6477059,2019-01-20 23:30:49,,0.0,0.0,0,,0.0,0.0,0.0,201
1,[],4,[],2019-01-25 15:51:35,2084389.58565343,0.00000936,0.000000000333526752,6499557,2019-01-25 15:51:35,btc,2.0092503037378524,0.0,0.00000936,btc,160195.80207885,0.19272417,1.242687955921835,211
1,[],7,[],2019-03-13 11:17:02,5195617.63375594,0.00000101000000000000007076262319161141789436442195437848567962646484375,0.00000000003886995100000001,6920122,2019-03-13 11:17:02,btc,15476654.628692644,1850541.53353,0.00000101000000000000007076262319161141789436442195437848567962646484375,btc,13304043.3943237,0.0,2.604524135045647,212
1,[],12,[],2019-01-25 02:44:32,207462.42853209,0.000001080000000000000035831255497387193287295303889550268650054931640625,0.000000000038610756000000006,6493050,2019-01-25 02:44:32,btc,85023.03793723314,0.0,0.000001080000000000000035831255497387193287295303889550268650054931640625,btc,43675.73520027,0.000146250909087,0.0348620860622024,213
1,[],5,[],2019-03-13 11:17:03,0.0,0,0,6920123,2019-03-13 11:17:03,btc,0.0,0.05015002,0,btc,0.0,0.0,0.0,213
1,[],24,[],2019-03-13 11:17:03,0.0,0.000000150000,0.0000000000057727650000000006,6920124,2019-03-13 11:17:03,btc,0.0,0.0,0.000000150000,btc,0.0,0.0,0.0,213
1,[],26,[],2019-03-13 11:17:03,0.0,0.00000010,0.00000000000384851,6920125,2019-03-13 11:17:03,btc,0.0,0.0,0.00000010,btc,0.0,0.0,0.0,213
1,[],22,[],2019-03-13 11:17:22,49000.0,0.00000002,0.0000000000007697020000000001,6920126,2019-03-13 11:17:22,BTC,2.27972134,0.0,0.00000002,BTC,650798.3963726171,1.764e-05,0.00073,216
1,[],27,[],2019-03-13 11:17:25,1298122.0,0.00000003,0.000000000001154553,6920127,2019-03-13 11:17:25,btc,317.9840526547724,0.0,0.00000003,"btc,ltc",240753.990324,0.0,0.03375764000025651,216
1,[],22,[],2019-03-13 11:17:41,158712.11184210525,0.00000152,0.000000000058497352,6920128,2019-03-13 11:17:41,BTC,12543.5677897,0.0,0.00000152,BTC,413318.13116448384,0.04577474,0.16149329,217
1,[],7,[],2019-03-13 11:17:45,0.0,0,0,6920129,2019-03-13 11:17:45,btc,77971.81411323446,0.0,0,btc,135963412.7426053,0.0,0.0,219
0,[],27,[],2019-03-13 11:17:47,0.0,0,0,6920130,2019-03-13 11:17:47,,0.0404796,0.0,0,btc,2057905.0,0.0,0.0,219
0.0000000000000054,[],28,[],2019-03-13 11:17:54,171578396.705,9.4527e-18,3.6378810477000007e-22,6920131,2019-03-13 11:17:54,doge,86217.0756560575,14446.0,0.00175050,"btc,doge",3933098.30521,0.0,2.5894502531087582e-11,219
1,[],22,[],2019-03-13 11:18:08,406759.0,0.00000008,0.0000000000030788080000000003,6920132,2019-03-13 11:18:08,BTC,18.0683074,0.0,0.00000008,BTC,93423.54541875875,0.0,0.01939217,221
1,[],24,[],2019-03-13 11:18:08,0.0,0.000000200000,0.00000000000769702,6920133,2019-03-13 11:18:08,btc,0.0,0.0,0.000000200000,btc,0.0,0.0,0.0,221
1,[],20,[],2019-03-13 11:18:10,42187007.8129,0.000000002,0.0000000000000769702,6920134,2019-03-13 11:18:10,btc,48.4420210574641,127452.2124,0.000000002,btc,15332733.1127,0.0003549044248,0.0452686861005,224
0,[],22,[],2019-03-13 11:18:18,0.0,0,0,6920135,2019-03-13 11:18:18,,0.0,0.0,0,,0.0,0.0,0.0,224
1,[],26,[],2019-03-13 11:18:19,0.0,0.00000035,0.000000000013469785000000002,6920136,2019-03-13 11:18:19,btc,0.0,0.0,0.00000035,btc,0.0,0.0,0.0,231
1,[],26,[],2019-03-13 11:18:19,0.0,0.00000005,0.000000000001924255,6920137,2019-03-13 11:18:19,btc,0.0,100.0,0.00000005,btc,0.0,0.0,0.0,234
0.0000000003407173,[],27,[],2019-03-13 11:18:21,2000.0,3.4071730000000003e-18,1.311253936223e-22,6920138,2019-03-13 11:18:21,eth,0.01134836604,0.0,0.00000001,"btc,eth",11462.996,0.0,6.814346000000001e-15,234
1,[],4,[],2019-03-13 11:18:23,801969.10685069,0.00000071,0.000000000027324421000000002,6920139,2019-03-13 11:18:23,btc,4.266277190168309,0.0,0.00000071,btc,1229972.19248579,0.03332194,0.2037178642397543,236
1,[],24,[],2019-03-13 11:18:23,0.0,0.000000500000,0.00000000001924255,6920140,2019-03-13 11:18:23,btc,0.0,0.0,0.000000500000,btc,0.0,0.0,0.0,236
1,[],20,[],2019-03-13 11:18:26,225964232.1169,0.000000045,0.0000000000017318295000000002,6920141,2019-03-13 11:18:26,btc,13.031283570382,20004645.4876,0.000000045,btc,36052642.1716,1.0276914775804,0.3076490997522,237
0.00000000014250410000000001,[],22,[],2019-03-13 11:18:36,751594.9,2.4225697e-17,9.323283716147e-22,6920142,2019-03-13 11:18:36,LTC,0.0405823,0.0,0.00000017,LTC,3164.0,0.0,0.12541949,237
1,[],4,[],2019-03-13 11:18:37,7250278.22547821,0.00000033,0.000000000012700083000000001,6920143,2019-03-13 11:18:37,btc,6.82013920126845,0.0,0.00000033,btc,10519082.03886551,0.49325776,1.7234907829902475,238
1,[],5,[],2019-03-13 11:18:39,0.0,0,0,6920144,2019-03-13 11:18:39,btc,0.0,0.03883786,0,btc,0.0,0.0,0.0,238
0,[],22,[],2019-03-12 16:49:32,0.0,0,0,6914458,2019-03-12 16:49:32,,0.40415746,0.0,0,,526736.5639027493,0.0,0.0,249
0.00000000014250410000000001,[],22,[],2019-03-13 11:18:51,48919588.666666664,5.700164e-18,2.193713815564e-22,6920145,2019-03-13 11:18:51,LTC,0.95047601,0.0,0.00000004,LTC,18518358.353636365,9.55415888368e-13,1.17491965,252
1,[],28,[],2019-03-13 11:18:59,2324076.06,0.00000058,0.000000000022321358000000002,6920146,2019-03-13 11:18:59,btc,164780.3735542899,372248.765,0.00000058,btc,334961.409,0.0,0.64019791101,256
1,[],22,[],2019-03-13 11:19:17,1342472.3333333333,0.00000003,0.000000000001154553,6920147,2019-03-13 11:19:17,BTC,31.44445715,0.0,0.00000003,BTC,561979.8568978057,0.00162416,0.01920709,258
1,[],22,[],2019-03-13 00:07:30,47146.0,0.00000001,0.000000000000387233,6917028,2019-03-13 00:07:30,BTC,2.415167,0.0,0.00000001,BTC,157.0,0.0,0.00047146,259
1,[],5,[],2019-03-13 11:19:18,0.0,0,0,6920148,2019-03-13 11:19:18,btc,0.0,0.07948682,0,btc,0.0,0.0,0.0,264
1,[],20,[],2019-03-13 11:19:20,1219587.1103,0.000002182,0.00000000008397448820000001,6920149,2019-03-13 11:19:20,btc,7.1445603017273,37122.6656,0.000002182,btc,97637.2196,0.1067360848044,0.0258684687776,264
0,[],22,[],2019-03-13 11:19:37,0.0,0,0,6920150,2019-03-13 11:19:37,,8.75660439,0.0,0,,474745.2241309945,0.0,0.0,271
0,[],22,[],2019-03-13 11:19:53,0.0,0,0,6920151,2019-03-13 11:19:53,,111821.04152134,0.0,0,,13992847597.692,0.0,0.0,272
0.0000000000000054,[],28,[],2019-03-13 11:19:58,209179556712.905,4.86e-21,1.8703758600000003e-25,6920152,2019-03-13 11:19:58,doge,147693298.96298212,21480062631.7347,0.0000009,doge,241482061626.6149,0.0,5.800126877410463e-10,272
1,[],22,[],2019-03-13 11:21:56,278305.09153846157,0.00000260,0.00000000010006126,6920153,2019-03-13 11:21:56,BTC,383.68899871,0.0,0.00000260,"BTC,LTC",75110.88178576677,0.0013202,0.12025273,281
1,[],22,[],2019-03-13 11:22:07,475901.625,0.00000011,0.000000000004233361,6920154,2019-03-13 11:22:07,BTC,1.3621891,0.0,0.00000011,BTC,232459.43484881354,0.03390795,0.03404981,286
0,[],22,[],2019-03-13 05:14:01,0.0,0,0,6918528,2019-03-13 05:14:01,,1044638.85409864,0.0,0,,705144707.0,0.0,0.0,294
