pairValue,buyBook,exchangeId,sellBook,updated,buyTotal,satoshiPrice,usdPrice,exchangeLogId,created,bestPair,sellTotalBtc,volume,pairPrice,activePairs,sellTotal,volumeBtc,buyTotalBtc,coinId
1,[],3,[],2019-07-03 16:42:14,31404.651971695734,0.00805052000000000024526602970809108228422701358795166015625,0.0000009094020351880001,7792333,2019-07-03 16:42:14,btc,11.137072772463945,75.5455456677,0.00805052000000000024526602970809108228422701358795166015625,btc,37.755538101284,0.0,0.23553399312285261,1
1,[],4,[],2019-07-03 16:42:15,208225.69662758,0.00762233,0.0000008610328792270001,7792334,2019-07-03 16:42:15,btc,6.513329367500806,0.0,0.00762233,btc,406.26657862,6.77307591,0.4324530063422423,1
1,[],5,[],2019-07-03 16:42:18,0.0,0,0,7792335,2019-07-03 16:42:18,btc,0.0,0.03742131,0,btc,0.0,0.0,0.0,1
1,[],10,[],2019-07-03 16:42:21,246800.52827354,0.00286184,0.000000323278883896,7792336,2019-07-03 16:42:21,btc,6525.494104647892,1724.86609471,0.00286184,btc,1931.65683021,0.0,1.7131363078605293,1
1,[],12,[],2019-07-03 16:42:24,102.14169015,0.007599999999999999984734433411404097569175064563751220703125,0.0000008585104400000001,7792337,2019-07-03 16:42:24,btc,0.6199019379063,0.0,0.007599999999999999984734433411404097569175064563751220703125,btc,25.98564315,1.901839046513,0.1751047063246,1
1,[],20,[],2019-07-03 16:42:25,928.5219,0.008010011,0.0000009048260615809001,7792338,2019-07-03 16:42:25,btc,0.1663704269822,1.0238,0.008010011,btc,12.8572,0.0105775147527,0.1262551914685,1
0,[],2,[],2019-01-20 23:28:45,0.0,0,0,6477011,2019-01-20 23:28:45,,0.0,0.0,0,,0.0,0.0,0.0,1
1,[],21,[],2019-07-03 16:42:28,2394.02454866,0.007619889999999999823099283702,0.000000860757252191,7792339,2019-07-03 16:42:28,btc,7.941084872744877,7185.467090859999,0.007619889999999999823099283702276807161979377269744873046875,"btc,eth",1543.59610556,54.26070990479231,13.384829204369742,1
1,[],22,[],2019-07-03 16:42:33,0.5199,0.00150000,0.00000016944285,7792340,2019-07-03 16:42:33,BTC,0.01667896,0.0,0.00150000,BTC,0.2541810146658512,0.0,0.00077189,1
1,[],24,[],2019-07-03 16:42:33,0.0,0.000000000000,0,7792341,2019-07-03 16:42:33,btc,0.0,0.0,0.000000000000,btc,0.0,0.0,0.0,1
0.0,[],25,[],2019-07-03 16:43:06,0.0,0,0,7792342,2019-07-03 16:43:06,btc,22.877099999420953,26044.33038198,0.0,btc,2887.85762238,205.7339,0.0,1
1,[],26,[],2019-07-03 16:43:09,0.0,0,0,7792343,2019-07-03 16:43:09,,0.0,0.0,0,,0.0,0.0,0.0,1
1,[],28,[],2019-07-03 16:43:29,1039.924,0.00730000,0.00000082462187,7792344,2019-07-03 16:43:29,btc,0.373339197,121643.5049,0.00730000,btc,23.6711,0.0,0.268011296,1
1,[],5,[],2019-06-17 14:29:02,0.0,0,0,7740076,2019-06-17 14:29:02,btc,0.0,2.72e-05,0,btc,0.0,0.0,0.0,2
1,[],22,[],2019-06-17 14:29:06,11550.3,0.0000002,0.0000000000185828,7740077,2019-06-17 14:29:06,BTC,21.00897301,0.0,0.0000002,"BTC,XMR",20678.87287795317,1.754e-05,0.00143681,2
1,[],5,[],2019-06-03 14:48:58,0.0,0,0,7731126,2019-06-03 14:48:58,btc,0.0,0.05905545,0,btc,0.0,0.0,0.0,3
1,[],12,[],2019-06-03 14:48:59,3468623.70302,0.000000116,0.000000000009823402000000002,7731127,2019-06-03 14:48:59,btc,169531.0336573751,0.0,0.000000116,btc,2361209.62379607,0.041350953071,0.33764769154428,3
0,[],28,[],2019-06-03 14:49:00,0.0,0,0,7731128,2019-06-03 14:49:00,,0.0,0.0,0,,0.0,0.0,0.0,3
0,[],2,[],2019-01-20 23:31:32,0.0,0,0,6477077,2019-01-20 23:31:32,,0.0,0.0,0,,0.0,0.0,0.0,4
1,[],4,[],2019-05-18 21:29:50,562734.9206932,0.00000010,0.000000000007298720000000001,7650946,2019-05-18 21:29:50,btc,41.9347137769675,0.0,0.00000010,btc,1123702.32192634,0.00052462,0.029254593370966,4
0,[],12,[],2019-06-02 05:03:43,0.0,0,0,7724919,2019-06-02 05:03:43,btc,625.901992874995,0.0,0,btc,1211362.4995005,0.0,0.0,5
0,[],2,[],2019-01-20 23:31:51,0.0,0,0,6477087,2019-01-20 23:31:51,,0.0,0.0,0,,0.0,0.0,0.0,6
1,[],11,[],2019-07-03 09:34:02,4305910.27673599,0.00000001,0.000000000001114197,7791170,2019-07-03 09:34:02,btc,9583.61440324221,317319.0,0.00000001,btc,78212351.53970686,0.0,0.0430591027673599,6
1,[],3,[],2019-07-03 16:43:30,11614.602381451414,0.000063009999999999994724046714633658439197461120784282684326171875,0.000000007117729319,7792345,2019-07-03 16:43:30,btc,1026.2900224927216,627.29874475,0.000063009999999999994724046714633658439197461120784282684326171875,btc,387.980196704402,0.0,0.017712774959336673,7
1,[],4,[],2019-07-03 16:43:31,319467.39950721,0.00007321,0.000000008269940699,7792346,2019-07-03 16:43:31,btc,7.5109954718746,0.0,0.00007321,btc,53022.7475019,2.3713432,2.268090135321916,7
1,[],5,[],2019-07-03 16:43:32,0.0,0,0,7792347,2019-07-03 16:43:32,btc,0.0,0.10120098,0,btc,0.0,0.0,0.0,7
1,[],20,[],2019-04-07 22:06:50,3201475.0482,0.000000001,0.000000000000051590000000000004,7213932,2019-04-07 22:06:50,btc,30.8005781811902,0.0,0.000000001,btc,23077405.3926,0.0,0.0032014750482,8
0,[],2,[],2019-01-20 23:22:42,0.0,0,0,6476876,2019-01-20 23:22:42,,0.0,0.0,0,,0.0,0.0,0.0,9
0,[],23,[],2019-01-20 23:22:48,0.0,0,0,6476878,2019-01-20 23:22:48,,0.0,0.0,0,,0.0,0.0,0.0,9
1,[],1,[],2019-02-17 23:31:42,1822507.21,0.00000181000000000000003456111265232042484285557293333113193511962890625,0.000000000066086901,6701244,2019-02-17 23:31:42,btc,3.6990969245,17153386.5,0.00000181000000000000003456111265232042484285557293333113193511962890625,btc,1997391.71,31.11772986,3.2610482446,9
1,[],4,[],2019-07-03 16:43:34,1944575.70848049,0.00000040,0.00000000004518476,7792348,2019-07-03 16:43:34,btc,2.6316520757605435,0.0,0.00000040,btc,2950603.94224423,0.11146729,0.3432108992170519,9
1,[],28,[],2019-07-03 16:43:36,20043.809,0.00000042,0.000000000047443998,7792349,2019-07-03 16:43:36,btc,2708.795936875,99245.0,0.00000042,btc,60856.555,0.0,0.00270157978,9
1,[],4,[],2019-02-17 11:22:43,4341674.27126056,0.00000002,0.0000000000007272960000000001,6696112,2019-02-17 11:22:43,btc,0.1997230937751353,0.0,0.00000002,btc,4109766.79808031,0.00215132,0.0479381022052112,10
0,[],2,[],2019-01-20 23:23:08,0.0,0,0,6476890,2019-01-20 23:23:08,,0.0,0.0,0,,0.0,0.0,0.0,12
1,[],4,[],2019-07-03 16:43:37,8115085.52730942,0.00000024,0.000000000027110856,7792350,2019-07-03 16:43:37,btc,7.453537634073863,0.0,0.00000024,btc,9380747.84375538,0.50201638,0.760160926111183,12
1,[],5,[],2019-07-03 16:43:38,0.0,0,0,7792351,2019-07-03 16:43:38,btc,0.0,0.10598203,0,btc,0.0,0.0,0.0,12
0.0,[],25,[],2019-07-03 16:43:43,0.0,0,0,7792352,2019-07-03 16:43:43,,0.0,0.0,0.0,btc,0.0,0.0,0.0,12
1,[],4,[],2019-07-03 05:13:15,584689.47355813,0.00000244,0.0000000002788066,7790600,2019-07-03 05:13:15,btc,2.1849123684917955,0.0,0.00000244,btc,410884.35721095,0.22629225,0.257981043015862,13
1,[],21,[],2019-07-03 05:13:19,5464503.61926811,0.000002560000000000000053561755725,0.0000000002925184,7790601,2019-07-03 05:13:19,btc,2.210907882880977,615243.9733135,0.0000025600000000000000535617557251288900488361832685768604278564453125,btc,645862.4277429,1.61860588,2.668924574171489,13
1,[],10,[],2019-07-03 04:50:28,599111.48051128,0.00000253,0.000000000286717816,7790504,2019-07-03 04:50:28,btc,666798.5185763352,11564.1307772,0.00000253,btc,1070197.84077692,0.0,0.2329213413435623,13
0,[],17,[],2019-05-03 00:53:32,0.0,0,0,7558876,2019-05-03 00:53:32,btc,0.0,0.0,0,btc,0.0,0.0,0.0,14
1,[],4,[],2019-07-03 16:43:44,1091095.00404952,0.00000033,0.000000000037277427,7792353,2019-07-03 16:43:44,btc,2.7030390475342627,0.0,0.00000033,btc,734390.69931126,0.04087472,0.0962364727867047,14
1,[],12,[],2019-07-03 16:43:45,225989.33178052,0.00000035,0.000000000039536665,7792354,2019-07-03 16:43:45,btc,186.3586360026022,0.0,0.00000035,btc,42448.13063194,0.00202785564,0.0144762299999949,14
1,[],26,[],2019-07-03 16:45:45,0.0,0.00000050,0.00000000005648095,7792355,2019-07-03 16:45:45,btc,0.0,0.0,0.00000050,btc,0.0,0.0,0.0,14
,[],12,[],2018-12-01 15:15:48,204241.84496,0.00000489,0.000000000202473384,5260204,2018-12-01 15:15:48,btc,49.5475654835,0.0,,btc,35763.2193806,0.0163153972027625,0.0203389899998,15
0,[],4,[],2019-07-03 16:45:46,0.0,0,0,7792356,2019-07-03 16:45:46,,0.0,0.0,0,,0.0,0.0,0.0,15
0,[],2,[],2019-01-20 23:23:38,0.0,0,0,6476906,2019-01-20 23:23:38,,0.0,0.0,0,,0.0,0.0,0.0,18
1,[],4,[],2019-07-03 16:24:26,32527.51734551,0.00000812,0.0000000009294988360000001,7792253,2019-07-03 16:24:26,btc,2.3729698819418794,0.0,0.00000812,btc,17853.43760826,0.01303527,0.052600883426204,18
1,[],10,[],2019-07-03 16:24:28,409259.2308962,0.00000823,0.0000000009420905690000001,7792254,2019-07-03 16:24:28,btc,15.058110663070158,2389.81096751,0.00000823,btc,18529.2176115,0.0,0.3332115056799682,18
1,[],12,[],2019-07-03 16:24:29,2175.35235512,0.00000815999999999999980015118195009193868827424012124538421630859375,0.0000000009340776480000001,7792255,2019-07-03 16:24:29,btc,0.5283940299319982,0.0,0.00000815999999999999980015118195009193868827424012124538421630859375,btc,1921.2309386700001,1.3415624e-05,0.0045572393289732,18
0,[],17,[],2019-05-03 00:53:39,0.0,0,0,7558882,2019-05-03 00:53:39,btc,0.0,0.0,0,btc,0.0,0.0,0.0,18
0,[],2,[],2019-01-20 23:24:19,0.0,0,0,6476924,2019-01-20 23:24:19,,0.0,0.0,0,,0.0,0.0,0.0,19
1,[],3,[],2019-07-03 16:45:48,161887.9276036,0.0000080600000000000007575884364285911942715756595134735107421875,0.0000000009104729140000002,7792357,2019-07-03 16:45:48,btc,190.3107146886123,15936.0573282,0.0000080600000000000007575884364285911942715756595134735107421875,btc,18260.166367950635,0.0,0.1101063741343193,19
1,[],4,[],2019-07-03 16:45:48,290703.13745311,0.00000634,0.000000000716178446,7792358,2019-07-03 16:45:48,btc,2.4782428636438154,0.0,0.00000634,btc,159396.76465581,0.37551637,1.174793421374595,19
1,[],5,[],2019-07-03 16:45:49,0.0,0,0,7792359,2019-07-03 16:45:49,btc,0.0,0.0,0,btc,0.0,0.0,0.0,19
1,[],12,[],2019-07-03 16:45:50,107437.47636904,0.000005800000000000000372813759030865554677802720107138156890869140625,0.0000000006551790200000001,7792360,2019-07-03 16:45:50,btc,0.3661515235480735,0.0,0.000005800000000000000372813759030865554677802720107138156890869140625,btc,3013.18297673,0.0,0.0103516559997984,19
0,[],27,[],2019-07-03 16:45:57,0.0,0,0,7792361,2019-07-03 16:45:57,,0.0,0.0,0,btc,0.0,0.0,0.0,19
1,[],4,[],2019-07-03 16:45:58,9925191.09278478,0.00000005,0.000000000005648095,7792362,2019-07-03 16:45:58,btc,5.162858526649613,0.0,0.00000005,btc,2244806.83713707,0.0,0.1102994166205056,20
0,[],4,[],2019-07-03 05:17:38,0.0,0,0,7790614,2019-07-03 05:17:38,,13630.874493644571,0.0,0,,166276624.1737067,0.0,0.0,21
0,[],12,[],2019-07-03 05:17:41,0.0,0,0,7790615,2019-07-03 05:17:41,btc,2602.9596941675427,0.0,0,btc,9905024.55244751,3.996e-08,0.0,21
0,[],17,[],2019-05-03 00:53:51,0.0,0,0,7558891,2019-05-03 00:53:51,btc,0.0,0.0,0,btc,0.0,0.0,0.0,21
1,[],12,[],2019-07-03 16:46:00,6733655570.864567,0.0000000007,0.00000000000007907333,7792363,2019-07-03 16:46:00,btc,1426620312755.3516,0.0,0.0000000007,btc,3026521051.7622375,0.164073336143,2.3030723759454834,23
0.00000000025934300000000003,[],27,[],2019-07-03 16:46:07,34702173.60039952,8.039633e-17,9.081722189827001e-21,7792364,2019-07-03 16:46:07,eth,1360.4829160192228,50000.0,0.00000031,eth,6217563.5506114,4.0198165e-12,5.50193660258994e-10,23
1,[],4,[],2019-06-22 05:45:29,6100414.07522138,0.00000017,0.00000000001823352,7751732,2019-06-22 05:45:29,btc,10.22685272773715,0.0,0.00000017,btc,1790815.48208265,0.0,0.1345450262400025,24
0,[],22,[],2019-06-22 05:45:31,0.0,0,0,7751733,2019-06-22 05:45:31,,6.22e-05,0.0,0,,517.4264705882352,0.0,0.0,24
0.0,[],25,[],2019-06-22 05:45:32,0.0,0,0,7751734,2019-06-22 05:45:32,,0.0,0.0,0.0,btc,0.0,0.0,0.0,24
0,[],2,[],2019-01-20 23:25:56,0.0,0,0,6476976,2019-01-20 23:25:56,,0.0,0.0,0,,0.0,0.0,0.0,26
1,[],4,[],2019-07-03 16:46:08,26949243.23827659,0.00000336,0.000000000379551984,7792365,2019-07-03 16:46:08,btc,6.048439183808604,0.0,0.00000336,btc,204792.26154687,0.15754925,0.4079251816436364,26
1,[],10,[],2019-07-03 16:46:10,129284.94179402,0.00000344,0.00000000038858893600000006,7792366,2019-07-03 16:46:10,btc,26.156522892398215,6571.55577459,0.00000344,btc,19773.76562284,0.0,0.0519564463175358,26
1,[],5,[],2019-04-26 09:47:06,0.0,0,0,7465326,2019-04-26 09:47:06,btc,0.0,0.0,0,btc,0.0,0.0,0.0,27
1,[],3,[],2019-06-17 14:30:26,13571825.64059417,0.00000001,0.00000000000092914,7740112,2019-06-17 14:30:26,btc,3.485049956644059,4264730.43754,0.00000001,btc,23500048.28518193,0.0,0.1357182564059417,27
1,[],11,[],2019-06-17 14:30:28,2031833.58157834,0.00000001,0.00000000000092914,7740113,2019-06-17 14:30:28,btc,67502.92060589766,32677.9652116,0.00000001,btc,6487362.95640949,0.0,0.0203183358157834,27
0.00000000010458850000000001,[],4,[],2019-07-03 16:46:11,494316754.6616833,7.844137500000001e-17,8.8608867586125e-21,7792367,2019-07-03 16:46:11,ltc,10.661698442304958,0.0,0.00000075,ltc,680750797.6613563,0.00032881,8.33989394720147e-09,29
1,[],7,[],2019-07-03 16:46:12,0.0,0,0,7792368,2019-07-03 16:46:12,btc,46548272.66206747,0.0,0,btc,50842028.20551066,0.0,0.0,29
0,[],17,[],2019-05-03 01:11:25,0.0,0,0,7559066,2019-05-03 01:11:25,btc,0.0,0.0,0,btc,0.0,0.0,0.0,30
1,[],4,[],2019-07-03 16:46:13,15303614.0400687,0.00000005,0.000000000005648095,7792369,2019-07-03 16:46:13,btc,2.573393984778842,0.0,0.00000005,btc,2249253.14278687,0.0,0.1687191145933902,30
1,[],4,[],2019-07-03 16:48:14,241932.4982792,0.00003061,0.0000000034577637590000003,7792370,2019-07-03 16:48:14,btc,3.4386043918794114,0.0,0.00003061,btc,55942.90352409,0.49269222,0.8631351515694003,31
1,[],21,[],2019-07-03 16:48:16,274566.63744287,0.00003330999999999999786797280632,0.000000003762760889,7792371,2019-07-03 16:48:16,btc,5.012345925404476,125782.9126399,0.0000333099999999999978679728063202247767549124546349048614501953125,btc,118326.7887175,4.25083258,3.2341354561329583,31
0,[],2,[],2019-01-20 23:28:43,0.0,0,0,6477009,2019-01-20 23:28:43,,0.0,0.0,0,,0.0,0.0,0.0,32
0,[],4,[],2019-07-03 16:28:58,0.0,0,0,7792271,2019-07-03 16:28:58,,0.0,0.0,0,,0.0,0.0,0.0,33
1,[],12,[],2019-03-30 07:55:10,40641173.964,0.00000003,0.000000000001228359,7108785,2019-03-30 07:55:10,btc,4233210.82356125,0.0,0.00000003,btc,28378394.68333462,0.0126927883965248,0.90752895892,33
0.00000000010458850000000001,[],4,[],2019-07-03 16:48:17,147481395.9334623,4.4973055000000005e-17,5.080241741604501e-21,7792372,2019-07-03 16:48:17,ltc,4.569281505951365,0.0,0.00000043,ltc,169771404.94920006,0.0,5.6119506144759e-10,34
1,[],5,[],2019-07-03 16:48:18,0.0,0,0,7792373,2019-07-03 16:48:18,btc,0.0,0.00163127,0,btc,0.0,0.0,0.0,34
0.0000000002926451,[],17,[],2019-05-02 18:17:47,200000.0,2.9264510000000002e-18,1.596703856561e-22,7556430,2019-05-02 18:17:47,eth,0.20942468735267253,0.0,0.00000001,"btc,eth",1018272.20243647,0.0,5.852902e-13,36
0.0000000001311821,[],4,[],2019-05-31 13:28:19,2417517744.0607657,1.311821e-18,1.105058333085e-22,7717483,2019-05-31 13:28:19,ltc,5.019900492391546e-08,0.0,0.00000001,ltc,7102398142.262129,0.0,3.171350544531538e-09,36
1,[],5,[],2019-05-31 13:28:21,0.0,0,0,7717484,2019-05-31 13:28:21,btc,0.0,0.0,0,btc,0.0,0.0,0.0,36
0.0000000003108179,[],27,[],2019-05-31 13:30:34,10388811.226876,6.216358000000001e-18,5.236566733830001e-22,7717485,2019-05-31 13:30:34,eth,1569.8708019850988,761866.634299,0.00000002,"ltc,eth",5084024.2511555,4.736034912207001e-12,3.3251980286483705e-11,36
1,[],4,[],2019-06-25 10:05:55,10747826.61931615,0.00000014,0.000000000015920562,7762320,2019-06-25 10:05:55,btc,19773.05513423956,0.0,0.00000014,btc,682946.14349671,0.0006293,0.1362851255028938,37
1,[],12,[],2019-06-25 10:05:57,4167862.54235103,0.00000013,0.000000000014783379,7762321,2019-06-25 10:05:57,btc,7.381091518261743,0.0,0.00000013,btc,1713444.53926904,0.016313049979,0.1478110147956336,37
1,[],27,[],2019-06-25 10:08:02,10970.0,0.00000019,0.000000000021606477,7762322,2019-06-25 10:08:02,btc,22.62970013895233,0.0,0.00000019,btc,4298.824295,0.0,0.00167419,37
1,[],17,[],2019-05-03 01:11:36,211752.74075282,0.00000025,0.000000000013700074999999998,7559074,2019-05-03 01:11:36,btc,0.055484923955058496,0.0,0.00000025,"btc,eth",1387.19918473,0.0,0.0005381851887916605,37
1,[],5,[],2019-07-03 16:48:19,0.0,0,0,7792374,2019-07-03 16:48:19,btc,0.0,0.16874068,0,btc,0.0,0.0,0.0,42
1,[],12,[],2019-07-03 16:48:20,190906.38606579,0.00000128999999999999993103715241471451946608794969506561756134033203125,0.000000000145720851,7792375,2019-07-03 16:48:20,btc,525.2796555987451,0.0,0.00000128999999999999993103715241471451946608794969506561756134033203125,btc,147466.43377687,0.085285023584,0.0423709779999032,42
1,[],27,[],2019-07-03 16:48:27,300.0,0.00000002,0.000000000002259238,7792376,2019-07-03 16:48:27,btc,0.07600425,0.0,0.00000002,"btc,eth",18.0,0.0,6e-06,42
1,[],12,[],2019-03-13 09:13:29,1112112.0,0.00000001,0.000000000000386531,6919902,2019-03-13 09:13:29,btc,29058.00478931866,0.0,0.00000001,btc,5967681.93306694,9.99000999e-07,0.01112112,43
1,[],5,[],2019-04-26 22:38:52,0.0,0,0,7474154,2019-04-26 22:38:52,btc,0.0,0.02638891,0,btc,0.0,0.0,0.0,43
0,[],17,[],2019-04-26 22:38:53,0.0,0,0,7474155,2019-04-26 22:38:53,btc,0.0,0.0,0,btc,0.0,0.0,0.0,43
1,[],12,[],2019-03-05 01:54:08,639326.02,0.00000004,0.000000000001486676,6845775,2019-03-05 01:54:08,btc,11116042.728239931,0.0,0.00000004,btc,1103841.4595604,0.0003330765234764,0.014975410599999999,44
0.00000000010623240000000001,[],4,[],2019-07-03 10:17:38,109752091.17477863,4.5679932000000006e-17,5.1864949112868006e-21,7791311,2019-07-03 10:17:38,ltc,2762.2289518454163,0.0,0.00000043,ltc,28387701.80683322,0.0,4.787011934263413e-10,49
0.00000000010458850000000001,[],4,[],2019-07-03 16:48:29,317539482.5255652,2.5101240000000002e-17,2.8354837627560006e-21,7792377,2019-07-03 16:48:29,ltc,28254.192127644026,0.0,0.00000024,ltc,195233920.0477868,0.0,1.925066897195529e-09,52
0,[],22,[],2019-07-02 14:32:00,0.0,0,0,7788319,2019-07-02 14:32:00,,10289.80784133,0.0,0,,287058287.4566013,0.0,0.0,57
0,[],27,[],2019-07-02 14:32:07,0.0,0,0,7788320,2019-07-02 14:32:07,,0.0,0.0,0,"btc,eth",0.0,0.0,0.0,57
1,[],17,[],2019-05-03 01:12:09,1200000.0,0.0000000001,0.00000000000000548003,7559085,2019-05-03 01:12:09,btc,1e+24,0.0,0.0000000001,"btc,eth",39516342.31952568,0.0,0.00010000000058666061,58
0,[],4,[],2019-07-03 16:48:30,0.0,0,0,7792378,2019-07-03 16:48:30,,19.71911261750504,0.0,0,,6107907538.982692,0.0,0.0,58
0,[],12,[],2019-07-03 16:48:31,0.0,0,0,7792379,2019-07-03 16:48:31,btc,654411713.5371568,0.0,0,btc,3767857205.159797,0.001752577919,0.0,58
0.0000000000762973,[],22,[],2019-07-03 16:50:34,126877.0,7.629730000000001e-19,8.618687972870002e-23,7792380,2019-07-03 16:50:34,XMR,68.17454206,0.0,0.00000001,XMR,9626402.6,0.0,0.00126877,58
1,[],5,[],2019-06-17 14:31:27,0.0,0,0,7740135,2019-06-17 14:31:27,btc,0.0,0.00079154,0,btc,0.0,0.0,0.0,61
1,[],22,[],2019-06-17 14:31:30,13612.833333333334,0.00000012,0.00000000001114968,7740136,2019-06-17 14:31:30,BTC,1002.29123003,0.0,0.00000012,BTC,15014.200177125656,0.0,0.00153257,61
1,[],26,[],2019-06-17 14:31:30,0.0,0.00000050,0.000000000046457,7740137,2019-06-17 14:31:30,btc,0.0,0.0,0.00000050,btc,0.0,0.0,0.0,61
1,[],27,[],2019-06-17 14:31:36,8400.0,0.00000018,0.00000000001672452,7740138,2019-06-17 14:31:36,btc,1.9742539297246655,0.0,0.00000018,"btc,eth",10953.51663696,0.0,0.001512,61
0,[],28,[],2019-06-17 14:31:38,0.0,0,0,7740139,2019-06-17 14:31:38,,0.0,0.0,0,,0.0,0.0,0.0,61
1,[],4,[],2019-07-03 16:31:19,2110251.13234386,0.00000039,0.000000000044643417,7792281,2019-07-03 16:31:19,btc,3.2420198062512586,0.0,0.00000039,btc,1275918.42860498,0.02422258,0.2496625317133513,67
0.0,[],25,[],2019-07-03 16:31:21,0.0,0,0,7792282,2019-07-03 16:31:21,,0.0,0.0,0.0,btc,0.0,0.0,0.0,67
1,[],12,[],2019-06-02 06:23:14,910048.355,0.00000006,0.000000000005154929999999999,7725270,2019-06-02 06:23:14,btc,5.167005424215783,0.0,0.00000006,btc,738530.60239759,0.003159757462,0.0187188113,71
,[],5,[],2018-11-20 23:02:39,1.5e-07,0.00000005,0.000000000002128045,4862160,2018-11-20 23:02:39,btc,2.84511358,0.0,,btc,0.00036572,0.0,0.07381892,74
1,[],5,[],2019-07-03 16:50:36,0.0,0,0,7792381,2019-07-03 16:50:36,btc,0.0,0.00569543,0,btc,0.0,0.0,0.0,75
1,[],4,[],2019-06-04 03:25:15,715281.46076168,0.00000001,0.000000000000803619,7734085,2019-06-04 03:25:15,btc,581089.6218469425,0.0,0.00000001,btc,37692563.61091116,0.0,0.0071528146076168,81
0,[],20,[],2019-01-25 09:30:31,0.0,0,0,6495923,2019-01-25 09:30:31,btc,0.0,0.0,0,btc,0.0,0.0,0.0,81
1,[],4,[],2019-07-03 16:31:23,183634.70117569,0.00006544,0.000000007490936432,7792284,2019-07-03 16:31:23,btc,59.12002184101491,0.0,0.00006544,btc,127922.12705115,0.63327627,0.2491642924240605,82
1,[],21,[],2019-07-03 16:31:24,289323.41546724,0.00006885000000000000657234683343,0.000000007881280155000001,7792285,2019-07-03 16:31:24,btc,4.743538625983276,7691.61586235,0.000068850000000000006572346833433329038598458282649517059326171875,btc,49733.92213791,0.55126198,2.921142607865911,82
0,[],17,[],2019-03-25 22:42:34,0.0,0,0,7038780,2019-03-25 22:42:34,btc,0.0445064681804024,0.0,0,btc,995513.18476001,0.0,0.0,84
0.0000000001161485,[],4,[],2019-05-20 13:09:39,216715621.0206096,1.161485e-18,9.0533806701e-23,7657228,2019-05-20 13:09:39,ltc,1.6511566870244727,0.0,0.00000001,ltc,471032407.9048656,0.0,2.5171194308112273e-10,85
,[],22,[],2018-11-20 23:09:34,3408.1,0.0000001,0.0000000000041895,4862324,2018-11-20 23:09:34,BTC,0.04624735,0.0,,BTC,4990.0,0.0,0.00033081,86
1,[],22,[],2019-06-26 09:07:19,62694.0,0.00000005,0.0000000000063518149999999994,7766682,2019-06-26 09:07:19,BTC,1.85249053,0.0,0.00000005,BTC,287024.94736842107,0.0003,0.00062846,87
1,[],27,[],2019-06-26 09:07:25,361781.0,0.0000002,0.000000000025407259999999998,7766683,2019-06-26 09:07:25,btc,19.86923154858,99950.0,0.0000002,btc,548343.482,0.01999,0.01237888,87
,[],2,[],2018-11-20 23:10:47,0.0,0,0,4862359,2018-11-20 23:10:47,,0.0,0.0,,,0.0,0.0,0.0,88
1,[],11,[],2019-06-17 14:31:59,193715.3529613,0.000073310000000000001140094962881477158589405007660388946533203125,0.00000000681152534,7740147,2019-06-17 14:31:59,btc,168.35454702024953,5791.70569014,0.000073310000000000001140094962881477158589405007660388946533203125,btc,196971.41170107,0.0,1.1996165759440112,89
0,[],2,[],2019-01-20 23:31:45,0.0,0,0,6477083,2019-01-20 23:31:45,,0.0,0.0,0,,0.0,0.0,0.0,91
1,[],12,[],2019-07-03 16:31:25,396160.78176916,0.00000029,0.000000000033196387,7792286,2019-07-03 16:31:25,btc,122.17371510158931,0.0,0.00000029,btc,295681.41982937,1.545454e-06,0.0256358619538384,91
1,[],22,[],2019-07-03 16:33:29,75900.0,0.00000001,0.000000000001144703,7792287,2019-07-03 16:33:29,BTC,0.495,0.0,0.00000001,"BTC,LTC",4.95,0.0,0.001659,91
0,[],17,[],2019-05-03 01:12:26,0.0,0,0,7559096,2019-05-03 01:12:26,btc,0.0,0.0,0,btc,0.0,0.0,0.0,91
1,[],22,[],2019-07-03 16:50:40,94060.0,0.00000002,0.000000000002259238,7792382,2019-07-03 16:50:40,BTC,11.46046694,0.0,0.00000002,"BTC,LTC",341043.4683191416,0.0,0.0662712,95
0.0000000001047394,[],4,[],2019-07-03 16:33:34,536945128.5470463,2.618485e-17,2.9973876349550002e-21,7792289,2019-07-03 16:33:34,ltc,10.915072851081167,0.0,0.00000025,ltc,153369698.35517034,0.0,6.850933468416389e-10,96
0,[],12,[],2019-07-03 16:33:36,0.0,0,0,7792290,2019-07-03 16:33:36,btc,36.53971722651349,0.0,0,btc,9958980.65134864,0.0,0.0,96
0,[],17,[],2019-05-03 01:12:32,0.0,0,0,7559100,2019-05-03 01:12:32,btc,0.0,0.0,0,btc,0.0,0.0,0.0,96
1,[],4,[],2019-04-14 03:32:46,1039404.33283278,0.00000038,0.000000000019245518,7293458,2019-04-14 03:32:46,btc,4.170086055365747,0.0,0.00000038,btc,3097704.34561074,0.06260606,0.1859928211030784,99
0,[],2,[],2019-01-20 23:23:55,0.0,0,0,6476914,2019-01-20 23:23:55,,0.0,0.0,0,,0.0,0.0,0.0,100
1,[],4,[],2019-07-03 16:50:41,174872.83888103,0.00001359,0.0000000015351522210000001,7792383,2019-07-03 16:50:41,btc,13.05934043186067,0.0,0.00001359,btc,286731.45097229,0.13374056,0.3736870742701185,100
1,[],22,[],2019-06-05 06:30:35,150000.0,0.00000002,0.000000000001558192,7740007,2019-06-05 06:30:35,BTC,28.56386409,0.0,0.00000002,BTC,12787.719,0.0,0.0017,101
1,[],4,[],2019-07-03 16:50:42,460545.55605039,0.00000122,0.00000000013781351800000001,7792384,2019-07-03 16:50:42,btc,882.5916702100611,0.0,0.00000122,btc,761602.27317334,0.02391502,0.0701846618274681,103
1,[],12,[],2019-06-17 14:32:14,179201505.10870332,0.000000005,0.00000000000046457,7740154,2019-06-17 14:32:14,btc,113577.79366343976,0.0,0.000000005,btc,79148141.67831126,0.019059029059,0.27280986350611003,105
1,[],27,[],2019-06-17 14:32:19,18306828.03496503,0.00000002,0.00000000000185828,7740155,2019-06-17 14:32:19,btc,180.7198218385489,1083.96503497,0.00000002,btc,276513.60142659,7.588e-05,0.3661365606993006,105
1,[],22,[],2019-04-21 00:17:26,21333.0,0.00000001,0.000000000000532493,7385819,2019-04-21 00:17:26,BTC,51.38182867,0.0,0.00000001,BTC,470435.0,0.0,0.00021333,107
1,[],26,[],2019-04-21 00:17:26,0.0,0.00000000,0,7385820,2019-04-21 00:17:26,btc,0.0,0.0,0.00000000,btc,0.0,0.0,0.0,107
1,[],5,[],2019-07-03 16:35:42,0.0,0,0,7792293,2019-07-03 16:35:42,btc,0.0,0.0,0,btc,0.0,0.0,0.0,112
0,[],22,[],2019-07-03 16:35:45,0.0,0,0,7792294,2019-07-03 16:35:45,,6.79500102,0.0,0,,3375892.0833333335,0.0,0.0,112
1,[],27,[],2019-07-03 16:35:52,1.0,0.00000001,0.000000000001144703,7792295,2019-07-03 16:35:52,btc,0.0,0.0,0.00000001,"btc,eth",0.0,0.0,1e-08,112
1,[],4,[],2019-07-03 16:35:53,1006112.41603285,0.00000038,0.000000000043498714000000006,7792296,2019-07-03 16:35:53,btc,6.402332775211741,0.0,0.00000038,btc,973153.45857747,0.02054161,0.1237038985571906,113
1,[],5,[],2019-07-03 16:35:55,0.0,0,0,7792297,2019-07-03 16:35:55,btc,0.0,2.1e-07,0,btc,0.0,0.0,0.0,113
1,[],17,[],2019-04-26 02:17:47,162738.278,0.00000004,0.0000000000021069000000000002,7461287,2019-04-26 02:17:47,btc,1.3331140273775473,0.0,0.00000004,btc,51796.221,0.0,0.00230953112,116
1,[],27,[],2019-05-22 05:13:01,210000.0,0.00000001,0.00000000000079145,7666372,2019-05-22 05:13:01,btc,3919.0005001478,0.0,0.00000001,btc,128660.871,0.0,0.0021,116
1,[],4,[],2019-05-21 22:31:11,138169.03963019,0.00000701,0.000000000558364025,7664793,2019-05-21 22:31:11,btc,150.95388250938234,0.0,0.00000701,btc,344631.17141974,0.07552974,0.4288357684941946,120
1,[],7,[],2019-05-21 22:31:12,3901.07750076,0.000010679999999999999389654892212320191902108490467071533203125,0.0000000008506887,7664794,2019-05-21 22:31:12,btc,231188.94669936574,0.0,0.000010679999999999999389654892212320191902108490467071533203125,btc,4133.83151364,0.0,0.0113888422364489,120
1,[],20,[],2019-04-07 18:42:29,1914137.0852,0.000000035,0.0000000000017871910000000002,7211992,2019-04-07 18:42:29,btc,32.2497668025648,25528.85,0.000000035,btc,1001975.4986,0.00089350975,0.0152723574729,125
1,[],22,[],2019-06-17 14:32:38,10000.0,0.00000001,0.00000000000092914,7740161,2019-06-17 14:32:38,BTC,0.032061,0.0,0.00000001,BTC,299316.7611111111,0.0,0.0001,126
0,[],2,[],2019-01-20 23:25:46,0.0,0,0,6476969,2019-01-20 23:25:46,,0.0,0.0,0,,0.0,0.0,0.0,131
1,[],17,[],2019-05-03 01:13:10,10000.0,0.00000001,0.000000000000548003,7559115,2019-05-03 01:13:10,btc,0.0953976503951408,0.0,0.00000001,btc,5037.62507334,0.0,0.0001,131
1,[],4,[],2019-07-01 04:28:32,590754.62293327,0.00000338,0.000000000376936248,7782890,2019-07-01 04:28:32,btc,2.8525130367360445,0.0,0.00000338,btc,192252.70961539,0.09127328,0.5629290691005338,131
1,[],4,[],2019-06-17 14:32:42,4848.49465417,0.00007919,0.00000000735785966,7740163,2019-06-17 14:32:42,btc,0.9905723729472744,0.0,0.00007919,btc,202.13055914,0.0,0.0061509344290166,135
1,[],3,[],2019-06-05 06:33:11,40600.27748212,0.00000001,0.000000000000779096,7740019,2019-06-05 06:33:11,btc,0.2308097808993716,2146378.52189,0.00000001,btc,2477992.76904676,0.0,0.0004060027748212,136
1,[],4,[],2019-07-03 16:35:56,237463.71103973,0.00000136,0.000000000155679608,7792298,2019-07-03 16:35:56,btc,112.56692109821441,0.0,0.00000136,btc,532779.97301121,0.00902326,0.1955203014682966,137
1,[],12,[],2019-07-03 16:35:58,67703.41747585,0.000001430000000000000072932653839841155019030338735319674015045166015625,0.000000000163692529,7792299,2019-07-03 16:35:58,btc,57.90109616346404,0.0,0.000001430000000000000072932653839841155019030338735319674015045166015625,btc,82361.41598677001,9.103e-05,0.014873541999945,137
1,[],4,[],2019-07-03 16:35:58,324350.59032008,0.00000957,0.000000001095480771,7792300,2019-07-03 16:35:58,btc,6.388079201067667,0.0,0.00000957,btc,194940.57119643,0.89513979,0.432330515156252,142
1,[],5,[],2019-07-03 16:36:00,0.0,0,0,7792301,2019-07-03 16:36:00,btc,0.0,0.03237511,0,btc,0.0,0.0,0.0,142
1,[],20,[],2019-07-03 16:38:03,113261.6763,0.000005948,0.0000000006808693444,7792302,2019-07-03 16:38:03,btc,1.5680823790573,0.0,0.000005948,btc,9882.1432,0.0,0.0069468288601,142
1,[],22,[],2019-07-03 16:38:07,10820.0,0.00000600,0.0000000006868218000000001,7792303,2019-07-03 16:38:07,BTC,2.99759384,0.0,0.00000600,BTC,835.7198755539798,0.0,0.0053672,142
0.0,[],25,[],2019-07-03 16:38:09,0.0,0,0,7792304,2019-07-03 16:38:09,,0.0,0.0,0.0,btc,0.0,0.0,0.0,142
1,[],28,[],2019-07-03 16:38:17,76110.0,0.00001110,0.0000000012706203300000001,7792305,2019-07-03 16:38:17,btc,0.438587390411,3536.0,0.00001110,btc,1381.1951,0.0,0.0042182,142
1,[],17,[],2019-05-03 01:13:16,32967.38636364,0.00000088,0.000000000048224264,7559122,2019-05-03 01:13:16,btc,20.06976206696776,0.0,0.00000088,btc,2746.079105,0.0,0.0105613000000032,142
0,[],22,[],2019-07-03 16:38:20,0.0,0,0,7792306,2019-07-03 16:38:20,,67.43964479,0.0,0,,716790536.7744589,0.0,0.0,143
0,[],22,[],2019-02-25 15:42:22,0.0,0,0,6783783,2019-02-25 15:42:22,,4.2131946,0.0,0,,2322156.0,0.0,0.0,146
,[],22,[],2018-11-20 23:01:11,0.0,0,0,4862114,2018-11-20 23:01:11,,2.56807021,0.0,,,61828.4988236,0.0,0.0,147
1,[],12,[],2019-04-21 06:38:04,193091.5971266,0.00000071,0.000000000037635183,7388679,2019-04-21 06:38:04,btc,2.301232411611175,0.0,0.00000071,btc,9957.48302385,0.00023528,0.0313308199999888,148
1,[],4,[],2019-03-19 21:31:25,255810.0415942,0.00000029,0.000000000011615747,6982695,2019-03-19 21:31:25,btc,218.94922712414143,0.0,0.00000029,btc,793529.37642722,0.00117,0.0608347789473395,152
0,[],22,[],2019-03-19 21:31:27,0.0,0,0,6982696,2019-03-19 21:31:27,,0.0,0.0,0,,0.0,0.0,0.0,152
1,[],5,[],2019-04-26 09:36:59,0.0,0,0,7465040,2019-04-26 09:36:59,btc,0.0,0.0,0,btc,0.0,0.0,0.0,153
,[],16,[],2019-01-11 15:38:59,0.0,0,0,6366141,2019-01-11 15:38:59,btc,0.0,0.0,,btc,0.0,0.0,0.0,155
0,[],23,[],2019-01-20 23:24:29,0.0,0,0,6476932,2019-01-20 23:24:29,,0.0,0.0,0,,0.0,0.0,0.0,156
0,[],22,[],2019-06-04 06:02:09,0.0,0,0,7734688,2019-06-04 06:02:09,,7.43375324,0.0,0,,5955762.942592593,0.0,0.0,156
1,[],22,[],2019-07-03 16:38:24,6996.0,0.00000001,0.000000000001144703,7792307,2019-07-03 16:38:24,BTC,1.7543039,0.0,0.00000001,BTC,57.0,0.0,6.996e-05,157
0,[],22,[],2019-05-21 23:40:32,0.0,0,0,7665049,2019-05-21 23:40:32,,50234.60468402,0.0,0,,54786159.03179465,0.0,0.0,158
,[],17,[],2018-11-20 22:56:10,0.0,0,0,4861976,2018-11-20 22:56:10,btc,1.1265625,0.0,,btc,1000.0,0.0,0.0,159
,[],20,[],2018-11-20 22:56:12,0.0,0,0,4861977,2018-11-20 22:56:12,btc,11912.7940471,0.0,,btc,34413894.3617,0.0,0.0,159
1,[],12,[],2019-05-24 02:51:20,9178.522006449999,0.00000191999999999999982841307998027158276954651228152215480804443359375,0.000000000151222656,7676256,2019-05-24 02:51:20,btc,149.80414728631675,0.0,0.00000191999999999999982841307998027158276954651228152215480804443359375,btc,1115.7451448499999,0.01783167678326,0.0120075778999181,168
1,[],17,[],2019-05-03 01:13:36,42852.0,0.00000002,0.000000000001096006,7559132,2019-05-03 01:13:36,btc,0.04279856251542,0.0,0.00000002,btc,274.46171372,0.0,0.00052852,168
1,[],22,[],2019-05-17 03:01:52,10.0,0.00000001,0.000000000000778341,7642059,2019-05-17 03:01:52,BTC,41.95893009,0.0,0.00000001,BTC,1753972.7737547632,0.0,1e-07,169
1,[],22,[],2019-05-30 08:38:18,202834.0,0.00000002,0.0000000000017416160000000001,7711049,2019-05-30 08:38:18,BTC,27.87002826,0.0,0.00000002,BTC,462189.5410507793,0.0,0.00211768,171
1,[],22,[],2019-05-29 08:05:18,349870.0,0.00000002,0.000000000001705894,7705265,2019-05-29 08:05:18,BTC,24.05907723,0.0,0.00000002,"BTC,LTC",1224285.4355616204,0.0,0.0039847,173
1,[],5,[],2019-07-03 16:38:25,0.0,0,0,7792308,2019-07-03 16:38:25,btc,0.0,0.02764473,0,btc,0.0,0.0,0.0,175
1,[],22,[],2019-06-17 14:33:12,90671.0,0.00000001,0.00000000000092914,7740175,2019-06-17 14:33:12,BTC,394.35459412,0.0,0.00000001,BTC,136275.61833431243,0.0,0.00090671,176
1,[],7,[],2019-07-01 10:15:32,0.0,0,0,7783526,2019-07-01 10:15:32,btc,521516.2326888725,0.0,0,btc,26809253.73522063,0.0,0.0,178
1,[],22,[],2019-07-03 16:38:29,30.0,0.00000001,0.000000000001144703,7792309,2019-07-03 16:38:29,BTC,1.00242428,0.0,0.00000001,BTC,57512.0,0.0,3e-07,178
0,[],2,[],2019-01-20 23:28:34,0.0,0,0,6477001,2019-01-20 23:28:34,,0.0,0.0,0,,0.0,0.0,0.0,178
0,[],23,[],2019-01-20 23:25:08,0.0,0,0,6476952,2019-01-20 23:25:08,,0.0,0.0,0,,0.0,0.0,0.0,179
1,[],5,[],2019-07-03 16:38:30,0.0,0,0,7792310,2019-07-03 16:38:30,btc,0.0,0.0,0,btc,0.0,0.0,0.0,179
0,[],22,[],2019-07-03 16:38:33,0.0,0,0,7792311,2019-07-03 16:38:33,,9.36109844,0.0,0,,14660796.311946675,0.0,0.0,179
1,[],22,[],2019-07-03 16:40:39,753437.5147420147,0.00000045,0.000000000051511635000000005,7792312,2019-07-03 16:40:39,BTC,40.64354857,0.0,0.00000045,"BTC,LTC",194931.411571008,0.00257912,0.58917718,180
1,[],26,[],2019-07-03 16:40:39,0.0,0.00000010,0.000000000011447030000000001,7792313,2019-07-03 16:40:39,btc,0.0,0.0,0.00000010,btc,0.0,0.0,0.0,180
1,[],17,[],2019-05-03 01:13:56,20504.725000000002,0.0000001,0.00000000000548003,7559141,2019-05-03 01:13:56,btc,5.2010695838400265,0.0,0.0000001,btc,5033.45945,0.0,0.0011504725,180
,[],7,[],2018-11-20 22:58:01,562227.975654,0.00000085,0.000000000036176765,4862015,2018-11-20 22:58:01,btc,21836.6059674,2491.87645172,,btc,749999.041456,0.00211021,0.127565380455,183
,[],5,[],2019-01-10 08:11:41,0.0,0,0,6347036,2019-01-10 08:11:41,btc,82.15055501,0.00261,,btc,1.19002445,0.0,0.0,187
,[],17,[],2018-11-16 20:58:10,4062536.27273,0.00000001,0.000000000000550501,4708775,2018-11-16 20:58:10,btc,3.36492563466,0.195460381006,,"btc,eth",110697919.549,0.0,0.0157628953496,187
1,[],24,[],2019-05-22 21:04:52,0.0,0.000000000014,0.0000000000000010960978,7670219,2019-05-22 21:04:52,btc,0.0,0.0,0.000000000014,btc,0.0,0.0,0.0,187
0,[],22,[],2019-04-25 02:54:07,0.0,0,0,7447896,2019-04-25 02:54:07,,7.54794454,0.0,0,,76361.7243344055,0.0,0.0,191
0,[],22,[],2019-06-17 14:33:34,0.0,0,0,7740182,2019-06-17 14:33:34,,0.0,0.0,0,,0.0,0.0,0.0,197
0,[],23,[],2019-01-20 23:31:41,0.0,0,0,6477079,2019-01-20 23:31:41,,0.0,0.0,0,,0.0,0.0,0.0,199
0,[],22,[],2019-07-03 16:40:43,0.0,0,0,7792314,2019-07-03 16:40:43,,10.58263174,0.0,0,,84280969.0,0.0,0.0,199
1,[],26,[],2019-07-03 16:40:43,0.0,0.00000000,0,7792315,2019-07-03 16:40:43,btc,0.0,0.0,0.00000000,btc,0.0,0.0,0.0,199
0,[],2,[],2019-01-20 23:30:49,0.0,0,0,6477059,2019-01-20 23:30:49,,0.0,0.0,0,,0.0,0.0,0.0,201
1,[],4,[],2019-01-25 15:51:35,2084389.58565343,0.00000936,0.000000000333526752,6499557,2019-01-25 15:51:35,btc,2.0092503037378524,0.0,0.00000936,btc,160195.80207885,0.19272417,1.242687955921835,211
1,[],7,[],2019-07-01 02:21:28,1170054124.6898527,0.00000018,0.000000000019815389999999997,7782694,2019-07-01 02:21:28,btc,1346735.6331920293,0.0,0.00000018,btc,5516233.71348162,0.0,11.954344045954047,212
1,[],12,[],2019-01-25 02:44:32,207462.42853209,0.000001080000000000000035831255497387193287295303889550268650054931640625,0.000000000038610756000000006,6493050,2019-01-25 02:44:32,btc,85023.03793723314,0.0,0.000001080000000000000035831255497387193287295303889550268650054931640625,btc,43675.73520027,0.000146250909087,0.0348620860622024,213
1,[],5,[],2019-05-30 00:07:46,0.0,0,0,7709357,2019-05-30 00:07:46,btc,0.0,0.06425239,0,btc,0.0,0.0,0.0,213
1,[],24,[],2019-05-30 00:07:46,0.0,0.000000399202,0.0000000000344859829346,7709358,2019-05-30 00:07:46,btc,0.0,0.0,0.000000399202,btc,0.0,0.0,0.0,213
1,[],26,[],2019-05-30 00:07:47,0.0,0.00000040,0.000000000034554919999999996,7709359,2019-05-30 00:07:47,btc,0.0,0.0,0.00000040,btc,0.0,0.0,0.0,213
0,[],22,[],2019-07-03 16:40:50,0.0,0,0,7792316,2019-07-03 16:40:50,,9.54523049,0.0,0,,3658586.2040649247,0.0,0.0,216
0,[],27,[],2019-07-03 16:40:56,0.0,0,0,7792317,2019-07-03 16:40:56,,1998.7946840893976,0.0,0,"btc,ltc",545188.29534794,0.0,0.0,216
1,[],22,[],2019-07-03 16:41:00,525785.0,0.0000002,0.000000000022894060000000002,7792318,2019-07-03 16:41:00,BTC,12055.865307,0.0,0.0000002,BTC,590916.1352334714,0.00235054,0.03714478,217
1,[],7,[],2019-06-27 19:02:35,0.0,0,0,7772298,2019-06-27 19:02:35,btc,2123800.2774640615,0.0,0,btc,82333746.4752352,0.0,0.0,219
0,[],27,[],2019-07-03 16:41:06,0.0,0,0,7792319,2019-07-03 16:41:06,,250.20642758069673,0.0,0,btc,46772.535837,0.0,0.0,219
0.0000000000000028780000000000002,[],28,[],2019-07-03 16:41:14,3312820234.054,6.498524000000001e-19,7.438879918372001e-23,7792320,2019-07-03 16:41:14,doge,125846.04510800431,7647.0,0.00022580,"btc,doge",120666781.230909,0.0,2.5213828771294965e-11,219
0,[],22,[],2019-06-26 23:36:41,0.0,0,0,7769178,2019-06-26 23:36:41,,56.75439223,0.0,0,,184664.6482738741,0.0,0.0,221
1,[],24,[],2019-06-26 23:36:41,0.0,0.000000030000,0.000000000003835668,7769179,2019-06-26 23:36:41,btc,0.0,0.0,0.000000030000,btc,0.0,0.0,0.0,221
1,[],20,[],2019-06-17 14:34:11,26882155.8301,0.000000003,0.000000000000278742,7740192,2019-06-17 14:34:11,btc,100050.81956632523,233521.3529,0.000000003,btc,38769742.8604,0.0007925640587,0.0306863532672,224
0,[],22,[],2019-06-17 14:34:13,0.0,0,0,7740193,2019-06-17 14:34:13,,0.0,0.0,0,,0.0,0.0,0.0,224
1,[],26,[],2019-07-03 16:41:14,0.0,0.00000022,0.000000000025183466,7792321,2019-07-03 16:41:14,btc,0.0,0.0,0.00000022,btc,0.0,0.0,0.0,231
1,[],26,[],2019-07-03 16:41:15,0.0,0.00000005,0.0000000000057235150000000006,7792322,2019-07-03 16:41:15,btc,0.0,0.0,0.00000005,btc,0.0,0.0,0.0,234
0.00000000025908560000000003,[],27,[],2019-07-03 16:41:21,100.0,2.590856e-18,2.9657606357680003e-22,7792323,2019-07-03 16:41:21,eth,0.0,0.0,0.00000001,"btc,eth",0.0,0.0,2.590856e-16,234
1,[],4,[],2019-05-22 17:06:12,91780.56053785,0.00000078,0.000000000061977552,7669277,2019-05-22 17:06:12,btc,5.573372450018177,0.0,0.00000078,btc,729173.93529783,0.0,0.0307060663355679,236
1,[],24,[],2019-05-22 17:06:12,0.0,0.000000010000,0.000000000000794584,7669278,2019-05-22 17:06:12,btc,0.0,0.0,0.000000010000,btc,0.0,0.0,0.0,236
1,[],5,[],2019-07-03 16:41:23,0.0,0,0,7792324,2019-07-03 16:41:23,btc,0.0,0.27976378,0,btc,0.0,0.0,0.0,237
1,[],20,[],2019-07-03 16:41:25,127852943.6265,0.000000058,0.0000000000066392774000000005,7792325,2019-07-03 16:41:25,btc,549.2523123943085,10741127.1802,0.000000058,btc,43818458.8568,0.6263059293165,0.8375567023807,237
1,[],22,[],2019-07-03 16:41:29,2092139.0,0.00000004,0.000000000004578812,7792326,2019-07-03 16:41:29,BTC,1.20109922,0.0,0.00000004,"BTC,LTC",14430.948717948719,0.0,0.02706123,237
1,[],4,[],2019-07-03 16:41:29,29160126.54865223,0.00000005,0.0000000000057235150000000006,7792327,2019-07-03 16:41:29,btc,3.030209628404052,0.0,0.00000005,btc,14821310.47485641,0.17341541,0.5126940684645743,238
1,[],5,[],2019-07-03 16:41:31,0.0,0,0,7792328,2019-07-03 16:41:31,btc,0.0,0.01379747,0,btc,0.0,0.0,0.0,238
0,[],22,[],2019-03-12 16:49:32,0.0,0,0,6914458,2019-03-12 16:49:32,,0.40415746,0.0,0,,526736.5639027493,0.0,0.0,249
0,[],22,[],2019-05-28 23:53:45,0.0,0,0,7703643,2019-05-28 23:53:45,,13.44714864,0.0,0,,43777534.3426455,0.0,0.0,252
1,[],28,[],2019-07-03 16:41:38,1008583.88,0.00000005,0.0000000000057235150000000006,7792329,2019-07-03 16:41:38,btc,3.54407170352,244532.9,0.00000005,btc,4965625.5854,0.0,0.032246389,256
1,[],22,[],2019-07-03 16:41:42,472305.0,0.00000001,0.000000000001144703,7792330,2019-07-03 16:41:42,BTC,31471.48545886,0.0,0.00000001,"BTC,LTC",1168542.0289488921,9.138e-05,0.00712305,258
1,[],22,[],2019-05-19 18:12:02,400.0,0.00000001,0.0000000000007957800000000001,7653905,2019-05-19 18:12:02,BTC,2.415167,0.0,0.00000001,BTC,157.0,0.0,4e-06,259
1,[],5,[],2019-07-02 14:44:15,0.0,0,0,7788374,2019-07-02 14:44:15,btc,0.0,0.02775788,0,btc,0.0,0.0,0.0,264
1,[],20,[],2019-07-02 14:44:17,953070.9962,0.000000178,0.000000000017956461999999998,7788375,2019-07-02 14:44:17,btc,1.1507330656826,14313.4023,0.000000178,btc,65222.866,0.0046947959544,0.0049363258649,264
0,[],22,[],2019-04-12 17:57:27,0.0,0,0,7278186,2019-04-12 17:57:27,,66.37522201,0.0,0,,677842.4169881374,0.0,0.0,271
0,[],22,[],2019-07-03 16:41:45,0.0,0,0,7792331,2019-07-03 16:41:45,,33050469.74148113,0.0,0,,14261527780.7,0.0,0.0,272
0.0000000000000028780000000000002,[],28,[],2019-07-03 16:41:52,304408095501.712,5.1804e-22,5.930019421200001e-26,7792332,2019-07-03 16:41:52,doge,70432464.70006967,100011111.0,0.00000018,doge,226887960251.7146,0.0,6.522987553668308e-11,272
1,[],22,[],2019-05-23 07:12:29,219930.0,0.00000004,0.000000000003048688,7671985,2019-05-23 07:12:29,BTC,426.77835217,0.0,0.00000004,BTC,248664.3325962929,0.0,0.00739728,281
1,[],22,[],2019-07-02 18:15:29,1409605.9,0.00000002,0.000000000002147082,7789011,2019-07-02 18:15:29,BTC,7.87630805,0.0,0.00000002,"BTC,LTC",1137979.797623037,0.00674692,0.02432534,286
0,[],22,[],2019-06-17 14:34:53,0.0,0,0,7740207,2019-06-17 14:34:53,,7337915.80475575,0.0,0,,2078527309.6797826,0.0,0.0,294
