pairValue,buyBook,exchangeId,sellBook,updated,buyTotal,satoshiPrice,usdPrice,exchangeLogId,created,bestPair,sellTotalBtc,volume,pairPrice,activePairs,sellTotal,volumeBtc,buyTotalBtc,coinId
1,[],3,[],2019-01-26 19:58:56,109.142439730378,0.0126968099999999993465760184108148678205907344818115234375,0.000000452744120661,6509834,2019-01-26 19:58:56,btc,106.96125498782767,0.0,0.0126968099999999993465760184108148678205907344818115234375,btc,13.464970581431,0.0,0.12959587631233596,1
1,[],4,[],2019-01-26 19:58:56,25078.22274813,0.01272383,0.000000453707602523,6509835,2019-01-26 19:58:56,btc,0.8797597701703853,0.0,0.01272383,btc,62.27633614,0.31972264,1.2426126177496406,1
1,[],5,[],2019-01-26 19:58:59,0.20849832,0.01252177,0.000000446502526837,6509836,2019-01-26 19:58:59,btc,14578.47262865,0.00647586,0.01252177,btc,35555556.30395997,0.0,1.43167485,1
1,[],10,[],2019-01-26 19:59:01,271572.04277415,0.01240415,0.00000044230842111499995,6509837,2019-01-26 19:59:01,btc,6536.158780483951,1157.61020332,0.01240415,btc,878.10579676,0.0,3.8769598456184715,1
1,[],12,[],2019-01-26 19:59:04,10414.30708548,0.01170000000000000033029134982598407077603042125701904296875,0.00000041719977,6509838,2019-01-26 19:59:04,btc,0.4526025541351,0.0,0.01170000000000000033029134982598407077603042125701904296875,btc,29.68249249,0.0612121346082,0.079359301356,1
1,[],20,[],2019-01-26 19:59:05,1349.0193,0.0108,0.00000038510748,6509839,2019-01-26 19:59:05,btc,0.0559463483936,2.0,0.0108,btc,2.4781,0.02195100145,0.0927969622251,1
1,[],21,[],2019-01-26 19:59:06,2737.15527734,0.01276770999999999982310594504,0.000000455272279951,6509840,2019-01-26 19:59:06,btc,31.747316600881817,7803.37686671,0.01276770999999999982310594504042455810122191905975341796875,"btc,eth",2826.14436506,74.6183893558572,28.512297650128875,1
1,[],22,[],2019-01-26 19:59:10,0.0363776,0.01400000,0.0000004992134,6509841,2019-01-26 19:59:10,BTC,0.31387019,0.0,0.01400000,BTC,0.09333966666666667,0.0,0.00048472,1
1,[],24,[],2019-01-26 19:59:10,0.0,0.000000000000,0,6509842,2019-01-26 19:59:10,btc,0.0,0.0,0.000000000000,btc,0.0,0.0,0.0,1
0.0,[],25,[],2019-01-26 19:59:11,0.0,0,0,6509843,2019-01-26 19:59:11,btc,18.251699997748393,488.7361123,0.0,btc,1365.81192654,6.2967,0.0,1
1,[],26,[],2019-01-26 19:59:21,0.0,0,0,6509844,2019-01-26 19:59:21,,0.0,0.0,0,,0.0,0.0,0.0,1
1,[],28,[],2019-01-26 19:59:22,987.9,0.01131000,0.000000403293111,6509845,2019-01-26 19:59:22,btc,0.162839806,18014.25,0.01131000,btc,8.9,0.0,0.024551096,1
0,[],2,[],2019-01-20 23:28:45,0.0,0,0,6477011,2019-01-20 23:28:45,,0.0,0.0,0,,0.0,0.0,0.0,1
1,[],5,[],2019-01-26 19:59:23,2.029e-05,0.00000074,0.000000000026386994,6509846,2019-01-26 19:59:23,btc,0.18781928,0.00830711,0.00000074,btc,7.716e-05,0.0,0.52404214,2
1,[],22,[],2019-01-26 19:59:27,2224.625335862178,0.0000004,0.00000000001426324,6509847,2019-01-26 19:59:27,BTC,0.0231601,0.0,0.0000004,"BTC,XMR",14562.72385,0.0,0.00130482,2
1,[],5,[],2019-01-26 20:52:26,1.25e-06,0.00000016,0.00000000000569816,6509992,2019-01-26 20:52:26,btc,3.91627136,0.69503082,0.00000016,btc,2.204e-05,0.0,1.98075992,3
1,[],12,[],2019-01-26 20:52:27,12625772.60354625,0.000000167,0.0000000000059474545,6509993,2019-01-26 20:52:27,btc,921359.6043269566,0.0,0.000000167,btc,8210178.60358107,0.04204470522322383,0.569124040101645,3
0,[],28,[],2019-01-26 20:52:28,0.0,0,0,6509994,2019-01-26 20:52:28,,0.0,0.0,0,,0.0,0.0,0.0,3
0,[],2,[],2019-01-20 23:31:32,0.0,0,0,6477077,2019-01-20 23:31:32,,0.0,0.0,0,,0.0,0.0,0.0,4
1,[],4,[],2019-01-26 19:59:32,327132.84095932,0.00000039,0.000000000013906659,6509851,2019-01-26 19:59:32,btc,0.4472299418372325,0.0,0.00000039,btc,320497.40329112,0.04306174,0.0462756567512882,4
1,[],12,[],2019-01-25 15:53:49,1222127.5219999999,0.00000003,0.000000000001069017,6499609,2019-01-25 15:53:49,btc,11013867.817925906,0.0,0.00000003,btc,969763.77092902,0.0,0.01617509044,5
0,[],2,[],2019-01-20 23:31:51,0.0,0,0,6477087,2019-01-20 23:31:51,,0.0,0.0,0,,0.0,0.0,0.0,6
1,[],11,[],2019-01-26 20:52:31,3384831.0,0.00000001,0.00000000000035613500000000003,6509995,2019-01-26 20:52:31,btc,9432.823945997594,890188.0,0.00000001,btc,41675234.63059839,0.0,0.03384831,6
1,[],3,[],2019-01-26 20:52:32,1053.285082148516,0.00015054000000000000540623101841219977359287440776824951171875,0.00000000536125629,6509996,2019-01-26 20:52:32,btc,30.108593419388622,0.0,0.00015054000000000000540623101841219977359287440776824951171875,btc,231.077492617847,0.0,0.028528323718921555,7
1,[],4,[],2019-01-26 20:52:33,18820.05166079,0.00016001,0.000000005698516135,6509997,2019-01-26 20:52:33,btc,1.9848048853645006,0.0,0.00016001,btc,11070.68129989,1.17265906,2.809646119466421,7
1,[],5,[],2019-01-26 20:52:34,0.00508435,0.00015708,0.00000000559416858,6509998,2019-01-26 20:52:34,btc,1.31272825,0.30472055,0.00015708,btc,0.01090966,0.0,1.47987005,7
1,[],20,[],2019-01-26 19:59:38,61771509.8802,0.000000001,0.0000000000000356581,6509856,2019-01-26 19:59:38,btc,121.193338259396,0.0,0.000000001,btc,26031125.3262,0.0,0.0617715098802,8
0,[],2,[],2019-01-20 23:22:42,0.0,0,0,6476876,2019-01-20 23:22:42,,0.0,0.0,0,,0.0,0.0,0.0,9
0,[],23,[],2019-01-20 23:22:48,0.0,0,0,6476878,2019-01-20 23:22:48,,0.0,0.0,0,,0.0,0.0,0.0,9
1,[],1,[],2019-01-26 20:52:35,3030984.7199999997,0.00000193000000000000015618582815957182674537762068212032318115234375,0.000000000068734055,6509999,2019-01-26 20:52:35,btc,9.745755988800001,15804967.09,0.00000193000000000000015618582815957182674537762068212032318115234375,btc,4928598.91,30.48842284,5.7641945462,9
1,[],4,[],2019-01-26 20:52:37,465097.46706866,0.00000189,0.000000000067309515,6510000,2019-01-26 20:52:37,btc,1.0752213376141746,0.0,0.00000189,btc,541075.81133611,0.9623297,0.7009648856580154,9
1,[],28,[],2019-01-26 20:52:38,34500.0,0.00000165,0.000000000058762275,6510001,2019-01-26 20:52:38,btc,2708.7536406632,3589391.0,0.00000165,btc,8861.21,0.0,0.02854,9
1,[],4,[],2019-01-26 19:59:42,7150472.09026053,0.00000002,0.000000000000713162,6509860,2019-01-26 19:59:42,btc,0.2125378697456993,0.0,0.00000002,btc,4186157.28772456,0.00089994,0.0748388461052106,10
0,[],2,[],2019-01-20 23:23:08,0.0,0,0,6476890,2019-01-20 23:23:08,,0.0,0.0,0,,0.0,0.0,0.0,12
1,[],4,[],2019-01-26 20:52:39,2013116.86565797,0.00000144,0.00000000005128344,6510002,2019-01-26 20:52:39,btc,1.2743510429897436,0.0,0.00000144,btc,847669.80069175,0.81712758,2.7070326959993456,12
1,[],5,[],2019-01-26 20:52:40,1.665e-05,0.00000137,0.000000000048790495,6510003,2019-01-26 20:52:40,btc,0.21147742,0.46134856,0.00000137,btc,0.00011049,0.0,0.15824021,12
0.0,[],25,[],2019-01-26 20:52:41,0.0,0,0,6510004,2019-01-26 20:52:41,,0.0,0.0,0.0,btc,0.0,0.0,0.0,12
1,[],4,[],2019-01-26 19:59:46,304774.41525966,0.00000703,0.000000000250676443,6509864,2019-01-26 19:59:46,btc,0.5025761965163874,0.0,0.00000703,btc,65322.20150115,1.03431583,1.3761463875394928,13
1,[],21,[],2019-01-26 19:59:49,1140920.6022082,0.000007410000000000000204667012504,0.00000000026422652100000003,6509865,2019-01-26 19:59:49,btc,5.927842126441476,1157201.07100293,0.000007410000000000000204667012504433643016454880125820636749267578125,btc,733657.26143459,8.31764567,7.4854137438349895,13
1,[],10,[],2019-01-26 19:51:45,593442.6629177,0.00000681,0.000000000242762199,6509663,2019-01-26 19:51:45,btc,666807.9236596404,19102.3131163,0.00000681,btc,837525.59121263,0.0,0.9142001746650127,13
1,[],4,[],2019-01-26 20:52:43,715979.05023389,0.00000189,0.000000000067309515,6510005,2019-01-26 20:52:43,btc,0.1625935745253797,0.0,0.00000189,btc,64413.11850821,0.00473188,0.1528151142172596,14
1,[],12,[],2019-01-26 20:52:44,89912.47933816,0.0000017799999999999998982758153687200319836847484111785888671875,0.00000000006339203,6510006,2019-01-26 20:52:44,btc,1.7866358958544915,0.0,0.0000017799999999999998982758153687200319836847484111785888671875,btc,38014.62220723,8.058545456e-05,0.0207888764838332,14
0,[],17,[],2019-01-26 20:52:46,0.0,0,0,6510007,2019-01-26 20:52:46,btc,0.0,0.0,0,btc,0.0,0.0,0.0,14
1,[],26,[],2019-01-26 20:52:56,0.0,0.00000020,0.0000000000071227,6510008,2019-01-26 20:52:56,btc,0.0,0.0,0.00000020,btc,0.0,0.0,0.0,14
,[],12,[],2018-12-01 15:15:48,204241.84496,0.00000489,0.000000000202473384,5260204,2018-12-01 15:15:48,btc,49.5475654835,0.0,,btc,35763.2193806,0.0163153972027625,0.0203389899998,15
0,[],4,[],2019-01-26 20:52:57,0.0,0,0,6510009,2019-01-26 20:52:57,,0.0,0.0,0,,0.0,0.0,0.0,15
0,[],2,[],2019-01-20 23:23:38,0.0,0,0,6476906,2019-01-20 23:23:38,,0.0,0.0,0,,0.0,0.0,0.0,18
1,[],4,[],2019-01-26 20:52:58,25617.24336766,0.00001783,0.000000000634988705,6510010,2019-01-26 20:52:58,btc,1.2106196898093602,0.0,0.00001783,btc,6556.62513486,0.00721512,0.0826713005913767,18
1,[],10,[],2019-01-26 20:53:00,390916.01049318,0.00001776,0.00000000063249576,6510011,2019-01-26 20:53:00,btc,15.552966452146894,12555.1890139,0.00001776,btc,10408.70605928,0.0,0.1971786098824872,18
1,[],12,[],2019-01-26 20:53:01,200124.7765877,0.00001766000000000000032317030995709927765346947126090526580810546875,0.00000000062893441,6510012,2019-01-26 20:53:01,btc,0.1969286816701292,0.0,0.00001766000000000000032317030995709927765346947126090526580810546875,btc,2086.90663457,0.0,0.0158302432695428,18
0,[],17,[],2019-01-26 20:53:03,0.0,0,0,6510013,2019-01-26 20:53:03,btc,0.0,0.0,0,btc,0.0,0.0,0.0,18
1,[],3,[],2019-01-26 19:59:59,108852.37236620068,0.0000381099999999999993448296375930794965825043618679046630859375,0.000000001358930191,6509875,2019-01-26 19:59:59,btc,1.2539103422561992,1.33417085427,0.0000381099999999999993448296375930794965825043618679046630859375,btc,8295.084546752028,0.0,0.11579627793169818,19
1,[],4,[],2019-01-26 20:00:00,72518.72301345,0.00003981,0.000000001419548961,6509876,2019-01-26 20:00:00,btc,1.8716566879317935,0.0,0.00003981,btc,39951.9334109,0.33185621,1.6307030669745735,19
1,[],5,[],2019-01-26 20:00:02,0.00029437,0.00003057,0.000000001090068117,6509877,2019-01-26 20:00:02,btc,0.30965239,0.0,0.00003057,btc,0.0035074,0.0,0.19117301,19
1,[],12,[],2019-01-26 20:00:03,129522.0,0.0000425099999999999978751719087455285261967219412326812744140625,0.000000001515825831,6509878,2019-01-26 20:00:03,btc,1.9920921996826582,0.0,0.0000425099999999999978751719087455285261967219412326812744140625,btc,420.49251023,4.252e-05,0.03823323,19
0,[],27,[],2019-01-26 20:00:05,0.0,0,0,6509879,2019-01-26 20:00:05,,0.0,0.0,0,btc,0.0,0.0,0.0,19
0,[],2,[],2019-01-20 23:24:19,0.0,0,0,6476924,2019-01-20 23:24:19,,0.0,0.0,0,,0.0,0.0,0.0,19
1,[],4,[],2019-01-26 20:53:04,9464828.88497895,0.00000015,0.000000000005342025,6510014,2019-01-26 20:53:04,btc,0.8095706842479654,0.0,0.00000015,btc,1583112.29307681,0.00079885,0.3978655730068919,20
1,[],4,[],2019-01-26 20:00:07,127946034.63823025,0.00000002,0.000000000000713162,6509881,2019-01-26 20:00:07,btc,0.7760164551700173,0.0,0.00000002,btc,17798083.54381207,0.00106597,1.5687002769744454,21
1,[],12,[],2019-01-26 20:00:08,19517252.0,0.00000002,0.000000000000713162,6509882,2019-01-26 20:00:08,btc,668.0286468056955,0.0,0.00000002,btc,8017925.068933791,1.18681318686e-05,0.26328156,21
0,[],17,[],2019-01-26 20:00:09,0.0,0,0,6509883,2019-01-26 20:00:09,btc,0.0,0.0,0,btc,0.0,0.0,0.0,21
1,[],12,[],2019-01-26 20:00:11,4537068132.531896,0.0000000001,0.00000000000000356581,6509884,2019-01-26 20:00:11,btc,1721671101718.6545,0.0,0.0000000001,btc,6541867570.966266,0.026643624583316677,0.45370681325318957,23
0,[],27,[],2019-01-26 20:00:12,0.0,0,0,6509885,2019-01-26 20:00:12,,0.424699,0.0,0,eth,424699.0,0.0,0.0,23
1,[],4,[],2019-01-26 20:53:05,2233461.90017945,0.00000083,0.000000000029559205,6510015,2019-01-26 20:53:05,btc,0.123733595695205,0.0,0.00000083,btc,94315.07843568,0.00741431,0.4411355051690989,24
1,[],22,[],2019-01-26 20:53:08,11.76,0.00000100,0.0000000000356135,6510016,2019-01-26 20:53:08,BTC,7.415e-05,0.0,0.00000100,BTC,23.919354838709676,0.0,1.176e-05,24
0.0,[],25,[],2019-01-26 20:53:09,0.0,0,0,6510017,2019-01-26 20:53:09,,0.0,0.0,0.0,btc,0.0,0.0,0.0,24
0,[],2,[],2019-01-20 23:25:56,0.0,0,0,6476976,2019-01-20 23:25:56,,0.0,0.0,0,,0.0,0.0,0.0,26
1,[],4,[],2019-01-26 20:53:10,25407575.94928597,0.00000709,0.000000000252499715,6510018,2019-01-26 20:53:10,btc,0.4608884765149854,0.0,0.00000709,btc,37712.36005836,0.12540979,0.3585566412633132,26
1,[],10,[],2019-01-26 20:53:12,729252.8446007,0.00000667,0.000000000237542045,6510019,2019-01-26 20:53:12,btc,27.975668750796977,1379.411,0.00000667,btc,12551.86744572,0.0,0.2065823177607903,26
1,[],3,[],2019-01-26 20:00:21,8025388.51415143,0.00000001,0.000000000000356581,6509891,2019-01-26 20:00:21,btc,3.1227369975798007,19997.0,0.00000001,btc,18062817.99151056,0.0,0.0802538851415143,27
1,[],5,[],2019-01-26 20:00:22,1e-08,0.00000001,0.000000000000356581,6509892,2019-01-26 20:00:22,btc,2.61423842,0.0,0.00000001,btc,4.13e-05,0.0,0.02479358,27
1,[],11,[],2019-01-26 20:00:24,10597882.41182718,0.00000005,0.0000000000017829049999999999,6509893,2019-01-26 20:00:24,btc,370.53275036350783,1000.0,0.00000005,btc,8220964.80991447,0.0,0.4932896594767663,27
1,[],4,[],2019-01-26 20:53:13,260848008.1873062,0.00000003,0.000000000001068405,6510020,2019-01-26 20:53:13,btc,2.889560482376167,0.0,0.00000003,"btc,ltc",109469639.8196739,0.46538986,3.26801617973106,29
1,[],7,[],2019-01-26 20:53:15,39619460.29080555,0.00000003,0.0000000000010684049999999998,6510021,2019-01-26 20:53:15,btc,44465222.61769036,598820.817793,0.00000003,btc,39463982.36983226,0.01827194,0.7201367517947485,29
1,[],4,[],2019-01-26 20:00:28,1286930.35942527,0.00000036,0.000000000012836916,6509896,2019-01-26 20:00:28,btc,0.2819165333262267,0.0,0.00000036,btc,468033.82492519,0.01325964,0.0747301216249609,30
0,[],17,[],2019-01-26 20:00:29,0.0,0,0,6509897,2019-01-26 20:00:29,btc,0.0,0.0,0,btc,0.0,0.0,0.0,30
1,[],4,[],2019-01-26 20:53:16,34034.8541022,0.00009619,0.000000003425662565,6510022,2019-01-26 20:53:16,btc,1.0854275455506754,0.0,0.00009619,btc,10218.97086144,3.37468918,2.376340791758633,31
1,[],21,[],2019-01-26 20:53:17,90397.77202148,0.00009683000000000000634381436271,0.0000000034484552050000004,6510023,2019-01-26 20:53:17,btc,10.9817603069017,723291.67464811,0.000096830000000000006343814362708144471980631351470947265625,btc,104541.32038016,69.16935294,8.189770235553432,31
0,[],2,[],2019-01-20 23:28:43,0.0,0,0,6477009,2019-01-20 23:28:43,,0.0,0.0,0,,0.0,0.0,0.0,32
1,[],4,[],2019-01-26 20:00:30,138108602.4549822,0.00000005,0.000000000001782905,6509900,2019-01-26 20:00:30,btc,0.36569592733624146,0.0,0.00000005,"btc,ltc",11080653.67113121,0.18035463,1.9223052917869545,33
1,[],12,[],2019-01-26 20:00:31,24231669.0,0.00000006,0.000000000002139486,6509901,2019-01-26 20:00:31,btc,17261783.038258724,0.0,0.00000006,btc,87240093.6953046,0.0032983513286729,0.9631023599999999,33
1,[],4,[],2019-01-25 15:51:47,121436519.49535657,0.00000002,0.000000000000712664,6499565,2019-01-25 15:51:47,btc,0.7770388655030004,0.0,0.00000002,btc,25623680.84561682,0.04566956,1.2289232726234858,34
1,[],5,[],2019-01-25 15:51:48,3e-08,0.00000002,0.000000000000712664,6499566,2019-01-25 15:51:48,btc,3.15691075,0.01219489,0.00000002,btc,1.394e-05,0.0,0.77186813,34
0.0000000000926485,[],4,[],2019-01-26 20:53:18,2255827307.9596395,3.70594e-18,1.3198149419e-22,6510024,2019-01-26 20:53:18,ltc,3.939543119975083e-09,0.0,0.00000004,ltc,698621488.5779934,0.0,6.399649509314373e-09,36
1,[],5,[],2019-01-26 20:53:19,0.0,0,0,6510025,2019-01-26 20:53:19,btc,202.42915247,0.0,0,btc,1.295e-05,0.0,0.0,36
0,[],17,[],2019-01-26 20:53:21,0.0,0,0,6510026,2019-01-26 20:53:21,btc,0.08200904494578973,0.0,0,btc,5842697.91583647,0.0,0.0,36
0.0000000000926485,[],27,[],2019-01-26 20:53:23,1000000.0,9.26485e-19,3.29953735475e-23,6510027,2019-01-26 20:53:23,ltc,448.59281329,0.0,0.00000001,"ltc,eth",3710972.58,0.0,9.26485e-13,36
1,[],4,[],2019-01-26 20:53:25,423815.75108234,0.00000145,0.000000000051639575,6510028,2019-01-26 20:53:25,btc,0.4903596473100173,0.0,0.00000145,btc,264827.2369332,0.01689457,0.3757402458686346,37
1,[],12,[],2019-01-26 20:53:26,529420.83026493,0.000001430000000000000072932653839841155019030338735319674015045166015625,0.000000000050927305,6510029,2019-01-26 20:53:26,btc,1330.9165763052652,0.0,0.000001430000000000000072932653839841155019030338735319674015045166015625,btc,769554.56520045,0.2238721733616317,0.4483212999999993,37
1,[],17,[],2019-01-26 20:53:28,1752.74075282,0.00000025,0.000000000008903375,6510030,2019-01-26 20:53:28,btc,0.05548731397359904,0.0,0.00000025,btc,1388.79251806,0.0,0.00043818518820499993,37
1,[],27,[],2019-01-26 20:53:29,3640.0609574,0.00569910,0.00000020296489784999999,6510031,2019-01-26 20:53:29,btc,22.37095737308125,0.0,0.00569910,btc,2948.884381,0.0,0.000368193331273,37
1,[],5,[],2019-01-26 20:00:39,1.575e-05,0.00000130,0.00000000004635553,6509906,2019-01-26 20:00:39,btc,0.20716869,0.06696078,0.00000130,btc,0.00014806,0.0,0.05369652,42
1,[],12,[],2019-01-26 20:00:40,116481.26567779,0.000001219999999999999965968520108938744073157067759893834590911865234375,0.000000000043502882,6509907,2019-01-26 20:00:40,btc,239.48088707471294,0.0,0.000001219999999999999965968520108938744073157067759893834590911865234375,btc,103786.56968964,0.0688283472969624,0.0532214499999178,42
0.0000000003241615,[],27,[],2019-01-26 20:00:42,1000.0,3.2416149999999998e-18,1.155898318315e-22,6509908,2019-01-26 20:00:42,eth,0.00315028,0.0,0.00000001,"btc,eth",11.007,0.0,3.2416149999999997e-15,42
1,[],5,[],2019-01-26 19:52:46,6e-08,0.00000003,0.000000000001069437,6509712,2019-01-26 19:52:46,btc,6.14624046,0.00780197,0.00000003,btc,1.425e-05,0.0,0.50932171,43
1,[],12,[],2019-01-26 19:52:47,6225911.0,0.00000002,0.000000000000712958,6509713,2019-01-26 19:52:47,btc,20007433.391401853,0.0,0.00000002,btc,40257164.40899101,0.0012281032367635,0.06461978,43
0,[],17,[],2019-01-26 19:52:48,0.0,0,0,6509714,2019-01-26 19:52:48,btc,0.0,0.0,0,btc,0.0,0.0,0.0,43
1,[],12,[],2019-01-26 20:00:43,761946.0,0.00000007,0.000000000002496067,6509909,2019-01-26 20:00:43,btc,11114761.219587628,0.0,0.00000007,btc,955810.89867649,8.4e-06,0.02039113,44
1,[],4,[],2019-01-26 20:53:30,237159217.1589629,0.00000003,0.000000000001068405,6510032,2019-01-26 20:53:30,btc,0.21884025311555325,0.0,0.00000003,"btc,ltc",6612297.84959688,0.00465228,0.5982138102743882,49
0.0000000000926432,[],4,[],2019-01-26 20:00:44,3898948774.259275,1.852864e-18,6.60696097984e-23,6509911,2019-01-26 20:00:44,ltc,4.994394634394359,0.0,0.00000002,ltc,2085854250.8566308,0.0,4.398782500691426e-09,52
0,[],22,[],2019-01-26 20:00:47,0.0,0,0,6509912,2019-01-26 20:00:47,,3693.92043704,0.0,0,,270535069.90882355,0.0,0.0,57
0,[],27,[],2019-01-26 20:00:49,0.0,0,0,6509913,2019-01-26 20:00:49,,0.0,0.0,0,"btc,eth",0.0,0.0,0.0,57
0.0000000000926432,[],4,[],2019-01-26 20:00:49,1447814304.8029494,6.4850239999999996e-18,2.3124363429439997e-22,6509914,2019-01-26 20:00:49,ltc,3.336677014257485,0.0,0.00000007,ltc,1155438299.563873,0.0,6.577450813733307e-09,58
1,[],12,[],2019-01-26 20:00:51,2661542404.282997,0.0000000007,0.000000000000024960669999999998,6509915,2019-01-26 20:00:51,btc,624074821207.3258,0.0,0.0000000007,btc,2975309762.68941,0.02063417165464534,1.1080347853645631,58
0,[],17,[],2019-01-26 20:00:52,0.0,0,0,6509916,2019-01-26 20:00:52,btc,1e+24,0.0,0,btc,41616695.95832568,0.0,0.0,58
0.00000000012611980000000001,[],22,[],2019-01-26 20:01:05,137438.0,1.261198e-18,4.49719244038e-23,6509917,2019-01-26 20:01:05,XMR,69.8835922,0.0,0.00000001,XMR,9887963.0,0.0,0.00137438,58
1,[],5,[],2019-01-26 20:01:06,7.47e-06,0.00000063,0.000000000022464603,6509918,2019-01-26 20:01:06,btc,0.44909409,0.00607529,0.00000063,btc,0.00011066,0.0,0.03845505,61
1,[],22,[],2019-01-26 20:01:09,5111.5,0.00000011,0.000000000003922391,6509919,2019-01-26 20:01:09,BTC,1002.29606732,0.0,0.00000011,BTC,15028.700278135757,0.0,0.00051178,61
1,[],26,[],2019-01-26 20:01:09,0.0,0.00000800,0.0000000002852648,6509920,2019-01-26 20:01:09,btc,0.0,0.0,0.00000800,btc,0.0,0.0,0.0,61
0,[],27,[],2019-01-26 20:01:11,0.0,0,0,6509921,2019-01-26 20:01:11,,0.0,0.0,0,"btc,eth",0.0,0.0,0.0,61
1,[],28,[],2019-01-26 20:01:13,1923.782,0.00000023,0.000000000008201363,6509922,2019-01-26 20:01:13,btc,2.065678837430106,850.0,0.00000023,btc,11618.08240005,0.0,0.00017391298,61
1,[],4,[],2019-01-26 20:01:14,1416682.11114868,0.00000166,0.000000000059192446,6509923,2019-01-26 20:01:14,btc,0.4655351935938274,0.0,0.00000166,btc,178357.24709706,0.09002698,1.1293550594151145,67
0.0,[],25,[],2019-01-26 20:01:15,0.0,0,0,6509924,2019-01-26 20:01:15,,0.0,0.0,0.0,btc,0.0,0.0,0.0,67
1,[],12,[],2019-01-26 20:01:16,2564621.36454545,0.00000011,0.000000000003922391,6509925,2019-01-26 20:01:16,btc,16893709.204342257,0.0,0.00000011,btc,2128542.08751245,0.0084815077744559,0.0698424100999995,71
,[],5,[],2018-11-20 23:02:39,1.5e-07,0.00000005,0.000000000002128045,4862160,2018-11-20 23:02:39,btc,2.84511358,0.0,,btc,0.00036572,0.0,0.07381892,74
1,[],5,[],2019-01-25 15:53:51,3.303e-05,0.00000156,0.000000000055588884,6499610,2019-01-25 15:53:51,btc,1.42844212,0.0,0.00000156,btc,0.00015937,0.0,0.49487621,75
1,[],4,[],2019-01-26 20:01:17,63482976.34002812,0.00000001,0.000000000000356581,6509926,2019-01-26 20:01:17,btc,0.822704141069356,0.0,0.00000001,btc,16012866.74301408,0.0,0.6348297634002812,81
0,[],20,[],2019-01-25 09:30:31,0.0,0,0,6495923,2019-01-25 09:30:31,btc,0.0,0.0,0,btc,0.0,0.0,0.0,81
1,[],4,[],2019-01-26 20:01:19,23804.12189928,0.00007751,0.000000002763859331,6509927,2019-01-26 20:01:19,btc,1.4416938374764614,0.0,0.00007751,btc,12569.1203186,0.01274856,0.0906988466895,82
1,[],21,[],2019-01-26 20:01:20,90282.43238555,0.00008100999999999999856819393740,0.000000002888662681,6509928,2019-01-26 20:01:20,btc,3.7511536435016732,5673.18584144,0.000081009999999999998568193937398262960414285771548748016357421875,btc,42265.029361709996,0.46016466,4.872010101449802,82
0,[],17,[],2019-01-26 20:01:22,0.0,0,0,6509929,2019-01-26 20:01:22,btc,0.0447233088476774,0.0,0,btc,999127.19588126,0.0,0.0,84
0.0000000000926432,[],4,[],2019-01-26 20:01:23,141932332.06513408,1.389648e-17,4.95522073488e-22,6509930,2019-01-26 20:01:23,ltc,0.19754182531327316,0.0,0.00000015,ltc,80653182.2841566,0.0,1.44708713094465e-09,85
,[],22,[],2018-11-20 23:09:34,3408.1,0.0000001,0.0000000000041895,4862324,2018-11-20 23:09:34,BTC,0.04624735,0.0,,BTC,4990.0,0.0,0.00033081,86
0,[],22,[],2019-01-26 20:01:25,0.0,0,0,6509931,2019-01-26 20:01:25,,2.07810912,0.0,0,,154826.94736842104,0.0,0.0,87
0,[],27,[],2019-01-26 20:01:27,0.0,0,0,6509932,2019-01-26 20:01:27,,0.0,0.0,0,btc,0.0,0.0,0.0,87
,[],2,[],2018-11-20 23:10:47,0.0,0,0,4862359,2018-11-20 23:10:47,,0.0,0.0,,,0.0,0.0,0.0,88
1,[],11,[],2019-01-26 20:01:29,104213.41511168,0.00019705999999999998691102565118171696667559444904327392578125,0.0000000070267851859999996,6509933,2019-01-26 20:01:29,btc,234.9465839100397,2376.95021524,0.00019705999999999998691102565118171696667559444904327392578125,btc,181976.90913358,0.0,8.16964725731751,89
0,[],2,[],2019-01-20 23:31:45,0.0,0,0,6477083,2019-01-20 23:31:45,,0.0,0.0,0,,0.0,0.0,0.0,91
1,[],12,[],2019-01-26 20:01:30,379207.96142519,0.0000039999999999999998189924473035450347424557548947632312774658203125,0.0000000001426324,6509934,2019-01-26 20:01:30,btc,113.7731578997844,0.0,0.0000039999999999999998189924473035450347424557548947632312774658203125,btc,3984.21266136,0.5064214492695897,0.24866480709998418,91
0,[],17,[],2019-01-26 20:01:31,0.0,0,0,6509935,2019-01-26 20:01:31,btc,0.0,0.0,0,btc,0.0,0.0,0.0,91
0.0000000000926485,[],22,[],2019-01-26 20:53:35,33170424.666666668,5.55891e-18,1.9797224128499999e-22,6510033,2019-01-26 20:53:35,LTC,8.97065495,0.0,0.00000006,LTC,75377634.1,0.0,1.32185727,95
0.0000000000926485,[],4,[],2019-01-26 20:53:36,133043039.25197367,9.5427955e-17,3.3985234753925e-21,6510034,2019-01-26 20:53:36,ltc,1.4028831569456242,0.0,0.00000103,ltc,68662808.23897064,0.00589218,7.135882684707383e-10,96
1,[],12,[],2019-01-26 20:53:37,1204235.0,0.00000001,0.00000000000035613500000000003,6510035,2019-01-26 20:53:37,btc,255059.2635896603,0.0,0.00000001,btc,7846613.56674301,1.24e-06,0.01204235,96
0,[],17,[],2019-01-26 20:53:39,0.0,0,0,6510036,2019-01-26 20:53:39,btc,0.0,0.0,0,btc,0.0,0.0,0.0,96
1,[],4,[],2019-01-26 20:53:40,1582799.27341897,0.00000041,0.000000000014601535,6510037,2019-01-26 20:53:40,btc,0.3049875752881888,0.0,0.00000041,btc,465572.46447698,0.02608491,0.1768309938136682,99
0,[],2,[],2019-01-20 23:23:55,0.0,0,0,6476914,2019-01-20 23:23:55,,0.0,0.0,0,,0.0,0.0,0.0,100
1,[],4,[],2019-01-26 20:53:41,99811.90029105,0.00004024,0.00000000143308724,6510038,2019-01-26 20:53:41,btc,1.0976186125335627,0.0,0.00004024,btc,22188.68355487,2.22597664,1.6928413604632757,100
1,[],22,[],2019-01-26 20:53:46,50000.0,0.00000001,0.000000000000356135,6510039,2019-01-26 20:53:46,BTC,23.49896609,0.0,0.00000001,BTC,10277.22,0.0,0.0005,101
1,[],4,[],2019-01-26 20:53:46,431109.14046273,0.00000085,0.000000000030271475,6510040,2019-01-26 20:53:46,btc,0.3938031891179332,0.0,0.00000085,btc,143970.286765,0.04756161,0.1542785486198818,103
0,[],22,[],2019-01-26 20:53:50,0.0,0,0,6510041,2019-01-26 20:53:50,,1.07253299,0.0,0,,94300.0,0.0,0.0,107
1,[],26,[],2019-01-26 20:53:51,0.0,0.00000000,0,6510042,2019-01-26 20:53:51,btc,0.0,0.0,0.00000000,btc,0.0,0.0,0.0,107
1,[],5,[],2019-01-26 20:53:55,3e-08,0.00000002,0.00000000000071227,6510043,2019-01-26 20:53:55,btc,3.23785654,0.04998498,0.00000002,btc,1.589e-05,0.0,0.09377568,112
1,[],22,[],2019-01-26 20:53:58,43782.0,0.00000001,0.000000000000356135,6510044,2019-01-26 20:53:58,BTC,2.84243449,0.0,0.00000001,BTC,977103.5833333334,0.0,0.00043782,112
0,[],27,[],2019-01-26 20:54:00,0.0,0,0,6510045,2019-01-26 20:54:00,,1.25356065,0.0,0,"btc,eth",1328.0,0.0,0.0,112
1,[],4,[],2019-01-26 20:54:01,462184.60476614,0.00000505,0.000000000179848175,6510046,2019-01-26 20:54:01,btc,0.7498673301542181,0.0,0.00000505,btc,87845.25206341,0.47629091,0.4963130848778382,113
1,[],5,[],2019-01-26 20:54:03,2.508e-05,0.00000420,0.0000000001495767,6510047,2019-01-26 20:54:03,btc,2.18841984,5.12e-06,0.00000420,btc,0.00303409,0.0,0.25174844,113
1,[],17,[],2019-01-26 20:54:05,233369.0,0.00000004,0.0000000000014245400000000001,6510048,2019-01-26 20:54:05,btc,1.337629057595544,0.0,0.00000004,btc,72546.975,0.0,0.00543476,116
0,[],27,[],2019-01-26 20:54:08,0.0,0,0,6510049,2019-01-26 20:54:08,,0.0,0.0,0,btc,0.0,0.0,0.0,116
1,[],4,[],2019-01-26 20:54:09,39497.93902988,0.00002291,0.000000000815905285,6510050,2019-01-26 20:54:09,btc,0.5600958254149102,0.0,0.00002291,btc,20757.67443236,0.44573,0.6426872974444887,120
1,[],7,[],2019-01-26 20:54:09,3498.74197701,0.00001802999999999999847471836289525271013189922086894512176513671875,0.0000000006421114049999999,6510051,2019-01-26 20:54:09,btc,95.01894680780418,0.0,0.00001802999999999999847471836289525271013189922086894512176513671875,btc,26055.29400162,0.0,0.0369175296187553,120
1,[],20,[],2019-01-26 20:54:12,1202618.9088,0.000000013,0.0000000000004629755,6510052,2019-01-26 20:54:12,btc,31.4012428467274,9368.95,0.000000013,btc,1096701.7964,0.00012179635,0.0066780354106,125
1,[],22,[],2019-01-26 20:54:15,68433.0,0.00000001,0.000000000000356135,6510053,2019-01-26 20:54:15,BTC,0.01415863,0.0,0.00000001,BTC,293039.4,0.0,0.00068433,126
0,[],2,[],2019-01-20 23:25:46,0.0,0,0,6476969,2019-01-20 23:25:46,,0.0,0.0,0,,0.0,0.0,0.0,131
1,[],4,[],2019-01-26 20:54:16,307880.25241126,0.00001499,0.000000000533846365,6510054,2019-01-26 20:54:16,btc,0.6482497255301376,0.0,0.00001499,btc,33961.90347205,0.16355283,0.2500003016198338,131
0,[],17,[],2019-01-26 20:54:18,0.0,0,0,6510055,2019-01-26 20:54:18,btc,0.0008451375975800001,0.0,0,btc,30.89614684,0.0,0.0,131
1,[],4,[],2019-01-26 20:54:19,6063.23724754,0.00020149,0.000000007175764115,6510056,2019-01-26 20:54:19,btc,1.6262542558161048,0.0,0.00020149,btc,203.15784629,0.00010103,0.0107633545118987,135
1,[],3,[],2019-01-26 20:54:19,12348702.60970889,0.00000007,0.000000000002492945,6510057,2019-01-26 20:54:19,btc,0.2620966131467159,453972.45627,0.00000007,btc,631313.45009812,0.0,0.1370417273370346,136
1,[],4,[],2019-01-26 20:54:20,176847.20265015,0.00000181,0.000000000064460435,6510058,2019-01-26 20:54:20,btc,0.4570862632226384,0.0,0.00000181,btc,180460.09601204,0.07248017,0.2629575642857031,137
1,[],12,[],2019-01-26 20:54:22,299629.54473936,0.00000181000000000000003456111265232042484285557293333113193511962890625,0.000000000064460435,6510059,2019-01-26 20:54:22,btc,11798.819705607662,0.0,0.00000181000000000000003456111265232042484285557293333113193511962890625,btc,131588.25674122,0.070573402973744,0.0320636860000106,137
1,[],5,[],2019-01-26 20:54:23,0.0010661,0.00003895,0.000000001387145825,6510060,2019-01-26 20:54:23,btc,9.41576682,3.59389928,0.00003895,btc,0.00295154,0.0,1.33125642,142
1,[],17,[],2019-01-26 20:54:24,12500.0,0.0000001,0.00000000000356135,6510061,2019-01-26 20:54:24,btc,0.680950004044452,0.0001053877,0.0000001,btc,5932.0,0.0,0.00125,142
1,[],20,[],2019-01-26 20:54:26,156383.5146,0.00003414,0.00000000121584489,6510062,2019-01-26 20:54:26,btc,2.505639105,44.0156,0.00003414,btc,5112.6321,0.0017351100299,0.2876049112308,142
1,[],22,[],2019-01-26 20:54:30,990.0,0.00001880,0.0000000006695338,6510063,2019-01-26 20:54:30,BTC,0.00073317,0.0,0.00001880,BTC,10.00051282051282,0.0,0.00022106,142
0.0,[],25,[],2019-01-26 20:54:31,0.0,0,0,6510064,2019-01-26 20:54:31,,0.0,0.0,0.0,btc,0.0,0.0,0.0,142
1,[],28,[],2019-01-26 20:54:33,82381.032,0.00003155,0.000000001123605925,6510065,2019-01-26 20:54:33,btc,0.12686850002,49146.7234,0.00003155,btc,2489.998,0.0,0.14885905576,142
0,[],22,[],2019-01-25 15:57:33,0.0,0,0,6499726,2019-01-25 15:57:33,,59.04258297,0.0,0,,718491265.8,0.0,0.0,143
1,[],21,[],2019-01-26 20:54:35,46517756.129310854,0.0000003,0.000000000010684049999999999,6510066,2019-01-26 20:54:35,btc,37.736785347667606,7737808.63242721,0.0000003,btc,74990633.89903206,2.32636881,8.453386591424996,145
0,[],22,[],2019-01-26 20:54:38,0.0,0,0,6510067,2019-01-26 20:54:38,,4.31668284,0.0,0,,1427838.5,0.0,0.0,146
,[],22,[],2018-11-20 23:01:11,0.0,0,0,4862114,2018-11-20 23:01:11,,2.56807021,0.0,,,61828.4988236,0.0,0.0,147
1,[],12,[],2019-01-26 20:54:39,8706378.52196784,0.00000288999999999999985863413133613253336307025165297091007232666015625,0.000000000102923015,6510068,2019-01-26 20:54:39,btc,17.07306427136075,0.0,0.00000288999999999999985863413133613253336307025165297091007232666015625,btc,111214.72407238,2.63e-06,0.1335689899999973,148
1,[],4,[],2019-01-26 20:54:40,112986.8619775,0.00000036,0.00000000001282086,6510069,2019-01-26 20:54:40,btc,0.6904805380733366,0.0,0.00000036,btc,513373.1719915,0.0007358,0.0315679628330475,152
0,[],22,[],2019-01-26 20:54:43,0.0,0,0,6510070,2019-01-26 20:54:43,,0.0,0.0,0,,0.0,0.0,0.0,152
1,[],5,[],2019-01-26 20:54:45,0.0,0,0,6510071,2019-01-26 20:54:45,btc,4.34745839,6.928e-05,0,btc,0.00161275,0.0,0.0,153
,[],16,[],2019-01-11 15:38:59,0.0,0,0,6366141,2019-01-11 15:38:59,btc,0.0,0.0,,btc,0.0,0.0,0.0,155
0,[],23,[],2019-01-20 23:24:29,0.0,0,0,6476932,2019-01-20 23:24:29,,0.0,0.0,0,,0.0,0.0,0.0,156
0,[],22,[],2019-01-26 20:54:49,0.0,0,0,6510072,2019-01-26 20:54:49,,6.73086592,0.0,0,,4339532.742592593,0.0,0.0,156
1,[],22,[],2019-01-26 20:54:52,7906.0,0.00000801,0.000000000285264135,6510073,2019-01-26 20:54:52,BTC,43.78612537,0.0,0.00000801,BTC,1033.584498154164,0.0293087,0.00743836,157
0,[],22,[],2019-01-26 20:54:56,0.0,0,0,6510074,2019-01-26 20:54:56,,50175.6753658,0.0,0,,54007107.04179466,0.0,0.0,158
,[],17,[],2018-11-20 22:56:10,0.0,0,0,4861976,2018-11-20 22:56:10,btc,1.1265625,0.0,,btc,1000.0,0.0,0.0,159
,[],20,[],2018-11-20 22:56:12,0.0,0,0,4861977,2018-11-20 22:56:12,btc,11912.7940471,0.0,,btc,34413894.3617,0.0,0.0,159
1,[],12,[],2019-01-26 20:54:57,196239.59068965,0.000010890000000000000767168446824673111450465512461960315704345703125,0.000000000387831015,6510075,2019-01-26 20:54:57,btc,6.652231573942084,0.0,0.000010890000000000000767168446824673111450465512461960315704345703125,btc,14023.52908934,0.0014820879,0.10497494889996249,168
1,[],17,[],2019-01-26 20:54:58,29784.95,0.000001,0.0000000000356135,6510076,2019-01-26 20:54:58,btc,0.0353989844335,0.0,0.000001,btc,196.82520268,0.0,0.00716147,168
1,[],22,[],2019-01-26 20:55:03,1433447.0,0.00000001,0.000000000000356135,6510077,2019-01-26 20:55:03,BTC,1.13380276,0.0,0.00000001,BTC,689102.5537281231,1e-07,0.01433447,169
1,[],22,[],2019-01-26 20:55:07,80918.5142857143,0.00000035,0.000000000012464725,6510078,2019-01-26 20:55:07,BTC,2.46405561,0.0,0.00000035,BTC,53989.56439849624,0.0007212,0.01674148,171
1,[],22,[],2019-01-26 20:55:10,184028.48245614034,0.0000002,0.0000000000071227,6510079,2019-01-26 20:55:10,BTC,2.84645957,0.0,0.0000002,BTC,243293.54610584668,0.00013427,0.01016223,173
1,[],5,[],2019-01-26 20:55:12,6.747e-05,0.00000440,0.0000000001566994,6510080,2019-01-26 20:55:12,btc,0.41207884,0.00285205,0.00000440,btc,0.00036906,0.0,0.83080588,175
1,[],22,[],2019-01-26 20:55:15,53551.0,0.00000131,0.000000000046653685,6510081,2019-01-26 20:55:15,BTC,0.55742815,0.0,0.00000131,BTC,110301.51379872746,0.03170052,0.04645228,176
1,[],7,[],2019-01-26 20:55:17,0.0,0,0,6510082,2019-01-26 20:55:17,btc,10967.435878587923,2399.0,0,btc,122069154.8834731,2.399e-05,0.0,178
0,[],22,[],2019-01-26 20:55:20,0.0,0,0,6510083,2019-01-26 20:55:20,,1.00242428,0.0,0,,57512.0,0.0,0.0,178
0,[],2,[],2019-01-20 23:28:34,0.0,0,0,6477001,2019-01-20 23:28:34,,0.0,0.0,0,,0.0,0.0,0.0,178
1,[],5,[],2019-01-26 20:55:21,6e-08,0.00000003,0.000000000001068405,6510084,2019-01-26 20:55:21,btc,16.17947471,0.2602527,0.00000003,btc,2.114e-05,0.0,1.48691783,179
1,[],22,[],2019-01-26 20:55:25,9067350.5,0.00000002,0.00000000000071227,6510085,2019-01-26 20:55:25,BTC,5.47356866,0.0,0.00000002,"BTC,LTC",16476164.318656633,0.0110997,0.39568206,179
0,[],23,[],2019-01-20 23:25:08,0.0,0,0,6476952,2019-01-20 23:25:08,,0.0,0.0,0,,0.0,0.0,0.0,179
1,[],17,[],2019-01-26 20:55:27,10504.725,0.0000001,0.00000000000356135,6510086,2019-01-26 20:55:27,btc,5.2068774898783765,0.0,0.0000001,btc,7465.6174587,0.0,0.0010504725,180
1,[],22,[],2019-01-26 20:55:32,1011.8709677419355,0.00000031,0.000000000011040185,6510087,2019-01-26 20:55:32,BTC,0.0950873,0.0,0.00000031,"BTC,LTC",15926.617162207827,0.0,0.00026202,180
1,[],26,[],2019-01-26 20:55:32,0.0,0.00000020,0.0000000000071227,6510088,2019-01-26 20:55:32,btc,0.0,3245.1973,0.00000020,btc,0.0,0.0,0.0,180
,[],7,[],2018-11-20 22:58:01,562227.975654,0.00000085,0.000000000036176765,4862015,2018-11-20 22:58:01,btc,21836.6059674,2491.87645172,,btc,749999.041456,0.00211021,0.127565380455,183
1,[],24,[],2019-01-26 20:55:33,0.0,0.000000000001,3.56135e-17,6510089,2019-01-26 20:55:33,btc,0.0,0.0,0.000000000001,btc,0.0,0.0,0.0,187
,[],5,[],2019-01-10 08:11:41,0.0,0,0,6347036,2019-01-10 08:11:41,btc,82.15055501,0.00261,,btc,1.19002445,0.0,0.0,187
,[],17,[],2018-11-16 20:58:10,4062536.27273,0.00000001,0.000000000000550501,4708775,2018-11-16 20:58:10,btc,3.36492563466,0.195460381006,,"btc,eth",110697919.549,0.0,0.0157628953496,187
0,[],22,[],2019-01-26 20:55:36,0.0,0,0,6510090,2019-01-26 20:55:36,,1.19413437,0.0,0,,14499.956201072173,0.0,0.0,191
0,[],22,[],2019-01-26 20:55:41,0.0,0,0,6510091,2019-01-26 20:55:41,,0.0,0.0,0,,0.0,0.0,0.0,197
1,[],26,[],2019-01-26 20:55:41,0.0,0.00000000,0,6510092,2019-01-26 20:55:41,btc,0.0,759133.0,0.00000000,btc,0.0,0.0,0.0,199
0,[],23,[],2019-01-20 23:31:41,0.0,0,0,6477079,2019-01-20 23:31:41,,0.0,0.0,0,,0.0,0.0,0.0,199
0,[],17,[],2019-01-26 20:55:44,0.0,0,0,6510093,2019-01-26 20:55:44,btc,6.802544163846485,0.0,0,btc,105897.55575295,0.0,0.0,200
0,[],2,[],2019-01-20 23:30:49,0.0,0,0,6477059,2019-01-20 23:30:49,,0.0,0.0,0,,0.0,0.0,0.0,201
1,[],4,[],2019-01-25 15:51:35,2084389.58565343,0.00000936,0.000000000333526752,6499557,2019-01-25 15:51:35,btc,2.0092503037378524,0.0,0.00000936,btc,160195.80207885,0.19272417,1.242687955921835,211
1,[],7,[],2019-01-26 20:55:47,18939890.242460668,0.000001179999999999999925426948273188276772316385176964104175567626953125,0.000000000042023929999999995,6510094,2019-01-26 20:55:47,btc,16317791.375471156,336321.07712,0.000001179999999999999925426948273188276772316385176964104175567626953125,btc,12755778.60890334,0.0,8.863768288854956,212
1,[],5,[],2019-01-26 20:55:49,4.78e-06,0.00000033,0.000000000011752455,6510095,2019-01-26 20:55:49,btc,0.94218437,0.13242548,0.00000033,btc,3.165e-05,0.0,0.49425558,213
1,[],24,[],2019-01-26 20:55:51,0.0,0.000000050000,0.000000000001780675,6510096,2019-01-26 20:55:51,btc,0.0,0.0,0.000000050000,btc,0.0,0.0,0.0,213
1,[],26,[],2019-01-26 20:55:51,0.0,0.00000003,0.000000000001068405,6510097,2019-01-26 20:55:51,btc,0.0,0.0,0.00000003,btc,0.0,0.0,0.0,213
1,[],12,[],2019-01-25 02:44:32,207462.42853209,0.000001080000000000000035831255497387193287295303889550268650054931640625,0.000000000038610756000000006,6493050,2019-01-25 02:44:32,btc,85023.03793723314,0.0,0.000001080000000000000035831255497387193287295303889550268650054931640625,btc,43675.73520027,0.000146250909087,0.0348620860622024,213
1,[],22,[],2019-01-26 20:55:56,283952.2,0.00000005,0.000000000001780675,6510098,2019-01-26 20:55:56,BTC,70.21708018,0.0,0.00000005,BTC,207976.63907173084,0.00100246,0.00494161,216
1,[],27,[],2019-01-26 20:03:09,5087945.0,0.00000015,0.000000000005348715,6509982,2019-01-26 20:03:09,btc,619.87938651916,0.0,0.00000015,"btc,ltc",268416.09411,0.0,0.0535075,216
1,[],22,[],2019-01-26 19:57:49,297331.8247499803,0.00000226,0.000000000080564254,6509808,2019-01-26 19:57:49,BTC,12677.80222523,0.0,0.00000226,BTC,341424.5999268982,0.02234396,0.42297968,217
1,[],7,[],2019-01-26 20:03:11,0.0,0,0,6509983,2019-01-26 20:03:11,btc,302.59827048911063,0.0,0,btc,135679859.1214003,0.0,0.0,219
0,[],27,[],2019-01-26 20:03:13,0.0,0,0,6509984,2019-01-26 20:03:13,,0.0747309448198,0.0,0,btc,1605140.29226592,0.0,0.0,219
0.0000000000000057999999999999996,[],28,[],2019-01-26 20:03:15,203946286.198,2.3200579999999998e-18,8.272886016979999e-23,6509985,2019-01-26 20:03:15,doge,79804.0288717675,187506.839,0.00040001,"btc,doge",4119437.84751,0.0,1.7763739499674552e-11,219
1,[],22,[],2019-01-26 19:57:57,210941.0,0.00000084,0.000000000029944236,6509812,2019-01-26 19:57:57,BTC,2.08842633,0.0,0.00000084,BTC,20480.55212317522,0.0010455,0.02694938,221
1,[],24,[],2019-01-26 19:57:57,0.0,0.000000550000,0.000000000019606345,6509813,2019-01-26 19:57:57,btc,0.0,8323.06229,0.000000550000,btc,0.0,0.00532428,0.0,221
1,[],26,[],2019-01-26 19:57:58,0.0,0.00000020,0.00000000000712958,6509814,2019-01-26 19:57:58,btc,0.0,10944.0,0.00000020,btc,0.0,0.0,0.0,231
1,[],26,[],2019-01-26 19:57:58,0.0,0.00000004,0.000000000001425916,6509815,2019-01-26 19:57:58,btc,0.0,1100.0,0.00000004,btc,0.0,0.0,0.0,234
0,[],27,[],2019-01-26 19:58:00,0.0,0,0,6509816,2019-01-26 19:58:00,,0.001146299618,0.0,0,"btc,eth",11462.99618,0.0,0.0,234
0.00000000009270179999999999,[],22,[],2019-01-26 19:00:17,10000000.0,9.27018e-19,3.30696058158e-23,6509614,2019-01-26 19:00:17,LTC,3.07807116,0.0,0.00000001,LTC,90316025.08996265,0.0,0.1,235
1,[],4,[],2019-01-26 19:58:01,678147.74643784,0.00000096,0.000000000034221984,6509817,2019-01-26 19:58:01,btc,0.1171318850097704,0.0,0.00000096,btc,95966.35554297,0.08634368,0.1594623941379363,236
1,[],24,[],2019-01-26 19:58:01,0.0,0.000000010000,0.000000000000356479,6509818,2019-01-26 19:58:01,btc,0.0,511.27656,0.000000010000,btc,0.0,0.00055729,0.0,236
1,[],20,[],2019-01-26 19:58:03,35729905.4795,0.00000007,0.000000000002495353,6509819,2019-01-26 19:58:03,btc,14.4433002434446,9736723.1262,0.00000007,btc,26276260.0795,0.6726735065584,1.0503824438852,237
0,[],22,[],2019-01-26 19:58:06,0.0,0,0,6509820,2019-01-26 19:58:06,,0.04083605,0.0,0,,4179.0,0.0,0.0,237
1,[],4,[],2019-01-26 19:58:07,4810653.43618608,0.00000031,0.000000000011050849,6509821,2019-01-26 19:58:07,btc,0.5744058528724058,0.0,0.00000031,btc,1700342.81712813,0.24585932,1.3225919034086564,238
1,[],5,[],2019-01-26 19:58:08,3.64e-06,0.00000031,0.000000000011050849,6509822,2019-01-26 19:58:08,btc,0.69652154,0.00903668,0.00000031,btc,2.855e-05,0.0,0.18115901,238
1,[],22,[],2019-01-26 19:58:12,273123.25,0.00000005,0.000000000001782395,6509823,2019-01-26 19:58:12,BTC,15.41162061,0.0,0.00000005,BTC,244303.2250045004,0.00048354,0.00910771,249
0.0000000000926432,[],22,[],2019-01-26 20:03:19,2565300.8,4.63216e-18,1.65174024496e-22,6509986,2019-01-26 20:03:19,LTC,0.60419617,0.0,0.00000005,LTC,14478807.29,0.0,0.05186212,252
1,[],28,[],2019-01-26 20:03:21,2057332.213,0.00000008,0.000000000002852648,6509987,2019-01-26 20:03:21,btc,164692.83404779495,37600.0,0.00000008,btc,1237558.2807,0.0,0.07636431991,256
0,[],27,[],2019-01-26 19:58:20,0.0,0,0,6509826,2019-01-26 19:58:20,,4.96668,0.0,0,"btc,eth",90.59,0.0,0.0,257
1,[],22,[],2019-01-26 19:58:23,52566.0,0.00000002,0.000000000000712958,6509827,2019-01-26 19:58:23,BTC,35605.68201145,0.0,0.00000002,BTC,722566.2910213444,9.648e-05,0.00053566,258
1,[],22,[],2019-01-26 20:03:24,5451.4546666666665,0.00000750,0.00000000026743575,6509988,2019-01-26 20:03:24,BTC,4.68659351,0.0,0.00000750,BTC,6065.535238095238,0.00668982,0.02482077,262
1,[],5,[],2019-01-26 20:03:26,4.722e-05,0.00000212,0.000000000075595172,6509989,2019-01-26 20:03:26,btc,34448.28931762,0.0371502,0.00000212,btc,11111.11519251,0.0,0.23505736,264
1,[],20,[],2019-01-26 20:03:27,1771257.87,0.0000038,0.00000000013550078,6509990,2019-01-26 20:03:27,btc,5.0377793218157,30095.1042,0.0000038,btc,82311.7256,0.1249187167869,0.0217999894223,264
1,[],22,[],2019-01-26 20:03:31,163093.0,0.00000003,0.000000000001069743,6509991,2019-01-26 20:03:31,BTC,6.33481838,0.0,0.00000003,BTC,222517.3801039501,0.0004655,0.00389713,271
0,[],22,[],2019-01-26 19:58:35,0.0,0,0,6509832,2019-01-26 19:58:35,,242.59396368,0.0,0,,12792025291.9,0.0,0.0,272
0.0000000000000057,[],28,[],2019-01-26 19:58:37,325593110582.0,3.4770000000000004e-21,1.2394774830000002e-25,6509833,2019-01-26 19:58:37,doge,23013388.754208267,25118754870.741,0.00000061,doge,135507891560.4424,0.0,8.373612646329241e-10,272
