pairValue,buyBook,exchangeId,sellBook,updated,buyTotal,satoshiPrice,usdPrice,exchangeLogId,created,bestPair,sellTotalBtc,volume,pairPrice,activePairs,sellTotal,volumeBtc,buyTotalBtc,coinId
1,[],3,[],2019-02-16 07:43:25,30550.52480948572,0.01304226999999999990487165035801808699034154415130615234375,0.000000471671086096,6685188,2019-02-16 07:43:25,btc,107.07157647600111,0.66533581,0.01304226999999999990487165035801808699034154415130615234375,btc,21.819783976771,0.0,0.17884955757325557,1
1,[],4,[],2019-02-16 07:43:26,87.36713765,0.01315277,0.000000475667296496,6685189,2019-02-16 07:43:26,btc,0.8235855624889002,0.0,0.01315277,btc,58.78976859,1.75534787,1.0548862409441182,1
1,[],5,[],2019-02-16 07:43:29,0.28661842,0.01300008,0.000000470145293184,6685190,2019-02-16 07:43:29,btc,14578.7568634,0.05707818,0.01300008,btc,35555556.27573539,0.0,2.29338127,1
1,[],10,[],2019-02-16 07:43:31,415241.64243582,0.01069031,0.000000386612923088,6685191,2019-02-16 07:43:31,btc,6525.973310416352,1069.0069821,0.01069031,btc,1119.77499053,0.0,5.236129728280933,1
1,[],12,[],2019-02-16 07:43:35,10461.8049229,0.0131299999999999993105515017077777883969247341156005859375,0.000000474843824,6685192,2019-02-16 07:43:35,btc,0.2805735459331,0.0,0.0131299999999999993105515017077777883969247341156005859375,btc,14.42353423,1.7438181734135,0.5449899610747,1
1,[],20,[],2019-02-16 07:43:36,1151.2564,0.010500212,0.0000003797380669376,6685193,2019-02-16 07:43:36,btc,0.0573537536243,0.0,0.010500212,btc,2.5253,0.0,0.0911161306007,1
1,[],21,[],2019-02-16 07:43:37,2337.79791893,0.01315054000000000049286352777,0.00000047558664899200004,6685194,2019-02-16 07:43:37,btc,29.608822046957297,2314.57875996,0.01315054000000000049286352776789499330334365367889404296875,"btc,eth",2793.88578409,26.08336843308943,21.93937070558299,1
1,[],22,[],2019-02-16 07:43:41,0.0280576,0.01350000,0.0000004882248,6685195,2019-02-16 07:43:41,BTC,0.3139634,0.0,0.01350000,BTC,0.10070366666666666,0.0,0.00036518,1
1,[],24,[],2019-02-16 07:43:41,0.0,0.000000000000,0,6685196,2019-02-16 07:43:41,btc,0.0,0.0,0.000000000000,btc,0.0,0.0,0.0,1
0.0,[],25,[],2019-02-16 07:43:42,0.0,0,0,6685197,2019-02-16 07:43:42,btc,28.21569999720219,1771.13391971,0.0,btc,2093.66949447,23.46,0.0,1
1,[],26,[],2019-02-16 07:43:52,0.0,0,0,6685198,2019-02-16 07:43:52,,0.0,0.0,0,,0.0,0.0,0.0,1
1,[],28,[],2019-02-16 07:33:05,992.968,0.01231000,0.00000044521576999999997,6684991,2019-02-16 07:33:05,btc,0.162839806,18291.25,0.01231000,btc,8.9,0.0,0.086870176,1
0,[],2,[],2019-01-20 23:28:45,0.0,0,0,6477011,2019-01-20 23:28:45,,0.0,0.0,0,,0.0,0.0,0.0,1
1,[],5,[],2019-02-16 07:43:59,1.472e-05,0.00000066,0.000000000023868768,6685200,2019-02-16 07:43:59,btc,0.12689027,0.0254308,0.00000066,btc,6.166e-05,0.0,0.25262399,2
1,[],22,[],2019-02-16 07:33:11,1198.0,0.00000017,0.00000000000614839,6684993,2019-02-16 07:33:11,BTC,2.12229306,0.0,0.00000017,"BTC,XMR",14654.709143333333,0.0,0.00088485,2
1,[],5,[],2019-02-16 07:33:12,1.29e-06,0.00000017,0.00000000000614839,6684994,2019-02-16 07:33:12,btc,4.35233186,0.015799,0.00000017,btc,2.278e-05,0.0,3.55335644,3
1,[],12,[],2019-02-16 07:33:14,12957927.02131765,0.000000169,0.000000000006112222999999999,6684995,2019-02-16 07:33:14,btc,923761.8828609596,0.0,0.000000169,btc,9132541.49248024,0.16689941645944095,0.5807113385273003,3
0,[],28,[],2019-02-16 07:33:15,0.0,0,0,6684996,2019-02-16 07:33:15,,0.0,0.0,0,,0.0,0.0,0.0,3
0,[],2,[],2019-01-20 23:31:32,0.0,0,0,6477077,2019-01-20 23:31:32,,0.0,0.0,0,,0.0,0.0,0.0,4
1,[],4,[],2019-02-16 07:33:16,401054.75380277,0.00000032,0.00000000001157344,6684997,2019-02-16 07:33:16,btc,0.3425175163251274,0.0,0.00000032,btc,322377.48356975,0.00068811,0.0549147040540441,4
1,[],12,[],2019-02-14 17:26:54,1405077.5219999999,0.00000004,0.000000000001441592,6666503,2019-02-14 17:26:54,btc,11113878.38315974,0.0,0.00000004,btc,1084186.13790569,0.0004039437362635,0.02355927044,5
0,[],2,[],2019-01-20 23:31:51,0.0,0,0,6477087,2019-01-20 23:31:51,,0.0,0.0,0,,0.0,0.0,0.0,6
1,[],11,[],2019-02-16 07:33:17,2041309.5,0.00000002,0.00000000000072334,6684998,2019-02-16 07:33:17,btc,9433.277580624412,280000.0,0.00000002,btc,39634964.28062851,0.0,0.032335885,6
1,[],3,[],2019-02-16 07:33:18,1093.719738687592,0.0001469900000000000004317379787011077496572397649288177490234375,0.00000000531618733,6684999,2019-02-16 07:33:18,btc,27.605796873748474,0.905170040532,0.0001469900000000000004317379787011077496572397649288177490234375,btc,249.144760639695,0.0,0.03438265606213769,7
1,[],4,[],2019-02-16 07:33:19,18398.29150678,0.00023941,0.000000008658741469999999,6685000,2019-02-16 07:33:19,btc,2.571915271376519,0.0,0.00023941,btc,9616.4945162,8.34383543,3.8827108215369455,7
1,[],5,[],2019-02-16 07:33:20,0.0074668,0.00021809,0.00000000788766103,6685001,2019-02-16 07:33:20,btc,2.77641985,0.68428628,0.00021809,btc,0.01416906,0.0,1.61240697,7
1,[],20,[],2019-02-16 06:41:15,43513291.8418,0.000000001,0.000000000000036147,6684805,2019-02-16 06:41:15,btc,116.5827776391263,3203.0,0.000000001,btc,29035064.8892,3.203e-06,0.0435132918418,8
1,[],1,[],2019-02-16 07:33:21,1598808.97,0.000001839999999999999959088173122345732934945772285573184490203857421875,0.00000000006654728,6685002,2019-02-16 07:33:21,btc,7.0280960621,14961778.33,0.000001839999999999999959088173122345732934945772285573184490203857421875,btc,3734321.0500000003,27.48761205,2.8931088909,9
1,[],4,[],2019-02-16 07:33:22,200761.25466112,0.00000181,0.00000000006546227,6685003,2019-02-16 07:33:22,btc,1.0646763020490977,0.0,0.00000181,btc,562668.67062524,2.30651024,0.3281314924221361,9
1,[],28,[],2019-02-16 07:33:24,43336.934,0.00000167,0.00000000006039889,6685004,2019-02-16 07:33:24,btc,2708.76484962,3565836.0,0.00000167,btc,11778.36,0.0,0.04320967978,9
0,[],2,[],2019-01-20 23:22:42,0.0,0,0,6476876,2019-01-20 23:22:42,,0.0,0.0,0,,0.0,0.0,0.0,9
0,[],23,[],2019-01-20 23:22:48,0.0,0,0,6476878,2019-01-20 23:22:48,,0.0,0.0,0,,0.0,0.0,0.0,9
1,[],4,[],2019-02-10 09:54:02,5828483.02026053,0.00000002,0.000000000000726692,6623074,2019-02-10 09:54:02,btc,0.2014004865591215,0.0,0.00000002,btc,4198675.28035349,0.00021932,0.0653957035452106,10
1,[],4,[],2019-02-16 07:33:25,965230.638698,0.00000160,0.000000000057867199999999996,6685005,2019-02-16 07:33:25,btc,2.9408084218898263,0.0,0.00000160,btc,1481344.28101353,17.66983081,1.4360271764389763,12
1,[],5,[],2019-02-16 07:33:26,3.778e-05,0.00000157,0.00000000005678219,6685006,2019-02-16 07:33:26,btc,0.49767766,1.23372548,0.00000157,btc,0.00012167,0.0,0.53418414,12
0.0,[],25,[],2019-02-16 07:33:27,0.0,0,0,6685007,2019-02-16 07:33:27,,0.0,0.0,0.0,btc,0.0,0.0,0.0,12
0,[],2,[],2019-01-20 23:23:08,0.0,0,0,6476890,2019-01-20 23:23:08,,0.0,0.0,0,,0.0,0.0,0.0,12
1,[],4,[],2019-02-16 07:33:29,1293877.2559125,0.00000641,0.00000000023183047,6685008,2019-02-16 07:33:29,btc,1.451197373032098,0.0,0.00000641,btc,204778.99996495,0.4720469,1.256118210912346,13
1,[],10,[],2019-02-16 07:33:30,453412.01629458,0.0000065,0.00000000023508549999999997,6685009,2019-02-16 07:33:30,btc,666805.4485430118,4885.37309708,0.0000065,btc,724469.62483039,0.0,0.4196929901220759,13
1,[],21,[],2019-02-16 07:33:32,1087960.74576631,0.000006559999999999999872554203029,0.00000000023725551999999996,6685010,2019-02-16 07:33:32,btc,7.833125177072196,353620.08817269,0.000006559999999999999872554203028673924791291938163340091705322265625,btc,1028339.1891261,2.37471902,6.680292002542998,13
1,[],4,[],2019-02-16 07:33:32,990078.1502727,0.00000139,0.00000000005027213,6685011,2019-02-16 07:33:32,btc,0.1062161568807667,0.0,0.00000139,btc,57756.84388648,0.00604578,0.4169193104910111,14
1,[],12,[],2019-02-16 07:33:34,85369.2231405,0.000001260000000000000006510091944689211373997750342823565006256103515625,0.00000000004557042,6685012,2019-02-16 07:33:34,btc,2.776334898368341,0.0,0.000001260000000000000006510091944689211373997750342823565006256103515625,btc,30213.37033352,0.00023058,0.009125080000005,14
1,[],26,[],2019-02-16 07:33:45,0.0,0.00000050,0.000000000018083499999999998,6685013,2019-02-16 07:33:45,btc,0.0,0.0,0.00000050,btc,0.0,0.0,0.0,14
0,[],17,[],2019-02-16 06:41:46,0.0,0,0,6684817,2019-02-16 06:41:46,btc,0.0,0.0,0,btc,0.0,0.0,0.0,14
0,[],4,[],2019-02-16 07:33:46,0.0,0,0,6685014,2019-02-16 07:33:46,,0.0,0.0,0,,0.0,0.0,0.0,15
,[],12,[],2018-12-01 15:15:48,204241.84496,0.00000489,0.000000000202473384,5260204,2018-12-01 15:15:48,btc,49.5475654835,0.0,,btc,35763.2193806,0.0163153972027625,0.0203389899998,15
1,[],4,[],2019-02-16 07:33:48,27202.17749617,0.00001806,0.00000000065317602,6685015,2019-02-16 07:33:48,btc,2.2246613645927162,0.0,0.00001806,btc,8005.19059785,0.00494748,0.1054812238600728,18
1,[],10,[],2019-02-16 07:33:51,796762.28910622,0.0000188,0.0000000006799396,6685016,2019-02-16 07:33:51,btc,15.530221356208065,377.40950793,0.0000188,btc,10265.93006568,0.0,0.4367170296199278,18
1,[],12,[],2019-02-16 07:33:52,204692.70309579,0.00001775000000000000115554267543505062576514319516718387603759765625,0.00000000064196425,6685017,2019-02-16 07:33:52,btc,22.612034015243555,0.0,0.00001775000000000000115554267543505062576514319516718387603759765625,btc,1866.9041771299999,0.00235723112,0.0407863196179463,18
0,[],17,[],2019-02-16 07:33:54,0.0,0,0,6685018,2019-02-16 07:33:54,btc,0.0,0.0,0,btc,0.0,0.0,0.0,18
0,[],2,[],2019-01-20 23:23:38,0.0,0,0,6476906,2019-01-20 23:23:38,,0.0,0.0,0,,0.0,0.0,0.0,18
1,[],3,[],2019-02-16 07:33:54,123937.55339807816,0.00002619000000000000166300133386254600509346346370875835418701171875,0.00000000094721373,6685019,2019-02-16 07:33:54,btc,0.5345073944896348,570.548171692,0.00002619000000000000166300133386254600509346346370875835418701171875,btc,5588.995123512506,0.0,0.16198370409678625,19
1,[],4,[],2019-02-16 07:33:56,336641.29641859,0.00002699,0.0000000009761473299999999,6685020,2019-02-16 07:33:56,btc,0.2521513105797723,0.0,0.00002699,btc,8679.83106083,0.20953599,2.0258063054067583,19
1,[],5,[],2019-02-16 07:33:57,0.00017408,0.00002404,0.00000000086945468,6685021,2019-02-16 07:33:57,btc,0.25309341,0.0,0.00002404,btc,0.00302213,0.0,0.06440636,19
1,[],12,[],2019-02-16 07:33:58,134803.6354573,0.0000230700000000000010418575724369105728328577242791652679443359375,0.00000000083437269,6685022,2019-02-16 07:33:58,btc,0.028871196781354802,0.0,0.0000230700000000000010418575724369105728328577242791652679443359375,btc,289.66393647,7.252e-05,0.032517239999911,19
0,[],27,[],2019-02-16 07:34:01,0.0,0,0,6685023,2019-02-16 07:34:01,,0.0,0.0,0,btc,0.0,0.0,0.0,19
0,[],2,[],2019-01-20 23:24:19,0.0,0,0,6476924,2019-01-20 23:24:19,,0.0,0.0,0,,0.0,0.0,0.0,19
1,[],4,[],2019-02-16 07:34:03,8105964.88270166,0.00000014,0.00000000000506338,6685024,2019-02-16 07:34:03,btc,0.7558970284397353,0.0,0.00000014,btc,1585963.29804811,0.001,0.2633208437753649,20
1,[],4,[],2019-02-16 07:34:06,112204141.0629021,0.00000002,0.00000000000072334,6685025,2019-02-16 07:34:06,btc,0.4197290963908996,0.0,0.00000002,btc,12405492.93946572,0.004,1.2819232651386825,21
1,[],12,[],2019-02-16 07:34:07,17377041.0,0.00000002,0.00000000000072334,6685026,2019-02-16 07:34:07,btc,669.7055249917195,0.0,0.00000002,btc,8580966.269732941,1.26173826174e-05,0.2197811,21
0,[],17,[],2019-02-16 07:34:19,0.0,0,0,6685027,2019-02-16 07:34:19,btc,0.0,0.0,0,btc,0.0,0.0,0.0,21
1,[],12,[],2019-02-16 07:34:20,2650517176.043896,0.0000000002,0.0000000000000072334,6685028,2019-02-16 07:34:20,btc,880864731153.6267,0.0,0.0000000002,btc,4223093512.3441076,0.0558335240951298,0.2791954536555898,23
0,[],27,[],2019-02-16 07:34:22,0.0,0,0,6685029,2019-02-16 07:34:22,,0.7926241565934115,0.0,0,eth,864162.85514486,0.0,0.0,23
1,[],4,[],2019-02-16 07:34:23,355041.62058962,0.00000064,0.00000000002314688,6685030,2019-02-16 07:34:23,btc,0.1595910078623596,0.0,0.00000064,btc,162214.15822378,0.00319179,0.1769728735102057,24
1,[],22,[],2019-02-16 07:34:26,11.76,0.00000100,0.000000000036166999999999996,6685031,2019-02-16 07:34:26,BTC,7.415e-05,0.0,0.00000100,BTC,23.919354838709676,0.0,1.176e-05,24
0.0,[],25,[],2019-02-16 07:34:28,0.0,0,0,6685032,2019-02-16 07:34:28,,0.0,0.0,0.0,btc,0.0,0.0,0.0,24
1,[],4,[],2019-02-16 07:34:30,26882517.22028454,0.00000601,0.00000000021736367,6685033,2019-02-16 07:34:30,btc,0.4120208874624529,0.0,0.00000601,btc,43188.79417422,0.17866742,0.4382147640728256,26
1,[],10,[],2019-02-16 07:34:33,733314.39724698,0.0000054,0.0000000001953018,6685034,2019-02-16 07:34:33,btc,25.927294915353595,1472.76013581,0.0000054,btc,14351.41452713,0.0,0.2154503992385128,26
0,[],2,[],2019-01-20 23:25:56,0.0,0,0,6476976,2019-01-20 23:25:56,,0.0,0.0,0,,0.0,0.0,0.0,26
1,[],3,[],2019-02-16 07:34:35,5800007.95913569,0.00000001,0.00000000000036167,6685035,2019-02-16 07:34:35,btc,2.6998142562093017,0.0,0.00000001,btc,17268102.61059958,0.0,0.0580000795913569,27
1,[],5,[],2019-02-16 07:34:37,1e-08,0.00000001,0.00000000000036167,6685036,2019-02-16 07:34:37,btc,1.5981049,0.00026007,0.00000001,btc,4.345e-05,0.0,0.09876515,27
1,[],11,[],2019-02-16 07:34:38,10063976.7912115,0.00000005,0.0000000000018083499999999999,6685037,2019-02-16 07:34:38,btc,370.6338278222541,8080.0,0.00000005,btc,8170874.5693934,0.0,0.4660996184459823,27
1,[],4,[],2019-02-16 07:34:39,580268509.8685317,0.00000002,0.00000000000072334,6685038,2019-02-16 07:34:39,btc,0.23869179871555354,0.0,0.00000002,"btc,ltc",23857188.869516,0.47267783,8.218727339664179,29
1,[],7,[],2019-02-16 07:34:41,28336885.63491832,0.00000002,0.00000000000072334,6685039,2019-02-16 07:34:41,btc,44465228.21240232,560586.040678,0.00000002,btc,55538302.04039789,0.01121522,0.41189078825014075,29
1,[],4,[],2019-02-16 07:34:41,1468626.82088885,0.00000024,0.00000000000868008,6685040,2019-02-16 07:34:41,btc,0.1576756315429126,0.0,0.00000024,btc,384197.34874967,0.06138462,0.098958347229303,30
0,[],17,[],2019-02-16 07:34:42,0.0,0,0,6685041,2019-02-16 07:34:42,btc,0.0,0.0,0,btc,0.0,0.0,0.0,30
1,[],4,[],2019-02-16 07:34:43,1129923.79214146,0.00006410,0.0000000023183047,6685042,2019-02-16 07:34:43,btc,0.8214859640637545,0.0,0.00006410,btc,10628.91990494,4.89895202,1.715727830997558,31
1,[],21,[],2019-02-16 07:34:44,85873.50608959,0.00006185999999999999387611387958,0.0000000022372906199999997,6685043,2019-02-16 07:34:44,btc,1.6596541735327828,342249.31065787,0.000061859999999999993876113879576195131448912434279918670654296875,btc,24642.40919329,22.57675731,4.841231789369207,31
0,[],2,[],2019-01-20 23:28:43,0.0,0,0,6477009,2019-01-20 23:28:43,,0.0,0.0,0,,0.0,0.0,0.0,32
1,[],4,[],2019-02-16 07:34:46,150988275.35366577,0.00000005,0.0000000000018083499999999999,6685044,2019-02-16 07:34:46,btc,2.245538519171183,0.0,0.00000005,"btc,ltc",47086882.00042864,0.58328734,2.7160281355679676,33
1,[],12,[],2019-02-16 07:34:47,14830509.952,0.00000005,0.0000000000018083499999999999,6685045,2019-02-16 07:34:47,btc,34509936.6202848,0.0,0.00000005,btc,88947887.28571409,0.017578147262737,0.4815583976,33
1,[],4,[],2019-02-16 07:34:48,134788586.19963935,0.00000001,0.00000000000036167,6685046,2019-02-16 07:34:48,btc,1.0395706093228032,0.0,0.00000001,btc,41854948.25732942,0.00738478,1.3478858619963936,34
1,[],5,[],2019-02-16 07:34:52,1e-08,0.00000001,0.00000000000036167,6685047,2019-02-16 07:34:52,btc,5.07982949,0.00104096,0.00000001,btc,1.343e-05,0.0,0.85475648,34
0.0000000001202966,[],4,[],2019-02-16 07:34:53,949108129.0858984,2.405932e-18,8.701534264399999e-23,6685048,2019-02-16 07:34:53,ltc,1.1260977294065562e-08,0.0,0.00000002,ltc,2242745349.7122407,0.0,1.6312689451909518e-09,36
1,[],5,[],2019-02-16 07:34:54,0.0,0,0,6685049,2019-02-16 07:34:54,btc,197.5385685,0.0,0,btc,1.325e-05,0.0,0.0,36
0,[],17,[],2019-02-16 07:34:56,0.0,0,0,6685050,2019-02-16 07:34:56,btc,0.14155809874181602,0.0,0,btc,10796613.27743647,0.0,0.0,36
0.0000000003387581,[],27,[],2019-02-16 07:35:00,7.0,3.387581e-18,1.22518642027e-22,6685051,2019-02-16 07:35:00,eth,230.00791353271,0.0,0.00000001,"ltc,eth",3710919.3029,0.0,2.3713067e-17,36
1,[],4,[],2019-02-16 07:35:01,415395.11176687,0.00000090,0.0000000000325503,6685052,2019-02-16 07:35:01,btc,0.5397319460322882,0.0,0.00000090,btc,413432.35987957,0.05970264,0.2019023612187288,37
1,[],12,[],2019-02-16 07:35:02,307129.74386897,0.00000095,0.00000000003435865,6685053,2019-02-16 07:35:02,btc,1364.1790822693988,0.0,0.00000095,btc,836793.27911941,0.263418323083338,0.055034475000004496,37
1,[],17,[],2019-02-16 07:35:04,1752.74075282,0.00000025,0.000000000009041749999999999,6685054,2019-02-16 07:35:04,btc,0.05548492398261954,0.0,0.00000025,btc,1387.19918473,0.0,0.00043818518820499993,37
1,[],27,[],2019-02-16 07:35:08,15952.0,0.00000052,0.00000000001880684,6685055,2019-02-16 07:35:08,btc,26.70753703686233,0.0,0.00000052,btc,6829.81438508,0.0,0.00545422,37
1,[],5,[],2019-02-16 07:35:10,1.474e-05,0.00000096,0.00000000003472032,6685056,2019-02-16 07:35:10,btc,0.09554793,0.00027926,0.00000096,btc,9.569e-05,0.0,0.0435796,42
1,[],12,[],2019-02-16 07:35:11,126795.39621711,0.0000009,0.0000000000325503,6685057,2019-02-16 07:35:11,btc,92.91538938772908,0.0,0.0000009,btc,93552.69878571,0.0058971990010088,0.044438736436780896,42
0,[],27,[],2019-02-16 07:35:15,0.0,0,0,6685058,2019-02-16 07:35:15,,0.00315028,0.0,0,"btc,eth",11.007,0.0,0.0,42
1,[],5,[],2019-02-16 07:35:16,3e-08,0.00000002,0.00000000000072334,6685059,2019-02-16 07:35:16,btc,5.85705585,0.03726432,0.00000002,btc,1.375e-05,0.0,0.58453491,43
1,[],12,[],2019-02-16 07:35:18,4101545.0,0.00000001,0.00000000000036167,6685060,2019-02-16 07:35:18,btc,20007457.49271481,0.0,0.00000001,btc,38975741.48291704,1.998001998e-07,0.04101545,43
0,[],17,[],2019-02-16 06:45:24,0.0,0,0,6684861,2019-02-16 06:45:24,btc,0.0,0.0,0,btc,0.0,0.0,0.0,43
1,[],12,[],2019-02-16 07:35:19,697012.0,0.00000005,0.0000000000018083499999999999,6685061,2019-02-16 07:35:19,btc,11115166.704810422,0.0,0.00000005,btc,1033538.31470526,0.0004495083005003,0.01810515,44
1,[],4,[],2019-02-16 07:35:21,225468816.7703339,0.00000002,0.00000000000072334,6685062,2019-02-16 07:35:21,btc,0.18828901692405342,0.0,0.00000002,"btc,ltc",4551695.85245401,0.00011048,0.43049966463573586,49
0,[],4,[],2019-02-16 07:35:23,0.0,0,0,6685063,2019-02-16 07:35:23,,4.645173508333672,0.0,0,,3671342430.019857,0.0,0.0,52
0,[],22,[],2019-02-16 07:35:26,0.0,0,0,6685064,2019-02-16 07:35:26,,8108.82536305,0.0,0,,262751443.67882353,0.0,0.0,57
0,[],27,[],2019-02-16 07:35:30,0.0,0,0,6685065,2019-02-16 07:35:30,,0.0,0.0,0,"btc,eth",0.0,0.0,0.0,57
0.0000000001202966,[],4,[],2019-02-16 07:35:31,1030242642.6086639,4.811864e-18,1.7403068528799998e-22,6685066,2019-02-16 07:35:31,ltc,3.272209002556299,0.0,0.00000004,ltc,898161620.2067671,0.0,2.88314687256666e-09,58
1,[],12,[],2019-02-16 07:35:33,1753268380.843957,0.0000000005,0.0000000000000180835,6685067,2019-02-16 07:35:33,btc,724045491618.9191,0.0,0.0000000005,btc,3720705882.358657,0.06067271195581777,0.5916935767011392,58
0,[],17,[],2019-02-16 07:35:44,0.0,0,0,6685068,2019-02-16 07:35:44,btc,1e+24,0.0,0,btc,41401875.8285055,0.0,0.0,58
0.0000000001301895,[],22,[],2019-02-16 07:35:48,137438.0,1.301895e-18,4.7085636465e-23,6685069,2019-02-16 07:35:48,XMR,69.8835922,0.0,0.00000001,XMR,9887963.0,0.0,0.00137438,58
1,[],5,[],2019-02-16 07:35:50,5.4e-06,0.00000051,0.00000000001844517,6685070,2019-02-16 07:35:50,btc,0.23562286,0.10059989,0.00000051,btc,0.0001164,0.0,0.1022815,61
1,[],22,[],2019-02-16 07:35:55,5149.5,0.00000011,0.00000000000397837,6685071,2019-02-16 07:35:55,BTC,1002.29598212,0.0,0.00000011,BTC,14957.700278135757,0.0,0.00051596,61
1,[],26,[],2019-02-16 07:35:56,0.0,0.00000800,0.00000000028933599999999997,6685072,2019-02-16 07:35:56,btc,0.0,0.0,0.00000800,btc,0.0,0.0,0.0,61
1,[],27,[],2019-02-16 07:35:59,18353.8823,0.00000034,0.00000000001229678,6685073,2019-02-16 07:35:59,btc,2.272203662692619,0.0,0.00000034,"btc,eth",14544.09679279,0.0,0.0004563899836937905,61
1,[],28,[],2019-02-16 07:36:05,19894.304,0.00000091,0.00000000003291197,6685074,2019-02-16 07:36:05,btc,2.056360193700105,817.0,0.00000091,btc,9767.52450005,0.0,0.00993521304,61
1,[],4,[],2019-02-16 07:36:07,538661.36394975,0.00000336,0.00000000012152111999999998,6685075,2019-02-16 07:36:07,btc,1.4322525602154077,0.0,0.00000336,btc,340739.02534462,0.46136532,1.2168992988363376,67
0.0,[],25,[],2019-02-16 07:36:08,0.0,0,0,6685076,2019-02-16 07:36:08,,0.0,0.0,0.0,btc,0.0,0.0,0.0,67
1,[],12,[],2019-02-16 07:36:10,3419525.66904669,0.00000015,0.00000000000542505,6685077,2019-02-16 07:36:10,btc,11115996.403609121,0.0,0.00000015,btc,1937417.95355413,0.0112624430892659,0.1279828758528769,71
,[],5,[],2018-11-20 23:02:39,1.5e-07,0.00000005,0.000000000002128045,4862160,2018-11-20 23:02:39,btc,2.84511358,0.0,,btc,0.00036572,0.0,0.07381892,74
1,[],5,[],2019-02-16 07:36:11,3.049e-05,0.00000156,0.00000000005642052,6685078,2019-02-16 07:36:11,btc,1.5424315,0.0,0.00000156,btc,0.00016981,0.0,0.30484564,75
1,[],4,[],2019-02-16 07:36:12,29738604.75692337,0.00000001,0.00000000000036167,6685079,2019-02-16 07:36:12,btc,0.8487078482018892,0.0,0.00000001,btc,15390342.79181637,0.0146539,0.2973860475692337,81
0,[],20,[],2019-01-25 09:30:31,0.0,0,0,6495923,2019-01-25 09:30:31,btc,0.0,0.0,0,btc,0.0,0.0,0.0,81
1,[],4,[],2019-02-16 07:36:14,24094.29740044,0.00007700,0.000000002784859,6685080,2019-02-16 07:36:14,btc,1.3229706138088464,0.0,0.00007700,btc,11224.16827851,0.00336926,0.1125706519539965,82
1,[],21,[],2019-02-16 07:36:15,137299.9099664,0.00007941999999999999515672144401,0.00000000287238314,6685081,2019-02-16 07:36:15,btc,2.9963281731936995,3683.6641099,0.00007941999999999999515672144401179366468568332493305206298828125,btc,33317.13980171,0.29112032,2.3407403236111772,82
0,[],17,[],2019-02-16 07:36:26,0.0,0,0,6685082,2019-02-16 07:36:26,btc,0.0447233088476774,0.0,0,btc,999127.19588126,0.0,0.0,84
0.0000000001202966,[],4,[],2019-02-16 07:36:27,153536170.71431544,8.420761999999999e-18,3.04553699254e-22,6685083,2019-02-16 07:36:27,ltc,0.19569063271030745,0.0,0.00000007,ltc,103123284.2674798,0.0,7.30411636820359e-10,85
,[],22,[],2018-11-20 23:09:34,3408.1,0.0000001,0.0000000000041895,4862324,2018-11-20 23:09:34,BTC,0.04624735,0.0,,BTC,4990.0,0.0,0.00033081,86
0,[],22,[],2019-02-16 07:36:30,0.0,0,0,6685084,2019-02-16 07:36:30,,2.0760781,0.0,0,,140622.94736842104,0.0,0.0,87
0,[],27,[],2019-02-16 07:36:33,0.0,0,0,6685085,2019-02-16 07:36:33,,0.0,0.0,0,btc,0.0,0.0,0.0,87
,[],2,[],2018-11-20 23:10:47,0.0,0,0,4862359,2018-11-20 23:10:47,,0.0,0.0,,,0.0,0.0,0.0,88
1,[],11,[],2019-02-16 07:36:34,96262.20877928,0.00014307999999999999212775547707821033327491022646427154541015625,0.00000000517477436,6685086,2019-02-16 07:36:34,btc,609.4031130742384,27.0,0.00014307999999999999212775547707821033327491022646427154541015625,btc,90936.96051237,0.0,6.475265805564646,89
0,[],17,[],2019-02-16 06:33:08,0.0,0,0,6684684,2019-02-16 06:33:08,btc,0.0,0.0,0,btc,0.0,0.0,0.0,91
0,[],2,[],2019-01-20 23:31:45,0.0,0,0,6477083,2019-01-20 23:31:45,,0.0,0.0,0,,0.0,0.0,0.0,91
1,[],12,[],2019-02-16 07:36:35,437267.59182689997,0.00000206000000000000018206681821897330308956952649168670177459716796875,0.00000000007450402000000001,6685087,2019-02-16 07:36:35,btc,4.175704180951326,0.0,0.00000206000000000000018206681821897330308956952649168670177459716796875,btc,46802.07623039,0.0007295358257456,0.0608713966729735,91
0.0000000001202966,[],22,[],2019-02-16 07:36:39,4525000.0,4.811864e-18,1.7403068528799998e-22,6685088,2019-02-16 07:36:39,LTC,8.12129807,0.0,0.00000004,LTC,66745238.1,0.0,0.14575,95
0,[],17,[],2019-02-16 06:33:18,0.0,0,0,6684688,2019-02-16 06:33:18,btc,0.0,0.0,0,btc,0.0,0.0,0.0,96
0.0000000001202966,[],4,[],2019-02-16 07:36:40,135477733.32021454,9.2628382e-17,3.3500906917939997e-21,6685089,2019-02-16 07:36:40,ltc,0.5974636954900815,0.0,0.00000077,ltc,35572789.34088232,0.0,1.1274244051897775e-09,96
1,[],12,[],2019-02-16 07:36:40,309939.0,0.00000001,0.00000000000036167,6685090,2019-02-16 07:36:40,btc,255052.49768129003,0.0,0.00000001,btc,8744229.55375598,0.0020827598601398,0.00309939,96
1,[],4,[],2019-02-16 07:36:52,1728008.8407689,0.00000034,0.00000000001229678,6685091,2019-02-16 07:36:52,btc,0.2237767686512105,0.0,0.00000034,btc,482850.40453429,0.02081512,0.1983227013923274,99
0,[],2,[],2019-01-20 23:23:55,0.0,0,0,6476914,2019-01-20 23:23:55,,0.0,0.0,0,,0.0,0.0,0.0,100
1,[],4,[],2019-02-16 07:36:53,211838.65976603,0.00004045,0.00000000146295515,6685092,2019-02-16 07:36:53,btc,1.2083893238689334,0.0,0.00004045,btc,26852.8861538,0.74259757,1.8072694325094856,100
1,[],22,[],2019-02-16 07:36:57,50000.0,0.00000001,0.00000000000036167,6685093,2019-02-16 07:36:57,BTC,23.49896609,0.0,0.00000001,BTC,10277.22,0.0,0.0005,101
1,[],4,[],2019-02-16 07:36:59,314101.36479231,0.00000091,0.00000000003291197,6685094,2019-02-16 07:36:59,btc,0.424568071324793,0.0,0.00000091,btc,170049.0466432,0.01634814,0.1555404548932703,103
1,[],12,[],2019-02-16 07:37:02,43866536.9183887,0.000000017,0.000000000000614839,6685095,2019-02-16 07:37:02,btc,137278887.44485486,0.0,0.000000017,btc,123179432.58645469,0.05408859594789748,0.1763796361462192,105
1,[],27,[],2019-02-16 07:37:05,3997411.89,0.00000001,0.00000000000036167,6685096,2019-02-16 07:37:05,btc,0.2584456013692299,16421.0,0.00000001,btc,307023.47860553,0.00016421,0.0399741189,105
0,[],22,[],2019-02-16 07:37:08,0.0,0,0,6685097,2019-02-16 07:37:08,,51.10825004,0.0,0,,468935.0,0.0,0.0,107
1,[],26,[],2019-02-16 07:37:08,0.0,0.00000000,0,6685098,2019-02-16 07:37:08,btc,0.0,0.0,0.00000000,btc,0.0,0.0,0.0,107
1,[],5,[],2019-02-16 07:37:09,1e-08,0.00000001,0.00000000000036167,6685099,2019-02-16 07:37:09,btc,2.89809852,1.446e-05,0.00000001,btc,1.571e-05,0.0,0.08578646,112
1,[],22,[],2019-02-16 07:37:13,167093.0,0.00000001,0.00000000000036167,6685100,2019-02-16 07:37:13,BTC,2.81183288,0.0,0.00000001,BTC,808524.0833333334,0.0,0.00167093,112
0,[],27,[],2019-02-16 07:37:19,0.0,0,0,6685101,2019-02-16 07:37:19,,1.35132491849924,0.0,0,"btc,eth",1328.641654,0.0,0.0,112
1,[],4,[],2019-02-16 07:37:19,460311.11169287,0.00000341,0.00000000012332947,6685102,2019-02-16 07:37:19,btc,0.3239886903158719,0.0,0.00000341,btc,70068.13147215,0.47827992,0.2036471238459854,113
1,[],5,[],2019-02-16 07:37:21,1.292e-05,0.00000303,0.00000000010958600999999999,6685103,2019-02-16 07:37:21,btc,2.3116968,0.02042109,0.00000303,btc,0.00346846,0.0,0.21499655,113
1,[],17,[],2019-02-16 07:37:22,152738.278,0.00000004,0.00000000000144668,6685104,2019-02-16 07:37:22,btc,1.33680302678,0.0,0.00000004,btc,50696.221,0.0,0.0022095311199999998,116
0,[],27,[],2019-02-16 07:37:25,0.0,0,0,6685105,2019-02-16 07:37:25,,0.0,0.0,0,btc,0.0,0.0,0.0,116
1,[],4,[],2019-02-16 07:37:26,25877.02697967,0.00003194,0.00000000115517398,6685106,2019-02-16 07:37:26,btc,0.711350173946495,0.0,0.00003194,btc,20149.32244257,4.71720861,0.6427543645911056,120
1,[],7,[],2019-02-16 07:37:28,18680.91104959,0.00002911000000000000081088781522797859224738203920423984527587890625,0.00000000105282137,6685107,2019-02-16 07:37:28,btc,115647.1858581099,258.94368196,0.00002911000000000000081088781522797859224738203920423984527587890625,btc,29362.59191667,0.00781107,0.0798873169681351,120
1,[],20,[],2019-02-16 07:37:32,1091567.9666,0.000000015,0.000000000000542505,6685108,2019-02-16 07:37:32,btc,31.5529793801051,2860.7,0.000000015,btc,1168796.9594,4.29105e-05,0.0052152547171,125
1,[],22,[],2019-02-16 07:37:36,3053.0,0.00000001,0.00000000000036167,6685109,2019-02-16 07:37:36,BTC,0.01444889,0.0,0.00000001,BTC,296264.5111111111,0.0,3.053e-05,126
0,[],2,[],2019-01-20 23:25:46,0.0,0,0,6476969,2019-01-20 23:25:46,,0.0,0.0,0,,0.0,0.0,0.0,131
1,[],4,[],2019-02-16 07:37:37,122709.21250561,0.00001914,0.00000000069223638,6685110,2019-02-16 07:37:37,btc,1.1117092585920003,0.0,0.00001914,btc,41706.41564028,1.00750571,0.9949188164407676,131
0,[],17,[],2019-02-16 07:37:39,0.0,0,0,6685111,2019-02-16 07:37:39,btc,0.0009561751951600001,0.0,0,btc,35.42829368,0.0,0.0,131
1,[],4,[],2019-02-16 07:37:40,4551.75272235,0.00016398,0.00000000593066466,6685112,2019-02-16 07:37:40,btc,1.6421815711089056,0.0,0.00016398,btc,308.40189166,0.00047028,0.0081116710187887,135
1,[],3,[],2019-02-16 07:37:41,1762573.20571841,0.00000005,0.0000000000018083499999999999,6685113,2019-02-16 07:37:41,btc,0.12130838798459699,4019.0,0.00000005,btc,412754.65066186996,0.0,0.064474815113701,136
1,[],4,[],2019-02-16 07:37:42,76733.67909937,0.00000176,0.00000000006365392,6685114,2019-02-16 07:37:42,btc,0.132705329071348,0.0,0.00000176,btc,59948.81230457,0.1194007,0.0960028696594408,137
1,[],12,[],2019-02-16 07:37:43,333118.50229752,0.000001619999999999999947867764839293247547402643249370157718658447265625,0.00000000005859053999999999,6685115,2019-02-16 07:37:43,btc,11982.94655139473,0.0,0.000001619999999999999947867764839293247547402643249370157718658447265625,btc,158168.95783346,0.0335906434035221,0.0854280699999702,137
1,[],4,[],2019-02-16 07:37:44,524227.84891696,0.00004907,0.00000000177471469,6685116,2019-02-16 07:37:44,btc,0.7259629652270667,0.0,0.00004907,btc,10873.30874511,1.21616181,0.6128971050520851,142
1,[],5,[],2019-02-16 07:37:45,0.00163795,0.00005070,0.0000000018336669,6685117,2019-02-16 07:37:45,btc,1.27007146,1.77390568,0.00005070,btc,0.00340933,0.0,1.03684628,142
1,[],17,[],2019-02-16 07:37:47,22967.386363640002,0.00000088,0.00000000003182696,6685118,2019-02-16 07:37:47,btc,20.069913352630007,0.0,0.00000088,btc,2746.079105,0.0,0.0104613000000032,142
1,[],20,[],2019-02-16 07:37:49,133808.0696,0.000036852,0.000000001332826284,6685119,2019-02-16 07:37:49,btc,0.320548624514,4103.6455,0.000036852,btc,2774.3309,0.3147300715486,0.2495393199216,142
1,[],22,[],2019-02-16 07:37:54,1610.354305200341,0.00003220,0.0000000011645774,6685120,2019-02-16 07:37:54,BTC,3.00917232,0.0,0.00003220,BTC,917.9383601288407,0.0,0.0019657,142
0.0,[],25,[],2019-02-16 07:37:55,0.0,0,0,6685121,2019-02-16 07:37:55,,0.0,0.0,0.0,btc,0.0,0.0,0.0,142
1,[],28,[],2019-02-16 07:37:57,77743.0,0.00004500,0.000000001627515,6685122,2019-02-16 07:37:57,btc,0.057261322,1840.0,0.00004500,btc,356.4989,0.0,0.0519372,142
0,[],22,[],2019-02-16 07:38:00,0.0,0,0,6685123,2019-02-16 07:38:00,,67.4285069,0.0,0,,834770972.3,0.0,0.0,143
1,[],21,[],2019-02-16 07:38:01,34624506.11042317,0.00000028,0.00000000001012676,6685124,2019-02-16 07:38:01,btc,41.59501537061088,2463457.44190798,0.00000028,btc,83805090.73209658,0.69141012,5.316482516666609,145
0,[],22,[],2019-02-16 07:38:04,0.0,0,0,6685125,2019-02-16 07:38:04,,4.24982284,0.0,0,,1814156.0,0.0,0.0,146
,[],22,[],2018-11-20 23:01:11,0.0,0,0,4862114,2018-11-20 23:01:11,,2.56807021,0.0,,,61828.4988236,0.0,0.0,147
1,[],12,[],2019-02-16 07:38:06,8678946.65015319,0.000003019999999999999884515121395534009707262157462537288665771484375,0.00000000010922434,6685126,2019-02-16 07:38:06,btc,16.583834684934093,0.0,0.000003019999999999999884515121395534009707262157462537288665771484375,btc,122512.67148634,0.0003959865734165,0.1083538800000051,148
1,[],4,[],2019-02-16 07:38:07,223215.34350516,0.00000034,0.00000000001229678,6685127,2019-02-16 07:38:07,btc,0.7783749029737815,0.0,0.00000034,btc,591310.33703653,0.0,0.0547157791080214,152
0,[],22,[],2019-02-16 07:38:10,0.0,0,0,6685128,2019-02-16 07:38:10,,0.0,0.0,0,,0.0,0.0,0.0,152
1,[],5,[],2019-02-16 07:38:12,0.0,0,0,6685129,2019-02-16 07:38:12,btc,10.61570492,0.0,0,btc,0.00092785,0.0,0.0,153
,[],16,[],2019-01-11 15:38:59,0.0,0,0,6366141,2019-01-11 15:38:59,btc,0.0,0.0,,btc,0.0,0.0,0.0,155
0,[],23,[],2019-01-20 23:24:29,0.0,0,0,6476932,2019-01-20 23:24:29,,0.0,0.0,0,,0.0,0.0,0.0,156
0,[],22,[],2019-02-16 07:38:16,0.0,0,0,6685130,2019-02-16 07:38:16,,6.74608761,0.0,0,,4644402.242592593,0.0,0.0,156
1,[],22,[],2019-02-16 07:38:21,7063.8,0.00005300,0.000000001916851,6685131,2019-02-16 07:38:21,BTC,43.78801181,0.0,0.00005300,BTC,1067.5805334758436,0.0,0.00104326,157
0,[],22,[],2019-02-16 07:38:23,0.0,0,0,6685132,2019-02-16 07:38:23,,50175.68008609,0.0,0,,54479136.04179466,0.0,0.0,158
,[],17,[],2018-11-20 22:56:10,0.0,0,0,4861976,2018-11-20 22:56:10,btc,1.1265625,0.0,,btc,1000.0,0.0,0.0,159
,[],20,[],2018-11-20 22:56:12,0.0,0,0,4861977,2018-11-20 22:56:12,btc,11912.7940471,0.0,,btc,34413894.3617,0.0,0.0,159
1,[],12,[],2019-02-16 07:38:24,178412.8311192,0.0000070099999999999997992512941469289700080480542965233325958251953125,0.00000000025353067,6685133,2019-02-16 07:38:24,btc,6.65936629848822,0.0,0.0000070099999999999997992512941469289700080480542965233325958251953125,btc,14755.10974252,0.0062843958007262,0.08079506390001459,168
1,[],17,[],2019-02-16 07:38:36,29784.95,0.000001,0.000000000036166999999999996,6685134,2019-02-16 07:38:36,btc,0.03026736251542,0.0,0.000001,btc,144.46171372,0.0,0.00716147,168
0,[],22,[],2019-02-16 07:38:39,0.0,0,0,6685135,2019-02-16 07:38:39,,1.14776715,0.0,0,,721548.0900917595,0.0,0.0,169
1,[],22,[],2019-02-16 07:38:42,226551.0,0.0000002,0.0000000000072333999999999995,6685136,2019-02-16 07:38:42,BTC,11.32505976,0.0,0.0000002,BTC,116787.38221127313,0.000681,0.02081536,171
1,[],22,[],2019-02-16 07:38:46,218688.41176470587,0.00000017,0.00000000000614839,6685137,2019-02-16 07:38:46,BTC,2.65566473,0.0,0.00000017,BTC,255792.88360703012,4.005e-05,0.01631019,173
1,[],5,[],2019-02-16 07:38:49,2.249e-05,0.00000188,0.00000000006799396,6685138,2019-02-16 07:38:49,btc,0.25086399,0.00675912,0.00000188,btc,0.00023305,0.0,0.32024362,175
1,[],22,[],2019-02-16 07:38:53,15935.0,0.00000035,0.00000000001265845,6685139,2019-02-16 07:38:53,BTC,0.56690807,0.0,0.00000035,BTC,166393.47031396697,0.000126,0.00170225,176
0,[],2,[],2019-01-20 23:28:34,0.0,0,0,6477001,2019-01-20 23:28:34,,0.0,0.0,0,,0.0,0.0,0.0,178
1,[],7,[],2019-02-16 07:38:56,0.0,0,0,6685140,2019-02-16 07:38:56,btc,410974.96017899347,0.0,0,btc,115545110.28145695,0.0,0.0,178
0,[],22,[],2019-02-16 07:38:58,0.0,0,0,6685141,2019-02-16 07:38:58,,1.00242428,0.0,0,,57512.0,0.0,0.0,178
0,[],23,[],2019-01-20 23:25:08,0.0,0,0,6476952,2019-01-20 23:25:08,,0.0,0.0,0,,0.0,0.0,0.0,179
1,[],5,[],2019-02-16 07:39:00,3e-08,0.00000002,0.00000000000072334,6685142,2019-02-16 07:39:00,btc,30.30986428,0.00147618,0.00000002,btc,2.088e-05,0.0,0.68630775,179
1,[],22,[],2019-02-16 07:39:04,7779285.0,0.00000002,0.00000000000072334,6685143,2019-02-16 07:39:04,BTC,5.48629708,0.0,0.00000002,"BTC,LTC",17843614.676989965,0.0,0.38284554,179
1,[],17,[],2019-02-16 07:39:16,10504.725,0.0000001,0.0000000000036166999999999997,6685144,2019-02-16 07:39:16,btc,5.201913593507951,0.0,0.0000001,btc,5427.1328087,0.0,0.0010504725,180
1,[],22,[],2019-02-16 07:39:28,129205.4,0.0000005,0.000000000018083499999999998,6685145,2019-02-16 07:39:28,BTC,0.12863238,0.0,0.0000005,"BTC,LTC",23676.046542727305,0.0,0.00160544,180
1,[],26,[],2019-02-16 07:39:28,0.0,0.00000225,0.00000000008137575,6685146,2019-02-16 07:39:28,btc,0.0,1299.0194,0.00000225,btc,0.0,0.0,0.0,180
,[],7,[],2018-11-20 22:58:01,562227.975654,0.00000085,0.000000000036176765,4862015,2018-11-20 22:58:01,btc,21836.6059674,2491.87645172,,btc,749999.041456,0.00211021,0.127565380455,183
,[],5,[],2019-01-10 08:11:41,0.0,0,0,6347036,2019-01-10 08:11:41,btc,82.15055501,0.00261,,btc,1.19002445,0.0,0.0,187
,[],17,[],2018-11-16 20:58:10,4062536.27273,0.00000001,0.000000000000550501,4708775,2018-11-16 20:58:10,btc,3.36492563466,0.195460381006,,"btc,eth",110697919.549,0.0,0.0157628953496,187
1,[],24,[],2019-02-16 07:39:28,0.0,0.000000000001,3.6167e-17,6685147,2019-02-16 07:39:28,btc,0.0,0.0,0.000000000001,btc,0.0,0.0,0.0,187
0,[],22,[],2019-02-16 07:39:31,0.0,0,0,6685148,2019-02-16 07:39:31,,1.19377283,0.0,0,,16434.10286773884,0.0,0.0,191
0,[],22,[],2019-02-16 07:39:36,0.0,0,0,6685149,2019-02-16 07:39:36,,0.0,0.0,0,,0.0,0.0,0.0,197
0,[],23,[],2019-01-20 23:31:41,0.0,0,0,6477079,2019-01-20 23:31:41,,0.0,0.0,0,,0.0,0.0,0.0,199
0,[],22,[],2019-02-16 07:39:38,0.0,0,0,6685150,2019-02-16 07:39:38,,5.15195517,0.0,0,,19804684.0,0.0,0.0,199
1,[],26,[],2019-02-16 07:39:39,0.0,0.00000000,0,6685151,2019-02-16 07:39:39,btc,0.0,771089.0,0.00000000,btc,0.0,0.0,0.0,199
0,[],17,[],2019-01-30 16:32:01,0.0,0,0,6540827,2019-01-30 16:32:01,btc,6.802544163788159,0.0,0,btc,105897.55575295,0.0,0.0,200
0,[],2,[],2019-01-20 23:30:49,0.0,0,0,6477059,2019-01-20 23:30:49,,0.0,0.0,0,,0.0,0.0,0.0,201
1,[],4,[],2019-01-25 15:51:35,2084389.58565343,0.00000936,0.000000000333526752,6499557,2019-01-25 15:51:35,btc,2.0092503037378524,0.0,0.00000936,btc,160195.80207885,0.19272417,1.242687955921835,211
1,[],7,[],2019-02-16 07:39:41,5781684.60834493,0.000001390000000000000032391082004090687718189656152389943599700927734375,0.00000000005027213,6685152,2019-02-16 07:39:41,btc,15450816.473421536,564997.886107,0.000001390000000000000032391082004090687718189656152389943599700927734375,btc,11169171.62568718,0.0,4.399251625959244,212
1,[],12,[],2019-01-25 02:44:32,207462.42853209,0.000001080000000000000035831255497387193287295303889550268650054931640625,0.000000000038610756000000006,6493050,2019-01-25 02:44:32,btc,85023.03793723314,0.0,0.000001080000000000000035831255497387193287295303889550268650054931640625,btc,43675.73520027,0.000146250909087,0.0348620860622024,213
1,[],5,[],2019-02-16 07:39:43,3.61e-06,0.00000030,0.0000000000108501,6685153,2019-02-16 07:39:43,btc,0.96322013,0.13570021,0.00000030,btc,2.899e-05,0.0,0.17079726,213
1,[],24,[],2019-02-16 07:39:43,0.0,0.000000050000,0.0000000000018083499999999999,6685154,2019-02-16 07:39:43,btc,0.0,0.0,0.000000050000,btc,0.0,0.0,0.0,213
1,[],26,[],2019-02-16 07:39:43,0.0,0.00000009,0.0000000000032550299999999997,6685155,2019-02-16 07:39:43,btc,0.0,0.0,0.00000009,btc,0.0,0.0,0.0,213
0,[],22,[],2019-02-16 07:39:46,0.0,0,0,6685156,2019-02-16 07:39:46,,2.19098235,0.0,0,,178699.63137942314,0.0,0.0,216
1,[],27,[],2019-02-16 07:39:51,5201657.5615,0.00000004,0.00000000000144668,6685157,2019-02-16 07:39:51,btc,257.4697367606,0.0,0.00000004,"btc,ltc",272641.975,0.0,0.05463726246,216
1,[],22,[],2019-02-16 07:39:56,210278.4204093028,0.00000226,0.00000000008173742,6685158,2019-02-16 07:39:56,BTC,12677.09778184,0.0,0.00000226,BTC,443231.9101516342,0.03186663,0.24258281,217
1,[],7,[],2019-02-16 07:39:58,0.0,0,0,6685159,2019-02-16 07:39:58,btc,77970.05108413911,0.0,0,btc,137041561.1214003,0.0,0.0,219
0,[],27,[],2019-02-16 07:40:01,0.0,0,0,6685160,2019-02-16 07:40:01,,5.341833788316972,6000.0,0,btc,1599140.99226595,6e-05,0.0,219
0.0000000000000052,[],28,[],2019-02-16 07:40:03,168558258.235,2.34e-18,8.463078e-23,6685161,2019-02-16 07:40:03,doge,83962.3748390675,100231.365,0.00045000,"btc,doge",4737338.69631,0.0,1.1358536013062733e-11,219
1,[],22,[],2019-02-16 07:40:08,199617.6,0.00000012,0.00000000000434004,6685162,2019-02-16 07:40:08,BTC,2.99580053,0.0,0.00000012,BTC,88042.47041875875,0.03320137,0.02102216,221
1,[],24,[],2019-02-16 07:40:08,0.0,0.000000210000,0.000000000007595069999999999,6685163,2019-02-16 07:40:08,btc,0.0,0.0,0.000000210000,btc,0.0,0.0,0.0,221
1,[],20,[],2019-02-16 07:40:12,51534578.4223,0.000000003,0.000000000000108501,6685164,2019-02-16 07:40:12,btc,49.8537454723241,392648.8657,0.000000003,btc,9940161.5413,0.0011779465971,0.0528133674835,224
0,[],22,[],2019-02-16 07:40:14,0.0,0,0,6685165,2019-02-16 07:40:14,,0.0,0.0,0,,0.0,0.0,0.0,224
1,[],26,[],2019-02-16 07:40:15,0.0,0.00000033,0.00000000001193511,6685166,2019-02-16 07:40:15,btc,0.0,0.0,0.00000033,btc,0.0,0.0,0.0,231
1,[],26,[],2019-02-16 07:40:15,0.0,0.00000006,0.00000000000217002,6685167,2019-02-16 07:40:15,btc,0.0,3970.0,0.00000006,btc,0.0,0.0,0.0,234
0,[],27,[],2019-02-16 07:42:15,0.0,0,0,6685168,2019-02-16 07:42:15,,0.0113483662182,0.0,0,btc,11462.99618,0.0,0.0,234
0,[],22,[],2019-02-16 07:42:18,0.0,0,0,6685169,2019-02-16 07:42:18,,2.86131091,0.0,0,,99375782.06349206,0.0,0.0,235
1,[],4,[],2019-02-16 07:42:19,1387045.89517027,0.00000101,0.00000000003652867,6685170,2019-02-16 07:42:19,btc,0.3921893899610505,0.0,0.00000101,btc,237721.55478026,0.19374577,0.4464683654694589,236
1,[],24,[],2019-02-16 07:42:19,0.0,0.000000020010,0.00000000000072370167,6685171,2019-02-16 07:42:19,btc,0.0,0.0,0.000000020010,btc,0.0,0.0,0.0,236
1,[],20,[],2019-02-16 07:42:21,72071366.1242,0.000000073,0.000000000002640191,6685172,2019-02-16 07:42:21,btc,15.5164592370974,29922136.9075,0.000000073,btc,30393616.4786,2.241884830096,0.7359053137939,237
1,[],22,[],2019-02-16 07:42:26,136267.0,0.00000004,0.00000000000144668,6685173,2019-02-16 07:42:26,BTC,0.0405823,0.0,0.00000004,"BTC,LTC",3164.0,0.0,0.00541601,237
1,[],4,[],2019-02-16 07:42:27,4119812.55144109,0.00000033,0.00000000001193511,6685174,2019-02-16 07:42:27,btc,0.4261612057482152,0.0,0.00000033,btc,1156445.59383156,0.19748198,1.2354467066538506,238
1,[],5,[],2019-02-16 07:42:28,4.25e-06,0.00000033,0.00000000001193511,6685175,2019-02-16 07:42:28,btc,0.73852131,0.00314448,0.00000033,btc,2.957e-05,0.0,0.30422474,238
0,[],22,[],2019-02-16 07:42:31,0.0,0,0,6685176,2019-02-16 07:42:31,,1951.15978688,0.0,0,,366433.0639027493,0.0,0.0,249
0.0000000001202966,[],22,[],2019-02-16 07:42:35,7025765.666666667,3.6088979999999995e-18,1.30523013966e-22,6685177,2019-02-16 07:42:35,LTC,0.56670218,0.0,0.00000003,LTC,15147487.09,0.0,0.20977599,252
1,[],28,[],2019-02-16 07:42:36,3649212.286,0.00000009,0.0000000000032550299999999997,6685178,2019-02-16 07:42:36,btc,164693.69160535216,73929.6,0.00000009,btc,1038484.2751,0.0,0.1990666963,256
1,[],22,[],2019-02-16 07:42:41,1507961.0,0.00000003,0.00000000000108501,6685179,2019-02-16 07:42:41,BTC,30.16036281,0.0,0.00000003,BTC,433169.92423192423,0.00052059,0.04409355,258
1,[],22,[],2019-02-16 07:42:44,49651.0,0.00000002,0.00000000000072334,6685180,2019-02-16 07:42:44,BTC,2.629917,0.0,0.00000002,BTC,1762.0,0.0,0.00050551,259
1,[],22,[],2019-02-16 07:42:49,10541.315483870967,0.00001550,0.0000000005605885,6685181,2019-02-16 07:42:49,BTC,1293.01329306,0.0,0.00001550,"BTC,LTC",5400.873155451243,0.01082127,0.01427504,262
1,[],5,[],2019-02-16 07:42:50,1.467e-05,0.00000134,0.00000000004846378,6685182,2019-02-16 07:42:50,btc,0.73479546,0.1419995,0.00000134,btc,0.00031078,0.0,0.19015598,264
1,[],20,[],2019-02-16 07:42:52,1180703.2966,0.000001201,0.000000000043436566999999996,6685183,2019-02-16 07:42:52,btc,4.944828463919,152453.204,0.000001201,btc,93303.1157,0.446722259837,0.0480059159496,264
1,[],22,[],2019-02-16 07:42:56,73606.5,0.00000002,0.00000000000072334,6685184,2019-02-16 07:42:56,BTC,8.41108046,0.0,0.00000002,BTC,382316.05885485065,0.000435,0.0009745,271
0,[],22,[],2019-02-16 07:42:59,0.0,0,0,6685185,2019-02-16 07:42:59,,388.44178703,0.0,0,,15473097515.9,0.0,0.0,272
0.0000000000000052,[],28,[],2019-02-16 07:43:00,199858472879.587,4.16e-21,1.5045471999999999e-25,6685186,2019-02-16 07:43:00,doge,441289160.75729996,57148302962.229,0.0000008,doge,212535818991.1996,0.0,5.057090579544376e-10,272
1,[],22,[],2019-02-16 07:43:06,11536.8,0.00000300,0.000000000108501,6685187,2019-02-16 07:43:06,BTC,74.23665323,0.0,0.00000300,"BTC,LTC",4176.472393808166,0.03365781,0.01645072,281
