pairValue,buyBook,exchangeId,sellBook,updated,buyTotal,satoshiPrice,usdPrice,exchangeLogId,created,bestPair,sellTotalBtc,volume,pairPrice,activePairs,sellTotal,volumeBtc,buyTotalBtc,coinId
1,[],3,[],2019-05-28 09:37:13,69.61220618885,0.01072496000000000039575898114208030165173113346099853515625,0.0000009341118411200002,7699968,2019-05-28 09:37:13,btc,34.7703167084937,47.8521282516,0.01072496000000000039575898114208030165173113346099853515625,btc,24.05473374741,0.0,0.3171586812575029,1
1,[],4,[],2019-05-28 09:37:13,207673.75329529,0.01103606,0.00000096120771782,7699969,2019-05-28 09:37:13,btc,7.9918122887849545,0.0,0.01103606,btc,327.88050031,2.30518184,0.5100772275239763,1
1,[],5,[],2019-05-28 09:37:16,0.0,0,0,7699970,2019-05-28 09:37:16,btc,0.0,0.00370555,0,btc,0.0,0.0,0.0,1
1,[],10,[],2019-05-28 09:37:18,309938.39795128,0.00720003,0.0000006271010129100001,7699971,2019-05-28 09:37:18,btc,6521.429224849207,1957.97114903,0.00720003,btc,1340.56777251,0.0,2.3164250038125487,1
1,[],12,[],2019-05-28 09:37:20,80.50072592,0.0111400000000000005961897642237090622074902057647705078125,0.0000009702605800000002,7699972,2019-05-28 09:37:20,btc,0.2086021593392,0.0,0.0111400000000000005961897642237090622074902057647705078125,btc,17.82400852,0.107773914038,0.3470068745792,1
1,[],20,[],2019-05-28 09:37:23,973.0457,0.010262851,0.0000008938635335470001,7699973,2019-05-28 09:37:23,btc,0.5004177412745,0.0,0.010262851,btc,41.6349,0.0,0.1092754845172,1
1,[],21,[],2019-05-28 09:37:24,2213.40828568,0.01118619000000000036909586498,0.0000009742835904300002,7699974,2019-05-28 09:37:24,btc,10.53690962959802,4547.48523651,0.01118619000000000036909586498268254217691719532012939453125,"btc,eth",1380.71882686,45.41632430013666,19.910477804769158,1
1,[],22,[],2019-05-28 09:37:30,0.0025666666666666667,0.00900000,0.0000007838730000000001,7699975,2019-05-28 09:37:30,BTC,0.31629903,0.0,0.00900000,BTC,0.2505752479991019,0.0,2.31e-05,1
1,[],24,[],2019-05-28 09:37:30,0.0,0.000000000000,0,7699976,2019-05-28 09:37:30,btc,0.0,0.0,0.000000000000,btc,0.0,0.0,0.0,1
0.0,[],25,[],2019-05-28 09:37:31,0.0,0,0,7699977,2019-05-28 09:37:31,btc,23.164999998761033,2390.25257185,0.0,btc,1981.04494626,26.115,0.0,1
1,[],26,[],2019-05-28 09:37:33,0.0,0,0,7699978,2019-05-28 09:37:33,,0.0,0.0,0,,0.0,0.0,0.0,1
0,[],28,[],2019-05-28 09:38:13,0.0,0,0,7699979,2019-05-28 09:38:13,,0.0,363958.1522,0,,0.0,0.0,0.0,1
0,[],2,[],2019-01-20 23:28:45,0.0,0,0,6477011,2019-01-20 23:28:45,,0.0,0.0,0,,0.0,0.0,0.0,1
1,[],5,[],2019-05-28 09:38:16,0.0,0,0,7699980,2019-05-28 09:38:16,btc,0.0,0.00044261,0,btc,0.0,0.0,0.0,2
1,[],22,[],2019-05-28 09:38:20,11638.0,0.0000002,0.000000000017419400000000002,7699981,2019-05-28 09:38:20,BTC,21.00897301,0.0,0.0000002,"BTC,XMR",20678.87287795317,0.0,0.00145435,2
1,[],5,[],2019-05-28 09:38:21,0.0,0,0,7699982,2019-05-28 09:38:21,btc,0.0,0.18187731,0,btc,0.0,0.0,0.0,3
1,[],12,[],2019-05-28 09:38:22,2522632.7495862,0.000000105,0.000000000009145185000000001,7699983,2019-05-28 09:38:22,btc,4527.140445847539,0.0,0.000000105,btc,3073931.70729391,0.172326359576,0.2059029493256848,3
0,[],28,[],2019-05-28 09:38:25,0.0,0,0,7699984,2019-05-28 09:38:25,,0.0,0.0,0,,0.0,0.0,0.0,3
0,[],2,[],2019-01-20 23:31:32,0.0,0,0,6477077,2019-01-20 23:31:32,,0.0,0.0,0,,0.0,0.0,0.0,4
1,[],4,[],2019-05-18 21:29:50,562734.9206932,0.00000010,0.000000000007298720000000001,7650946,2019-05-18 21:29:50,btc,41.9347137769675,0.0,0.00000010,btc,1123702.32192634,0.00052462,0.029254593370966,4
0,[],12,[],2019-05-28 07:58:33,0.0,0,0,7699507,2019-05-28 07:58:33,btc,0.415868044995005,0.0,0,btc,1049061.4995005,0.0,0.0,5
1,[],11,[],2019-05-28 09:38:26,5895948.776736,0.00000002,0.0000000000017419400000000001,7699985,2019-05-28 09:38:26,btc,9578.966502573321,3429798.0,0.00000002,btc,66335821.93465396,0.0,0.06232796276736,6
0,[],2,[],2019-01-20 23:31:51,0.0,0,0,6477087,2019-01-20 23:31:51,,0.0,0.0,0,,0.0,0.0,0.0,6
1,[],3,[],2019-05-28 09:38:28,1125.605050173792,0.0000888800000000000028389790518446034184307791292667388916015625,0.000000007741181360000002,7699986,2019-05-28 09:38:28,btc,0.05074899446009663,176.533509258,0.0000888800000000000028389790518446034184307791292667388916015625,btc,174.093433613764,0.0,0.026113328630447085,7
1,[],4,[],2019-05-28 09:38:29,337626.32564053,0.00008254,0.000000007188986380000001,7699987,2019-05-28 09:38:29,btc,9.044668126148077,0.0,0.00008254,btc,56115.26536138,2.76334094,2.658805083073591,7
1,[],5,[],2019-05-28 09:38:30,0.0,0,0,7699988,2019-05-28 09:38:30,btc,0.0,0.54703709,0,btc,0.0,0.0,0.0,7
1,[],20,[],2019-04-07 22:06:50,3201475.0482,0.000000001,0.000000000000051590000000000004,7213932,2019-04-07 22:06:50,btc,30.8005781811902,0.0,0.000000001,btc,23077405.3926,0.0,0.0032014750482,8
1,[],4,[],2019-05-28 09:38:32,21237535.47699847,0.00000050,0.00000000004354850000000001,7699989,2019-05-28 09:38:32,btc,3.3849229189603234,0.0,0.00000050,btc,3148423.05872581,0.30426618,0.5574058950144622,9
0,[],28,[],2019-05-28 09:39:21,0.0,0,0,7699990,2019-05-28 09:39:21,,0.0,3510124.0,0,,0.0,0.0,0.0,9
0,[],2,[],2019-01-20 23:22:42,0.0,0,0,6476876,2019-01-20 23:22:42,,0.0,0.0,0,,0.0,0.0,0.0,9
0,[],23,[],2019-01-20 23:22:48,0.0,0,0,6476878,2019-01-20 23:22:48,,0.0,0.0,0,,0.0,0.0,0.0,9
1,[],1,[],2019-02-17 23:31:42,1822507.21,0.00000181000000000000003456111265232042484285557293333113193511962890625,0.000000000066086901,6701244,2019-02-17 23:31:42,btc,3.6990969245,17153386.5,0.00000181000000000000003456111265232042484285557293333113193511962890625,btc,1997391.71,31.11772986,3.2610482446,9
1,[],4,[],2019-02-17 11:22:43,4341674.27126056,0.00000002,0.0000000000007272960000000001,6696112,2019-02-17 11:22:43,btc,0.1997230937751353,0.0,0.00000002,btc,4109766.79808031,0.00215132,0.0479381022052112,10
1,[],4,[],2019-05-28 09:39:23,8507648.02913793,0.00000050,0.00000000004354850000000001,7699991,2019-05-28 09:39:23,btc,4.828525710379623,0.0,0.00000050,btc,5111880.24565179,0.78121272,1.503581440428425,12
1,[],5,[],2019-05-28 09:39:25,0.0,0,0,7699992,2019-05-28 09:39:25,btc,0.0,0.12514917,0,btc,0.0,0.0,0.0,12
0.0,[],25,[],2019-05-28 09:39:26,0.0,0,0,7699993,2019-05-28 09:39:26,,0.0,0.0,0.0,btc,0.0,0.0,0.0,12
0,[],2,[],2019-01-20 23:23:08,0.0,0,0,6476890,2019-01-20 23:23:08,,0.0,0.0,0,,0.0,0.0,0.0,12
1,[],4,[],2019-05-28 09:39:27,333350.00711151,0.00000568,0.0000000004947109600000001,7699994,2019-05-28 09:39:27,btc,1.9532948780017314,0.0,0.00000568,btc,243395.12147287,0.29324649,0.5044704501267298,13
1,[],10,[],2019-05-28 09:39:29,651269.64727135,0.00000575,0.0000000005008077500000001,7699995,2019-05-28 09:39:29,btc,666803.2960930008,10461.1576579,0.00000575,btc,867138.47144701,0.0,0.2482591173214652,13
1,[],21,[],2019-05-28 09:39:31,2093907.64137733,0.000005810000000000000277070033583,0.00000000050603357,7699996,2019-05-28 09:39:31,btc,2.6076148979952842,794353.79771117,0.00000581000000000000027707003358301562911947257816791534423828125,btc,402917.37912228,4.64724751,8.84527799974401,13
1,[],4,[],2019-05-28 09:39:32,803688.11377898,0.00000079,0.00000000006880663000000001,7699997,2019-05-28 09:39:32,btc,6.035306109447036,0.0,0.00000079,btc,863602.83168132,0.00755731,0.0552792029855264,14
1,[],12,[],2019-05-28 09:39:33,135920.68369504,0.00000077,0.00000000006706469,7699998,2019-05-28 09:39:33,btc,14.134634635153061,0.0,0.00000077,btc,21543.71741965,0.0,0.0152802399999667,14
1,[],26,[],2019-05-28 09:08:44,0.0,0.00000050,0.000000000043624250000000004,7699840,2019-05-28 09:08:44,btc,0.0,0.0,0.00000050,btc,0.0,0.0,0.0,14
0,[],17,[],2019-05-03 00:53:32,0.0,0,0,7558876,2019-05-03 00:53:32,btc,0.0,0.0,0,btc,0.0,0.0,0.0,14
0,[],4,[],2019-05-28 09:08:45,0.0,0,0,7699841,2019-05-28 09:08:45,,0.0,0.0,0,,0.0,0.0,0.0,15
,[],12,[],2018-12-01 15:15:48,204241.84496,0.00000489,0.000000000202473384,5260204,2018-12-01 15:15:48,btc,49.5475654835,0.0,,btc,35763.2193806,0.0163153972027625,0.0203389899998,15
0,[],2,[],2019-01-20 23:23:38,0.0,0,0,6476906,2019-01-20 23:23:38,,0.0,0.0,0,,0.0,0.0,0.0,18
1,[],4,[],2019-05-28 09:08:46,34893.50104563,0.00001122,0.00000000097892817,7699842,2019-05-28 09:08:46,btc,0.9698400677578705,0.0,0.00001122,btc,10948.14963208,0.03290608,0.0831242643262575,18
1,[],10,[],2019-05-28 09:08:48,486769.48062963,0.00001138,0.00000000099288793,7699843,2019-05-28 09:08:48,btc,15.344136677986416,49720.812499,0.00001138,btc,13471.80157007,0.0,0.0751616117380395,18
1,[],12,[],2019-05-28 09:08:49,7490.8143702200005,0.000011800000000000000524818903613333276325647602789103984832763671875,0.0000000010295323000000002,7699844,2019-05-28 09:08:49,btc,0.3988609294496306,0.0,0.000011800000000000000524818903613333276325647602789103984832763671875,btc,1255.93459134,6.5509176e-05,0.0128281968249363,18
0,[],17,[],2019-05-03 00:53:39,0.0,0,0,7558882,2019-05-03 00:53:39,btc,0.0,0.0,0,btc,0.0,0.0,0.0,18
0,[],2,[],2019-01-20 23:24:19,0.0,0,0,6476924,2019-01-20 23:24:19,,0.0,0.0,0,,0.0,0.0,0.0,19
1,[],3,[],2019-05-28 09:10:49,149428.36425163905,0.000008209999999999999321432554710842310896623530425131320953369140625,0.000000000716310185,7699845,2019-05-28 09:10:49,btc,0.1250359716491701,3754.77071591,0.000008209999999999999321432554710842310896623530425131320953369140625,btc,3585.91641638062,0.0,0.0499625139659315,19
1,[],4,[],2019-05-28 09:10:50,590137.77683693,0.00000837,0.0000000007302699450000001,7699846,2019-05-28 09:10:50,btc,3.589498253028447,0.0,0.00000837,btc,162986.34269168,0.3636193,0.6290690222726047,19
1,[],5,[],2019-05-28 09:10:51,0.0,0,0,7699847,2019-05-28 09:10:51,btc,0.0,0.00010395,0,btc,0.0,0.0,0.0,19
1,[],12,[],2019-05-28 09:10:53,15588.60494656,0.000007109999999999999688846986922730053493069135583937168121337890625,0.000000000620336835,7699848,2019-05-28 09:10:53,btc,0.059534706221337,0.0,0.000007109999999999999688846986922730053493069135583937168121337890625,btc,2092.39552447,0.002141891859,0.0291608699997184,19
0,[],27,[],2019-05-28 09:10:59,0.0,0,0,7699849,2019-05-28 09:10:59,,0.0,0.0,0,btc,0.0,0.0,0.0,19
1,[],4,[],2019-05-28 09:11:00,10062076.88478525,0.00000007,0.000000000006107395000000001,7699850,2019-05-28 09:11:00,btc,6.411239436602338,0.0,0.00000007,btc,2322306.93095912,0.0,0.1174938176872809,20
1,[],4,[],2019-05-28 09:11:02,72531683.2473748,0.00000001,0.0000000000008724850000000001,7699851,2019-05-28 09:11:02,btc,1768.0897419398937,0.0,0.00000001,btc,66738003.11973631,0.0015,0.7253168324737481,21
1,[],12,[],2019-05-28 09:11:03,2454254.0,0.00000001,0.0000000000008724850000000001,7699852,2019-05-28 09:11:03,btc,1008.0147310128372,0.0,0.00000001,btc,5931773.6413586205,0.002339738711,0.02454254,21
0,[],17,[],2019-05-03 00:53:51,0.0,0,0,7558891,2019-05-03 00:53:51,btc,0.0,0.0,0,btc,0.0,0.0,0.0,21
1,[],12,[],2019-05-28 09:13:06,4592430779.0,0.0000000003,0.000000000000026174550000000002,7699853,2019-05-28 09:13:06,btc,708147261.3292567,0.0,0.0000000003,btc,2616511441.5404596,0.095692770316,0.9203617652,23
0.00000000030990130000000004,[],27,[],2019-05-28 09:13:13,86356700.47202797,9.297039e-18,8.111527071915001e-22,7699854,2019-05-28 09:13:13,eth,1172.9953952228,463591171.2172827,0.00000003,eth,8251394.028,4.310025199941682e-09,4.2911126058839845e-10,23
1,[],4,[],2019-05-28 09:13:16,1807749.58489256,0.00000021,0.000000000018322185000000002,7699855,2019-05-28 09:13:16,btc,13.475301860318256,0.0,0.00000021,btc,2120498.25364109,0.01394389,0.0567100398024623,24
1,[],22,[],2019-05-28 09:13:21,21.76,0.00000100,0.00000000008724850000000001,7699856,2019-05-28 09:13:21,BTC,7.415e-05,0.0,0.00000100,BTC,23.919354838709676,0.0,1.186e-05,24
0.0,[],25,[],2019-05-28 09:13:23,0.0,0,0,7699857,2019-05-28 09:13:23,,0.0,0.0,0.0,btc,0.0,0.0,0.0,24
1,[],4,[],2019-05-28 09:13:24,288448.95787656,0.00000420,0.0000000003664437,7699858,2019-05-28 09:13:24,btc,9.868748832450091,0.0,0.00000420,btc,254674.48451312,0.13873938,0.099199181295835,26
1,[],10,[],2019-05-28 09:13:26,149556.86654792,0.00000351,0.000000000306242235,7699859,2019-05-28 09:13:26,btc,25.508828503463768,7308.80625577,0.00000351,btc,22959.56181785,0.0,0.030466156479898,26
0,[],2,[],2019-01-20 23:25:56,0.0,0,0,6476976,2019-01-20 23:25:56,,0.0,0.0,0,,0.0,0.0,0.0,26
1,[],5,[],2019-04-26 09:47:06,0.0,0,0,7465326,2019-04-26 09:47:06,btc,0.0,0.0,0,btc,0.0,0.0,0.0,27
1,[],3,[],2019-05-28 09:13:27,10520797.60144003,0.00000001,0.0000000000008724850000000001,7699860,2019-05-28 09:13:27,btc,3.319215788664055,4925879.53413,0.00000001,btc,24187451.02979519,0.0,0.1052079760144003,27
1,[],11,[],2019-05-28 09:13:28,1070969.08157834,0.00000002,0.0000000000017449700000000002,7699861,2019-05-28 09:13:28,btc,67503.03934773499,19676.5543251,0.00000002,btc,6639861.32608848,0.0,0.0107207058157834,27
1,[],4,[],2019-05-28 09:13:29,1144564918.3848825,0.00000001,0.0000000000008724850000000001,7699862,2019-05-28 09:13:29,btc,4.891164675228168,0.0,0.00000001,"btc,ltc",299915684.63162625,0.08988765,7.821613373136246,29
1,[],7,[],2019-05-28 09:13:30,86565332.30740812,0.00000001,0.0000000000008724850000000001,7699863,2019-05-28 09:13:30,btc,46548272.11110343,0.0,0.00000001,btc,35038980.27398593,0.0,0.8656533230740813,29
1,[],4,[],2019-05-28 09:13:31,15161814.27217546,0.00000006,0.00000000000523491,7699864,2019-05-28 09:13:31,btc,2.6931596225518586,0.0,0.00000006,btc,2121866.96538939,0.00010668,0.1658492359941774,30
0,[],17,[],2019-05-03 01:11:25,0.0,0,0,7559066,2019-05-03 01:11:25,btc,0.0,0.0,0,btc,0.0,0.0,0.0,30
1,[],4,[],2019-05-28 09:15:32,117561.82178363,0.00004759,0.0000000041521561150000004,7699865,2019-05-28 09:15:32,btc,3.3339453874105494,0.0,0.00004759,btc,41306.09025377,1.72525221,0.6802294066987709,31
1,[],21,[],2019-05-28 09:15:33,88180.47751864001,0.00004742000000000000338104544362,0.0000000041373238700000004,7699866,2019-05-28 09:15:33,btc,4.000399241622684,574357.10146911,0.0000474200000000000033810454436178360992926172912120819091796875,btc,76458.89852244,27.16907705,3.5116978754142654,31
0,[],2,[],2019-01-20 23:28:43,0.0,0,0,6477009,2019-01-20 23:28:43,,0.0,0.0,0,,0.0,0.0,0.0,32
0,[],4,[],2019-05-28 09:15:35,0.0,0,0,7699867,2019-05-28 09:15:35,,0.0,0.0,0,,0.0,0.0,0.0,33
1,[],12,[],2019-03-30 07:55:10,40641173.964,0.00000003,0.000000000001228359,7108785,2019-03-30 07:55:10,btc,4233210.82356125,0.0,0.00000003,btc,28378394.68333462,0.0126927883965248,0.90752895892,33
0.00000000013143500000000002,[],4,[],2019-05-28 09:15:36,510164034.23328835,1.57722e-17,1.3761007917000002e-21,7699868,2019-05-28 09:15:36,ltc,3.5077653919810907,0.0,0.00000012,ltc,155815751.6585306,0.0,1.9991898007840824e-09,34
1,[],5,[],2019-05-28 09:15:38,0.0,0,0,7699869,2019-05-28 09:15:38,btc,0.0,2.679e-05,0,btc,0.0,0.0,0.0,34
0.0000000002926451,[],17,[],2019-05-02 18:17:47,200000.0,2.9264510000000002e-18,1.596703856561e-22,7556430,2019-05-02 18:17:47,eth,0.20942468735267253,0.0,0.00000001,"btc,eth",1018272.20243647,0.0,5.852902e-13,36
0.00000000013143500000000002,[],4,[],2019-05-28 09:15:39,80740056.16077778,1.31435e-18,1.1467506597500002e-22,7699870,2019-05-28 09:15:39,ltc,5.026414681626315e-08,0.0,0.00000001,ltc,7087906061.087266,0.0,1.0612069281491828e-10,36
1,[],5,[],2019-05-28 09:15:40,0.0,0,0,7699871,2019-05-28 09:15:40,btc,0.0,0.0,0,btc,0.0,0.0,0.0,36
0.00000000030990130000000004,[],27,[],2019-05-28 09:17:45,19275417.0,9.297039e-18,8.111527071915001e-22,7699872,2019-05-28 09:17:45,eth,1670.44866568,504259241.6,0.00000003,"ltc,eth",4776977.0,4.688117835885425e-09,1.03646812341518e-10,36
1,[],4,[],2019-05-28 09:17:46,9956778.63087131,0.00000018,0.00000000001570473,7699873,2019-05-28 09:17:46,btc,19772.58652924222,0.0,0.00000018,btc,749403.83310403,0.00686651,0.1378619329263104,37
1,[],17,[],2019-05-03 01:11:36,211752.74075282,0.00000025,0.000000000013700074999999998,7559074,2019-05-03 01:11:36,btc,0.055484923955058496,0.0,0.00000025,"btc,eth",1387.19918473,0.0,0.0005381851887916605,37
1,[],12,[],2019-05-28 09:17:47,4035131.33528572,0.00000019,0.000000000016577215,7699874,2019-05-28 09:17:47,btc,8.139444715358604,0.0,0.00000019,btc,886870.88012882,0.035909502798,0.1927108404442866,37
1,[],27,[],2019-05-28 09:19:52,1600.0,0.00000015,0.000000000013087275,7699875,2019-05-28 09:19:52,btc,24.11463822903233,0.0,0.00000015,btc,5792.59438508,0.0,3e-05,37
1,[],5,[],2019-05-28 09:19:53,0.0,0,0,7699876,2019-05-28 09:19:53,btc,0.0,0.00018908,0,btc,0.0,0.0,0.0,42
1,[],12,[],2019-05-28 09:19:55,133457.64637564,0.00000094,0.00000000008201359,7699877,2019-05-28 09:19:55,btc,24.75832281829768,0.0,0.00000094,btc,71055.72600759,0.014696566291,0.045633639999958696,42
1,[],27,[],2019-05-28 09:20:03,506.0,0.00000002,0.0000000000017449700000000002,7699878,2019-05-28 09:20:03,btc,0.39085425,0.0,0.00000002,"btc,eth",735.0,0.0,6.000000325582306e-06,42
1,[],12,[],2019-03-13 09:13:29,1112112.0,0.00000001,0.000000000000386531,6919902,2019-03-13 09:13:29,btc,29058.00478931866,0.0,0.00000001,btc,5967681.93306694,9.99000999e-07,0.01112112,43
1,[],5,[],2019-04-26 22:38:52,0.0,0,0,7474154,2019-04-26 22:38:52,btc,0.0,0.02638891,0,btc,0.0,0.0,0.0,43
0,[],17,[],2019-04-26 22:38:53,0.0,0,0,7474155,2019-04-26 22:38:53,btc,0.0,0.0,0,btc,0.0,0.0,0.0,43
1,[],12,[],2019-03-05 01:54:08,639326.02,0.00000004,0.000000000001486676,6845775,2019-03-05 01:54:08,btc,11116042.728239931,0.0,0.00000004,btc,1103841.4595604,0.0003330765234764,0.014975410599999999,44
1,[],4,[],2019-05-28 09:20:03,114771057.62171708,0.00000001,0.0000000000008724850000000001,7699879,2019-05-28 09:20:03,btc,291324.2225415533,0.0,0.00000001,"btc,ltc",27263114.56923759,0.00447734,0.08432383653746488,49
0.00000000013143500000000002,[],4,[],2019-05-28 09:20:05,136367836.71375978,3.811615e-17,3.3255769132750006e-21,7699880,2019-05-28 09:20:05,ltc,22050.15128714205,0.0,0.00000029,ltc,158708557.4420744,0.0,7.540777943162999e-10,52
0,[],22,[],2019-05-28 09:20:08,0.0,0,0,7699881,2019-05-28 09:20:08,,10289.55991011,0.0,0,,308568058.4566013,0.0,0.0,57
0,[],27,[],2019-05-28 09:20:20,0.0,0,0,7699882,2019-05-28 09:20:20,,0.0,0.0,0,"btc,eth",0.0,0.0,0.0,57
0.00000000013143500000000002,[],4,[],2019-05-28 09:20:21,2695987137.494031,1.31435e-18,1.1467506597500002e-22,7699883,2019-05-28 09:20:21,ltc,19.263871600073816,0.0,0.00000001,ltc,5780746102.343987,0.0,3.54347069416528e-09,58
1,[],12,[],2019-05-28 09:20:22,1099851372.0,0.0000000001,0.00000000000000872485,7699884,2019-05-28 09:20:22,btc,2179567.2331710844,0.0,0.0000000001,btc,2486137828.636364,0.085845543739,0.1099851372,58
1,[],17,[],2019-05-03 01:12:09,1200000.0,0.0000000001,0.00000000000000548003,7559085,2019-05-03 01:12:09,btc,1e+24,0.0,0.0000000001,"btc,eth",39516342.31952568,0.0,0.00010000000058666061,58
0.00000000011158680000000001,[],22,[],2019-05-28 09:22:25,126877.0,1.1158680000000002e-18,9.735780919800002e-23,7699885,2019-05-28 09:22:25,XMR,68.17454206,0.0,0.00000001,XMR,9626402.6,0.0,0.00126877,58
1,[],5,[],2019-05-28 09:22:27,0.0,0,0,7699886,2019-05-28 09:22:27,btc,0.0,0.00021235,0,btc,0.0,0.0,0.0,61
1,[],22,[],2019-05-28 09:22:32,13613.833333333334,0.00000012,0.00000000001046982,7699887,2019-05-28 09:22:32,BTC,1002.29590883,0.0,0.00000012,BTC,15092.180177125656,0.0,0.00153269,61
1,[],26,[],2019-05-28 09:22:32,0.0,0.00000050,0.000000000043624250000000004,7699888,2019-05-28 09:22:32,btc,0.0,0.0,0.00000050,btc,0.0,0.0,0.0,61
1,[],27,[],2019-05-28 09:22:39,15549.0,0.0000002,0.0000000000174497,7699889,2019-05-28 09:22:39,btc,1.9582485601246655,0.0,0.0000002,"btc,eth",11379.41563696,0.0,0.00288918,61
0,[],28,[],2019-05-28 09:22:42,0.0,0,0,7699890,2019-05-28 09:22:42,,0.0,739.0,0,,0.0,0.0,0.0,61
1,[],4,[],2019-05-28 09:22:44,981269.88179208,0.00000080,0.0000000000697988,7699891,2019-05-28 09:22:44,btc,2.573520106247913,0.0,0.00000080,btc,838746.49980376,0.09197138,0.5652414207847906,67
0.0,[],25,[],2019-05-28 09:22:46,0.0,0,0,7699892,2019-05-28 09:22:46,,0.0,0.0,0.0,btc,0.0,0.0,0.0,67
1,[],12,[],2019-05-28 09:22:47,805098.0,0.00000005,0.000000000004362425,7699893,2019-05-28 09:22:47,btc,5.167187931438559,0.0,0.00000005,btc,767001.77822175,0.000105462549,0.01728606,71
,[],5,[],2018-11-20 23:02:39,1.5e-07,0.00000005,0.000000000002128045,4862160,2018-11-20 23:02:39,btc,2.84511358,0.0,,btc,0.00036572,0.0,0.07381892,74
1,[],5,[],2019-05-28 09:22:49,0.0,0,0,7699894,2019-05-28 09:22:49,btc,0.0,0.06649165,0,btc,0.0,0.0,0.0,75
0,[],4,[],2019-05-25 21:33:44,0.0,0,0,7686249,2019-05-25 21:33:44,,133656.37989170782,0.0,0,,33439209.5909442,0.0,0.0,81
0,[],20,[],2019-01-25 09:30:31,0.0,0,0,6495923,2019-01-25 09:30:31,btc,0.0,0.0,0,btc,0.0,0.0,0.0,81
1,[],4,[],2019-05-28 09:22:50,35787.7921908,0.00015582,0.00000001359506127,7699895,2019-05-28 09:22:50,btc,21.31837224375358,0.0,0.00015582,btc,14290.42014962,4.22454338,1.4704308344801724,82
1,[],21,[],2019-05-28 09:22:51,143916.5268812,0.0001600000000000000130884886262,0.000000013959760000000002,7699896,2019-05-28 09:22:51,btc,16.822260403716367,414174.40145039,0.00016000000000000001308848862624500952733797021210193634033203125,btc,68734.40818396,63.26125567,12.845900543208428,82
0,[],17,[],2019-03-25 22:42:34,0.0,0,0,7038780,2019-03-25 22:42:34,btc,0.0445064681804024,0.0,0,btc,995513.18476001,0.0,0.0,84
0.0000000001161485,[],4,[],2019-05-20 13:09:39,216715621.0206096,1.161485e-18,9.0533806701e-23,7657228,2019-05-20 13:09:39,ltc,1.6511566870244727,0.0,0.00000001,ltc,471032407.9048656,0.0,2.5171194308112273e-10,85
,[],22,[],2018-11-20 23:09:34,3408.1,0.0000001,0.0000000000041895,4862324,2018-11-20 23:09:34,BTC,0.04624735,0.0,,BTC,4990.0,0.0,0.00033081,86
1,[],22,[],2019-05-28 09:22:55,65156.0,0.00000001,0.0000000000008724850000000001,7699897,2019-05-28 09:22:55,BTC,1.45608405,0.0,0.00000001,BTC,314587.29736842104,0.0,0.00065156,87
0,[],27,[],2019-05-28 09:23:00,0.0,0,0,7699898,2019-05-28 09:23:00,,4.962566382816,0.0,0,btc,66120.49241,0.0,0.0,87
,[],2,[],2018-11-20 23:10:47,0.0,0,0,4862359,2018-11-20 23:10:47,,0.0,0.0,,,0.0,0.0,0.0,88
1,[],11,[],2019-05-28 09:23:01,97343.13122933,0.000085019999999999995750343817491057052393443882465362548828125,0.00000000741786747,7699899,2019-05-28 09:23:01,btc,184.49186616763453,557.7896,0.000085019999999999995750343817491057052393443882465362548828125,btc,225761.31327369,0.0,3.229265226632536,89
0,[],2,[],2019-01-20 23:31:45,0.0,0,0,6477083,2019-01-20 23:31:45,,0.0,0.0,0,,0.0,0.0,0.0,91
1,[],12,[],2019-05-28 08:15:49,201031.47022771,0.00000031,0.0000000000270413,7699582,2019-05-28 08:15:49,btc,87.63769074372425,0.0,0.00000031,btc,103821.14555554,0.0040414527,0.010619111999992,91
1,[],22,[],2019-05-28 08:17:53,75910.55,0.0000002,0.000000000017446,7699583,2019-05-28 08:17:53,BTC,0.495,0.0,0.0000002,"BTC,LTC",4.95,0.0,0.00165931,91
0,[],17,[],2019-05-03 01:12:26,0.0,0,0,7559096,2019-05-03 01:12:26,btc,0.0,0.0,0,btc,0.0,0.0,0.0,91
1,[],22,[],2019-04-09 20:17:52,374949.73333333334,0.00000015,0.000000000007771935,7235704,2019-04-09 20:17:52,BTC,6.87372503,0.0,0.00000015,"BTC,LTC",159980.01196797504,1.1e-05,0.80510266,95
0,[],17,[],2019-05-03 01:12:32,0.0,0,0,7559100,2019-05-03 01:12:32,btc,0.0,0.0,0,btc,0.0,0.0,0.0,96
0.00000000013143500000000002,[],4,[],2019-05-28 09:23:04,558083446.6475289,3.0230050000000003e-17,2.6375265174250002e-21,7699900,2019-05-28 09:23:04,ltc,11.581305421223487,0.0,0.00000023,ltc,177929831.28068942,0.0,1.185564569516377e-09,96
0,[],12,[],2019-05-28 09:23:05,0.0,0,0,7699901,2019-05-28 09:23:05,btc,10.51015010037962,0.0,0,btc,7826057.03796204,0.0,0.0,96
1,[],4,[],2019-04-14 03:32:46,1039404.33283278,0.00000038,0.000000000019245518,7293458,2019-04-14 03:32:46,btc,4.170086055365747,0.0,0.00000038,btc,3097704.34561074,0.06260606,0.1859928211030784,99
0,[],2,[],2019-01-20 23:23:55,0.0,0,0,6476914,2019-01-20 23:23:55,,0.0,0.0,0,,0.0,0.0,0.0,100
1,[],4,[],2019-05-28 09:25:06,203763.21922967,0.00001666,0.0000000014535600100000001,7699902,2019-05-28 09:25:06,btc,7.008437915750963,0.0,0.00001666,btc,135991.20316545,0.55604172,0.3401367301594276,100
1,[],22,[],2019-05-28 09:25:09,150000.0,0.00000002,0.0000000000017449700000000002,7699903,2019-05-28 09:25:09,BTC,24.83526409,0.0,0.00000002,BTC,11187.719,0.0,0.0017,101
1,[],4,[],2019-05-28 09:25:10,537176.14646645,0.00000160,0.0000000001395976,7699904,2019-05-28 09:25:10,btc,362.4461848120832,0.0,0.00000160,btc,615769.57862459,0.00725867,0.1743731754353353,103
1,[],12,[],2019-05-28 09:25:12,139661108.83268034,0.000000004,0.00000000000034899400000000005,7699905,2019-05-28 09:25:12,btc,2379.973638230182,0.0,0.000000004,btc,57661810.830397196,0.009453360907,0.16841555533072142,105
0,[],27,[],2019-05-28 09:25:24,0.0,0,0,7699906,2019-05-28 09:25:24,,0.2570835520459794,168024.66656843,0,btc,547051.57828866,0.01344197,0.0,105
1,[],22,[],2019-04-21 00:17:26,21333.0,0.00000001,0.000000000000532493,7385819,2019-04-21 00:17:26,BTC,51.38182867,0.0,0.00000001,BTC,470435.0,0.0,0.00021333,107
1,[],26,[],2019-04-21 00:17:26,0.0,0.00000000,0,7385820,2019-04-21 00:17:26,btc,0.0,0.0,0.00000000,btc,0.0,0.0,0.0,107
1,[],5,[],2019-05-28 09:25:25,0.0,0,0,7699907,2019-05-28 09:25:25,btc,0.0,5e-07,0,btc,0.0,0.0,0.0,112
0,[],22,[],2019-05-28 09:25:28,0.0,0,0,7699908,2019-05-28 09:25:28,,2.79635781,0.0,0,,3274992.0833333335,0.0,0.0,112
1,[],27,[],2019-05-28 09:25:38,1.0,0.00000001,0.0000000000008724850000000001,7699909,2019-05-28 09:25:38,btc,1.15032588,0.0,0.00000001,"btc,eth",1818.0,0.0,1e-08,112
1,[],4,[],2019-05-28 09:25:40,190568.41446867,0.00000081,0.000000000070671285,7699910,2019-05-28 09:25:40,btc,4.341579403679687,0.0,0.00000081,btc,555194.14276226,0.00883959,0.1043798992433684,113
1,[],5,[],2019-05-28 09:25:41,0.0,0,0,7699911,2019-05-28 09:25:41,btc,0.0,0.0,0,btc,0.0,0.0,0.0,113
1,[],17,[],2019-04-26 02:17:47,162738.278,0.00000004,0.0000000000021069000000000002,7461287,2019-04-26 02:17:47,btc,1.3331140273775473,0.0,0.00000004,btc,51796.221,0.0,0.00230953112,116
1,[],27,[],2019-05-22 05:13:01,210000.0,0.00000001,0.00000000000079145,7666372,2019-05-22 05:13:01,btc,3919.0005001478,0.0,0.00000001,btc,128660.871,0.0,0.0021,116
1,[],4,[],2019-05-21 22:31:11,138169.03963019,0.00000701,0.000000000558364025,7664793,2019-05-21 22:31:11,btc,150.95388250938234,0.0,0.00000701,btc,344631.17141974,0.07552974,0.4288357684941946,120
1,[],7,[],2019-05-21 22:31:12,3901.07750076,0.000010679999999999999389654892212320191902108490467071533203125,0.0000000008506887,7664794,2019-05-21 22:31:12,btc,231188.94669936574,0.0,0.000010679999999999999389654892212320191902108490467071533203125,btc,4133.83151364,0.0,0.0113888422364489,120
1,[],20,[],2019-04-07 18:42:29,1914137.0852,0.000000035,0.0000000000017871910000000002,7211992,2019-04-07 18:42:29,btc,32.2497668025648,25528.85,0.000000035,btc,1001975.4986,0.00089350975,0.0152723574729,125
1,[],22,[],2019-05-28 09:25:45,10000.0,0.00000001,0.0000000000008724850000000001,7699912,2019-05-28 09:25:45,BTC,0.032061,0.0,0.00000001,BTC,299316.7611111111,0.0,0.0001,126
0,[],2,[],2019-01-20 23:25:46,0.0,0,0,6476969,2019-01-20 23:25:46,,0.0,0.0,0,,0.0,0.0,0.0,131
1,[],4,[],2019-05-28 09:25:46,243013.16630858,0.00000715,0.000000000623826775,7699913,2019-05-28 09:25:46,btc,5.011905346107051,0.0,0.00000715,btc,166656.61082711,0.23475245,0.478651726376214,131
1,[],17,[],2019-05-03 01:13:10,10000.0,0.00000001,0.000000000000548003,7559115,2019-05-03 01:13:10,btc,0.0953976503951408,0.0,0.00000001,btc,5037.62507334,0.0,0.0001,131
1,[],4,[],2019-05-28 09:27:47,4746.87534947,0.00007919,0.000000006909208715,7699914,2019-05-28 09:27:47,btc,5.0319550001060955,0.0,0.00007919,btc,200.49216285,0.0,0.0069532248094897,135
1,[],3,[],2019-05-28 07:09:25,397612.63331819,0.00000001,0.0000000000008722100000000001,7699275,2019-05-28 07:09:25,btc,0.2370955237081139,1051497.18998,0.00000001,btc,1968970.7281389,0.0,0.0039761263331819004,136
1,[],4,[],2019-05-28 09:27:48,2474027.71167442,0.00000197,0.00000000017187954500000002,7699915,2019-05-28 09:27:48,btc,107.42689425552477,0.0,0.00000197,btc,480541.72283937,0.04478634,0.6299554774862361,137
1,[],12,[],2019-05-28 09:27:49,88735.94479467,0.00000181999999999999993881738720447049928452543099410831928253173828125,0.00000000015879227,7699916,2019-05-28 09:27:49,btc,57.7804170913379,0.0,0.00000181999999999999993881738720447049928452543099410831928253173828125,btc,49253.60942518,0.003522976377,0.0177066799999335,137
1,[],4,[],2019-05-28 09:27:50,104882.67254541,0.00001309,0.000000001142082865,7699917,2019-05-28 09:27:50,btc,9.183590506704705,0.0,0.00001309,btc,139443.25765708,0.23327455,0.6704145473607936,142
1,[],5,[],2019-05-28 09:27:51,0.0,0,0,7699918,2019-05-28 09:27:51,btc,0.0,0.01907269,0,btc,0.0,0.0,0.0,142
1,[],20,[],2019-05-28 09:29:53,208972.4038,0.00001422,0.00000000124067367,7699919,2019-05-28 09:29:53,btc,1.6085966404244,560.976,0.00001422,btc,9969.0955,0.007984502491,0.0172195744906,142
1,[],22,[],2019-05-28 09:29:57,11028.645,0.00001000,0.000000000872485,7699920,2019-05-28 09:29:57,BTC,3.2754788,0.0,0.00001000,BTC,1133.9993657797618,0.0,0.00745365,142
0.0,[],25,[],2019-05-28 09:29:58,0.0,0,0,7699921,2019-05-28 09:29:58,,0.0,0.0,0.0,btc,0.0,0.0,0.0,142
1,[],17,[],2019-05-03 01:13:16,32967.38636364,0.00000088,0.000000000048224264,7559122,2019-05-03 01:13:16,btc,20.06976206696776,0.0,0.00000088,btc,2746.079105,0.0,0.0105613000000032,142
0,[],28,[],2019-05-28 09:30:01,0.0,0,0,7699922,2019-05-28 09:30:01,,0.0,0.0,0,,0.0,0.0,0.0,142
0,[],22,[],2019-05-28 09:30:06,0.0,0,0,7699923,2019-05-28 09:30:06,,65.51518676,0.0,0,,839924755.3,0.0,0.0,143
0,[],22,[],2019-02-25 15:42:22,0.0,0,0,6783783,2019-02-25 15:42:22,,4.2131946,0.0,0,,2322156.0,0.0,0.0,146
,[],22,[],2018-11-20 23:01:11,0.0,0,0,4862114,2018-11-20 23:01:11,,2.56807021,0.0,,,61828.4988236,0.0,0.0,147
1,[],12,[],2019-04-21 06:38:04,193091.5971266,0.00000071,0.000000000037635183,7388679,2019-04-21 06:38:04,btc,2.301232411611175,0.0,0.00000071,btc,9957.48302385,0.00023528,0.0313308199999888,148
1,[],4,[],2019-03-19 21:31:25,255810.0415942,0.00000029,0.000000000011615747,6982695,2019-03-19 21:31:25,btc,218.94922712414143,0.0,0.00000029,btc,793529.37642722,0.00117,0.0608347789473395,152
0,[],22,[],2019-03-19 21:31:27,0.0,0,0,6982696,2019-03-19 21:31:27,,0.0,0.0,0,,0.0,0.0,0.0,152
1,[],5,[],2019-04-26 09:36:59,0.0,0,0,7465040,2019-04-26 09:36:59,btc,0.0,0.0,0,btc,0.0,0.0,0.0,153
,[],16,[],2019-01-11 15:38:59,0.0,0,0,6366141,2019-01-11 15:38:59,btc,0.0,0.0,,btc,0.0,0.0,0.0,155
0,[],23,[],2019-01-20 23:24:29,0.0,0,0,6476932,2019-01-20 23:24:29,,0.0,0.0,0,,0.0,0.0,0.0,156
0,[],22,[],2019-05-28 09:30:10,0.0,0,0,7699924,2019-05-28 09:30:10,,7.44455324,0.0,0,,5955762.942592593,0.0,0.0,156
1,[],22,[],2019-05-28 09:30:13,7066.0,0.00000800,0.0000000006979880000000001,7699925,2019-05-28 09:30:13,BTC,1.79802465,0.0,0.00000800,BTC,802.6461988741639,0.0,0.00062996,157
0,[],22,[],2019-05-21 23:40:32,0.0,0,0,7665049,2019-05-21 23:40:32,,50234.60468402,0.0,0,,54786159.03179465,0.0,0.0,158
,[],17,[],2018-11-20 22:56:10,0.0,0,0,4861976,2018-11-20 22:56:10,btc,1.1265625,0.0,,btc,1000.0,0.0,0.0,159
,[],20,[],2018-11-20 22:56:12,0.0,0,0,4861977,2018-11-20 22:56:12,btc,11912.7940471,0.0,,btc,34413894.3617,0.0,0.0,159
1,[],12,[],2019-05-24 02:51:20,9178.522006449999,0.00000191999999999999982841307998027158276954651228152215480804443359375,0.000000000151222656,7676256,2019-05-24 02:51:20,btc,149.80414728631675,0.0,0.00000191999999999999982841307998027158276954651228152215480804443359375,btc,1115.7451448499999,0.01783167678326,0.0120075778999181,168
1,[],17,[],2019-05-03 01:13:36,42852.0,0.00000002,0.000000000001096006,7559132,2019-05-03 01:13:36,btc,0.04279856251542,0.0,0.00000002,btc,274.46171372,0.0,0.00052852,168
1,[],22,[],2019-05-17 03:01:52,10.0,0.00000001,0.000000000000778341,7642059,2019-05-17 03:01:52,BTC,41.95893009,0.0,0.00000001,BTC,1753972.7737547632,0.0,1e-07,169
1,[],22,[],2019-05-28 09:30:17,203664.0,0.00000002,0.0000000000017449700000000002,7699926,2019-05-28 09:30:17,BTC,27.86393436,0.0,0.00000002,BTC,461817.9785507793,0.0,0.00213428,171
1,[],22,[],2019-05-28 09:30:21,349870.0,0.00000002,0.0000000000017449700000000002,7699927,2019-05-28 09:30:21,BTC,24.05844626,0.0,0.00000002,"BTC,LTC",1218736.4355616204,0.00098106,0.0039847,173
1,[],5,[],2019-05-28 09:30:23,0.0,0,0,7699928,2019-05-28 09:30:23,btc,0.0,0.01332057,0,btc,0.0,0.0,0.0,175
1,[],22,[],2019-05-28 09:30:27,90671.0,0.00000001,0.0000000000008724850000000001,7699929,2019-05-28 09:30:27,BTC,394.35459412,0.0,0.00000001,BTC,136275.61833431243,0.0,0.00090671,176
0,[],2,[],2019-01-20 23:28:34,0.0,0,0,6477001,2019-01-20 23:28:34,,0.0,0.0,0,,0.0,0.0,0.0,178
1,[],7,[],2019-05-28 09:30:29,0.0,0,0,7699930,2019-05-28 09:30:29,btc,522274.2532042936,0.0,0,btc,26538783.34310775,0.0,0.0,178
0,[],22,[],2019-05-28 09:30:31,0.0,0,0,7699931,2019-05-28 09:30:31,,1.00242428,0.0,0,,57512.0,0.0,0.0,178
0,[],23,[],2019-01-20 23:25:08,0.0,0,0,6476952,2019-01-20 23:25:08,,0.0,0.0,0,,0.0,0.0,0.0,179
1,[],5,[],2019-05-28 09:30:33,0.0,0,0,7699932,2019-05-28 09:30:33,btc,0.0,0.02292339,0,btc,0.0,0.0,0.0,179
0,[],22,[],2019-05-28 09:30:35,0.0,0,0,7699933,2019-05-28 09:30:35,,5.31458491,0.0,0,,13434087.311946675,0.0,0.0,179
1,[],22,[],2019-05-28 09:32:40,666159.378826454,0.00000110,0.00000000009597335,7699934,2019-05-28 09:32:40,BTC,39.19635869,0.0,0.00000110,"BTC,LTC",149201.41079725372,0.02169807,0.56478619,180
1,[],26,[],2019-05-28 09:32:40,0.0,0.00000010,0.00000000000872485,7699935,2019-05-28 09:32:40,btc,0.0,50.0,0.00000010,btc,0.0,0.0,0.0,180
1,[],17,[],2019-05-03 01:13:56,20504.725000000002,0.0000001,0.00000000000548003,7559141,2019-05-03 01:13:56,btc,5.2010695838400265,0.0,0.0000001,btc,5033.45945,0.0,0.0011504725,180
,[],7,[],2018-11-20 22:58:01,562227.975654,0.00000085,0.000000000036176765,4862015,2018-11-20 22:58:01,btc,21836.6059674,2491.87645172,,btc,749999.041456,0.00211021,0.127565380455,183
,[],5,[],2019-01-10 08:11:41,0.0,0,0,6347036,2019-01-10 08:11:41,btc,82.15055501,0.00261,,btc,1.19002445,0.0,0.0,187
,[],17,[],2018-11-16 20:58:10,4062536.27273,0.00000001,0.000000000000550501,4708775,2018-11-16 20:58:10,btc,3.36492563466,0.195460381006,,"btc,eth",110697919.549,0.0,0.0157628953496,187
1,[],24,[],2019-05-22 21:04:52,0.0,0.000000000014,0.0000000000000010960978,7670219,2019-05-22 21:04:52,btc,0.0,0.0,0.000000000014,btc,0.0,0.0,0.0,187
0,[],22,[],2019-04-25 02:54:07,0.0,0,0,7447896,2019-04-25 02:54:07,,7.54794454,0.0,0,,76361.7243344055,0.0,0.0,191
0,[],22,[],2019-05-28 09:32:44,0.0,0,0,7699936,2019-05-28 09:32:44,,0.0,0.0,0,,0.0,0.0,0.0,197
0,[],23,[],2019-01-20 23:31:41,0.0,0,0,6477079,2019-01-20 23:31:41,,0.0,0.0,0,,0.0,0.0,0.0,199
0,[],22,[],2019-05-28 09:32:47,0.0,0,0,7699937,2019-05-28 09:32:47,,10.5564544,0.0,0,,99450037.0,0.0,0.0,199
1,[],26,[],2019-05-28 09:32:47,0.0,0.00000000,0,7699938,2019-05-28 09:32:47,btc,0.0,0.0,0.00000000,btc,0.0,0.0,0.0,199
0,[],2,[],2019-01-20 23:30:49,0.0,0,0,6477059,2019-01-20 23:30:49,,0.0,0.0,0,,0.0,0.0,0.0,201
1,[],4,[],2019-01-25 15:51:35,2084389.58565343,0.00000936,0.000000000333526752,6499557,2019-01-25 15:51:35,btc,2.0092503037378524,0.0,0.00000936,btc,160195.80207885,0.19272417,1.242687955921835,211
1,[],7,[],2019-05-28 09:32:52,1172361594.1886532,0.00000053,0.000000000046241705,7699939,2019-05-28 09:32:52,btc,15202333.788450865,916933.738646,0.00000053,btc,8811793.84836342,0.0,13.222174196524602,212
1,[],12,[],2019-01-25 02:44:32,207462.42853209,0.000001080000000000000035831255497387193287295303889550268650054931640625,0.000000000038610756000000006,6493050,2019-01-25 02:44:32,btc,85023.03793723314,0.0,0.000001080000000000000035831255497387193287295303889550268650054931640625,btc,43675.73520027,0.000146250909087,0.0348620860622024,213
1,[],5,[],2019-05-28 09:32:54,0.0,0,0,7699940,2019-05-28 09:32:54,btc,0.0,0.09113364,0,btc,0.0,0.0,0.0,213
1,[],24,[],2019-05-28 09:32:54,0.0,0.000000399202,0.000000000034829775697000004,7699941,2019-05-28 09:32:54,btc,0.0,433.54035,0.000000399202,btc,0.0,0.00017307,0.0,213
1,[],26,[],2019-05-28 09:32:54,0.0,0.00000040,0.0000000000348994,7699942,2019-05-28 09:32:54,btc,0.0,0.0,0.00000040,btc,0.0,0.0,0.0,213
0,[],22,[],2019-05-28 09:32:59,0.0,0,0,7699943,2019-05-28 09:32:59,,9.61445386,0.0,0,,3661587.094064925,0.0,0.0,216
0,[],27,[],2019-05-28 09:33:09,0.0,0,0,7699944,2019-05-28 09:33:09,,70.5882095580052,0.0,0,"btc,ltc",398836.40768,0.0,0.0,216
1,[],22,[],2019-05-28 09:33:13,569597.65625,0.00000033,0.000000000028792005000000002,7699945,2019-05-28 09:33:13,BTC,12054.75364412,0.0,0.00000033,BTC,408868.93767707155,0.03055813,0.04773955,217
1,[],7,[],2019-05-28 09:33:15,0.0,0,0,7699946,2019-05-28 09:33:15,btc,1234863.9718009047,0.0,0,btc,160745512.9208393,0.0,0.0,219
0,[],27,[],2019-05-28 09:33:23,0.0,0,0,7699947,2019-05-28 09:33:23,,0.419756473472,5310828.0337,0,btc,3116126.8967,0.42486624,0.0,219
0,[],28,[],2019-05-28 09:33:25,0.0,0,0,7699948,2019-05-28 09:33:25,,0.0,6822921.5432,0,,0.0,0.0,0.0,219
1,[],22,[],2019-05-23 16:41:05,172069.0,0.00000004,0.0000000000031167080000000004,7674065,2019-05-23 16:41:05,BTC,56.76466137,0.0,0.00000004,BTC,127061.6482738741,0.0,0.00393676,221
1,[],24,[],2019-05-23 16:41:05,0.0,0.000000010000,0.0000000000007791770000000001,7674066,2019-05-23 16:41:05,btc,0.0,0.0,0.000000010000,btc,0.0,0.0,0.0,221
1,[],20,[],2019-05-28 09:33:28,6879470.5336,0.000000002,0.000000000000174497,7699949,2019-05-28 09:33:28,btc,100050.73323706037,621847.6958,0.000000002,btc,40126973.658,0.001254266575,0.0069783785336,224
0,[],22,[],2019-05-28 09:33:30,0.0,0,0,7699950,2019-05-28 09:33:30,,0.0,0.0,0,,0.0,0.0,0.0,224
1,[],26,[],2019-05-28 09:33:30,0.0,0.00000026,0.00000000002268461,7699951,2019-05-28 09:33:30,btc,0.0,0.0,0.00000026,btc,0.0,0.0,0.0,231
1,[],26,[],2019-05-28 09:33:32,0.0,0.00000006,0.00000000000523491,7699952,2019-05-28 09:33:32,btc,0.0,100.0,0.00000006,btc,0.0,0.0,0.0,234
0,[],27,[],2019-05-28 09:33:39,0.0,0,0,7699953,2019-05-28 09:33:39,,0.01134836604,0.0,0,"btc,eth",11462.996,0.0,0.0,234
1,[],4,[],2019-05-22 17:06:12,91780.56053785,0.00000078,0.000000000061977552,7669277,2019-05-22 17:06:12,btc,5.573372450018177,0.0,0.00000078,btc,729173.93529783,0.0,0.0307060663355679,236
1,[],24,[],2019-05-22 17:06:12,0.0,0.000000010000,0.000000000000794584,7669278,2019-05-22 17:06:12,btc,0.0,0.0,0.000000010000,btc,0.0,0.0,0.0,236
1,[],5,[],2019-05-28 09:33:40,0.0,0,0,7699954,2019-05-28 09:33:40,btc,0.0,0.04229179,0,btc,0.0,0.0,0.0,237
1,[],20,[],2019-05-28 09:33:41,120283865.4233,0.000000037,0.0000000000032281945000000004,7699955,2019-05-28 09:33:41,btc,58794.2245784686,10791887.5877,0.000000037,btc,44206129.125,0.4200843419508,0.4458702189551,237
1,[],22,[],2019-05-28 09:33:45,363100.0,0.00000003,0.000000000002617455,7699956,2019-05-28 09:33:45,BTC,1.20267422,0.0,0.00000003,"BTC,LTC",17930.94871794872,0.0,0.009791,237
1,[],4,[],2019-05-28 09:33:46,26868233.49065249,0.00000012,0.00000000001046982,7699957,2019-05-28 09:33:46,btc,3.1256683817695796,0.0,0.00000012,btc,9249414.90554385,0.06414558,0.5520516017815928,238
1,[],5,[],2019-05-28 09:33:47,0.0,0,0,7699958,2019-05-28 09:33:47,btc,0.0,0.04945109,0,btc,0.0,0.0,0.0,238
0,[],22,[],2019-03-12 16:49:32,0.0,0,0,6914458,2019-03-12 16:49:32,,0.40415746,0.0,0,,526736.5639027493,0.0,0.0,249
0,[],22,[],2019-05-28 09:35:50,0.0,0,0,7699959,2019-05-28 09:35:50,,13.21858367,0.0,0,,29993794.342645504,0.0,0.0,252
0,[],28,[],2019-05-28 09:35:52,0.0,0,0,7699960,2019-05-28 09:35:52,,0.0,288299.865,0,,0.0,0.0,0.0,256
1,[],22,[],2019-05-28 09:35:55,1039321.0,0.00000001,0.0000000000008724850000000001,7699961,2019-05-28 09:35:55,BTC,21.85885958,0.0,0.00000001,BTC,542925.7509808998,0.00012308,0.01039321,258
1,[],22,[],2019-05-19 18:12:02,400.0,0.00000001,0.0000000000007957800000000001,7653905,2019-05-19 18:12:02,BTC,2.415167,0.0,0.00000001,BTC,157.0,0.0,4e-06,259
1,[],5,[],2019-05-28 09:35:57,0.0,0,0,7699962,2019-05-28 09:35:57,btc,0.0,0.103935,0,btc,0.0,0.0,0.0,264
1,[],20,[],2019-05-28 09:35:59,980215.6101,0.000000142,0.000000000012389287,7699963,2019-05-28 09:35:59,btc,0.9781749883409,74578.8207,0.000000142,btc,52160.9707,0.042689059308,0.0109761547767,264
0,[],22,[],2019-04-12 17:57:27,0.0,0,0,7278186,2019-04-12 17:57:27,,66.37522201,0.0,0,,677842.4169881374,0.0,0.0,271
0,[],22,[],2019-05-28 09:36:02,0.0,0,0,7699964,2019-05-28 09:36:02,,33050470.74998113,0.0,0,,14361377780.7,0.0,0.0,272
0,[],28,[],2019-05-28 09:36:39,0.0,0,0,7699965,2019-05-28 09:36:39,,0.0,41041727177.1442,0,,0.0,0.0,0.0,272
1,[],22,[],2019-05-23 07:12:29,219930.0,0.00000004,0.000000000003048688,7671985,2019-05-23 07:12:29,BTC,426.77835217,0.0,0.00000004,BTC,248664.3325962929,0.0,0.00739728,281
1,[],22,[],2019-05-28 09:36:43,580380.1,0.00000005,0.000000000004362425,7699966,2019-05-28 09:36:43,BTC,31.63482954,0.0,0.00000005,"BTC,LTC",1237907.4291012324,0.00027247,0.02286194,286
0,[],22,[],2019-05-28 09:36:46,0.0,0,0,7699967,2019-05-28 09:36:46,,7337904.96568486,0.0,0,,2004620112.6797826,0.0,0.0,294
