pairValue,buyBook,exchangeId,sellBook,updated,buyTotal,satoshiPrice,usdPrice,exchangeLogId,created,bestPair,sellTotalBtc,volume,pairPrice,activePairs,sellTotal,volumeBtc,buyTotalBtc,coinId
1,[],3,[],2019-02-15 21:18:54,132.441788652691,0.01308895000000000023721025144141094642691314220428466796875,0.000000471530732645,6680847,2019-02-15 21:18:54,btc,107.07515171761149,0.66533581,0.01308895000000000023721025144141094642691314220428466796875,btc,21.940158932951,0.0,0.310353630940044,1
1,[],4,[],2019-02-15 21:18:55,88.69667913,0.01320114,0.00000047557238861400005,6680848,2019-02-15 21:18:55,btc,0.705489601141495,0.0,0.01320114,btc,49.88259925,2.37479977,1.0736425056359316,1
1,[],5,[],2019-02-15 21:18:57,0.29789222,0.01291989,0.00000046544032923900003,6680849,2019-02-15 21:18:57,btc,14578.74341954,0.0555667,0.01291989,btc,35555556.26318086,0.0,2.32959728,1
1,[],10,[],2019-02-15 21:19:03,415308.629222,0.01035219,0.00000037293867996900006,6680850,2019-02-15 21:19:03,btc,6526.161331307151,1054.28585941,0.01035219,btc,1134.68676926,0.0,5.494529417298722,1
1,[],12,[],2019-02-15 21:19:06,10436.77536727,0.01314000000000000063782312764715243247337639331817626953125,0.0000004733698140000001,6680851,2019-02-15 21:19:06,btc,0.3336731811509,0.0,0.01314000000000000063782312764715243247337639331817626953125,btc,18.2327175,1.8014424890297,0.2244466324085,1
1,[],20,[],2019-02-15 21:19:08,1151.2564,0.010500212,0.0000003782711873212,6680852,2019-02-15 21:19:08,btc,0.0573537536243,0.0,0.010500212,btc,2.5253,0.0,0.0911161306007,1
1,[],21,[],2019-02-15 21:19:09,2681.90375767,0.01318311999999999956090235287,0.000000474923216312,6680853,2019-02-15 21:19:09,btc,28.797002175609926,3296.4210755,0.013183119999999999560902352868652087636291980743408203125,"btc,eth",2720.82767621,36.955577440445055,25.83547940774788,1
1,[],22,[],2019-02-15 21:19:14,0.0280576,0.01350000,0.00000048633885,6680854,2019-02-15 21:19:14,BTC,0.3139634,0.0,0.01350000,BTC,0.10070366666666666,0.0,0.00036518,1
1,[],24,[],2019-02-15 21:19:14,0.0,0.000000000000,0,6680855,2019-02-15 21:19:14,btc,0.0,0.0,0.000000000000,btc,0.0,0.0,0.0,1
0.0,[],25,[],2019-02-15 21:19:15,0.0,0,0,6680856,2019-02-15 21:19:15,btc,23.7237999971577,1745.88309275,0.0,btc,1759.41184305,23.1174,0.0,1
1,[],26,[],2019-02-15 21:19:24,0.0,0,0,6680857,2019-02-15 21:19:24,,0.0,0.0,0,,0.0,0.0,0.0,1
1,[],28,[],2019-02-15 21:19:31,992.968,0.01231000,0.00000044346898100000005,6680858,2019-02-15 21:19:31,btc,0.162839806,18050.65,0.01231000,btc,8.9,0.0,0.086870176,1
0,[],2,[],2019-01-20 23:28:45,0.0,0,0,6477011,2019-01-20 23:28:45,,0.0,0.0,0,,0.0,0.0,0.0,1
1,[],5,[],2019-02-15 21:19:32,1.472e-05,0.00000066,0.000000000023776566000000002,6680859,2019-02-15 21:19:32,btc,0.12687184,0.0254308,0.00000066,btc,6.166e-05,0.0,0.252574,2
1,[],22,[],2019-02-15 21:19:39,1198.0,0.00000017,0.000000000006124267000000001,6680860,2019-02-15 21:19:39,BTC,2.12229306,0.0,0.00000017,"BTC,XMR",14654.709143333333,0.0,0.00088485,2
1,[],5,[],2019-02-15 21:19:41,1.29e-06,0.00000017,0.000000000006124267000000001,6680861,2019-02-15 21:19:41,btc,4.35233186,0.02925335,0.00000017,btc,2.278e-05,0.0,3.56031061,3
1,[],12,[],2019-02-15 21:19:42,12617241.21811075,0.000000168,0.0000000000060522168000000004,6680862,2019-02-15 21:19:42,btc,923741.1546241238,0.0,0.000000168,btc,8703463.40367207,0.16601525860956293,0.527353326052701,3
0,[],28,[],2019-02-15 21:19:47,0.0,0,0,6680863,2019-02-15 21:19:47,,0.0,0.0,0,,0.0,0.0,0.0,3
0,[],2,[],2019-01-20 23:31:32,0.0,0,0,6477077,2019-01-20 23:31:32,,0.0,0.0,0,,0.0,0.0,0.0,4
1,[],4,[],2019-02-15 21:19:49,370409.74260418,0.00000032,0.000000000011528032000000001,6680864,2019-02-15 21:19:49,btc,0.3816898696296566,0.0,0.00000032,btc,337888.68683361,0.00068811,0.0450659724399035,4
1,[],12,[],2019-02-14 17:26:54,1405077.5219999999,0.00000004,0.000000000001441592,6666503,2019-02-14 17:26:54,btc,11113878.38315974,0.0,0.00000004,btc,1084186.13790569,0.0004039437362635,0.02355927044,5
0,[],2,[],2019-01-20 23:31:51,0.0,0,0,6477087,2019-01-20 23:31:51,,0.0,0.0,0,,0.0,0.0,0.0,6
1,[],11,[],2019-02-15 21:19:52,1742309.499998,0.00000002,0.0000000000007205020000000001,6680865,2019-02-15 21:19:52,btc,9433.285980624412,1243776.0,0.00000002,btc,39914964.28062851,0.0,0.02635588499996,6
1,[],3,[],2019-02-15 21:19:54,1083.677554344154,0.0001457100000000000126869348360258982211234979331493377685546875,0.000000005249217321000001,6680866,2019-02-15 21:19:54,btc,27.605796873748474,0.905170040532,0.0001457100000000000126869348360258982211234979331493377685546875,btc,249.144760639695,0.0,0.032903306652369076,7
1,[],4,[],2019-02-15 21:19:56,17148.82896406,0.00022404,0.000000008071063404000001,6680867,2019-02-15 21:19:56,btc,2.776227217877875,0.0,0.00022404,btc,10904.72633117,11.65956641,3.374319196243589,7
1,[],5,[],2019-02-15 21:19:57,0.00742951,0.00021445,0.000000007725582695000001,6680868,2019-02-15 21:19:57,btc,1.92365325,0.67561263,0.00021445,btc,0.01353631,0.0,1.86284402,7
1,[],20,[],2019-02-15 20:35:52,43513291.8418,0.000000001,0.0000000000000360228,6680670,2019-02-15 20:35:52,btc,116.5827776391263,3203.0,0.000000001,btc,29035064.8892,3.203e-06,0.0435132918418,8
1,[],1,[],2019-02-15 21:19:59,1904867.2999999998,0.00000181999999999999993881738720447049928452543099410831928253173828125,0.000000000065565682,6680869,2019-02-15 21:19:59,btc,3.3035041255,21327637.91,0.00000181999999999999993881738720447049928452543099410831928253173828125,btc,1785545.8,38.94273914,3.3938856145,9
1,[],4,[],2019-02-15 21:20:00,375033.21318035,0.00000182,0.000000000065565682,6680870,2019-02-15 21:20:00,btc,1.0844317349798145,0.0,0.00000182,btc,574045.34095973,1.61958359,0.645418241116397,9
1,[],28,[],2019-02-15 21:20:05,43336.934,0.00000167,0.000000000060161917,6680871,2019-02-15 21:20:05,btc,2708.76119522,3592103.0,0.00000167,btc,11732.68,0.0,0.04320967978,9
0,[],2,[],2019-01-20 23:22:42,0.0,0,0,6476876,2019-01-20 23:22:42,,0.0,0.0,0,,0.0,0.0,0.0,9
0,[],23,[],2019-01-20 23:22:48,0.0,0,0,6476878,2019-01-20 23:22:48,,0.0,0.0,0,,0.0,0.0,0.0,9
1,[],4,[],2019-02-10 09:54:02,5828483.02026053,0.00000002,0.000000000000726692,6623074,2019-02-10 09:54:02,btc,0.2014004865591215,0.0,0.00000002,btc,4198675.28035349,0.00021932,0.0653957035452106,10
1,[],4,[],2019-02-15 21:20:06,1654834.61646751,0.00000171,0.000000000061602921,6680872,2019-02-15 21:20:06,btc,2.95769309067047,0.0,0.00000171,btc,1539083.40370829,16.90407227,2.447527359154343,12
1,[],5,[],2019-02-15 21:20:07,4.41e-05,0.00000165,0.000000000059441415,6680873,2019-02-15 21:20:07,btc,0.50408346,1.63016596,0.00000165,btc,0.0001322,0.0,0.65990881,12
0.0,[],25,[],2019-02-15 21:20:09,0.0,0,0,6680874,2019-02-15 21:20:09,,0.0,0.0,0.0,btc,0.0,0.0,0.0,12
0,[],2,[],2019-01-20 23:23:08,0.0,0,0,6476890,2019-01-20 23:23:08,,0.0,0.0,0,,0.0,0.0,0.0,12
1,[],4,[],2019-02-15 21:20:10,1294923.34071126,0.00000664,0.00000000023920666400000003,6680875,2019-02-15 21:20:10,btc,1.6716521910238682,0.0,0.00000664,btc,232837.93286618,0.98621727,1.2666758337952675,13
1,[],10,[],2019-02-15 21:20:12,453173.68842088,0.00000659,0.000000000237405409,6680876,2019-02-15 21:20:12,btc,666805.4475878807,4419.00614893,0.00000659,btc,724326.21961106,0.0,0.4181124723544014,13
1,[],21,[],2019-02-15 21:20:13,746009.0638000601,0.000006620000000000000145124797596,0.000000000238486162,6680877,2019-02-15 21:20:13,btc,6.737487367234259,519406.87809282,0.0000066200000000000001451247975958747105096335872076451778411865234375,btc,866013.73306011,3.46356002,4.5567192684897,13
1,[],4,[],2019-02-15 21:20:15,994631.32943088,0.00000139,0.000000000050074889000000006,6680878,2019-02-15 21:20:15,btc,0.1080527000250106,0.0,0.00000139,btc,58508.15869569,0.00704776,0.4232039688898306,14
1,[],12,[],2019-02-15 21:20:16,85369.2231405,0.000001260000000000000006510091944689211373997750342823565006256103515625,0.000000000045391626000000006,6680879,2019-02-15 21:20:16,btc,2.7763698387687112,0.0,0.000001260000000000000006510091944689211373997750342823565006256103515625,btc,30213.37033352,0.00023058,0.009125080000005,14
1,[],26,[],2019-02-15 21:20:27,0.0,0.00000050,0.000000000018012550000000003,6680880,2019-02-15 21:20:27,btc,0.0,0.0,0.00000050,btc,0.0,0.0,0.0,14
0,[],17,[],2019-02-15 20:20:54,0.0,0,0,6680477,2019-02-15 20:20:54,btc,0.0,0.0,0,btc,0.0,0.0,0.0,14
0,[],4,[],2019-02-15 21:20:28,0.0,0,0,6680881,2019-02-15 21:20:28,,0.0,0.0,0,,0.0,0.0,0.0,15
,[],12,[],2018-12-01 15:15:48,204241.84496,0.00000489,0.000000000202473384,5260204,2018-12-01 15:15:48,btc,49.5475654835,0.0,,btc,35763.2193806,0.0163153972027625,0.0203389899998,15
1,[],4,[],2019-02-15 21:20:30,27218.29994959,0.00001805,0.0000000006502530550000001,6680882,2019-02-15 21:20:30,btc,2.221842561973628,0.0,0.00001805,btc,7850.18143531,0.00498941,0.1056752431250925,18
1,[],10,[],2019-02-15 21:20:32,795762.28910622,0.0000188,0.0000000006772718800000001,6680883,2019-02-15 21:20:32,btc,15.530221356208065,440.50960793,0.0000188,btc,10265.93006568,0.0,0.4179170296199278,18
1,[],12,[],2019-02-15 21:20:33,204511.59752678,0.00001775000000000000115554267543505062576514319516718387603759765625,0.0000000006394455250000001,6680884,2019-02-15 21:20:33,btc,22.612034015243555,0.0,0.00001775000000000000115554267543505062576514319516718387603759765625,btc,1866.9041771299999,3.41895083913e-05,0.0376016075240624,18
0,[],17,[],2019-02-15 21:20:35,0.0,0,0,6680885,2019-02-15 21:20:35,btc,0.0,0.0,0,btc,0.0,0.0,0.0,18
0,[],2,[],2019-01-20 23:23:38,0.0,0,0,6476906,2019-01-20 23:23:38,,0.0,0.0,0,,0.0,0.0,0.0,18
1,[],3,[],2019-02-15 21:20:36,123937.71540829416,0.00002619000000000000166300133386254600509346346370875835418701171875,0.0000000009434973690000002,6680886,2019-02-15 21:20:36,btc,0.52536776428136,570.548171692,0.00002619000000000000166300133386254600509346346370875835418701171875,btc,5360.472544430873,0.0,0.16198794409678624,19
1,[],4,[],2019-02-15 21:20:37,338133.44212493,0.00002699,0.000000000972317449,6680887,2019-02-15 21:20:37,btc,0.2065551461798515,0.0,0.00002699,btc,7090.63242179,0.17561115,2.0702494580265807,19
1,[],5,[],2019-02-15 21:20:38,0.00017404,0.00002404,0.0000000008660434040000001,6680888,2019-02-15 21:20:38,btc,0.25322988,0.0,0.00002404,btc,0.00302507,0.0,0.06435636,19
1,[],12,[],2019-02-15 21:20:40,134759.0,0.00002349999999999999861894327268796445196130662225186824798583984375,0.00000000084658985,6680889,2019-02-15 21:20:40,btc,0.0290413067813548,0.0,0.00002349999999999999861894327268796445196130662225186824798583984375,btc,296.66393647,7.252e-05,0.03148971,19
0,[],27,[],2019-02-15 21:20:42,0.0,0,0,6680890,2019-02-15 21:20:42,,0.0,0.0,0,btc,0.0,0.0,0.0,19
0,[],2,[],2019-01-20 23:24:19,0.0,0,0,6476924,2019-01-20 23:24:19,,0.0,0.0,0,,0.0,0.0,0.0,19
1,[],4,[],2019-02-15 21:20:43,8105964.88270166,0.00000014,0.0000000000050435140000000005,6680891,2019-02-15 21:20:43,btc,0.7558970284397353,0.0,0.00000014,btc,1585963.29804811,0.001,0.2633208437753649,20
1,[],4,[],2019-02-15 21:20:44,112204141.0629021,0.00000002,0.0000000000007205020000000001,6680892,2019-02-15 21:20:44,btc,0.4197290963908996,0.0,0.00000002,btc,12405492.93946572,0.00691963,1.2819232651386825,21
1,[],12,[],2019-02-15 21:20:45,17377041.0,0.00000002,0.0000000000007205020000000001,6680893,2019-02-15 21:20:45,btc,669.7055249917195,0.0,0.00000002,btc,8580966.269732941,1.26173826174e-05,0.2197811,21
0,[],17,[],2019-02-15 20:36:44,0.0,0,0,6680695,2019-02-15 20:36:44,btc,0.0,0.0,0,btc,0.0,0.0,0.0,21
1,[],12,[],2019-02-15 21:20:47,2803420757.043896,0.0000000002,0.00000000000000720502,6680894,2019-02-15 21:20:47,btc,880864730193.6266,0.0,0.0000000002,btc,4228480440.3421097,0.02853153646895606,0.31036824985558975,23
0,[],27,[],2019-02-15 21:20:50,0.0,0,0,6680895,2019-02-15 21:20:50,,0.7240921565934114,0.0,0,eth,727098.85514486,0.0,0.0,23
1,[],4,[],2019-02-15 21:20:51,356179.41136952,0.00000072,0.000000000025938072,6680896,2019-02-15 21:20:51,btc,0.156607154986801,0.0,0.00000072,btc,158417.86569611,0.02370931,0.1777206996429179,24
1,[],22,[],2019-02-15 21:20:56,11.76,0.00000100,0.000000000036025100000000006,6680897,2019-02-15 21:20:56,BTC,7.415e-05,0.0,0.00000100,BTC,23.919354838709676,0.0,1.176e-05,24
0.0,[],25,[],2019-02-15 21:20:57,0.0,0,0,6680898,2019-02-15 21:20:57,,0.0,0.0,0.0,btc,0.0,0.0,0.0,24
1,[],4,[],2019-02-15 21:20:58,26883567.29188757,0.00000581,0.00000000020930583100000003,6680899,2019-02-15 21:20:58,btc,0.386328291128354,0.0,0.00000581,btc,41859.6984917,0.18748007,0.4438598892483978,26
1,[],10,[],2019-02-15 21:21:00,733314.39724698,0.0000054,0.00000000019453554000000002,6680900,2019-02-15 21:21:00,btc,25.927305126373348,1472.76013581,0.0000054,btc,14351.41452713,0.0,0.2154503992385128,26
0,[],2,[],2019-01-20 23:25:56,0.0,0,0,6476976,2019-01-20 23:25:56,,0.0,0.0,0,,0.0,0.0,0.0,26
1,[],3,[],2019-02-15 21:21:01,5689817.95913569,0.00000001,0.00000000000036025100000000003,6680901,2019-02-15 21:21:01,btc,2.6998142562093017,0.0,0.00000001,btc,17268102.61059958,0.0,0.0568981795913569,27
1,[],5,[],2019-02-15 21:21:03,1e-08,0.00000001,0.00000000000036025100000000003,6680902,2019-02-15 21:21:03,btc,1.5981049,0.00026007,0.00000001,btc,4.345e-05,0.0,0.09876515,27
1,[],11,[],2019-02-15 21:21:04,10063976.7912115,0.00000005,0.000000000001801255,6680903,2019-02-15 21:21:04,btc,370.6338278222541,8080.0,0.00000005,btc,8170874.5693934,0.0,0.4660996184459823,27
1,[],4,[],2019-02-15 21:21:05,590918375.9164251,0.00000002,0.0000000000007205020000000001,6680904,2019-02-15 21:21:05,btc,0.297582460957332,0.0,0.00000002,"btc,ltc",21652531.41123906,0.19692428,8.46389913094962,29
1,[],7,[],2019-02-15 21:21:06,28335686.833719518,0.00000002,0.0000000000007205020000000001,6680905,2019-02-15 21:21:06,btc,44465228.21241281,560236.390328,0.00000002,btc,55538651.690747544,0.01120473,0.4118788002381527,29
1,[],4,[],2019-02-15 21:21:07,1516930.22978696,0.00000026,0.000000000009366526,6680906,2019-02-15 21:21:07,btc,0.1590251771040671,0.0,0.00000026,btc,384172.02486519,0.06705097,0.107182060318625,30
0,[],17,[],2019-02-15 20:21:55,0.0,0,0,6680505,2019-02-15 20:21:55,btc,0.0,0.0,0,btc,0.0,0.0,0.0,30
1,[],4,[],2019-02-15 21:21:19,147822.82442198,0.00006887,0.0000000024810486370000003,6680907,2019-02-15 21:21:19,btc,0.715956998414352,0.0,0.00006887,btc,8745.76105034,3.20798587,3.429465542574383,31
1,[],21,[],2019-02-15 21:21:19,60485.608373,0.00006820000000000000432535951500,0.00000000245691182,6680908,2019-02-15 21:21:19,btc,2.6192554587829844,231518.57387196,0.00006820000000000000432535951500057080920669250190258026123046875,btc,35193.69498416,16.50613129,3.7028502761863833,31
0,[],2,[],2019-01-20 23:28:43,0.0,0,0,6477009,2019-01-20 23:28:43,,0.0,0.0,0,,0.0,0.0,0.0,32
1,[],4,[],2019-02-15 21:21:20,154169090.9299671,0.00000005,0.000000000001801255,6680909,2019-02-15 21:21:20,btc,2.239899786303792,0.0,0.00000005,"btc,ltc",46988264.87402277,0.52119846,3.0275332358781784,33
1,[],12,[],2019-02-15 21:21:22,15032557.952,0.00000005,0.000000000001801255,6680910,2019-02-15 21:21:22,btc,34509936.62023213,0.0,0.00000005,btc,88947673.20779201,0.0124720722677322,0.4916446776,33
1,[],4,[],2019-02-15 21:21:23,135914559.24613935,0.00000001,0.00000000000036025100000000003,6680911,2019-02-15 21:21:23,btc,1.0394293027603032,0.0,0.00000001,btc,41834123.15732942,0.00939227,1.3591455924613935,34
1,[],5,[],2019-02-15 21:21:25,1e-08,0.00000001,0.00000000000036025100000000003,6680912,2019-02-15 21:21:25,btc,5.07954927,0.00104086,0.00000001,btc,1.343e-05,0.0,0.85475658,34
0.0000000001169597,[],4,[],2019-02-15 21:21:26,1005791515.4867,2.339194e-18,8.426969776940001e-23,6680913,2019-02-15 21:21:26,ltc,1.1378055682766842e-08,0.0,0.00000002,ltc,2332306300.656398,0.0,1.71861271346477e-09,36
1,[],5,[],2019-02-15 21:21:28,0.0,0,0,6680914,2019-02-15 21:21:28,btc,197.5385657,0.0,0,btc,1.325e-05,0.0,0.0,36
0.0000000003369725,[],27,[],2019-02-15 21:21:41,7.0,3.369725e-18,1.213946800975e-22,6680915,2019-02-15 21:21:41,eth,230.00791353271,0.0,0.00000001,"ltc,eth",3710919.3029,0.0,2.3588075e-17,36
0,[],17,[],2019-02-15 20:37:43,0.0,0,0,6680717,2019-02-15 20:37:43,btc,0.14155809871192335,0.0,0,btc,10796613.27743647,0.0,0.0,36
1,[],4,[],2019-02-15 21:21:42,256421.5401275,0.00000095,0.000000000034223845,6680916,2019-02-15 21:21:42,btc,0.5445915878498102,0.0,0.00000095,btc,410594.67698858,0.06807824,0.126031086672049,37
1,[],12,[],2019-02-15 21:21:43,302527.7981625,0.00000097,0.000000000034944347000000006,6680917,2019-02-15 21:21:43,btc,1364.2049310400323,0.0,0.00000097,btc,859442.1672313,0.291821260125609,0.056401534999997,37
1,[],17,[],2019-02-15 21:21:45,1752.74075282,0.00000025,0.000000000009006275,6680918,2019-02-15 21:21:45,btc,0.055484923777095005,0.0,0.00000025,btc,1319.19918473,0.0,0.00043818518820499993,37
1,[],27,[],2019-02-15 21:21:47,15952.0,0.00000052,0.000000000018733052,6680919,2019-02-15 21:21:47,btc,26.70753703686233,0.0,0.00000052,btc,6829.81438508,0.0,0.00545422,37
1,[],5,[],2019-02-15 21:21:48,1.474e-05,0.00000096,0.000000000034584096000000004,6680920,2019-02-15 21:21:48,btc,0.09554793,0.01777586,0.00000096,btc,9.569e-05,0.0,0.04354623,42
1,[],12,[],2019-02-15 21:21:50,126749.40229885001,0.0000009,0.00000000003242259,6680921,2019-02-15 21:21:50,btc,92.91556468362425,0.0,0.0000009,btc,93531.69878571,0.0058971990010088,0.0443942364367814,42
0,[],27,[],2019-02-15 21:21:52,0.0,0,0,6680922,2019-02-15 21:21:52,,0.00315028,0.0,0,"btc,eth",11.007,0.0,0.0,42
1,[],5,[],2019-02-15 21:21:54,3e-08,0.00000002,0.0000000000007205020000000001,6680923,2019-02-15 21:21:54,btc,5.9170171,0.0,0.00000002,btc,1.375e-05,0.0,0.5744076,43
1,[],12,[],2019-02-15 21:21:55,4101745.0,0.00000001,0.00000000000036025100000000003,6680924,2019-02-15 21:21:55,btc,20007457.492715012,0.0,0.00000001,btc,38975751.47292703,2.597402598e-07,0.041017450000000004,43
0,[],17,[],2019-02-15 20:22:52,0.0,0,0,6680524,2019-02-15 20:22:52,btc,0.0,0.0,0,btc,0.0,0.0,0.0,43
1,[],12,[],2019-02-15 21:22:07,697583.0,0.00000005,0.000000000001801255,6680925,2019-02-15 21:22:07,btc,11115166.707511282,0.0,0.00000005,btc,1052587.31470526,0.0032771883005003,0.0181337,44
1,[],4,[],2019-02-15 21:22:08,225241317.35021022,0.00000002,0.0000000000007205020000000001,6680926,2019-02-15 21:22:08,btc,0.18830952907737106,0.0,0.00000002,"btc,ltc",4545712.92578735,0.00023499,0.4306101510123534,49
0.0000000001169597,[],4,[],2019-02-15 21:22:09,1085473795.5297337,1.169597e-18,4.2134848884700005e-23,6680927,2019-02-15 21:22:09,ltc,4.645173509572853,0.0,0.00000001,ltc,4238182561.054733,0.0,1.26956689483019e-09,52
0,[],22,[],2019-02-15 21:22:25,0.0,0,0,6680928,2019-02-15 21:22:25,,8108.82536305,0.0,0,,262751443.67882353,0.0,0.0,57
0,[],27,[],2019-02-15 21:22:28,0.0,0,0,6680929,2019-02-15 21:22:28,,0.0,0.0,0,"btc,eth",0.0,0.0,0.0,57
0.0000000001169597,[],4,[],2019-02-15 21:22:29,1030238427.2619973,4.678388e-18,1.6853939553880002e-22,6680930,2019-02-15 21:22:29,ltc,3.272209002428324,0.0,0.00000004,ltc,898010620.2067671,0.0,2.805940288611797e-09,58
1,[],12,[],2019-02-15 21:22:30,1752764581.843957,0.0000000005,0.000000000000018012550000000002,6680931,2019-02-15 21:22:30,btc,724045492082.2283,0.0,0.0000000005,btc,3713401674.9700456,0.060361919140632964,0.5914416772011392,58
0.0000000001315706,[],22,[],2019-02-15 21:22:35,137438.0,1.315706e-18,4.7398440220600004e-23,6680932,2019-02-15 21:22:35,XMR,69.8835922,0.0,0.00000001,XMR,9887963.0,0.0,0.00137438,58
0,[],17,[],2019-02-15 20:39:22,0.0,0,0,6680732,2019-02-15 20:39:22,btc,1e+24,0.0,0,btc,41401875.8285055,0.0,0.0,58
1,[],5,[],2019-02-15 21:22:37,1.232e-05,0.00000068,0.000000000024497068000000003,6680933,2019-02-15 21:22:37,btc,0.24069353,0.11006522,0.00000068,btc,0.00010823,0.0,0.1066142,61
1,[],22,[],2019-02-15 21:23:28,5149.5,0.00000011,0.000000000003962761,6680934,2019-02-15 21:23:28,BTC,1002.29598212,0.0,0.00000011,BTC,14957.700278135757,0.0,0.00051596,61
1,[],26,[],2019-02-15 21:23:28,0.0,0.00000800,0.00000000028820080000000005,6680935,2019-02-15 21:23:28,btc,0.0,0.0,0.00000800,btc,0.0,0.0,0.0,61
1,[],27,[],2019-02-15 21:23:30,18353.8823,0.00000034,0.000000000012248534000000002,6680936,2019-02-15 21:23:30,btc,9.941007956931694,0.0,0.00000034,"btc,eth",15777.09679279,0.0,0.0004563899836848625,61
1,[],28,[],2019-02-15 21:23:32,19894.304,0.00000091,0.000000000032782841,6680937,2019-02-15 21:23:32,btc,2.056360193700105,786.89,0.00000091,btc,9767.52450005,0.0,0.00993521304,61
1,[],4,[],2019-02-15 21:23:34,444584.63933702,0.00000288,0.000000000103752288,6680938,2019-02-15 21:23:34,btc,1.1190956022367384,0.0,0.00000288,btc,268202.94905824,0.39758132,0.92893880955189,67
0.0,[],25,[],2019-02-15 21:23:35,0.0,0,0,6680939,2019-02-15 21:23:35,,0.0,0.0,0.0,btc,0.0,0.0,0.0,67
1,[],12,[],2019-02-15 21:23:36,3422951.10194712,0.00000019,0.000000000006844769000000001,6680940,2019-02-15 21:23:36,btc,11115996.425572198,0.0,0.00000019,btc,1932151.60325737,0.0052484575825237,0.1293286664411118,71
,[],5,[],2018-11-20 23:02:39,1.5e-07,0.00000005,0.000000000002128045,4862160,2018-11-20 23:02:39,btc,2.84511358,0.0,,btc,0.00036572,0.0,0.07381892,74
1,[],5,[],2019-02-15 21:23:38,3.049e-05,0.00000156,0.00000000005619915600000001,6680941,2019-02-15 21:23:38,btc,1.5424315,0.0,0.00000156,btc,0.00016981,0.0,0.30484564,75
1,[],4,[],2019-02-15 21:23:40,29738604.75692337,0.00000001,0.00000000000036025100000000003,6680942,2019-02-15 21:23:40,btc,0.7668881456247842,0.0,0.00000001,btc,14615939.68425178,0.0,0.2973860475692337,81
0,[],20,[],2019-01-25 09:30:31,0.0,0,0,6495923,2019-01-25 09:30:31,btc,0.0,0.0,0,btc,0.0,0.0,0.0,81
1,[],4,[],2019-02-15 21:23:43,24112.46793902,0.00007811,0.0000000028139205610000003,6680943,2019-02-15 21:23:43,btc,1.3331755310121323,0.0,0.00007811,btc,11281.99933157,0.04081511,0.1140852165828401,82
1,[],21,[],2019-02-15 21:23:43,136391.98582514,0.00007773999999999999768914016318,0.000000002800591274,6680944,2019-02-15 21:23:43,btc,2.938078020018653,4032.60298982,0.00007773999999999999768914016318177573339198715984821319580078125,btc,32598.86581215,0.31629762,2.2664191201249855,82
0,[],17,[],2019-02-15 21:23:55,0.0,0,0,6680945,2019-02-15 21:23:55,btc,0.0447233088476774,0.0,0,btc,999127.19588126,0.0,0.0,84
0.0000000001169597,[],4,[],2019-02-15 21:23:56,154682437.9405471,8.187179e-18,2.949439421929e-22,6680946,2019-02-15 21:23:56,ltc,0.19569063268001224,0.0,0.00000007,ltc,103905350.73865768,0.0,7.198624688660479e-10,85
,[],22,[],2018-11-20 23:09:34,3408.1,0.0000001,0.0000000000041895,4862324,2018-11-20 23:09:34,BTC,0.04624735,0.0,,BTC,4990.0,0.0,0.00033081,86
0,[],22,[],2019-02-15 21:24:01,0.0,0,0,6680947,2019-02-15 21:24:01,,2.0760781,0.0,0,,140622.94736842104,0.0,0.0,87
0,[],27,[],2019-02-15 21:24:03,0.0,0,0,6680948,2019-02-15 21:24:03,,0.0,0.0,0,btc,0.0,0.0,0.0,87
,[],2,[],2018-11-20 23:10:47,0.0,0,0,4862359,2018-11-20 23:10:47,,0.0,0.0,,,0.0,0.0,0.0,88
1,[],11,[],2019-02-15 21:24:06,96217.01742869,0.00014304000000000001283952111297281817314797081053256988525390625,0.000000005153030304000001,6680949,2019-02-15 21:24:06,btc,609.3750054057977,883.83749128,0.00014304000000000001283952111297281817314797081053256988525390625,btc,90835.47842735,0.0,6.465053275564799,89
0,[],2,[],2019-01-20 23:31:45,0.0,0,0,6477083,2019-01-20 23:31:45,,0.0,0.0,0,,0.0,0.0,0.0,91
1,[],12,[],2019-02-15 21:24:07,437366.63475644,0.00000206000000000000018206681821897330308956952649168670177459716796875,0.00000000007421170600000001,6680950,2019-02-15 21:24:07,btc,4.168309498370547,0.0,0.00000206000000000000018206681821897330308956952649168670177459716796875,btc,46364.93221439,0.0007472201432656,0.0611238892000076,91
0,[],17,[],2019-02-15 21:24:18,0.0,0,0,6680951,2019-02-15 21:24:18,btc,0.0,0.0,0,btc,0.0,0.0,0.0,91
0.0000000001169597,[],22,[],2019-02-15 21:24:25,4525000.0,4.678388e-18,1.6853939553880002e-22,6680952,2019-02-15 21:24:25,LTC,8.12129807,0.0,0.00000004,LTC,66745238.1,0.0,0.14575,95
0.0000000001169597,[],4,[],2019-02-15 21:24:26,135513272.12021452,9.1228566e-17,3.2865182130066003e-21,6680953,2019-02-15 21:24:26,ltc,0.5972552477108534,0.0,0.00000078,ltc,35542070.73771199,0.0,1.0993753546057703e-09,96
1,[],12,[],2019-02-15 21:24:27,310052.0,0.00000001,0.00000000000036025100000000003,6680954,2019-02-15 21:24:27,btc,255052.49737627004,0.0,0.00000001,btc,8743228.55375598,0.0020818798601398,0.0031005200000000003,96
0,[],17,[],2019-02-15 21:24:30,0.0,0,0,6680955,2019-02-15 21:24:30,btc,0.0,0.0,0,btc,0.0,0.0,0.0,96
1,[],4,[],2019-02-15 21:24:31,1720408.40855967,0.00000033,0.000000000011888283000000001,6680956,2019-02-15 21:24:31,btc,0.2131884240405994,0.0,0.00000033,btc,442177.03018497,0.04797703,0.1958789356003591,99
0,[],2,[],2019-01-20 23:23:55,0.0,0,0,6476914,2019-01-20 23:23:55,,0.0,0.0,0,,0.0,0.0,0.0,100
1,[],4,[],2019-02-15 21:24:31,207025.51278391,0.00004029,0.0000000014514512790000002,6680957,2019-02-15 21:24:31,btc,1.2334941255833687,0.0,0.00004029,btc,27459.67656071,0.7200343,1.628099236007916,100
1,[],22,[],2019-02-15 21:24:40,50000.0,0.00000001,0.00000000000036025100000000003,6680958,2019-02-15 21:24:40,BTC,23.49896609,0.0,0.00000001,BTC,10277.22,0.0,0.0005,101
1,[],4,[],2019-02-15 21:24:40,314299.49726105,0.00000088,0.000000000031702088,6680959,2019-02-15 21:24:40,btc,0.4268620099558838,0.0,0.00000088,btc,170587.84438909,0.01022946,0.155654798560942,103
1,[],12,[],2019-02-15 21:24:43,48804250.9183887,0.000000017,0.0000000000006124267000000001,6680960,2019-02-15 21:24:43,btc,137278887.38872033,0.0,0.000000017,btc,120136965.24271841,0.11549136746209276,0.2487233251462192,105
1,[],27,[],2019-02-15 21:24:45,4011356.89,0.00000001,0.00000000000036025100000000003,6680961,2019-02-15 21:24:45,btc,0.3614577513692299,0.0,0.00000001,btc,323444.42860553,0.0,0.0401135689,105
0,[],22,[],2019-02-15 21:24:54,0.0,0,0,6680962,2019-02-15 21:24:54,,51.10825004,0.0,0,,468935.0,0.0,0.0,107
1,[],26,[],2019-02-15 21:24:54,0.0,0.00000000,0,6680963,2019-02-15 21:24:54,btc,0.0,0.0,0.00000000,btc,0.0,0.0,0.0,107
1,[],5,[],2019-02-15 21:24:56,1e-08,0.00000001,0.00000000000036025100000000003,6680964,2019-02-15 21:24:56,btc,2.89931996,1.37e-05,0.00000001,btc,1.571e-05,0.0,0.08579006,112
1,[],22,[],2019-02-15 21:25:15,167093.0,0.00000001,0.00000000000036025100000000003,6680965,2019-02-15 21:25:15,BTC,2.81183288,0.0,0.00000001,BTC,808524.0833333334,0.0,0.00167093,112
0,[],27,[],2019-02-15 21:25:21,0.0,0,0,6680966,2019-02-15 21:25:21,,1.35132491849924,0.0,0,"btc,eth",1328.641654,0.0,0.0,112
1,[],4,[],2019-02-15 21:25:22,448894.92272034,0.00000327,0.000000000117802077,6680967,2019-02-15 21:25:22,btc,0.2986014892965392,0.0,0.00000327,btc,67116.9553462,0.43730657,0.159480890696797,113
1,[],5,[],2019-02-15 21:25:23,6.47e-06,0.00000300,0.0000000001080753,6680968,2019-02-15 21:25:23,btc,0.89293369,0.01579211,0.00000300,btc,0.00170801,0.0,0.19855376,113
1,[],17,[],2019-02-15 19:48:56,152738.278,0.00000004,0.0000000000014395680000000002,6680348,2019-02-15 19:48:56,btc,1.33680302678,0.0,0.00000004,btc,50696.221,0.0,0.0022095311199999998,116
0,[],27,[],2019-02-15 21:25:27,0.0,0,0,6680969,2019-02-15 21:25:27,,0.0,0.0,0,btc,0.0,0.0,0.0,116
1,[],4,[],2019-02-15 21:25:28,25939.88239516,0.00003033,0.000000001092641283,6680970,2019-02-15 21:25:28,btc,0.6177625245116177,0.0,0.00003033,btc,18425.24750795,3.9841517,0.6565152309445743,120
1,[],7,[],2019-02-15 21:25:31,18665.84810831,0.00002911000000000000081088781522797859224738203920423984527587890625,0.000000001048690661,6680971,2019-02-15 21:25:31,btc,115647.18592376061,254.17329107,0.00002911000000000000081088781522797859224738203920423984527587890625,btc,29362.59191667,0.00769174,0.0795862782402713,120
1,[],20,[],2019-02-15 21:25:37,1092927.6666,0.000000014,0.0000000000005043514000000001,6680972,2019-02-15 21:25:37,btc,33.8691165036599,518.15,0.000000014,btc,1150552.4764,7.2541e-06,0.0052581502171,125
1,[],22,[],2019-02-15 21:25:43,3053.0,0.00000001,0.00000000000036025100000000003,6680973,2019-02-15 21:25:43,BTC,0.01444889,0.0,0.00000001,BTC,296264.5111111111,0.0,3.053e-05,126
1,[],4,[],2019-02-15 21:25:44,71622.66076568,0.00001986,0.000000000715458486,6680974,2019-02-15 21:25:44,btc,0.9515800639597025,0.0,0.00001986,btc,38808.54239153,1.12992929,1.0586153285862712,131
0,[],17,[],2019-02-15 21:25:46,0.0,0,0,6680975,2019-02-15 21:25:46,btc,0.0009561751951600001,0.0,0,btc,35.42829368,0.0,0.0,131
0,[],2,[],2019-01-20 23:25:46,0.0,0,0,6476969,2019-01-20 23:25:46,,0.0,0.0,0,,0.0,0.0,0.0,131
1,[],4,[],2019-02-15 21:25:47,4551.77324743,0.00016343,0.000000005887582093,6680976,2019-02-15 21:25:47,btc,1.6421815711089056,0.0,0.00016343,btc,308.40189166,0.00047028,0.0081107809030198,135
1,[],3,[],2019-02-15 21:25:48,1767573.20571841,0.00000005,0.000000000001801255,6680977,2019-02-15 21:25:48,btc,0.124836446126892,17500.0,0.00000005,btc,500394.16668737,0.0,0.064724815113701,136
1,[],4,[],2019-02-15 21:25:49,39603.76726586,0.00000181,0.000000000065205431,6680978,2019-02-15 21:25:49,btc,0.0664311426311997,0.0,0.00000181,btc,31681.02101528,0.09274345,0.0362983948662405,137
1,[],12,[],2019-02-15 21:25:51,295531.98483586,0.000001570000000000000003069918451392705804892102605663239955902099609375,0.000000000056559407,6680979,2019-02-15 21:25:51,btc,11982.94647104543,0.0,0.000001570000000000000003069918451392705804892102605663239955902099609375,btc,158200.39234445,0.0305562583062644,0.0252343699999398,137
1,[],17,[],2019-02-15 20:28:07,22967.386363640002,0.00000088,0.000000000031678768,6680579,2019-02-15 20:28:07,btc,20.0699133484,0.0,0.00000088,btc,405.079105,0.0,0.0104613000000032,142
1,[],4,[],2019-02-15 21:25:52,1224280.27376664,0.00004936,0.0000000017781989360000002,6680980,2019-02-15 21:25:52,btc,0.8054871220480814,0.0,0.00004936,btc,12167.15110288,1.38811874,0.6318177574436364,142
1,[],5,[],2019-02-15 21:25:54,0.00165688,0.00005202,0.000000001874025702,6680981,2019-02-15 21:25:54,btc,1.28485585,1.59670305,0.00005202,btc,0.00331267,0.0,0.99359955,142
1,[],20,[],2019-02-15 21:25:56,133808.1434,0.00003683,0.0000000013268044330000001,6680982,2019-02-15 21:25:56,btc,0.3206144974822,4103.6455,0.00003683,btc,2774.3309,0.3147300715486,0.2495393175266,142
1,[],22,[],2019-02-15 21:26:03,1610.354305200341,0.00003220,0.0000000011600082200000001,6680983,2019-02-15 21:26:03,BTC,3.00917232,0.0,0.00003220,BTC,917.9383601288407,0.0,0.0019657,142
0.0,[],25,[],2019-02-15 21:26:04,0.0,0,0,6680984,2019-02-15 21:26:04,,0.0,0.0,0.0,btc,0.0,0.0,0.0,142
1,[],28,[],2019-02-15 21:26:10,77743.0,0.00004500,0.0000000016211295000000002,6680985,2019-02-15 21:26:10,btc,0.057261322,650.0,0.00004500,btc,356.4989,0.0,0.0519372,142
0,[],22,[],2019-02-15 21:26:14,0.0,0,0,6680986,2019-02-15 21:26:14,,67.4285069,0.0,0,,834770972.3,0.0,0.0,143
1,[],21,[],2019-02-15 21:26:15,36397934.5945671,0.00000028,0.000000000010087028000000001,6680987,2019-02-15 21:26:15,btc,39.28222329436684,1858085.43367571,0.00000028,btc,77174796.14908487,0.52159822,5.800460485273892,145
0,[],22,[],2019-02-15 21:26:19,0.0,0,0,6680988,2019-02-15 21:26:19,,4.24982284,0.0,0,,1814156.0,0.0,0.0,146
,[],22,[],2018-11-20 23:01:11,0.0,0,0,4862114,2018-11-20 23:01:11,,2.56807021,0.0,,,61828.4988236,0.0,0.0,147
1,[],12,[],2019-02-15 21:26:21,8678974.77988781,0.00000302999999999999978877139594768408414893201552331447601318359375,0.000000000109156053,6680989,2019-02-15 21:26:21,btc,16.584422068666996,0.0,0.00000302999999999999978877139594768408414893201552331447601318359375,btc,122597.66449333,0.0003328152,0.1084335269000161,148
1,[],4,[],2019-02-15 21:26:23,273860.3740454,0.00000029,0.000000000010447279000000001,6680990,2019-02-15 21:26:23,btc,0.778329816854735,0.0,0.00000029,btc,591310.33703653,0.0,0.0647157791437523,152
0,[],22,[],2019-02-15 21:26:29,0.0,0,0,6680991,2019-02-15 21:26:29,,0.0,0.0,0,,0.0,0.0,0.0,152
1,[],5,[],2019-02-15 21:26:30,0.0,0,0,6680992,2019-02-15 21:26:30,btc,10.61570492,0.0,0,btc,0.00092785,0.0,0.0,153
,[],16,[],2019-01-11 15:38:59,0.0,0,0,6366141,2019-01-11 15:38:59,btc,0.0,0.0,,btc,0.0,0.0,0.0,155
0,[],23,[],2019-01-20 23:24:29,0.0,0,0,6476932,2019-01-20 23:24:29,,0.0,0.0,0,,0.0,0.0,0.0,156
0,[],22,[],2019-02-15 21:26:35,0.0,0,0,6680993,2019-02-15 21:26:35,,6.74608761,0.0,0,,4644402.242592593,0.0,0.0,156
1,[],22,[],2019-02-15 21:26:41,7063.8,0.00005300,0.0000000019093303,6680994,2019-02-15 21:26:41,BTC,43.78801181,0.0,0.00005300,BTC,1067.5805334758436,0.0,0.00104326,157
0,[],22,[],2019-02-15 21:26:47,0.0,0,0,6680995,2019-02-15 21:26:47,,50175.68008609,0.0,0,,54479136.04179466,0.0,0.0,158
,[],17,[],2018-11-20 22:56:10,0.0,0,0,4861976,2018-11-20 22:56:10,btc,1.1265625,0.0,,btc,1000.0,0.0,0.0,159
,[],20,[],2018-11-20 22:56:12,0.0,0,0,4861977,2018-11-20 22:56:12,btc,11912.7940471,0.0,,btc,34413894.3617,0.0,0.0,159
1,[],12,[],2019-02-15 21:26:48,179766.35035869,0.0000069999999999999998949950195947788955663781962357461452484130859375,0.00000000025217570000000003,6680996,2019-02-15 21:26:48,btc,6.662372169325805,0.0,0.0000069999999999999998949950195947788955663781962357461452484130859375,btc,14905.88889337,0.0053525767999884,0.0804303438999338,168
1,[],17,[],2019-02-15 21:26:50,29784.95,0.000001,0.0000000000360251,6680997,2019-02-15 21:26:50,btc,0.03026736251542,0.0,0.000001,btc,144.46171372,0.0,0.00716147,168
0,[],22,[],2019-02-15 21:27:43,0.0,0,0,6680998,2019-02-15 21:27:43,,1.14776715,0.0,0,,721548.0900917595,0.0,0.0,169
1,[],22,[],2019-02-15 21:27:49,236276.0,0.00000011,0.000000000003962761,6680999,2019-02-15 21:27:49,BTC,11.32641449,0.0,0.00000011,BTC,122417.33368472014,0.0,0.02144036,171
1,[],22,[],2019-02-15 21:27:55,218688.41176470587,0.00000017,0.000000000006124267000000001,6681000,2019-02-15 21:27:55,BTC,2.65558123,0.0,0.00000017,BTC,255547.29537173602,4.005e-05,0.01631019,173
1,[],5,[],2019-02-15 21:27:57,2.244e-05,0.00000186,0.00000000006700668600000001,6681001,2019-02-15 21:27:57,btc,0.23909715,0.00917716,0.00000186,btc,0.0002296,0.0,0.3148357,175
1,[],22,[],2019-02-15 21:28:04,38430.0,0.0000005,0.000000000018012550000000003,6681002,2019-02-15 21:28:04,BTC,0.57299407,0.0,0.0000005,BTC,173193.47031396697,0.0,0.011502,176
1,[],7,[],2019-02-15 21:28:05,0.0,0,0,6681003,2019-02-15 21:28:05,btc,410973.9177089935,0.0,0,btc,115545110.28145695,0.0,0.0,178
0,[],22,[],2019-02-15 21:28:11,0.0,0,0,6681004,2019-02-15 21:28:11,,1.00242428,0.0,0,,57512.0,0.0,0.0,178
0,[],2,[],2019-01-20 23:28:34,0.0,0,0,6477001,2019-01-20 23:28:34,,0.0,0.0,0,,0.0,0.0,0.0,178
0,[],23,[],2019-01-20 23:25:08,0.0,0,0,6476952,2019-01-20 23:25:08,,0.0,0.0,0,,0.0,0.0,0.0,179
1,[],5,[],2019-02-15 21:28:13,3e-08,0.00000002,0.0000000000007205020000000001,6681005,2019-02-15 21:28:13,btc,30.24225341,0.02091715,0.00000002,btc,2.088e-05,0.0,0.68758009,179
0.0000000001169597,[],22,[],2019-02-15 21:30:25,7779285.0,1.2865567e-17,4.634833377317e-22,6681006,2019-02-15 21:30:25,LTC,5.48629708,0.0,0.00000011,LTC,17843614.676989965,0.0,0.38284554,179
1,[],17,[],2019-02-15 21:30:38,10504.725,0.0000001,0.00000000000360251,6681007,2019-02-15 21:30:38,btc,5.201913593507951,0.0,0.0000001,btc,5427.1328087,0.0,0.0010504725,180
1,[],22,[],2019-02-15 21:30:46,129205.4,0.0000005,0.000000000018012550000000003,6681008,2019-02-15 21:30:46,BTC,0.1272821,0.0,0.0000005,"BTC,LTC",22994.086946767708,1.13e-06,0.00160544,180
1,[],26,[],2019-02-15 21:30:46,0.0,0.00000225,0.000000000081056475,6681009,2019-02-15 21:30:46,btc,0.0,950.0,0.00000225,btc,0.0,0.0,0.0,180
,[],7,[],2018-11-20 22:58:01,562227.975654,0.00000085,0.000000000036176765,4862015,2018-11-20 22:58:01,btc,21836.6059674,2491.87645172,,btc,749999.041456,0.00211021,0.127565380455,183
,[],5,[],2019-01-10 08:11:41,0.0,0,0,6347036,2019-01-10 08:11:41,btc,82.15055501,0.00261,,btc,1.19002445,0.0,0.0,187
,[],17,[],2018-11-16 20:58:10,4062536.27273,0.00000001,0.000000000000550501,4708775,2018-11-16 20:58:10,btc,3.36492563466,0.195460381006,,"btc,eth",110697919.549,0.0,0.0157628953496,187
1,[],24,[],2019-02-15 21:30:46,0.0,0.000000000001,3.6025100000000004e-17,6681010,2019-02-15 21:30:46,btc,0.0,0.0,0.000000000001,btc,0.0,0.0,0.0,187
0,[],22,[],2019-02-15 21:30:52,0.0,0,0,6681011,2019-02-15 21:30:52,,1.19377283,0.0,0,,16434.10286773884,0.0,0.0,191
0,[],22,[],2019-02-15 21:31:00,0.0,0,0,6681012,2019-02-15 21:31:00,,0.0,0.0,0,,0.0,0.0,0.0,197
0,[],23,[],2019-01-20 23:31:41,0.0,0,0,6477079,2019-01-20 23:31:41,,0.0,0.0,0,,0.0,0.0,0.0,199
0,[],22,[],2019-02-15 21:31:06,0.0,0,0,6681013,2019-02-15 21:31:06,,5.15195517,0.0,0,,19804684.0,0.0,0.0,199
1,[],26,[],2019-02-15 21:31:06,0.0,0.00000000,0,6681014,2019-02-15 21:31:06,btc,0.0,771735.0,0.00000000,btc,0.0,0.0,0.0,199
0,[],17,[],2019-01-30 16:32:01,0.0,0,0,6540827,2019-01-30 16:32:01,btc,6.802544163788159,0.0,0,btc,105897.55575295,0.0,0.0,200
0,[],2,[],2019-01-20 23:30:49,0.0,0,0,6477059,2019-01-20 23:30:49,,0.0,0.0,0,,0.0,0.0,0.0,201
1,[],4,[],2019-01-25 15:51:35,2084389.58565343,0.00000936,0.000000000333526752,6499557,2019-01-25 15:51:35,btc,2.0092503037378524,0.0,0.00000936,btc,160195.80207885,0.19272417,1.242687955921835,211
1,[],7,[],2019-02-15 21:31:12,5418624.79952933,0.000001340000000000000087593235616190145975679115508683025836944580078125,0.00000000004827363400000001,6681015,2019-02-15 21:31:12,btc,15450816.254210055,162381.958058,0.000001340000000000000087593235616190145975679115508683025836944580078125,btc,11047825.09235835,0.21838406,3.7815657625696995,212
1,[],12,[],2019-01-25 02:44:32,207462.42853209,0.000001080000000000000035831255497387193287295303889550268650054931640625,0.000000000038610756000000006,6493050,2019-01-25 02:44:32,btc,85023.03793723314,0.0,0.000001080000000000000035831255497387193287295303889550268650054931640625,btc,43675.73520027,0.000146250909087,0.0348620860622024,213
1,[],5,[],2019-02-15 21:31:14,3.02e-06,0.00000028,0.000000000010087028000000001,6681016,2019-02-15 21:31:14,btc,0.95211653,0.13508626,0.00000028,btc,2.844e-05,0.0,0.16759097,213
1,[],24,[],2019-02-15 21:31:14,0.0,0.000000050000,0.000000000001801255,6681017,2019-02-15 21:31:14,btc,0.0,0.0,0.000000050000,btc,0.0,0.0,0.0,213
1,[],26,[],2019-02-15 21:31:14,0.0,0.00000009,0.000000000003242259,6681018,2019-02-15 21:31:14,btc,0.0,0.0,0.00000009,btc,0.0,0.0,0.0,213
0,[],22,[],2019-02-15 21:32:06,0.0,0,0,6681019,2019-02-15 21:32:06,,2.19098246,0.0,0,,178710.63137942314,0.0,0.0,216
1,[],27,[],2019-02-15 21:32:09,5201657.5615,0.00000004,0.0000000000014410040000000001,6681020,2019-02-15 21:32:09,btc,257.4737088006,0.0,0.00000004,"btc,ltc",272841.575,0.0,0.05463726246,216
1,[],22,[],2019-02-15 21:32:16,259795.52409638555,0.00000189,0.00000000006808743900000001,6681021,2019-02-15 21:32:16,BTC,12677.10251531,0.0,0.00000189,BTC,444191.24671164656,0.03917568,0.26928691,217
1,[],7,[],2019-02-15 21:32:19,0.0,0,0,6681022,2019-02-15 21:32:19,btc,77970.05108413911,0.0,0,btc,137041561.1214003,0.0,0.0,219
0,[],27,[],2019-02-15 21:32:22,0.0,0,0,6681023,2019-02-15 21:32:22,,5.341833788316972,6000.0,0,btc,1599140.99226595,6e-05,0.0,219
0.0000000000000053,[],28,[],2019-02-15 21:32:25,170644344.6,6.6251060000000004e-18,2.3867010616060004e-22,6681024,2019-02-15 21:32:25,doge,88712.3748390675,39832.0,0.00125002,"btc,doge",4987338.69631,0.0,1.6122299354602012e-11,219
1,[],22,[],2019-02-15 21:32:32,194617.6,0.00000011,0.000000000003962761,6681025,2019-02-15 21:32:32,BTC,2.99831248,0.0,0.00000011,BTC,94332.47041875875,0.03263697,0.01994196,221
1,[],24,[],2019-02-15 21:32:33,0.0,0.000000210000,0.000000000007565271,6681026,2019-02-15 21:32:33,btc,0.0,0.0,0.000000210000,btc,0.0,0.0,0.0,221
1,[],20,[],2019-02-15 21:32:35,51586411.8092,0.000000003,0.0000000000001080753,6681027,2019-02-15 21:32:35,btc,49.8531464411873,490873.3788,0.000000003,btc,9940161.5413,0.0016226780364,0.0529688676442,224
0,[],22,[],2019-02-15 21:32:44,0.0,0,0,6681028,2019-02-15 21:32:44,,0.0,0.0,0,,0.0,0.0,0.0,224
1,[],26,[],2019-02-15 21:32:45,0.0,0.00000033,0.000000000011888283000000001,6681029,2019-02-15 21:32:45,btc,0.0,0.0,0.00000033,btc,0.0,0.0,0.0,231
1,[],26,[],2019-02-15 21:32:45,0.0,0.00000006,0.0000000000021615060000000003,6681030,2019-02-15 21:32:45,btc,0.0,5310.0,0.00000006,btc,0.0,0.0,0.0,234
0,[],27,[],2019-02-15 21:32:48,0.0,0,0,6681031,2019-02-15 21:32:48,,0.0113483662182,0.0,0,"btc,eth",11462.99618,0.0,0.0,234
0,[],22,[],2019-02-15 21:34:02,0.0,0,0,6681032,2019-02-15 21:34:02,,2.86131091,0.0,0,,99375782.06349206,0.0,0.0,235
1,[],4,[],2019-02-15 21:34:03,1120000.89741965,0.00000117,0.000000000042149367,6681033,2019-02-15 21:34:03,btc,0.5164463851266796,0.0,0.00000117,btc,297320.65327174,0.16056096,0.4352685403573638,236
1,[],24,[],2019-02-15 21:34:03,0.0,0.000000020010,0.0000000000007208622510000001,6681034,2019-02-15 21:34:03,btc,0.0,0.0,0.000000020010,btc,0.0,0.0,0.0,236
1,[],20,[],2019-02-15 21:34:05,71210498.7143,0.000000072,0.0000000000025938072000000002,6681035,2019-02-15 21:34:05,btc,14.1929277105582,38380514.3616,0.000000072,btc,26127123.6235,2.8978878269755,0.6835150347068,237
1,[],22,[],2019-02-15 21:34:12,136267.0,0.00000004,0.0000000000014410040000000001,6681036,2019-02-15 21:34:12,BTC,0.0405823,0.0,0.00000004,"BTC,LTC",3164.0,0.00151375,0.00541601,237
1,[],4,[],2019-02-15 21:34:13,3999532.12727007,0.00000032,0.000000000011528032000000001,6681037,2019-02-15 21:34:13,btc,0.5756231385699613,0.0,0.00000032,btc,1557932.21778765,0.39123511,1.200268633500414,238
1,[],5,[],2019-02-15 21:34:14,4.25e-06,0.00000033,0.000000000011888283000000001,6681038,2019-02-15 21:34:14,btc,0.75390931,0.00359348,0.00000033,btc,2.957e-05,0.0,0.26182523,238
0,[],22,[],2019-02-15 21:34:19,0.0,0,0,6681039,2019-02-15 21:34:19,,1951.15978688,0.0,0,,366433.0639027493,0.0,0.0,249
0.0000000001169597,[],22,[],2019-02-15 21:34:25,7025765.666666667,3.508791e-18,1.264045466541e-22,6681040,2019-02-15 21:34:25,LTC,0.56670218,0.0,0.00000003,LTC,15147487.09,0.0,0.20977599,252
1,[],28,[],2019-02-15 21:34:28,3649212.286,0.00000009,0.000000000003242259,6681041,2019-02-15 21:34:28,btc,164693.69098935215,71964.8,0.00000009,btc,1032884.2751,0.0,0.1990666963,256
1,[],22,[],2019-02-15 21:34:33,1069164.0,0.00000002,0.0000000000007205020000000001,6681042,2019-02-15 21:34:33,BTC,30.1605339,0.0,0.00000002,BTC,435872.92423192423,0.00234282,0.02081064,258
1,[],22,[],2019-02-15 18:08:24,49651.0,0.00000002,0.0000000000007199720000000001,6679456,2019-02-15 18:08:24,BTC,2.629917,0.0,0.00000002,BTC,1762.0,0.0,0.00050551,259
1,[],22,[],2019-02-15 21:35:59,10667.78,0.00001550,0.0000000005583890500000001,6681043,2019-02-15 21:35:59,BTC,1293.00274633,0.0,0.00001550,"BTC,LTC",5107.946959724173,0.00730242,0.01713524,262
1,[],5,[],2019-02-15 21:36:00,1.325e-05,0.00000131,0.000000000047192881,6681044,2019-02-15 21:36:00,btc,0.73367154,0.09830597,0.00000131,btc,0.00033742,0.0,0.23197898,264
1,[],20,[],2019-02-15 21:36:02,1177300.3553,0.000001112,0.0000000000400599112,6681045,2019-02-15 21:36:02,btc,4.948232725402,107808.3928,0.000001112,btc,96178.5016,0.317451450019,0.0260061910582,264
1,[],22,[],2019-02-15 21:36:26,73606.5,0.00000002,0.0000000000007205020000000001,6681046,2019-02-15 21:36:26,BTC,8.41108046,0.0,0.00000002,BTC,382316.05885485065,0.000435,0.0009745,271
0,[],22,[],2019-02-15 21:36:37,0.0,0,0,6681047,2019-02-15 21:36:37,,388.44178703,0.0,0,,15473097515.9,0.0,0.0,272
0.0000000000000053,[],28,[],2019-02-15 21:36:39,199964221707.024,3.975e-21,1.4319977250000002e-25,6681048,2019-02-15 21:36:39,doge,441350411.0373013,56673796613.229,0.00000075,doge,214367063267.2646,0.0,5.150625192959066e-10,272
1,[],22,[],2019-02-15 21:37:14,11556.0,0.00001750,0.00000000063043925,6681049,2019-02-15 21:37:14,BTC,74.23555211,0.0,0.00001750,"BTC,LTC",4000.47255938519,0.03644781,0.01677932,281
