pairValue,buyBook,exchangeId,sellBook,updated,buyTotal,satoshiPrice,usdPrice,exchangeLogId,created,bestPair,sellTotalBtc,volume,pairPrice,activePairs,sellTotal,volumeBtc,buyTotalBtc,coinId
1,[],3,[],2019-03-04 21:51:20,30535.287393060862,0.0125724200000000008170530918505392037332057952880859375,0.000000466435524758,6844531,2019-03-04 21:51:20,btc,61.065617388313115,0.24120148,0.0125724200000000008170530918505392037332057952880859375,btc,21.692736001169003,0.0,0.24794511150242735,1
1,[],4,[],2019-03-04 21:51:21,207890.27890034,0.01261656,0.000000468073114344,6844532,2019-03-04 21:51:21,btc,9.541869992364436,0.0,0.01261656,btc,286.74919653,0.69726737,2.8227955280636197,1
1,[],5,[],2019-03-04 21:51:23,0.0,0,0,6844533,2019-03-04 21:51:23,btc,0.0,0.07557145,0,btc,0.0,0.0,0.0,1
1,[],10,[],2019-03-04 21:51:25,414655.04248242,0.01130125,0.000000419275244875,6844534,2019-03-04 21:51:25,btc,6521.471176301765,1936.85131962,0.01130125,btc,1035.90950133,0.0,5.550851876592709,1
1,[],12,[],2019-03-04 21:51:28,10497.0936598,0.01263000000000000060118576783452226663939654827117919921875,0.000000468571737,6844535,2019-03-04 21:51:28,btc,0.5239992897234,0.0,0.01263000000000000060118576783452226663939654827117919921875,btc,32.02706659,0.0939610726397,0.4536937856896,1
1,[],20,[],2019-03-04 21:51:30,1152.0583,0.010500213,0.0000003895568522787,6844536,2019-03-04 21:51:30,btc,0.0625062184556,0.0,0.010500213,btc,3.0899,0.0,0.1004622630051,1
1,[],21,[],2019-03-04 21:51:31,1985.81912272,0.01263544999999999945972106730,0.00000046877393145499995,6844537,2019-03-04 21:51:31,btc,18.252123616456377,3416.0415760299998,0.012635449999999999459721067296413821168243885040283203125,"btc,eth",2120.21055773,35.01135758228976,20.319050671962373,1
1,[],22,[],2019-03-04 21:51:35,0.006382215384615385,0.01300000,0.0000004822987,6844538,2019-03-04 21:51:35,BTC,0.31439419,0.0,0.01300000,BTC,0.12751438772928525,0.0,7.978e-05,1
1,[],24,[],2019-03-04 21:51:35,0.0,0.000000000000,0,6844539,2019-03-04 21:51:35,btc,0.0,0.0,0.000000000000,btc,0.0,0.0,0.0,1
0.0,[],25,[],2019-03-04 21:51:37,0.0,0,0,6844540,2019-03-04 21:51:37,btc,19.33749999863738,4913.84714899,0.0,btc,1495.3908456,62.8616,0.0,1
1,[],26,[],2019-03-04 21:51:55,0.0,0,0,6844541,2019-03-04 21:51:55,,0.0,0.0,0,,0.0,0.0,0.0,1
1,[],28,[],2019-03-04 21:51:57,993.142,0.01323000,0.000000490831677,6844542,2019-03-04 21:51:57,btc,0.162839806,17904.15,0.01323000,btc,8.9,0.0,0.089302756,1
0,[],2,[],2019-01-20 23:28:45,0.0,0,0,6477011,2019-01-20 23:28:45,,0.0,0.0,0,,0.0,0.0,0.0,1
1,[],5,[],2019-03-04 21:51:58,0.0,0,0,6844543,2019-03-04 21:51:58,btc,0.0,0.01076537,0,btc,0.0,0.0,0.0,2
0.000000000126289,[],22,[],2019-03-04 21:52:01,1148.0,1.389179e-16,5.15384019821e-21,6844544,2019-03-04 21:52:01,XMR,21.01373823,0.0,0.00000110,XMR,14319.12581,0.0,0.00087635,2
1,[],5,[],2019-03-04 21:52:02,0.0,0,0,6844545,2019-03-04 21:52:02,btc,0.0,1.05480138,0,btc,0.0,0.0,0.0,3
1,[],12,[],2019-03-04 21:52:03,13362578.3693,0.000000175,0.000000000006492482499999999,6844546,2019-03-04 21:52:03,btc,924384.5370452857,0.0,0.000000175,btc,8033986.83087508,0.03676833968973808,0.7474866445607,3
0,[],28,[],2019-03-04 21:52:04,0.0,0,0,6844547,2019-03-04 21:52:04,,0.0,0.0,0,,0.0,0.0,0.0,3
0,[],2,[],2019-01-20 23:31:32,0.0,0,0,6477077,2019-01-20 23:31:32,,0.0,0.0,0,,0.0,0.0,0.0,4
1,[],4,[],2019-03-04 21:52:06,379057.70224311,0.00000032,0.000000000011871967999999999,6844548,2019-03-04 21:52:06,btc,32.10772888956506,0.0,0.00000032,btc,715647.52175842,0.0,0.0485486592663305,4
1,[],12,[],2019-03-04 21:52:07,1381595.33333333,0.00000003,0.0000000000011129969999999999,6844549,2019-03-04 21:52:07,btc,11013925.647185193,0.0,0.00000003,btc,1487826.32371984,2.463e-05,0.021490559999999898,5
0,[],2,[],2019-01-20 23:31:51,0.0,0,0,6477087,2019-01-20 23:31:51,,0.0,0.0,0,,0.0,0.0,0.0,6
1,[],11,[],2019-03-04 21:52:09,5580884.5,0.00000002,0.000000000000741998,6844550,2019-03-04 21:52:09,btc,9568.207380782815,1296000.0,0.00000002,btc,41777632.07452957,0.0,0.079092525,6
1,[],3,[],2019-03-04 21:52:09,1084.138853550546,0.00015112999999999999806328532248045348751475103199481964111328125,0.0000000056069078869999995,6844551,2019-03-04 21:52:09,btc,28.402034233092024,0.0,0.00015112999999999999806328532248045348751475103199481964111328125,btc,243.122414578101,0.0,0.03373112065540663,7
1,[],4,[],2019-03-04 21:52:10,98395.5585935,0.00023717,0.000000008798983283,6844552,2019-03-04 21:52:10,btc,18.48473858714254,0.0,0.00023717,btc,48190.14412493,3.76951187,6.453821215373793,7
1,[],5,[],2019-03-04 21:52:11,0.0,0,0,6844553,2019-03-04 21:52:11,btc,0.0,0.61379964,0,btc,0.0,0.0,0.0,7
1,[],20,[],2019-02-20 02:16:17,39399275.8418,0.000000001,0.0000000000000390183,6728586,2019-02-20 02:16:17,btc,116.9737569154545,525.0,0.000000001,btc,56932965.8895,5.25e-07,0.0393992758418,8
0,[],2,[],2019-01-20 23:22:42,0.0,0,0,6476876,2019-01-20 23:22:42,,0.0,0.0,0,,0.0,0.0,0.0,9
0,[],23,[],2019-01-20 23:22:48,0.0,0,0,6476878,2019-01-20 23:22:48,,0.0,0.0,0,,0.0,0.0,0.0,9
1,[],4,[],2019-03-04 21:52:13,2126140.81299615,0.00000162,0.00000000006010183799999999,6844554,2019-03-04 21:52:13,btc,6.025350525033981,0.0,0.00000162,btc,2831161.08140314,1.21681165,0.9982377439399003,9
1,[],28,[],2019-03-04 21:52:15,47563.15,0.00000166,0.000000000061585834,6844555,2019-03-04 21:52:15,btc,2708.761281370583,3578514.29,0.00000166,btc,11954.1497,0.0,0.050224829,9
1,[],1,[],2019-02-17 23:31:42,1822507.21,0.00000181000000000000003456111265232042484285557293333113193511962890625,0.000000000066086901,6701244,2019-02-17 23:31:42,btc,3.6990969245,17153386.5,0.00000181000000000000003456111265232042484285557293333113193511962890625,btc,1997391.71,31.11772986,3.2610482446,9
1,[],4,[],2019-02-17 11:22:43,4341674.27126056,0.00000002,0.0000000000007272960000000001,6696112,2019-02-17 11:22:43,btc,0.1997230937751353,0.0,0.00000002,btc,4109766.79808031,0.00215132,0.0479381022052112,10
0,[],2,[],2019-01-20 23:23:08,0.0,0,0,6476890,2019-01-20 23:23:08,,0.0,0.0,0,,0.0,0.0,0.0,12
1,[],4,[],2019-03-04 21:52:16,6598490.28375641,0.00000124,0.000000000046003876,6844556,2019-03-04 21:52:16,btc,11.298649594864415,0.0,0.00000124,btc,6196484.57874863,4.30740409,4.0935528211460115,12
1,[],5,[],2019-03-04 21:52:17,0.0,0,0,6844557,2019-03-04 21:52:17,btc,0.0,0.25961933,0,btc,0.0,0.0,0.0,12
0.0,[],25,[],2019-03-04 21:52:18,0.0,0,0,6844558,2019-03-04 21:52:18,,0.0,0.0,0.0,btc,0.0,0.0,0.0,12
1,[],10,[],2019-03-04 20:41:42,417376.08011332,0.00000541,0.000000000201396988,6844160,2019-03-04 20:41:42,btc,666802.5799625063,13116.348028,0.00000541,btc,743092.54612603,0.0,0.2412971714291676,13
1,[],4,[],2019-03-04 21:52:20,31929296.85628265,0.00000546,0.000000000202565454,6844559,2019-03-04 21:52:20,btc,2.938780054621296,0.0,0.00000546,btc,414925.22419031,0.42284411,0.7076975517676315,13
1,[],21,[],2019-03-04 21:52:23,996503.02994506,0.000005810000000000000277070033583,0.000000000215550419,6844560,2019-03-04 21:52:23,btc,6.418701589323688,812048.46691127,0.00000581000000000000027707003358301562911947257816791534423828125,btc,1015973.4144617,4.65081922,5.283410471249612,13
0,[],17,[],2019-03-04 20:41:48,0.0,0,0,6844164,2019-03-04 20:41:48,btc,0.0,0.0,0,btc,0.0,0.0,0.0,14
1,[],4,[],2019-03-04 21:52:24,737566.90733139,0.00000146,0.000000000054165853999999997,6844561,2019-03-04 21:52:24,btc,28.521482958244093,0.0,0.00000146,btc,904977.27256823,0.02581224,0.1940518279537745,14
1,[],12,[],2019-03-04 21:52:25,213668.69615935,0.000001359999999999999896105784720490294859018831630237400531768798828125,0.000000000050455863999999996,6844562,2019-03-04 21:52:25,btc,5.291295960858501,0.0,0.000001359999999999999896105784720490294859018831630237400531768798828125,btc,31251.47757234,0.0001497868032,0.022802519999856,14
1,[],26,[],2019-03-04 21:52:36,0.0,0.00000050,0.00000000001854995,6844563,2019-03-04 21:52:36,btc,0.0,0.0,0.00000050,btc,0.0,0.0,0.0,14
0,[],4,[],2019-03-04 21:52:37,0.0,0,0,6844564,2019-03-04 21:52:37,,0.0,0.0,0,,0.0,0.0,0.0,15
,[],12,[],2018-12-01 15:15:48,204241.84496,0.00000489,0.000000000202473384,5260204,2018-12-01 15:15:48,btc,49.5475654835,0.0,,btc,35763.2193806,0.0163153972027625,0.0203389899998,15
0,[],17,[],2019-03-04 20:42:06,0.0,0,0,6844170,2019-03-04 20:42:06,btc,0.0,0.0,0,btc,0.0,0.0,0.0,18
0,[],2,[],2019-01-20 23:23:38,0.0,0,0,6476906,2019-01-20 23:23:38,,0.0,0.0,0,,0.0,0.0,0.0,18
1,[],4,[],2019-03-04 21:52:38,25471.19448425,0.00001771,0.000000000657039229,6844565,2019-03-04 21:52:38,btc,1.3577500946444208,0.0,0.00001771,btc,15775.48953458,0.01386562,0.0746380696887423,18
1,[],10,[],2019-03-04 21:52:40,786462.61292867,0.00001727,0.0000000006407152729999999,6844566,2019-03-04 21:52:40,btc,15.3927716208445,3835.64205713,0.00001727,btc,13627.00649356,0.0,0.1821034381530795,18
1,[],12,[],2019-03-04 21:52:41,193039.03684388,0.0000165000000000000012650470948560865735998959280550479888916015625,0.00000000061214835,6844567,2019-03-04 21:52:41,btc,23.636476536067473,0.0,0.0000165000000000000012650470948560865735998959280550479888916015625,btc,2220.9563304499998,0.0248015735428069,0.0311279201723326,18
0,[],2,[],2019-01-20 23:24:19,0.0,0,0,6476924,2019-01-20 23:24:19,,0.0,0.0,0,,0.0,0.0,0.0,19
1,[],3,[],2019-03-04 21:52:52,118600.73570090653,0.000020100000000000000678623823802126935333944857120513916015625,0.00000000074570799,6844568,2019-03-04 21:52:52,btc,0.5483373544727321,0.027510917031,0.000020100000000000000678623823802126935333944857120513916015625,btc,9920.83263074671,0.0,0.03540794859888544,19
1,[],4,[],2019-03-04 21:52:53,404396.35054849,0.00001915,0.0000000007104630849999999,6844569,2019-03-04 21:52:53,btc,2.1995308968863707,0.0,0.00001915,btc,74662.00375198,0.42465424,2.2393031291321233,19
1,[],5,[],2019-03-04 21:52:53,0.0,0,0,6844570,2019-03-04 21:52:53,btc,0.0,0.00548902,0,btc,0.0,0.0,0.0,19
1,[],12,[],2019-03-04 21:52:55,134887.38176094,0.00001836999999999999860756348668555659742196439765393733978271484375,0.0000000006815251629999999,6844571,2019-03-04 21:52:55,btc,0.11187289071027991,0.0,0.00001836999999999999860756348668555659742196439765393733978271484375,btc,417.56200924,0.00112667,0.1136000898983589,19
0,[],27,[],2019-03-04 21:52:57,0.0,0,0,6844572,2019-03-04 21:52:57,,0.0,0.0,0,btc,0.0,0.0,0.0,19
1,[],4,[],2019-03-04 21:52:59,2777931.30750687,0.00000013,0.000000000004822987,6844573,2019-03-04 21:52:59,btc,7.37859059072158,0.0,0.00000013,btc,2855684.97012105,0.0001008,0.0778367123002956,20
1,[],4,[],2019-03-04 21:53:00,104056136.21537024,0.00000002,0.0000000000007419979999999999,6844574,2019-03-04 21:53:00,btc,1799.0982216782281,0.0,0.00000002,btc,55494697.40039335,0.0,1.1678631674280453,21
1,[],12,[],2019-03-04 21:53:01,17916951.0,0.00000002,0.000000000000741998,6844575,2019-03-04 21:53:01,btc,670.8733402334847,0.0,0.00000002,btc,8127598.32857329,0.0,0.23057926,21
0,[],17,[],2019-03-04 21:53:02,0.0,0,0,6844576,2019-03-04 21:53:02,btc,0.0,0.0,0,btc,0.0,0.0,0.0,21
1,[],12,[],2019-03-04 21:53:04,3142386484.531895,0.0000000001,0.00000000000000370999,6844577,2019-03-04 21:53:04,btc,975866455564.15,0.0,0.0000000001,btc,5110370278.740476,0.01176366421163297,0.31423864845318955,23
0,[],27,[],2019-03-04 21:53:05,0.0,0,0,6844578,2019-03-04 21:53:05,,13.503633221578426,0.0,0,eth,2004616.85364636,0.0,0.0,23
1,[],4,[],2019-03-04 21:53:06,483991.66191007,0.00000043,0.000000000015952956999999998,6844579,2019-03-04 21:53:06,btc,8.438684150546646,0.0,0.00000043,btc,1524788.49044757,0.0,0.1461139122721753,24
1,[],22,[],2019-03-04 21:53:10,11.76,0.00000100,0.0000000000370999,6844580,2019-03-04 21:53:10,BTC,7.415e-05,0.0,0.00000100,BTC,23.919354838709676,0.0,1.176e-05,24
0.0,[],25,[],2019-03-04 21:53:11,0.0,0,0,6844581,2019-03-04 21:53:11,,0.0,0.0,0.0,btc,0.0,0.0,0.0,24
0,[],2,[],2019-01-20 23:25:56,0.0,0,0,6476976,2019-01-20 23:25:56,,0.0,0.0,0,,0.0,0.0,0.0,26
1,[],4,[],2019-03-04 21:45:09,26574149.76139904,0.00000601,0.000000000223172335,6844382,2019-03-04 21:45:09,btc,62.1054247853657,0.0,0.00000601,btc,240602.28891455,0.0988501,0.4153909734461568,26
1,[],10,[],2019-03-04 21:45:14,686456.21658376,0.00000604,0.00000000022428634,6844383,2019-03-04 21:45:14,btc,26.127020853451356,4038.85246836,0.00000604,btc,14174.79594806,0.0,0.2273468295583976,26
1,[],3,[],2019-03-04 21:53:12,10350241.88133568,0.00000001,0.000000000000370999,6844582,2019-03-04 21:53:12,btc,2.1359312359862903,1654558.94107,0.00000001,btc,16336819.57687014,0.0,0.1035024188133568,27
1,[],5,[],2019-03-04 21:53:13,0.0,0,0,6844583,2019-03-04 21:53:13,btc,0.0,5.968e-05,0,btc,0.0,0.0,0.0,27
1,[],11,[],2019-03-04 21:53:15,9462011.01151506,0.00000005,0.000000000001854995,6844584,2019-03-04 21:53:15,btc,67506.37927837588,8043.88,0.00000005,btc,7972323.38084264,0.0,0.4410008448653851,27
1,[],4,[],2019-03-04 21:53:16,1411423322.6284966,0.00000002,0.0000000000007419979999999999,6844585,2019-03-04 21:53:16,btc,2.8057894405877315,0.0,0.00000002,"btc,ltc",207504422.66505113,0.17197836,10.307872299258984,29
1,[],7,[],2019-03-04 21:53:17,35378168.81376059,0.00000002,0.000000000000741998,6844586,2019-03-04 21:53:17,btc,44462590.671510756,77526.654861,0.00000002,btc,46030521.46050538,0.00175053,0.37665743203623775,29
0,[],17,[],2019-03-04 20:44:52,0.0,0,0,6844193,2019-03-04 20:44:52,btc,0.0,0.0,0,btc,0.0,0.0,0.0,30
1,[],4,[],2019-03-04 21:53:18,2333009.72528258,0.00000023,0.000000000008532977,6844587,2019-03-04 21:53:18,btc,2.34000937079879,0.0,0.00000023,btc,1603412.91954958,0.01760399,0.1004519543240044,30
1,[],4,[],2019-03-04 21:53:20,196114.79999651,0.00006710,0.00000000248940329,6844588,2019-03-04 21:53:20,btc,8.755452275091978,0.0,0.00006710,btc,70748.33091798,5.25001719,2.8099044020685544,31
1,[],21,[],2019-03-04 21:53:20,161284.57781639,0.00007247999999999999722836291349,0.000000002689000752,6844589,2019-03-04 21:53:20,btc,8.482034166988617,1902894.17517342,0.000072479999999999997228362913492816232974291779100894927978515625,btc,102899.59560695999,140.15547278,10.611298724265207,31
0,[],2,[],2019-01-20 23:28:43,0.0,0,0,6477009,2019-01-20 23:28:43,,0.0,0.0,0,,0.0,0.0,0.0,32
1,[],4,[],2019-03-04 21:53:21,445065805.5573416,0.00000004,0.0000000000014839959999999998,6844590,2019-03-04 21:53:21,btc,12.174732266256736,0.0,0.00000004,"btc,ltc",221076358.17498165,0.33189684,10.651198027055713,33
1,[],12,[],2019-03-04 21:53:22,16222428.66666667,0.00000004,0.000000000001483996,6844591,2019-03-04 21:53:22,btc,35634758.21019543,0.0,0.00000004,btc,96308278.61238751,0.001422672607393,0.3051629400000001,33
1,[],4,[],2019-03-04 21:53:23,112889012.02325623,0.00000001,0.00000000000037099899999999996,6844592,2019-03-04 21:53:23,btc,3.5745578377148686,0.0,0.00000001,btc,101175627.46602377,0.0243738,1.1288901202325623,34
1,[],5,[],2019-03-04 21:53:24,0.0,0,0,6844593,2019-03-04 21:53:24,btc,0.0,0.10864705,0,btc,0.0,0.0,0.0,34
0.0000000001228293,[],4,[],2019-03-04 21:53:25,2339846626.1233335,1.228293e-18,4.55695474707e-23,6844594,2019-03-04 21:53:25,ltc,6.138679451233307e-08,0.0,0.00000001,ltc,8424323484.379676,0.0,2.874017231940907e-09,36
1,[],5,[],2019-03-04 21:53:27,0.0,0,0,6844595,2019-03-04 21:53:27,btc,0.0,0.0,0,btc,0.0,0.0,0.0,36
0,[],17,[],2019-03-04 21:53:29,0.0,0,0,6844596,2019-03-04 21:53:29,btc,0.07464582799799772,0.0,0,btc,4105386.20243647,0.0,0.0,36
0.0000000003392041,[],27,[],2019-03-04 21:53:31,11290000.0,3.3920409999999998e-18,1.2584438189589998e-22,6844597,2019-03-04 21:53:31,eth,222.6013767858684,0.0,0.00000001,"ltc,eth",11165403.32426039,0.0,2.0246596136e-11,36
1,[],17,[],2019-03-04 20:47:31,1752.74075282,0.00000025,0.0000000000093067,6844205,2019-03-04 20:47:31,btc,0.055484923777095005,0.0,0.00000025,btc,1319.19918473,0.0,0.00043818518820499993,37
1,[],4,[],2019-03-04 21:45:37,195559.26504326,0.00000057,0.000000000021166095,6844400,2019-03-04 21:45:37,btc,19772.482620172123,0.0,0.00000057,btc,561367.46442292,0.03037521,0.0787497079261973,37
1,[],12,[],2019-03-04 21:45:38,482982.15279753,0.00000061,0.000000000022651435,6844401,2019-03-04 21:45:38,btc,1345.808822491941,0.0,0.00000061,btc,940429.69556646,0.0415431515013589,0.120348374196999,37
1,[],27,[],2019-03-04 21:45:51,14685.567,0.00000045,0.000000000016710075,6844402,2019-03-04 21:45:51,btc,25.82157785111233,0.0,0.00000045,btc,6804.86438508,0.0,0.00480032515,37
1,[],5,[],2019-03-04 21:53:33,0.0,0,0,6844598,2019-03-04 21:53:33,btc,0.0,0.00027771,0,btc,0.0,0.0,0.0,42
1,[],12,[],2019-03-04 21:53:34,262140.74501072,0.00000110000000000000005610204141526242693771564518101513385772705078125,0.00000000004080989,6844599,2019-03-04 21:53:34,btc,94.63826705317861,0.0,0.00000110000000000000005610204141526242693771564518101513385772705078125,btc,90657.96864633,0.0771962150628464,0.0687490749475501,42
0.0000000003392041,[],27,[],2019-03-04 21:53:37,2000.0,3.3920409999999998e-18,1.2584438189589998e-22,6844600,2019-03-04 21:53:37,eth,0.00315028,0.0,0.00000001,"btc,eth",11.007,0.0,6.784082e-15,42
0,[],17,[],2019-03-04 19:56:11,0.0,0,0,6844014,2019-03-04 19:56:11,btc,0.0,0.0,0,btc,0.0,0.0,0.0,43
1,[],5,[],2019-03-04 21:53:38,0.0,0,0,6844601,2019-03-04 21:53:38,btc,0.0,0.00027471,0,btc,0.0,0.0,0.0,43
1,[],12,[],2019-03-04 21:53:39,1209361.0,0.00000001,0.000000000000370999,6844602,2019-03-04 21:53:39,btc,3569.074552336114,0.0,0.00000001,btc,11768494.65174823,0.0,0.01209361,43
1,[],12,[],2019-03-04 21:46:10,639324.0,0.00000004,0.00000000000148534,6844408,2019-03-04 21:46:10,btc,11116042.72813873,0.0,0.00000004,btc,1103841.4595604,0.0003342465734264,0.01497535,44
1,[],4,[],2019-03-04 21:53:51,290707864.1324073,0.00000002,0.0000000000007419979999999999,6844603,2019-03-04 21:53:51,btc,473.6505854879751,0.0,0.00000002,"btc,ltc",12414630.06525513,0.00132157,0.19768532694201726,49
0.0000000001228293,[],4,[],2019-03-04 21:53:51,3503338.5101,1.228293e-18,4.55695474707e-23,6844604,2019-03-04 21:53:51,ltc,25.808783847685472,0.0,0.00000001,ltc,9688903562.30385,0.0,4.3031261685862595e-12,52
0.000000000126289,[],22,[],2019-03-04 21:53:55,80845862.0,1.2628900000000001e-18,4.6853092711e-23,6844605,2019-03-04 21:53:55,XMR,4366.97466637,0.0,0.00000001,XMR,255820234.67882353,0.0,0.80845862,57
0.0000000003392041,[],27,[],2019-03-04 21:53:57,2000.0,3.3920409999999998e-18,1.2584438189589998e-22,6844606,2019-03-04 21:53:57,eth,0.0,0.0,0.00000001,"btc,eth",0.0,0.0,6.784082e-15,57
0,[],17,[],2019-03-04 17:12:55,0.0,0,0,6842702,2019-03-04 17:12:55,btc,1e+24,0.0,0,btc,49226522.0897055,0.0,0.0,58
0.0000000001228293,[],4,[],2019-03-04 21:53:58,905841811.1593333,3.684879e-18,1.3670864241209998e-22,6844607,2019-03-04 21:53:58,ltc,18.807185217540795,0.0,0.00000003,ltc,4261170598.423152,0.0,2.125196957391904e-09,58
1,[],12,[],2019-03-04 21:53:59,1726754539.843957,0.0000000004,0.00000000000001483996,6844608,2019-03-04 21:53:59,btc,224005953928.87723,0.0,0.0000000004,btc,3818149565.5989785,0.024988655017877715,0.5658477001011392,58
0.000000000126289,[],22,[],2019-03-04 21:54:13,137438.0,1.2628900000000001e-18,4.6853092711e-23,6844609,2019-03-04 21:54:13,XMR,69.8835922,0.0,0.00000001,XMR,9887963.0,0.0,0.00137438,58
1,[],5,[],2019-03-04 21:54:15,0.0,0,0,6844610,2019-03-04 21:54:15,btc,0.0,0.01664591,0,btc,0.0,0.0,0.0,61
1,[],22,[],2019-03-04 21:54:30,13759.5,0.00000012,0.0000000000044519879999999995,6844611,2019-03-04 21:54:30,BTC,1002.29597012,0.0,0.00000012,BTC,14947.700278135757,0.0,0.00155017,61
1,[],26,[],2019-03-04 21:54:30,0.0,0.00000800,0.0000000002967992,6844612,2019-03-04 21:54:30,btc,0.0,0.0,0.00000800,btc,0.0,0.0,0.0,61
1,[],27,[],2019-03-04 21:54:33,4413.2201,0.00000047,0.000000000017436953,6844613,2019-03-04 21:54:33,btc,7.76072757961638,0.0,0.00000047,"btc,eth",19950.11257617,0.0,0.001244699968853108,61
1,[],28,[],2019-03-04 21:54:39,13880.304,0.0000005,0.00000000001854995,6844614,2019-03-04 21:54:39,btc,2.056312978300105,773.0,0.0000005,btc,9730.59500005,0.0,0.00566391304,61
1,[],4,[],2019-03-04 21:46:51,1309757.10464331,0.00000277,0.000000000102859795,6844421,2019-03-04 21:46:51,btc,11.158544869824022,0.0,0.00000277,btc,775579.37718393,0.16220826,1.0975413267811895,67
0.0,[],25,[],2019-03-04 21:46:53,0.0,0,0,6844422,2019-03-04 21:46:53,,0.0,0.0,0.0,btc,0.0,0.0,0.0,67
1,[],12,[],2019-03-04 21:54:40,1787190.37271761,0.00000021,0.000000000007790979,6844615,2019-03-04 21:54:40,btc,11115899.277077794,0.0,0.00000021,btc,2221619.12191139,0.0007029663436577,0.0816723364411084,71
,[],5,[],2018-11-20 23:02:39,1.5e-07,0.00000005,0.000000000002128045,4862160,2018-11-20 23:02:39,btc,2.84511358,0.0,,btc,0.00036572,0.0,0.07381892,74
1,[],5,[],2019-03-04 21:54:41,0.0,0,0,6844616,2019-03-04 21:54:41,btc,0.0,0.0,0,btc,0.0,0.0,0.0,75
0,[],20,[],2019-01-25 09:30:31,0.0,0,0,6495923,2019-01-25 09:30:31,btc,0.0,0.0,0,btc,0.0,0.0,0.0,81
1,[],4,[],2019-03-04 21:54:42,15974186.349575,0.00000001,0.00000000000037099899999999996,6844617,2019-03-04 21:54:42,btc,11388.971513954408,0.0,0.00000001,btc,39319058.17822428,0.00077802,0.15974186349575,81
1,[],4,[],2019-03-04 21:54:43,28196.37528073,0.00007714,0.000000002861886286,6844618,2019-03-04 21:54:43,btc,18.13442636952015,0.0,0.00007714,btc,12359.61999356,0.03782637,0.1667030828620991,82
1,[],21,[],2019-03-04 21:54:44,748492.1163744701,0.00007399000000000000140578521046,0.000000002745021601,6844619,2019-03-04 21:54:44,btc,2.2572661625512676,5529.96568644,0.000073990000000000001405785210462084933169535361230373382568359375,btc,25866.78140616,0.40399269,1.7812133875813168,82
0,[],17,[],2019-03-04 21:54:57,0.0,0,0,6844620,2019-03-04 21:54:57,btc,0.0447233088476774,0.0,0,btc,999127.19588126,0.0,0.0,84
0.0000000001228293,[],4,[],2019-03-04 21:54:57,121090030.66553254,3.684879e-18,1.3670864241209998e-22,6844621,2019-03-04 21:54:57,ltc,1.7494930737939007,0.0,0.00000003,ltc,412172946.8867975,0.0,2.289605490426286e-10,85
,[],22,[],2018-11-20 23:09:34,3408.1,0.0000001,0.0000000000041895,4862324,2018-11-20 23:09:34,BTC,0.04624735,0.0,,BTC,4990.0,0.0,0.00033081,86
0,[],22,[],2019-02-22 12:52:35,0.0,0,0,6758847,2019-02-22 12:52:35,,2.0760781,0.0,0,,140622.94736842104,0.0,0.0,87
0,[],27,[],2019-02-22 12:52:37,0.0,0,0,6758848,2019-02-22 12:52:37,,0.0,0.0,0,btc,0.0,0.0,0.0,87
,[],2,[],2018-11-20 23:10:47,0.0,0,0,4862359,2018-11-20 23:10:47,,0.0,0.0,,,0.0,0.0,0.0,88
1,[],11,[],2019-03-04 21:54:59,92987.13739926,0.00015499999999999999997397914786034789358382113277912139892578125,0.0000000057504845,6844622,2019-03-04 21:54:59,btc,608.2345464143767,8444.52200802,0.00015499999999999999997397914786034789358382113277912139892578125,btc,93769.75746665,0.0,6.267777197322588,89
1,[],12,[],2019-03-04 21:47:04,474839.67726023,0.0000011599999999999999051561623553130431218960438854992389678955078125,0.000000000043074859999999994,6844431,2019-03-04 21:47:04,btc,39.561780856223464,0.0,0.0000011599999999999999051561623553130431218960438854992389678955078125,btc,71068.80925501,0.0015155652,0.087351433099991,91
1,[],22,[],2019-03-04 21:47:08,65900.0,0.00000001,0.000000000000371335,6844432,2019-03-04 21:47:08,BTC,3e-06,0.0,0.00000001,BTC,1.0,0.0,0.000659,91
0,[],2,[],2019-01-20 23:31:45,0.0,0,0,6477083,2019-01-20 23:31:45,,0.0,0.0,0,,0.0,0.0,0.0,91
0,[],17,[],2019-03-04 18:51:40,0.0,0,0,6843646,2019-03-04 18:51:40,btc,0.0,0.0,0,btc,0.0,0.0,0.0,91
0.0000000001228293,[],22,[],2019-03-04 21:55:06,1820000.0,6.1414649999999994e-18,2.278477373535e-22,6844623,2019-03-04 21:55:06,LTC,8.54731773,0.0,0.00000005,LTC,72219994.1,0.0,0.091,95
0,[],17,[],2019-03-04 21:47:16,0.0,0,0,6844436,2019-03-04 21:47:16,btc,0.0,0.0,0,btc,0.0,0.0,0.0,96
0.0000000001228293,[],4,[],2019-03-04 21:55:07,646558463.1947199,7.738245899999999e-17,2.8708814906540996e-21,6844624,2019-03-04 21:55:07,ltc,11.894686001880402,0.0,0.00000063,ltc,136359063.75997812,0.00010079,1.9102759409184127e-09,96
1,[],12,[],2019-03-04 21:55:09,75334.47400001,0.00000001,0.000000000000370999,6844625,2019-03-04 21:55:09,btc,378535.46164865704,0.0,0.00000001,btc,8978847.40490483,0.0007338008291708,0.0007533447400001,96
1,[],4,[],2019-03-04 21:55:10,1927522.36119981,0.00000024,0.000000000008903975999999999,6844626,2019-03-04 21:55:10,btc,2.705631301179632,0.0,0.00000024,btc,2532021.89365901,0.04739962,0.1305176880807765,99
0,[],2,[],2019-01-20 23:23:55,0.0,0,0,6476914,2019-01-20 23:23:55,,0.0,0.0,0,,0.0,0.0,0.0,100
1,[],4,[],2019-03-04 21:55:11,335460.57420821,0.00004108,0.0000000015240638919999999,6844627,2019-03-04 21:55:11,btc,11.195268852300618,0.0,0.00004108,btc,152677.50411063,3.27395769,2.4281620340239995,100
1,[],22,[],2019-03-04 21:55:14,50000.0,0.00000001,0.00000000000037099899999999996,6844628,2019-03-04 21:55:14,BTC,23.49896609,0.0,0.00000001,BTC,10277.22,0.0,0.0005,101
1,[],4,[],2019-03-04 21:55:15,467523.4914205,0.00000086,0.000000000031905913999999996,6844629,2019-03-04 21:55:15,btc,256.29456499458104,0.0,0.00000086,btc,494738.66656613,0.02417418,0.2369057572710848,103
1,[],12,[],2019-03-04 21:55:18,66197353.746,0.000000009,0.00000000000033389909999999996,6844630,2019-03-04 21:55:18,btc,137279914.44499722,0.0,0.000000009,btc,126108382.57546176,0.02947642370725288,0.239313138714,105
1,[],27,[],2019-03-04 21:55:21,115397.89,0.00000001,0.00000000000037099899999999996,6844631,2019-03-04 21:55:21,btc,36.59332814491341,1044311.50067673,0.00000001,btc,822331.73571724,0.02088623,0.0011539789,105
1,[],22,[],2019-03-04 21:55:25,9328.0,0.00000001,0.00000000000037099899999999996,6844632,2019-03-04 21:55:25,BTC,51.10837004,0.0,0.00000001,BTC,470435.0,0.0,9.328e-05,107
1,[],26,[],2019-03-04 21:55:26,0.0,0.00000000,0,6844633,2019-03-04 21:55:26,btc,0.0,0.0,0.00000000,btc,0.0,0.0,0.0,107
1,[],5,[],2019-03-04 21:55:27,0.0,0,0,6844634,2019-03-04 21:55:27,btc,0.0,1.826e-05,0,btc,0.0,0.0,0.0,112
1,[],22,[],2019-03-04 21:55:31,1966.0,0.00000001,0.00000000000037099899999999996,6844635,2019-03-04 21:55:31,BTC,2.81183288,0.0,0.00000001,BTC,808524.0833333334,0.0,1.966e-05,112
0.0000000003392041,[],27,[],2019-03-04 21:55:34,22000.0,2.0352245999999998e-17,7.550662913753999e-22,6844636,2019-03-04 21:55:34,eth,1.24892491849924,0.0,0.00000006,"btc,eth",1288.641654,0.0,4.13829002e-13,112
1,[],4,[],2019-03-04 21:55:35,1242832.18667398,0.00000204,0.000000000075683796,6844637,2019-03-04 21:55:35,btc,4.903944344545114,0.0,0.00000204,btc,337132.04740425,0.03586127,0.9099215466700946,113
1,[],5,[],2019-03-04 21:55:36,0.0,0,0,6844638,2019-03-04 21:55:36,btc,0.0,0.0,0,btc,0.0,0.0,0.0,113
1,[],17,[],2019-03-04 21:55:39,152738.278,0.00000004,0.000000000001483996,6844639,2019-03-04 21:55:39,btc,1.33680302678,0.0,0.00000004,btc,50696.221,0.0,0.0022095311199999998,116
0,[],27,[],2019-03-04 21:55:41,0.0,0,0,6844640,2019-03-04 21:55:41,,0.0,0.0,0,btc,0.0,0.0,0.0,116
1,[],4,[],2019-03-04 21:55:43,90299.83857745,0.00002838,0.000000001052895162,6844641,2019-03-04 21:55:43,btc,28.871391007013933,0.0,0.00002838,btc,69998.90939885,1.17426788,1.2125374088505503,120
1,[],7,[],2019-03-04 21:55:44,21278.97709653,0.0000264200000000000011549615430705983953885152004659175872802734375,0.000000000980179358,6844642,2019-03-04 21:55:44,btc,115748.30810621749,30.12407667,0.0000264200000000000011549615430705983953885152004659175872802734375,btc,56418.81177067,0.00092773,0.0556386691995554,120
1,[],20,[],2019-03-04 21:55:47,1959847.0027,0.000000035,0.0000000000012984965,6844643,2019-03-04 21:55:47,btc,32.2957660501996,18540.0,0.000000035,btc,1009791.7699,0.0006968445,0.0226779398566,125
1,[],22,[],2019-03-04 21:55:53,3053.0,0.00000001,0.00000000000037099899999999996,6844644,2019-03-04 21:55:53,BTC,0.01444887,0.0,0.00000001,BTC,296263.5111111111,0.0,3.053e-05,126
0,[],2,[],2019-01-20 23:25:46,0.0,0,0,6476969,2019-01-20 23:25:46,,0.0,0.0,0,,0.0,0.0,0.0,131
1,[],4,[],2019-03-04 21:55:54,196354.1195779,0.00001255,0.00000000046560374499999996,6844645,2019-03-04 21:55:54,btc,3.6427460877975304,0.0,0.00001255,btc,114737.34628422,0.17143477,1.268738803456628,131
0,[],17,[],2019-03-04 21:55:55,0.0,0,0,6844646,2019-03-04 21:55:55,btc,0.0009561751951600001,0.0,0,btc,35.42829368,0.0,0.0,131
1,[],4,[],2019-03-04 21:47:59,4557.16579168,0.00016001,0.000000005941731335,6844458,2019-03-04 21:47:59,btc,1.6199379449424096,0.0,0.00016001,btc,238.12730989,0.0,0.0084138372051231,135
1,[],3,[],2019-03-04 21:55:57,1063515.28776843,0.00000004,0.000000000001483996,6844647,2019-03-04 21:55:57,btc,0.10278212606055509,23700.2,0.00000004,btc,521773.35144011,0.0,0.0312037341737019,136
1,[],4,[],2019-03-04 21:55:58,277963.54377669,0.00000160,0.00000000005935984,6844648,2019-03-04 21:55:58,btc,38.23528324842225,0.0,0.00000160,btc,516354.13115158,0.02699409,0.0794640308046263,137
1,[],12,[],2019-03-04 21:56:00,293094.34059729,0.00000154999999999999998279913253351747215447176131419837474822998046875,0.000000000057504844999999994,6844649,2019-03-04 21:56:00,btc,11807.600470080444,0.0,0.00000154999999999999998279913253351747215447176131419837474822998046875,btc,125110.43654758,0.0024440197089904,0.0183285799999976,137
1,[],17,[],2019-03-04 20:50:25,22967.386363640002,0.00000088,0.000000000032759584000000004,6844265,2019-03-04 20:50:25,btc,20.0699133484,0.0,0.00000088,btc,405.079105,0.0,0.0104613000000032,142
1,[],4,[],2019-03-04 21:56:01,107288.09070078,0.00004041,0.000000001499206959,6844650,2019-03-04 21:56:01,btc,28.973726817681126,0.0,0.00004041,btc,45988.34224955,0.14196417,0.714597003499236,142
1,[],5,[],2019-03-04 21:56:02,0.0,0,0,6844651,2019-03-04 21:56:02,btc,0.0,0.18855963,0,btc,0.0,0.0,0.0,142
1,[],20,[],2019-03-04 21:56:15,132795.5147,0.00002802,0.000000001039539198,6844652,2019-03-04 21:56:15,btc,0.3065065109112,0.0,0.00002802,btc,1594.2632,0.0,0.2221633479987,142
1,[],22,[],2019-03-04 21:56:18,1685.8988921568628,0.00004000,0.000000001483996,6844653,2019-03-04 21:56:18,BTC,3.00385504,0.0,0.00004000,BTC,891.218,0.0,0.00174536,142
0.0,[],25,[],2019-03-04 21:56:20,0.0,0,0,6844654,2019-03-04 21:56:20,,0.0,0.0,0.0,btc,0.0,0.0,0.0,142
1,[],28,[],2019-03-04 21:56:26,76144.0,0.00000820,0.00000000030421918,6844655,2019-03-04 21:56:26,btc,0.0639742472,265.0,0.00000820,btc,500.6113,0.0,0.004468,142
0,[],22,[],2019-03-04 21:56:29,0.0,0,0,6844656,2019-03-04 21:56:29,,60.70572865,0.0,0,,694633617.3,0.0,0.0,143
0,[],22,[],2019-02-25 15:42:22,0.0,0,0,6783783,2019-02-25 15:42:22,,4.2131946,0.0,0,,2322156.0,0.0,0.0,146
,[],22,[],2018-11-20 23:01:11,0.0,0,0,4862114,2018-11-20 23:01:11,,2.56807021,0.0,,,61828.4988236,0.0,0.0,147
1,[],12,[],2019-03-04 21:56:31,218630.66467481,0.00000216000000000000007166251099477438657459060777910053730010986328125,0.000000000080135784,6844657,2019-03-04 21:56:31,btc,28.61499285768451,0.0,0.00000216000000000000007166251099477438657459060777910053730010986328125,btc,117332.98938791,0.0,0.0271098399998903,148
1,[],4,[],2019-03-04 21:56:32,259608.6286163,0.00000033,0.000000000012242967,6844658,2019-03-04 21:56:32,btc,219.9919969433153,0.0,0.00000033,btc,840476.70556072,0.00589473,0.0619982257644649,152
0,[],22,[],2019-03-04 21:56:36,0.0,0,0,6844659,2019-03-04 21:56:36,,0.0,0.0,0,,0.0,0.0,0.0,152
1,[],5,[],2019-03-04 21:56:37,0.0,0,0,6844660,2019-03-04 21:56:37,btc,0.0,0.0,0,btc,0.0,0.0,0.0,153
,[],16,[],2019-01-11 15:38:59,0.0,0,0,6366141,2019-01-11 15:38:59,btc,0.0,0.0,,btc,0.0,0.0,0.0,155
0,[],23,[],2019-01-20 23:24:29,0.0,0,0,6476932,2019-01-20 23:24:29,,0.0,0.0,0,,0.0,0.0,0.0,156
0,[],22,[],2019-03-04 21:56:40,0.0,0,0,6844661,2019-03-04 21:56:40,,6.7463875,0.0,0,,4674391.242592593,0.0,0.0,156
1,[],22,[],2019-03-04 21:56:43,7073.8,0.00005300,0.0000000019662947,6844662,2019-03-04 21:56:43,BTC,1.80343699,0.0,0.00005300,BTC,899.6422341958436,0.0,0.00104336,157
0,[],22,[],2019-03-04 21:56:46,0.0,0,0,6844663,2019-03-04 21:56:46,,50175.67608608,0.0,0,,54079135.04179466,0.0,0.0,158
,[],17,[],2018-11-20 22:56:10,0.0,0,0,4861976,2018-11-20 22:56:10,btc,1.1265625,0.0,,btc,1000.0,0.0,0.0,159
,[],20,[],2018-11-20 22:56:12,0.0,0,0,4861977,2018-11-20 22:56:12,btc,11912.7940471,0.0,,btc,34413894.3617,0.0,0.0,159
1,[],12,[],2019-03-04 21:56:48,180700.55880574,0.00000711999999999999959310326147488012793473899364471435546875,0.000000000264151288,6844664,2019-03-04 21:56:48,btc,6.645871161539894,0.0,0.00000711999999999999959310326147488012793473899364471435546875,btc,14117.55641994,0.0096821172210219,0.08570079609085189,168
1,[],17,[],2019-03-04 21:56:59,29784.95,0.000001,0.000000000037099899999999994,6844665,2019-03-04 21:56:59,btc,0.03026736251542,0.0,0.000001,btc,144.46171372,0.0,0.00716147,168
0,[],22,[],2019-03-04 21:57:02,0.0,0,0,6844666,2019-03-04 21:57:02,,1.1341504,0.0,0,,539283.174707144,0.0,0.0,169
1,[],22,[],2019-03-04 21:57:07,203600.0,0.00000002,0.0000000000007419979999999999,6844667,2019-03-04 21:57:07,BTC,13.25047031,0.0,0.00000002,BTC,146217.2939341018,0.0,0.002072,171
1,[],22,[],2019-03-04 21:57:12,1080322.6666666667,0.00000003,0.0000000000011129969999999999,6844668,2019-03-04 21:57:12,BTC,2.1938388,0.0,0.00000003,"BTC,LTC",236317.04593143624,2.36e-06,0.0298597,173
1,[],5,[],2019-03-04 21:57:14,0.0,0,0,6844669,2019-03-04 21:57:14,btc,0.0,7.49e-05,0,btc,0.0,0.0,0.0,175
1,[],22,[],2019-03-04 21:57:18,36490.833333333336,0.0000003,0.00000000001112997,6844670,2019-03-04 21:57:18,BTC,0.54826403,0.0,0.0000003,BTC,138776.41384013777,0.0,0.00239125,176
0,[],22,[],2019-03-04 21:57:22,0.0,0,0,6844672,2019-03-04 21:57:22,,1.00242438,0.0,0,,57522.0,0.0,0.0,178
0,[],2,[],2019-01-20 23:28:34,0.0,0,0,6477001,2019-01-20 23:28:34,,0.0,0.0,0,,0.0,0.0,0.0,178
1,[],7,[],2019-03-04 21:57:19,0.0,0,0,6844671,2019-03-04 21:57:19,btc,410932.5273358376,0.0,0,btc,117801559.31901672,0.0,0.0,178
1,[],5,[],2019-03-04 21:57:23,0.0,0,0,6844673,2019-03-04 21:57:23,btc,0.0,0.2247121,0,btc,0.0,0.0,0.0,179
1,[],22,[],2019-03-04 21:57:32,6949180.5,0.00000002,0.0000000000007419979999999999,6844674,2019-03-04 21:57:32,BTC,5.66994705,0.0,0.00000002,"BTC,LTC",18378268.089868754,0.0,0.37392433,179
0,[],23,[],2019-01-20 23:25:08,0.0,0,0,6476952,2019-01-20 23:25:08,,0.0,0.0,0,,0.0,0.0,0.0,179
1,[],17,[],2019-03-04 21:57:35,10504.725,0.0000001,0.00000000000370999,6844675,2019-03-04 21:57:35,btc,5.201069583843628,0.0,0.0000001,btc,5033.45945,0.0,0.0010504725,180
1,[],22,[],2019-03-04 21:57:39,148605.4,0.00000100,0.0000000000370999,6844676,2019-03-04 21:57:39,BTC,0.24519222,0.0,0.00000100,"BTC,LTC",83034.47835911435,0.02165405,0.01180544,180
1,[],26,[],2019-03-04 21:57:39,0.0,0.00000125,0.000000000046374875,6844677,2019-03-04 21:57:39,btc,0.0,100.0,0.00000125,btc,0.0,0.0,0.0,180
,[],7,[],2018-11-20 22:58:01,562227.975654,0.00000085,0.000000000036176765,4862015,2018-11-20 22:58:01,btc,21836.6059674,2491.87645172,,btc,749999.041456,0.00211021,0.127565380455,183
1,[],24,[],2019-03-04 21:57:39,0.0,0.000000000001,3.70999e-17,6844678,2019-03-04 21:57:39,btc,0.0,0.0,0.000000000001,btc,0.0,0.0,0.0,187
,[],5,[],2019-01-10 08:11:41,0.0,0,0,6347036,2019-01-10 08:11:41,btc,82.15055501,0.00261,,btc,1.19002445,0.0,0.0,187
,[],17,[],2018-11-16 20:58:10,4062536.27273,0.00000001,0.000000000000550501,4708775,2018-11-16 20:58:10,btc,3.36492563466,0.195460381006,,"btc,eth",110697919.549,0.0,0.0157628953496,187
0,[],22,[],2019-03-04 21:57:43,0.0,0,0,6844679,2019-03-04 21:57:43,,7.42841024,0.0,0,,79361.7243078683,0.0,0.0,191
0,[],22,[],2019-03-04 21:57:47,0.0,0,0,6844680,2019-03-04 21:57:47,,0.0,0.0,0,,0.0,0.0,0.0,197
0,[],22,[],2019-03-04 21:57:51,0.0,0,0,6844681,2019-03-04 21:57:51,,5.19477622,0.0,0,,21058553.0,0.0,0.0,199
1,[],26,[],2019-03-04 21:57:52,0.0,0.00000000,0,6844682,2019-03-04 21:57:52,btc,0.0,154676.0,0.00000000,btc,0.0,0.0,0.0,199
0,[],23,[],2019-01-20 23:31:41,0.0,0,0,6477079,2019-01-20 23:31:41,,0.0,0.0,0,,0.0,0.0,0.0,199
0,[],17,[],2019-01-30 16:32:01,0.0,0,0,6540827,2019-01-30 16:32:01,btc,6.802544163788159,0.0,0,btc,105897.55575295,0.0,0.0,200
0,[],2,[],2019-01-20 23:30:49,0.0,0,0,6477059,2019-01-20 23:30:49,,0.0,0.0,0,,0.0,0.0,0.0,201
1,[],4,[],2019-01-25 15:51:35,2084389.58565343,0.00000936,0.000000000333526752,6499557,2019-01-25 15:51:35,btc,2.0092503037378524,0.0,0.00000936,btc,160195.80207885,0.19272417,1.242687955921835,211
1,[],7,[],2019-03-04 21:49:45,1683860.6390474,0.00000128999999999999993103715241471451946608794969506561756134033203125,0.000000000047902214999999997,6844495,2019-03-04 21:49:45,btc,15476656.051498298,279430.788955,0.00000128999999999999993103715241471451946608794969506561756134033203125,btc,13457417.57432968,0.0,1.5711611017918623,212
1,[],5,[],2019-03-04 21:57:56,0.0,0,0,6844683,2019-03-04 21:57:56,btc,0.0,0.1226934,0,btc,0.0,0.0,0.0,213
1,[],24,[],2019-03-04 21:57:56,0.0,0.000000120000,0.0000000000044519879999999995,6844684,2019-03-04 21:57:56,btc,0.0,0.0,0.000000120000,btc,0.0,0.0,0.0,213
1,[],26,[],2019-03-04 21:57:57,0.0,0.00000010,0.00000000000370999,6844685,2019-03-04 21:57:57,btc,0.0,0.0,0.00000010,btc,0.0,0.0,0.0,213
1,[],12,[],2019-01-25 02:44:32,207462.42853209,0.000001080000000000000035831255497387193287295303889550268650054931640625,0.000000000038610756000000006,6493050,2019-01-25 02:44:32,btc,85023.03793723314,0.0,0.000001080000000000000035831255497387193287295303889550268650054931640625,btc,43675.73520027,0.000146250909087,0.0348620860622024,213
1,[],22,[],2019-03-04 21:58:01,45166.0,0.00000002,0.0000000000007419979999999999,6844686,2019-03-04 21:58:01,BTC,2.23272342,0.0,0.00000002,BTC,620045.3963726171,0.00070952,0.00061247,216
1,[],27,[],2019-03-04 21:58:04,1298602.0,0.00000003,0.0000000000011129969999999999,6844687,2019-03-04 21:58:04,btc,316.25863360644,0.0,0.00000003,"btc,ltc",238161.907,0.0,0.03377204000022109,216
1,[],22,[],2019-03-04 21:58:07,175439.06081954937,0.00000179,0.00000000006640882099999999,6844688,2019-03-04 21:58:07,BTC,12673.42685365,0.0,0.00000179,BTC,387177.0407067686,0.01985056,0.20070715,217
1,[],7,[],2019-03-04 21:58:09,0.0,0,0,6844689,2019-03-04 21:58:09,btc,77969.65966620563,0.0,0,btc,136168678.88835862,0.0,0.0,219
0,[],27,[],2019-03-04 21:58:11,0.0,0,0,6844690,2019-03-04 21:58:11,,0.03997288,0.0,0,btc,2007233.0,0.0,0.0,219
0.0000000000000052,[],28,[],2019-03-04 21:58:18,175813631.973,5.200052e-18,1.9292140919479999e-22,6844691,2019-03-04 21:58:18,doge,84213.6327103825,446044.0,0.00100001,"btc,doge",3504260.84751,0.0,4.570802135021153e-11,219
1,[],22,[],2019-03-04 21:58:22,405825.6666666667,0.00000004,0.0000000000014839959999999998,6844692,2019-03-04 21:58:22,BTC,2.80391873,0.0,0.00000004,BTC,86364.27041875875,8.8e-05,0.00930997,221
1,[],24,[],2019-03-04 21:58:22,0.0,0.000000200000,0.00000000000741998,6844693,2019-03-04 21:58:22,btc,0.0,0.0,0.000000200000,btc,0.0,0.0,0.0,221
1,[],20,[],2019-03-04 21:58:25,39105329.5253,0.000000001,0.0000000000000370999,6844694,2019-03-04 21:58:25,btc,48.4412392087255,1038039.1081,0.000000001,btc,15726885.0042,0.0010380391081,0.0391053295253,224
0,[],22,[],2019-03-04 21:58:28,0.0,0,0,6844695,2019-03-04 21:58:28,,0.0,0.0,0,,0.0,0.0,0.0,224
1,[],26,[],2019-03-04 21:58:28,0.0,0.00000035,0.000000000012984965,6844696,2019-03-04 21:58:28,btc,0.0,0.0,0.00000035,btc,0.0,0.0,0.0,231
1,[],26,[],2019-03-04 21:58:28,0.0,0.00000005,0.000000000001854995,6844697,2019-03-04 21:58:28,btc,0.0,0.0,0.00000005,btc,0.0,0.0,0.0,234
0.0000000003392041,[],27,[],2019-03-04 21:58:31,2000.0,3.3920409999999998e-18,1.2584438189589998e-22,6844698,2019-03-04 21:58:31,eth,0.01134836604,0.0,0.00000001,"btc,eth",11462.996,0.0,6.784082e-15,234
1,[],4,[],2019-03-04 21:58:32,758072.87347768,0.00000075,0.000000000027824925,6844699,2019-03-04 21:58:32,btc,4.744380744262891,0.0,0.00000075,btc,1221501.05071298,0.07417412,0.1815695147419116,236
1,[],24,[],2019-03-04 21:58:32,0.0,0.000000300000,0.00000000001112997,6844700,2019-03-04 21:58:32,btc,0.0,0.0,0.000000300000,btc,0.0,0.0,0.0,236
1,[],20,[],2019-03-04 21:58:35,184124063.0133,0.000000062,0.0000000000023001938,6844701,2019-03-04 21:58:35,btc,13.1510196105022,28183494.1557,0.000000062,btc,41708719.287,1.9366708908281,0.615927272358,237
0.0000000001228293,[],22,[],2019-03-04 21:58:38,751594.9,2.0880981e-17,7.746823070019e-22,6844702,2019-03-04 21:58:38,LTC,0.0413973,0.0,0.00000017,LTC,7239.0,0.0,0.12541949,237
1,[],4,[],2019-03-04 21:58:39,8843349.94642421,0.00000033,0.000000000012242967,6844703,2019-03-04 21:58:39,btc,6.669853039144546,0.0,0.00000033,btc,10538481.28417888,0.17202775,2.1994527662277177,238
1,[],5,[],2019-03-04 21:58:40,0.0,0,0,6844704,2019-03-04 21:58:40,btc,0.0,0.00494803,0,btc,0.0,0.0,0.0,238
0,[],22,[],2019-03-04 21:58:43,0.0,0,0,6844705,2019-03-04 21:58:43,,0.41339518,0.0,0,,316626.5639027493,0.0,0.0,249
0.0000000001228293,[],22,[],2019-03-04 21:58:46,87163180.66666667,4.913172e-18,1.822781898828e-22,6844706,2019-03-04 21:58:46,LTC,0.99961926,0.0,0.00000004,LTC,17915189.09,1.5597046301364e-11,2.70466333,252
1,[],28,[],2019-03-04 21:58:52,2179924.628,0.00000035,0.000000000012984965,6844707,2019-03-04 21:58:52,btc,164732.41307813878,73653.4,0.00000035,btc,2534329.3222,0.0,0.35658183962,256
1,[],22,[],2019-03-04 21:58:56,1070354.0,0.00000002,0.0000000000007419979999999999,6844708,2019-03-04 21:58:56,BTC,31.47164001,0.0,0.00000002,BTC,671687.0957866946,0.0003,0.01087354,258
1,[],22,[],2019-03-04 21:59:11,48751.0,0.00000001,0.00000000000037099899999999996,6844709,2019-03-04 21:59:11,BTC,2.4175745,0.0,0.00000001,BTC,1762.0,0.0,0.00048751,259
1,[],5,[],2019-03-04 21:59:13,0.0,0,0,6844710,2019-03-04 21:59:13,btc,0.0,0.37550889,0,btc,0.0,0.0,0.0,264
1,[],20,[],2019-03-04 21:59:14,1253747.5832,0.0000022,0.00000000008161978,6844711,2019-03-04 21:59:14,btc,7.4523417290226,131862.5117,0.0000022,btc,104802.0067,0.3136380758247,0.0182023059993,264
0,[],22,[],2019-03-04 21:59:18,0.0,0,0,6844712,2019-03-04 21:59:18,,8.45802393,0.0,0,,433537.34411321935,0.0,0.0,271
0,[],22,[],2019-03-04 21:59:21,0.0,0,0,6844713,2019-03-04 21:59:21,,264.68187857,0.0,0,,13780784220.692,0.0,0.0,272
0.0000000000000052,[],28,[],2019-03-04 21:59:26,218038555380.905,4.888e-21,1.813443112e-25,6844714,2019-03-04 21:59:26,doge,151020965.93479407,16163055418.0,0.00000094,doge,191792971004.2923,0.0,6.057343542816418e-10,272
1,[],22,[],2019-03-04 21:59:31,159422.74,0.00000200,0.0000000000741998,6844715,2019-03-04 21:59:31,BTC,74.34381172,0.0,0.00000200,"BTC,LTC",9549.447639773189,0.0102506,0.0446675,281
1,[],22,[],2019-03-04 21:59:35,90772.0,0.00000004,0.0000000000014839959999999998,6844716,2019-03-04 21:59:35,BTC,1.18237241,0.0,0.00000004,BTC,120652.66308295062,0.00920085,0.00183452,286
0,[],22,[],2019-03-04 21:59:46,0.0,0,0,6844717,2019-03-04 21:59:46,,43641.05520291,0.0,0,,831015134.0,0.0,0.0,294
