pairValue,buyBook,exchangeId,sellBook,updated,buyTotal,satoshiPrice,usdPrice,exchangeLogId,created,bestPair,sellTotalBtc,volume,pairPrice,activePairs,sellTotal,volumeBtc,buyTotalBtc,coinId
1,[],3,[],2019-02-13 07:04:43,137.540128060721,0.0133860899999999997944666318971940199844539165496826171875,0.000000487181391114,6651227,2019-02-13 07:04:43,btc,107.07663747715759,0.0,0.0133860899999999997944666318971940199844539165496826171875,btc,21.910342602751,0.0,0.38400946876578446,1
1,[],4,[],2019-02-13 07:04:44,311.26503863,0.01341277,0.000000488152399042,6651228,2019-02-13 07:04:44,btc,0.9184715171931785,0.0,0.01341277,btc,64.77024835,0.61200531,1.4419813869502578,1
1,[],5,[],2019-02-13 07:04:46,0.3622033,0.01331592,0.000000484627582032,6651229,2019-02-13 07:04:46,btc,14578.6510678,0.01023123,0.01331592,btc,35555556.17846174,0.0,3.15057797,1
1,[],10,[],2019-02-13 07:04:49,414106.50930664,0.0122003,0.00000044402503838000004,6651230,2019-02-13 07:04:49,btc,6532.590359388172,1947.70048957,0.0122003,btc,972.07994191,0.0,4.597372175021941,1
1,[],12,[],2019-02-13 07:04:51,10437.41328074,0.013299999999999999322763954978654510341584682464599609375,0.00000048404818,6651231,2019-02-13 07:04:51,btc,0.2730990102417,0.0,0.013299999999999999322763954978654510341584682464599609375,btc,13.67092436,2.6110170989324,0.3803203299306,1
1,[],20,[],2019-02-13 07:04:53,1151.8471,0.010500104,0.0000003821470850384,6651232,2019-02-13 07:04:53,btc,0.0573537536243,0.0,0.010500104,btc,2.5253,0.0,0.0973184857115,1
1,[],21,[],2019-02-13 07:04:54,2469.00549655,0.01345002999999999997171595822,0.000000489508461838,6651233,2019-02-13 07:04:54,btc,19.856895832732306,3837.8124368,0.01345002999999999997171595822464951197616755962371826171875,"btc,eth",1919.72917187,33.463811469902204,23.23170603549822,1
1,[],22,[],2019-02-13 07:04:59,0.0280576,0.01350000,0.0000004913271,6651234,2019-02-13 07:04:59,BTC,0.3139634,0.0,0.01350000,BTC,0.10070366666666666,0.0,0.00036518,1
1,[],24,[],2019-02-13 07:05:00,0.0,0.000000000000,0,6651235,2019-02-13 07:05:00,btc,0.0,0.0,0.000000000000,btc,0.0,0.0,0.0,1
0.0,[],25,[],2019-02-13 07:05:00,0.0,0,0,6651236,2019-02-13 07:05:00,btc,24.329999997452486,3046.15537377,0.0,btc,1765.27407041,41.2737,0.0,1
1,[],26,[],2019-02-13 07:05:11,0.0,0,0,6651237,2019-02-13 07:05:11,,0.0,0.0,0,,0.0,0.0,0.0,1
1,[],28,[],2019-02-13 07:05:14,992.992,0.01232000,0.000000448381472,6651238,2019-02-13 07:05:14,btc,0.162839806,17891.15,0.01232000,btc,8.9,0.0,0.087165856,1
0,[],2,[],2019-01-20 23:28:45,0.0,0,0,6477011,2019-01-20 23:28:45,,0.0,0.0,0,,0.0,0.0,0.0,1
1,[],5,[],2019-02-13 07:05:15,1.092e-05,0.00000057,0.000000000020744922000000002,6651239,2019-02-13 07:05:15,btc,0.13968891,0.00221961,0.00000057,btc,6.119e-05,0.0,0.2369461,2
1,[],22,[],2019-02-13 07:05:20,1198.0,0.00000017,0.000000000006187082,6651240,2019-02-13 07:05:20,BTC,4.22139106,0.0,0.00000017,"BTC,XMR",14654.709143333333,0.0,0.00088485,2
1,[],5,[],2019-02-13 07:05:22,1.29e-06,0.00000017,0.000000000006187082,6651241,2019-02-13 07:05:22,btc,4.31800948,0.36288156,0.00000017,btc,2.278e-05,0.0,3.53379374,3
1,[],12,[],2019-02-13 07:05:23,12522950.79163215,0.000000174,0.0000000000063326604,6651242,2019-02-13 07:05:23,btc,923494.6255739899,0.0,0.000000174,btc,8599044.522563409,0.05297832324635323,0.5539776954836038,3
0,[],28,[],2019-02-13 07:05:25,0.0,0,0,6651243,2019-02-13 07:05:25,,0.0,0.0,0,,0.0,0.0,0.0,3
0,[],2,[],2019-01-20 23:31:32,0.0,0,0,6477077,2019-01-20 23:31:32,,0.0,0.0,0,,0.0,0.0,0.0,4
1,[],4,[],2019-02-13 07:05:27,378219.79449433,0.00000033,0.000000000012010218,6651244,2019-02-13 07:05:27,btc,0.3458122065284398,0.0,0.00000033,btc,325081.39739108,0.0,0.047659416619903,4
1,[],12,[],2019-02-13 07:05:28,1485083.5219999999,0.00000005,0.00000000000181973,6651245,2019-02-13 07:05:28,btc,11113878.379294446,0.0,0.00000005,btc,1054420.69235123,0.0015963606993002,0.02628600044,5
0,[],2,[],2019-01-20 23:31:51,0.0,0,0,6477087,2019-01-20 23:31:51,,0.0,0.0,0,,0.0,0.0,0.0,6
1,[],11,[],2019-02-13 07:05:30,1852550.0,0.00000002,0.0000000000007278920000000001,6651246,2019-02-13 07:05:30,btc,9433.343700227748,288000.0,0.00000002,btc,40846390.32265751,0.0,0.028360695000000002,6
1,[],3,[],2019-02-13 07:05:30,1074.273146428111,0.00014521000000000000053346216333238771767355501651763916015625,0.0000000052848598660000006,6651247,2019-02-13 07:05:30,btc,28.399990609446498,0.0,0.00014521000000000000053346216333238771767355501651763916015625,btc,235.145665820227,0.0,0.031531977816658056,7
1,[],4,[],2019-02-13 07:05:31,18285.07743948,0.00018605,0.00000000677121533,6651248,2019-02-13 07:05:31,btc,1.5717356760886891,0.0,0.00018605,btc,7478.33452045,6.91900059,2.9884925386813554,7
1,[],5,[],2019-02-13 07:05:32,0.00537959,0.00017200,0.000000006259871200000001,6651249,2019-02-13 07:05:32,btc,1.72209205,0.32940021,0.00017200,btc,0.01151827,0.0,1.64883125,7
1,[],20,[],2019-02-13 07:05:34,56017185.2918,0.000000001,0.0000000000000363946,6651250,2019-02-13 07:05:34,btc,116.5932769626651,2763950.2779,0.000000001,btc,34124726.6586,0.0027639502779,0.0560171852918,8
0,[],2,[],2019-01-20 23:22:42,0.0,0,0,6476876,2019-01-20 23:22:42,,0.0,0.0,0,,0.0,0.0,0.0,9
0,[],23,[],2019-01-20 23:22:48,0.0,0,0,6476878,2019-01-20 23:22:48,,0.0,0.0,0,,0.0,0.0,0.0,9
1,[],1,[],2019-02-13 07:05:35,1338847.1,0.00000181000000000000003456111265232042484285557293333113193511962890625,0.000000000065874226,6651251,2019-02-13 07:05:35,btc,0.7352595879,29020839.49,0.00000181000000000000003456111265232042484285557293333113193511962890625,btc,397688.01,54.42027078,2.3852566888,9
1,[],4,[],2019-02-13 07:05:36,219226.86531337,0.00000182,0.000000000066238172,6651252,2019-02-13 07:05:36,btc,0.8317754282342767,0.0,0.00000182,btc,426244.49534846,1.24681935,0.376270762153001,9
1,[],28,[],2019-02-13 07:05:39,44885.0,0.00000167,0.000000000060778982,6651253,2019-02-13 07:05:39,btc,2708.76119522,3580907.157,0.00000167,btc,11732.68,0.0,0.04579495,9
1,[],4,[],2019-02-10 09:54:02,5828483.02026053,0.00000002,0.000000000000726692,6623074,2019-02-10 09:54:02,btc,0.2014004865591215,0.0,0.00000002,btc,4198675.28035349,0.00021932,0.0653957035452106,10
0,[],2,[],2019-01-20 23:23:08,0.0,0,0,6476890,2019-01-20 23:23:08,,0.0,0.0,0,,0.0,0.0,0.0,12
1,[],4,[],2019-02-13 07:05:41,1740230.08682091,0.00000138,0.000000000050224548000000004,6651254,2019-02-13 07:05:41,btc,1.362452618485959,0.0,0.00000138,btc,919077.8479521,3.59814718,1.3544241167122333,12
1,[],5,[],2019-02-13 07:05:42,2.017e-05,0.00000139,0.000000000050588494,6651255,2019-02-13 07:05:42,btc,0.4682275,0.22809601,0.00000139,btc,0.00010303,0.0,0.19835507,12
0.0,[],25,[],2019-02-13 07:05:44,0.0,0,0,6651256,2019-02-13 07:05:44,,0.0,0.0,0.0,btc,0.0,0.0,0.0,12
1,[],4,[],2019-02-13 07:05:44,1327087.97957104,0.00000612,0.000000000222734952,6651257,2019-02-13 07:05:44,btc,0.37370138765715,0.0,0.00000612,btc,55759.61432425,0.49041373,1.3772971420329205,13
1,[],21,[],2019-02-13 07:05:48,769532.41172865,0.000006399999999999999710387915686,0.00000000023292544,6651258,2019-02-13 07:05:48,btc,5.556890822558878,317539.32850396,0.0000063999999999999997103879156856720555879292078316211700439453125,btc,787297.56397096,1.94286055,4.255768752333738,13
1,[],10,[],2019-02-13 06:06:22,434220.73185878,0.00000578,0.000000000210356164,6650864,2019-02-13 06:06:22,btc,666806.4612679464,13144.7305858,0.00000578,btc,749480.5202277,0.0,0.3044204578308577,13
1,[],4,[],2019-02-13 07:05:49,982657.91684308,0.00000137,0.000000000049860602,6651259,2019-02-13 07:05:49,btc,0.1207568316407513,0.0,0.00000137,btc,66955.94250493,0.00594881,0.4030812224465915,14
1,[],12,[],2019-02-13 07:05:49,87609.2231405,0.000001219999999999999965968520108938744073157067759893834590911865234375,0.000000000044401412,6651260,2019-02-13 07:05:49,btc,2.774128003306777,0.0,0.000001219999999999999965968520108938744073157067759893834590911865234375,btc,29589.33636749,0.0,0.009108700000005,14
0,[],17,[],2019-02-13 07:05:51,0.0,0,0,6651261,2019-02-13 07:05:51,btc,0.0,0.0,0,btc,0.0,0.0,0.0,14
1,[],26,[],2019-02-13 07:05:51,0.0,0.00000050,0.0000000000181973,6651262,2019-02-13 07:05:51,btc,0.0,0.0,0.00000050,btc,0.0,0.0,0.0,14
0,[],4,[],2019-02-13 07:05:52,0.0,0,0,6651263,2019-02-13 07:05:52,,0.0,0.0,0,,0.0,0.0,0.0,15
,[],12,[],2018-12-01 15:15:48,204241.84496,0.00000489,0.000000000202473384,5260204,2018-12-01 15:15:48,btc,49.5475654835,0.0,,btc,35763.2193806,0.0163153972027625,0.0203389899998,15
0,[],2,[],2019-01-20 23:23:38,0.0,0,0,6476906,2019-01-20 23:23:38,,0.0,0.0,0,,0.0,0.0,0.0,18
1,[],4,[],2019-02-13 06:55:14,31473.08930404,0.00001863,0.00000000067766625,6651056,2019-02-13 06:55:14,btc,2.2015903707234488,0.0,0.00001863,btc,6832.86077488,0.25977553,0.1667070533018847,18
1,[],10,[],2019-02-13 06:55:16,789579.45422434,0.00001752,0.0000000006372900000000001,6651057,2019-02-13 06:55:16,btc,15.543657928136216,438.68653913,0.00001752,btc,10869.16742853,0.0,0.2939110798202699,18
1,[],12,[],2019-02-13 06:55:17,204625.98908052,0.0000178899999999999998151305191651516679485212080180644989013671875,0.00000000065074875,6651058,2019-02-13 06:55:17,btc,22.612884048270406,0.0,0.0000178899999999999998151305191651516679485212080180644989013671875,btc,1865.91017713,0.001832192236016,0.0395817624669038,18
0,[],17,[],2019-02-13 06:55:19,0.0,0,0,6651059,2019-02-13 06:55:19,btc,0.0,0.0,0,btc,0.0,0.0,0.0,18
0,[],2,[],2019-01-20 23:24:19,0.0,0,0,6476924,2019-01-20 23:24:19,,0.0,0.0,0,,0.0,0.0,0.0,19
1,[],3,[],2019-02-13 07:05:53,129649.35886295675,0.00002602000000000000159657877196739406144843087531626224517822265625,0.0000000009469874920000001,6651264,2019-02-13 07:05:53,btc,0.4672449630434957,0.0,0.00002602000000000000159657877196739406144843087531626224517822265625,btc,5018.393100515442,0.0,0.09981788493182644,19
1,[],4,[],2019-02-13 07:05:54,210523.63173428,0.00002865,0.0000000010427052900000001,6651265,2019-02-13 07:05:54,btc,0.2378772150147619,0.0,0.00002865,btc,7406.8252882,0.62814456,2.294410303385152,19
1,[],5,[],2019-02-13 07:05:55,0.00023049,0.00002508,0.0000000009127765680000001,6651266,2019-02-13 07:05:55,btc,0.27239447,0.00043118,0.00002508,btc,0.00312486,0.0,0.07944283,19
1,[],12,[],2019-02-13 07:05:55,134779.60266644,0.000024079999999999999842070774747071482124738395214080810546875,0.000000000876381968,6651267,2019-02-13 07:05:55,btc,0.030445451063059802,0.0,0.000024079999999999999842070774747071482124738395214080810546875,btc,313.64095945,0.0,0.031810224127882,19
0,[],27,[],2019-02-13 07:05:57,0.0,0,0,6651268,2019-02-13 07:05:57,,0.0,0.0,0,btc,0.0,0.0,0.0,19
1,[],4,[],2019-02-13 07:05:58,8114186.09293738,0.00000014,0.000000000005095244,6651269,2019-02-13 07:05:58,btc,0.7716900659709077,0.0,0.00000014,btc,1592783.19386541,0.0,0.2644718132083657,20
1,[],4,[],2019-02-13 07:05:59,113938889.57123545,0.00000002,0.000000000000727892,6651270,2019-02-13 07:05:59,btc,0.6197909646313653,0.0,0.00000002,btc,17375021.5303107,0.01468161,1.3166182353053495,21
1,[],12,[],2019-02-13 07:06:00,17630336.0,0.00000002,0.0000000000007278920000000001,6651271,2019-02-13 07:06:00,btc,669.7367676690421,0.0,0.00000002,btc,8844608.84715552,0.0019626200599397,0.22564700000000001,21
0,[],17,[],2019-02-13 07:06:02,0.0,0,0,6651272,2019-02-13 07:06:02,btc,0.0,0.0,0,btc,0.0,0.0,0.0,21
1,[],12,[],2019-02-13 07:06:03,2835739899.043896,0.0000000002,0.00000000000000727892,6651273,2019-02-13 07:06:03,btc,825864718782.1663,0.0,0.0000000002,btc,4282102085.071131,0.010767714637362652,0.31983533975558975,23
0,[],27,[],2019-02-13 07:06:05,0.0,0,0,6651274,2019-02-13 07:06:05,,0.7240921565934114,0.0,0,eth,727098.85514486,0.0,0.0,23
1,[],4,[],2019-02-13 07:06:05,383707.26065881,0.00000068,0.000000000024748328,6651275,2019-02-13 07:06:05,btc,0.1628825930832584,0.0,0.00000068,btc,153149.82203923,0.0001024,0.1943075979538422,24
1,[],22,[],2019-02-13 07:06:09,11.76,0.00000100,0.0000000000363946,6651276,2019-02-13 07:06:09,BTC,7.415e-05,0.0,0.00000100,BTC,23.919354838709676,0.0,1.176e-05,24
0.0,[],25,[],2019-02-13 07:06:11,0.0,0,0,6651277,2019-02-13 07:06:11,,0.0,0.0,0.0,btc,0.0,0.0,0.0,24
1,[],4,[],2019-02-13 07:06:11,29002060.38918322,0.00000707,0.00000000025730982200000003,6651278,2019-02-13 07:06:11,btc,0.562786601221335,0.0,0.00000707,btc,42048.98245325,0.3282219,0.4474298634215213,26
1,[],10,[],2019-02-13 07:06:14,733644.96241983,0.000005,0.00000000018197300000000002,6651279,2019-02-13 07:06:14,btc,25.928169193474005,5000.38550104,0.000005,btc,14983.41729222,0.0,0.2060414688550872,26
0,[],2,[],2019-01-20 23:25:56,0.0,0,0,6476976,2019-01-20 23:25:56,,0.0,0.0,0,,0.0,0.0,0.0,26
1,[],3,[],2019-02-13 07:06:15,4399338.98586802,0.00000001,0.00000000000036394600000000004,6651280,2019-02-13 07:06:15,btc,2.458159906730297,1500533.01413,0.00000001,btc,16224062.7786409,0.0,0.043993389858680204,27
1,[],5,[],2019-02-13 07:06:16,1e-08,0.00000001,0.000000000000363946,6651281,2019-02-13 07:06:16,btc,1.59851975,0.00403966,0.00000001,btc,4.345e-05,0.0,0.1192779,27
1,[],11,[],2019-02-13 07:06:18,10063976.7912115,0.00000005,0.00000000000181973,6651282,2019-02-13 07:06:18,btc,370.6330924447541,20.0,0.00000005,btc,8170857.7193934005,0.0,0.4660996184459823,27
1,[],4,[],2019-02-13 07:06:19,521471555.87178653,0.00000002,0.000000000000727892,6651283,2019-02-13 07:06:19,btc,0.37731014830140847,0.0,0.00000002,"btc,ltc",23633946.33654403,0.03405376,8.95045641820044,29
1,[],7,[],2019-02-13 07:06:21,29047464.7279442,0.00000002,0.0000000000007278920000000001,6651284,2019-02-13 07:06:21,btc,44465225.098812595,8051.28205126,0.00000002,btc,52472350.22936358,0.0,0.42615133114961934,29
1,[],4,[],2019-02-13 07:06:21,1516250.89651288,0.00000029,0.000000000010554434,6651285,2019-02-13 07:06:21,btc,0.1802455925041429,0.0,0.00000029,btc,380817.83637621,0.00595398,0.1181090538188398,30
0,[],17,[],2019-02-13 07:06:23,0.0,0,0,6651286,2019-02-13 07:06:23,btc,0.0,0.0,0,btc,0.0,0.0,0.0,30
1,[],4,[],2019-02-13 07:06:24,1764365.69167418,0.00007085,0.00000000257855741,6651287,2019-02-13 07:06:24,btc,0.6805975818459823,0.0,0.00007085,btc,8088.78888089,2.09602867,2.7260688849336625,31
1,[],21,[],2019-02-13 07:06:25,84748.03786676,0.00007197000000000000380535880584,0.0000000026193193620000004,6651288,2019-02-13 07:06:25,btc,5.060437116406652,250244.5807678,0.00007197000000000000380535880584176311458577401936054229736328125,btc,64684.84770833,17.66156357,5.719749737791405,31
0,[],2,[],2019-01-20 23:28:43,0.0,0,0,6477009,2019-01-20 23:28:43,,0.0,0.0,0,,0.0,0.0,0.0,32
1,[],4,[],2019-02-13 07:06:26,138960088.73524958,0.00000004,0.000000000001455784,6651289,2019-02-13 07:06:26,btc,2.0240245558441825,0.0,0.00000004,"btc,ltc",43355360.22680113,0.75918626,2.2712075277749673,33
1,[],12,[],2019-02-13 07:06:27,12123069.854,0.00000005,0.00000000000181973,6651290,2019-02-13 07:06:27,btc,34508859.30156914,0.0,0.00000005,btc,89071809.38961022,0.0010096010489518,0.37028132269999997,33
1,[],4,[],2019-02-13 07:06:28,133109024.91736291,0.00000001,0.000000000000363946,6651291,2019-02-13 07:06:28,btc,1.108979470486447,0.0,0.00000001,btc,43796062.37242233,0.15603783,1.3310902491736292,34
1,[],5,[],2019-02-13 07:06:30,1e-08,0.00000001,0.000000000000363946,6651292,2019-02-13 07:06:30,btc,5.06292725,0.21390899,0.00000001,btc,1.343e-05,0.0,0.85317308,34
0.000000000121011,[],4,[],2019-02-13 07:06:30,798443784.5347,2.42022e-18,8.8082938812e-23,6651293,2019-02-13 07:06:30,ltc,1.1563377180423186e-08,0.0,0.00000002,ltc,2270988263.738522,0.0,1.2672579552801616e-09,36
1,[],5,[],2019-02-13 07:06:32,0.0,0,0,6651294,2019-02-13 07:06:32,btc,197.53435707,0.0,0,btc,1.325e-05,0.0,0.0,36
0,[],17,[],2019-02-13 07:06:33,0.0,0,0,6651295,2019-02-13 07:06:33,btc,0.14155809878623019,0.0,0,btc,10796613.27743647,0.0,0.0,36
0.000000000121011,[],27,[],2019-02-13 07:06:36,1000000.0,2.42022e-18,8.8082938812e-23,6651296,2019-02-13 07:06:36,ltc,240.2503276744,0.0,0.00000002,"ltc,eth",3711879.06,0.0,2.42022e-12,36
1,[],4,[],2019-02-13 06:57:11,233006.83111006,0.00000124,0.000000000045105,6651093,2019-02-13 06:57:11,btc,0.4728280345718432,0.0,0.00000124,btc,288243.75337457,0.01160565,0.1158756505378659,37
1,[],12,[],2019-02-13 06:57:13,380005.85080881,0.000001210000000000000061712245556788669631487209699116647243499755859375,0.000000000044013750000000005,6651094,2019-02-13 06:57:13,btc,1364.1423481290471,0.0,0.000001210000000000000061712245556788669631487209699116647243499755859375,btc,657338.540943,0.0762918171698048,0.152411650000007,37
1,[],17,[],2019-02-13 06:57:14,1752.74075282,0.00000025,0.00000000000909375,6651095,2019-02-13 06:57:14,btc,0.05548492398454412,0.0,0.00000025,btc,1387.19918473,0.0,0.00043818518820499993,37
1,[],27,[],2019-02-13 06:57:16,16052.0,0.00000052,0.000000000018915,6651096,2019-02-13 06:57:16,btc,26.73595537911233,0.0,0.00000052,btc,6579.81438508,0.0,0.00550422,37
1,[],5,[],2019-02-13 07:06:37,1.563e-05,0.00000098,0.000000000035666708000000004,6651297,2019-02-13 07:06:37,btc,0.09737638,0.09982363,0.00000098,btc,0.00011054,0.0,0.04411339,42
1,[],12,[],2019-02-13 07:06:38,127967.50898367,0.00000097,0.000000000035302762,6651298,2019-02-13 07:06:38,btc,95.62310801763078,0.0,0.00000097,btc,104318.57065033,0.0258328600235478,0.046062709999994296,42
0,[],27,[],2019-02-13 07:06:41,0.0,0,0,6651299,2019-02-13 07:06:41,,0.00315028,0.0,0,"btc,eth",11.007,0.0,0.0,42
1,[],5,[],2019-02-13 06:57:24,3e-08,0.00000002,0.0000000000007275,6651100,2019-02-13 06:57:24,btc,6.21137612,0.01008867,0.00000002,btc,1.425e-05,0.0,0.55286289,43
1,[],12,[],2019-02-13 06:57:24,3866366.0,0.00000001,0.00000000000036375000000000004,6651101,2019-02-13 06:57:24,btc,20007457.492720347,0.0,0.00000001,btc,38976018.20619379,5.146986014e-05,0.03866366,43
0,[],17,[],2019-02-13 06:57:26,0.0,0,0,6651102,2019-02-13 06:57:26,btc,0.0,0.0,0,btc,0.0,0.0,0.0,43
1,[],12,[],2019-02-13 07:06:42,748959.0,0.00000005,0.00000000000181973,6651300,2019-02-13 07:06:42,btc,11115166.868299292,0.0,0.00000005,btc,1030441.53046952,0.000107384365634,0.02070475,44
1,[],4,[],2019-02-13 07:06:43,225275542.00856274,0.00000002,0.000000000000727892,6651301,2019-02-13 07:06:43,btc,0.1896671546067281,0.0,0.00000002,"btc,ltc",4586578.35308318,0.0002,0.42792367505953033,49
0.000000000121011,[],4,[],2019-02-13 07:06:43,1926383646.1038642,1.21011e-18,4.4041469406e-23,6651302,2019-02-13 07:06:43,ltc,4.6451735091657635,0.0,0.00000001,ltc,3823865353.5087795,0.0,2.3311361139867472e-09,52
0,[],22,[],2019-02-13 05:54:27,0.0,0,0,6650710,2019-02-13 05:54:27,,8109.06443955,0.0,0,,266275513.67882353,0.0,0.0,57
0,[],27,[],2019-02-13 05:54:30,0.0,0,0,6650711,2019-02-13 05:54:30,,0.0,0.0,0,"btc,eth",0.0,0.0,0.0,57
0.000000000121011,[],4,[],2019-02-13 07:06:45,1285678752.5032787,6.0505500000000005e-18,2.2020734703e-22,6651303,2019-02-13 07:06:45,ltc,3.2772090080649745,0.0,0.00000005,ltc,973076191.2925123,0.0021996,4.304154800721319e-09,58
1,[],12,[],2019-02-13 07:06:46,1887083580.843957,0.0000000005,0.0000000000000181973,6651304,2019-02-13 07:06:46,btc,224005490173.52707,0.0,0.0000000005,btc,3680397661.177128,0.022408927268231765,0.6585938339011391,58
0,[],17,[],2019-02-13 07:06:48,0.0,0,0,6651305,2019-02-13 07:06:48,btc,1e+24,0.0,0,btc,41481695.95832568,0.0,0.0,58
0.0000000001321101,[],22,[],2019-02-13 06:57:39,137438.0,1.3211010000000001e-18,4.8055048875e-23,6651109,2019-02-13 06:57:39,XMR,69.8835922,0.0,0.00000001,XMR,9887963.0,0.0,0.00137438,58
1,[],5,[],2019-02-13 06:57:41,1.542e-05,0.00000085,0.000000000030918750000000004,6651110,2019-02-13 06:57:41,btc,0.24440124,0.00472925,0.00000085,btc,9.966e-05,0.0,0.13237064,61
1,[],22,[],2019-02-13 06:57:45,5149.5,0.00000011,0.00000000000400125,6651111,2019-02-13 06:57:45,BTC,1002.29598212,0.0,0.00000011,BTC,14957.700278135757,0.0,0.00051596,61
1,[],26,[],2019-02-13 06:57:45,0.0,0.00000800,0.00000000029100000000000003,6651112,2019-02-13 06:57:45,btc,0.0,0.0,0.00000800,btc,0.0,0.0,0.0,61
1,[],27,[],2019-02-13 06:57:48,9954.3559,0.00000059,0.00000000002146125,6651113,2019-02-13 06:57:48,btc,10.669481188947014,2306.34463596,0.00000059,"btc,eth",15572.75055623,0.0022428000529284443,0.0007863899827216191,61
1,[],28,[],2019-02-13 06:57:54,19894.304,0.00000091,0.00000000003310125,6651114,2019-02-13 06:57:54,btc,2.056375543700105,809.481,0.00000091,btc,9772.52450005,0.0,0.00993521304,61
1,[],4,[],2019-02-13 06:57:55,714462.33388916,0.00000232,0.00000000008439,6651115,2019-02-13 06:57:55,btc,1.1151044633851888,0.0,0.00000232,btc,280878.23447285,0.13613363,0.820523245299858,67
0.0,[],25,[],2019-02-13 06:57:56,0.0,0,0,6651116,2019-02-13 06:57:56,,0.0,0.0,0.0,btc,0.0,0.0,0.0,67
1,[],12,[],2019-02-13 06:57:57,2622588.56540523,0.00000019,0.0000000000069112500000000005,6651117,2019-02-13 06:57:57,btc,11115896.169514883,0.0,0.00000019,btc,1829121.06185676,0.037477578515447,0.0785213164411117,71
,[],5,[],2018-11-20 23:02:39,1.5e-07,0.00000005,0.000000000002128045,4862160,2018-11-20 23:02:39,btc,2.84511358,0.0,,btc,0.00036572,0.0,0.07381892,74
1,[],5,[],2019-01-25 15:53:51,3.303e-05,0.00000156,0.000000000055588884,6499610,2019-01-25 15:53:51,btc,1.42844212,0.0,0.00000156,btc,0.00015937,0.0,0.49487621,75
0,[],20,[],2019-01-25 09:30:31,0.0,0,0,6495923,2019-01-25 09:30:31,btc,0.0,0.0,0,btc,0.0,0.0,0.0,81
1,[],4,[],2019-02-13 06:57:58,32822324.95692337,0.00000001,0.00000000000036375,6651118,2019-02-13 06:57:58,btc,0.7668881456247842,0.0,0.00000001,btc,14615939.68425178,0.0,0.3282232495692337,81
1,[],4,[],2019-02-13 06:58:00,23855.11559393,0.00007554,0.0000000027477675,6651119,2019-02-13 06:58:00,btc,1.32278028411993,0.0,0.00007554,btc,11196.21070685,0.02759167,0.0914537302495929,82
1,[],21,[],2019-02-13 06:58:01,143333.96414715,0.00007511999999999999905707370740,0.00000000273249,6651120,2019-02-13 06:58:01,btc,3.7405884179548794,4014.09731908,0.00007511999999999999905707370739804673576145432889461517333984375,btc,43725.07569223,0.30265178,2.861597284006546,82
0,[],17,[],2019-02-07 10:02:39,0.0,0,0,6611495,2019-02-07 10:02:39,btc,0.0447233088476774,0.0,0,btc,999127.19588126,0.0,0.0,84
0.000000000121011,[],4,[],2019-02-13 07:07:18,169574756.94543296,8.47077e-18,3.08290285842e-22,6651318,2019-02-13 07:07:18,ltc,0.19569063265372874,0.0,0.00000007,ltc,93219010.21916404,0.0,7.111468570117124e-10,85
,[],22,[],2018-11-20 23:09:34,3408.1,0.0000001,0.0000000000041895,4862324,2018-11-20 23:09:34,BTC,0.04624735,0.0,,BTC,4990.0,0.0,0.00033081,86
0,[],22,[],2019-02-13 06:58:05,0.0,0,0,6651122,2019-02-13 06:58:05,,2.0760781,0.0,0,,140622.94736842104,0.0,0.0,87
0,[],27,[],2019-02-13 06:58:07,0.0,0,0,6651123,2019-02-13 06:58:07,,0.0,0.0,0,btc,0.0,0.0,0.0,87
,[],2,[],2018-11-20 23:10:47,0.0,0,0,4862359,2018-11-20 23:10:47,,0.0,0.0,,,0.0,0.0,0.0,88
1,[],11,[],2019-02-13 06:58:10,103242.45203418,0.00014507999999999998653153754357703064670204184949398040771484375,0.000000005277285,6651124,2019-02-13 06:58:10,btc,702.4029562904287,146.81796139,0.00014507999999999998653153754357703064670204184949398040771484375,btc,188337.10157349,0.0,7.42813669484141,89
0,[],2,[],2019-01-20 23:31:45,0.0,0,0,6477083,2019-01-20 23:31:45,,0.0,0.0,0,,0.0,0.0,0.0,91
1,[],12,[],2019-02-13 06:58:11,437888.31547199,0.0000030800000000000001570857159627347954256038065068423748016357421875,0.000000000112035,6651125,2019-02-13 06:58:11,btc,4.133197906111239,0.0,0.0000030800000000000001570857159627347954256038065068423748016357421875,btc,41894.29696639,0.0013627381774244,0.0664461654190027,91
0,[],17,[],2019-02-13 06:58:12,0.0,0,0,6651126,2019-02-13 06:58:12,btc,0.0,0.0,0,btc,0.0,0.0,0.0,91
0.0000000001212193,[],22,[],2019-02-13 06:58:16,23299459.4,6.060965e-18,2.20467601875e-22,6651127,2019-02-13 06:58:16,LTC,8.17576354,0.0,0.00000005,LTC,67492261.1,0.0,0.89636509,95
1,[],4,[],2019-02-13 06:58:17,134920460.04702008,0.00000001,0.00000000000036375,6651128,2019-02-13 06:58:17,btc,0.9615238392888975,0.0,0.00000001,"btc,ltc",47895416.56370184,0.00329946,0.010049607100094813,96
1,[],12,[],2019-02-13 06:58:18,627460.0,0.00000001,0.00000000000036375000000000004,6651129,2019-02-13 06:58:18,btc,255062.9973688799,0.0,0.00000001,btc,8742801.54676297,0.00132338,0.0062746,96
0,[],17,[],2019-02-13 06:58:20,0.0,0,0,6651130,2019-02-13 06:58:20,btc,0.0,0.0,0,btc,0.0,0.0,0.0,96
1,[],4,[],2019-02-13 06:58:21,1775309.53523906,0.00000032,0.00000000001164,6651131,2019-02-13 06:58:21,btc,0.1593039443030789,0.0,0.00000032,btc,350089.6440362,0.01180148,0.2134742700782097,99
0,[],2,[],2019-01-20 23:23:55,0.0,0,0,6476914,2019-01-20 23:23:55,,0.0,0.0,0,,0.0,0.0,0.0,100
1,[],4,[],2019-02-13 06:58:22,218834.72064299,0.00004021,0.00000000146263875,6651132,2019-02-13 06:58:22,btc,1.1225483574117063,0.0,0.00004021,btc,25059.39272837,0.60550462,2.098498255151562,100
1,[],22,[],2019-02-13 06:58:25,50000.0,0.00000001,0.00000000000036375,6651133,2019-02-13 06:58:25,BTC,23.49896609,0.0,0.00000001,BTC,10277.22,0.0,0.0005,101
1,[],4,[],2019-02-13 06:58:26,192920.76667841,0.00000102,0.0000000000371025,6651134,2019-02-13 06:58:26,btc,0.4113733252371072,0.0,0.00000102,btc,158953.28177812,0.01221869,0.0907460592345237,103
1,[],27,[],2019-02-13 06:58:32,4209342.89,0.00000001,0.00000000000036375,6651136,2019-02-13 06:58:32,btc,0.3614577513692299,0.0,0.00000001,btc,323444.42860553,0.0,0.0420934289,105
1,[],12,[],2019-02-13 06:58:29,53250570.2173887,0.000000017,0.000000000000618375,6651135,2019-02-13 06:58:29,btc,137278881.354905,0.0,0.000000017,btc,123407763.65800884,0.1827717733738112,0.3198780342292192,105
0,[],22,[],2019-02-13 06:58:34,0.0,0,0,6651137,2019-02-13 06:58:34,,51.12653289,0.0,0,,694300.0,0.0,0.0,107
1,[],26,[],2019-02-13 06:58:34,0.0,0.00000000,0,6651138,2019-02-13 06:58:34,btc,0.0,0.0,0.00000000,btc,0.0,0.0,0.0,107
1,[],5,[],2019-02-13 06:58:36,1e-08,0.00000001,0.00000000000036375,6651139,2019-02-13 06:58:36,btc,2.90918653,0.00963884,0.00000001,btc,1.571e-05,0.0,0.08605462,112
1,[],22,[],2019-02-13 06:58:39,189093.0,0.00000001,0.00000000000036375,6651140,2019-02-13 06:58:39,BTC,2.81183288,0.0,0.00000001,BTC,808524.0833333334,0.0,0.00189093,112
0.0000000003419303,[],27,[],2019-02-13 06:58:41,500000.0,3.419303e-18,1.24377146625e-22,6651141,2019-02-13 06:58:41,eth,1.35132491849924,0.0,0.00000001,"btc,eth",1328.641654,0.0,1.7096515e-12,112
1,[],4,[],2019-02-13 06:58:42,423425.6899455,0.00000350,0.0000000001273125,6651142,2019-02-13 06:58:42,btc,0.2797299294876897,0.0,0.00000350,btc,59944.55185387,0.04771511,0.1284504168903098,113
1,[],5,[],2019-02-13 06:58:44,1.556e-05,0.00000325,0.00000000011821875,6651143,2019-02-13 06:58:44,btc,0.88405004,0.00052355,0.00000325,btc,0.00151069,0.0,0.22188653,113
1,[],17,[],2019-02-13 06:58:47,152738.278,0.00000004,0.0000000000014550000000000002,6651144,2019-02-13 06:58:47,btc,1.3368030274720395,0.00012001784,0.00000004,btc,51896.221,0.0,0.0022095311199999998,116
0,[],27,[],2019-02-13 06:58:49,0.0,0,0,6651145,2019-02-13 06:58:49,,0.0,0.0,0,btc,0.0,0.0,0.0,116
1,[],4,[],2019-02-13 06:58:50,35578.63543436,0.00002820,0.000000001025775,6651146,2019-02-13 06:58:50,btc,0.3598089466638227,0.0,0.00002820,btc,11968.42446369,1.72106953,0.8261465370083283,120
1,[],7,[],2019-02-13 06:58:52,16325.86351533,0.0000274400000000000015534969144415100572587107308208942413330078125,0.0000000009981300000000002,6651147,2019-02-13 06:58:52,btc,115647.29578333138,0.0,0.0000274400000000000015534969144415100572587107308208942413330078125,btc,29599.94323413,0.0,0.0567857289966243,120
1,[],20,[],2019-02-13 06:58:55,1093445.8166,0.000000014,0.00000000000050925,6651148,2019-02-13 06:58:55,btc,33.8691165036599,1088.85,0.000000014,btc,1150552.4764,1.52439e-05,0.0052654043171,125
1,[],22,[],2019-02-13 06:58:58,3053.0,0.00000001,0.00000000000036375,6651149,2019-02-13 06:58:58,BTC,0.01444889,0.0,0.00000001,BTC,296264.5111111111,0.0,3.053e-05,126
1,[],4,[],2019-02-13 06:59:00,100606.91247593,0.00001506,0.0000000005478075,6651150,2019-02-13 06:59:00,btc,0.5636665371840518,0.0,0.00001506,btc,29746.21720041,0.46039336,0.6286036008417961,131
0,[],17,[],2019-02-13 06:59:01,0.0,0,0,6651151,2019-02-13 06:59:01,btc,0.0009561751951600001,0.0,0,btc,35.42829368,0.0,0.0,131
0,[],2,[],2019-01-20 23:25:46,0.0,0,0,6476969,2019-01-20 23:25:46,,0.0,0.0,0,,0.0,0.0,0.0,131
1,[],4,[],2019-02-13 07:01:02,4618.72374208,0.00016010,0.0000000058236375,6651152,2019-02-13 07:01:02,btc,1.6397450704738545,0.0,0.00016010,btc,295.92689166,0.0,0.0082576416784335,135
1,[],3,[],2019-02-13 07:01:03,1860547.65894064,0.00000006,0.0000000000021825,6651153,2019-02-13 07:01:03,btc,0.11606439840549519,41553.10675,0.00000006,btc,380258.51735515,0.0,0.0694964294414791,136
1,[],4,[],2019-02-13 07:01:04,58443.09452748,0.00000173,0.00000000006292875,6651154,2019-02-13 07:01:04,btc,0.0463411291697277,0.0,0.00000173,btc,22857.77142853,0.02815394,0.0689058613873253,137
1,[],12,[],2019-02-13 07:01:05,306701.30538626,0.000001749999999999999973748754898694723891594549058936536312103271484375,0.00000000006365625,6651155,2019-02-13 07:01:05,btc,11982.946353744052,0.0,0.000001749999999999999973748754898694723891594549058936536312103271484375,btc,158080.64120849,0.0273737442478373,0.0447841044665752,137
1,[],4,[],2019-02-13 07:01:06,490007.45116168,0.00004801,0.0000000017463637500000001,6651156,2019-02-13 07:01:06,btc,1.22228475724541,0.0,0.00004801,btc,17205.13418702,0.51566909,0.3815195562083413,142
1,[],5,[],2019-02-13 07:01:08,0.00159733,0.00005495,0.00000000199880625,6651157,2019-02-13 07:01:08,btc,1.67367267,1.39424601,0.00005495,btc,0.00336027,0.0,1.02454053,142
1,[],17,[],2019-02-13 07:01:09,22967.386363640002,0.00000088,0.00000000003201,6651158,2019-02-13 07:01:09,btc,20.069913352669616,0.0,0.00000088,btc,2746.079105,0.0,0.0104613000000032,142
1,[],20,[],2019-02-13 07:01:11,138494.2658,0.00003204,0.000000001165455,6651159,2019-02-13 07:01:11,btc,0.4594356092756,7378.0344,0.00003204,btc,4549.1256,0.5705060771748,0.2550543627282,142
1,[],22,[],2019-02-13 07:01:15,1602.4,0.00001020,0.000000000371025,6651160,2019-02-13 07:01:15,BTC,3.00910435,0.0,0.00001020,BTC,917.058396139644,0.0,0.00170694,142
0.0,[],25,[],2019-02-13 07:01:16,0.0,0,0,6651161,2019-02-13 07:01:16,,0.0,0.0,0.0,btc,0.0,0.0,0.0,142
1,[],28,[],2019-02-13 07:01:22,77893.0,0.00004500,0.000000001636875,6651162,2019-02-13 07:01:22,btc,0.048809112,1953.0,0.00004500,btc,249.5089,0.0,0.0586872,142
0,[],22,[],2019-02-13 07:01:25,0.0,0,0,6651163,2019-02-13 07:01:25,,67.4683069,0.0,0,,838750972.3,0.0,0.0,143
1,[],21,[],2019-02-13 07:01:26,40973705.89030916,0.00000028,0.000000000010185000000000002,6651164,2019-02-13 07:01:26,btc,39.84815137327133,3271892.28677329,0.00000028,btc,78005660.72606452,0.9220378,6.498113649790235,145
0,[],22,[],2019-02-13 07:01:29,0.0,0,0,6651165,2019-02-13 07:01:29,,4.25427726,0.0,0,,2259598.0,0.0,0.0,146
,[],22,[],2018-11-20 23:01:11,0.0,0,0,4862114,2018-11-20 23:01:11,,2.56807021,0.0,,,61828.4988236,0.0,0.0,147
1,[],12,[],2019-02-13 07:01:31,8679254.17317094,0.00000304000000000000011654414412698432812476312392391264438629150390625,0.00000000011058000000000001,6651166,2019-02-13 07:01:31,btc,16.558552173282916,0.0,0.00000304000000000000011654414412698432812476312392391264438629150390625,btc,121922.41237251,0.0022996946926608,0.1093339900000151,148
1,[],4,[],2019-02-13 07:01:32,274309.19177436,0.00000036,0.000000000013095000000000001,6651167,2019-02-13 07:01:32,btc,0.7778362901479712,0.0,0.00000036,btc,586529.57485546,0.0,0.0652408165858706,152
0,[],22,[],2019-02-13 07:01:34,0.0,0,0,6651168,2019-02-13 07:01:34,,0.0,0.0,0,,0.0,0.0,0.0,152
1,[],5,[],2019-02-13 07:01:36,0.0,0,0,6651169,2019-02-13 07:01:36,btc,4.35601725,0.0,0,btc,0.0021126,0.0,0.0,153
,[],16,[],2019-01-11 15:38:59,0.0,0,0,6366141,2019-01-11 15:38:59,btc,0.0,0.0,,btc,0.0,0.0,0.0,155
0,[],22,[],2019-02-13 07:01:39,0.0,0,0,6651170,2019-02-13 07:01:39,,6.74608761,0.0,0,,4644402.242592593,0.0,0.0,156
0,[],23,[],2019-01-20 23:24:29,0.0,0,0,6476932,2019-01-20 23:24:29,,0.0,0.0,0,,0.0,0.0,0.0,156
1,[],22,[],2019-02-13 07:01:43,7913.8,0.00005300,0.0000000019278750000000002,6651171,2019-02-13 07:01:43,BTC,43.78801181,0.0,0.00005300,BTC,1067.5805334758436,0.0,0.00785176,157
0,[],22,[],2019-02-13 07:01:46,0.0,0,0,6651172,2019-02-13 07:01:46,,50175.67558609,0.0,0,,54029136.04179466,0.0,0.0,158
,[],17,[],2018-11-20 22:56:10,0.0,0,0,4861976,2018-11-20 22:56:10,btc,1.1265625,0.0,,btc,1000.0,0.0,0.0,159
,[],20,[],2018-11-20 22:56:12,0.0,0,0,4861977,2018-11-20 22:56:12,btc,11912.7940471,0.0,,btc,34413894.3617,0.0,0.0,159
1,[],12,[],2019-02-13 07:01:47,180336.99150178,0.0000081000000000000003746135346371914920382550917565822601318359375,0.0000000002946375,6651173,2019-02-13 07:01:47,btc,6.66108596426649,0.0,0.0000081000000000000003746135346371914920382550917565822601318359375,btc,14693.246489000001,0.0120440190456236,0.095246348399964,168
1,[],17,[],2019-02-13 07:01:48,29784.95,0.000001,0.000000000036375,6651174,2019-02-13 07:01:48,btc,0.03026736251542,0.0,0.000001,btc,144.46171372,0.0,0.00716147,168
0,[],22,[],2019-02-13 07:01:52,0.0,0,0,6651175,2019-02-13 07:01:52,,1.14776715,0.0,0,,721548.0900917595,0.0,0.0,169
1,[],22,[],2019-02-13 07:01:56,245000.0,0.00000011,0.00000000000400125,6651176,2019-02-13 07:01:56,BTC,11.3311678,0.0,0.00000011,BTC,131310.7766476831,0.0,0.0224,171
1,[],22,[],2019-02-13 07:02:01,220930.66666666666,0.00000018,0.0000000000065475000000000005,6651177,2019-02-13 07:02:01,BTC,2.64936608,0.0,0.00000018,BTC,241853.31107168543,5.358e-05,0.01641152,173
1,[],5,[],2019-02-13 07:02:02,2.348e-05,0.00000195,0.00000000007093125,6651178,2019-02-13 07:02:02,btc,0.23013289,0.00380204,0.00000195,btc,0.00024601,0.0,0.2583406,175
1,[],22,[],2019-02-13 07:02:07,49534.52380952381,0.00000063,0.00000000002291625,6651179,2019-02-13 07:02:07,BTC,0.50172101,0.0,0.00000063,BTC,128186.47031396699,0.0,0.01817508,176
1,[],7,[],2019-02-13 07:02:09,0.0,0,0,6651180,2019-02-13 07:02:09,btc,410974.1987511513,0.0,0,btc,115535570.82091746,0.0,0.0,178
0,[],22,[],2019-02-13 07:02:12,0.0,0,0,6651181,2019-02-13 07:02:12,,1.00242428,0.0,0,,57512.0,0.0,0.0,178
0,[],2,[],2019-01-20 23:28:34,0.0,0,0,6477001,2019-01-20 23:28:34,,0.0,0.0,0,,0.0,0.0,0.0,178
1,[],5,[],2019-02-13 07:02:13,3e-08,0.00000002,0.0000000000007275,6651182,2019-02-13 07:02:13,btc,31.32522544,0.2494211,0.00000002,btc,2.088e-05,0.0,0.58200982,179
1,[],22,[],2019-02-13 07:02:18,7820284.0,0.00000002,0.0000000000007275,6651183,2019-02-13 07:02:18,BTC,5.932645,0.0,0.00000002,"BTC,LTC",17908272.399292473,0.0,0.38366552,179
0,[],23,[],2019-01-20 23:25:08,0.0,0,0,6476952,2019-01-20 23:25:08,,0.0,0.0,0,,0.0,0.0,0.0,179
1,[],17,[],2019-02-13 07:02:19,10504.725,0.0000001,0.0000000000036375,6651184,2019-02-13 07:02:19,btc,5.206166879879792,0.0,0.0000001,btc,6755.0074587,0.0,0.0010504725,180
1,[],22,[],2019-02-13 07:02:30,13654.4,0.0000005,0.000000000018187500000000002,6651185,2019-02-13 07:02:30,BTC,0.09022313,0.0,0.0000005,"BTC,LTC",5719.500478042325,0.00801594,0.00160544,180
1,[],26,[],2019-02-13 07:02:30,0.0,0.00000150,0.0000000000545625,6651186,2019-02-13 07:02:30,btc,0.0,2870.5,0.00000150,btc,0.0,0.0,0.0,180
,[],7,[],2018-11-20 22:58:01,562227.975654,0.00000085,0.000000000036176765,4862015,2018-11-20 22:58:01,btc,21836.6059674,2491.87645172,,btc,749999.041456,0.00211021,0.127565380455,183
,[],5,[],2019-01-10 08:11:41,0.0,0,0,6347036,2019-01-10 08:11:41,btc,82.15055501,0.00261,,btc,1.19002445,0.0,0.0,187
1,[],24,[],2019-02-13 07:02:30,0.0,0.000000000001,3.6375e-17,6651187,2019-02-13 07:02:30,btc,0.0,0.0,0.000000000001,btc,0.0,0.0,0.0,187
,[],17,[],2018-11-16 20:58:10,4062536.27273,0.00000001,0.000000000000550501,4708775,2018-11-16 20:58:10,btc,3.36492563466,0.195460381006,,"btc,eth",110697919.549,0.0,0.0157628953496,187
0,[],22,[],2019-02-13 07:02:33,0.0,0,0,6651188,2019-02-13 07:02:33,,1.19370255,0.0,0,,14406.10286773884,0.0,0.0,191
0,[],22,[],2019-02-13 07:02:38,0.0,0,0,6651189,2019-02-13 07:02:38,,0.0,0.0,0,,0.0,0.0,0.0,197
0,[],23,[],2019-01-20 23:31:41,0.0,0,0,6477079,2019-01-20 23:31:41,,0.0,0.0,0,,0.0,0.0,0.0,199
0,[],22,[],2019-02-13 07:02:41,0.0,0,0,6651190,2019-02-13 07:02:41,,5.15195517,0.0,0,,19804684.0,0.0,0.0,199
1,[],26,[],2019-02-13 07:02:41,0.0,0.00000000,0,6651191,2019-02-13 07:02:41,btc,0.0,777746.0,0.00000000,btc,0.0,0.0,0.0,199
0,[],17,[],2019-01-30 16:32:01,0.0,0,0,6540827,2019-01-30 16:32:01,btc,6.802544163788159,0.0,0,btc,105897.55575295,0.0,0.0,200
0,[],2,[],2019-01-20 23:30:49,0.0,0,0,6477059,2019-01-20 23:30:49,,0.0,0.0,0,,0.0,0.0,0.0,201
1,[],4,[],2019-01-25 15:51:35,2084389.58565343,0.00000936,0.000000000333526752,6499557,2019-01-25 15:51:35,btc,2.0092503037378524,0.0,0.00000936,btc,160195.80207885,0.19272417,1.242687955921835,211
1,[],7,[],2019-02-13 07:02:45,4810046.89848684,0.00000137999999999999991637657063836552850943917292170226573944091796875,0.000000000050197499999999996,6651192,2019-02-13 07:02:45,btc,16567813.364344107,1974975.99599,0.00000137999999999999991637657063836552850943917292170226573944091796875,btc,10735443.25582403,2.79593938,3.6663032795903874,212
1,[],5,[],2019-02-13 07:02:47,4.21e-06,0.00000033,0.00000000001200375,6651193,2019-02-13 07:02:47,btc,1.16323161,0.16736943,0.00000033,btc,3.078e-05,0.0,0.29207904,213
1,[],24,[],2019-02-13 07:02:47,0.0,0.000000050000,0.0000000000018187500000000001,6651194,2019-02-13 07:02:47,btc,0.0,0.0,0.000000050000,btc,0.0,0.0,0.0,213
1,[],26,[],2019-02-13 07:02:47,0.0,0.00000009,0.0000000000032737500000000003,6651195,2019-02-13 07:02:47,btc,0.0,0.0,0.00000009,btc,0.0,0.0,0.0,213
1,[],12,[],2019-01-25 02:44:32,207462.42853209,0.000001080000000000000035831255497387193287295303889550268650054931640625,0.000000000038610756000000006,6493050,2019-01-25 02:44:32,btc,85023.03793723314,0.0,0.000001080000000000000035831255497387193287295303889550268650054931640625,btc,43675.73520027,0.000146250909087,0.0348620860622024,213
1,[],22,[],2019-02-13 07:02:51,121087.0,0.00000002,0.0000000000007275,6651196,2019-02-13 07:02:51,BTC,2.19288044,0.0,0.00000002,BTC,153809.63137942314,0.00072424,0.00160774,216
1,[],27,[],2019-02-13 07:02:54,5203157.5555,0.00000004,0.000000000001455,6651197,2019-02-13 07:02:54,btc,256.83004371176,0.0,0.00000004,"btc,ltc",272201.909,0.0,0.05469726222,216
1,[],22,[],2019-02-13 07:02:59,234795.95404807635,0.00000207,0.00000000007529625000000001,6651198,2019-02-13 07:02:59,BTC,12676.98046563,0.0,0.00000207,BTC,395679.4991922348,0.02582584,0.31934628,217
1,[],7,[],2019-02-13 07:03:00,0.0,0,0,6651199,2019-02-13 07:03:00,btc,77970.0557979151,0.0,0,btc,137090858.32140028,0.0,0.0,219
0,[],27,[],2019-02-13 07:03:02,0.0,0,0,6651200,2019-02-13 07:03:02,,5.341893788316972,0.0,0,btc,1605140.99226595,0.0,0.0,219
0.0000000000000052,[],28,[],2019-02-13 07:03:08,169956223.952,6.76052e-18,2.45913915e-22,6651201,2019-02-13 07:03:08,doge,88584.47496696751,14051.0,0.00130010,"btc,doge",4974548.69631,0.0,1.584403029683526e-11,219
1,[],22,[],2019-02-13 07:03:14,196581.6,0.00000012,0.000000000004365,6651202,2019-02-13 07:03:14,BTC,3.01952876,0.0,0.00000012,BTC,92628.07001039218,0.06916172,0.01980816,221
1,[],24,[],2019-02-13 07:03:14,0.0,0.000000201199,0.000000000007318613625,6651203,2019-02-13 07:03:14,btc,0.0,26436.63943,0.000000201199,btc,0.0,0.01416692,0.0,221
1,[],20,[],2019-02-13 07:03:16,52215284.9738,0.000000003,0.000000000000109125,6651204,2019-02-13 07:03:16,btc,49.8560195283895,113294.6168,0.000000003,btc,10077505.8526,0.0004148838504,0.054789671266,224
0,[],22,[],2019-02-13 07:03:19,0.0,0,0,6651205,2019-02-13 07:03:19,,0.0,0.0,0,,0.0,0.0,0.0,224
1,[],26,[],2019-02-13 07:03:20,0.0,0.00000045,0.00000000001636875,6651206,2019-02-13 07:03:20,btc,0.0,0.0,0.00000045,btc,0.0,0.0,0.0,231
1,[],26,[],2019-02-13 07:03:21,0.0,0.00000005,0.0000000000018187500000000001,6651207,2019-02-13 07:03:21,btc,0.0,200.0,0.00000005,btc,0.0,0.0,0.0,234
0,[],27,[],2019-02-13 07:03:23,0.0,0,0,6651208,2019-02-13 07:03:23,,0.0113483662182,0.0,0,"btc,eth",11462.99618,0.0,0.0,234
0,[],22,[],2019-02-13 07:03:26,0.0,0,0,6651209,2019-02-13 07:03:26,,2.78722159,0.0,0,,94012308.06349206,0.0,0.0,235
1,[],4,[],2019-02-13 07:03:27,1084016.7320254,0.00000123,0.00000000004474125,6651210,2019-02-13 07:03:27,btc,0.4548427262965653,0.0,0.00000123,btc,281000.44398802,0.20947137,0.3863788960140158,236
1,[],24,[],2019-02-13 07:03:27,0.0,0.000000020010,0.00000000000072786375,6651211,2019-02-13 07:03:27,btc,0.0,0.0,0.000000020010,btc,0.0,0.0,0.0,236
1,[],20,[],2019-02-13 07:03:29,66357453.6526,0.000000066,0.0000000000024007500000000002,6651212,2019-02-13 07:03:29,btc,14.9299018633812,17960338.7782,0.000000066,btc,26673767.6306,1.196285207344,0.4280750248511,237
1,[],22,[],2019-02-13 07:03:33,136267.0,0.00000004,0.000000000001455,6651213,2019-02-13 07:03:33,BTC,0.04209605,0.0,0.00000004,"BTC,LTC",22179.0,0.0,0.00541601,237
1,[],4,[],2019-02-13 07:03:34,4866762.74624803,0.00000033,0.00000000001200375,6651214,2019-02-13 07:03:34,btc,0.6212234152845294,0.0,0.00000033,btc,1654264.53159567,0.17515072,1.4796980915088642,238
1,[],5,[],2019-02-13 07:03:36,4.59e-06,0.00000034,0.0000000000123675,6651215,2019-02-13 07:03:36,btc,0.84639641,0.00939114,0.00000034,btc,3.008e-05,0.0,0.25948074,238
0,[],22,[],2019-02-13 07:03:39,0.0,0,0,6651216,2019-02-13 07:03:39,,15.41678688,0.0,0,,370860.0639027493,0.0,0.0,249
0.0000000001212193,[],22,[],2019-02-13 07:03:43,7025765.666666667,3.636579e-18,1.32280561125e-22,6651217,2019-02-13 07:03:43,LTC,0.45778235,0.0,0.00000003,LTC,12850386.09,3.58524262645e-13,0.20977599,252
1,[],28,[],2019-02-13 07:03:48,3365203.286,0.00000012,0.000000000004365,6651218,2019-02-13 07:03:48,btc,164693.69463358907,174159.3,0.00000012,btc,947252.2751,0.0,0.1964703763,256
1,[],22,[],2019-02-13 07:03:52,269076.625,0.00000008,0.00000000000291,6651219,2019-02-13 07:03:52,BTC,30.20136856,0.0,0.00000008,BTC,417790.1122661123,0.01131696,0.0105306,258
1,[],22,[],2019-01-26 20:58:41,368451.0,0.00000001,0.000000000000356135,6510120,2019-01-26 20:58:41,BTC,2.642917,0.0,0.00000001,"BTC,LTC",1862.0,0.0,0.02488451,259
1,[],22,[],2019-02-13 07:03:56,17458.48723848724,0.00001001,0.00000000036411375,6651220,2019-02-13 07:03:56,BTC,1293.03736049,0.0,0.00001001,"BTC,LTC",7193.578618858192,0.00010127,0.0687814,262
1,[],5,[],2019-02-13 07:03:58,1.554e-05,0.00000202,0.0000000000734775,6651221,2019-02-13 07:03:58,btc,0.58716547,0.32852582,0.00000202,btc,0.00026234,0.0,0.16830551,264
1,[],20,[],2019-02-13 07:04:00,1264115.4939,0.000001501,0.000000000054598875,6651222,2019-02-13 07:04:00,btc,4.978210527703,94137.3847,0.000001501,btc,101007.356,0.2878598606218,0.0201943596789,264
1,[],22,[],2019-02-13 07:04:04,95356.5,0.00000002,0.0000000000007275,6651223,2019-02-13 07:04:04,BTC,9.07980096,0.0,0.00000002,BTC,228209.31707431233,0.0,0.0014095,271
0,[],22,[],2019-02-13 07:04:13,0.0,0,0,6651224,2019-02-13 07:04:13,,384.77798703,0.0,0,,15106717515.9,0.0,0.0,272
0.0000000000000052,[],28,[],2019-02-13 07:04:16,199381028442.155,4.784e-21,1.7401800000000002e-25,6651225,2019-02-13 07:04:16,doge,440772963.18101597,21043326123.4162,0.00000092,doge,218867447285.0955,0.0,5.396742385285549e-10,272
1,[],22,[],2019-02-13 07:04:22,13380.0,0.00001500,0.000000000545625,6651226,2019-02-13 07:04:22,BTC,74.06576281,0.0,0.00001500,"BTC,LTC",1307.582716680558,0.01211587,0.0350844,281
