pairValue,buyBook,exchangeId,sellBook,updated,buyTotal,satoshiPrice,usdPrice,exchangeLogId,created,bestPair,sellTotalBtc,volume,pairPrice,activePairs,sellTotal,volumeBtc,buyTotalBtc,coinId
1,[],3,[],2019-03-09 19:52:02,30539.16729124739,0.01254801000000000006651124095924387802369892597198486328125,0.000000491747728293,6889241,2019-03-09 19:52:02,btc,60.98858727427872,0.0,0.01254801000000000006651124095924387802369892597198486328125,btc,15.543478573765,0.0,0.23562277885704197,1
1,[],4,[],2019-03-09 19:52:03,207742.87504439,0.01271494,0.000000498289598142,6889242,2019-03-09 19:52:03,btc,10.044733168028483,0.0,0.01271494,btc,322.53186005,0.74396517,0.9940966745911676,1
1,[],5,[],2019-03-09 19:52:07,0.0,0,0,6889243,2019-03-09 19:52:07,btc,0.0,0.00466127,0,btc,0.0,0.0,0.0,1
1,[],10,[],2019-03-09 19:52:09,414100.9488837,0.01051976,0.000000412262030568,6889244,2019-03-09 19:52:09,btc,6521.893120115714,1314.32953605,0.01051976,btc,1072.33679056,0.0,5.159928142113438,1
1,[],12,[],2019-03-09 19:52:12,109.19023596,0.01255000000000000039135361618036768049933016300201416015625,0.000000491825715,6889245,2019-03-09 19:52:12,btc,0.3041798441989,0.0,0.01255000000000000039135361618036768049933016300201416015625,btc,22.82104115,0.0626309914359,0.3681217729604,1
1,[],20,[],2019-03-09 19:52:14,1153.5863,0.010500233,0.00000041149678110689997,6889246,2019-03-09 19:52:14,btc,0.0554564832443,0.0,0.010500233,btc,2.4799,0.0,0.1076252085373,1
1,[],21,[],2019-03-09 19:52:15,2319.26058795,0.01252527999999999974711784034,0.000000490856955504,6889247,2019-03-09 19:52:15,btc,25.334896911305734,5397.72323434,0.0125252799999999997471178403429803438484668731689453125,"btc,eth",2775.02817,58.64078492328765,20.229008489735957,1
1,[],22,[],2019-03-09 19:52:20,0.0059712,0.01250000,0.00000048986625,6889248,2019-03-09 19:52:20,BTC,0.31439419,0.0,0.01250000,BTC,0.12751438772928525,0.0,7.464e-05,1
1,[],24,[],2019-03-09 19:52:20,0.0,0.000000000000,0,6889249,2019-03-09 19:52:20,btc,0.0,0.0,0.000000000000,btc,0.0,0.0,0.0,1
0.0,[],25,[],2019-03-09 19:52:21,0.0,0,0,6889250,2019-03-09 19:52:21,btc,13.717399999125643,50.90396109,0.0,btc,1053.53867775,0.656,0.0,1
1,[],26,[],2019-03-09 19:52:31,0.0,0,0,6889251,2019-03-09 19:52:31,,0.0,0.0,0,,0.0,0.0,0.0,1
1,[],28,[],2019-03-09 19:52:42,993.142,0.01323000,0.000000518474439,6889252,2019-03-09 19:52:42,btc,0.147901439075,18130.05,0.01323000,btc,7.9421,0.0,0.089302756,1
0,[],2,[],2019-01-20 23:28:45,0.0,0,0,6477011,2019-01-20 23:28:45,,0.0,0.0,0,,0.0,0.0,0.0,1
1,[],5,[],2019-03-09 19:52:43,0.0,0,0,6889253,2019-03-09 19:52:43,btc,0.0,0.00857266,0,btc,0.0,0.0,0.0,2
0,[],22,[],2019-03-09 19:52:46,0.0,0,0,6889254,2019-03-09 19:52:46,,0.0,0.0,0,,0.0,0.0,0.0,2
1,[],5,[],2019-03-09 19:52:47,0.0,0,0,6889255,2019-03-09 19:52:47,btc,0.0,0.71570044,0,btc,0.0,0.0,0.0,3
1,[],12,[],2019-03-09 19:52:49,1933589.5399200001,0.000000177,0.0000000000069365061,6889256,2019-03-09 19:52:49,btc,22810.248709692136,0.0,0.000000177,btc,951006.6544,0.04602492443384214,0.28078969466584,3
0,[],28,[],2019-03-09 19:52:55,0.0,0,0,6889257,2019-03-09 19:52:55,,0.0,0.0,0,,0.0,0.0,0.0,3
0,[],2,[],2019-01-20 23:31:32,0.0,0,0,6477077,2019-01-20 23:31:32,,0.0,0.0,0,,0.0,0.0,0.0,4
1,[],4,[],2019-03-09 19:03:36,394362.28616607,0.00000032,0.000000000012569280000000001,6889097,2019-03-09 19:03:36,btc,32.15548375957025,0.0,0.00000032,btc,707361.31512647,0.00109114,0.0476374485302292,4
1,[],12,[],2019-03-09 19:52:56,363807.0,0.00000002,0.000000000000783786,6889258,2019-03-09 19:52:56,btc,1111742.12973161,0.0,0.00000002,btc,544783.0,0.0,0.0047358800000000005,5
0,[],2,[],2019-01-20 23:31:51,0.0,0,0,6477087,2019-01-20 23:31:51,,0.0,0.0,0,,0.0,0.0,0.0,6
1,[],11,[],2019-03-09 19:52:59,4731978.6305,0.00000002,0.000000000000783786,6889259,2019-03-09 19:52:59,btc,9568.128864517479,53083.8695,0.00000002,btc,42650286.853213936,0.0,0.06211440761,6
1,[],3,[],2019-03-09 19:52:59,1084.000252573546,0.0001524300000000000025572599593459699462982825934886932373046875,0.000000005973624999,6889260,2019-03-09 19:52:59,btc,29.634085403952064,0.0,0.0001524300000000000025572599593459699462982825934886932373046875,btc,239.122414578101,0.0,0.03372993969430639,7
1,[],4,[],2019-03-09 19:53:00,99114.4075548,0.00025084,0.000000009830244012,6889261,2019-03-09 19:53:00,btc,9.942853206259294,0.0,0.00025084,btc,30720.9509116,2.85728103,6.705690619270358,7
1,[],5,[],2019-03-09 19:53:01,0.0,0,0,6889262,2019-03-09 19:53:01,btc,0.0,0.34738675,0,btc,0.0,0.0,0.0,7
1,[],20,[],2019-02-20 02:16:17,39399275.8418,0.000000001,0.0000000000000390183,6728586,2019-02-20 02:16:17,btc,116.9737569154545,525.0,0.000000001,btc,56932965.8895,5.25e-07,0.0393992758418,8
1,[],4,[],2019-03-09 19:53:03,1140342.47409262,0.00000148,0.000000000058000164,6889263,2019-03-09 19:53:03,btc,5.770966213945496,0.0,0.00000148,btc,2961249.16856384,1.47413535,0.9122871125646262,9
1,[],28,[],2019-03-09 19:53:10,37353.0,0.00000165,0.000000000064662345,6889264,2019-03-09 19:53:10,btc,2708.782203270583,3554758.14,0.00000165,btc,24261.1497,0.0,0.0328195,9
0,[],2,[],2019-01-20 23:22:42,0.0,0,0,6476876,2019-01-20 23:22:42,,0.0,0.0,0,,0.0,0.0,0.0,9
0,[],23,[],2019-01-20 23:22:48,0.0,0,0,6476878,2019-01-20 23:22:48,,0.0,0.0,0,,0.0,0.0,0.0,9
1,[],1,[],2019-02-17 23:31:42,1822507.21,0.00000181000000000000003456111265232042484285557293333113193511962890625,0.000000000066086901,6701244,2019-02-17 23:31:42,btc,3.6990969245,17153386.5,0.00000181000000000000003456111265232042484285557293333113193511962890625,btc,1997391.71,31.11772986,3.2610482446,9
1,[],4,[],2019-02-17 11:22:43,4341674.27126056,0.00000002,0.0000000000007272960000000001,6696112,2019-02-17 11:22:43,btc,0.1997230937751353,0.0,0.00000002,btc,4109766.79808031,0.00215132,0.0479381022052112,10
1,[],4,[],2019-03-09 19:53:11,6364796.74423759,0.00000120,0.00000000004702716,6889265,2019-03-09 19:53:11,btc,8.587434713988578,0.0,0.00000120,btc,4897880.48834284,1.55888828,3.858907760836831,12
1,[],5,[],2019-03-09 19:53:13,0.0,0,0,6889266,2019-03-09 19:53:13,btc,0.0,0.30186449,0,btc,0.0,0.0,0.0,12
0.0,[],25,[],2019-03-09 19:53:14,0.0,0,0,6889267,2019-03-09 19:53:14,,0.0,0.0,0.0,btc,0.0,0.0,0.0,12
0,[],2,[],2019-01-20 23:23:08,0.0,0,0,6476890,2019-01-20 23:23:08,,0.0,0.0,0,,0.0,0.0,0.0,12
1,[],4,[],2019-03-09 19:53:15,32036300.53502588,0.00000591,0.000000000231608763,6889268,2019-03-09 19:53:15,btc,3.073513484392784,0.0,0.00000591,btc,416227.727929,0.34480298,1.3194510843658904,13
1,[],10,[],2019-03-09 19:53:17,395479.73862811,0.00000578,0.00000000022651415399999998,6889269,2019-03-09 19:53:17,btc,666801.3450557034,7741.07294413,0.00000578,btc,720454.98071735,0.0,0.2506484301320012,13
1,[],21,[],2019-03-09 19:53:18,975281.76655699,0.000005900000000000000262409451807,0.00000000023121687,6889270,2019-03-09 19:53:18,btc,4.095332843620392,532727.38635406,0.0000059000000000000002624094518066666381628238013945519924163818359375,btc,623465.25924334,3.13640379,5.3836877008160124,13
1,[],4,[],2019-03-09 19:53:19,736083.71757899,0.00000130,0.00000000005094609,6889271,2019-03-09 19:53:19,btc,6.341560202511774,0.0,0.00000130,btc,867686.27977998,0.01279536,0.1561597113330998,14
1,[],12,[],2019-03-09 19:53:20,273721.0,0.0000015000000000000000380012861456169304119612206704914569854736328125,0.00000000005878395,6889272,2019-03-09 19:53:20,btc,0.1032604669274623,0.0,0.0000015000000000000000380012861456169304119612206704914569854736328125,btc,8619.95685197,0.0009988959999905,0.0339447,14
1,[],26,[],2019-03-09 19:53:35,0.0,0.00000050,0.00000000001959465,6889273,2019-03-09 19:53:35,btc,0.0,0.0,0.00000050,btc,0.0,0.0,0.0,14
0,[],17,[],2019-03-09 19:04:16,0.0,0,0,6889113,2019-03-09 19:04:16,btc,0.0,0.0,0,btc,0.0,0.0,0.0,14
0,[],4,[],2019-03-09 19:53:36,0.0,0,0,6889274,2019-03-09 19:53:36,,0.0,0.0,0,,0.0,0.0,0.0,15
,[],12,[],2018-12-01 15:15:48,204241.84496,0.00000489,0.000000000202473384,5260204,2018-12-01 15:15:48,btc,49.5475654835,0.0,,btc,35763.2193806,0.0163153972027625,0.0203389899998,15
1,[],4,[],2019-03-09 19:53:38,37276.62601069,0.00001703,0.0000000006673937789999999,6889275,2019-03-09 19:53:38,btc,4.194252178122339,0.0,0.00001703,btc,18907.91279959,0.03516103,0.1209816738307576,18
1,[],10,[],2019-03-09 19:53:40,792059.3158035,0.00001712,0.000000000670920816,6889276,2019-03-09 19:53:40,btc,15.372163275597424,10447.2140826,0.00001712,btc,12489.77049778,0.0,0.2678769847604096,18
1,[],12,[],2019-03-09 19:53:41,362127.93922751,0.00001629999999999999979178981479588372849320876412093639373779296875,0.00000000063878559,6889277,2019-03-09 19:53:41,btc,33008.93565801545,0.0,0.00001629999999999999979178981479588372849320876412093639373779296875,btc,697.12853469,0.0085881808857688,0.022310628476790398,18
0,[],17,[],2019-03-09 19:53:53,0.0,0,0,6889278,2019-03-09 19:53:53,btc,0.0,0.0,0,btc,0.0,0.0,0.0,18
0,[],2,[],2019-01-20 23:23:38,0.0,0,0,6476906,2019-01-20 23:23:38,,0.0,0.0,0,,0.0,0.0,0.0,18
1,[],3,[],2019-03-09 19:53:53,117157.98718871536,0.0000211899999999999987128872225294884401591843925416469573974609375,0.000000000830421267,6889279,2019-03-09 19:53:53,btc,0.5201866317633691,41.2234724088,0.0000211899999999999987128872225294884401591843925416469573974609375,btc,9382.483386669976,0.0,0.013611268598683165,19
1,[],4,[],2019-03-09 19:53:54,264974.58217769,0.00002126,0.000000000833164518,6889280,2019-03-09 19:53:54,btc,3.1964560374886823,0.0,0.00002126,btc,93927.59642599,0.98775035,2.7082034034078046,19
1,[],5,[],2019-03-09 19:53:56,0.0,0,0,6889281,2019-03-09 19:53:56,btc,0.0,0.01009699,0,btc,0.0,0.0,0.0,19
1,[],12,[],2019-03-09 19:53:57,169364.28395061,0.000012160000000000000466176576507937312499052495695650577545166015625,0.000000000476541888,6889282,2019-03-09 19:53:57,btc,0.223495106784219,0.0,0.000012160000000000000466176576507937312499052495695650577545166015625,btc,365.56200924,0.0,0.0289976299999115,19
0,[],27,[],2019-03-09 19:53:59,0.0,0,0,6889283,2019-03-09 19:53:59,,0.0,0.0,0,btc,0.0,0.0,0.0,19
0,[],2,[],2019-01-20 23:24:19,0.0,0,0,6476924,2019-01-20 23:24:19,,0.0,0.0,0,,0.0,0.0,0.0,19
1,[],4,[],2019-03-09 19:54:00,2770050.98210011,0.00000012,0.000000000004702716,6889284,2019-03-09 19:54:00,btc,7.383042289760813,0.0,0.00000012,btc,2876583.25385408,0.00047882,0.0767787845231285,20
1,[],4,[],2019-03-09 19:54:02,103815793.72147027,0.00000002,0.0000000000007837859999999999,6889285,2019-03-09 19:54:02,btc,1847.863256175191,0.0,0.00000002,btc,54908384.6818267,0.0,1.1630563175500457,21
1,[],12,[],2019-03-09 19:54:04,1359458.0,0.00000001,0.000000000000391893,6889286,2019-03-09 19:54:04,btc,1247.5070061495405,0.0,0.00000001,btc,2425596.97702298,0.0,0.01359458,21
0,[],17,[],2019-03-09 19:54:15,0.0,0,0,6889287,2019-03-09 19:54:15,btc,0.0,0.0,0,btc,0.0,0.0,0.0,21
1,[],12,[],2019-03-09 19:54:17,2116818838.0,0.0000000001,0.00000000000000391893,6889288,2019-03-09 19:54:17,btc,11177.382305564332,0.0,0.0000000001,btc,1431300039.1562328,0.035177855357342656,0.2116818838,23
0,[],27,[],2019-03-09 19:54:19,0.0,0,0,6889289,2019-03-09 19:54:19,,13.51825636659341,0.0,0,eth,2066931.35514486,0.0,0.0,23
1,[],4,[],2019-03-09 19:54:20,593980.20919318,0.00000046,0.000000000018027078,6889290,2019-03-09 19:54:20,btc,9.409568919095575,0.0,0.00000046,btc,1609668.91465333,0.00236754,0.1579913757940115,24
1,[],22,[],2019-03-09 19:54:24,11.76,0.00000100,0.0000000000391893,6889291,2019-03-09 19:54:24,BTC,7.415e-05,0.0,0.00000100,BTC,23.919354838709676,0.0,1.176e-05,24
0.0,[],25,[],2019-03-09 19:54:25,0.0,0,0,6889292,2019-03-09 19:54:25,,0.0,0.0,0.0,btc,0.0,0.0,0.0,24
1,[],4,[],2019-03-09 19:54:27,26580682.50363217,0.00000645,0.000000000252770985,6889293,2019-03-09 19:54:27,btc,132.4086280785416,0.0,0.00000645,btc,253658.46539297,0.0847266,0.4581882934875931,26
1,[],10,[],2019-03-09 19:54:28,686097.89861326,0.00000601,0.000000000235527693,6889294,2019-03-09 19:54:28,btc,26.127630322942654,4359.52031056,0.00000601,btc,14082.23878667,0.0,0.2137617411445378,26
0,[],2,[],2019-01-20 23:25:56,0.0,0,0,6476976,2019-01-20 23:25:56,,0.0,0.0,0,,0.0,0.0,0.0,26
1,[],3,[],2019-03-09 19:54:29,8436944.19501412,0.00000001,0.000000000000391893,6889295,2019-03-09 19:54:29,btc,2.2726296585456245,5029.0,0.00000001,btc,17764993.15743837,0.0,0.08436944195014119,27
1,[],5,[],2019-03-09 19:54:30,0.0,0,0,6889296,2019-03-09 19:54:30,btc,0.0,9.563e-05,0,btc,0.0,0.0,0.0,27
1,[],11,[],2019-03-09 19:54:32,9461840.38103613,0.00000005,0.000000000001959465,6889297,2019-03-09 19:54:32,btc,67506.32843704063,170.63047893,0.00000005,btc,7972152.75036371,0.0,0.44099231334143857,27
1,[],4,[],2019-03-09 19:54:33,2173584956.3024163,0.00000001,0.00000000000039189299999999997,6889298,2019-03-09 19:54:33,btc,3.198885388943856,0.0,0.00000001,"btc,ltc",212441881.9401399,0.22110682,9.985882088844688,29
1,[],7,[],2019-03-09 19:54:35,0.0,0.00000001,0.000000000000391893,6889299,2019-03-09 19:54:35,btc,0.0,717286.213786,0.00000001,btc,0.0,0.01434572,0.0,29
1,[],4,[],2019-03-09 19:54:36,2387809.52524147,0.00000025,0.000000000009797325,6889300,2019-03-09 19:54:36,btc,2.6388717540692923,0.0,0.00000025,btc,1975612.58350198,0.02563364,0.1150586994416477,30
0,[],17,[],2019-03-09 19:07:14,0.0,0,0,6889139,2019-03-09 19:07:14,btc,0.0,0.0,0,btc,0.0,0.0,0.0,30
1,[],4,[],2019-03-09 19:54:38,163263.12191835,0.00005572,0.0000000021836277959999998,6889301,2019-03-09 19:54:38,btc,10.641919925377968,0.0,0.00005572,btc,133738.75086549,2.82015069,1.03937681515506,31
1,[],21,[],2019-03-09 19:54:39,110226.45644016001,0.00005663999999999999980862530613,0.000000002219681952,6889302,2019-03-09 19:54:39,btc,7.294765699433792,364200.86487569,0.0000566399999999999998086253061302386413444764912128448486328125,btc,113544.37215378,19.92053829,5.840441229778887,31
0,[],2,[],2019-01-20 23:28:43,0.0,0,0,6477009,2019-01-20 23:28:43,,0.0,0.0,0,,0.0,0.0,0.0,32
1,[],4,[],2019-03-09 19:54:40,412111210.35139865,0.00000004,0.0000000000015675719999999999,6889303,2019-03-09 19:54:40,btc,10.607699974624653,0.0,0.00000004,"btc,ltc",198864432.86981744,0.13230005,9.745570244839781,33
1,[],12,[],2019-03-09 19:54:40,24031664.54000004,0.00000004,0.000000000001567572,6889304,2019-03-09 19:54:40,btc,1311838.4285580362,0.0,0.00000004,btc,15945892.92607388,0.00012726985015,0.5737807919600015,33
1,[],4,[],2019-03-09 19:54:41,110654190.82242525,0.00000001,0.00000000000039189299999999997,6889305,2019-03-09 19:54:41,btc,3.4991367348236317,0.0,0.00000001,btc,99888697.50497656,0.04579452,1.1065419082242525,34
1,[],5,[],2019-03-09 19:54:43,0.0,0,0,6889306,2019-03-09 19:54:43,btc,0.0,0.03178483,0,btc,0.0,0.0,0.0,34
0.0000000001456229,[],4,[],2019-03-09 19:54:44,3188884954.4993334,1.456229e-18,5.70685951497e-23,6889307,2019-03-09 19:54:44,ltc,4.2188163309659605e-08,0.0,0.00000001,ltc,6342619096.469583,0.0,4.64374674840561e-09,36
1,[],5,[],2019-03-09 19:54:46,0.0,0,0,6889308,2019-03-09 19:54:46,btc,0.0,0.0,0,btc,0.0,0.0,0.0,36
0.00000000034876490000000006,[],27,[],2019-03-09 19:54:49,1090000.0,3.4876490000000006e-18,1.3667852295570002e-22,6889309,2019-03-09 19:54:49,eth,222.5593939951224,0.0,0.00000001,"ltc,eth",11165410.31026039,0.0,1.7224130600000002e-12,36
0,[],17,[],2019-03-09 19:07:37,0.0,0,0,6889148,2019-03-09 19:07:37,btc,0.0746458232965017,0.0,0,btc,4103573.70243647,0.0,0.0,36
1,[],4,[],2019-03-09 19:54:50,254560.15442021,0.00000059,0.000000000023121686999999998,6889310,2019-03-09 19:54:50,btc,19772.478463828968,0.0,0.00000059,btc,559797.97211085,0.00662992,0.1109859443445806,37
1,[],12,[],2019-03-09 19:54:51,457412.46686808,0.00000062,0.000000000024297366,6889311,2019-03-09 19:54:51,btc,9.718582383999712,0.0,0.00000062,btc,290585.09608222,0.0738430657383278,0.153756473650779,37
1,[],27,[],2019-03-09 19:54:53,14685.567,0.00000045,0.000000000017635185,6889312,2019-03-09 19:54:53,btc,25.74903392619233,0.0,0.00000045,btc,6518.38138508,0.0,0.00480032515,37
1,[],17,[],2019-03-09 14:52:51,1752.74075282,0.00000025,0.0000000000098297,6887863,2019-03-09 14:52:51,btc,0.055484923777095005,0.0,0.00000025,btc,1319.19918473,0.0,0.00043818518820499993,37
1,[],5,[],2019-03-09 19:54:56,0.0,0,0,6889313,2019-03-09 19:54:56,btc,0.0,0.08552908,0,btc,0.0,0.0,0.0,42
1,[],12,[],2019-03-09 19:54:57,263120.53358365,0.00000101999999999999997501889774376149233603428001515567302703857421875,0.000000000039973085999999997,6889314,2019-03-09 19:54:57,btc,0.2879824130123327,0.0,0.00000101999999999999997501889774376149233603428001515567302703857421875,btc,31301.88111467,0.1254041454438398,0.0276158000712989,42
0.00000000034876490000000006,[],27,[],2019-03-09 19:54:59,2000.0,3.4876490000000006e-18,1.3667852295570002e-22,6889315,2019-03-09 19:54:59,eth,0.00315028,0.0,0.00000001,"btc,eth",11.007,0.0,6.975298000000001e-15,42
1,[],5,[],2019-03-09 19:55:02,0.0,0,0,6889316,2019-03-09 19:55:02,btc,0.0,0.0028864,0,btc,0.0,0.0,0.0,43
1,[],12,[],2019-03-09 19:55:03,1121342.0,0.00000001,0.000000000000391893,6889317,2019-03-09 19:55:03,btc,1.8504711194405596,0.0,0.00000001,btc,4456703.97202798,0.0005494505494504,0.01121342,43
0,[],17,[],2019-03-09 19:07:48,0.0,0,0,6889155,2019-03-09 19:07:48,btc,0.0,0.0,0,btc,0.0,0.0,0.0,43
1,[],12,[],2019-03-05 01:54:08,639326.02,0.00000004,0.000000000001486676,6845775,2019-03-05 01:54:08,btc,11116042.728239931,0.0,0.00000004,btc,1103841.4595604,0.0003330765234764,0.014975410599999999,44
1,[],4,[],2019-03-09 19:55:04,298683577.21175855,0.00000003,0.000000000001175679,6889318,2019-03-09 19:55:04,btc,473.7255289751367,0.0,0.00000003,"btc,ltc",11083908.09859804,0.04301479,0.2845642983916434,49
0.0000000001456229,[],4,[],2019-03-09 19:55:05,475756994.977488,1.456229e-18,5.70685951497e-23,6889319,2019-03-09 19:55:05,ltc,25.93605946353753,0.0,0.00000001,ltc,10000858027.006735,0.0,6.928111330390724e-10,52
0.0000000001234711,[],22,[],2019-03-09 19:55:10,80845862.0,1.234711e-18,4.83874597923e-23,6889320,2019-03-09 19:55:10,XMR,4366.99376837,0.0,0.00000001,XMR,256039034.67882353,0.0,0.80845862,57
0.00000000034876490000000006,[],27,[],2019-03-09 19:55:12,2000.0,3.4876490000000006e-18,1.3667852295570002e-22,6889321,2019-03-09 19:55:12,eth,0.0,0.0,0.00000001,"btc,eth",0.0,0.0,6.975298000000001e-15,57
0.0000000001456229,[],4,[],2019-03-09 19:55:13,554644923.3319616,2.912458e-18,1.141371902994e-22,6889322,2019-03-09 19:55:13,ltc,18.807189334168875,0.0,0.00000002,ltc,4854963782.245953,0.0,1.169655486610849e-09,58
1,[],12,[],2019-03-09 19:55:14,1064487196.0,0.0000000003,0.000000000000011756789999999999,6889323,2019-03-09 19:55:14,btc,2911891.6821828377,0.0,0.0000000003,btc,1649258433.6013987,0.07894540001628374,0.2684441857,58
0.0000000001234711,[],22,[],2019-03-09 19:55:28,137438.0,1.234711e-18,4.83874597923e-23,6889324,2019-03-09 19:55:28,XMR,69.8835922,0.0,0.00000001,XMR,9887963.0,0.0,0.00137438,58
0,[],17,[],2019-03-09 19:08:11,0.0,0,0,6889162,2019-03-09 19:08:11,btc,1e+24,0.0,0,btc,49226522.0897055,0.0,0.0,58
1,[],5,[],2019-03-09 19:55:29,0.0,0,0,6889325,2019-03-09 19:55:29,btc,0.0,1.916e-05,0,btc,0.0,0.0,0.0,61
1,[],22,[],2019-03-09 19:55:33,13757.0,0.00000012,0.000000000004702716,6889326,2019-03-09 19:55:33,BTC,1002.2960049,0.0,0.00000012,BTC,14976.68361146909,0.0,0.00154987,61
1,[],26,[],2019-03-09 19:55:33,0.0,0.00000800,0.0000000003135144,6889327,2019-03-09 19:55:33,btc,0.0,0.0,0.00000800,btc,0.0,0.0,0.0,61
1,[],27,[],2019-03-09 19:55:35,4411.22008,0.00000047,0.000000000018418971,6889328,2019-03-09 19:55:35,btc,2.8990263703141324,0.0,0.00000047,"btc,eth",19485.01257617,0.0,0.0012437599595335254,61
1,[],28,[],2019-03-09 19:55:42,13880.304,0.0000005,0.00000000001959465,6889329,2019-03-09 19:55:42,btc,2.056312978300105,699.0,0.0000005,btc,9730.59500005,0.0,0.00566391304,61
1,[],4,[],2019-03-09 19:55:43,1322264.90759734,0.00000187,0.000000000073283991,6889330,2019-03-09 19:55:43,btc,9.05997501830531,0.0,0.00000187,btc,758097.36860365,0.11643172,1.015312282781963,67
0.0,[],25,[],2019-03-09 19:55:44,0.0,0,0,6889331,2019-03-09 19:55:44,,0.0,0.0,0.0,btc,0.0,0.0,0.0,67
1,[],12,[],2019-03-09 19:55:45,282720.40069611,0.00000027,0.000000000010581111,6889332,2019-03-09 19:55:45,btc,1127052.6215081871,0.0,0.00000027,btc,1105127.398225,0.0194522038455618,0.0569274099343988,71
,[],5,[],2018-11-20 23:02:39,1.5e-07,0.00000005,0.000000000002128045,4862160,2018-11-20 23:02:39,btc,2.84511358,0.0,,btc,0.00036572,0.0,0.07381892,74
1,[],5,[],2019-03-09 19:55:47,0.0,0,0,6889333,2019-03-09 19:55:47,btc,0.0,0.0,0,btc,0.0,0.0,0.0,75
1,[],4,[],2019-03-09 19:55:47,13147768.81424166,0.00000001,0.00000000000039189299999999997,6889334,2019-03-09 19:55:47,btc,11388.985544584346,0.0,0.00000001,btc,40019471.49932191,0.0,0.1314776881424166,81
0,[],20,[],2019-01-25 09:30:31,0.0,0,0,6495923,2019-01-25 09:30:31,btc,0.0,0.0,0,btc,0.0,0.0,0.0,81
1,[],4,[],2019-03-09 19:55:50,24052.99881114,0.00007721,0.000000003025805853,6889335,2019-03-09 19:55:50,btc,18.13031689568914,0.0,0.00007721,btc,12428.1689142,0.01661472,0.1056996573194757,82
1,[],21,[],2019-03-09 19:55:50,764952.37820059,0.00007514000000000000225371804552,0.000000002944684002,6889336,2019-03-09 19:55:50,btc,3.7887795082091964,3778.08817621,0.000075140000000000002253718045519548240918084047734737396240234375,btc,45680.83467113,0.28248547,2.886992188610652,82
0,[],17,[],2019-03-09 19:55:53,0.0,0,0,6889337,2019-03-09 19:55:53,btc,0.0447233088476774,0.0,0,btc,999127.19588126,0.0,0.0,84
0.0000000001456229,[],4,[],2019-03-09 19:55:53,135543535.2132508,2.912458e-18,1.141371902994e-22,6889338,2019-03-09 19:55:53,ltc,1.7594265132494398,0.0,0.00000002,ltc,398923811.6112276,0.0,2.371977279566692e-10,85
,[],22,[],2018-11-20 23:09:34,3408.1,0.0000001,0.0000000000041895,4862324,2018-11-20 23:09:34,BTC,0.04624735,0.0,,BTC,4990.0,0.0,0.00033081,86
1,[],22,[],2019-03-09 19:55:57,122000.0,0.00000003,0.000000000001175679,6889339,2019-03-09 19:55:57,BTC,2.078122,0.0,0.00000003,BTC,169918.94736842104,0.0,0.00186,87
0,[],27,[],2019-03-09 19:55:59,0.0,0,0,6889340,2019-03-09 19:55:59,,0.0,0.0,0,btc,0.0,0.0,0.0,87
,[],2,[],2018-11-20 23:10:47,0.0,0,0,4862359,2018-11-20 23:10:47,,0.0,0.0,,,0.0,0.0,0.0,88
1,[],11,[],2019-03-09 19:56:02,96051.02489784,0.0001472199999999999897593028208575560711324214935302734375,0.000000005769448746,6889341,2019-03-09 19:56:02,btc,610.8664861158651,6312.87441818,0.0001472199999999999897593028208575560711324214935302734375,btc,95402.92467883,0.0,6.72020952407429,89
0,[],2,[],2019-01-20 23:31:45,0.0,0,0,6477083,2019-01-20 23:31:45,,0.0,0.0,0,,0.0,0.0,0.0,91
1,[],12,[],2019-03-09 19:56:03,248972.71858603,0.000001210000000000000061712245556788669631487209699116647243499755859375,0.000000000047419053,6889342,2019-03-09 19:56:03,btc,61.075758393606506,0.0,0.000001210000000000000061712245556788669631487209699116647243499755859375,btc,117008.83309592,0.0023244869489734,0.0372175812662609,91
0,[],17,[],2019-03-09 19:56:14,0.0,0,0,6889343,2019-03-09 19:56:14,btc,0.0,0.0,0,btc,0.0,0.0,0.0,91
1,[],22,[],2019-03-09 19:56:18,65900.0,0.00000001,0.00000000000039189299999999997,6889344,2019-03-09 19:56:18,BTC,3e-06,0.0,0.00000001,BTC,1.0,0.0,0.000659,91
0,[],22,[],2019-03-09 19:56:21,0.0,0,0,6889345,2019-03-09 19:56:21,,7.50307462,0.0,0,,70597140.95714286,0.0,0.0,95
0,[],17,[],2019-03-09 18:03:43,0.0,0,0,6888827,2019-03-09 18:03:43,btc,0.0,0.0,0,btc,0.0,0.0,0.0,96
0.0000000001456229,[],4,[],2019-03-09 19:56:22,646957902.1703765,7.5723908e-17,2.9675669477844e-21,6889346,2019-03-09 19:56:22,ltc,11.894759087201482,0.0,0.00000052,ltc,136343495.56165135,0.0,1.830141975675652e-09,96
1,[],12,[],2019-03-09 19:56:23,69907.0,0.00000001,0.000000000000391893,6889347,2019-03-09 19:56:23,btc,10.08127168,0.0,0.00000001,btc,2084261.0,7.6e-07,0.00069907,96
1,[],4,[],2019-03-09 19:56:35,1618443.87913985,0.00000022,0.000000000008621646,6889348,2019-03-09 19:56:35,btc,2.5366454897506956,0.0,0.00000022,btc,2566342.28180504,0.00743941,0.131463056247582,99
0,[],2,[],2019-01-20 23:23:55,0.0,0,0,6476914,2019-01-20 23:23:55,,0.0,0.0,0,,0.0,0.0,0.0,100
1,[],4,[],2019-03-09 19:56:35,311650.45499662,0.00004102,0.000000001607545086,6889349,2019-03-09 19:56:35,btc,11.38664523427145,0.0,0.00004102,btc,159204.49553344,0.63807317,2.6391100394122153,100
1,[],22,[],2019-03-09 19:56:40,50000.0,0.00000001,0.00000000000039189299999999997,6889350,2019-03-09 19:56:40,BTC,23.49896609,0.0,0.00000001,BTC,10277.22,0.0,0.0005,101
1,[],4,[],2019-03-09 19:56:41,425643.6603627,0.00000084,0.000000000032919012,6889351,2019-03-09 19:56:41,btc,308.03573487432453,0.0,0.00000084,btc,492299.57199936,0.01467233,0.2055573021787008,103
1,[],12,[],2019-03-09 19:56:43,21893086.19700003,0.000000009,0.00000000000035270369999999997,6889352,2019-03-09 19:56:43,btc,3553843.2839448876,0.0,0.000000009,btc,65370564.89714575,0.04017257100021003,0.05168831077300027,105
1,[],27,[],2019-03-09 19:56:45,223920.39,0.00000001,0.00000000000039189299999999997,6889353,2019-03-09 19:56:45,btc,36.60591030491341,5477.5,0.00000001,btc,1301440.23571724,5.478e-05,0.0022392039,105
1,[],22,[],2019-03-09 19:09:32,9328.0,0.00000001,0.00000000000039279000000000004,6889193,2019-03-09 19:09:32,BTC,51.10837004,0.0,0.00000001,BTC,470435.0,0.0,9.328e-05,107
1,[],26,[],2019-03-09 19:09:32,0.0,0.00000000,0,6889194,2019-03-09 19:09:32,btc,0.0,91290.0,0.00000000,btc,0.0,0.0,0.0,107
1,[],5,[],2019-03-09 19:09:34,0.0,0,0,6889195,2019-03-09 19:09:34,btc,0.0,0.07450385,0,btc,0.0,0.0,0.0,112
1,[],22,[],2019-03-09 19:09:38,1966.0,0.00000001,0.00000000000039279000000000004,6889196,2019-03-09 19:09:38,BTC,2.7975128,0.0,0.00000001,BTC,826524.0833333334,0.0,1.966e-05,112
0.000000000348563,[],27,[],2019-03-09 19:09:41,2000.0,3.48563e-18,1.3691206077e-22,6889197,2019-03-09 19:09:41,eth,1.24892491849924,0.0,0.00000001,"btc,eth",1288.641654,0.0,6.9712600000000004e-15,112
1,[],4,[],2019-03-09 19:09:41,1277008.96473338,0.00000224,0.00000000008798496000000001,6889198,2019-03-09 19:09:41,btc,7.275034692509032,0.0,0.00000224,btc,328376.90561038,0.0682674,0.9695905496243474,113
1,[],5,[],2019-03-09 19:09:43,0.0,0,0,6889199,2019-03-09 19:09:43,btc,0.0,0.0,0,btc,0.0,0.0,0.0,113
1,[],17,[],2019-03-09 18:56:48,152738.278,0.00000004,0.0000000000015728120000000002,6889002,2019-03-09 18:56:48,btc,1.33680302678,0.0,0.00000004,btc,50696.221,0.0,0.0022095311199999998,116
0,[],27,[],2019-03-09 19:09:56,0.0,0,0,6889200,2019-03-09 19:09:56,,0.0,0.0,0,btc,0.0,0.0,0.0,116
1,[],4,[],2019-03-09 19:09:57,64918.24814562,0.00002454,0.00000000096390666,6889201,2019-03-09 19:09:57,btc,30.56578173939248,0.0,0.00002454,btc,89629.58352683,0.41208741,0.9397185324133976,120
1,[],7,[],2019-03-09 19:09:58,20892.36860948,0.0000212500000000000015265566588595902430824935436248779296875,0.0000000008346787500000001,6889202,2019-03-09 19:09:58,btc,115648.89480684382,0.0,0.0000212500000000000015265566588595902430824935436248779296875,btc,36709.119221220004,0.0,0.0526058819139222,120
1,[],20,[],2019-03-09 19:10:01,2949848.4019,0.000000034,0.0000000000013354860000000001,6889203,2019-03-09 19:10:01,btc,33.6158386038068,61770.5,0.000000034,btc,1013047.029,0.0021517978668,0.0388204874796,125
1,[],22,[],2019-03-09 19:10:07,3053.0,0.00000001,0.00000000000039279000000000004,6889204,2019-03-09 19:10:07,BTC,0.01444887,0.0,0.00000001,BTC,296263.5111111111,0.0,3.053e-05,126
0,[],17,[],2019-03-09 18:57:00,0.0,0,0,6889009,2019-03-09 18:57:00,btc,0.0009561751951600001,0.0,0,btc,35.42829368,0.0,0.0,131
0,[],2,[],2019-01-20 23:25:46,0.0,0,0,6476969,2019-01-20 23:25:46,,0.0,0.0,0,,0.0,0.0,0.0,131
1,[],4,[],2019-03-09 19:10:08,139848.38580472,0.00001303,0.0000000005118053700000001,6889205,2019-03-09 19:10:08,btc,3.588285582559023,0.0,0.00001303,btc,122173.72841063,0.14327319,0.5776088220046423,131
1,[],4,[],2019-03-09 19:10:09,4547.79300483,0.00016000,0.00000000628464,6889206,2019-03-09 19:10:09,btc,1.6192530557062412,0.0,0.00016000,btc,239.25503526,0.0,0.0068861669225237,135
1,[],3,[],2019-03-07 00:20:44,877702.73244099,0.00000004,0.00000000000154846,6863392,2019-03-07 00:20:44,btc,0.119366241821405,0.0,0.00000004,btc,760637.99421222,0.0,0.023771231960604298,136
1,[],4,[],2019-03-09 19:10:11,243258.33831135,0.00000154,0.00000000006048966,6889207,2019-03-09 19:10:11,btc,38.677426746636066,0.0,0.00000154,btc,520417.78371448,0.01333392,0.067448993964512,137
1,[],12,[],2019-03-09 19:10:12,209357.66666666,0.000001260000000000000006510091944689211373997750342823565006256103515625,0.000000000049491540000000005,6889208,2019-03-09 19:10:12,btc,5.061259620067564,0.0,0.000001260000000000000006510091944689211373997750342823565006256103515625,btc,4478.98497238,0.0048978967710316,0.0047825099999998,137
1,[],17,[],2019-03-09 18:04:54,22967.386363640002,0.00000088,0.00000000003445376,6888852,2019-03-09 18:04:54,btc,20.0699133484,0.0,0.00000088,btc,405.079105,0.0,0.0104613000000032,142
1,[],4,[],2019-03-09 19:10:13,16415.11405339,0.00003823,0.00000000150163617,6889209,2019-03-09 19:10:13,btc,28.555038778961492,0.0,0.00003823,btc,47361.68365308,0.27036302,0.4416435464474995,142
1,[],5,[],2019-03-09 19:10:15,0.0,0,0,6889210,2019-03-09 19:10:15,btc,0.0,0.17256762,0,btc,0.0,0.0,0.0,142
1,[],20,[],2019-03-09 19:10:27,135519.0898,0.00004001,0.00000000157155279,6889211,2019-03-09 19:10:27,btc,0.3393177797982,308.3314,0.00004001,btc,2289.9773,0.013786553551,0.3056685852209,142
1,[],22,[],2019-03-09 19:10:31,1470.8988921568628,0.00004000,0.00000000157116,6889212,2019-03-09 19:10:31,BTC,3.00385504,0.0,0.00004000,BTC,891.218,0.0,0.0012358,142
0.0,[],25,[],2019-03-09 19:10:32,0.0,0,0,6889213,2019-03-09 19:10:32,,0.0,0.0,0.0,btc,0.0,0.0,0.0,142
1,[],28,[],2019-03-09 19:10:34,76201.664,0.00001500,0.0000000005891850000000001,6889214,2019-03-09 19:10:34,btc,0.067100461059305,1587.0,0.00001500,btc,552.61077999,0.0,0.00546896,142
0,[],22,[],2019-03-09 19:10:37,0.0,0,0,6889215,2019-03-09 19:10:37,,65.61831169,0.0,0,,1037691921.3,0.0,0.0,143
0,[],22,[],2019-02-25 15:42:22,0.0,0,0,6783783,2019-02-25 15:42:22,,4.2131946,0.0,0,,2322156.0,0.0,0.0,146
,[],22,[],2018-11-20 23:01:11,0.0,0,0,4862114,2018-11-20 23:01:11,,2.56807021,0.0,,,61828.4988236,0.0,0.0,147
1,[],12,[],2019-03-09 19:10:38,334537.8571082,0.0000022299999999999998249729064869750772004408645443618297576904296875,0.00000000008759216999999999,6889216,2019-03-09 19:10:38,btc,1.7070267086747015,0.0,0.0000022299999999999998249729064869750772004408645443618297576904296875,btc,27058.32742472,0.000624793828594,0.0283524099999318,148
1,[],4,[],2019-03-09 19:10:39,251471.4151406,0.00000029,0.00000000001139091,6889217,2019-03-09 19:10:39,btc,219.99888636971073,0.0,0.00000029,btc,841115.47983247,0.0,0.0597702236452566,152
0,[],22,[],2019-03-09 19:10:42,0.0,0,0,6889218,2019-03-09 19:10:42,,0.0,0.0,0,,0.0,0.0,0.0,152
1,[],5,[],2019-03-09 19:10:43,0.0,0,0,6889219,2019-03-09 19:10:43,btc,0.0,0.0,0,btc,0.0,0.0,0.0,153
,[],16,[],2019-01-11 15:38:59,0.0,0,0,6366141,2019-01-11 15:38:59,btc,0.0,0.0,,btc,0.0,0.0,0.0,155
0,[],22,[],2019-03-09 19:10:46,0.0,0,0,6889220,2019-03-09 19:10:46,,6.7463781,0.0,0,,4673397.242592593,0.0,0.0,156
0,[],23,[],2019-01-20 23:24:29,0.0,0,0,6476932,2019-01-20 23:24:29,,0.0,0.0,0,,0.0,0.0,0.0,156
1,[],22,[],2019-03-09 19:10:50,7134.80396467832,0.00005549,0.0000000021795917100000003,6889221,2019-03-09 19:10:50,BTC,1.80155055,0.0,0.00005549,BTC,865.6461988741639,0.00188644,0.00442847,157
0,[],22,[],2019-03-09 19:10:52,0.0,0,0,6889222,2019-03-09 19:10:52,,50175.67608608,0.0,0,,54079135.04179466,0.0,0.0,158
,[],17,[],2018-11-20 22:56:10,0.0,0,0,4861976,2018-11-20 22:56:10,btc,1.1265625,0.0,,btc,1000.0,0.0,0.0,159
,[],20,[],2018-11-20 22:56:12,0.0,0,0,4861977,2018-11-20 22:56:12,btc,11912.7940471,0.0,,btc,34413894.3617,0.0,0.0,159
1,[],12,[],2019-03-09 19:10:53,220522.15005317,0.00000675999999999999965174558858027609176133410073816776275634765625,0.00000000026552604,6889223,2019-03-09 19:10:53,btc,0.7736363421083653,0.0,0.00000675999999999999965174558858027609176133410073816776275634765625,btc,8108.1575440999995,0.0013206456,0.0939566483932017,168
1,[],17,[],2019-03-09 19:10:55,29784.95,0.000001,0.000000000039279,6889224,2019-03-09 19:10:55,btc,0.03026736251542,0.0,0.000001,btc,144.46171372,0.0,0.00716147,168
0,[],22,[],2019-03-07 13:06:36,0.0,0,0,6867364,2019-03-07 13:06:36,,1.1339604,0.0,0,,520283.17470714403,0.0,0.0,169
1,[],22,[],2019-03-09 19:10:58,227715.66666666666,0.0000001,0.0000000000039279,6889225,2019-03-09 19:10:58,BTC,14.35049674,0.0,0.0000001,BTC,156152.1439341018,0.00014942,0.00308617,171
1,[],22,[],2019-03-09 19:11:04,927527.1083333333,0.00000011,0.00000000000432069,6889226,2019-03-09 19:11:04,BTC,2.25256216,0.0,0.00000011,"BTC,LTC",279854.69750116824,0.0,0.03105863,173
1,[],5,[],2019-03-05 01:59:40,0.0,0,0,6845846,2019-03-05 01:59:40,btc,0.0,0.00384852,0,btc,0.0,0.0,0.0,175
1,[],22,[],2019-03-09 19:11:07,35500.0,0.00000012,0.00000000000471348,6889227,2019-03-09 19:11:07,BTC,0.54559973,0.0,0.00000012,BTC,137776.41444619838,0.0,0.00206,176
1,[],7,[],2019-03-09 19:11:10,0.0,0,0,6889228,2019-03-09 19:11:10,btc,410914.89015791274,19857.1428571,0,btc,116624946.54749101,0.00019857,0.0,178
0,[],22,[],2019-03-09 19:11:13,0.0,0,0,6889229,2019-03-09 19:11:13,,1.00242438,0.0,0,,57522.0,0.0,0.0,178
0,[],2,[],2019-01-20 23:28:34,0.0,0,0,6477001,2019-01-20 23:28:34,,0.0,0.0,0,,0.0,0.0,0.0,178
1,[],5,[],2019-03-09 18:58:05,0.0,0,0,6889034,2019-03-09 18:58:05,btc,0.0,0.08254886,0,btc,0.0,0.0,0.0,179
1,[],22,[],2019-03-09 18:58:09,6875818.5,0.00000002,0.0000000000007864060000000001,6889035,2019-03-09 18:58:09,BTC,5.65177479,0.0,0.00000002,"BTC,LTC",17775192.756535422,2.322e-05,0.37245709,179
0,[],23,[],2019-01-20 23:25:08,0.0,0,0,6476952,2019-01-20 23:25:08,,0.0,0.0,0,,0.0,0.0,0.0,179
1,[],22,[],2019-03-09 19:11:19,650016.7090909091,0.00000165,0.00000000006481035,6889230,2019-03-09 19:11:19,BTC,0.18180453,0.0,0.00000165,"BTC,LTC",48416.756131308655,0.01027103,0.55870298,180
1,[],26,[],2019-03-09 19:11:19,0.0,0.00000125,0.00000000004909875,6889231,2019-03-09 19:11:19,btc,0.0,194.0,0.00000125,btc,0.0,0.0,0.0,180
1,[],17,[],2019-03-09 18:58:11,10504.725,0.0000001,0.00000000000393203,6889036,2019-03-09 18:58:11,btc,5.2010695838170005,0.0,0.0000001,btc,4994.45945,0.0,0.0010504725,180
,[],7,[],2018-11-20 22:58:01,562227.975654,0.00000085,0.000000000036176765,4862015,2018-11-20 22:58:01,btc,21836.6059674,2491.87645172,,btc,749999.041456,0.00211021,0.127565380455,183
1,[],24,[],2019-03-09 19:11:19,0.0,0.000000000001,3.9279e-17,6889232,2019-03-09 19:11:19,btc,0.0,0.0,0.000000000001,btc,0.0,0.0,0.0,187
,[],5,[],2019-01-10 08:11:41,0.0,0,0,6347036,2019-01-10 08:11:41,btc,82.15055501,0.00261,,btc,1.19002445,0.0,0.0,187
,[],17,[],2018-11-16 20:58:10,4062536.27273,0.00000001,0.000000000000550501,4708775,2018-11-16 20:58:10,btc,3.36492563466,0.195460381006,,"btc,eth",110697919.549,0.0,0.0157628953496,187
0,[],22,[],2019-03-09 19:11:22,0.0,0,0,6889233,2019-03-09 19:11:22,,7.54797454,0.0,0,,79361.7243344055,0.0,0.0,191
0,[],22,[],2019-03-09 19:11:27,0.0,0,0,6889234,2019-03-09 19:11:27,,0.0,0.0,0,,0.0,0.0,0.0,197
0,[],22,[],2019-03-09 19:11:38,0.0,0,0,6889235,2019-03-09 19:11:38,,5.19076992,0.0,0,,21057923.0,0.0,0.0,199
1,[],26,[],2019-03-09 19:11:38,0.0,0.00000000,0,6889236,2019-03-09 19:11:38,btc,0.0,127756.0,0.00000000,btc,0.0,0.0,0.0,199
0,[],23,[],2019-01-20 23:31:41,0.0,0,0,6477079,2019-01-20 23:31:41,,0.0,0.0,0,,0.0,0.0,0.0,199
0,[],17,[],2019-01-30 16:32:01,0.0,0,0,6540827,2019-01-30 16:32:01,btc,6.802544163788159,0.0,0,btc,105897.55575295,0.0,0.0,200
0,[],2,[],2019-01-20 23:30:49,0.0,0,0,6477059,2019-01-20 23:30:49,,0.0,0.0,0,,0.0,0.0,0.0,201
1,[],4,[],2019-01-25 15:51:35,2084389.58565343,0.00000936,0.000000000333526752,6499557,2019-01-25 15:51:35,btc,2.0092503037378524,0.0,0.00000936,btc,160195.80207885,0.19272417,1.242687955921835,211
1,[],7,[],2019-03-09 19:11:44,3357808.759227,0.000001030000000000000091033409109486651544784763245843350887298583984375,0.00000000004045737000000001,6889237,2019-03-09 19:11:44,btc,15476654.13138023,598317.998876,0.000001030000000000000091033409109486651544784763245843350887298583984375,btc,13681780.72798292,0.0,1.7443767623225261,212
1,[],5,[],2019-03-09 19:00:41,0.0,0,0,6889045,2019-03-09 19:00:41,btc,0.0,0.09355979,0,btc,0.0,0.0,0.0,213
1,[],24,[],2019-03-09 19:00:41,0.0,0.000000120000,0.000000000004718436,6889046,2019-03-09 19:00:41,btc,0.0,0.0,0.000000120000,btc,0.0,0.0,0.0,213
1,[],26,[],2019-03-09 19:00:41,0.0,0.00000010,0.00000000000393203,6889047,2019-03-09 19:00:41,btc,0.0,0.0,0.00000010,btc,0.0,0.0,0.0,213
1,[],12,[],2019-01-25 02:44:32,207462.42853209,0.000001080000000000000035831255497387193287295303889550268650054931640625,0.000000000038610756000000006,6493050,2019-01-25 02:44:32,btc,85023.03793723314,0.0,0.000001080000000000000035831255497387193287295303889550268650054931640625,btc,43675.73520027,0.000146250909087,0.0348620860622024,213
1,[],22,[],2019-03-09 19:00:45,65000.0,0.00000002,0.0000000000007864060000000001,6889048,2019-03-09 19:00:45,BTC,2.28062382,0.0,0.00000002,BTC,675757.3963726171,0.0,0.00105,216
1,[],27,[],2019-03-09 19:00:48,1298122.0,0.00000003,0.000000000001179609,6889049,2019-03-09 19:00:48,btc,317.9840534547724,480.0,0.00000003,"btc,ltc",240763.990324,1.44e-05,0.03375764000026314,216
1,[],22,[],2019-03-09 19:00:51,160746.52409638555,0.00000173,0.00000000006802411900000001,6889050,2019-03-09 19:00:51,BTC,12673.57176195,0.0,0.00000173,BTC,432481.779803172,0.02416045,0.1730957,217
1,[],7,[],2019-03-09 19:11:46,0.0,0,0,6889238,2019-03-09 19:11:46,btc,77969.38823110008,1000.0,0,btc,135865036.11822966,1e-05,0.0,219
0,[],27,[],2019-03-09 19:11:48,0.0,0,0,6889239,2019-03-09 19:11:48,,0.04027288,0.0,0,btc,2037233.0,0.0,0.0,219
0.0000000000000051,[],28,[],2019-03-09 19:11:50,168978802.075,7.65e-18,3.0048435e-22,6889240,2019-03-09 19:11:50,doge,85152.2106148375,19353.0,0.00150000,"btc,doge",3763918.34751,0.0,1.6718492800664656e-11,219
1,[],22,[],2019-03-09 19:01:07,348342.5,0.00000006,0.000000000002359218,6889054,2019-03-09 19:01:07,BTC,2.76264714,0.0,0.00000006,BTC,89545.24541875876,0.0,0.01427975,221
1,[],24,[],2019-03-09 19:01:07,0.0,0.000000200000,0.00000000000786406,6889055,2019-03-09 19:01:07,btc,0.0,0.0,0.000000200000,btc,0.0,0.0,0.0,221
1,[],20,[],2019-03-09 19:01:09,39105329.5253,0.000000001,0.000000000000039320300000000006,6889056,2019-03-09 19:01:09,btc,48.4424962759203,0.0,0.000000001,btc,16089766.8029,0.0,0.0391053295253,224
0,[],22,[],2019-03-09 19:01:22,0.0,0,0,6889057,2019-03-09 19:01:22,,0.0,0.0,0,,0.0,0.0,0.0,224
1,[],26,[],2019-03-09 19:01:24,0.0,0.00000035,0.000000000013762105000000001,6889058,2019-03-09 19:01:24,btc,0.0,0.0,0.00000035,btc,0.0,0.0,0.0,231
1,[],26,[],2019-03-09 19:01:24,0.0,0.00000005,0.000000000001966015,6889059,2019-03-09 19:01:24,btc,0.0,200.0,0.00000005,btc,0.0,0.0,0.0,234
0.00000000034901969999999996,[],27,[],2019-03-09 19:01:26,2000.0,3.490197e-18,1.372355930991e-22,6889060,2019-03-09 19:01:26,eth,0.01134836604,0.0,0.00000001,"btc,eth",11462.996,0.0,6.980394e-15,234
1,[],4,[],2019-03-09 19:01:28,769480.92191316,0.00000073,0.000000000028703819000000003,6889061,2019-03-09 19:01:28,btc,4.34950284286917,0.0,0.00000073,btc,1233885.73100536,0.02907788,0.1907598182982149,236
1,[],24,[],2019-03-09 19:01:28,0.0,0.000000300000,0.00000000001179609,6889062,2019-03-09 19:01:28,btc,0.0,0.0,0.000000300000,btc,0.0,0.0,0.0,236
1,[],20,[],2019-03-09 19:01:30,198070106.8872,0.000000052,0.0000000000020446556,6889063,2019-03-09 19:01:30,btc,13.7140906754061,16437737.8855,0.000000052,btc,38744615.6719,0.9288908474784,0.2687495019607,237
0.0000000001461897,[],22,[],2019-03-09 19:01:33,751594.9,2.4852249e-17,9.771978863547001e-22,6889064,2019-03-09 19:01:33,LTC,0.0405823,0.0,0.00000017,LTC,3164.0,0.0,0.12541949,237
1,[],4,[],2019-03-09 19:01:34,9611635.63402368,0.00000039,0.000000000015334917000000002,6889065,2019-03-09 19:01:34,btc,9.087194321382626,0.0,0.00000039,btc,10678335.18397565,0.21396185,2.5470073648102094,238
1,[],5,[],2019-03-09 19:01:36,0.0,0,0,6889066,2019-03-09 19:01:36,btc,0.0,0.10868779,0,btc,0.0,0.0,0.0,238
0,[],22,[],2019-03-09 19:01:39,0.0,0,0,6889067,2019-03-09 19:01:39,,0.4041491,0.0,0,,526318.5639027493,0.0,0.0,249
0.0000000001461897,[],22,[],2019-03-09 19:01:43,49087200.666666664,5.847588e-18,2.2992891443640004e-22,6889068,2019-03-09 19:01:43,LTC,0.90188236,0.0,0.00000004,LTC,17061399.253636364,0.0,1.18162413,252
1,[],28,[],2019-03-09 19:01:49,2806323.713,0.00000038,0.000000000014941714,6889069,2019-03-09 19:01:49,btc,164734.2977290928,13567.3,0.00000038,btc,3014960.2027,0.0,0.57997390182,256
1,[],22,[],2019-03-09 19:01:52,1368658.8333333333,0.00000004,0.0000000000015728120000000002,6889070,2019-03-09 19:01:52,BTC,31.45943656,0.0,0.00000004,BTC,706416.3568978057,0.00011569,0.02030077,258
1,[],22,[],2019-03-09 19:01:56,48751.0,0.00000001,0.00000000000039320300000000005,6889071,2019-03-09 19:01:56,BTC,2.4175745,0.0,0.00000001,BTC,1762.0,0.0,0.00048751,259
1,[],5,[],2019-03-09 19:01:57,0.0,0,0,6889072,2019-03-09 19:01:57,btc,0.0,0.13348744,0,btc,0.0,0.0,0.0,264
1,[],20,[],2019-03-09 19:01:59,1251182.335,0.0000018,0.00000000007077654,6889073,2019-03-09 19:01:59,btc,7.4534429770018,115162.4266,0.0000018,btc,99664.3433,0.2623445297692,0.01805405237,264
0,[],22,[],2019-03-09 19:02:02,0.0,0,0,6889074,2019-03-09 19:02:02,,8.75643939,0.0,0,,466495.2241309945,0.0,0.0,271
0,[],22,[],2019-03-09 19:02:05,0.0,0,0,6889075,2019-03-09 19:02:05,,266.24197304,0.0,0,,13936792767.692,0.0,0.0,272
0.0000000000000051,[],28,[],2019-03-09 19:02:10,221864356712.905,5.151e-21,2.025388653e-25,6889076,2019-03-09 19:02:10,doge,37039020.607639484,21371148120.746,0.00000101,doge,225750353200.8329,0.0,6.263944694443215e-10,272
1,[],22,[],2019-03-09 19:02:15,179098.74,0.0000007,0.000000000027524210000000003,6889077,2019-03-09 19:02:15,BTC,177.96748736,0.0,0.0000007,"BTC,LTC",32541.441119091924,0.0532594,0.06950825,281
1,[],22,[],2019-03-09 19:02:20,814213.0,0.00000011,0.000000000004325233000000001,6889078,2019-03-09 19:02:20,BTC,1.29909046,0.0,0.00000011,BTC,122123.69434622514,0.04907115,0.00824222,286
0,[],22,[],2019-03-09 19:02:23,0.0,0,0,6889079,2019-03-09 19:02:23,,43638.82491513,0.0,0,,700126356.0,0.0,0.0,294
