pairValue,buyBook,exchangeId,sellBook,updated,buyTotal,satoshiPrice,usdPrice,exchangeLogId,created,bestPair,sellTotalBtc,volume,pairPrice,activePairs,sellTotal,volumeBtc,buyTotalBtc,coinId
1,[],3,[],2019-02-15 05:56:14,142.170675384581,0.0129993699999999996752553244050432112999260425567626953125,0.000000470182013152,6673588,2019-02-15 05:56:14,btc,107.0555801672221,0.96346156,0.0129993699999999996752553244050432112999260425567626953125,btc,20.697088207751,0.0,0.4318616778667552,1
1,[],4,[],2019-02-15 05:56:14,109.27686378,0.01319999,0.000000477438358304,6673589,2019-02-15 05:56:14,btc,0.9372162963360652,0.0,0.01319999,btc,66.97479436,1.73261153,1.1674866061049995,1
1,[],5,[],2019-02-15 05:56:17,0.28305954,0.01291979,0.000000467303636384,6673590,2019-02-15 05:56:17,btc,14578.73241465,0.88506253,0.01291979,btc,35555556.21917692,0.0,2.29762705,1
1,[],10,[],2019-02-15 05:56:19,414350.39437417,0.0113503,0.00000041053581088,6673591,2019-02-15 05:56:19,btc,6525.7245545134,1239.56031051,0.0113503,btc,1091.2611639,0.0,5.24662206380863,1
1,[],12,[],2019-02-15 05:56:21,10459.8466621,0.01306000000000000042799097599299784633331000804901123046875,0.00000047237497600000004,6673592,2019-02-15 05:56:21,btc,0.2911704590939,0.0,0.01306000000000000042799097599299784633331000804901123046875,btc,15.192662030000001,1.7153872605004,0.5176048076114,1
1,[],20,[],2019-02-15 05:56:23,1152.1903,0.010500212,0.0000003797884679552,6673593,2019-02-15 05:56:23,btc,0.0573537536243,0.0,0.010500212,btc,2.5253,0.0,0.1009221821981,1
1,[],21,[],2019-02-15 05:56:24,2563.23752181,0.01306805999999999939875650057,0.000000472666502976,6673594,2019-02-15 05:56:24,btc,30.65587188281705,5910.09904154,0.013068059999999999398756500568197225220501422882080078125,"btc,eth",2913.88123406,68.84786456277787,23.027395482866265,1
1,[],22,[],2019-02-15 05:56:50,0.0280576,0.01350000,0.0000004882896,6673595,2019-02-15 05:56:50,BTC,0.3139634,0.0,0.01350000,BTC,0.10070366666666666,0.0,0.00036518,1
1,[],24,[],2019-02-15 05:56:50,0.0,0.000000000000,0,6673596,2019-02-15 05:56:50,btc,0.0,0.0,0.000000000000,btc,0.0,0.0,0.0,1
0.0,[],25,[],2019-02-15 05:56:51,0.0,0,0,6673597,2019-02-15 05:56:51,btc,25.01999999764572,605.62295569,0.0,btc,1867.0178621,7.9693,0.0,1
1,[],26,[],2019-02-15 05:57:01,0.0,0,0,6673598,2019-02-15 05:57:01,,0.0,0.0,0,,0.0,0.0,0.0,1
1,[],28,[],2019-02-15 05:57:03,992.968,0.01231000,0.000000445247776,6673599,2019-02-15 05:57:03,btc,0.162839806,17601.85,0.01231000,btc,8.9,0.0,0.086870176,1
0,[],2,[],2019-01-20 23:28:45,0.0,0,0,6477011,2019-01-20 23:28:45,,0.0,0.0,0,,0.0,0.0,0.0,1
1,[],5,[],2019-02-15 05:57:04,1.838e-05,0.00000071,0.000000000025680416,6673600,2019-02-15 05:57:04,btc,0.1271207,0.00989068,0.00000071,btc,6.37e-05,0.0,0.27547064,2
1,[],22,[],2019-02-15 05:57:10,1198.0,0.00000017,0.0000000000061488320000000005,6673601,2019-02-15 05:57:10,BTC,2.12229306,0.0,0.00000017,"BTC,XMR",14654.709143333333,0.0,0.00088485,2
1,[],5,[],2019-02-15 05:57:13,1.29e-06,0.00000017,0.0000000000061488320000000005,6673602,2019-02-15 05:57:13,btc,4.35233186,0.03390673,0.00000017,btc,2.278e-05,0.0,3.59425656,3
1,[],12,[],2019-02-15 05:57:14,12462568.630483,0.000000169,0.0000000000061126624,6673603,2019-02-15 05:57:14,btc,924230.0966004329,0.0,0.000000169,btc,7906941.04118638,0.07251562543109707,0.5373517662689828,3
0,[],28,[],2019-02-15 05:57:16,0.0,0,0,6673604,2019-02-15 05:57:16,,0.0,0.0,0,,0.0,0.0,0.0,3
0,[],2,[],2019-01-20 23:31:32,0.0,0,0,6477077,2019-01-20 23:31:32,,0.0,0.0,0,,0.0,0.0,0.0,4
1,[],4,[],2019-02-15 05:57:16,370831.19389449,0.00000034,0.000000000012297664000000001,6673605,2019-02-15 05:57:16,btc,0.3811946466977695,0.0,0.00000034,btc,338651.23757444,0.0,0.0452380199911089,4
1,[],12,[],2019-02-14 17:26:54,1405077.5219999999,0.00000004,0.000000000001441592,6666503,2019-02-14 17:26:54,btc,11113878.38315974,0.0,0.00000004,btc,1084186.13790569,0.0004039437362635,0.02355927044,5
0,[],2,[],2019-01-20 23:31:51,0.0,0,0,6477087,2019-01-20 23:31:51,,0.0,0.0,0,,0.0,0.0,0.0,6
1,[],11,[],2019-02-15 05:57:19,2564085.5,0.00000002,0.0000000000007233920000000001,6673606,2019-02-15 05:57:19,btc,9433.274881330583,11000.0,0.00000002,btc,39453987.81962851,0.0,0.042791405,6
1,[],3,[],2019-02-15 05:57:19,1076.337247173154,0.00014526000000000000174880943060173876801854930818080902099609375,0.000000005253996096,6673607,2019-02-15 05:57:19,btc,27.605824309446497,0.0,0.00014526000000000000174880943060173876801854930818080902099609375,btc,249.145665820227,0.0,0.03183197781773475,7
1,[],4,[],2019-02-15 05:57:21,20819.17803584,0.00021002,0.000000007596339392,6673608,2019-02-15 05:57:21,btc,3.8436098264284584,0.0,0.00021002,btc,15706.29483419,14.13122483,4.008986464762261,7
1,[],5,[],2019-02-15 05:57:22,0.00624577,0.00021787,0.000000007880270752,6673609,2019-02-15 05:57:22,btc,2.55887584,0.64943706,0.00021787,btc,0.01399516,0.0,1.79467098,7
1,[],20,[],2019-02-15 05:57:26,43516494.8418,0.000000001,0.0000000000000361696,6673610,2019-02-15 05:57:26,btc,116.5827776391263,0.0,0.000000001,btc,29035064.8892,0.0,0.0435164948418,8
0,[],2,[],2019-01-20 23:22:42,0.0,0,0,6476876,2019-01-20 23:22:42,,0.0,0.0,0,,0.0,0.0,0.0,9
0,[],23,[],2019-01-20 23:22:48,0.0,0,0,6476878,2019-01-20 23:22:48,,0.0,0.0,0,,0.0,0.0,0.0,9
1,[],1,[],2019-02-15 05:57:27,7032433.34,0.000001830000000000000054831898570195658493275914224795997142791748046875,0.000000000066190368,6673611,2019-02-15 05:57:27,btc,4.2731787483999994,22930936.49,0.000001830000000000000054831898570195658493275914224795997142791748046875,btc,2289499.56,41.53884071,12.8052553366,9
1,[],4,[],2019-02-15 05:57:28,249233.9808772,0.00000182,0.000000000065828672,6673612,2019-02-15 05:57:28,btc,0.6798361401256349,0.0,0.00000182,btc,351865.42388639,1.4771464,0.4236686613811796,9
1,[],28,[],2019-02-15 05:57:30,43335.0,0.00000167,0.000000000060403232,6673613,2019-02-15 05:57:30,btc,2708.76119522,3649339.0,0.00000167,btc,11732.68,0.0,0.04320645,9
1,[],4,[],2019-02-10 09:54:02,5828483.02026053,0.00000002,0.000000000000726692,6623074,2019-02-10 09:54:02,btc,0.2014004865591215,0.0,0.00000002,btc,4198675.28035349,0.00021932,0.0653957035452106,10
0,[],2,[],2019-01-20 23:23:08,0.0,0,0,6476890,2019-01-20 23:23:08,,0.0,0.0,0,,0.0,0.0,0.0,12
1,[],4,[],2019-02-15 05:57:31,1825005.53445331,0.00000163,0.000000000058956448,6673614,2019-02-15 05:57:31,btc,4.745105629369916,0.0,0.00000163,btc,1822765.5074879,13.236292,2.4874059160800024,12
1,[],5,[],2019-02-15 05:57:32,3.579e-05,0.00000154,0.000000000055701184000000004,6673615,2019-02-15 05:57:32,btc,0.47407707,1.03867659,0.00000154,btc,0.00012862,0.0,0.32137431,12
0.0,[],25,[],2019-02-15 05:57:34,0.0,0,0,6673616,2019-02-15 05:57:34,,0.0,0.0,0.0,btc,0.0,0.0,0.0,12
1,[],4,[],2019-02-15 05:57:35,1327721.15673652,0.00000654,0.000000000236549184,6673617,2019-02-15 05:57:35,btc,1.1791870725951186,0.0,0.00000654,btc,162909.35242113,1.37892824,1.4669607897073338,13
1,[],10,[],2019-02-15 05:57:38,452305.2533051,0.00000641,0.00000000023184713599999998,6673618,2019-02-15 05:57:38,btc,666805.4496368124,8690.77285791,0.00000641,btc,724616.11564646,0.0,0.4125259277726292,13
1,[],21,[],2019-02-15 05:57:39,1288835.65904362,0.000006549999999999999968297928477,0.00000000023691088,6673619,2019-02-15 05:57:39,btc,8.432955643542094,2696211.07804588,0.00000654999999999999996829792847652385034962208010256290435791015625,btc,1072837.82507092,18.62601576,7.780538506145814,13
1,[],4,[],2019-02-15 05:57:40,1004511.77555527,0.00000142,0.000000000051360832,6673620,2019-02-15 05:57:40,btc,0.1513504396212826,0.0,0.00000142,btc,76789.36679982,0.02901428,0.4347051187936061,14
1,[],12,[],2019-02-15 05:57:41,85552.2231405,0.000001260000000000000006510091944689211373997750342823565006256103515625,0.000000000045573696,6673621,2019-02-15 05:57:41,btc,2.7764446436431145,0.0,0.000001260000000000000006510091944689211373997750342823565006256103515625,btc,30207.37033352,1.764e-05,0.009355660000005,14
0,[],17,[],2019-02-15 05:57:43,0.0,0,0,6673622,2019-02-15 05:57:43,btc,0.0,0.0,0,btc,0.0,0.0,0.0,14
1,[],26,[],2019-02-15 05:57:43,0.0,0.00000050,0.0000000000180848,6673623,2019-02-15 05:57:43,btc,0.0,0.0,0.00000050,btc,0.0,0.0,0.0,14
,[],12,[],2018-12-01 15:15:48,204241.84496,0.00000489,0.000000000202473384,5260204,2018-12-01 15:15:48,btc,49.5475654835,0.0,,btc,35763.2193806,0.0163153972027625,0.0203389899998,15
0,[],4,[],2019-02-15 05:57:43,0.0,0,0,6673624,2019-02-15 05:57:43,,0.0,0.0,0,,0.0,0.0,0.0,15
0,[],17,[],2019-02-15 05:45:50,0.0,0,0,6673425,2019-02-15 05:45:50,btc,0.0,0.0,0,btc,0.0,0.0,0.0,18
0,[],2,[],2019-01-20 23:23:38,0.0,0,0,6476906,2019-01-20 23:23:38,,0.0,0.0,0,,0.0,0.0,0.0,18
1,[],4,[],2019-02-15 05:57:46,27620.78682161,0.00001816,0.000000000656839936,6673625,2019-02-15 05:57:46,btc,2.212070061376184,0.0,0.00001816,btc,7359.13845746,0.01006505,0.1128790389615852,18
1,[],10,[],2019-02-15 05:57:49,795974.15492407,0.000018,0.0000000006510528,6673626,2019-02-15 05:57:49,btc,15.534651342856288,7994.22015423,0.000018,btc,10380.70076343,0.0,0.4164858938455478,18
1,[],12,[],2019-02-15 05:57:49,204496.36266716,0.0000180099999999999986662058137909525612485595047473907470703125,0.0000000006514144959999999,6673627,2019-02-15 05:57:49,btc,22.612015797544554,0.0,0.0000180099999999999986662058137909525612485595047473907470703125,btc,1865.92947713,0.0024084799624812,0.0374210644264646,18
0,[],2,[],2019-01-20 23:24:19,0.0,0,0,6476924,2019-01-20 23:24:19,,0.0,0.0,0,,0.0,0.0,0.0,19
1,[],3,[],2019-02-15 05:58:01,132675.42695925283,0.00002693999999999999956441960879960362262863782234489917755126953125,0.0000000009744090240000001,6673628,2019-02-15 05:58:01,btc,0.5557920841850755,25.2229796154,0.00002693999999999999956441960879960362262863782234489917755126953125,btc,5750.707121982506,0.0,0.1785601836696595,19
1,[],4,[],2019-02-15 05:58:03,235899.66418854,0.00002792,0.000000001009855232,6673629,2019-02-15 05:58:03,btc,0.2513743638595458,0.0,0.00002792,btc,8268.50490566,1.44590443,2.351777246604022,19
1,[],5,[],2019-02-15 05:58:04,0.0002027,0.00002404,0.000000000869517184,6673630,2019-02-15 05:58:04,btc,0.25322988,0.0,0.00002404,btc,0.00302507,0.0,0.07509064,19
1,[],12,[],2019-02-15 05:58:05,134804.57155361,0.0000228600000000000013584099123331583314211457036435604095458984375,0.0000000008268370560000001,6673631,2019-02-15 05:58:05,btc,0.0289339367813548,0.0,0.0000228600000000000013584099123331583314211457036435604095458984375,btc,291.66393647,0.0,0.0325285599999885,19
0,[],27,[],2019-02-15 05:58:08,0.0,0,0,6673632,2019-02-15 05:58:08,,0.0,0.0,0,btc,0.0,0.0,0.0,19
1,[],4,[],2019-02-15 05:58:09,8105964.88270166,0.00000014,0.000000000005063744,6673633,2019-02-15 05:58:09,btc,0.767478802858873,0.0,0.00000014,btc,1592303.92062731,0.00115096,0.2633208437753649,20
1,[],4,[],2019-02-15 05:58:10,112404141.0629021,0.00000002,0.0000000000007233920000000001,6673634,2019-02-15 05:58:10,btc,0.5149750665873656,0.0,0.00000002,btc,14753870.21937737,0.02225798,1.2859232651386825,21
1,[],12,[],2019-02-15 05:58:12,17376826.0,0.00000002,0.0000000000007233920000000001,6673635,2019-02-15 05:58:12,btc,669.7041376091021,0.0,0.00000002,btc,8561386.84915352,0.0061676,0.2197768,21
0,[],17,[],2019-02-15 05:58:23,0.0,0,0,6673636,2019-02-15 05:58:23,btc,0.0,0.0,0,btc,0.0,0.0,0.0,21
1,[],12,[],2019-02-15 05:58:25,2938634995.043896,0.0000000002,0.00000000000000723392,6673637,2019-02-15 05:58:25,btc,830864729352.1434,0.0,0.0000000002,btc,4238056916.327873,0.006108963831968385,0.33803394925558977,23
0,[],27,[],2019-02-15 05:58:28,0.0,0,0,6673638,2019-02-15 05:58:28,,0.7240921565934114,0.0,0,eth,727098.85514486,0.0,0.0,23
1,[],4,[],2019-02-15 05:58:30,385687.94546112,0.00000068,0.000000000024595328000000002,6673639,2019-02-15 05:58:30,btc,0.1883153416075599,0.0,0.00000068,btc,176315.72854888,0.02140675,0.1950764690324642,24
1,[],22,[],2019-02-15 05:58:35,11.76,0.00000100,0.0000000000361696,6673640,2019-02-15 05:58:35,BTC,7.415e-05,0.0,0.00000100,BTC,23.919354838709676,0.0,1.176e-05,24
0.0,[],25,[],2019-02-15 05:58:37,0.0,0,0,6673641,2019-02-15 05:58:37,,0.0,0.0,0.0,btc,0.0,0.0,0.0,24
0,[],2,[],2019-01-20 23:25:56,0.0,0,0,6476976,2019-01-20 23:25:56,,0.0,0.0,0,,0.0,0.0,0.0,26
1,[],4,[],2019-02-15 05:58:38,26994034.63955256,0.00000612,0.000000000221357952,6673642,2019-02-15 05:58:38,btc,0.5193729964548451,0.0,0.00000612,btc,41526.46556089,0.08377788,0.4157449076404777,26
1,[],10,[],2019-02-15 05:58:40,736961.09396857,0.0000054,0.00000000019531584,6673643,2019-02-15 05:58:40,btc,25.9358674037284,0.0,0.0000054,btc,15824.17466294,0.0,0.2264879136744379,26
1,[],3,[],2019-02-15 05:58:41,5689817.95913569,0.00000001,0.00000000000036169600000000003,6673644,2019-02-15 05:58:41,btc,2.6998142562093017,926920.026732,0.00000001,btc,17268102.61059958,0.0,0.0568981795913569,27
1,[],5,[],2019-02-15 05:58:43,1e-08,0.00000001,0.00000000000036169600000000003,6673645,2019-02-15 05:58:43,btc,1.5983649,0.0,0.00000001,btc,4.345e-05,0.0,0.09881521,27
1,[],11,[],2019-02-15 05:58:44,10063976.7912115,0.00000005,0.00000000000180848,6673646,2019-02-15 05:58:44,btc,370.6338154222541,8080.0,0.00000005,btc,8170841.5693934,0.0,0.4660996184459823,27
1,[],4,[],2019-02-15 05:58:45,585598598.7005758,0.00000002,0.0000000000007233920000000001,6673647,2019-02-15 05:58:45,btc,0.29797421364689014,0.0,0.00000002,"btc,ltc",21690767.99439187,0.17220754,8.631061873748873,29
1,[],7,[],2019-02-15 05:58:48,28894923.22404746,0.00000002,0.0000000000007233920000000001,6673648,2019-02-15 05:58:48,btc,44465226.10141032,75224.2470436,0.00000002,btc,55559193.57204453,0.00154333,0.4230735280447115,29
1,[],4,[],2019-02-15 05:58:48,1526055.17422105,0.00000027,0.000000000009765792,6673649,2019-02-15 05:58:48,btc,0.1536973485426979,0.0,0.00000027,btc,359876.88730227,0.01154588,0.1185987183934443,30
0,[],17,[],2019-02-15 05:58:51,0.0,0,0,6673650,2019-02-15 05:58:51,btc,0.0,0.0,0,btc,0.0,0.0,0.0,30
1,[],4,[],2019-02-15 05:58:54,33142.4902284,0.00007590,0.00000000274527264,6673651,2019-02-15 05:58:54,btc,1.7406712035563292,0.0,0.00007590,btc,21664.25860674,1.67678785,2.099218307836248,31
1,[],21,[],2019-02-15 05:58:55,45613.16358938,0.00007597000000000000616545009491,0.0000000027478045120000003,6673652,2019-02-15 05:58:55,btc,3.1646572686411947,176880.7037262,0.000075970000000000006165450094908209166533197276294231414794921875,btc,38874.82828656,13.13284035,3.1491767933564825,31
0,[],2,[],2019-01-20 23:28:43,0.0,0,0,6477009,2019-01-20 23:28:43,,0.0,0.0,0,,0.0,0.0,0.0,32
1,[],4,[],2019-02-15 05:58:56,146974827.55492306,0.00000005,0.00000000000180848,6673653,2019-02-15 05:58:56,btc,2.1937775520752063,0.0,0.00000005,"btc,ltc",46167421.6397796,0.49464108,2.6130402402980923,33
1,[],12,[],2019-02-15 05:58:57,12102927.0,0.00000004,0.0000000000014467840000000001,6673654,2019-02-15 05:58:57,btc,34509933.11675513,0.0,0.00000004,btc,89059838.66433546,0.0034727810589423,0.36941482999999997,33
1,[],4,[],2019-02-15 05:58:57,135448240.37513936,0.00000001,0.00000000000036169600000000003,6673655,2019-02-15 05:58:57,btc,1.0385903606403033,0.0,0.00000001,btc,41555869.13332942,0.00868599,1.3544824037513936,34
1,[],5,[],2019-02-15 05:58:59,1e-08,0.00000001,0.00000000000036169600000000003,6673656,2019-02-15 05:58:59,btc,5.07970883,0.00252088,0.00000001,btc,1.343e-05,0.0,0.85476575,34
0,[],17,[],2019-02-15 05:06:38,0.0,0,0,6673285,2019-02-15 05:06:38,btc,0.14155809404650171,0.0,0,btc,10794800.77743647,0.0,0.0,36
0.0000000001182185,[],4,[],2019-02-15 05:59:00,1064008487.8287,2.36437e-18,8.551831715200001e-23,6673657,2019-02-15 05:59:00,ltc,1.1791603791788533e-08,0.0,0.00000002,ltc,2335948847.0991454,0.0,1.8747560576261907e-09,36
1,[],5,[],2019-02-15 05:59:01,0.0,0,0,6673658,2019-02-15 05:59:01,btc,197.5385629,0.0,0,btc,1.325e-05,0.0,0.0,36
0.0000000003384765,[],27,[],2019-02-15 05:59:05,7.0,3.384765e-18,1.22425596144e-22,6673659,2019-02-15 05:59:05,eth,229.99795353271,48.0,0.00000001,"ltc,eth",3708919.3029,8.140459464e-14,2.3693355e-17,36
1,[],4,[],2019-02-15 05:46:48,276132.55849992,0.00000130,0.00000000004698434,6673456,2019-02-15 05:46:48,btc,0.3974102689849091,0.0,0.00000130,btc,234324.30057941,0.05057274,0.1471686239981362,37
1,[],12,[],2019-02-15 05:46:49,439757.08180709,0.000001170000000000000021170673721038202330646527116186916828155517578125,0.000000000042285906,6673457,2019-02-15 05:46:49,btc,1364.0398882610286,0.0,0.000001170000000000000021170673721038202330646527116186916828155517578125,btc,683254.01033819,0.1624624549845309,0.2112859600000091,37
1,[],17,[],2019-02-15 05:47:01,1752.74075282,0.00000025,0.000000000009035449999999999,6673458,2019-02-15 05:47:01,btc,0.055484923777095005,0.0,0.00000025,btc,1319.19918473,0.0,0.00043818518820499993,37
1,[],27,[],2019-02-15 05:47:03,16052.0,0.00000052,0.000000000018793736,6673459,2019-02-15 05:47:03,btc,26.73595537911233,0.0,0.00000052,btc,6579.81438508,0.0,0.00550422,37
1,[],5,[],2019-02-15 05:59:07,1.474e-05,0.00000096,0.000000000034722816,6673660,2019-02-15 05:59:07,btc,0.09616844,0.09359688,0.00000096,btc,9.987e-05,0.0,0.04380884,42
1,[],12,[],2019-02-15 05:59:09,125718.23634250001,0.00000089,0.000000000032190943999999996,6673661,2019-02-15 05:59:09,btc,92.91257710541721,0.0,0.00000089,btc,93272.75753696,0.00831070691375,0.0436481364367793,42
0,[],27,[],2019-02-15 05:59:11,0.0,0,0,6673662,2019-02-15 05:59:11,,0.00315028,0.0,0,"btc,eth",11.007,0.0,0.0,42
1,[],12,[],2019-02-15 05:59:15,4101745.0,0.00000001,0.00000000000036169600000000003,6673664,2019-02-15 05:59:15,btc,20007457.492715113,0.0,0.00000001,btc,38975756.46793203,5.0149850152e-06,0.041017450000000004,43
0,[],17,[],2019-02-15 05:47:12,0.0,0,0,6673465,2019-02-15 05:47:12,btc,0.0,0.0,0,btc,0.0,0.0,0.0,43
1,[],5,[],2019-02-15 05:59:13,3e-08,0.00000002,0.0000000000007233920000000001,6673663,2019-02-15 05:59:13,btc,6.16328141,0.03601801,0.00000002,btc,1.375e-05,0.0,0.5744076,43
1,[],12,[],2019-02-15 05:59:17,704427.0,0.00000005,0.00000000000180848,6673665,2019-02-15 05:59:17,btc,11115166.86189305,0.0,0.00000005,btc,1000908.14385612,0.0039396369930068,0.0184639,44
1,[],4,[],2019-02-15 05:59:18,225334151.75256407,0.00000002,0.0000000000007233920000000001,6673666,2019-02-15 05:59:18,btc,0.1770339061094588,0.0,0.00000002,"btc,ltc",4432601.13877993,0.00023499,0.43061015104085676,49
0.0000000001182185,[],4,[],2019-02-15 05:59:19,1695358651.6184578,1.182185e-18,4.2759158576000004e-23,6673667,2019-02-15 05:59:19,ltc,4.645173508765196,0.0,0.00000001,ltc,3768491458.9474792,0.0,2.0042275675635667e-09,52
0,[],22,[],2019-02-15 05:59:23,0.0,0,0,6673668,2019-02-15 05:59:23,,8108.82536305,0.0,0,,262751443.67882353,0.0,0.0,57
0,[],27,[],2019-02-15 05:59:25,0.0,0,0,6673669,2019-02-15 05:59:25,,0.0,0.0,0,"btc,eth",0.0,0.0,0.0,57
0.0000000001182185,[],4,[],2019-02-15 05:59:26,1143858999.174188,4.72874e-18,1.7103663430400002e-22,6673670,2019-02-15 05:59:26,ltc,3.272209001903265,0.0,0.00000004,ltc,799477029.2858559,0.005,3.374615880333737e-09,58
1,[],12,[],2019-02-15 05:59:27,1882658552.843957,0.0000000005,0.0000000000000180848,6673671,2019-02-15 05:59:27,btc,724045490534.4835,0.0,0.0000000005,btc,3702683008.381923,0.00347059616133867,0.6563871627011392,58
0.0000000001301455,[],22,[],2019-02-15 05:59:42,137438.0,1.301455e-18,4.7073106768e-23,6673672,2019-02-15 05:59:42,XMR,69.8835922,0.0,0.00000001,XMR,9887963.0,0.0,0.00137438,58
0,[],17,[],2019-02-15 05:47:24,0.0,0,0,6673473,2019-02-15 05:47:24,btc,1e+24,0.0,0,btc,41481695.95832568,0.0,0.0,58
1,[],5,[],2019-02-15 05:59:44,6.34e-06,0.00000053,0.000000000019169888,6673673,2019-02-15 05:59:44,btc,0.18545884,0.12175844,0.00000053,btc,7.905e-05,0.0,0.1880348,61
1,[],22,[],2019-02-15 05:59:47,5149.5,0.00000011,0.000000000003978656,6673674,2019-02-15 05:59:47,BTC,1002.29598212,0.0,0.00000011,BTC,14957.700278135757,0.0,0.00051596,61
1,[],26,[],2019-02-15 05:59:47,0.0,0.00000800,0.0000000002893568,6673675,2019-02-15 05:59:47,btc,0.0,0.0,0.00000800,btc,0.0,0.0,0.0,61
1,[],27,[],2019-02-15 05:59:49,9403.8823,0.00000034,0.000000000012297664000000001,6673676,2019-02-15 05:59:49,btc,9.940804276931694,600.57125583,0.00000034,"btc,eth",15657.09679279,2.419023173247e-11,0.0006378899837008444,61
1,[],28,[],2019-02-15 05:59:55,19894.304,0.00000091,0.000000000032914336,6673677,2019-02-15 05:59:55,btc,2.056365493700105,765.89,0.00000091,btc,9767.52450005,0.0,0.00993521304,61
1,[],4,[],2019-02-15 05:59:56,490459.53210632,0.00000273,0.000000000098743008,6673678,2019-02-15 05:59:56,btc,1.221693328560724,0.0,0.00000273,btc,300145.87278281,0.13986681,0.7996397202457362,67
0.0,[],25,[],2019-02-15 05:59:57,0.0,0,0,6673679,2019-02-15 05:59:57,,0.0,0.0,0.0,btc,0.0,0.0,0.0,67
1,[],12,[],2019-02-15 05:59:59,3822197.52618954,0.00000018,0.000000000006510528,6673680,2019-02-15 05:59:59,btc,11115996.473263843,0.0,0.00000018,btc,1938405.16569494,0.0066825671429606,0.1793292064411113,71
,[],5,[],2018-11-20 23:02:39,1.5e-07,0.00000005,0.000000000002128045,4862160,2018-11-20 23:02:39,btc,2.84511358,0.0,,btc,0.00036572,0.0,0.07381892,74
1,[],5,[],2019-02-15 06:00:00,3.049e-05,0.00000156,0.000000000056424576,6673681,2019-02-15 06:00:00,btc,1.5424315,0.0,0.00000156,btc,0.00016981,0.0,0.30484564,75
1,[],4,[],2019-02-15 06:00:02,29738604.75692337,0.00000001,0.00000000000036169600000000003,6673682,2019-02-15 06:00:02,btc,0.7668881456247842,0.0,0.00000001,btc,14615939.68425178,0.0,0.2973860475692337,81
0,[],20,[],2019-01-25 09:30:31,0.0,0,0,6495923,2019-01-25 09:30:31,btc,0.0,0.0,0,btc,0.0,0.0,0.0,81
1,[],4,[],2019-02-15 06:00:03,24014.66435296,0.00007704,0.000000002786505984,6673683,2019-02-15 06:00:03,btc,1.3185093091725184,0.0,0.00007704,btc,11095.63479946,0.0491606,0.1065901245077995,82
1,[],21,[],2019-02-15 06:00:04,138728.31633211,0.00007516000000000000545036238364,0.0000000027185071360000003,6673684,2019-02-15 06:00:04,btc,2.8501860006441433,21814.13812034,0.000075160000000000005450362383641049746074713766574859619140625,btc,31814.66069157,1.67645737,2.5126991767751243,82
0,[],17,[],2019-02-15 06:00:15,0.0,0,0,6673685,2019-02-15 06:00:15,btc,0.0447233088476774,0.0,0,btc,999127.19588126,0.0,0.0,84
0.0000000001182185,[],4,[],2019-02-15 06:00:16,154918856.1511435,8.275295e-18,2.9931411003200003e-22,6673686,2019-02-15 06:00:16,ltc,0.19569063268537737,0.0,0.00000007,ltc,103009848.7852635,0.0,7.295665497817881e-10,85
,[],22,[],2018-11-20 23:09:34,3408.1,0.0000001,0.0000000000041895,4862324,2018-11-20 23:09:34,BTC,0.04624735,0.0,,BTC,4990.0,0.0,0.00033081,86
0,[],22,[],2019-02-15 06:00:20,0.0,0,0,6673687,2019-02-15 06:00:20,,2.0760781,0.0,0,,140622.94736842104,0.0,0.0,87
0,[],27,[],2019-02-15 06:00:22,0.0,0,0,6673688,2019-02-15 06:00:22,,0.0,0.0,0,btc,0.0,0.0,0.0,87
,[],2,[],2018-11-20 23:10:47,0.0,0,0,4862359,2018-11-20 23:10:47,,0.0,0.0,,,0.0,0.0,0.0,88
1,[],11,[],2019-02-15 06:00:24,96952.20316869,0.00014715999999999999372189696256185698075569234788417816162109375,0.000000005322718336,6673689,2019-02-15 06:00:24,btc,609.4817920557228,102.06560587,0.00014715999999999999372189696256185698075569234788417816162109375,btc,91384.23617126,0.0,6.573231326020664,89
1,[],12,[],2019-02-15 06:00:25,437540.08553914,0.00000206000000000000018206681821897330308956952649168670177459716796875,0.00000000007450937600000001,6673690,2019-02-15 06:00:25,btc,4.1932767295049125,0.0,0.00000206000000000000018206681821897330308956952649168670177459716796875,btc,46233.71013647,0.0056397264479571,0.061482761800019804,91
0,[],2,[],2019-01-20 23:31:45,0.0,0,0,6477083,2019-01-20 23:31:45,,0.0,0.0,0,,0.0,0.0,0.0,91
0,[],17,[],2019-02-15 06:00:26,0.0,0,0,6673691,2019-02-15 06:00:26,btc,0.0,0.0,0,btc,0.0,0.0,0.0,91
0.0000000001182185,[],22,[],2019-02-15 06:00:31,4525000.0,4.72874e-18,1.7103663430400002e-22,6673692,2019-02-15 06:00:31,LTC,8.12129807,0.0,0.00000004,LTC,66745238.1,6.7384545e-16,0.14575,95
0.0000000001182185,[],4,[],2019-02-15 06:00:32,137928714.80713287,9.693917e-17,3.506251003232e-21,6673693,2019-02-15 06:00:32,ltc,0.5976712771408895,0.0,0.00000082,ltc,35548410.72369632,0.0021,1.2593541769521153e-09,96
1,[],12,[],2019-02-15 06:00:33,518219.0,0.00000001,0.00000000000036169600000000003,6673694,2019-02-15 06:00:33,btc,255061.99737593989,0.0,0.00000001,btc,8743218.54676297,0.00054143,0.00518219,96
0,[],17,[],2019-02-15 06:00:45,0.0,0,0,6673695,2019-02-15 06:00:45,btc,0.0,0.0,0,btc,0.0,0.0,0.0,96
1,[],4,[],2019-02-15 06:00:45,1730295.47854647,0.00000034,0.000000000012297664000000001,6673696,2019-02-15 06:00:45,btc,0.2530484875811341,0.0,0.00000034,btc,508946.57404919,0.04039596,0.1988211432611799,99
1,[],4,[],2019-02-15 06:00:46,203523.47936447,0.00004010,0.00000000145040096,6673697,2019-02-15 06:00:46,btc,1.2490413322106664,0.0,0.00004010,btc,26930.40029727,0.81972027,1.5165096797395912,100
0,[],2,[],2019-01-20 23:23:55,0.0,0,0,6476914,2019-01-20 23:23:55,,0.0,0.0,0,,0.0,0.0,0.0,100
1,[],22,[],2019-02-15 06:00:52,50000.0,0.00000001,0.00000000000036169600000000003,6673698,2019-02-15 06:00:52,BTC,23.49896609,0.0,0.00000001,BTC,10277.22,0.0,0.0005,101
1,[],4,[],2019-02-15 06:00:53,317518.14416516,0.00000108,0.000000000039063168,6673699,2019-02-15 06:00:53,btc,0.4263704117106704,0.0,0.00000108,btc,162610.66845361,0.02415915,0.1595852213917903,103
1,[],12,[],2019-02-15 06:00:57,51219557.4663887,0.000000017,0.0000000000006148832,6673700,2019-02-15 06:00:57,btc,137278882.13223645,0.0,0.000000017,btc,122077729.80815302,0.1008875987527483,0.2888162624622192,105
1,[],27,[],2019-02-15 06:00:59,4009342.89,0.00000001,0.00000000000036169600000000003,6673701,2019-02-15 06:00:59,btc,0.3614577513692299,0.0,0.00000001,btc,323444.42860553,0.0,0.0400934289,105
0,[],22,[],2019-02-15 06:01:05,0.0,0,0,6673702,2019-02-15 06:01:05,,51.10825004,0.0,0,,468935.0,0.0,0.0,107
1,[],26,[],2019-02-15 06:01:05,0.0,0.00000000,0,6673703,2019-02-15 06:01:05,btc,0.0,0.0,0.00000000,btc,0.0,0.0,0.0,107
1,[],5,[],2019-02-15 06:01:07,1e-08,0.00000001,0.00000000000036169600000000003,6673704,2019-02-15 06:01:07,btc,2.89581272,0.00011417,0.00000001,btc,1.571e-05,0.0,0.08590054,112
1,[],22,[],2019-02-15 06:01:13,167093.0,0.00000001,0.00000000000036169600000000003,6673705,2019-02-15 06:01:13,BTC,2.81183288,0.0,0.00000001,BTC,808524.0833333334,0.0,0.00167093,112
0,[],27,[],2019-02-15 06:01:15,0.0,0,0,6673706,2019-02-15 06:01:15,,1.35132491849924,0.0,0,"btc,eth",1328.641654,0.0,0.0,112
1,[],4,[],2019-02-15 06:01:16,447586.27947196,0.00000321,0.00000000011610441600000001,6673707,2019-02-15 06:01:16,btc,0.243781328856518,0.0,0.00000321,btc,57510.83356568,0.10569229,0.2004457255212671,113
1,[],5,[],2019-02-15 06:01:17,1.549e-05,0.00000320,0.00000000011574272,6673708,2019-02-15 06:01:17,btc,0.81322023,0.00074537,0.00000320,btc,0.00141484,0.0,0.21473762,113
0,[],27,[],2019-02-15 06:01:20,0.0,0,0,6673709,2019-02-15 06:01:20,,0.0,0.0,0,btc,0.0,0.0,0.0,116
1,[],17,[],2019-02-15 05:10:48,152738.278,0.00000004,0.000000000001447688,6673330,2019-02-15 05:10:48,btc,1.33680302678,0.0,0.00000004,btc,50696.221,0.0,0.0022095311199999998,116
1,[],4,[],2019-02-15 06:01:21,30952.53823476,0.00002954,0.000000001068449984,6673710,2019-02-15 06:01:21,btc,0.5698533022527952,0.0,0.00002954,btc,16778.42625134,3.28539202,0.7569946359521343,120
1,[],7,[],2019-02-15 06:01:22,18636.77641369,0.000034999999999999996933876256210993460626923479139804840087890625,0.0000000012659359999999998,6673711,2019-02-15 06:01:22,btc,115647.18210664594,4.0,0.000034999999999999996933876256210993460626923479139804840087890625,btc,29257.38626924,0.00012695,0.08053388019162941,120
1,[],20,[],2019-02-15 06:01:28,1092927.6666,0.000000014,0.0000000000005063744,6673712,2019-02-15 06:01:28,btc,33.8691165036599,518.15,0.000000014,btc,1150552.4764,7.2541e-06,0.0052581502171,125
1,[],22,[],2019-02-15 06:01:34,3053.0,0.00000001,0.00000000000036169600000000003,6673713,2019-02-15 06:01:34,BTC,0.01444889,0.0,0.00000001,BTC,296264.5111111111,0.0,3.053e-05,126
1,[],4,[],2019-02-15 06:01:36,126456.87001542,0.00001691,0.000000000611627936,6673714,2019-02-15 06:01:36,btc,1.1640921984585246,0.0,0.00001691,btc,50635.29935612,0.86282059,1.0403880371364462,131
0,[],17,[],2019-02-15 06:01:37,0.0,0,0,6673715,2019-02-15 06:01:37,btc,0.0009561751951600001,0.0,0,btc,35.42829368,0.0,0.0,131
0,[],2,[],2019-01-20 23:25:46,0.0,0,0,6476969,2019-01-20 23:25:46,,0.0,0.0,0,,0.0,0.0,0.0,131
1,[],4,[],2019-02-15 06:01:38,4623.15186558,0.00016188,0.000000005855134848,6673716,2019-02-15 06:01:38,btc,1.6421815711089056,0.0,0.00016188,btc,308.40189166,0.0,0.0089855225839001,135
1,[],3,[],2019-02-15 06:01:38,1826830.20571841,0.00000007,0.000000000002531872,6673717,2019-02-15 06:01:38,btc,0.113658989426027,54171.4532222,0.00000007,btc,370279.66366187,0.0,0.067704665113701,136
1,[],4,[],2019-02-15 06:01:39,44731.70259962,0.00000173,0.000000000062573408,6673718,2019-02-15 06:01:39,btc,0.046297413559197,0.0,0.00000173,btc,23118.5560944,0.0991126,0.0447357198222747,137
1,[],12,[],2019-02-15 06:01:40,295411.63676425,0.00000172000000000000004922169442866941579950434970669448375701904296875,0.000000000062211712,6673719,2019-02-15 06:01:40,btc,11982.948270226712,0.0,0.00000172000000000000004922169442866941579950434970669448375701904296875,btc,159167.07304899,0.0412155179507212,0.025054854335076298,137
1,[],4,[],2019-02-15 06:01:42,1226723.06010036,0.00004702,0.0000000017006945920000001,6673720,2019-02-15 06:01:42,btc,0.4877552386811943,0.0,0.00004702,btc,9107.76764966,0.56163065,0.5901206113396347,142
1,[],5,[],2019-02-15 06:01:43,0.00134743,0.00004608,0.0000000016666951680000002,6673721,2019-02-15 06:01:43,btc,1.05072585,0.58355523,0.00004608,btc,0.00282635,0.0,0.91629626,142
1,[],17,[],2019-02-15 06:01:45,22967.386363640002,0.00000088,0.000000000031829248,6673722,2019-02-15 06:01:45,btc,20.06991335262649,0.0,0.00000088,btc,2746.079105,0.0,0.0104613000000032,142
1,[],20,[],2019-02-15 06:01:46,134066.408,0.00003382,0.000000001223255872,6673723,2019-02-15 06:01:46,btc,0.4392533244514,43.1223,0.00003382,btc,4302.9298,0.001415297151,0.2576757501056,142
1,[],22,[],2019-02-15 06:02:35,1610.354305200341,0.00003220,0.00000000116466112,6673724,2019-02-15 06:02:35,BTC,3.00917232,0.0,0.00003220,BTC,917.9383601288407,1.322e-05,0.0019657,142
0.0,[],25,[],2019-02-15 06:02:36,0.0,0,0,6673725,2019-02-15 06:02:36,,0.0,0.0,0.0,btc,0.0,0.0,0.0,142
1,[],28,[],2019-02-15 06:02:43,77743.0,0.00004500,0.0000000016276320000000001,6673726,2019-02-15 06:02:43,btc,0.057261322,650.0,0.00004500,btc,356.4989,0.0,0.0519372,142
0,[],22,[],2019-02-15 06:02:47,0.0,0,0,6673727,2019-02-15 06:02:47,,67.4285069,0.0,0,,834770972.3,0.0,0.0,143
1,[],21,[],2019-02-15 05:51:47,38933150.63613462,0.00000028,0.000000000010119704,6673526,2019-02-15 05:51:47,btc,39.61975363291068,1950705.91966445,0.00000028,btc,77198039.2145965,0.55259272,6.463510469618818,145
0,[],22,[],2019-02-15 06:02:50,0.0,0,0,6673728,2019-02-15 06:02:50,,4.24982284,0.0,0,,1814156.0,0.0,0.0,146
,[],22,[],2018-11-20 23:01:11,0.0,0,0,4862114,2018-11-20 23:01:11,,2.56807021,0.0,,,61828.4988236,0.0,0.0,147
1,[],12,[],2019-02-15 05:51:52,8678977.37776785,0.00000302999999999999978877139594768408414893201552331447601318359375,0.00000000010950965399999999,6673528,2019-02-15 05:51:52,btc,16.584167362100455,0.0,0.00000302999999999999978877139594768408414893201552331447601318359375,btc,122519.66449333,0.0006265434,0.1084425866000094,148
1,[],4,[],2019-02-15 06:02:51,269607.50039002,0.00000030,0.00000000001085088,6673729,2019-02-15 06:02:51,btc,0.7783749029737815,0.0,0.00000030,btc,591310.33703653,0.00161398,0.0635157791167278,152
0,[],22,[],2019-02-15 06:02:55,0.0,0,0,6673730,2019-02-15 06:02:55,,0.0,0.0,0,,0.0,0.0,0.0,152
1,[],5,[],2019-02-15 06:02:57,0.0,0,0,6673731,2019-02-15 06:02:57,btc,10.61570492,0.0,0,btc,0.00092785,0.0,0.0,153
,[],16,[],2019-01-11 15:38:59,0.0,0,0,6366141,2019-01-11 15:38:59,btc,0.0,0.0,,btc,0.0,0.0,0.0,155
0,[],22,[],2019-02-15 06:03:01,0.0,0,0,6673732,2019-02-15 06:03:01,,6.74608761,0.0,0,,4644402.242592593,0.0,0.0,156
0,[],23,[],2019-01-20 23:24:29,0.0,0,0,6476932,2019-01-20 23:24:29,,0.0,0.0,0,,0.0,0.0,0.0,156
1,[],22,[],2019-02-15 06:03:06,7063.8,0.00005300,0.0000000019169888,6673733,2019-02-15 06:03:06,BTC,43.78801181,0.0,0.00005300,BTC,1067.5805334758436,0.0,0.00104326,157
0,[],22,[],2019-02-15 06:03:10,0.0,0,0,6673734,2019-02-15 06:03:10,,50175.68008609,0.0,0,,54479136.04179466,0.0,0.0,158
,[],17,[],2018-11-20 22:56:10,0.0,0,0,4861976,2018-11-20 22:56:10,btc,1.1265625,0.0,,btc,1000.0,0.0,0.0,159
,[],20,[],2018-11-20 22:56:12,0.0,0,0,4861977,2018-11-20 22:56:12,btc,11912.7940471,0.0,,btc,34413894.3617,0.0,0.0,159
1,[],12,[],2019-02-15 06:03:11,178748.13513278,0.00000770000000000000081623076353398715809817076660692691802978515625,0.00000000027850592,6673735,2019-02-15 06:03:11,btc,6.661738152073749,0.0,0.00000770000000000000081623076353398715809817076660692691802978515625,btc,14831.956970340001,0.0014758594,0.0839357776999515,168
1,[],17,[],2019-02-15 05:52:15,29784.95,0.000001,0.000000000036141799999999996,6673536,2019-02-15 05:52:15,btc,0.03026736251542,0.0,0.000001,btc,144.46171372,0.0,0.00716147,168
0,[],22,[],2019-02-15 06:03:26,0.0,0,0,6673736,2019-02-15 06:03:26,,1.14776715,0.0,0,,721548.0900917595,0.0,0.0,169
1,[],22,[],2019-02-15 06:03:32,236276.0,0.00000011,0.000000000003978656,6673737,2019-02-15 06:03:32,BTC,11.32785449,0.0,0.00000011,BTC,130417.33368472014,0.00095976,0.02144036,171
1,[],22,[],2019-02-15 06:03:38,218916.0,0.00000017,0.0000000000061488320000000005,6673738,2019-02-15 06:03:38,BTC,2.65094263,0.0,0.00000017,BTC,248846.574080494,0.0,0.01634888,173
1,[],5,[],2019-02-15 06:03:39,2.138e-05,0.00000180,0.00000000006510528,6673739,2019-02-15 06:03:39,btc,0.25945105,0.00387425,0.00000180,btc,0.00025646,0.0,0.2387813,175
1,[],22,[],2019-02-15 06:03:45,37830.0,0.0000005,0.0000000000180848,6673740,2019-02-15 06:03:45,BTC,0.58252807,0.0,0.0000005,BTC,175393.47031396697,0.02654293,0.010695,176
1,[],7,[],2019-02-15 06:03:47,0.0,0,0,6673741,2019-02-15 06:03:47,btc,410973.9177089935,0.0,0,btc,115545110.28145695,0.0,0.0,178
0,[],22,[],2019-02-15 06:03:52,0.0,0,0,6673742,2019-02-15 06:03:52,,1.00242428,0.0,0,,57512.0,0.0,0.0,178
0,[],2,[],2019-01-20 23:28:34,0.0,0,0,6477001,2019-01-20 23:28:34,,0.0,0.0,0,,0.0,0.0,0.0,178
1,[],5,[],2019-02-15 06:03:53,3e-08,0.00000002,0.0000000000007233920000000001,6673743,2019-02-15 06:03:53,btc,30.20214468,0.43535681,0.00000002,btc,2.088e-05,0.0,0.73010772,179
1,[],22,[],2019-02-15 06:04:02,8148785.0,0.00000002,0.0000000000007233920000000001,6673744,2019-02-15 06:04:02,BTC,5.48629708,0.0,0.00000002,"BTC,LTC",17843614.676989965,0.00073976,0.39023554,179
0,[],23,[],2019-01-20 23:25:08,0.0,0,0,6476952,2019-01-20 23:25:08,,0.0,0.0,0,,0.0,0.0,0.0,179
1,[],22,[],2019-02-15 06:04:14,129205.4,0.0000005,0.0000000000180848,6673745,2019-02-15 06:04:14,BTC,0.1148946,0.0,0.0000005,"BTC,LTC",18039.086946767708,1.13e-06,0.00160544,180
1,[],26,[],2019-02-15 06:04:14,0.0,0.00000300,0.0000000001085088,6673746,2019-02-15 06:04:14,btc,0.0,766.00139996,0.00000300,btc,0.0,0.0,0.0,180
1,[],17,[],2019-02-15 05:12:30,10504.725,0.0000001,0.0000000000036192199999999996,6673362,2019-02-15 05:12:30,btc,5.201913593534553,0.0,0.0000001,btc,5466.1328087,0.0,0.0010504725,180
,[],7,[],2018-11-20 22:58:01,562227.975654,0.00000085,0.000000000036176765,4862015,2018-11-20 22:58:01,btc,21836.6059674,2491.87645172,,btc,749999.041456,0.00211021,0.127565380455,183
,[],5,[],2019-01-10 08:11:41,0.0,0,0,6347036,2019-01-10 08:11:41,btc,82.15055501,0.00261,,btc,1.19002445,0.0,0.0,187
1,[],24,[],2019-02-15 06:04:15,0.0,0.000000000001,3.61696e-17,6673747,2019-02-15 06:04:15,btc,0.0,0.0,0.000000000001,btc,0.0,0.0,0.0,187
,[],17,[],2018-11-16 20:58:10,4062536.27273,0.00000001,0.000000000000550501,4708775,2018-11-16 20:58:10,btc,3.36492563466,0.195460381006,,"btc,eth",110697919.549,0.0,0.0157628953496,187
0,[],22,[],2019-02-15 06:04:19,0.0,0,0,6673748,2019-02-15 06:04:19,,1.19377283,0.0,0,,16434.10286773884,0.0,0.0,191
0,[],22,[],2019-02-15 06:04:28,0.0,0,0,6673749,2019-02-15 06:04:28,,0.0,0.0,0,,0.0,0.0,0.0,197
0,[],23,[],2019-01-20 23:31:41,0.0,0,0,6477079,2019-01-20 23:31:41,,0.0,0.0,0,,0.0,0.0,0.0,199
0,[],22,[],2019-02-15 06:04:34,0.0,0,0,6673750,2019-02-15 06:04:34,,5.15195517,0.0,0,,19804684.0,0.0,0.0,199
1,[],26,[],2019-02-15 06:04:34,0.0,0.00000000,0,6673751,2019-02-15 06:04:34,btc,0.0,772239.0,0.00000000,btc,0.0,0.0,0.0,199
0,[],17,[],2019-01-30 16:32:01,0.0,0,0,6540827,2019-01-30 16:32:01,btc,6.802544163788159,0.0,0,btc,105897.55575295,0.0,0.0,200
0,[],2,[],2019-01-20 23:30:49,0.0,0,0,6477059,2019-01-20 23:30:49,,0.0,0.0,0,,0.0,0.0,0.0,201
1,[],4,[],2019-01-25 15:51:35,2084389.58565343,0.00000936,0.000000000333526752,6499557,2019-01-25 15:51:35,btc,2.0092503037378524,0.0,0.00000936,btc,160195.80207885,0.19272417,1.242687955921835,211
1,[],7,[],2019-02-15 06:04:39,5416124.64379114,0.0000013299999999999999715787242504649867669286322779953479766845703125,0.000000000048105568,6673752,2019-02-15 06:04:39,btc,15450814.283352366,306370.963516,0.0000013299999999999999715787242504649867669286322779953479766845703125,btc,11029041.18587779,0.39850641,3.756313035831727,212
1,[],5,[],2019-02-15 06:04:40,2.74e-06,0.00000027,0.000000000009765792,6673753,2019-02-15 06:04:40,btc,0.98860718,0.17710278,0.00000027,btc,2.892e-05,0.0,0.1632728,213
1,[],24,[],2019-02-15 06:04:40,0.0,0.000000050000,0.00000000000180848,6673754,2019-02-15 06:04:40,btc,0.0,0.0,0.000000050000,btc,0.0,0.0,0.0,213
1,[],26,[],2019-02-15 06:04:40,0.0,0.00000009,0.0000000000032552640000000003,6673755,2019-02-15 06:04:40,btc,0.0,0.0,0.00000009,btc,0.0,0.0,0.0,213
1,[],12,[],2019-01-25 02:44:32,207462.42853209,0.000001080000000000000035831255497387193287295303889550268650054931640625,0.000000000038610756000000006,6493050,2019-01-25 02:44:32,btc,85023.03793723314,0.0,0.000001080000000000000035831255497387193287295303889550268650054931640625,btc,43675.73520027,0.000146250909087,0.0348620860622024,213
1,[],22,[],2019-02-15 06:04:46,84099.0,0.00000002,0.0000000000007233920000000001,6673756,2019-02-15 06:04:46,BTC,2.19180044,0.0,0.00000002,BTC,147809.63137942314,0.00073976,0.00086798,216
1,[],27,[],2019-02-15 06:04:49,5203657.5615,0.00000004,0.0000000000014467840000000001,6673757,2019-02-15 06:04:49,btc,257.4737088006,3940.334,0.00000004,"btc,ltc",272841.575,0.00015761,0.05469726246,216
1,[],22,[],2019-02-15 06:04:55,238767.18021986732,0.00000208,0.000000000075232768,6673758,2019-02-15 06:04:55,BTC,12677.07394544,0.0,0.00000208,BTC,430542.2281818062,0.01733227,0.28756304,217
1,[],7,[],2019-02-15 06:04:58,0.0,0,0,6673759,2019-02-15 06:04:58,btc,77970.05589791511,0.0,0,btc,137100858.32140028,0.0,0.0,219
0,[],27,[],2019-02-15 06:05:00,0.0,0,0,6673760,2019-02-15 06:05:00,,5.341893788316972,0.0,0,btc,1605140.99226595,0.0,0.0,219
0.0000000000000052,[],28,[],2019-02-15 06:05:12,169952566.853,6.78522e-18,2.45418693312e-22,6673761,2019-02-15 06:05:12,doge,88712.3748390675,14665.0,0.00130485,"btc,doge",4987338.69631,0.0,1.584091780248952e-11,219
1,[],22,[],2019-02-15 06:05:51,382597.6,0.00000021,0.000000000007595616000000001,6673762,2019-02-15 06:05:51,BTC,3.05757602,0.0,0.00000021,BTC,106825.97041875875,1.76e-05,0.04845476,221
1,[],24,[],2019-02-15 06:05:51,0.0,0.000000210000,0.000000000007595616000000001,6673763,2019-02-15 06:05:51,btc,0.0,41.92572,0.000000210000,btc,0.0,3.524e-05,0.0,221
1,[],20,[],2019-02-15 06:05:53,52014780.388,0.000000004,0.0000000000001446784,6673764,2019-02-15 06:05:53,btc,49.8561890273503,150057.9,0.000000004,btc,10131219.2359,0.0006002316,0.0543415264806,224
0,[],22,[],2019-02-15 06:05:57,0.0,0,0,6673765,2019-02-15 06:05:57,,0.0,0.0,0,,0.0,0.0,0.0,224
1,[],26,[],2019-02-15 06:05:58,0.0,0.00000033,0.000000000011935968,6673766,2019-02-15 06:05:58,btc,0.0,16646.5099998,0.00000033,btc,0.0,0.0,0.0,231
1,[],26,[],2019-02-15 06:05:58,0.0,0.00000005,0.00000000000180848,6673767,2019-02-15 06:05:58,btc,0.0,1440.0,0.00000005,btc,0.0,0.0,0.0,234
0,[],27,[],2019-02-15 06:06:00,0.0,0,0,6673768,2019-02-15 06:06:00,,0.0113483662182,0.0,0,"btc,eth",11462.99618,0.0,0.0,234
0,[],22,[],2019-02-15 05:54:59,0.0,0,0,6673570,2019-02-15 05:54:59,,2.80242205,0.0,0,,93486896.06349206,0.0,0.0,235
1,[],4,[],2019-02-15 06:06:01,1238784.55424837,0.00000122,0.000000000044126912,6673769,2019-02-15 06:06:01,btc,0.4329459120202411,0.0,0.00000122,btc,237917.41939125,0.42607844,0.5562668539796709,236
1,[],24,[],2019-02-15 06:06:01,0.0,0.000000020010,0.0000000000007237536960000001,6673770,2019-02-15 06:06:01,btc,0.0,0.0,0.000000020010,btc,0.0,0.0,0.0,236
1,[],20,[],2019-02-15 06:06:04,69993778.9,0.000000073,0.0000000000026403808,6673771,2019-02-15 06:06:04,btc,14.1593981870448,30326857.962,0.000000073,btc,25588757.0819,2.2920090237742,0.6047303627639,237
1,[],22,[],2019-02-15 06:06:11,136267.0,0.00000004,0.0000000000014467840000000001,6673772,2019-02-15 06:06:11,BTC,0.04209605,0.0,0.00000004,"BTC,LTC",22179.0,0.0,0.00541601,237
1,[],4,[],2019-02-15 06:06:12,4258453.7470842,0.00000032,0.000000000011574272000000001,6673773,2019-02-15 06:06:12,btc,0.6816868170594064,0.0,0.00000032,btc,1826061.9504528,0.17051019,1.2816859237924947,238
1,[],5,[],2019-02-15 06:06:14,4.25e-06,0.00000033,0.000000000011935968,6673774,2019-02-15 06:06:14,btc,0.75555557,0.00685868,0.00000033,btc,2.957e-05,0.0,0.25915835,238
0,[],22,[],2019-02-15 06:06:18,0.0,0,0,6673775,2019-02-15 06:06:18,,6404.65978688,0.0,0,,370860.0639027493,0.0,0.0,249
0.0000000001182185,[],22,[],2019-02-15 06:06:22,7025765.666666667,3.5465550000000005e-18,1.2827747572800002e-22,6673776,2019-02-15 06:06:22,LTC,0.53185688,0.0,0.00000003,LTC,14450581.09,0.0,0.20977599,252
1,[],28,[],2019-02-15 06:06:29,3309218.286,0.00000011,0.000000000003978656,6673777,2019-02-15 06:06:29,btc,164693.68465852007,17806.7,0.00000011,btc,982884.2751,0.0,0.1899703563,256
1,[],22,[],2019-02-15 06:06:34,1176008.6666666667,0.00000003,0.000000000001085088,6673778,2019-02-15 06:06:34,BTC,30.16051006,0.0,0.00000003,BTC,434844.92423192423,0.00206032,0.03298822,258
1,[],22,[],2019-01-26 20:58:41,368451.0,0.00000001,0.000000000000356135,6510120,2019-01-26 20:58:41,BTC,2.642917,0.0,0.00000001,"BTC,LTC",1862.0,0.0,0.02488451,259
1,[],22,[],2019-02-15 06:06:39,9792.535522284703,0.00001511,0.000000000546522656,6673779,2019-02-15 06:06:39,BTC,1293.00241217,0.0,0.00001511,"BTC,LTC",5087.690561243119,0.03746308,0.00663789,262
1,[],5,[],2019-02-15 06:06:41,1.098e-05,0.00000140,0.00000000005063744,6673780,2019-02-15 06:06:41,btc,0.52795079,0.01023947,0.00000140,btc,0.00017496,0.0,0.18929314,264
1,[],20,[],2019-02-15 06:06:45,1165498.7474,0.000001801,0.0000000000651414496,6673781,2019-02-15 06:06:45,btc,4.961984780873,0.0,0.000001801,btc,98775.8022,0.0,0.0176428412769,264
1,[],22,[],2019-02-15 06:06:50,95356.5,0.00000002,0.0000000000007233920000000001,6673782,2019-02-15 06:06:50,BTC,8.3934754,0.0,0.00000002,BTC,377286.0417119935,0.0,0.0014095,271
0,[],22,[],2019-02-15 06:06:54,0.0,0,0,6673783,2019-02-15 06:06:54,,385.44178703,0.0,0,,15173097515.9,0.0,0.0,272
0.0000000000000052,[],28,[],2019-02-15 06:06:58,183442197117.206,3.64e-21,1.31657344e-25,6673784,2019-02-15 06:06:58,doge,440781335.54106534,9398707948.819,0.0000007,doge,238438408718.8661,0.0,4.4311547847473607e-10,272
1,[],22,[],2019-02-15 05:55:55,12869.5,0.00003000,0.0000000010842539999999999,6673587,2019-02-15 05:55:55,BTC,74.10270138,0.0,0.00003000,"BTC,LTC",1686.4875854920265,0.06181519,0.04052613,281
