pairValue,buyBook,exchangeId,sellBook,updated,buyTotal,satoshiPrice,usdPrice,exchangeLogId,created,bestPair,sellTotalBtc,volume,pairPrice,activePairs,sellTotal,volumeBtc,buyTotalBtc,coinId
1,[],3,[],2019-01-25 23:38:28,103.886723050678,0.012808540000000000202984296038266620598733425140380859375,0.00000045637468447000005,6503044,2019-01-25 23:38:28,btc,106.96514753107009,1.10352526,0.012808540000000000202984296038266620598733425140380859375,btc,13.741619675951,0.0,0.11479005987056046,1
1,[],4,[],2019-01-25 23:38:29,25077.37530563,0.01300001,0.00000046319685630500004,6503045,2019-01-25 23:38:29,btc,0.8500400330347084,0.0,0.01300001,btc,59.93110423,0.64862976,1.231687282446129,1
1,[],5,[],2019-01-25 23:38:31,0.21230571,0.01252178,0.00000044615728229000005,6503046,2019-01-25 23:38:31,btc,14578.4569557,0.03040878,0.01252178,btc,35555556.26496438,0.0,1.44329486,1
1,[],10,[],2019-01-25 23:38:33,271677.90790371,0.012985,0.00000046266204250000004,6503047,2019-01-25 23:38:33,btc,6537.554940139541,1686.78324075,0.012985,btc,886.70186151,0.0,3.3260638247822896,1
1,[],12,[],2019-01-25 23:38:36,10411.04877787,0.01265999999999999937883021772222491563297808170318603515625,0.00000045108213,6503048,2019-01-25 23:38:36,btc,0.6818494704725,0.0,0.01265999999999999937883021772222491563297808170318603515625,btc,46.63569272,0.1340129999064,0.10217571973230001,1
1,[],20,[],2019-01-25 23:38:38,1350.5193,0.010530001,0.0000003751892006305,6503049,2019-01-25 23:38:38,btc,0.0836892101406,0.5,0.010530001,btc,4.0102,0.0052550005,0.1084569637251,1
1,[],21,[],2019-01-25 23:38:38,2150.5795874,0.01299425000000000059163784982,0.00000046299162462500005,6503050,2019-01-25 23:38:38,btc,29.913864699409775,2638.51538323,0.01299425000000000059163784982274592039175331592559814453125,"btc,eth",2726.91640275,31.62816337399018,22.781952243153857,1
1,[],22,[],2019-01-25 23:38:42,0.0363776,0.01400000,0.000000498827,6503051,2019-01-25 23:38:42,BTC,0.31387019,0.0,0.01400000,BTC,0.09333966666666667,0.0,0.00048472,1
1,[],24,[],2019-01-25 23:38:43,0.0,0.000000000000,0,6503052,2019-01-25 23:38:43,btc,0.0,0.0,0.000000000000,btc,0.0,0.0,0.0,1
0.0,[],25,[],2019-01-25 23:38:44,0.0,0,0,6503053,2019-01-25 23:38:44,btc,15.950599998354111,442.86266192,0.0,btc,1195.72706057,5.6407,0.0,1
1,[],26,[],2019-01-25 23:38:53,0.0,0,0,6503054,2019-01-25 23:38:53,,0.0,0.0,0,,0.0,0.0,0.0,1
0,[],28,[],2019-01-25 23:38:58,0.0,0,0,6503055,2019-01-25 23:38:58,,0.0,0.0,0,,0.0,0.0,0.0,1
0,[],2,[],2019-01-20 23:28:45,0.0,0,0,6477011,2019-01-20 23:28:45,,0.0,0.0,0,,0.0,0.0,0.0,1
1,[],5,[],2019-01-25 23:39:01,1.688e-05,0.00000069,0.000000000024585045000000002,6503056,2019-01-25 23:39:01,btc,0.17331741,0.01461004,0.00000069,btc,7.714e-05,0.0,0.52151601,2
1,[],22,[],2019-01-25 23:39:05,2224.625335862178,0.0000004,0.000000000014252200000000001,6503057,2019-01-25 23:39:05,BTC,0.0231601,0.0,0.0000004,"BTC,XMR",14562.72385,0.0,0.00130482,2
1,[],5,[],2019-01-25 23:39:07,1.42e-06,0.00000017,0.000000000006057185000000001,6503058,2019-01-25 23:39:07,btc,3.89885261,0.27222409,0.00000017,btc,2.267e-05,0.0,2.62556839,3
1,[],12,[],2019-01-25 23:39:08,12367710.18727304,0.000000169,0.0000000000060215545000000005,6503059,2019-01-25 23:39:08,btc,921359.5303577057,0.0,0.000000169,btc,7962346.41005699,0.04780668611066852,0.5343217188660042,3
0,[],28,[],2019-01-25 23:39:10,0.0,0,0,6503060,2019-01-25 23:39:10,,0.0,0.0,0,,0.0,0.0,0.0,3
0,[],2,[],2019-01-20 23:31:32,0.0,0,0,6477077,2019-01-20 23:31:32,,0.0,0.0,0,,0.0,0.0,0.0,4
1,[],4,[],2019-01-25 23:39:11,375227.36134913,0.00000045,0.000000000016033725,6503061,2019-01-25 23:39:11,btc,0.4938270682234433,0.0,0.00000045,btc,321898.47238804,0.00564541,0.0669398608546396,4
1,[],12,[],2019-01-25 15:53:49,1222127.5219999999,0.00000003,0.000000000001069017,6499609,2019-01-25 15:53:49,btc,11013867.817925906,0.0,0.00000003,btc,969763.77092902,0.0,0.01617509044,5
0,[],2,[],2019-01-20 23:31:51,0.0,0,0,6477087,2019-01-20 23:31:51,,0.0,0.0,0,,0.0,0.0,0.0,6
1,[],11,[],2019-01-25 23:39:13,3384831.0,0.00000001,0.000000000000356305,6503062,2019-01-25 23:39:13,btc,9432.274382317124,890188.0,0.00000001,btc,41400135.28159839,0.0,0.03384831,6
1,[],3,[],2019-01-25 23:39:13,1051.093167918516,0.00015051999999999998865705952422189284334308467805385589599609375,0.00000000536310286,6503063,2019-01-25 23:39:13,btc,30.108593419388622,0.0,0.00015051999999999998865705952422189284334308467805385589599609375,btc,231.077492617847,0.0,0.028198323718741553,7
1,[],4,[],2019-01-25 23:39:14,18946.60198686,0.00016228,0.0000000057821175400000005,6503064,2019-01-25 23:39:14,btc,1.8978014799767826,0.0,0.00016228,btc,10432.29751002,2.95587403,2.7739474977359,7
1,[],5,[],2019-01-25 23:39:15,0.00555683,0.00016065,0.000000005724039825,6503065,2019-01-25 23:39:15,btc,1.2430899,0.07977297,0.00016065,btc,0.0111492,0.0,1.53644999,7
1,[],20,[],2019-01-25 23:39:17,61771509.8802,0.000000001,0.0000000000000356305,6503066,2019-01-25 23:39:17,btc,121.193338259396,0.0,0.000000001,btc,26031125.3262,0.0,0.0617715098802,8
0,[],2,[],2019-01-20 23:22:42,0.0,0,0,6476876,2019-01-20 23:22:42,,0.0,0.0,0,,0.0,0.0,0.0,9
0,[],23,[],2019-01-20 23:22:48,0.0,0,0,6476878,2019-01-20 23:22:48,,0.0,0.0,0,,0.0,0.0,0.0,9
1,[],1,[],2019-01-25 23:39:18,1776563.72,0.00000190999999999999992415680542812150832787665422074496746063232421875,0.00000000006805425500000001,6503067,2019-01-25 23:39:18,btc,2.4686678058,19829595.51,0.00000190999999999999992415680542812150832787665422074496746063232421875,btc,1259586.88,38.07714264,3.3315152915,9
1,[],4,[],2019-01-25 23:39:19,397446.08651111,0.00000190,0.00000000006769795,6503068,2019-01-25 23:39:19,btc,0.9347257668595765,0.0,0.00000190,btc,469341.58759345,1.66744855,0.7040485090406814,9
1,[],28,[],2019-01-25 23:39:20,34500.0,0.00000165,0.000000000058790325,6503069,2019-01-25 23:39:20,btc,2708.7525973402,237844.0,0.00000165,btc,8331.02,0.0,0.02854,9
1,[],4,[],2019-01-25 23:32:54,7186680.09026053,0.00000002,0.000000000000712524,6502885,2019-01-25 23:32:54,btc,0.2135370022856993,0.0,0.00000002,btc,4189461.70572456,0.00157654,0.0755630061052106,10
0,[],2,[],2019-01-20 23:23:08,0.0,0,0,6476890,2019-01-20 23:23:08,,0.0,0.0,0,,0.0,0.0,0.0,12
1,[],4,[],2019-01-25 23:39:21,2023961.38034928,0.00000145,0.000000000051664225,6503070,2019-01-25 23:39:21,btc,1.1456567735300083,0.0,0.00000145,btc,750768.54531887,1.67964156,2.7390171750943217,12
1,[],5,[],2019-01-25 23:39:22,1.484e-05,0.00000136,0.000000000048457480000000006,6503071,2019-01-25 23:39:22,btc,0.26639547,0.68684963,0.00000136,btc,0.00010701,0.0,0.04877711,12
0.0,[],25,[],2019-01-25 23:39:24,0.0,0,0,6503072,2019-01-25 23:39:24,,0.0,0.0,0.0,btc,0.0,0.0,0.0,12
1,[],4,[],2019-01-25 23:39:24,320911.71939368,0.00000691,0.00000000024620675500000004,6503073,2019-01-25 23:39:24,btc,0.3267352397224493,0.0,0.00000691,btc,43988.42968731,0.62641269,1.4769648335627417,13
1,[],10,[],2019-01-25 23:39:27,564447.9861709,0.00000675,0.000000000240505875,6503074,2019-01-25 23:39:27,btc,666784.4345502753,4543.54607416,0.00000675,btc,830675.62958589,0.0,0.7494621612300713,13
1,[],21,[],2019-01-25 23:39:28,1611079.86625654,0.000006999999999999999894995019595,0.0000000002494135,6503075,2019-01-25 23:39:28,btc,5.355969591154972,498862.01697497,0.0000069999999999999998949950195947788955663781962357461452484130859375,btc,693247.74376941,3.52000898,6.27363783899241,13
0,[],17,[],2019-01-25 15:48:21,0.0,0,0,6499443,2019-01-25 15:48:21,btc,0.0,0.0,0,btc,0.0,0.0,0.0,14
1,[],4,[],2019-01-25 23:33:03,747628.02254396,0.00000190,0.00000000006768978,6502892,2019-01-25 23:33:03,btc,0.1935686797733392,0.0,0.00000190,btc,74939.75787374,0.17214108,0.2154978052054073,14
1,[],12,[],2019-01-25 23:33:03,90240.47933816,0.000001799999999999999918546601286595265634105089702643454074859619140625,0.00000000006412715999999999,6502893,2019-01-25 23:33:03,btc,1.786529423538882,0.0,0.000001799999999999999918546601286595265634105089702643454074859619140625,btc,37911.61821123,0.0004468751514596,0.0213807164838332,14
1,[],26,[],2019-01-25 23:33:04,0.0,0.00000020,0.00000000000712524,6502894,2019-01-25 23:33:04,btc,0.0,0.0,0.00000020,btc,0.0,0.0,0.0,14
0,[],4,[],2019-01-25 23:39:28,0.0,0,0,6503076,2019-01-25 23:39:28,,0.0,0.0,0,,0.0,0.0,0.0,15
,[],12,[],2018-12-01 15:15:48,204241.84496,0.00000489,0.000000000202473384,5260204,2018-12-01 15:15:48,btc,49.5475654835,0.0,,btc,35763.2193806,0.0163153972027625,0.0203389899998,15
0,[],2,[],2019-01-20 23:23:38,0.0,0,0,6476906,2019-01-20 23:23:38,,0.0,0.0,0,,0.0,0.0,0.0,18
0,[],17,[],2019-01-25 15:48:32,0.0,0,0,6499450,2019-01-25 15:48:32,btc,0.0,0.0,0,btc,0.0,0.0,0.0,18
1,[],4,[],2019-01-25 23:39:30,27407.61415243,0.00001782,0.00000000063493551,6503077,2019-01-25 23:39:30,btc,1.2095484344860605,0.0,0.00001782,btc,6503.41803486,0.21069723,0.1143466543450702,18
1,[],10,[],2019-01-25 23:39:31,390899.07151793,0.000018,0.0000000006413490000000001,6503078,2019-01-25 23:39:31,btc,15.55639647945007,357.10831283,0.000018,btc,10500.54211908,0.0,0.1967384228519007,18
1,[],12,[],2019-01-25 23:39:32,200300.65846679,0.0000172899999999999987834904680017444889017497189342975616455078125,0.000000000616051345,6503079,2019-01-25 23:39:32,btc,0.1969289066701292,0.0,0.0000172899999999999987834904680017444889017497189342975616455078125,btc,2086.90663457,3.526e-05,0.0187406137867134,18
0,[],2,[],2019-01-20 23:24:19,0.0,0,0,6476924,2019-01-20 23:24:19,,0.0,0.0,0,,0.0,0.0,0.0,19
1,[],3,[],2019-01-25 23:39:33,108853.37236620068,0.0000381099999999999993448296375930794965825043618679046630859375,0.000000001357878355,6503080,2019-01-25 23:39:33,btc,1.2539162075320083,0.80529903053,0.0000381099999999999993448296375930794965825043618679046630859375,btc,8295.293215847507,0.0,0.11583438793169817,19
1,[],4,[],2019-01-25 23:39:34,66255.66487533,0.00003866,0.0000000013774751300000001,6503081,2019-01-25 23:39:34,btc,1.7229289120511786,0.0,0.00003866,btc,36246.55729495,0.73519749,1.4164455577337407,19
1,[],5,[],2019-01-25 23:39:35,0.00029437,0.00003057,0.000000001089224385,6503082,2019-01-25 23:39:35,btc,0.31637135,0.0,0.00003057,btc,0.00355185,0.0,0.19117301,19
1,[],12,[],2019-01-25 23:39:36,129522.42312129,0.0000368500000000000012441436769705660481122322380542755126953125,0.0000000013129839250000002,6503083,2019-01-25 23:39:36,btc,1.9920402817121774,0.0,0.0000368500000000000012441436769705660481122322380542755126953125,btc,419.49251023,0.0,0.0382205220195365,19
0,[],27,[],2019-01-25 23:39:39,0.0,0,0,6503084,2019-01-25 23:39:39,,0.0,0.0,0,btc,0.0,0.0,0.0,19
1,[],4,[],2019-01-25 23:39:40,9443925.3670658,0.00000014,0.00000000000498827,6503085,2019-01-25 23:39:40,btc,0.8257550583033921,0.0,0.00000014,btc,1594785.4574161,0.00027197,0.3951825877258471,20
0,[],17,[],2019-01-25 15:49:42,0.0,0,0,6499491,2019-01-25 15:49:42,btc,0.0,0.0,0,btc,0.0,0.0,0.0,21
1,[],4,[],2019-01-25 23:39:40,127300203.27201596,0.00000002,0.00000000000071261,6503086,2019-01-25 23:39:40,btc,0.9351593655554453,0.0,0.00000002,btc,20207861.25023587,0.12825584,1.5557836496501596,21
1,[],12,[],2019-01-25 23:39:42,19817104.0,0.00000002,0.00000000000071261,6503087,2019-01-25 23:39:42,btc,668.0269141637974,0.0,0.00000002,btc,7961939.67233039,0.0142183251548457,0.26927859,21
1,[],12,[],2019-01-25 23:33:23,4588698197.531896,0.0000000001,0.00000000000000356262,6502907,2019-01-25 23:33:23,btc,621663608789.0474,0.0,0.0000000001,btc,6442199412.005226,0.02170115537702297,0.4588698197531896,23
0,[],27,[],2019-01-25 23:33:25,0.0,0,0,6502908,2019-01-25 23:33:25,,0.424699,0.0,0,eth,424699.0,0.0,0.0,23
1,[],4,[],2019-01-25 23:39:43,2234155.69940657,0.00000086,0.000000000030642230000000005,6503088,2019-01-25 23:39:43,btc,0.1129500818549562,0.0,0.00000086,btc,86395.33245984,0.00391272,0.4429503990116119,24
1,[],22,[],2019-01-25 23:39:54,11.76,0.00000100,0.0000000000356305,6503089,2019-01-25 23:39:54,BTC,7.415e-05,0.0,0.00000100,BTC,23.919354838709676,0.0,1.176e-05,24
0.0,[],25,[],2019-01-25 23:39:55,0.0,0,0,6503090,2019-01-25 23:39:55,,0.0,0.0,0.0,btc,0.0,0.0,0.0,24
0,[],2,[],2019-01-20 23:25:56,0.0,0,0,6476976,2019-01-20 23:25:56,,0.0,0.0,0,,0.0,0.0,0.0,26
1,[],4,[],2019-01-25 23:39:56,10024033.64359986,0.00000710,0.00000000025297655000000003,6503091,2019-01-25 23:39:56,btc,0.457255656626869,0.0,0.00000710,btc,36856.47299272,0.1611702,0.2062130043931822,26
1,[],10,[],2019-01-25 23:39:58,729552.66768825,0.00000728,0.00000000025939004,6503092,2019-01-25 23:39:58,btc,27.97585791669725,0.0,0.00000728,btc,12715.42087038,0.0,0.2106382343007997,26
1,[],3,[],2019-01-25 23:39:58,8045385.51415143,0.00000001,0.000000000000356305,6503093,2019-01-25 23:39:58,btc,3.0953068247746516,31563.8149298,0.00000001,btc,17844097.89243544,0.0,0.0804538551415143,27
1,[],5,[],2019-01-25 23:39:59,1e-08,0.00000001,0.000000000000356305,6503094,2019-01-25 23:39:59,btc,2.61407479,0.0,0.00000001,btc,4.13e-05,0.0,0.02479358,27
1,[],11,[],2019-01-25 23:40:01,10597882.41182718,0.00000005,0.0000000000017815250000000001,6503095,2019-01-25 23:40:01,btc,370.53275036350783,1000.0,0.00000005,btc,8220964.80991447,0.0,0.4932896594767663,27
1,[],4,[],2019-01-25 23:40:02,244099295.46143672,0.00000003,0.000000000001068915,6503096,2019-01-25 23:40:02,btc,3.4954841957901928,0.0,0.00000003,"btc,ltc",116666941.92411694,2.6244651,3.273545158257329,29
1,[],7,[],2019-01-25 23:40:03,40221693.55905377,0.00000003,0.000000000001068915,6503097,2019-01-25 23:40:03,btc,44465238.11460888,50979.3378346,0.00000003,btc,38926666.20203327,0.00193257,0.73838175478725,29
1,[],4,[],2019-01-25 23:40:04,1261684.98366236,0.00000038,0.000000000013539590000000002,6503098,2019-01-25 23:40:04,btc,0.3192794070043632,0.0,0.00000038,btc,494775.55069255,0.01213837,0.0662052371398798,30
0,[],17,[],2019-01-25 15:50:57,0.0,0,0,6499534,2019-01-25 15:50:57,btc,0.0,0.0,0,btc,0.0,0.0,0.0,30
1,[],4,[],2019-01-25 23:40:07,46345.92000203,0.00008900,0.0000000031711145000000004,6503099,2019-01-25 23:40:07,btc,1.6480942604024411,0.0,0.00008900,btc,15691.05438242,2.28256925,2.407424881574312,31
1,[],21,[],2019-01-25 23:40:07,102290.00372208,0.00008940000000000000463656890659,0.0000000031853667000000003,6503100,2019-01-25 23:40:07,btc,4.924428618769686,606855.32003821,0.000089400000000000004636568906590810001944191753864288330078125,btc,51714.79588331,55.08521016,8.623649628469092,31
0,[],2,[],2019-01-20 23:28:43,0.0,0,0,6477009,2019-01-20 23:28:43,,0.0,0.0,0,,0.0,0.0,0.0,32
1,[],4,[],2019-01-25 23:40:09,135395826.14256582,0.00000005,0.0000000000017815250000000001,6503101,2019-01-25 23:40:09,btc,0.55541852169845,0.0,0.00000005,"btc,ltc",13957781.45668979,0.56307476,2.1192057114988816,33
1,[],12,[],2019-01-25 23:40:11,24269630.0,0.00000006,0.00000000000213783,6503102,2019-01-25 23:40:11,btc,17261783.048716534,0.0,0.00000006,btc,87398726.26873119,0.3720393547552432,0.96532737,33
1,[],4,[],2019-01-25 15:51:47,121436519.49535657,0.00000002,0.000000000000712664,6499565,2019-01-25 15:51:47,btc,0.7770388655030004,0.0,0.00000002,btc,25623680.84561682,0.04566956,1.2289232726234858,34
1,[],5,[],2019-01-25 15:51:48,3e-08,0.00000002,0.000000000000712664,6499566,2019-01-25 15:51:48,btc,3.15691075,0.01219489,0.00000002,btc,1.394e-05,0.0,0.77186813,34
0,[],17,[],2019-01-25 15:49:25,0.0,0,0,6499481,2019-01-25 15:49:25,btc,0.08200904495920741,0.0,0,btc,5842697.91583647,0.0,0.0,36
0.00000000009135880000000001,[],4,[],2019-01-25 23:40:11,2674178369.0443506,3.654352000000001e-18,1.3020638893600003e-22,6503103,2019-01-25 23:40:11,ltc,3.621240070996383e-09,0.0,0.00000004,ltc,635733253.1619737,0.0,6.982845750013165e-09,36
1,[],5,[],2019-01-25 23:40:13,0.0,0,0,6503104,2019-01-25 23:40:13,btc,202.44189641,0.0,0,btc,1.295e-05,0.0,0.0,36
0.00000000009135880000000001,[],27,[],2019-01-25 23:40:16,1000000.0,9.135880000000002e-19,3.255159723400001e-23,6503105,2019-01-25 23:40:16,ltc,448.55669329,0.0,0.00000001,"ltc,eth",3581972.58,0.0,9.13588e-13,36
1,[],17,[],2019-01-25 15:49:17,1752.74075282,0.00000025,0.0000000000089083,6499476,2019-01-25 15:49:17,btc,0.05548731397418299,0.0,0.00000025,btc,1388.79251806,0.0,0.00043818518820499993,37
1,[],4,[],2019-01-25 23:40:16,441840.52027805,0.00000143,0.000000000050951615000000004,6503106,2019-01-25 23:40:16,btc,0.4396561920678683,0.0,0.00000143,btc,233896.52247635,0.01339437,0.3924130716307633,37
1,[],12,[],2019-01-25 23:40:18,394013.97826208,0.000001439999999999999977188928391991229460700196796096861362457275390625,0.00000000005130792,6503107,2019-01-25 23:40:18,btc,1330.9076836299855,0.0,0.000001439999999999999977188928391991229460700196796096861362457275390625,btc,763361.25121444,0.1877000669184145,0.263218305893324,37
1,[],27,[],2019-01-25 23:40:20,3640.0609574,0.00569910,0.00000020306178255,6503108,2019-01-25 23:40:20,btc,22.37095737308125,0.001833,0.00569910,btc,2948.884381,1.045e-05,0.000368193331273,37
1,[],5,[],2019-01-25 23:40:21,1.565e-05,0.00000128,0.00000000004560704,6503109,2019-01-25 23:40:21,btc,0.12521465,0.09348311,0.00000128,btc,0.00012659,0.0,0.05429559,42
1,[],12,[],2019-01-25 23:40:23,106811.69676465,0.00000146999999999999990171598886201653755279039614833891391754150390625,0.000000000052376835,6503110,2019-01-25 23:40:23,btc,109.04812543296177,0.0,0.00000146999999999999990171598886201653755279039614833891391754150390625,btc,54198.35153924,0.0546919471066486,0.043183150000004,42
0,[],27,[],2019-01-25 23:40:25,0.0,0,0,6503111,2019-01-25 23:40:25,,0.00315028,0.0,0,"btc,eth",11.007,0.0,0.0,42
0,[],17,[],2019-01-25 15:47:37,0.0,0,0,6499419,2019-01-25 15:47:37,btc,0.0,0.0,0,btc,0.0,0.0,0.0,43
1,[],5,[],2019-01-25 23:40:26,3e-08,0.00000002,0.00000000000071261,6503112,2019-01-25 23:40:26,btc,6.15404046,6.472e-05,0.00000002,btc,1.425e-05,0.0,0.56473423,43
1,[],12,[],2019-01-25 23:40:27,5995913.0,0.00000001,0.000000000000356305,6503113,2019-01-25 23:40:27,btc,20007433.291885436,0.0,0.00000001,btc,39304157.64075924,0.0003842862637363,0.05995913,43
1,[],12,[],2019-01-25 23:40:29,762072.0,0.00000007,0.0000000000024941350000000005,6503114,2019-01-25 23:40:29,btc,11114761.219588628,0.0,0.00000007,btc,955800.89867649,0.0005019379620392,0.02039835,44
1,[],4,[],2019-01-25 23:40:30,237332626.8242539,0.00000003,0.000000000001068915,6503115,2019-01-25 23:40:30,btc,0.21975309550878927,0.0,0.00000003,"btc,ltc",6554842.53344355,0.00175634,0.6031566170701662,49
0.00000000009135880000000001,[],4,[],2019-01-25 23:40:31,4129203390.353325,1.8271760000000003e-18,6.510319446800001e-23,6503116,2019-01-25 23:40:31,ltc,5.044116688094442,0.0,0.00000002,ltc,1636710054.3110626,0.0,4.757592862912157e-09,52
0,[],22,[],2019-01-25 23:40:34,0.0,0,0,6503117,2019-01-25 23:40:34,,3693.62623838,0.0,0,,269200006.90882355,0.0,0.0,57
0,[],27,[],2019-01-25 23:40:36,0.0,0,0,6503118,2019-01-25 23:40:36,,0.0,0.0,0,"btc,eth",0.0,0.0,0.0,57
0,[],17,[],2019-01-25 15:52:59,0.0,0,0,6499584,2019-01-25 15:52:59,btc,1e+24,0.0,0,btc,41616695.958325684,0.0,0.0,58
0.00000000009135880000000001,[],4,[],2019-01-25 23:40:37,1510798673.539378,6.395116000000001e-18,2.2786118063800006e-22,6503119,2019-01-25 23:40:37,ltc,3.336677009850878,0.0,0.00000007,ltc,781394872.1775126,0.09991,6.758660850774547e-09,58
1,[],12,[],2019-01-25 23:40:38,2682991756.282997,0.0000000006,0.000000000000021378300000000003,6503120,2019-01-25 23:40:38,btc,123638817877.95049,0.0,0.0000000006,btc,2968281732.7743254,0.15944034880769234,1.0653389452645632,58
0.0000000001288123,[],22,[],2019-01-25 23:40:42,137438.0,1.288123e-18,4.5896466551500005e-23,6503121,2019-01-25 23:40:42,XMR,69.8835922,0.0,0.00000001,XMR,9887963.0,0.0,0.00137438,58
1,[],5,[],2019-01-25 23:40:43,1.008e-05,0.00000068,0.000000000024228740000000003,6503122,2019-01-25 23:40:43,btc,0.44774216,0.08531113,0.00000068,btc,0.00013126,0.0,0.04723957,61
1,[],22,[],2019-01-25 23:40:46,5111.5,0.00000011,0.000000000003919355,6503123,2019-01-25 23:40:46,BTC,1002.29606732,0.0,0.00000011,BTC,15028.700278135757,0.0,0.00051178,61
1,[],26,[],2019-01-25 23:40:47,0.0,0.00000800,0.000000000285044,6503124,2019-01-25 23:40:47,btc,0.0,0.0,0.00000800,btc,0.0,0.0,0.0,61
0,[],27,[],2019-01-25 23:40:48,0.0,0,0,6503125,2019-01-25 23:40:48,,0.0,0.0,0,"btc,eth",0.0,0.0,0.0,61
0,[],28,[],2019-01-25 23:40:52,0.0,0,0,6503126,2019-01-25 23:40:52,,0.0,0.0,0,,0.0,0.0,0.0,61
1,[],4,[],2019-01-25 23:40:53,1347693.7020646,0.00000157,0.000000000055939885,6503127,2019-01-25 23:40:53,btc,0.4673806656642841,0.0,0.00000157,btc,169419.54462937,0.32486797,1.0105098984521703,67
0.0,[],25,[],2019-01-25 23:40:54,0.0,0,0,6503128,2019-01-25 23:40:54,,0.0,0.0,0.0,btc,0.0,0.0,0.0,67
1,[],12,[],2019-01-25 23:40:56,2720563.55555556,0.00000009,0.000000000003206745,6503129,2019-01-25 23:40:56,btc,16893709.180223282,0.0,0.00000009,btc,1974199.57602393,0.0062345829270737,0.0694797400000004,71
,[],5,[],2018-11-20 23:02:39,1.5e-07,0.00000005,0.000000000002128045,4862160,2018-11-20 23:02:39,btc,2.84511358,0.0,,btc,0.00036572,0.0,0.07381892,74
1,[],5,[],2019-01-25 15:53:51,3.303e-05,0.00000156,0.000000000055588884,6499610,2019-01-25 15:53:51,btc,1.42844212,0.0,0.00000156,btc,0.00015937,0.0,0.49487621,75
0,[],20,[],2019-01-25 09:30:31,0.0,0,0,6495923,2019-01-25 09:30:31,btc,0.0,0.0,0,btc,0.0,0.0,0.0,81
1,[],4,[],2019-01-25 23:40:58,63482976.34002812,0.00000001,0.000000000000356305,6503130,2019-01-25 23:40:58,btc,0.7438928706909006,0.0,0.00000001,btc,14043858.59123171,0.00078176,0.6348297634002812,81
1,[],4,[],2019-01-25 23:40:59,24527.89085721,0.00007750,0.00000000276136375,6503131,2019-01-25 23:40:59,btc,1.3280713080984943,0.0,0.00007750,btc,11662.71226171,0.00461934,0.1432178915169555,82
1,[],21,[],2019-01-25 23:41:00,83142.50313602,0.00008000000000000000654424431312,0.0000000028504400000000003,6503132,2019-01-25 23:41:00,btc,3.531451129738385,11322.35448756,0.000080000000000000006544244313122504763668985106050968170166015625,btc,40329.76631025,0.91662159,5.187097372423476,82
0,[],17,[],2019-01-25 15:48:27,0.0,0,0,6499446,2019-01-25 15:48:27,btc,0.0447233088476774,0.0,0,btc,999127.19588126,0.0,0.0,84
0.00000000009135880000000001,[],4,[],2019-01-25 23:41:01,152733117.39080667,1.4617408000000003e-17,5.208255557440001e-22,6503133,2019-01-25 23:41:01,ltc,0.1975418253932514,0.0,0.00000016,ltc,79919318.40869814,0.0,1.5024482348904896e-09,85
,[],22,[],2018-11-20 23:09:34,3408.1,0.0000001,0.0000000000041895,4862324,2018-11-20 23:09:34,BTC,0.04624735,0.0,,BTC,4990.0,0.0,0.00033081,86
0,[],22,[],2019-01-25 23:41:04,0.0,0,0,6503134,2019-01-25 23:41:04,,2.07810912,0.0,0,,154826.94736842104,0.0,0.0,87
0,[],27,[],2019-01-25 23:41:06,0.0,0,0,6503135,2019-01-25 23:41:06,,0.0,0.0,0,btc,0.0,0.0,0.0,87
,[],2,[],2018-11-20 23:10:47,0.0,0,0,4862359,2018-11-20 23:10:47,,0.0,0.0,,,0.0,0.0,0.0,88
1,[],11,[],2019-01-25 23:41:08,105437.42852875,0.00019802999999999999964674091135208300329395569860935211181640625,0.000000007055907915000001,6503136,2019-01-25 23:41:08,btc,234.74617773374231,6346.67645484,0.00019802999999999999964674091135208300329395569860935211181640625,btc,181267.26035578,0.0,8.417444862398776,89
0,[],2,[],2019-01-20 23:31:45,0.0,0,0,6477083,2019-01-20 23:31:45,,0.0,0.0,0,,0.0,0.0,0.0,91
0,[],17,[],2019-01-25 15:53:53,0.0,0,0,6499612,2019-01-25 15:53:53,btc,0.0,0.0,0,btc,0.0,0.0,0.0,91
1,[],12,[],2019-01-25 23:41:09,351114.15299205,0.000001709999999999999933207183062944256590753866476006805896759033203125,0.000000000060928155,6503137,2019-01-25 23:41:09,btc,4576116.5268557565,0.0,0.000001709999999999999933207183062944256590753866476006805896759033203125,btc,23060.26427577,0.0060004204234681,0.21107481729999777,91
0.00000000009135880000000001,[],22,[],2019-01-25 23:41:13,19170424.666666668,5.481528000000001e-18,1.9530958340400004e-22,6503138,2019-01-25 23:41:13,LTC,8.97477495,0.0,0.00000006,LTC,75272634.1,3.18432924576e-13,0.78185727,95
0,[],17,[],2019-01-25 15:48:18,0.0,0,0,6499440,2019-01-25 15:48:18,btc,0.0,0.0,0,btc,0.0,0.0,0.0,96
0.00000000009135880000000001,[],4,[],2019-01-25 23:41:14,133252438.48121776,9.5013152e-17,3.3853661123360006e-21,6503139,2019-01-25 23:41:14,ltc,1.4003462340374893,0.0,0.00000104,ltc,68563612.62085876,0.01030681,7.276488663972509e-10,96
1,[],12,[],2019-01-25 23:41:15,1204359.0,0.00000001,0.000000000000356305,6503140,2019-01-25 23:41:15,btc,255059.2635896603,0.0,0.00000001,btc,7846613.56674301,3.27e-06,0.01204359,96
1,[],4,[],2019-01-25 23:41:17,1579771.18604431,0.00000042,0.00000000001496481,6503141,2019-01-25 23:41:17,btc,0.3332835256902659,0.0,0.00000042,btc,493280.6180125,0.02384202,0.1756471172077524,99
0,[],2,[],2019-01-20 23:23:55,0.0,0,0,6476914,2019-01-20 23:23:55,,0.0,0.0,0,,0.0,0.0,0.0,100
1,[],4,[],2019-01-25 23:41:18,131056.83608266,0.00004305,0.000000001533893025,6503142,2019-01-25 23:41:18,btc,1.5524286223993051,0.0,0.00004305,btc,28649.27167003,2.09596937,2.960551446605649,100
1,[],22,[],2019-01-25 23:41:21,50000.0,0.00000001,0.000000000000356305,6503143,2019-01-25 23:41:21,BTC,23.49896609,0.0,0.00000001,BTC,10277.22,0.0,0.0005,101
1,[],4,[],2019-01-25 23:41:22,100223.25973245,0.00000100,0.0000000000356305,6503144,2019-01-25 23:41:22,btc,0.4098418122588185,0.0,0.00000100,btc,143942.27759095,0.00922723,0.0500035647546625,103
1,[],12,[],2019-01-25 15:52:51,106458555.64315775,0.000000017,0.0000000000006057763,6499579,2019-01-25 15:52:51,btc,9137278943.877607,0.0,0.000000017,btc,147770164.2767199,0.08172199489303426,0.790362743290524,105
1,[],27,[],2019-01-25 15:52:53,147312.57811249,0.00000001,0.000000000000356339,6499580,2019-01-25 15:52:53,btc,0.697426275912198,155546.46688751,0.00000001,btc,635854.00856136,0.00155546,0.0014731257811249,105
0,[],22,[],2019-01-25 23:41:26,0.0,0,0,6503145,2019-01-25 23:41:26,,1.07253299,0.0,0,,94300.0,0.0,0.0,107
1,[],26,[],2019-01-25 23:41:26,0.0,0.00000000,0,6503146,2019-01-25 23:41:26,btc,0.0,0.0,0.00000000,btc,0.0,0.0,0.0,107
1,[],5,[],2019-01-25 23:41:28,3e-08,0.00000002,0.00000000000071261,6503147,2019-01-25 23:41:28,btc,5.96655807,0.044441,0.00000002,btc,1.589e-05,0.0,0.11090262,112
1,[],22,[],2019-01-25 23:41:31,43782.0,0.00000001,0.000000000000356305,6503148,2019-01-25 23:41:31,BTC,2.84132969,0.0,0.00000001,BTC,963293.5833333334,0.0,0.00043782,112
0,[],27,[],2019-01-25 23:41:33,0.0,0,0,6503149,2019-01-25 23:41:33,,1.25356065,0.0,0,"btc,eth",1328.0,0.0,0.0,112
1,[],4,[],2019-01-25 23:41:34,461938.12360774,0.00000440,0.0000000001567742,6503150,2019-01-25 23:41:34,btc,0.4440533987144136,0.0,0.00000440,btc,74084.45150468,0.08838716,0.4746428861497102,113
1,[],5,[],2019-01-25 23:41:35,3.338e-05,0.00000417,0.000000000148579185,6503151,2019-01-25 23:41:35,btc,2.20209943,0.0,0.00000417,btc,0.00323648,0.0,0.30942491,113
1,[],17,[],2019-01-25 15:48:03,233369.0,0.00000004,0.0000000000014253280000000002,6499431,2019-01-25 15:48:03,btc,1.337629057597492,0.0,0.00000004,btc,72546.975,0.0,0.00543476,116
0,[],27,[],2019-01-25 23:41:38,0.0,0,0,6503152,2019-01-25 23:41:38,,0.0,0.0,0,btc,0.0,0.0,0.0,116
1,[],4,[],2019-01-25 23:41:40,119851.09744916,0.00002320,0.0000000008266276,6503153,2019-01-25 23:41:40,btc,0.8058886323636155,0.0,0.00002320,btc,29031.31152223,3.13301144,1.183023989186918,120
1,[],7,[],2019-01-25 23:41:51,4639.7735843,0.0000180099999999999986662058137909525612485595047473907470703125,0.000000000641705305,6503154,2019-01-25 23:41:51,btc,95.0340483300927,62.5577699,0.0000180099999999999986662058137909525612485595047473907470703125,btc,26261.90461095,0.00112609,0.0506053031102673,120
1,[],20,[],2019-01-25 23:41:53,1211987.8588,0.000000013,0.0000000000004631965,6503155,2019-01-25 23:41:53,btc,31.4064986826774,2849.65,0.000000013,btc,1110340.5464,3.704545e-05,0.0067998317606,125
1,[],22,[],2019-01-25 23:41:57,68433.0,0.00000001,0.000000000000356305,6503156,2019-01-25 23:41:57,BTC,0.01415863,0.0,0.00000001,BTC,293039.4,0.0,0.00068433,126
0,[],2,[],2019-01-20 23:25:46,0.0,0,0,6476969,2019-01-20 23:25:46,,0.0,0.0,0,,0.0,0.0,0.0,131
0,[],17,[],2019-01-25 15:50:14,0.0,0,0,6499505,2019-01-25 15:50:14,btc,0.0008451375975800001,0.0,0,btc,30.89614684,0.0,0.0,131
1,[],4,[],2019-01-25 23:41:57,314541.1580233,0.00001499,0.000000000534101195,6503157,2019-01-25 23:41:57,btc,0.6551948991599708,0.0,0.00001499,btc,34128.12949619,0.46658,0.3498631227724546,131
1,[],4,[],2019-01-25 23:35:34,6060.81908411,0.00019935,0.00000000710208297,6502979,2019-01-25 23:35:34,btc,1.6263552933341472,0.0,0.00019935,btc,203.60257325,0.00056797,0.0102536114273728,135
1,[],3,[],2019-01-25 23:41:59,918066.40018509,0.00000005,0.0000000000017815250000000001,6503158,2019-01-25 23:41:59,btc,0.2660376474604366,259744.031147,0.00000005,btc,984348.96389555,0.0,0.032010467337035,136
1,[],4,[],2019-01-25 23:42:00,80596.24533052,0.00000179,0.00000000006377859500000001,6503159,2019-01-25 23:42:00,btc,0.6231623319189207,0.0,0.00000179,btc,224193.59747766,0.0990791,0.0898061079592219,137
1,[],12,[],2019-01-25 23:42:01,302081.6076407,0.00000181000000000000003456111265232042484285557293333113193511962890625,0.000000000064491205,6503160,2019-01-25 23:42:01,btc,11798.819670633447,0.0,0.00000181000000000000003456111265232042484285557293333113193511962890625,btc,131571.25973822,0.0714783805573669,0.0348392560000076,137
1,[],17,[],2019-01-25 15:53:39,12500.0,0.0000001,0.00000000000356339,6499603,2019-01-25 15:53:39,btc,0.5782815519287362,0.0,0.0000001,btc,4834.207754,0.0,0.00125,142
1,[],5,[],2019-01-25 23:42:03,0.00121285,0.00003656,0.00000000130265108,6503161,2019-01-25 23:42:03,btc,22.33801208,3.44404051,0.00003656,btc,0.01050073,0.0,2.30256471,142
1,[],20,[],2019-01-25 23:42:06,156396.1444,0.00003006,0.0000000010710528300000001,6503162,2019-01-25 23:42:06,btc,2.505409385525,21.6175,0.00003006,btc,5107.1897,0.0007707838925,0.2871417276758,142
1,[],22,[],2019-01-25 23:42:09,990.0,0.00001880,0.0000000006698534000000001,6503163,2019-01-25 23:42:09,BTC,0.00069415,0.0,0.00001880,BTC,9.0,0.0,0.00022106,142
0.0,[],25,[],2019-01-25 23:42:11,0.0,0,0,6503164,2019-01-25 23:42:11,,0.0,0.0,0.0,btc,0.0,0.0,0.0,142
1,[],28,[],2019-01-25 23:42:12,78430.0,0.00002000,0.0000000007126100000000001,6503165,2019-01-25 23:42:12,btc,0.052664499742,1078.0,0.00002000,btc,1386.7223,0.0,0.0242247,142
0,[],22,[],2019-01-25 15:57:33,0.0,0,0,6499726,2019-01-25 15:57:33,,59.04258297,0.0,0,,718491265.8,0.0,0.0,143
1,[],21,[],2019-01-25 23:35:48,51162599.94989176,0.0000003,0.00000000001068786,6502988,2019-01-25 23:35:48,btc,37.0556135825765,8909382.62751368,0.0000003,btc,73547794.94793053,2.74400953,9.736548604765327,145
0,[],22,[],2019-01-25 23:42:15,0.0,0,0,6503166,2019-01-25 23:42:15,,4.31668284,0.0,0,,1427838.5,0.0,0.0,146
,[],22,[],2018-11-20 23:01:11,0.0,0,0,4862114,2018-11-20 23:01:11,,2.56807021,0.0,,,61828.4988236,0.0,0.0,147
1,[],12,[],2019-01-25 23:36:01,8706098.59143969,0.0000025699999999999999578180302772789644905060413293540477752685546875,0.000000000091559334,6502990,2019-01-25 23:36:01,btc,17.074189972685943,0.0,0.0000025699999999999999578180302772789644905060413293540477752685546875,btc,111209.72407238,0.01255471,0.11899054000000331,148
0,[],22,[],2019-01-25 23:42:18,0.0,0,0,6503168,2019-01-25 23:42:18,,0.0,0.0,0,,0.0,0.0,0.0,152
1,[],4,[],2019-01-25 23:42:16,113516.4976487,0.00000037,0.000000000013183285000000001,6503167,2019-01-25 23:42:16,btc,0.6903655380733367,0.0,0.00000037,btc,513873.1719915,0.00019034,0.0318037643534905,152
1,[],5,[],2019-01-25 23:42:20,0.0,0,0,6503169,2019-01-25 23:42:20,btc,4.34002783,0.0,0,btc,0.00161275,0.0,0.0,153
,[],16,[],2019-01-11 15:38:59,0.0,0,0,6366141,2019-01-11 15:38:59,btc,0.0,0.0,,btc,0.0,0.0,0.0,155
0,[],22,[],2019-01-25 23:42:24,0.0,0,0,6503170,2019-01-25 23:42:24,,6.78948922,0.0,0,,4337721.742592593,0.0,0.0,156
0,[],23,[],2019-01-20 23:24:29,0.0,0,0,6476932,2019-01-20 23:24:29,,0.0,0.0,0,,0.0,0.0,0.0,156
1,[],22,[],2019-01-25 23:42:26,7906.0,0.00000801,0.00000000028540030500000003,6503171,2019-01-25 23:42:26,BTC,43.78612537,0.0,0.00000801,BTC,1033.584498154164,0.0293087,0.00743836,157
0,[],22,[],2019-01-25 23:42:29,0.0,0,0,6503172,2019-01-25 23:42:29,,50175.67300261,0.0,0,,53770788.04179466,0.0,0.0,158
,[],17,[],2018-11-20 22:56:10,0.0,0,0,4861976,2018-11-20 22:56:10,btc,1.1265625,0.0,,btc,1000.0,0.0,0.0,159
,[],20,[],2018-11-20 22:56:12,0.0,0,0,4861977,2018-11-20 22:56:12,btc,11912.7940471,0.0,,btc,34413894.3617,0.0,0.0,159
1,[],12,[],2019-01-25 23:42:30,185777.69719768,0.000009929999999999999794170722766661896230289130471646785736083984375,0.000000000353810865,6503173,2019-01-25 23:42:30,btc,6.650610744403955,0.0,0.000009929999999999999794170722766661896230289130471646785736083984375,btc,13918.21908934,0.0027063222,0.1039546803999844,168
1,[],17,[],2019-01-25 15:48:46,29784.95,0.000001,0.0000000000356332,6499458,2019-01-25 15:48:46,btc,0.0353989844335,0.0,0.000001,btc,196.82520268,0.0,0.00716147,168
1,[],22,[],2019-01-25 23:42:34,1433447.0,0.00000001,0.000000000000356305,6503174,2019-01-25 23:42:34,BTC,1.13388286,0.0,0.00000001,BTC,690107.5537281231,4.516e-05,0.01433447,169
1,[],22,[],2019-01-25 23:42:37,164866.6,0.00000035,0.000000000012470675,6503175,2019-01-25 23:42:37,BTC,2.47073786,0.0,0.00000035,BTC,69615.76662071847,0.00855176,0.01913941,171
1,[],22,[],2019-01-25 23:42:41,75532.66666666667,0.00000019,0.000000000006769795000000001,6503176,2019-01-25 23:42:41,BTC,2.84570559,0.0,0.00000019,BTC,241244.7394102434,4.75e-05,0.003806,173
1,[],5,[],2019-01-25 23:42:42,6.766e-05,0.00000461,0.000000000164256605,6503177,2019-01-25 23:42:42,btc,0.40471739,0.02929734,0.00000461,btc,0.00036637,0.0,0.82477177,175
1,[],22,[],2019-01-25 23:42:45,62216.0,0.00000125,0.000000000044538125000000005,6503178,2019-01-25 23:42:45,BTC,0.59773982,0.0,0.00000125,BTC,103870.29444388876,0.02803992,0.05112464,176
1,[],7,[],2019-01-25 23:42:46,0.0,0,0,6503179,2019-01-25 23:42:46,btc,10977.355277478538,0.0,0,btc,122080869.32860084,0.0,0.0,178
0,[],22,[],2019-01-25 23:42:48,0.0,0,0,6503180,2019-01-25 23:42:48,,1.00242428,0.0,0,,57512.0,0.0,0.0,178
0,[],2,[],2019-01-20 23:28:34,0.0,0,0,6477001,2019-01-20 23:28:34,,0.0,0.0,0,,0.0,0.0,0.0,178
1,[],5,[],2019-01-25 23:42:50,6e-08,0.00000003,0.000000000001068915,6503181,2019-01-25 23:42:50,btc,15.97292893,0.08118353,0.00000003,btc,2.114e-05,0.0,2.44669438,179
1,[],22,[],2019-01-25 23:42:55,9086992.5,0.00000002,0.00000000000071261,6503182,2019-01-25 23:42:55,BTC,5.54881226,0.0,0.00000002,"BTC,LTC",17821776.318656635,0.01340245,0.39987798,179
0,[],23,[],2019-01-20 23:25:08,0.0,0,0,6476952,2019-01-20 23:25:08,,0.0,0.0,0,,0.0,0.0,0.0,179
1,[],22,[],2019-01-25 23:43:00,1011.8709677419355,0.00000031,0.000000000011045455,6503183,2019-01-25 23:43:00,BTC,0.01978668,0.0,0.00000031,"BTC,LTC",15746.816254853482,1.9e-06,0.00026202,180
1,[],26,[],2019-01-25 23:43:00,0.0,0.00000020,0.0000000000071261000000000005,6503184,2019-01-25 23:43:00,btc,0.0,6008.99009998,0.00000020,btc,0.0,0.0,0.0,180
1,[],17,[],2019-01-25 15:52:29,10504.725,0.0000001,0.00000000000356339,6499572,2019-01-25 15:52:29,btc,5.207116757528441,0.0,0.0000001,btc,7944.1527587,0.0,0.0010504725,180
,[],7,[],2018-11-20 22:58:01,562227.975654,0.00000085,0.000000000036176765,4862015,2018-11-20 22:58:01,btc,21836.6059674,2491.87645172,,btc,749999.041456,0.00211021,0.127565380455,183
1,[],24,[],2019-01-25 23:43:00,0.0,0.000000000001,3.56305e-17,6503185,2019-01-25 23:43:00,btc,0.0,0.0,0.000000000001,btc,0.0,0.0,0.0,187
,[],5,[],2019-01-10 08:11:41,0.0,0,0,6347036,2019-01-10 08:11:41,btc,82.15055501,0.00261,,btc,1.19002445,0.0,0.0,187
,[],17,[],2018-11-16 20:58:10,4062536.27273,0.00000001,0.000000000000550501,4708775,2018-11-16 20:58:10,btc,3.36492563466,0.195460381006,,"btc,eth",110697919.549,0.0,0.0157628953496,187
0,[],22,[],2019-01-25 23:43:03,0.0,0,0,6503186,2019-01-25 23:43:03,,1.19413437,0.0,0,,14499.956201072173,0.0,0.0,191
0,[],22,[],2019-01-25 23:43:08,0.0,0,0,6503187,2019-01-25 23:43:08,,0.0,0.0,0,,0.0,0.0,0.0,197
1,[],26,[],2019-01-25 23:43:08,0.0,0.00000000,0,6503188,2019-01-25 23:43:08,btc,0.0,734214.0,0.00000000,btc,0.0,0.0,0.0,199
0,[],23,[],2019-01-20 23:31:41,0.0,0,0,6477079,2019-01-20 23:31:41,,0.0,0.0,0,,0.0,0.0,0.0,199
0,[],17,[],2019-01-25 15:51:02,0.0,0,0,6499537,2019-01-25 15:51:02,btc,6.802544163851783,0.0,0,btc,105897.55575295,0.0,0.0,200
0,[],2,[],2019-01-20 23:30:49,0.0,0,0,6477059,2019-01-20 23:30:49,,0.0,0.0,0,,0.0,0.0,0.0,201
1,[],4,[],2019-01-25 15:51:35,2084389.58565343,0.00000936,0.000000000333526752,6499557,2019-01-25 15:51:35,btc,2.0092503037378524,0.0,0.00000936,btc,160195.80207885,0.19272417,1.242687955921835,211
1,[],7,[],2019-01-25 23:43:45,19024164.90049656,0.000001170000000000000021170673721038202330646527116186916828155517578125,0.000000000041687685,6503189,2019-01-25 23:43:45,btc,16317791.48219517,548340.393941,0.000001170000000000000021170673721038202330646527116186916828155517578125,btc,12823997.2071432,0.65303459,8.913437723175072,212
1,[],5,[],2019-01-25 23:43:46,4.21e-06,0.00000029,0.000000000010332845,6503190,2019-01-25 23:43:46,btc,0.86016232,0.04959875,0.00000029,btc,2.831e-05,0.0,0.16284869,213
1,[],24,[],2019-01-25 23:43:46,0.0,0.000000050000,0.0000000000017815250000000001,6503191,2019-01-25 23:43:46,btc,0.0,0.0,0.000000050000,btc,0.0,0.0,0.0,213
1,[],26,[],2019-01-25 23:43:46,0.0,0.00000003,0.000000000001068915,6503192,2019-01-25 23:43:46,btc,0.0,0.0,0.00000003,btc,0.0,0.0,0.0,213
1,[],12,[],2019-01-25 02:44:32,207462.42853209,0.000001080000000000000035831255497387193287295303889550268650054931640625,0.000000000038610756000000006,6493050,2019-01-25 02:44:32,btc,85023.03793723314,0.0,0.000001080000000000000035831255497387193287295303889550268650054931640625,btc,43675.73520027,0.000146250909087,0.0348620860622024,213
1,[],22,[],2019-01-25 23:43:49,303952.2,0.00000005,0.0000000000017815250000000001,6503193,2019-01-25 23:43:49,BTC,70.21637514,0.0,0.00000005,BTC,198489.86129395306,0.0,0.00594161,216
1,[],27,[],2019-01-25 23:43:51,5289686.0,0.00000015,0.0000000000053445750000000006,6503194,2019-01-25 23:43:51,btc,619.87938651916,16754.0,0.00000015,"btc,ltc",268416.09411,0.01156026,0.05754232,216
1,[],22,[],2019-01-25 23:43:55,294216.8247499803,0.00000217,0.000000000077318185,6503195,2019-01-25 23:43:55,BTC,12677.79508211,0.0,0.00000217,BTC,338841.40131833754,0.02750808,0.41454509,217
1,[],7,[],2019-01-25 23:43:56,0.0,0,0,6503196,2019-01-25 23:43:56,btc,302.59303086911063,0.0,0,btc,135155897.1214003,0.0,0.0,219
0,[],27,[],2019-01-25 23:43:58,0.0,0,0,6503197,2019-01-25 23:43:58,,0.0747309448198,0.0,0,btc,1605140.29226592,0.0,0.0,219
0,[],28,[],2019-01-25 23:44:02,0.0,0,0,6503198,2019-01-25 23:44:02,,0.0,0.0,0,,0.0,0.0,0.0,219
1,[],22,[],2019-01-25 23:44:05,211961.0,0.00000085,0.000000000030285925,6503199,2019-01-25 23:44:05,BTC,2.09044433,0.0,0.00000085,BTC,21440.55212317522,0.00204165,0.02774618,221
1,[],24,[],2019-01-25 23:44:05,0.0,0.000000560000,0.00000000001995308,6503200,2019-01-25 23:44:05,btc,0.0,10699.71229,0.000000560000,btc,0.0,0.0071656,0.0,221
1,[],26,[],2019-01-25 23:44:06,0.0,0.00000020,0.0000000000071261000000000005,6503201,2019-01-25 23:44:06,btc,0.0,11405.0,0.00000020,btc,0.0,0.0,0.0,231
1,[],26,[],2019-01-25 23:44:06,0.0,0.00000004,0.00000000000142522,6503202,2019-01-25 23:44:06,btc,0.0,0.0,0.00000004,btc,0.0,0.0,0.0,234
0,[],27,[],2019-01-25 23:44:08,0.0,0,0,6503203,2019-01-25 23:44:08,,0.001146299618,0.0,0,"btc,eth",11462.99618,0.0,0.0,234
0,[],22,[],2019-01-25 20:35:43,0.0,0,0,6501978,2019-01-25 20:35:43,,3.07852116,0.0,0,,90316025.08996265,0.0,0.0,235
1,[],4,[],2019-01-25 23:44:09,619086.10557255,0.00000105,0.000000000037412025,6503204,2019-01-25 23:44:09,btc,0.1684825150517173,0.0,0.00000105,btc,131831.70724048,0.021551,0.138944945382693,236
1,[],24,[],2019-01-25 23:44:09,0.0,0.000000010000,0.000000000000356305,6503205,2019-01-25 23:44:09,btc,0.0,0.0,0.000000010000,btc,0.0,0.0,0.0,236
1,[],20,[],2019-01-25 23:44:11,34345974.2511,0.000000066,0.000000000002351613,6503206,2019-01-25 23:44:11,btc,14.3337995478239,19396701.0054,0.000000066,btc,25097518.0488,1.3104598374313,1.2234703851992,237
0,[],22,[],2019-01-25 23:44:13,0.0,0,0,6503207,2019-01-25 23:44:13,,0.04083605,0.0,0,,4179.0,0.0,0.0,237
1,[],4,[],2019-01-25 23:44:14,5641880.88620458,0.00000031,0.000000000011045455,6503208,2019-01-25 23:44:14,btc,0.5066274509239216,0.0,0.00000031,btc,1494532.64883947,0.18174574,1.5335735417248808,238
1,[],5,[],2019-01-25 23:44:16,3.96e-06,0.00000032,0.00000000001140176,6503209,2019-01-25 23:44:16,btc,0.67647434,0.05216535,0.00000032,btc,2.906e-05,0.0,0.18426404,238
1,[],22,[],2019-01-25 23:44:19,257457.25,0.00000004,0.00000000000142522,6503210,2019-01-25 23:44:19,BTC,15.41173731,0.0,0.00000004,BTC,247695.09643307183,0.00115631,0.00829841,249
0.00000000009135880000000001,[],22,[],2019-01-25 23:44:22,2457300.8,4.567940000000001e-18,1.6275798617000002e-22,6503211,2019-01-25 23:44:22,LTC,0.43661997,0.0,0.00000005,LTC,12803135.29,4.972897016880001e-13,0.04646212,252
0,[],28,[],2019-01-25 23:44:24,0.0,0,0,6503212,2019-01-25 23:44:24,,0.0,0.0,0,,0.0,0.0,0.0,256
0,[],27,[],2019-01-25 23:44:26,0.0,0,0,6503213,2019-01-25 23:44:26,,4.96668,0.0,0,"btc,eth",90.59,0.0,0.0,257
1,[],22,[],2019-01-25 15:53:56,55423.666666666664,0.00000006,0.000000000002138034,6499613,2019-01-25 15:53:56,BTC,35605.68126996,0.0,0.00000006,BTC,714555.3310213444,0.00022295,0.0007411,258
1,[],22,[],2019-01-25 23:44:29,6321.654666666666,0.00000750,0.00000000026722875000000003,6503214,2019-01-25 23:44:29,BTC,4.68656113,0.0,0.00000750,BTC,6062.297238095238,0.0017653,0.03134727,262
1,[],5,[],2019-01-25 23:44:31,4.489e-05,0.00000204,0.00000000007268622,6503215,2019-01-25 23:44:31,btc,34448.30114051,0.35645079,0.00000204,btc,11111.11520621,0.0,0.24939036,264
1,[],20,[],2019-01-25 23:44:33,1778341.5966,0.00000151,0.000000000053802055,6503216,2019-01-25 23:44:33,btc,5.0388195231057,37658.9778,0.00000151,btc,83090.2974,0.1957267084987,0.0299902576666,264
1,[],22,[],2019-01-25 23:44:37,175743.0,0.00000004,0.00000000000142522,6503217,2019-01-25 23:44:37,BTC,6.43384542,0.0,0.00000004,BTC,212818.37749525445,0.00041109,0.00437663,271
0,[],22,[],2019-01-25 23:44:39,0.0,0,0,6503218,2019-01-25 23:44:39,,115.10659377,0.0,0,,11510659368.0,0.0,0.0,272
0,[],28,[],2019-01-25 23:44:42,0.0,0,0,6503219,2019-01-25 23:44:42,,0.0,0.0,0,,0.0,0.0,0.0,272
