pairValue,buyBook,exchangeId,sellBook,updated,buyTotal,satoshiPrice,usdPrice,exchangeLogId,created,bestPair,sellTotalBtc,volume,pairPrice,activePairs,sellTotal,volumeBtc,buyTotalBtc,coinId
1,[],3,[],2019-02-11 00:41:26,131.064919389721,0.01318616000000000058889337850587253342382609844207763671875,0.0000004795648158080001,6629397,2019-02-11 00:41:26,btc,107.06535860049982,0.088827042549,0.01318616000000000058889337850587253342382609844207763671875,btc,21.203974152751,0.0,0.2943215338746479,1
1,[],4,[],2019-02-11 00:41:27,96000.52530466,0.01331913,0.0000004844007751440001,6629398,2019-02-11 00:41:27,btc,1.1110382386769004,0.0,0.01331913,btc,80.43774796,0.90818074,1.4511812080749176,1
1,[],5,[],2019-02-11 00:41:29,0.319778,0.01300001,0.00000047279476368800003,6629399,2019-02-11 00:41:29,btc,14577.91609038,0.26277817,0.01300001,btc,35555556.06055009,0.0,2.61447977,1
1,[],10,[],2019-02-11 00:41:32,414601.64954482,0.01157263,0.00000042088266594400003,6629400,2019-02-11 00:41:32,btc,6531.2023433908225,1574.51224528,0.01157263,btc,874.09822711,0.0,4.244590182641889,1
1,[],12,[],2019-02-11 00:41:34,10436.63139197,0.013119999999999999718003351745210238732397556304931640625,0.000000477158656,6629401,2019-02-11 00:41:34,btc,0.4752751073408,0.0,0.013119999999999999718003351745210238732397556304931640625,btc,28.58859207,0.2093965061585,0.3646827214715,1
1,[],20,[],2019-02-11 00:41:36,1149.1164,0.010400104,0.0000003782393023552,6629402,2019-02-11 00:41:36,btc,0.0573537536243,0.218,0.010400104,btc,2.5253,0.0025453551741,0.0832233683099,1
1,[],21,[],2019-02-11 00:41:37,2477.26674823,0.01322224999999999962840835366,0.0000004808773658,6629403,2019-02-11 00:41:37,btc,14.536785879866212,2304.00217127,0.01322224999999999962840835365796010592021048069000244140625,"btc,eth",1556.02300754,24.895063648303495,20.23749011833414,1
1,[],22,[],2019-02-11 00:41:41,0.0280576,0.01350000,0.0000004909788,6629404,2019-02-11 00:41:41,BTC,0.3139634,0.0,0.01350000,BTC,0.10070366666666666,1.62e-05,0.00036518,1
1,[],24,[],2019-02-11 00:41:42,0.0,0.000000000000,0,6629405,2019-02-11 00:41:42,btc,0.0,0.0,0.000000000000,btc,0.0,0.0,0.0,1
0.0,[],25,[],2019-02-11 00:41:42,0.0,0,0,6629406,2019-02-11 00:41:42,btc,11.293199998531648,543.99273062,0.0,btc,831.68110751,7.2004,0.0,1
1,[],26,[],2019-02-11 00:41:52,0.0,0,0,6629407,2019-02-11 00:41:52,,0.0,0.0,0,,0.0,0.0,0.0,1
1,[],28,[],2019-02-11 00:41:54,992.968,0.01231000,0.000000447699928,6629408,2019-02-11 00:41:54,btc,0.163517306,11180.85,0.01231000,btc,8.95,0.0,0.086870176,1
0,[],2,[],2019-01-20 23:28:45,0.0,0,0,6477011,2019-01-20 23:28:45,,0.0,0.0,0,,0.0,0.0,0.0,1
1,[],5,[],2019-02-11 00:41:56,7.73e-06,0.00000047,0.000000000017093336000000002,6629409,2019-02-11 00:41:56,btc,0.13536665,0.06647192,0.00000047,btc,6.446e-05,0.0,0.15709119,2
1,[],22,[],2019-02-11 00:42:00,1348.0,0.00000018,0.000000000006546384,6629410,2019-02-11 00:42:00,BTC,4.22139106,0.0,0.00000018,"BTC,XMR",14654.709143333333,0.0,0.00091235,2
1,[],5,[],2019-02-11 00:42:01,1.25e-06,0.00000016,0.000000000005819008,6629411,2019-02-11 00:42:01,btc,4.32113307,0.33751158,0.00000016,btc,2.213e-05,0.0,2.90021986,3
1,[],12,[],2019-02-11 00:42:03,12340876.83375769,0.00000017,0.000000000006182696,6629412,2019-02-11 00:42:03,btc,923317.5204190791,0.0,0.00000017,btc,8588486.13735925,0.10511058097008402,0.5212504013208895,3
0,[],28,[],2019-02-11 00:42:05,0.0,0,0,6629413,2019-02-11 00:42:05,,0.0,0.0,0,,0.0,0.0,0.0,3
0,[],2,[],2019-01-20 23:31:32,0.0,0,0,6477077,2019-01-20 23:31:32,,0.0,0.0,0,,0.0,0.0,0.0,4
1,[],4,[],2019-02-11 00:42:06,420433.65765581,0.00000034,0.000000000012365392000000001,6629414,2019-02-11 00:42:06,btc,0.3823914472186136,0.0,0.00000034,btc,336207.64460672,0.01478547,0.0607953190049267,4
1,[],12,[],2019-02-11 00:42:07,1591285.5219999999,0.00000004,0.0000000000014547520000000002,6629415,2019-02-11 00:42:07,btc,11113878.38088714,0.0,0.00000004,btc,999562.44426598,0.000665661658342,0.02753425044,5
0,[],2,[],2019-01-20 23:31:51,0.0,0,0,6477087,2019-01-20 23:31:51,,0.0,0.0,0,,0.0,0.0,0.0,6
1,[],11,[],2019-02-11 00:42:09,1662188.4999525,0.00000002,0.0000000000007273760000000001,6629416,2019-02-11 00:42:09,btc,9433.338976981096,110000.0,0.00000002,btc,40296754.09502706,0.0,0.02455346499905,6
1,[],3,[],2019-02-11 00:42:10,1074.273146428111,0.00014521000000000000053346216333238771767355501651763916015625,0.0000000052811134480000006,6629417,2019-02-11 00:42:10,btc,28.399990609446498,0.0,0.00014521000000000000053346216333238771767355501651763916015625,btc,235.145665820227,0.0,0.031531977816658056,7
1,[],4,[],2019-02-11 00:42:10,23235.24590882,0.00019071,0.000000006935893848000001,6629418,2019-02-11 00:42:10,btc,1.5194289195150776,0.0,0.00019071,btc,6919.2104859,2.86752774,3.7825685180948696,7
1,[],5,[],2019-02-11 00:42:12,0.00589083,0.00018550,0.0000000067464124000000004,6629419,2019-02-11 00:42:12,btc,1.46035343,0.27373222,0.00018550,btc,0.01213868,0.0,1.63893005,7
1,[],20,[],2019-02-11 00:42:14,59395762.1499,0.000000001,0.0000000000000363688,6629420,2019-02-11 00:42:14,btc,116.5916532606651,1743206.7423,0.000000001,btc,33312875.6586,0.0017432067423,0.0593957621499,8
1,[],1,[],2019-02-11 00:42:14,1542242.27,0.000001959999999999999868954651816022050070387194864451885223388671875,0.000000000071282848,6629421,2019-02-11 00:42:14,btc,4.2785375285,9862711.47,0.000001959999999999999868954651816022050070387194864451885223388671875,btc,2136185.87,19.52115336,2.9764332501,9
1,[],4,[],2019-02-11 00:42:15,364518.03889598,0.00000196,0.000000000071282848,6629422,2019-02-11 00:42:15,btc,0.7995974549271118,0.0,0.00000196,btc,398841.04677564,1.48933913,0.677200449015862,9
1,[],28,[],2019-02-11 00:42:17,34500.0,0.00000165,0.00000000006000852000000001,6629423,2019-02-11 00:42:17,btc,2708.76119522,2237201.12,0.00000165,btc,11732.68,0.0,0.02854,9
0,[],2,[],2019-01-20 23:22:42,0.0,0,0,6476876,2019-01-20 23:22:42,,0.0,0.0,0,,0.0,0.0,0.0,9
0,[],23,[],2019-01-20 23:22:48,0.0,0,0,6476878,2019-01-20 23:22:48,,0.0,0.0,0,,0.0,0.0,0.0,9
1,[],4,[],2019-02-10 09:54:02,5828483.02026053,0.00000002,0.000000000000726692,6623074,2019-02-10 09:54:02,btc,0.2014004865591215,0.0,0.00000002,btc,4198675.28035349,0.00021932,0.0653957035452106,10
1,[],4,[],2019-02-11 00:42:18,2423611.98609267,0.00000144,0.000000000052371072,6629424,2019-02-11 00:42:18,btc,1.437847759505478,0.0,0.00000144,btc,937542.35686214,0.84126167,3.317334925272565,12
1,[],5,[],2019-02-11 00:42:19,1.817e-05,0.00000140,0.000000000050916320000000005,6629425,2019-02-11 00:42:19,btc,0.50275325,0.2381178,0.00000140,btc,0.00011221,0.0,0.10365484,12
0.0,[],25,[],2019-02-11 00:42:20,0.0,0,0,6629426,2019-02-11 00:42:20,,0.0,0.0,0.0,btc,0.0,0.0,0.0,12
0,[],2,[],2019-01-20 23:23:08,0.0,0,0,6476890,2019-01-20 23:23:08,,0.0,0.0,0,,0.0,0.0,0.0,12
1,[],4,[],2019-02-11 00:42:21,1295685.93183675,0.00000620,0.00000000022548656000000002,6629427,2019-02-11 00:42:21,btc,0.8054983468922,0.0,0.00000620,btc,113801.48661335,0.56324665,1.203711003471755,13
1,[],21,[],2019-02-11 00:42:24,781900.20825273,0.000006260000000000000203767124701,0.00000000022766868800000002,6629428,2019-02-11 00:42:24,btc,3.110949361335843,1120772.90782128,0.0000062600000000000002037671247012706743362286943010985851287841796875,btc,438773.28462905,7.23295671,4.459942673080229,13
1,[],10,[],2019-02-11 00:32:42,423832.74534348,0.0000055,0.0000000001996269,6629223,2019-02-11 00:32:42,btc,666806.508182172,3939.47555205,0.0000055,btc,758425.02352562,0.0,0.246918555257004,13
1,[],4,[],2019-02-11 00:42:25,1073318.47715433,0.00000137,0.000000000049825256000000005,6629429,2019-02-11 00:42:25,btc,0.1509772145276347,0.0,0.00000137,btc,85994.87344465,0.0022117,0.4684461846503862,14
1,[],12,[],2019-02-11 00:42:25,87604.2231405,0.000001300000000000000047051663780439678674838432925753295421600341796875,0.000000000047279440000000004,6629430,2019-02-11 00:42:25,btc,1.7677581806991556,0.0,0.000001300000000000000047051663780439678674838432925753295421600341796875,btc,29145.33636749,6.48351649e-06,0.009106200000005,14
0,[],17,[],2019-02-11 00:42:27,0.0,0,0,6629431,2019-02-11 00:42:27,btc,0.0,0.0,0,btc,0.0,0.0,0.0,14
1,[],26,[],2019-02-11 00:42:27,0.0,0.00000049,0.000000000017820712,6629432,2019-02-11 00:42:27,btc,0.0,0.0,0.00000049,btc,0.0,0.0,0.0,14
0,[],4,[],2019-02-11 00:42:28,0.0,0,0,6629433,2019-02-11 00:42:28,,0.0,0.0,0,,0.0,0.0,0.0,15
,[],12,[],2018-12-01 15:15:48,204241.84496,0.00000489,0.000000000202473384,5260204,2018-12-01 15:15:48,btc,49.5475654835,0.0,,btc,35763.2193806,0.0163153972027625,0.0203389899998,15
1,[],4,[],2019-02-11 00:42:29,23502.08373215,0.00001833,0.000000000666640104,6629434,2019-02-11 00:42:29,btc,2.2820037514703824,0.0,0.00001833,btc,10797.93670533,0.00655213,0.0394607612182748,18
1,[],10,[],2019-02-11 00:42:31,789787.61605933,0.00001841,0.0000000006695496080000001,6629435,2019-02-11 00:42:31,btc,15.543213218735819,131.3,0.00001841,btc,10730.36055816,0.0,0.3103002725213097,18
1,[],12,[],2019-02-11 00:42:32,204754.95910044998,0.0000176800000000000001316828590613994265368091873824596405029296875,0.0000000006430003840000001,6629436,2019-02-11 00:42:32,btc,2.992494472806129,0.0,0.0000176800000000000001316828590613994265368091873824596405029296875,btc,1819.01973457,4.62103619268e-05,0.0424565788173459,18
0,[],17,[],2019-02-11 00:42:34,0.0,0,0,6629437,2019-02-11 00:42:34,btc,0.0,0.0,0,btc,0.0,0.0,0.0,18
0,[],2,[],2019-01-20 23:23:38,0.0,0,0,6476906,2019-01-20 23:23:38,,0.0,0.0,0,,0.0,0.0,0.0,18
1,[],3,[],2019-02-11 00:42:34,129582.10860259978,0.0000220500000000000006433222010659989109626621939241886138916015625,0.00000000080193204,6629438,2019-02-11 00:42:34,btc,0.4672449630434957,1.085,0.0000220500000000000006433222010659989109626621939241886138916015625,btc,5018.393100515442,0.0,0.09801622493169124,19
1,[],4,[],2019-02-11 00:42:35,240381.72556609,0.00002941,0.000000001069606408,6629439,2019-02-11 00:42:35,btc,0.3143275837467187,0.0,0.00002941,btc,9267.52341388,0.36836761,3.078644074437072,19
1,[],5,[],2019-02-11 00:42:36,0.00023068,0.00002517,0.000000000915402696,6629440,2019-02-11 00:42:36,btc,0.2714879,0.00534173,0.00002517,btc,0.00304101,0.0,0.07690804,19
1,[],12,[],2019-02-11 00:42:37,134817.91189155,0.00002434000000000000074086570212017477388144470751285552978515625,0.0000000008852165920000001,6629441,2019-02-11 00:42:37,btc,0.030742287528289402,0.0,0.00002434000000000000074086570212017477388144470751285552978515625,btc,320.93289017,0.0013643499999996,0.031819525440327,19
0,[],27,[],2019-02-11 00:42:39,0.0,0,0,6629442,2019-02-11 00:42:39,,0.0,0.0,0,btc,0.0,0.0,0.0,19
0,[],2,[],2019-01-20 23:24:19,0.0,0,0,6476924,2019-01-20 23:24:19,,0.0,0.0,0,,0.0,0.0,0.0,19
1,[],4,[],2019-02-11 00:42:40,8068648.06114371,0.00000015,0.00000000000545532,6629443,2019-02-11 00:42:40,btc,0.7696667544896668,0.0,0.00000015,btc,1574280.8528799,0.0055978,0.2587079998655905,20
1,[],4,[],2019-02-11 00:42:40,112935810.78755699,0.00000002,0.000000000000727376,6629444,2019-02-11 00:42:40,btc,0.5826846093093433,0.0,0.00000002,btc,15737629.87292108,0.00618449,1.3268834199609802,21
1,[],12,[],2019-02-11 00:42:42,18999837.0,0.00000002,0.0000000000007273760000000001,6629445,2019-02-11 00:42:42,btc,669.7258355491022,0.0,0.00000002,btc,8580204.84915351,0.0,0.25303702,21
0,[],17,[],2019-02-11 00:42:44,0.0,0,0,6629446,2019-02-11 00:42:44,btc,0.0,0.0,0,btc,0.0,0.0,0.0,21
1,[],12,[],2019-02-11 00:42:45,2734878273.043896,0.0000000002,0.00000000000000727376,6629447,2019-02-11 00:42:45,btc,825864718656.4639,0.0,0.0000000002,btc,4276374037.2169857,0.006819633968831881,0.29966294215558975,23
0,[],27,[],2019-02-11 00:42:46,0.0,0,0,6629448,2019-02-11 00:42:46,,0.426429,0.0,0,eth,426429.0,0.0,0.0,23
1,[],4,[],2019-02-11 00:42:47,379172.03698432,0.00000067,0.000000000024367096000000003,6629449,2019-02-11 00:42:47,btc,0.1218562954554883,0.0,0.00000067,btc,111942.35076619,0.0,0.1911883748051763,24
1,[],22,[],2019-02-11 00:42:59,11.76,0.00000100,0.000000000036368800000000005,6629450,2019-02-11 00:42:59,BTC,7.415e-05,0.0,0.00000100,BTC,23.919354838709676,0.0,1.176e-05,24
0.0,[],25,[],2019-02-11 00:43:00,0.0,0,0,6629451,2019-02-11 00:43:00,,0.0,0.0,0.0,btc,0.0,0.0,0.0,24
1,[],4,[],2019-02-11 00:43:01,27835298.68027499,0.00000614,0.00000000022330443200000002,6629452,2019-02-11 00:43:01,btc,0.4109122927976785,0.0,0.00000614,btc,34326.14573253,0.05542112,0.4200378688736843,26
1,[],10,[],2019-02-11 00:43:03,725894.80417281,0.00000601,0.00000000021857648800000002,6629453,2019-02-11 00:43:03,btc,25.91547140511517,0.0,0.00000601,btc,13160.96477388,0.0,0.2082263667259784,26
0,[],2,[],2019-01-20 23:25:56,0.0,0,0,6476976,2019-01-20 23:25:56,,0.0,0.0,0,,0.0,0.0,0.0,26
1,[],3,[],2019-02-11 00:43:03,6073886.94941962,0.00000001,0.00000000000036368800000000005,6629454,2019-02-11 00:43:03,btc,2.5104289553761028,5042.78943181,0.00000001,btc,16082143.802615691,0.0,0.060738869494196206,27
1,[],5,[],2019-02-11 00:43:05,1e-08,0.00000001,0.000000000000363688,6629455,2019-02-11 00:43:05,btc,1.55088787,0.0,0.00000001,btc,4.577e-05,0.0,0.10808531,27
1,[],11,[],2019-02-11 00:43:06,10064996.7912115,0.00000005,0.00000000000181844,6629456,2019-02-11 00:43:06,btc,370.63310344475406,219.9,0.00000005,btc,8170877.7193934005,0.0,0.4661206184459823,27
1,[],4,[],2019-02-11 00:43:07,536092238.1093894,0.00000002,0.000000000000727376,6629457,2019-02-11 00:43:07,btc,0.32309221570542046,0.0,0.00000002,"btc,ltc",78100089.3579618,0.09563158,7.063531699771199,29
1,[],7,[],2019-02-11 00:43:08,29031916.775896247,0.00000002,0.0000000000007273760000000001,6629458,2019-02-11 00:43:08,btc,44465206.22744077,21766.4056943,0.00000002,btc,52537926.44092949,0.00064561,0.42584037210866027,29
1,[],4,[],2019-02-11 00:43:09,1513681.50412711,0.00000028,0.000000000010183264000000001,6629459,2019-02-11 00:43:09,btc,0.2234096921329476,0.0,0.00000028,btc,443202.70325925,0.01689931,0.1175583103611456,30
0,[],17,[],2019-02-11 00:43:10,0.0,0,0,6629460,2019-02-11 00:43:10,btc,0.0,0.0,0,btc,0.0,0.0,0.0,30
1,[],4,[],2019-02-11 00:43:11,1758647.58300553,0.00006301,0.0000000022915980880000003,6629461,2019-02-11 00:43:11,btc,0.9888874559415044,0.0,0.00006301,btc,13406.91020321,0.55543099,2.362387926833574,31
1,[],21,[],2019-02-11 00:43:12,74086.85249166,0.00006320000000000000476337719268,0.0000000022985081600000002,6629462,2019-02-11 00:43:12,btc,2.0534306883476927,69271.86802169,0.000063200000000000004763377192684714600545703433454036712646484375,btc,29293.72591104,4.40076485,4.351189388138826,31
0,[],2,[],2019-01-20 23:28:43,0.0,0,0,6477009,2019-01-20 23:28:43,,0.0,0.0,0,,0.0,0.0,0.0,32
1,[],4,[],2019-02-11 00:43:13,133309251.18803632,0.00000004,0.000000000001454752,6629463,2019-02-11 00:43:13,btc,2.1804365740223712,0.0,0.00000004,"btc,ltc",48099051.45494855,0.58142431,1.8454072755346909,33
1,[],12,[],2019-02-11 00:43:15,13362991.0,0.00000005,0.00000000000181844,6629464,2019-02-11 00:43:15,btc,34509089.51430867,0.0,0.00000005,btc,89194671.82117864,0.0125747242757246,0.43206936,33
1,[],4,[],2019-02-11 00:33:39,124415611.18515792,0.00000002,0.000000000000725916,6629257,2019-02-11 00:33:39,btc,0.7472727285911442,0.0,0.00000002,btc,24909090.95303814,0.03870139,1.3163953081115793,34
1,[],5,[],2019-02-11 00:33:40,3e-08,0.00000002,0.000000000000725916,6629258,2019-02-11 00:33:40,btc,4.21372572,0.03634996,0.00000002,btc,1.394e-05,0.0,0.79313306,34
0.0000000001234513,[],4,[],2019-02-11 00:43:15,774472131.1461179,3.703539e-18,1.3469326918320001e-22,6629465,2019-02-11 00:43:15,ltc,1.09350580974521e-08,0.0,0.00000003,ltc,1873812775.5147543,0.0,1.60380686769896e-09,36
1,[],5,[],2019-02-11 00:43:18,0.0,0,0,6629466,2019-02-11 00:43:18,btc,197.40695608,0.0,0,btc,1.325e-05,0.0,0.0,36
0,[],17,[],2019-02-11 00:43:19,0.0,0,0,6629467,2019-02-11 00:43:19,btc,0.07464582790798707,0.0,0,btc,4105386.20243647,0.0,0.0,36
0.0000000001234513,[],27,[],2019-02-11 00:43:22,1000000.0,2.4690259999999997e-18,8.97955127888e-23,6629468,2019-02-11 00:43:22,ltc,252.8263276744,0.0,0.00000002,"ltc,eth",3711879.06,0.0,2.4690259999999997e-12,36
1,[],4,[],2019-02-11 00:33:49,315511.67367811,0.00000137,0.000000000049725246,6629263,2019-02-11 00:33:49,btc,0.4964415654323548,0.0,0.00000137,btc,287920.2253164,0.03226028,0.2329742992662293,37
1,[],12,[],2019-02-11 00:33:50,418048.05310156,0.000001349999999999999991849510168340220417348973569460213184356689453125,0.00000000004899933,6629264,2019-02-11 00:33:50,btc,1341.352389604445,0.0,0.000001349999999999999991849510168340220417348973569460213184356689453125,btc,791682.78671259,0.128675577032985,0.2112060000000144,37
1,[],17,[],2019-02-11 00:33:51,1752.74075282,0.00000025,0.00000000000907395,6629265,2019-02-11 00:33:51,btc,0.05548492397918113,0.0,0.00000025,btc,1387.19918473,0.0,0.00043818518820499993,37
1,[],27,[],2019-02-11 00:33:53,16422.0,0.00000052,0.000000000018873816,6629266,2019-02-11 00:33:53,btc,51.75602025030353,0.0,0.00000052,btc,29579.81438508,0.0,0.00569662,37
1,[],5,[],2019-02-11 00:43:23,1.606e-05,0.00000097,0.000000000035277736000000005,6629469,2019-02-11 00:43:23,btc,0.09051974,0.07021111,0.00000097,btc,8.582e-05,0.0,0.04116474,42
1,[],12,[],2019-02-11 00:43:24,128344.88424735,0.00000101000000000000007076262319161141789436442195437848567962646484375,0.00000000003673248800000001,6629470,2019-02-11 00:43:24,btc,96.19028771808472,0.0,0.00000101000000000000007076262319161141789436442195437848567962646484375,btc,100431.50827537,0.0017222158441489,0.0470244299999952,42
0,[],27,[],2019-02-11 00:43:26,0.0,0,0,6629471,2019-02-11 00:43:26,,0.00315028,0.0,0,"btc,eth",11.007,0.0,0.0,42
1,[],5,[],2019-02-11 00:43:28,6e-08,0.00000003,0.000000000001091064,6629472,2019-02-11 00:43:28,btc,6.25851383,3.948e-05,0.00000003,btc,1.425e-05,0.0,0.55218916,43
1,[],12,[],2019-02-11 00:43:30,3951770.0,0.00000002,0.0000000000007273760000000001,6629473,2019-02-11 00:43:30,btc,20007456.475336596,0.0,0.00000002,btc,38967532.19920079,0.0011514066733267,0.03951777,43
0,[],17,[],2019-02-11 00:43:31,0.0,0,0,6629474,2019-02-11 00:43:31,btc,0.0,0.0,0,btc,0.0,0.0,0.0,43
1,[],12,[],2019-02-11 00:43:33,760174.0,0.00000005,0.00000000000181844,6629475,2019-02-11 00:43:33,btc,11115166.91642804,0.0,0.00000005,btc,998300.14385612,0.00294168,0.0212655,44
1,[],4,[],2019-02-11 00:43:34,225481600.9444724,0.00000002,0.000000000000727376,6629476,2019-02-11 00:43:34,btc,0.18421501673196652,0.0,0.00000002,"btc,ltc",4376427.20334147,0.00267006,0.43168716592865325,49
0.0000000001234513,[],4,[],2019-02-11 00:43:35,2668057194.464469,1.2345129999999999e-18,4.48977563944e-23,6629477,2019-02-11 00:43:35,ltc,4.645173507701484,0.0,0.00000001,ltc,3079478023.7118206,0.0,3.293751291309915e-09,52
0,[],22,[],2019-02-11 00:43:38,0.0,0,0,6629478,2019-02-11 00:43:38,,3933.30196955,0.0,0,,263411682.90882352,0.0,0.0,57
0,[],27,[],2019-02-11 00:43:40,0.0,0,0,6629479,2019-02-11 00:43:40,,0.0,0.0,0,"btc,eth",0.0,0.0,0.0,57
0.0000000001234513,[],4,[],2019-02-11 00:43:42,1189509457.6073616,6.172565e-18,2.24488781972e-22,6629480,2019-02-11 00:43:42,ltc,3.2794086078170674,0.0,0.00000005,ltc,920251476.0064552,0.00023558,3.864699143585794e-09,58
1,[],12,[],2019-02-11 00:43:43,1948352159.843957,0.0000000005,0.0000000000000181844,6629481,2019-02-11 00:43:43,btc,224005489706.71744,0.0,0.0000000005,btc,3366874084.7675376,0.002735314626873116,0.6892287005011392,58
0,[],17,[],2019-02-11 00:43:46,0.0,0,0,6629482,2019-02-11 00:43:46,btc,1e+24,0.0,0,btc,41481695.95832568,0.0,0.0,58
0.0000000001308747,[],22,[],2019-02-11 00:43:49,137438.0,1.308747e-18,4.7597557893600006e-23,6629483,2019-02-11 00:43:49,XMR,69.8835922,0.0,0.00000001,XMR,9887963.0,0.0,0.00137438,58
1,[],5,[],2019-02-11 00:43:51,1.426e-05,0.00000082,0.000000000029822416,6629484,2019-02-11 00:43:51,btc,0.28843386,0.01029513,0.00000082,btc,0.00017444,0.0,0.07450095,61
1,[],22,[],2019-02-11 00:43:54,5111.5,0.00000011,0.000000000004000568,6629485,2019-02-11 00:43:54,BTC,1002.29598212,0.0,0.00000011,BTC,14957.700278135757,0.0,0.00051178,61
1,[],26,[],2019-02-11 00:43:54,0.0,0.00000800,0.00000000029095040000000004,6629486,2019-02-11 00:43:54,btc,0.0,0.0,0.00000800,btc,0.0,0.0,0.0,61
1,[],27,[],2019-02-11 00:43:57,5333.3559,0.00000059,0.000000000021457592000000002,6629487,2019-02-11 00:43:57,btc,10.765113998344424,471.78870423,0.00000059,"btc,eth",15579.90688085,0.00094358,0.0013141799827537145,61
1,[],28,[],2019-02-11 00:43:59,19904.304,0.00000101,0.000000000036732488,6629488,2019-02-11 00:43:59,btc,2.056400593700105,552.0,0.00000101,btc,9787.52450005,0.0,0.00994531304,61
1,[],4,[],2019-02-11 00:44:00,517289.48060089,0.00000250,0.000000000090922,6629489,2019-02-11 00:44:00,btc,1.3007964664859657,0.0,0.00000250,btc,314006.34343528,0.15817864,0.8193926460471282,67
0.0,[],25,[],2019-02-11 00:44:01,0.0,0,0,6629490,2019-02-11 00:44:01,,0.0,0.0,0.0,btc,0.0,0.0,0.0,67
1,[],12,[],2019-02-11 00:44:02,2851422.77116025,0.00000026,0.000000000009455888,6629491,2019-02-11 00:44:02,btc,11115896.580776785,0.0,0.00000026,btc,2115819.797995,0.0214333699338309,0.1252491955320189,71
,[],5,[],2018-11-20 23:02:39,1.5e-07,0.00000005,0.000000000002128045,4862160,2018-11-20 23:02:39,btc,2.84511358,0.0,,btc,0.00036572,0.0,0.07381892,74
1,[],5,[],2019-01-25 15:53:51,3.303e-05,0.00000156,0.000000000055588884,6499610,2019-01-25 15:53:51,btc,1.42844212,0.0,0.00000156,btc,0.00015937,0.0,0.49487621,75
1,[],4,[],2019-02-11 00:44:04,52395090.43692337,0.00000001,0.000000000000363688,6629492,2019-02-11 00:44:04,btc,0.7681855482047844,0.0,0.00000001,btc,14661592.68425178,0.0,0.5239509043692337,81
0,[],20,[],2019-01-25 09:30:31,0.0,0,0,6495923,2019-01-25 09:30:31,btc,0.0,0.0,0,btc,0.0,0.0,0.0,81
1,[],4,[],2019-02-11 00:44:06,23853.6741225,0.00007412,0.000000002695655456,6629493,2019-02-11 00:44:06,btc,0.9678188037212797,0.0,0.00007412,btc,8615.16657518,0.0173594,0.0914510196516782,82
1,[],21,[],2019-02-11 00:44:06,68608.41574653999,0.00007522000000000000148776824194,0.0000000027356611360000004,6629494,2019-02-11 00:44:06,btc,3.5160205636886346,2117.27742306,0.00007522000000000000148776824193674883645144291222095489501953125,btc,40488.9603218,0.16133878,3.230821612267801,82
0,[],17,[],2019-02-07 10:02:39,0.0,0,0,6611495,2019-02-07 10:02:39,btc,0.0447233088476774,0.0,0,btc,999127.19588126,0.0,0.0,84
0.0000000001234513,[],4,[],2019-02-11 00:44:07,158073278.09256396,1.234513e-17,4.48977563944e-22,6629495,2019-02-11 00:44:07,ltc,0.19569063251009353,0.0,0.0000001,ltc,76011544.29017736,0.0,8.187768169177979e-10,85
,[],22,[],2018-11-20 23:09:34,3408.1,0.0000001,0.0000000000041895,4862324,2018-11-20 23:09:34,BTC,0.04624735,0.0,,BTC,4990.0,0.0,0.00033081,86
0,[],22,[],2019-02-11 00:44:11,0.0,0,0,6629496,2019-02-11 00:44:11,,2.0760781,0.0,0,,140622.94736842104,0.0,0.0,87
0,[],27,[],2019-02-11 00:44:13,0.0,0,0,6629497,2019-02-11 00:44:13,,0.0,0.0,0,btc,0.0,0.0,0.0,87
,[],2,[],2018-11-20 23:10:47,0.0,0,0,4862359,2018-11-20 23:10:47,,0.0,0.0,,,0.0,0.0,0.0,88
1,[],11,[],2019-02-11 00:44:15,95826.79714632,0.0001550400000000000063672678241033509038970805704593658447265625,0.0000000056386187520000004,6629498,2019-02-11 00:44:15,btc,702.2588364986902,10.5,0.0001550400000000000063672678241033509038970805704593658447265625,btc,187338.97800998,0.0,6.459721017482356,89
0,[],2,[],2019-01-20 23:31:45,0.0,0,0,6477083,2019-01-20 23:31:45,,0.0,0.0,0,,0.0,0.0,0.0,91
1,[],12,[],2019-02-11 00:44:17,445513.55224965,0.000003019999999999999884515121395534009707262157462537288665771484375,0.000000000109833776,6629499,2019-02-11 00:44:17,btc,1115.117686423452,0.0,0.000003019999999999999884515121395534009707262157462537288665771484375,btc,40878.17755152,0.00037600022678,0.0842060410000014,91
0,[],17,[],2019-02-11 00:44:19,0.0,0,0,6629500,2019-02-11 00:44:19,btc,0.0,0.0,0,btc,0.0,0.0,0.0,91
0.0000000001234513,[],22,[],2019-02-11 00:44:23,23303133.4,6.172565e-18,2.24488781972e-22,6629501,2019-02-11 00:44:23,LTC,8.17576354,0.0,0.00000005,LTC,67492261.1,5.559115738092e-12,0.89647531,95
1,[],4,[],2019-02-11 00:44:25,133539413.44215848,0.00000001,0.000000000000363688,6629502,2019-02-11 00:44:25,btc,0.9543207387424584,0.0,0.00000001,"btc,ltc",48281295.6174003,0.0047474,0.018576518275048862,96
1,[],12,[],2019-02-11 00:44:26,790539.0,0.00000001,0.00000000000036368800000000005,6629503,2019-02-11 00:44:26,btc,255063.4736351099,0.0,0.00000001,btc,8812348.54676297,0.00101329992008,0.00790539,96
0,[],17,[],2019-02-11 00:44:28,0.0,0,0,6629504,2019-02-11 00:44:28,btc,0.0,0.0,0,btc,0.0,0.0,0.0,96
1,[],4,[],2019-02-11 00:34:55,1868961.71821891,0.00000032,0.000000000011614656,6629303,2019-02-11 00:34:55,btc,0.118787685914211,0.0,0.00000032,btc,266550.94706217,0.00616539,0.2413481042946478,99
0,[],2,[],2019-01-20 23:23:55,0.0,0,0,6476914,2019-01-20 23:23:55,,0.0,0.0,0,,0.0,0.0,0.0,100
1,[],4,[],2019-02-11 00:44:29,215690.85623308,0.00004024,0.000000001463480512,6629505,2019-02-11 00:44:29,btc,1.269016251326281,0.0,0.00004024,btc,28301.95830428,1.19659008,1.4287948875620669,100
1,[],22,[],2019-02-11 00:44:32,50000.0,0.00000001,0.000000000000363688,6629506,2019-02-11 00:44:32,BTC,23.50383609,0.0,0.00000001,BTC,11277.22,0.0,0.0005,101
1,[],4,[],2019-02-11 00:44:33,119340.93143668,0.00000102,0.000000000037096176,6629507,2019-02-11 00:44:33,btc,0.4201060172230543,0.0,0.00000102,btc,159553.66791655,0.01793312,0.0695161453126039,103
1,[],12,[],2019-02-11 00:44:36,54742817.4663887,0.000000016,0.0000000000005819008,6629508,2019-02-11 00:44:36,btc,137278792.1518401,0.0,0.000000016,btc,131774464.73834431,0.03660117710117127,0.3447728654622192,105
1,[],27,[],2019-02-11 00:44:39,4209342.89,0.00000001,0.000000000000363688,6629509,2019-02-11 00:44:39,btc,1.62008275136923,0.0,0.00000001,btc,575169.42860553,0.0,0.0420934289,105
0,[],22,[],2019-02-11 00:44:41,0.0,0,0,6629510,2019-02-11 00:44:41,,1.07253299,0.0,0,,94300.0,0.0,0.0,107
1,[],26,[],2019-02-11 00:44:41,0.0,0.00000000,0,6629511,2019-02-11 00:44:41,btc,0.0,0.0,0.00000000,btc,0.0,0.0,0.0,107
1,[],5,[],2019-02-11 00:44:43,1e-08,0.00000001,0.000000000000363688,6629512,2019-02-11 00:44:43,btc,2.89608421,0.01694653,0.00000001,btc,1.571e-05,0.0,0.08617361,112
1,[],22,[],2019-02-11 00:44:47,189099.0,0.00000002,0.000000000000727376,6629513,2019-02-11 00:44:47,BTC,2.81183288,0.0,0.00000002,BTC,808524.0833333334,0.0,0.00189105,112
0.00000000033271000000000003,[],27,[],2019-02-11 00:44:50,500000.0,3.3271e-18,1.2100263448000002e-22,6629514,2019-02-11 00:44:50,eth,1.35132491849924,0.0,0.00000001,"btc,eth",1328.641654,0.0,1.6635500000000001e-12,112
1,[],4,[],2019-02-11 00:44:51,461191.00815322,0.00000339,0.000000000123290232,6629515,2019-02-11 00:44:51,btc,0.2553057909593875,0.0,0.00000339,btc,57414.18365716,0.0755114,0.2462800851325467,113
1,[],5,[],2019-02-11 00:44:53,1.224e-05,0.00000310,0.00000000011274328000000001,6629516,2019-02-11 00:44:53,btc,0.88267836,0.0,0.00000310,btc,0.00160639,0.0,0.22697171,113
1,[],17,[],2019-02-11 00:44:55,172038.724,0.00000004,0.0000000000014547520000000002,6629517,2019-02-11 00:44:55,btc,1.3373630274533783,0.0001,0.00000004,btc,60896.221,0.0,0.0029815489599999997,116
0,[],27,[],2019-02-11 00:44:56,0.0,0,0,6629518,2019-02-11 00:44:56,,0.0,0.0,0,btc,0.0,0.0,0.0,116
1,[],4,[],2019-02-11 00:44:58,41574.74107989,0.00002907,0.000000001057241016,6629519,2019-02-11 00:44:58,btc,1.054784654316377,0.0,0.00002907,btc,28887.85203436,10.19774404,0.8855568659721532,120
1,[],7,[],2019-02-11 00:44:59,6385.11215101,0.0000289099999999999993376305351677757471406948752701282501220703125,0.000000001051422008,6629520,2019-02-11 00:44:59,btc,115647.27432982464,371.77206022,0.0000289099999999999993376305351677757471406948752701282501220703125,btc,29091.617236730002,0.01249657,0.0570526342881399,120
1,[],20,[],2019-02-11 00:45:01,1539391.8094,0.000000014,0.0000000000005091632000000001,6629521,2019-02-11 00:45:01,btc,33.8688103501599,0.0,0.000000014,btc,1140882.3764,0.0,0.0079606482167,125
1,[],22,[],2019-02-11 00:45:06,3053.0,0.00000001,0.000000000000363688,6629522,2019-02-11 00:45:06,BTC,0.01444889,0.0,0.00000001,BTC,296264.5111111111,0.0,3.053e-05,126
0,[],2,[],2019-01-20 23:25:46,0.0,0,0,6476969,2019-01-20 23:25:46,,0.0,0.0,0,,0.0,0.0,0.0,131
1,[],4,[],2019-02-11 00:35:35,148003.13714724,0.00001450,0.0000000005262891,6629322,2019-02-11 00:35:35,btc,0.6692992068423412,0.0,0.00001450,btc,36173.27428926,0.21419778,0.7073525327542861,131
0,[],17,[],2019-02-11 00:35:37,0.0,0,0,6629323,2019-02-11 00:35:37,btc,0.0009561751951600001,0.0,0,btc,35.42829368,0.0,0.0,131
1,[],4,[],2019-02-11 00:45:08,4618.50137945,0.00016601,0.000000006037584488000001,6629523,2019-02-11 00:45:08,btc,1.6397450704738545,0.0,0.00016601,btc,295.92689166,0.0,0.0082576416868283,135
1,[],3,[],2019-02-11 00:45:09,1920941.19227397,0.00000006,0.0000000000021821279999999998,6629524,2019-02-11 00:45:09,btc,0.1224068728888415,17230.0,0.00000006,btc,405121.48228202,0.0,0.0718900394414789,136
1,[],4,[],2019-02-11 00:45:10,51026.41372943,0.00000169,0.000000000061463272,6629525,2019-02-11 00:45:10,btc,0.0608237172244413,0.0,0.00000169,btc,29029.54287832,0.06907589,0.0590493866986615,137
1,[],12,[],2019-02-11 00:45:12,296079.26850257,0.000001790000000000000014290326734445191192435231641866266727447509765625,0.00000000006510015200000001,6629526,2019-02-11 00:45:12,btc,11982.9466158278,0.0,0.000001790000000000000014290326734445191192435231641866266727447509765625,btc,158168.90843158,0.0574075450861954,0.0263849798533358,137
1,[],4,[],2019-02-11 00:45:13,8333.786962,0.00005612,0.000000002041017056,6629527,2019-02-11 00:45:13,btc,1.1197269905007452,0.0,0.00005612,btc,14534.79385144,1.06509186,0.4132433522822219,142
1,[],5,[],2019-02-11 00:45:15,0.00168258,0.00006519,0.000000002370882072,6629528,2019-02-11 00:45:15,btc,2.92363351,2.87284062,0.00006519,btc,0.00396486,0.0,1.15158361,142
1,[],17,[],2019-02-11 00:45:16,22967.386363640002,0.00000088,0.000000000032004544000000005,6629529,2019-02-11 00:45:16,btc,20.069913352554483,0.0,0.00000088,btc,2746.079105,0.0,0.0104613000000032,142
1,[],20,[],2019-02-11 00:45:18,138414.4412,0.00003,0.000000001091064,6629530,2019-02-11 00:45:18,btc,0.3789561255856,1000.0,0.00003,btc,3009.7438,0.025255633087,0.2529618403877,142
1,[],22,[],2019-02-11 00:45:21,1116.4,0.00001020,0.00000000037096176,6629531,2019-02-11 00:45:21,BTC,3.0087007,0.0,0.00001020,BTC,897.0985020382753,0.0,0.00092537,142
0.0,[],25,[],2019-02-11 00:45:23,0.0,0,0,6629532,2019-02-11 00:45:23,,0.0,0.0,0.0,btc,0.0,0.0,0.0,142
1,[],28,[],2019-02-11 00:45:24,78956.0,0.00004500,0.000000001636596,6629533,2019-02-11 00:45:24,btc,0.040983914489,31.20449,0.00004500,btc,168.785,0.0,0.0535187,142
0,[],22,[],2019-02-11 00:37:58,0.0,0,0,6629335,2019-02-11 00:37:58,,68.47300197,0.0,0,,888991225.8,0.0,0.0,143
1,[],21,[],2019-02-11 00:45:25,44037826.85593761,0.00000028,0.000000000010183264000000001,6629534,2019-02-11 00:45:25,btc,39.792655389867356,8242403.43178311,0.00000028,btc,76616995.0085534,2.40970314,8.036579692785727,145
0,[],22,[],2019-02-10 17:04:30,0.0,0,0,6625727,2019-02-10 17:04:30,,4.25427726,0.0,0,,2259598.0,0.0,0.0,146
,[],22,[],2018-11-20 23:01:11,0.0,0,0,4862114,2018-11-20 23:01:11,,2.56807021,0.0,,,61828.4988236,0.0,0.0,147
1,[],12,[],2019-02-11 00:38:00,8685728.63255196,0.000003340000000000000208847696081537748113987618125975131988525390625,0.000000000121227972,6629337,2019-02-11 00:38:00,btc,16.545710334711607,0.0,0.000003340000000000000208847696081537748113987618125975131988525390625,btc,118555.82679514,0.0005241924875503,0.1294325664900069,148
1,[],4,[],2019-02-11 00:45:26,440142.91449128,0.00000045,0.00000000001636596,6629535,2019-02-11 00:45:26,btc,0.7870610829355883,0.0,0.00000045,btc,583468.15837874,0.00156587,0.1253542112339874,152
0,[],22,[],2019-02-11 00:45:29,0.0,0,0,6629536,2019-02-11 00:45:29,,0.0,0.0,0,,0.0,0.0,0.0,152
1,[],5,[],2019-02-11 00:45:30,0.0,0,0,6629537,2019-02-11 00:45:30,btc,4.35601725,0.0,0,btc,0.0021126,0.0,0.0,153
,[],16,[],2019-01-11 15:38:59,0.0,0,0,6366141,2019-01-11 15:38:59,btc,0.0,0.0,,btc,0.0,0.0,0.0,155
0,[],23,[],2019-01-20 23:24:29,0.0,0,0,6476932,2019-01-20 23:24:29,,0.0,0.0,0,,0.0,0.0,0.0,156
0,[],22,[],2019-02-11 00:45:33,0.0,0,0,6629538,2019-02-11 00:45:33,,6.74578916,0.0,0,,4614557.242592593,0.0,0.0,156
1,[],22,[],2019-02-11 00:45:38,7906.0,0.00000801,0.00000000029131408800000003,6629539,2019-02-11 00:45:38,BTC,43.78801181,0.0,0.00000801,BTC,1067.5805334758436,0.0,0.00743836,157
0,[],22,[],2019-02-11 00:38:15,0.0,0,0,6629343,2019-02-11 00:38:15,,50175.67558609,0.0,0,,54029136.04179466,0.0,0.0,158
,[],17,[],2018-11-20 22:56:10,0.0,0,0,4861976,2018-11-20 22:56:10,btc,1.1265625,0.0,,btc,1000.0,0.0,0.0,159
,[],20,[],2018-11-20 22:56:12,0.0,0,0,4861977,2018-11-20 22:56:12,btc,11912.7940471,0.0,,btc,34413894.3617,0.0,0.0,159
1,[],12,[],2019-02-11 00:45:39,184360.01502503,0.0000074200000000000001089232870565837174581247381865978240966796875,0.00000000026985649600000003,6629540,2019-02-11 00:45:39,btc,6.6630796265845875,0.0,0.0000074200000000000001089232870565837174581247381865978240966796875,btc,14881.55016046,0.0014697934,0.0859652047999703,168
1,[],17,[],2019-02-11 00:45:40,29784.95,0.000001,0.0000000000363688,6629541,2019-02-11 00:45:40,btc,0.03026736251542,0.0,0.000001,btc,144.46171372,0.0,0.00716147,168
0,[],22,[],2019-02-11 00:45:43,0.0,0,0,6629542,2019-02-11 00:45:43,,1.14776715,0.0,0,,721548.0900917595,0.0,0.0,169
1,[],22,[],2019-02-11 00:45:47,224971.05555555556,0.00000018,0.000000000006546384,6629543,2019-02-11 00:45:47,BTC,11.33139556,0.0,0.00000018,BTC,130310.77145587197,5.21e-06,0.02159479,171
1,[],22,[],2019-02-11 00:45:51,230377.04554865425,0.00000023,0.000000000008364824,6629544,2019-02-11 00:45:51,BTC,2.65328659,0.0,0.00000023,BTC,232477.99513371603,0.00234255,0.01861125,173
1,[],5,[],2019-02-11 00:38:30,2.06e-05,0.00000327,0.000000000118687266,6629349,2019-02-11 00:38:30,btc,0.32265266,0.00783513,0.00000327,btc,0.00028273,0.0,0.7079043,175
1,[],22,[],2019-02-11 00:45:54,56573.32380952381,0.00000062,0.000000000022548656000000002,6629545,2019-02-11 00:45:54,BTC,0.50040603,0.0,0.00000062,BTC,127676.46882822087,0.0,0.02080614,176
1,[],7,[],2019-02-11 00:45:55,0.0,0,0,6629546,2019-02-11 00:45:55,btc,410973.9169089935,0.0,0,btc,115465110.28145695,0.0,0.0,178
0,[],22,[],2019-02-11 00:45:58,0.0,0,0,6629547,2019-02-11 00:45:58,,1.00242428,0.0,0,,57512.0,0.0,0.0,178
0,[],2,[],2019-01-20 23:28:34,0.0,0,0,6477001,2019-01-20 23:28:34,,0.0,0.0,0,,0.0,0.0,0.0,178
0,[],23,[],2019-01-20 23:25:08,0.0,0,0,6476952,2019-01-20 23:25:08,,0.0,0.0,0,,0.0,0.0,0.0,179
1,[],5,[],2019-02-11 00:45:59,3e-08,0.00000002,0.000000000000727376,6629548,2019-02-11 00:45:59,btc,26.46980325,0.01372184,0.00000002,btc,2.088e-05,0.0,0.93754117,179
1,[],22,[],2019-02-11 00:46:03,7820284.0,0.00000002,0.000000000000727376,6629549,2019-02-11 00:46:03,BTC,5.4773134,0.0,0.00000002,"BTC,LTC",17835443.468656633,0.0,0.38366552,179
1,[],17,[],2019-02-11 00:46:04,10504.725,0.0000001,0.00000000000363688,6629550,2019-02-11 00:46:04,btc,5.206166879879068,0.0,0.0000001,btc,6755.0074587,0.0,0.0010504725,180
1,[],22,[],2019-02-11 00:46:09,18001.705263157895,0.00000095,0.00000000003455036,6629551,2019-02-11 00:46:09,BTC,0.09351697,0.0,0.00000095,"BTC,LTC",13932.175478042325,0.00024006,0.00599538,180
1,[],26,[],2019-02-11 00:46:09,0.0,0.00000010,0.00000000000363688,6629552,2019-02-11 00:46:09,btc,0.0,100.0,0.00000010,btc,0.0,0.0,0.0,180
,[],7,[],2018-11-20 22:58:01,562227.975654,0.00000085,0.000000000036176765,4862015,2018-11-20 22:58:01,btc,21836.6059674,2491.87645172,,btc,749999.041456,0.00211021,0.127565380455,183
,[],5,[],2019-01-10 08:11:41,0.0,0,0,6347036,2019-01-10 08:11:41,btc,82.15055501,0.00261,,btc,1.19002445,0.0,0.0,187
,[],17,[],2018-11-16 20:58:10,4062536.27273,0.00000001,0.000000000000550501,4708775,2018-11-16 20:58:10,btc,3.36492563466,0.195460381006,,"btc,eth",110697919.549,0.0,0.0157628953496,187
1,[],24,[],2019-02-11 00:46:10,0.0,0.000000000001,3.63688e-17,6629553,2019-02-11 00:46:10,btc,0.0,0.0,0.000000000001,btc,0.0,0.0,0.0,187
0,[],22,[],2019-02-11 00:46:12,0.0,0,0,6629554,2019-02-11 00:46:12,,1.19383767,0.0,0,,14406.036201072173,0.0,0.0,191
0,[],22,[],2019-02-11 00:46:17,0.0,0,0,6629555,2019-02-11 00:46:17,,0.0,0.0,0,,0.0,0.0,0.0,197
0,[],23,[],2019-01-20 23:31:41,0.0,0,0,6477079,2019-01-20 23:31:41,,0.0,0.0,0,,0.0,0.0,0.0,199
1,[],26,[],2019-02-11 00:46:17,0.0,0.00000000,0,6629556,2019-02-11 00:46:17,btc,0.0,772366.0,0.00000000,btc,0.0,0.0,0.0,199
0,[],17,[],2019-01-30 16:32:01,0.0,0,0,6540827,2019-01-30 16:32:01,btc,6.802544163788159,0.0,0,btc,105897.55575295,0.0,0.0,200
0,[],2,[],2019-01-20 23:30:49,0.0,0,0,6477059,2019-01-20 23:30:49,,0.0,0.0,0,,0.0,0.0,0.0,201
1,[],4,[],2019-01-25 15:51:35,2084389.58565343,0.00000936,0.000000000333526752,6499557,2019-01-25 15:51:35,btc,2.0092503037378524,0.0,0.00000936,btc,160195.80207885,0.19272417,1.242687955921835,211
1,[],7,[],2019-02-11 00:46:24,4992129.26270615,0.00000154999999999999998279913253351747215447176131419837474822998046875,0.000000000056371640000000005,6629557,2019-02-11 00:46:24,btc,16567792.242432414,1106771.69907,0.00000154999999999999998279913253351747215447176131419837474822998046875,btc,12142840.53704609,1.68384598,4.155555280589148,212
1,[],12,[],2019-01-25 02:44:32,207462.42853209,0.000001080000000000000035831255497387193287295303889550268650054931640625,0.000000000038610756000000006,6493050,2019-01-25 02:44:32,btc,85023.03793723314,0.0,0.000001080000000000000035831255497387193287295303889550268650054931640625,btc,43675.73520027,0.000146250909087,0.0348620860622024,213
1,[],5,[],2019-02-11 00:46:26,4.98e-06,0.00000036,0.000000000013092768,6629558,2019-02-11 00:46:26,btc,1.13768521,0.19456764,0.00000036,btc,3.442e-05,0.0,0.31538011,213
1,[],24,[],2019-02-11 00:46:26,0.0,0.000000050000,0.00000000000181844,6629559,2019-02-11 00:46:26,btc,0.0,0.0,0.000000050000,btc,0.0,0.0,0.0,213
1,[],26,[],2019-02-11 00:46:26,0.0,0.00000009,0.000000000003273192,6629560,2019-02-11 00:46:26,btc,0.0,0.0,0.00000009,btc,0.0,0.0,0.0,213
1,[],22,[],2019-02-11 00:46:30,271180.0,0.00000002,0.000000000000727376,6629561,2019-02-11 00:46:30,BTC,2.20539348,0.0,0.00000002,BTC,253902.63137942314,0.0,0.0046096,216
1,[],27,[],2019-02-11 00:46:33,5081157.5555,0.00000004,0.000000000001454752,6629562,2019-02-11 00:46:33,btc,363.57727336756,0.0,0.00000004,"btc,ltc",271023.369,0.0,0.05225726222,216
1,[],22,[],2019-02-11 00:46:36,309002.8247499803,0.00000235,0.00000000008546668,6629563,2019-02-11 00:46:36,BTC,12676.9801754,0.0,0.00000235,BTC,385969.6412294151,0.0112684,0.45105637,217
1,[],7,[],2019-02-11 00:46:37,0.0,0,0,6629564,2019-02-11 00:46:37,btc,77970.05582791512,0.0,0,btc,137091858.32140028,0.0,0.0,219
0,[],27,[],2019-02-11 00:46:39,0.0,0,0,6629565,2019-02-11 00:46:39,,5.3418937883169715,0.0,0,btc,1605140.99226592,0.0,0.0,219
0.0000000000000053,[],28,[],2019-02-11 00:46:41,204273030.74,6.678e-18,2.4287084640000003e-22,6629566,2019-02-11 00:46:41,doge,88584.0309717675,9023.0,0.00126000,"btc,doge",4974437.69751,0.0,2.448864346380802e-11,219
1,[],22,[],2019-02-11 00:46:44,217793.57777777777,0.00000091,0.000000000033095608,6629567,2019-02-11 00:46:44,BTC,3.02061474,0.0,0.00000091,BTC,73982.84955994174,0.03370445,0.0325855,221
1,[],24,[],2019-02-11 00:46:44,0.0,0.000000610000,0.000000000022184968,6629568,2019-02-11 00:46:44,btc,0.0,0.0,0.000000610000,btc,0.0,0.0,0.0,221
1,[],20,[],2019-02-11 00:46:47,3946903.6798,0.000000003,0.0000000000001091064,6629569,2019-02-11 00:46:47,btc,49.882455897387,1030796.1906,0.000000003,btc,10163141.4286,0.0035272988898,0.0064965605394,224
0,[],22,[],2019-02-11 00:46:49,0.0,0,0,6629570,2019-02-11 00:46:49,,0.0,0.0,0,,0.0,0.0,0.0,224
1,[],26,[],2019-02-11 00:46:50,0.0,0.00000045,0.00000000001636596,6629571,2019-02-11 00:46:50,btc,0.0,0.0,0.00000045,btc,0.0,0.0,0.0,231
1,[],26,[],2019-02-11 00:46:50,0.0,0.00000005,0.00000000000181844,6629572,2019-02-11 00:46:50,btc,0.0,100.0,0.00000005,btc,0.0,0.0,0.0,234
0,[],27,[],2019-02-11 00:46:52,0.0,0,0,6629573,2019-02-11 00:46:52,,0.0113483662182,0.0,0,"btc,eth",11462.99618,0.0,0.0,234
0,[],22,[],2019-02-11 00:46:55,0.0,0,0,6629574,2019-02-11 00:46:55,,3.06868068,0.0,0,,103318217.06349206,0.0,0.0,235
1,[],4,[],2019-02-11 00:40:11,902074.34330868,0.00000059,0.000000000021414522,6629380,2019-02-11 00:40:11,btc,0.1362719053943739,0.0,0.00000059,btc,126883.47366417,0.15981058,0.2097916525096007,236
1,[],24,[],2019-02-11 00:40:11,0.0,0.000000020000,0.000000000000725916,6629381,2019-02-11 00:40:11,btc,0.0,0.0,0.000000020000,btc,0.0,0.0,0.0,236
1,[],20,[],2019-02-11 00:40:13,16367446.6297,0.000000066,0.0000000000023955228,6629382,2019-02-11 00:40:13,btc,14.6481400053848,29645994.0138,0.000000066,btc,28157745.1297,1.8500115320435,0.1493716643022,237
0.0000000001242972,[],22,[],2019-02-11 00:40:17,14400.0,1.242972e-17,4.51146631176e-22,6629383,2019-02-11 00:40:17,LTC,0.04083605,0.0,0.0000001,LTC,4179.0,0.0,0.00144,237
1,[],4,[],2019-02-11 00:40:18,4597775.07004569,0.00000033,0.000000000011977614,6629384,2019-02-11 00:40:18,btc,0.698223872069473,0.0,0.00000033,btc,1858718.07837946,0.24823748,1.3935510892720206,238
1,[],5,[],2019-02-11 00:40:20,4.59e-06,0.00000034,0.000000000012340572,6629385,2019-02-11 00:40:20,btc,0.82813962,0.01115379,0.00000034,btc,3.008e-05,0.0,0.28505273,238
0,[],22,[],2019-02-11 00:40:24,0.0,0,0,6629386,2019-02-11 00:40:24,,15.41678688,0.0,0,,370860.0639027493,0.0,0.0,249
0.0000000001234513,[],22,[],2019-02-11 00:46:58,7124354.333333333,3.703539e-18,1.3469326918320001e-22,6629575,2019-02-11 00:46:58,LTC,0.41525367,0.0,0.00000003,LTC,12556015.69,2.32498302316e-12,0.21273365,252
1,[],28,[],2019-02-11 00:40:33,3429079.286,0.00000012,0.000000000004355496,6629388,2019-02-11 00:40:33,btc,164693.4935367203,262366.408,0.00000012,btc,505324.17,0.0,0.2043536763,256
1,[],22,[],2019-02-11 00:40:38,114807.0,0.00000001,0.000000000000362958,6629389,2019-02-11 00:40:38,BTC,30.20524227,0.0,0.00000001,BTC,445890.0289327789,0.0,0.00114807,258
1,[],22,[],2019-01-26 20:58:41,368451.0,0.00000001,0.000000000000356135,6510120,2019-01-26 20:58:41,BTC,2.642917,0.0,0.00000001,"BTC,LTC",1862.0,0.0,0.02488451,259
1,[],22,[],2019-02-11 00:47:13,12095.173486088379,0.00000611,0.000000000222213368,6629576,2019-02-11 00:47:13,BTC,1293.13626811,0.0,0.00000611,"BTC,LTC",13026.899367752667,0.01075172,0.0175023,262
1,[],5,[],2019-02-11 00:47:15,4.392e-05,0.00000223,0.000000000081102424,6629577,2019-02-11 00:47:15,btc,0.49421357,0.27444421,0.00000223,btc,0.00025531,0.0,0.17042763,264
1,[],20,[],2019-02-11 00:47:17,1169312.1444,0.0000026,0.00000000009455888000000001,6629578,2019-02-11 00:47:17,btc,4.9483736234832,66220.0526,0.0000026,btc,93489.3093,0.2071579582082,0.0289955639204,264
1,[],22,[],2019-02-11 00:47:20,95356.5,0.00000002,0.000000000000727376,6629579,2019-02-11 00:47:20,BTC,9.1788482,0.0,0.00000002,BTC,371756.0417119935,0.0,0.0014095,271
0,[],22,[],2019-02-11 00:47:23,0.0,0,0,6629580,2019-02-11 00:47:23,,384.77798703,0.0,0,,15106717515.9,0.0,0.0,272
0.0000000000000053,[],28,[],2019-02-11 00:47:25,192943917356.13,5.3e-21,1.9275464000000001e-25,6629581,2019-02-11 00:47:25,doge,375564313.42311454,28484704502.9999,0.00000100,doge,212061553061.35678,0.0,5.053042185034188e-10,272
1,[],22,[],2019-02-11 00:47:31,12322.0,0.00002020,0.00000000073464976,6629582,2019-02-11 00:47:31,BTC,74.0513534,0.0,0.00002020,"BTC,LTC",1009.3826333333334,0.01477639,0.02641882,281
