pairValue,buyBook,exchangeId,sellBook,updated,buyTotal,satoshiPrice,usdPrice,exchangeLogId,created,bestPair,sellTotalBtc,volume,pairPrice,activePairs,sellTotal,volumeBtc,buyTotalBtc,coinId
0,[],2,[],2019-01-20 23:28:45,0.0,0,0,6477011,2019-01-20 23:28:45,,0.0,0.0,0,,0.0,0.0,0.0,1
1,[],3,[],2019-05-31 14:59:27,68.868882320323,0.01109451000000000013556711309092861483804881572723388671875,0.000000936495355257,7717876,2019-05-31 14:59:27,btc,1.7716202498603808,42.4468595883,0.01109451000000000013556711309092861483804881572723388671875,btc,21.700066978386,0.0,0.2782307923099855,1
1,[],4,[],2019-05-31 14:59:29,207698.65582388,0.01093636,0.000000923145803052,7717877,2019-05-31 14:59:29,btc,7.603942448317755,0.0,0.01093636,btc,298.02503647,1.2146777,0.708588875606796,1
1,[],5,[],2019-05-31 14:59:31,0.0,0,0,7717878,2019-05-31 14:59:31,btc,0.0,0.00771269,0,btc,0.0,0.0,0.0,1
1,[],10,[],2019-05-31 14:59:33,312387.35536355,0.00690111,0.0000005825275258770001,7717879,2019-05-31 14:59:33,btc,6520.212702102705,1656.08199329,0.00690111,btc,1216.62901336,0.0,2.3564211823403167,1
1,[],12,[],2019-05-31 14:59:37,79.07890094,0.01095999999999999925670568501345769618637859821319580078125,0.0000009251412719999999,7717880,2019-05-31 14:59:37,btc,0.1768016808958,0.0,0.01095999999999999925670568501345769618637859821319580078125,btc,15.25988545,0.040761004204,0.3329890229785,1
1,[],20,[],2019-05-31 14:59:39,934.3553,0.00920886,0.000000777326318802,7717881,2019-05-31 14:59:39,btc,0.2238080820174,0.5116,0.00920886,btc,17.3543,0.0054077113918,0.1015779369544,1
1,[],21,[],2019-05-31 14:59:40,2326.30515847,0.01099314000000000020318413618,0.000000927938642598,7717882,2019-05-31 14:59:40,btc,10.17537458918843,7420.57168539,0.01099314000000000020318413618269914877600967884063720703125,"btc,eth",1316.08144089,72.37878950506332,21.459654035985384,1
1,[],22,[],2019-05-31 14:59:43,0.0025666666666666667,0.00900000,0.0000007596963,7717883,2019-05-31 14:59:43,BTC,0.31629903,0.0,0.00900000,BTC,0.2505752479991019,0.0,2.31e-05,1
1,[],24,[],2019-05-31 14:59:44,0.0,0.000000000000,0,7717884,2019-05-31 14:59:44,btc,0.0,0.0,0.000000000000,btc,0.0,0.0,0.0,1
0.0,[],25,[],2019-05-31 14:59:45,0.0,0,0,7717885,2019-05-31 14:59:45,btc,11.899999999548042,2928.31501718,0.0,btc,1058.87673035,32.268,0.0,1
1,[],26,[],2019-05-31 14:59:46,0.0,0,0,7717886,2019-05-31 14:59:46,,0.0,0.0,0,,0.0,0.0,0.0,1
0,[],28,[],2019-05-31 14:59:48,0.0,0,0,7717887,2019-05-31 14:59:48,,0.0,324810.85,0,,0.0,0.0,0.0,1
1,[],5,[],2019-05-31 14:59:49,0.0,0,0,7717888,2019-05-31 14:59:49,btc,0.0,0.00791759,0,btc,0.0,0.0,0.0,2
1,[],22,[],2019-05-31 14:59:53,11638.0,0.0000002,0.00000000001688214,7717889,2019-05-31 14:59:53,BTC,21.00897301,0.0,0.0000002,"BTC,XMR",20678.87287795317,0.0,0.00145435,2
1,[],5,[],2019-05-31 14:59:54,0.0,0,0,7717890,2019-05-31 14:59:54,btc,0.0,1.21160148,0,btc,0.0,0.0,0.0,3
1,[],12,[],2019-05-31 14:59:56,1328860.8711,0.000000115,0.0000000000097072305,7717891,2019-05-31 14:59:56,btc,169517.38456413546,0.0,0.000000115,btc,2858589.96735512,0.211128225911,0.101492892821,3
0,[],28,[],2019-05-31 14:59:57,0.0,0,0,7717892,2019-05-31 14:59:57,,0.0,0.0,0,,0.0,0.0,0.0,3
0,[],2,[],2019-01-20 23:31:32,0.0,0,0,6477077,2019-01-20 23:31:32,,0.0,0.0,0,,0.0,0.0,0.0,4
1,[],4,[],2019-05-18 21:29:50,562734.9206932,0.00000010,0.000000000007298720000000001,7650946,2019-05-18 21:29:50,btc,41.9347137769675,0.0,0.00000010,btc,1123702.32192634,0.00052462,0.029254593370966,4
0,[],12,[],2019-05-31 13:17:45,0.0,0,0,7717438,2019-05-31 13:17:45,btc,625.898585084995,0.0,0,btc,1199611.4995005,0.0,0.0,5
1,[],11,[],2019-05-31 15:00:00,9060347.776736,0.00000002,0.000000000001688214,7717893,2019-05-31 15:00:00,btc,9582.874824042945,15000.0,0.00000002,btc,67315346.46260394,0.0,0.13675210276736,6
0,[],2,[],2019-01-20 23:31:51,0.0,0,0,6477087,2019-01-20 23:31:51,,0.0,0.0,0,,0.0,0.0,0.0,6
1,[],3,[],2019-05-31 15:00:01,13095.96706674846,0.000088889999999999997661037642870951458462513983249664306640625,0.000000007503267123,7717894,2019-05-31 15:00:01,btc,0.0490818327894121,176.533509258,0.000088889999999999997661037642870951458462513983249664306640625,btc,173.200158434518,0.0,0.02314296014276251,7
1,[],4,[],2019-05-31 15:00:02,321512.63710675,0.00009716,0.000000008201343612,7717895,2019-05-31 15:00:02,btc,9.588860711505717,0.0,0.00009716,btc,53551.52919212,4.65347885,2.010997086636771,7
1,[],5,[],2019-05-31 15:00:03,0.0,0,0,7717896,2019-05-31 15:00:03,btc,0.0,0.71651907,0,btc,0.0,0.0,0.0,7
1,[],20,[],2019-04-07 22:06:50,3201475.0482,0.000000001,0.000000000000051590000000000004,7213932,2019-04-07 22:06:50,btc,30.8005781811902,0.0,0.000000001,btc,23077405.3926,0.0,0.0032014750482,8
1,[],4,[],2019-05-31 15:00:05,21905744.34854185,0.00000048,0.000000000040517136,7717897,2019-05-31 15:00:05,btc,3.869892417739547,0.0,0.00000048,btc,3437098.66372784,0.22902336,0.4217063638600135,9
0,[],28,[],2019-05-31 15:00:07,0.0,0,0,7717898,2019-05-31 15:00:07,,0.0,3626939.0,0,,0.0,0.0,0.0,9
0,[],2,[],2019-01-20 23:22:42,0.0,0,0,6476876,2019-01-20 23:22:42,,0.0,0.0,0,,0.0,0.0,0.0,9
0,[],23,[],2019-01-20 23:22:48,0.0,0,0,6476878,2019-01-20 23:22:48,,0.0,0.0,0,,0.0,0.0,0.0,9
1,[],1,[],2019-02-17 23:31:42,1822507.21,0.00000181000000000000003456111265232042484285557293333113193511962890625,0.000000000066086901,6701244,2019-02-17 23:31:42,btc,3.6990969245,17153386.5,0.00000181000000000000003456111265232042484285557293333113193511962890625,btc,1997391.71,31.11772986,3.2610482446,9
1,[],4,[],2019-02-17 11:22:43,4341674.27126056,0.00000002,0.0000000000007272960000000001,6696112,2019-02-17 11:22:43,btc,0.1997230937751353,0.0,0.00000002,btc,4109766.79808031,0.00215132,0.0479381022052112,10
1,[],4,[],2019-05-31 15:00:07,7340556.42182763,0.00000048,0.000000000040517136,7717899,2019-05-31 15:00:07,btc,4.772203077685996,0.0,0.00000048,btc,4780999.67015337,0.92474314,1.2725014551419653,12
1,[],5,[],2019-05-31 15:00:08,0.0,0,0,7717900,2019-05-31 15:00:08,btc,0.0,0.13877919,0,btc,0.0,0.0,0.0,12
0.0,[],25,[],2019-05-31 15:00:10,0.0,0,0,7717901,2019-05-31 15:00:10,,0.0,0.0,0.0,btc,0.0,0.0,0.0,12
0,[],2,[],2019-01-20 23:23:08,0.0,0,0,6476890,2019-01-20 23:23:08,,0.0,0.0,0,,0.0,0.0,0.0,12
1,[],4,[],2019-05-31 15:00:11,333744.79329214,0.00000555,0.000000000468479385,7717902,2019-05-31 15:00:11,btc,1.7410696414259068,0.0,0.00000555,btc,224461.05637142,0.46420244,0.46945791222501,13
1,[],10,[],2019-05-31 15:00:14,650611.48648774,0.00000548,0.000000000462570636,7717903,2019-05-31 15:00:14,btc,666803.2895905453,18733.2713404,0.00000548,btc,870956.64926202,0.0,0.2359835198545058,13
1,[],21,[],2019-05-31 15:00:16,1936170.16714482,0.000005740000000000000100243164464,0.000000000484517418,7717904,2019-05-31 15:00:16,btc,2.4883002879593312,853358.1361915,0.0000057400000000000001002431644636647689594610710628330707550048828125,btc,387351.5245201,4.71753208,7.969424857860528,13
1,[],4,[],2019-05-31 15:00:16,874938.39422915,0.00000077,0.000000000064996239,7717905,2019-05-31 15:00:16,btc,5.806892259760745,0.0,0.00000077,btc,808367.25495537,0.0340244,0.057040749996556,14
1,[],12,[],2019-05-31 15:00:17,135586.50845699,0.00000073,0.000000000061619811,7717906,2019-05-31 15:00:17,btc,14.134150797843073,0.0,0.00000073,btc,21650.79261605,0.0,0.0151633299999692,14
1,[],26,[],2019-05-31 15:02:17,0.0,0.00000050,0.00000000004220535,7717907,2019-05-31 15:02:17,btc,0.0,0.0,0.00000050,btc,0.0,0.0,0.0,14
0,[],17,[],2019-05-03 00:53:32,0.0,0,0,7558876,2019-05-03 00:53:32,btc,0.0,0.0,0,btc,0.0,0.0,0.0,14
0,[],4,[],2019-05-31 15:02:18,0.0,0,0,7717908,2019-05-31 15:02:18,,0.0,0.0,0,,0.0,0.0,0.0,15
,[],12,[],2018-12-01 15:15:48,204241.84496,0.00000489,0.000000000202473384,5260204,2018-12-01 15:15:48,btc,49.5475654835,0.0,,btc,35763.2193806,0.0163153972027625,0.0203389899998,15
1,[],4,[],2019-05-31 15:02:19,34610.83630913,0.00001170,0.00000000098760519,7717909,2019-05-31 15:02:19,btc,0.978990398478297,0.0,0.00001170,btc,11600.62921452,0.04057152,0.0842565689012107,18
1,[],10,[],2019-05-31 15:02:20,498026.73625753,0.00001232,0.000000001039939824,7717910,2019-05-31 15:02:20,btc,15.338692121334068,2201.12614482,0.00001232,btc,13130.48058352,0.0,0.15196670293135,18
1,[],12,[],2019-05-31 15:02:21,3312.19820654,0.000012239999999999999700226772925137908032411360181868076324462890625,0.0000000010331869679999999,7717911,2019-05-31 15:02:21,btc,0.40077003139042944,0.0,0.000012239999999999999700226772925137908032411360181868076324462890625,btc,1455.9362923,0.0002750471,0.0136370141322208,18
0,[],2,[],2019-01-20 23:23:38,0.0,0,0,6476906,2019-01-20 23:23:38,,0.0,0.0,0,,0.0,0.0,0.0,18
0,[],17,[],2019-05-03 00:53:39,0.0,0,0,7558882,2019-05-03 00:53:39,btc,0.0,0.0,0,btc,0.0,0.0,0.0,18
1,[],3,[],2019-05-31 15:04:23,150026.4934549135,0.0000045499999999999996352852311976011634442329523153603076934814453125,0.000000000384068685,7717912,2019-05-31 15:04:23,btc,0.15687392990144924,3787.61204435,0.0000045499999999999996352852311976011634442329523153603076934814453125,btc,4308.510073322293,0.0,0.0534848522994703,19
1,[],4,[],2019-05-31 15:04:24,522632.12209714,0.00000807,0.000000000681194349,7717913,2019-05-31 15:04:24,btc,3.891779419527364,0.0,0.00000807,btc,177044.28829246,0.07509153,0.481198587826512,19
1,[],5,[],2019-05-31 15:04:26,0.0,0,0,7717914,2019-05-31 15:04:26,btc,0.0,1.2e-06,0,btc,0.0,0.0,0.0,19
1,[],12,[],2019-05-31 15:04:27,15049.8147311,0.000007109999999999999688846986922730053493069135583937168121337890625,0.0000000006001600769999999,7717915,2019-05-31 15:04:27,btc,0.0591418556143418,0.0,0.000007109999999999999688846986922730053493069135583937168121337890625,btc,1949.55052991,0.0,0.0268046999995415,19
0,[],27,[],2019-05-31 15:04:34,0.0,0,0,7717916,2019-05-31 15:04:34,,0.0,0.0,0,btc,0.0,0.0,0.0,19
0,[],2,[],2019-01-20 23:24:19,0.0,0,0,6476924,2019-01-20 23:24:19,,0.0,0.0,0,,0.0,0.0,0.0,19
1,[],4,[],2019-05-31 15:04:35,10062076.88478525,0.00000007,0.000000000005908749,7717917,2019-05-31 15:04:35,btc,6.411239436602338,0.0,0.00000007,btc,2322306.93095912,0.0,0.1174938176872809,20
1,[],4,[],2019-05-31 15:04:36,11986098.464,0.00000001,0.000000000000844107,7717918,2019-05-31 15:04:36,btc,1736.548875811071,0.0,0.00000001,btc,67583669.92851575,0.11829752,0.11986098464,21
1,[],12,[],2019-05-31 15:04:38,1135763.0,0.00000001,0.000000000000844107,7717919,2019-05-31 15:04:38,btc,2566.5965223853545,0.0,0.00000001,btc,4924392.76723275,0.012624147481,0.01135763,21
0,[],17,[],2019-05-03 00:53:51,0.0,0,0,7558891,2019-05-03 00:53:51,btc,0.0,0.0,0,btc,0.0,0.0,0.0,21
1,[],12,[],2019-05-31 15:06:39,5214728830.485008,0.0000000004,0.00000000000003376428,7717920,2019-05-31 15:06:39,btc,709128491.6424642,0.0,0.0000000004,btc,3099503600.839204,0.251165659611,1.1968014982940032,23
0.0000000003100683,[],27,[],2019-05-31 15:06:47,78080783.5239848,9.302049e-18,7.851924675243e-22,7717921,2019-05-31 15:06:47,eth,105173.3776772628,91993521.42656218,0.00000003,eth,21213445.028,8.55728243125212e-10,4.989013723364193e-10,23
1,[],4,[],2019-05-31 15:06:48,1835488.09052969,0.00000019,0.000000000016038033,7717922,2019-05-31 15:06:48,btc,13.125603023799638,0.0,0.00000019,btc,2170456.28225966,0.0,0.0515574322044523,24
1,[],22,[],2019-05-31 15:06:51,21.76,0.00000100,0.0000000000844107,7717923,2019-05-31 15:06:51,BTC,7.415e-05,0.0,0.00000100,BTC,23.919354838709676,0.0,1.186e-05,24
0.0,[],25,[],2019-05-31 15:06:52,0.0,0,0,7717924,2019-05-31 15:06:52,,0.0,0.0,0.0,btc,0.0,0.0,0.0,24
1,[],4,[],2019-05-31 15:06:53,26943924.39044615,0.00000482,0.000000000406859574,7717925,2019-05-31 15:06:53,btc,13.584113704511365,0.0,0.00000482,btc,246007.91443524,0.09388302,0.4793419753881434,26
1,[],10,[],2019-05-31 15:06:56,149936.41903745,0.00000434,0.00000000036634243799999997,7717926,2019-05-31 15:06:56,btc,25.58341966108765,5789.38336842,0.00000434,btc,22930.31317281,0.0,0.0364889589419442,26
0,[],2,[],2019-01-20 23:25:56,0.0,0,0,6476976,2019-01-20 23:25:56,,0.0,0.0,0,,0.0,0.0,0.0,26
1,[],3,[],2019-05-31 15:06:56,21971786.185043,0.00000001,0.000000000000844107,7717927,2019-05-31 15:06:56,btc,3.767003512255212,10207697.6857,0.00000001,btc,26161410.227760952,0.0,0.21971786185043,27
1,[],11,[],2019-05-31 15:06:59,2110243.08157834,0.00000002,0.000000000001688214,7717928,2019-05-31 15:06:59,btc,67503.04525244638,19676.5543251,0.00000002,btc,6588405.9414731,0.0,0.0211134458157834,27
1,[],5,[],2019-04-26 09:47:06,0.0,0,0,7465326,2019-04-26 09:47:06,btc,0.0,0.0,0,btc,0.0,0.0,0.0,27
1,[],4,[],2019-05-31 15:07:00,1086754995.767846,0.00000001,0.000000000000844107,7717929,2019-05-31 15:07:00,btc,4.8170306764352855,0.0,0.00000001,"btc,ltc",292788053.4942751,0.01733884,7.483850850513,29
1,[],7,[],2019-05-31 15:07:02,85451021.33155985,0.00000001,0.000000000000844107,7717930,2019-05-31 15:07:02,btc,46548272.130093,45984.0758483,0.00000001,btc,35155017.51653564,0.00045984,0.8545102133155985,29
1,[],4,[],2019-05-31 15:07:04,15257775.65063452,0.00000007,0.000000000005908749,7717931,2019-05-31 15:07:04,btc,2.598792341939883,0.0,0.00000007,btc,2103132.23973194,0.0,0.1695992914765782,30
0,[],17,[],2019-05-03 01:11:25,0.0,0,0,7559066,2019-05-03 01:11:25,btc,0.0,0.0,0,btc,0.0,0.0,0.0,30
1,[],4,[],2019-05-31 14:37:34,104413.51195369,0.00004345,0.00000000364878327,7717781,2019-05-31 14:37:34,btc,3.3939168817207084,0.0,0.00004345,btc,45817.27893177,1.12448708,0.4463363202614595,31
1,[],21,[],2019-05-31 14:37:36,71215.62052581,0.00004288000000000000280298353972,0.000000003600916608,7717782,2019-05-31 14:37:36,btc,7.633914867364159,183496.1716232,0.0000428800000000000028029835397180846712217316962778568267822265625,btc,154238.02179227,7.83995597,2.6679904715160587,31
0,[],2,[],2019-01-20 23:28:43,0.0,0,0,6477009,2019-01-20 23:28:43,,0.0,0.0,0,,0.0,0.0,0.0,32
0,[],4,[],2019-05-31 14:37:38,0.0,0,0,7717783,2019-05-31 14:37:38,,0.0,0.0,0,,0.0,0.0,0.0,33
1,[],12,[],2019-03-30 07:55:10,40641173.964,0.00000003,0.000000000001228359,7108785,2019-03-30 07:55:10,btc,4233210.82356125,0.0,0.00000003,btc,28378394.68333462,0.0126927883965248,0.90752895892,33
0.0000000001306654,[],4,[],2019-05-31 14:37:41,510798643.5800827,3.1359696e-17,2.6334806471136e-21,7717784,2019-05-31 14:37:41,ltc,3.6965802481079306,0.0,0.00000024,ltc,155057674.62738115,0.0020958,2.0341312083713998e-09,34
1,[],5,[],2019-05-31 14:37:43,0.0,0,0,7717785,2019-05-31 14:37:43,btc,0.0,2e-05,0,btc,0.0,0.0,0.0,34
0.0000000002926451,[],17,[],2019-05-02 18:17:47,200000.0,2.9264510000000002e-18,1.596703856561e-22,7556430,2019-05-02 18:17:47,eth,0.20942468735267253,0.0,0.00000001,"btc,eth",1018272.20243647,0.0,5.852902e-13,36
0.0000000001311821,[],4,[],2019-05-31 13:28:19,2417517744.0607657,1.311821e-18,1.105058333085e-22,7717483,2019-05-31 13:28:19,ltc,5.019900492391546e-08,0.0,0.00000001,ltc,7102398142.262129,0.0,3.171350544531538e-09,36
1,[],5,[],2019-05-31 13:28:21,0.0,0,0,7717484,2019-05-31 13:28:21,btc,0.0,0.0,0,btc,0.0,0.0,0.0,36
0.0000000003108179,[],27,[],2019-05-31 13:30:34,10388811.226876,6.216358000000001e-18,5.236566733830001e-22,7717485,2019-05-31 13:30:34,eth,1569.8708019850988,761866.634299,0.00000002,"ltc,eth",5084024.2511555,4.736034912207001e-12,3.3251980286483705e-11,36
1,[],4,[],2019-05-31 14:37:45,9863345.44315271,0.00000018,0.000000000015115788,7717786,2019-05-31 14:37:45,btc,19772.52116524239,0.0,0.00000018,btc,730574.57933135,0.00704121,0.1196626430746539,37
1,[],12,[],2019-05-31 14:37:46,3605749.36528572,0.00000019,0.000000000015955554,7717787,2019-05-31 14:37:46,btc,9.366641891216801,0.0,0.00000019,btc,1014252.12768069,0.017162765804,0.1634554361442866,37
1,[],27,[],2019-05-31 14:39:51,6137.0,0.00000016,0.000000000013436256,7717788,2019-05-31 14:39:51,btc,24.12337022903233,50.0,0.00000016,btc,5792.49438508,8e-06,0.00075592,37
1,[],17,[],2019-05-03 01:11:36,211752.74075282,0.00000025,0.000000000013700074999999998,7559074,2019-05-03 01:11:36,btc,0.055484923955058496,0.0,0.00000025,"btc,eth",1387.19918473,0.0,0.0005381851887916605,37
1,[],5,[],2019-05-31 14:39:52,0.0,0,0,7717789,2019-05-31 14:39:52,btc,0.0,0.00122037,0,btc,0.0,0.0,0.0,42
1,[],12,[],2019-05-31 14:39:53,141860.16463439,0.0000009,0.00000000007557894,7717790,2019-05-31 14:39:53,btc,24.790562191380392,0.0,0.0000009,btc,72320.87987589,0.005556733546,0.0547774099999584,42
1,[],27,[],2019-05-31 14:39:58,506.0,0.00000002,0.000000000001679532,7717791,2019-05-31 14:39:58,btc,0.07600425,0.0,0.00000002,"btc,eth",18.0,0.0,6.000000325236133e-06,42
1,[],12,[],2019-03-13 09:13:29,1112112.0,0.00000001,0.000000000000386531,6919902,2019-03-13 09:13:29,btc,29058.00478931866,0.0,0.00000001,btc,5967681.93306694,9.99000999e-07,0.01112112,43
1,[],5,[],2019-04-26 22:38:52,0.0,0,0,7474154,2019-04-26 22:38:52,btc,0.0,0.02638891,0,btc,0.0,0.0,0.0,43
0,[],17,[],2019-04-26 22:38:53,0.0,0,0,7474155,2019-04-26 22:38:53,btc,0.0,0.0,0,btc,0.0,0.0,0.0,43
1,[],12,[],2019-03-05 01:54:08,639326.02,0.00000004,0.000000000001486676,6845775,2019-03-05 01:54:08,btc,11116042.728239931,0.0,0.00000004,btc,1103841.4595604,0.0003330765234764,0.014975410599999999,44
1,[],4,[],2019-05-31 14:39:59,111868186.1988353,0.00000001,0.000000000000839766,7717792,2019-05-31 14:39:59,btc,303169.60581358586,0.0,0.00000001,"btc,ltc",28272947.90928054,0.00619838,0.04076648719173663,49
0.0000000001306654,[],4,[],2019-05-31 14:40:00,130883851.61713742,3.5279658e-17,2.9626657280028e-21,7717793,2019-05-31 14:40:00,ltc,22049.9592330185,0.0,0.00000027,ltc,159251609.04004836,0.0,1.2853931265066239e-09,52
0,[],22,[],2019-05-31 14:40:06,0.0,0,0,7717794,2019-05-31 14:40:06,,10289.55991011,0.0,0,,308568058.4566013,0.0,0.0,57
1,[],27,[],2019-05-31 14:40:17,2297.0,0.0000003,0.00000000002519298,7717795,2019-05-31 14:40:17,btc,0.0,0.0,0.0000003,"btc,eth",0.0,0.0,0.0003891,57
0.0000000001306654,[],4,[],2019-05-31 14:40:17,3424648555.1191416,1.306654e-18,1.097283602964e-22,7717796,2019-05-31 14:40:17,ltc,19.341013312369718,0.0,0.00000001,ltc,5787888096.321104,0.0,4.4748307331406465e-09,58
1,[],12,[],2019-05-31 14:40:18,656768491.0,0.0000000001,0.000000000000008397660000000001,7717797,2019-05-31 14:40:18,btc,2203311.2014014255,0.0,0.0000000001,btc,3338579732.435521,0.069447584622,0.0656768491,58
0.00000000011077699999999999,[],22,[],2019-05-31 14:42:23,126877.0,1.10777e-18,9.302675818199999e-23,7717798,2019-05-31 14:42:23,XMR,68.17454206,0.0,0.00000001,XMR,9626402.6,0.0,0.00126877,58
1,[],17,[],2019-05-03 01:12:09,1200000.0,0.0000000001,0.00000000000000548003,7559085,2019-05-03 01:12:09,btc,1e+24,0.0,0.0000000001,"btc,eth",39516342.31952568,0.0,0.00010000000058666061,58
1,[],5,[],2019-05-31 14:42:28,0.0,0,0,7717799,2019-05-31 14:42:28,btc,0.0,0.00193113,0,btc,0.0,0.0,0.0,61
1,[],22,[],2019-05-31 14:42:31,13613.833333333334,0.00000012,0.000000000010077192,7717800,2019-05-31 14:42:31,BTC,1002.29123003,0.0,0.00000012,BTC,15014.200177125656,0.0,0.00153269,61
1,[],26,[],2019-05-31 14:42:32,0.0,0.00000050,0.0000000000419883,7717801,2019-05-31 14:42:32,btc,0.0,0.0,0.00000050,btc,0.0,0.0,0.0,61
1,[],27,[],2019-05-31 14:42:39,8450.0,0.0000002,0.00000000001679532,7717802,2019-05-31 14:42:39,btc,1.9582485601246655,0.0,0.0000002,"btc,eth",11379.41563696,0.0,0.001522,61
0,[],28,[],2019-05-31 14:43:36,0.0,0,0,7717803,2019-05-31 14:43:36,,0.0,723.0,0,,0.0,0.0,0.0,61
1,[],4,[],2019-05-31 14:43:38,799758.97723527,0.00000073,0.000000000061302918,7717804,2019-05-31 14:43:38,btc,2.8793173440926516,0.0,0.00000073,btc,889914.90150824,0.10487083,0.3980946453109847,67
0.0,[],25,[],2019-05-31 14:43:39,0.0,0,0,7717805,2019-05-31 14:43:39,,0.0,0.0,0.0,btc,0.0,0.0,0.0,67
1,[],12,[],2019-05-31 14:43:40,813747.0,0.00000005,0.00000000000419883,7717806,2019-05-31 14:43:40,btc,5.17015273110889,0.0,0.00000005,btc,776475.27272726,1.020005e-05,0.01771851,71
,[],5,[],2018-11-20 23:02:39,1.5e-07,0.00000005,0.000000000002128045,4862160,2018-11-20 23:02:39,btc,2.84511358,0.0,,btc,0.00036572,0.0,0.07381892,74
1,[],5,[],2019-05-31 14:43:42,0.0,0,0,7717807,2019-05-31 14:43:42,btc,0.0,0.07059005,0,btc,0.0,0.0,0.0,75
0,[],4,[],2019-05-25 21:33:44,0.0,0,0,7686249,2019-05-25 21:33:44,,133656.37989170782,0.0,0,,33439209.5909442,0.0,0.0,81
0,[],20,[],2019-01-25 09:30:31,0.0,0,0,6495923,2019-01-25 09:30:31,btc,0.0,0.0,0,btc,0.0,0.0,0.0,81
1,[],4,[],2019-05-31 14:43:43,36304.43883873,0.00011200,0.0000000094053792,7717808,2019-05-31 14:43:43,btc,34.69503233857798,0.0,0.00011200,btc,72349.62986808,0.51060873,0.7461897457159516,82
1,[],21,[],2019-05-31 14:43:44,61973.72022506,0.0001205099999999999964631069993,0.000000010120020066,7717809,2019-05-31 14:43:44,btc,19.43056790168393,88865.55974073,0.000120509999999999996463106999300407551345415413379669189453125,btc,109038.35071396,9.49164381,5.139974713551923,82
0,[],17,[],2019-03-25 22:42:34,0.0,0,0,7038780,2019-03-25 22:42:34,btc,0.0445064681804024,0.0,0,btc,995513.18476001,0.0,0.0,84
0.0000000001161485,[],4,[],2019-05-20 13:09:39,216715621.0206096,1.161485e-18,9.0533806701e-23,7657228,2019-05-20 13:09:39,ltc,1.6511566870244727,0.0,0.00000001,ltc,471032407.9048656,0.0,2.5171194308112273e-10,85
,[],22,[],2018-11-20 23:09:34,3408.1,0.0000001,0.0000000000041895,4862324,2018-11-20 23:09:34,BTC,0.04624735,0.0,,BTC,4990.0,0.0,0.00033081,86
1,[],22,[],2019-05-31 14:43:50,62656.0,0.00000001,0.000000000000839766,7717810,2019-05-31 14:43:50,BTC,1.45389902,0.0,0.00000001,BTC,375108.04736842104,0.0,0.00062656,87
1,[],27,[],2019-05-31 14:43:55,97310.0,0.00000006,0.000000000005038596,7717811,2019-05-31 14:43:55,btc,5.049915018036,396050.0,0.00000006,btc,37777.67341,0.5901145,0.0012191,87
,[],2,[],2018-11-20 23:10:47,0.0,0,0,4862359,2018-11-20 23:10:47,,0.0,0.0,,,0.0,0.0,0.0,88
1,[],11,[],2019-05-31 14:43:58,126321.33781829,0.0000800999999999999954224116915924014392658136785030364990234375,0.00000000672652566,7717812,2019-05-31 14:43:58,btc,167.30272542638608,398.88495228,0.0000800999999999999954224116915924014392658136785030364990234375,btc,200325.9642181,0.0,2.1020823823810657,89
0,[],2,[],2019-01-20 23:31:45,0.0,0,0,6477083,2019-01-20 23:31:45,,0.0,0.0,0,,0.0,0.0,0.0,91
1,[],12,[],2019-05-31 14:44:00,265728.88679086,0.00000031,0.000000000026032745999999998,7717813,2019-05-31 14:44:00,btc,87.69272319886801,0.0,0.00000031,btc,146641.89496614,0.000150847552,0.0121995183999928,91
1,[],22,[],2019-05-31 14:46:04,75910.55,0.0000002,0.00000000001679532,7717814,2019-05-31 14:46:04,BTC,0.495,0.0,0.0000002,"BTC,LTC",4.95,0.0,0.00165931,91
0,[],17,[],2019-05-03 01:12:26,0.0,0,0,7559096,2019-05-03 01:12:26,btc,0.0,0.0,0,btc,0.0,0.0,0.0,91
1,[],22,[],2019-04-09 20:17:52,374949.73333333334,0.00000015,0.000000000007771935,7235704,2019-04-09 20:17:52,BTC,6.87372503,0.0,0.00000015,"BTC,LTC",159980.01196797504,1.1e-05,0.80510266,95
0.0000000001306654,[],4,[],2019-05-31 14:46:05,543290765.8351129,2.7439734e-17,2.3042955662244e-21,7717815,2019-05-31 14:46:05,ltc,11.298921556712513,0.0,0.00000021,ltc,153573817.8970942,0.00247066,8.693315673103864e-10,96
0,[],12,[],2019-05-31 14:46:07,0.0,0,0,7717816,2019-05-31 14:46:07,btc,17.176470680489512,0.0,0,btc,9673349.04895105,0.0,0.0,96
0,[],17,[],2019-05-03 01:12:32,0.0,0,0,7559100,2019-05-03 01:12:32,btc,0.0,0.0,0,btc,0.0,0.0,0.0,96
1,[],4,[],2019-04-14 03:32:46,1039404.33283278,0.00000038,0.000000000019245518,7293458,2019-04-14 03:32:46,btc,4.170086055365747,0.0,0.00000038,btc,3097704.34561074,0.06260606,0.1859928211030784,99
0,[],2,[],2019-01-20 23:23:55,0.0,0,0,6476914,2019-01-20 23:23:55,,0.0,0.0,0,,0.0,0.0,0.0,100
1,[],4,[],2019-05-31 14:48:08,245702.25136132,0.00001684,0.000000001414165944,7717817,2019-05-31 14:48:08,btc,7.43567938498079,0.0,0.00001684,btc,155260.76401801,0.19134012,0.3934775556948027,100
1,[],22,[],2019-05-31 14:48:11,150000.0,0.00000002,0.000000000001679532,7717818,2019-05-31 14:48:11,BTC,24.83526409,0.0,0.00000002,BTC,11187.719,0.0,0.0017,101
1,[],4,[],2019-05-31 14:48:12,556086.64105687,0.00000167,0.000000000140240922,7717819,2019-05-31 14:48:12,btc,364.10705910966414,0.0,0.00000167,btc,615237.67624275,0.10229032,0.2012000523911926,103
1,[],12,[],2019-05-31 14:48:15,170320102.0,0.000000004,0.0000000000003359064,7717820,2019-05-31 14:48:15,btc,2404.2847764279263,0.0,0.000000004,btc,68713130.77921364,0.066570648129,0.21819222600000002,105
1,[],27,[],2019-05-31 14:48:24,231577.0,0.00000001,0.000000000000839766,7717821,2019-05-31 14:48:24,btc,0.2851764,228719.0,0.00000001,btc,359904.0,0.00228719,0.00231577,105
1,[],22,[],2019-04-21 00:17:26,21333.0,0.00000001,0.000000000000532493,7385819,2019-04-21 00:17:26,BTC,51.38182867,0.0,0.00000001,BTC,470435.0,0.0,0.00021333,107
1,[],26,[],2019-04-21 00:17:26,0.0,0.00000000,0,7385820,2019-04-21 00:17:26,btc,0.0,0.0,0.00000000,btc,0.0,0.0,0.0,107
1,[],5,[],2019-05-31 14:48:26,0.0,0,0,7717822,2019-05-31 14:48:26,btc,0.0,0.0,0,btc,0.0,0.0,0.0,112
0,[],22,[],2019-05-31 14:48:28,0.0,0,0,7717823,2019-05-31 14:48:28,,6.79500102,0.0,0,,3375892.0833333335,0.0,0.0,112
1,[],27,[],2019-05-31 14:48:35,1.0,0.00000001,0.000000000000839766,7717824,2019-05-31 14:48:35,btc,1.15032588,0.0,0.00000001,"btc,eth",1818.0,0.0,1e-08,112
1,[],4,[],2019-05-31 14:48:38,270148.88554189,0.00000084,0.000000000070540344,7717825,2019-05-31 14:48:38,btc,5.580103335948998,0.0,0.00000084,btc,638517.7574876,0.04064745,0.1660123262935057,113
1,[],5,[],2019-05-31 14:48:39,0.0,0,0,7717826,2019-05-31 14:48:39,btc,0.0,0.0,0,btc,0.0,0.0,0.0,113
1,[],17,[],2019-04-26 02:17:47,162738.278,0.00000004,0.0000000000021069000000000002,7461287,2019-04-26 02:17:47,btc,1.3331140273775473,0.0,0.00000004,btc,51796.221,0.0,0.00230953112,116
1,[],27,[],2019-05-22 05:13:01,210000.0,0.00000001,0.00000000000079145,7666372,2019-05-22 05:13:01,btc,3919.0005001478,0.0,0.00000001,btc,128660.871,0.0,0.0021,116
1,[],4,[],2019-05-21 22:31:11,138169.03963019,0.00000701,0.000000000558364025,7664793,2019-05-21 22:31:11,btc,150.95388250938234,0.0,0.00000701,btc,344631.17141974,0.07552974,0.4288357684941946,120
1,[],7,[],2019-05-21 22:31:12,3901.07750076,0.000010679999999999999389654892212320191902108490467071533203125,0.0000000008506887,7664794,2019-05-21 22:31:12,btc,231188.94669936574,0.0,0.000010679999999999999389654892212320191902108490467071533203125,btc,4133.83151364,0.0,0.0113888422364489,120
1,[],20,[],2019-04-07 18:42:29,1914137.0852,0.000000035,0.0000000000017871910000000002,7211992,2019-04-07 18:42:29,btc,32.2497668025648,25528.85,0.000000035,btc,1001975.4986,0.00089350975,0.0152723574729,125
1,[],22,[],2019-05-31 14:48:44,10000.0,0.00000001,0.000000000000839766,7717827,2019-05-31 14:48:44,BTC,0.032061,0.0,0.00000001,BTC,299316.7611111111,0.0,0.0001,126
0,[],2,[],2019-01-20 23:25:46,0.0,0,0,6476969,2019-01-20 23:25:46,,0.0,0.0,0,,0.0,0.0,0.0,131
1,[],4,[],2019-05-31 14:48:45,412215.34275115,0.00000915,0.00000000076838589,7717828,2019-05-31 14:48:45,btc,5.066282310583096,0.0,0.00000915,btc,159337.84623407,0.57906392,1.4328463925903192,131
1,[],17,[],2019-05-03 01:13:10,10000.0,0.00000001,0.000000000000548003,7559115,2019-05-03 01:13:10,btc,0.0953976503951408,0.0,0.00000001,btc,5037.62507334,0.0,0.0001,131
1,[],4,[],2019-05-31 14:50:46,4886.5200725,0.00007920,0.00000000665094672,7717829,2019-05-31 14:50:46,btc,5.031247658304318,0.0,0.00007920,btc,202.13055914,0.0,0.0068519410094118,135
1,[],3,[],2019-05-31 14:50:47,596452.22392675,0.00000001,0.000000000000839766,7717830,2019-05-31 14:50:47,btc,0.2228441524104852,1605354.79937,0.00000001,btc,1910497.4316845,0.0,0.005964522239267501,136
1,[],4,[],2019-05-31 14:50:47,2101783.02356591,0.00000184,0.000000000154516944,7717831,2019-05-31 14:50:47,btc,109.03305464242337,0.0,0.00000184,btc,527390.72969657,0.02653957,0.5055145359346341,137
1,[],12,[],2019-05-31 14:50:48,88492.46355985,0.000001740000000000000069492480346544649449924690998159348964691162109375,0.000000000146119284,7717832,2019-05-31 14:50:48,btc,57.8415705959839,0.0,0.000001740000000000000069492480346544649449924690998159348964691162109375,btc,50732.24707866,0.00032574,0.017903199999889,137
1,[],4,[],2019-05-31 14:50:49,98942.4013543,0.00001902,0.000000001597234932,7717833,2019-05-31 14:50:49,btc,8.582097025117212,0.0,0.00001902,btc,118166.68235823,0.30166818,0.8746601108587192,142
1,[],5,[],2019-05-31 14:50:51,0.0,0,0,7717834,2019-05-31 14:50:51,btc,0.0,0.04236797,0,btc,0.0,0.0,0.0,142
1,[],20,[],2019-05-31 14:52:53,209042.5229,0.000015001,0.0000000012597329766,7717835,2019-05-31 14:52:53,btc,1.6084727300573,0.0,0.000015001,btc,9872.8163,0.0,0.0187095600469,142
1,[],22,[],2019-05-31 14:52:55,11028.645,0.00001000,0.000000000839766,7717836,2019-05-31 14:52:55,BTC,3.2754788,0.0,0.00001000,BTC,1133.9993657797618,0.0,0.00745365,142
0.0,[],25,[],2019-05-31 14:52:57,0.0,0,0,7717837,2019-05-31 14:52:57,,0.0,0.0,0.0,btc,0.0,0.0,0.0,142
0,[],28,[],2019-05-31 14:53:48,0.0,0,0,7717838,2019-05-31 14:53:48,,0.0,0.0,0,,0.0,0.0,0.0,142
1,[],17,[],2019-05-03 01:13:16,32967.38636364,0.00000088,0.000000000048224264,7559122,2019-05-03 01:13:16,btc,20.06976206696776,0.0,0.00000088,btc,2746.079105,0.0,0.0105613000000032,142
0,[],22,[],2019-05-31 14:53:51,0.0,0,0,7717839,2019-05-31 14:53:51,,64.98618676,0.0,0,,787024755.3,0.0,0.0,143
0,[],22,[],2019-02-25 15:42:22,0.0,0,0,6783783,2019-02-25 15:42:22,,4.2131946,0.0,0,,2322156.0,0.0,0.0,146
,[],22,[],2018-11-20 23:01:11,0.0,0,0,4862114,2018-11-20 23:01:11,,2.56807021,0.0,,,61828.4988236,0.0,0.0,147
1,[],12,[],2019-04-21 06:38:04,193091.5971266,0.00000071,0.000000000037635183,7388679,2019-04-21 06:38:04,btc,2.301232411611175,0.0,0.00000071,btc,9957.48302385,0.00023528,0.0313308199999888,148
1,[],4,[],2019-03-19 21:31:25,255810.0415942,0.00000029,0.000000000011615747,6982695,2019-03-19 21:31:25,btc,218.94922712414143,0.0,0.00000029,btc,793529.37642722,0.00117,0.0608347789473395,152
0,[],22,[],2019-03-19 21:31:27,0.0,0,0,6982696,2019-03-19 21:31:27,,0.0,0.0,0,,0.0,0.0,0.0,152
1,[],5,[],2019-04-26 09:36:59,0.0,0,0,7465040,2019-04-26 09:36:59,btc,0.0,0.0,0,btc,0.0,0.0,0.0,153
,[],16,[],2019-01-11 15:38:59,0.0,0,0,6366141,2019-01-11 15:38:59,btc,0.0,0.0,,btc,0.0,0.0,0.0,155
0,[],23,[],2019-01-20 23:24:29,0.0,0,0,6476932,2019-01-20 23:24:29,,0.0,0.0,0,,0.0,0.0,0.0,156
0,[],22,[],2019-05-31 14:53:56,0.0,0,0,7717840,2019-05-31 14:53:56,,7.44455324,0.0,0,,5955762.942592593,0.0,0.0,156
1,[],22,[],2019-05-31 14:53:59,6996.0,0.00000001,0.000000000000839766,7717841,2019-05-31 14:53:59,BTC,1.7543039,0.0,0.00000001,BTC,57.0,0.0,6.996e-05,157
0,[],22,[],2019-05-21 23:40:32,0.0,0,0,7665049,2019-05-21 23:40:32,,50234.60468402,0.0,0,,54786159.03179465,0.0,0.0,158
,[],17,[],2018-11-20 22:56:10,0.0,0,0,4861976,2018-11-20 22:56:10,btc,1.1265625,0.0,,btc,1000.0,0.0,0.0,159
,[],20,[],2018-11-20 22:56:12,0.0,0,0,4861977,2018-11-20 22:56:12,btc,11912.7940471,0.0,,btc,34413894.3617,0.0,0.0,159
1,[],12,[],2019-05-24 02:51:20,9178.522006449999,0.00000191999999999999982841307998027158276954651228152215480804443359375,0.000000000151222656,7676256,2019-05-24 02:51:20,btc,149.80414728631675,0.0,0.00000191999999999999982841307998027158276954651228152215480804443359375,btc,1115.7451448499999,0.01783167678326,0.0120075778999181,168
1,[],17,[],2019-05-03 01:13:36,42852.0,0.00000002,0.000000000001096006,7559132,2019-05-03 01:13:36,btc,0.04279856251542,0.0,0.00000002,btc,274.46171372,0.0,0.00052852,168
1,[],22,[],2019-05-17 03:01:52,10.0,0.00000001,0.000000000000778341,7642059,2019-05-17 03:01:52,BTC,41.95893009,0.0,0.00000001,BTC,1753972.7737547632,0.0,1e-07,169
1,[],22,[],2019-05-30 08:38:18,202834.0,0.00000002,0.0000000000017416160000000001,7711049,2019-05-30 08:38:18,BTC,27.87002826,0.0,0.00000002,BTC,462189.5410507793,0.0,0.00211768,171
1,[],22,[],2019-05-29 08:05:18,349870.0,0.00000002,0.000000000001705894,7705265,2019-05-29 08:05:18,BTC,24.05907723,0.0,0.00000002,"BTC,LTC",1224285.4355616204,0.0,0.0039847,173
1,[],5,[],2019-05-31 14:54:01,0.0,0,0,7717842,2019-05-31 14:54:01,btc,0.0,0.1137672,0,btc,0.0,0.0,0.0,175
1,[],22,[],2019-05-31 14:54:04,90671.0,0.00000001,0.000000000000839766,7717843,2019-05-31 14:54:04,BTC,394.35459412,0.0,0.00000001,BTC,136275.61833431243,0.0,0.00090671,176
0,[],2,[],2019-01-20 23:28:34,0.0,0,0,6477001,2019-01-20 23:28:34,,0.0,0.0,0,,0.0,0.0,0.0,178
1,[],7,[],2019-05-31 14:54:05,0.0,0,0,7717844,2019-05-31 14:54:05,btc,522274.28208915493,0.0,0,btc,21993385.47972966,0.0,0.0,178
0,[],22,[],2019-05-31 14:54:07,0.0,0,0,7717845,2019-05-31 14:54:07,,1.00242428,0.0,0,,57512.0,0.0,0.0,178
0,[],23,[],2019-01-20 23:25:08,0.0,0,0,6476952,2019-01-20 23:25:08,,0.0,0.0,0,,0.0,0.0,0.0,179
1,[],5,[],2019-05-31 14:54:08,0.0,0,0,7717846,2019-05-31 14:54:08,btc,0.0,0.18205663,0,btc,0.0,0.0,0.0,179
0,[],22,[],2019-05-31 14:54:10,0.0,0,0,7717847,2019-05-31 14:54:10,,5.31629775,0.0,0,,13534709.311946675,0.0,0.0,179
1,[],22,[],2019-05-31 14:56:14,680128.1315646544,0.00000106,0.000000000089015196,7717848,2019-05-31 14:56:14,BTC,39.17332497,0.0,0.00000106,"BTC,LTC",133315.64422151132,0.0022384,0.57914462,180
1,[],26,[],2019-05-31 14:56:15,0.0,0.00000010,0.00000000000839766,7717849,2019-05-31 14:56:15,btc,0.0,0.0,0.00000010,btc,0.0,0.0,0.0,180
1,[],17,[],2019-05-03 01:13:56,20504.725000000002,0.0000001,0.00000000000548003,7559141,2019-05-03 01:13:56,btc,5.2010695838400265,0.0,0.0000001,btc,5033.45945,0.0,0.0011504725,180
,[],7,[],2018-11-20 22:58:01,562227.975654,0.00000085,0.000000000036176765,4862015,2018-11-20 22:58:01,btc,21836.6059674,2491.87645172,,btc,749999.041456,0.00211021,0.127565380455,183
,[],5,[],2019-01-10 08:11:41,0.0,0,0,6347036,2019-01-10 08:11:41,btc,82.15055501,0.00261,,btc,1.19002445,0.0,0.0,187
,[],17,[],2018-11-16 20:58:10,4062536.27273,0.00000001,0.000000000000550501,4708775,2018-11-16 20:58:10,btc,3.36492563466,0.195460381006,,"btc,eth",110697919.549,0.0,0.0157628953496,187
1,[],24,[],2019-05-22 21:04:52,0.0,0.000000000014,0.0000000000000010960978,7670219,2019-05-22 21:04:52,btc,0.0,0.0,0.000000000014,btc,0.0,0.0,0.0,187
0,[],22,[],2019-04-25 02:54:07,0.0,0,0,7447896,2019-04-25 02:54:07,,7.54794454,0.0,0,,76361.7243344055,0.0,0.0,191
0,[],22,[],2019-05-31 14:56:19,0.0,0,0,7717850,2019-05-31 14:56:19,,0.0,0.0,0,,0.0,0.0,0.0,197
0,[],23,[],2019-01-20 23:31:41,0.0,0,0,6477079,2019-01-20 23:31:41,,0.0,0.0,0,,0.0,0.0,0.0,199
0,[],22,[],2019-05-31 14:56:22,0.0,0,0,7717851,2019-05-31 14:56:22,,10.93271999,0.0,0,,99750037.0,0.0,0.0,199
1,[],26,[],2019-05-31 14:56:23,0.0,0.00000000,0,7717852,2019-05-31 14:56:23,btc,0.0,0.0,0.00000000,btc,0.0,0.0,0.0,199
0,[],2,[],2019-01-20 23:30:49,0.0,0,0,6477059,2019-01-20 23:30:49,,0.0,0.0,0,,0.0,0.0,0.0,201
1,[],4,[],2019-01-25 15:51:35,2084389.58565343,0.00000936,0.000000000333526752,6499557,2019-01-25 15:51:35,btc,2.0092503037378524,0.0,0.00000936,btc,160195.80207885,0.19272417,1.242687955921835,211
1,[],7,[],2019-05-31 14:56:26,1198707586.5787094,0.00000066,0.000000000055424556,7717853,2019-05-31 14:56:26,btc,15201837.898925718,359612.34843,0.00000066,btc,8086602.26080743,0.26964885,13.703878832653315,212
1,[],12,[],2019-01-25 02:44:32,207462.42853209,0.000001080000000000000035831255497387193287295303889550268650054931640625,0.000000000038610756000000006,6493050,2019-01-25 02:44:32,btc,85023.03793723314,0.0,0.000001080000000000000035831255497387193287295303889550268650054931640625,btc,43675.73520027,0.000146250909087,0.0348620860622024,213
1,[],5,[],2019-05-30 00:07:46,0.0,0,0,7709357,2019-05-30 00:07:46,btc,0.0,0.06425239,0,btc,0.0,0.0,0.0,213
1,[],24,[],2019-05-30 00:07:46,0.0,0.000000399202,0.0000000000344859829346,7709358,2019-05-30 00:07:46,btc,0.0,0.0,0.000000399202,btc,0.0,0.0,0.0,213
1,[],26,[],2019-05-30 00:07:47,0.0,0.00000040,0.000000000034554919999999996,7709359,2019-05-30 00:07:47,btc,0.0,0.0,0.00000040,btc,0.0,0.0,0.0,213
0,[],22,[],2019-05-31 14:56:29,0.0,0,0,7717854,2019-05-31 14:56:29,,9.61445386,0.0,0,,3661587.094064925,0.0,0.0,216
1,[],27,[],2019-05-31 14:56:36,196550.0,0.00000001,0.000000000000839766,7717855,2019-05-31 14:56:36,btc,75.60593967917752,1000.0,0.00000001,"btc,ltc",383835.407688,1e-05,0.0019555000000013065,216
1,[],22,[],2019-05-31 14:56:39,718959.0714285715,0.00000028,0.000000000023513448,7717856,2019-05-31 14:56:39,BTC,12056.48903718,0.0,0.00000028,BTC,531780.7643343819,0.0,0.0536533,217
1,[],7,[],2019-05-31 14:56:40,0.0,0,0,7717857,2019-05-31 14:56:40,btc,1234864.1040716618,0.0,0,btc,164001712.13147992,0.0,0.0,219
0,[],27,[],2019-05-31 14:56:46,0.0,0,0,7717858,2019-05-31 14:56:46,,261.4158310567132,435636.0,0,btc,15858076.74381025,0.00435636,0.0,219
0,[],28,[],2019-05-31 14:57:42,0.0,0,0,7717859,2019-05-31 14:57:42,,0.0,916840.763,0,,0.0,0.0,0.0,219
1,[],22,[],2019-05-23 16:41:05,172069.0,0.00000004,0.0000000000031167080000000004,7674065,2019-05-23 16:41:05,BTC,56.76466137,0.0,0.00000004,BTC,127061.6482738741,0.0,0.00393676,221
1,[],24,[],2019-05-23 16:41:05,0.0,0.000000010000,0.0000000000007791770000000001,7674066,2019-05-23 16:41:05,btc,0.0,0.0,0.000000010000,btc,0.0,0.0,0.0,221
1,[],20,[],2019-05-31 14:57:45,3873651.0,0.000000001,0.0000000000000839766,7717860,2019-05-31 14:57:45,btc,100053.66203800458,2071295.225,0.000000001,btc,47932112.8844,0.00414259045,0.003873651,224
0,[],22,[],2019-05-31 14:57:47,0.0,0,0,7717861,2019-05-31 14:57:47,,0.0,0.0,0,,0.0,0.0,0.0,224
1,[],26,[],2019-05-31 14:57:47,0.0,0.00000025,0.00000000002099415,7717862,2019-05-31 14:57:47,btc,0.0,0.0,0.00000025,btc,0.0,0.0,0.0,231
1,[],26,[],2019-05-31 14:57:47,0.0,0.00000006,0.000000000005038596,7717863,2019-05-31 14:57:47,btc,0.0,0.0,0.00000006,btc,0.0,0.0,0.0,234
0.0000000003095718,[],27,[],2019-05-31 14:57:52,100.0,3.095718e-18,2.599678721988e-22,7717864,2019-05-31 14:57:52,eth,0.01134836604,0.0,0.00000001,"btc,eth",11462.996,0.0,3.095718e-16,234
1,[],4,[],2019-05-22 17:06:12,91780.56053785,0.00000078,0.000000000061977552,7669277,2019-05-22 17:06:12,btc,5.573372450018177,0.0,0.00000078,btc,729173.93529783,0.0,0.0307060663355679,236
1,[],24,[],2019-05-22 17:06:12,0.0,0.000000010000,0.000000000000794584,7669278,2019-05-22 17:06:12,btc,0.0,0.0,0.000000010000,btc,0.0,0.0,0.0,236
1,[],5,[],2019-05-31 14:57:54,0.0,0,0,7717865,2019-05-31 14:57:54,btc,0.0,0.04988466,0,btc,0.0,0.0,0.0,237
1,[],20,[],2019-05-31 14:57:56,118319926.4566,0.000000042,0.0000000000035270172,7717866,2019-05-31 14:57:56,btc,412.7611326899159,4758350.3279,0.000000042,btc,43423597.5551,0.2032609356255,0.4020179980737,237
1,[],22,[],2019-05-31 14:58:00,288100.0,0.00000003,0.000000000002519298,7717867,2019-05-31 14:58:00,BTC,1.20267422,0.0,0.00000003,"BTC,LTC",17930.94871794872,0.0,0.007541,237
1,[],4,[],2019-05-31 14:58:04,27009413.67102595,0.00000012,0.000000000010077192,7717868,2019-05-31 14:58:04,btc,2.822714974244404,0.0,0.00000012,btc,8766506.44714853,0.1502146,0.5716915816832797,238
1,[],5,[],2019-05-31 14:58:05,0.0,0,0,7717869,2019-05-31 14:58:05,btc,0.0,0.00950385,0,btc,0.0,0.0,0.0,238
0,[],22,[],2019-03-12 16:49:32,0.0,0,0,6914458,2019-03-12 16:49:32,,0.40415746,0.0,0,,526736.5639027493,0.0,0.0,249
0,[],22,[],2019-05-28 23:53:45,0.0,0,0,7703643,2019-05-28 23:53:45,,13.44714864,0.0,0,,43777534.3426455,0.0,0.0,252
0,[],28,[],2019-05-31 14:58:46,0.0,0,0,7717870,2019-05-31 14:58:46,,0.0,395261.63905767,0,,0.0,0.0,0.0,256
1,[],22,[],2019-05-31 14:58:50,1038461.0,0.00000001,0.000000000000839766,7717871,2019-05-31 14:58:50,BTC,31464.5506333,0.0,0.00000001,BTC,584951.6675322719,7.05e-06,0.01038461,258
1,[],22,[],2019-05-19 18:12:02,400.0,0.00000001,0.0000000000007957800000000001,7653905,2019-05-19 18:12:02,BTC,2.415167,0.0,0.00000001,BTC,157.0,0.0,4e-06,259
1,[],5,[],2019-05-31 14:58:52,0.0,0,0,7717872,2019-05-31 14:58:52,btc,0.0,0.0571388,0,btc,0.0,0.0,0.0,264
1,[],20,[],2019-05-31 14:58:53,955358.9382,0.000000153,0.0000000000128484198,7717873,2019-05-31 14:58:53,btc,0.9761378127969,67630.1221,0.000000153,btc,51736.5911,0.03786089448,0.0075237773946,264
0,[],22,[],2019-04-12 17:57:27,0.0,0,0,7278186,2019-04-12 17:57:27,,66.37522201,0.0,0,,677842.4169881374,0.0,0.0,271
0,[],22,[],2019-05-29 08:10:20,0.0,0,0,7705301,2019-05-29 08:10:20,,33050470.74998113,0.0,0,,14361377780.7,0.0,0.0,272
0,[],28,[],2019-05-29 08:10:54,0.0,0,0,7705302,2019-05-29 08:10:54,,0.0,22189957216.5758,0,,0.0,0.0,0.0,272
1,[],22,[],2019-05-23 07:12:29,219930.0,0.00000004,0.000000000003048688,7671985,2019-05-23 07:12:29,BTC,426.77835217,0.0,0.00000004,BTC,248664.3325962929,0.0,0.00739728,281
1,[],22,[],2019-05-31 14:58:57,441261.43333333335,0.00000004,0.000000000003359064,7717874,2019-05-31 14:58:57,BTC,31.673019,0.0,0.00000004,"BTC,LTC",1514907.6569583754,0.00135611,0.01777939,286
0,[],22,[],2019-05-31 14:59:01,0.0,0,0,7717875,2019-05-31 14:59:01,,7337904.96568486,0.0,0,,2004620112.6797826,0.0,0.0,294
