pairValue,buyBook,exchangeId,sellBook,updated,buyTotal,satoshiPrice,usdPrice,exchangeLogId,created,bestPair,sellTotalBtc,volume,pairPrice,activePairs,sellTotal,volumeBtc,buyTotalBtc,coinId
1,[],3,[],2019-06-01 05:27:28,31.683336318554,0.01110006000000000013494538819713852717541158199310302734375,0.0000009480405845160001,7721400,2019-06-01 05:27:28,btc,0.14678948740153383,43.1523657165,0.01110006000000000013494538819713852717541158199310302734375,btc,12.372469331548,0.0,0.2359333685151873,1
1,[],4,[],2019-06-01 05:27:29,207690.04815006,0.01085219,0.0000009268703548340001,7721401,2019-06-01 05:27:29,btc,7.651386562474924,0.0,0.01085219,btc,302.41209934,1.27355737,0.612195629383792,1
1,[],5,[],2019-06-01 05:27:30,0.0,0,0,7721402,2019-06-01 05:27:30,btc,0.0,0.00542019,0,btc,0.0,0.0,0.0,1
1,[],10,[],2019-06-01 05:27:33,312491.62573574,0.0068211,0.0000005825806014600001,7721403,2019-06-01 05:27:33,btc,6520.1326558087285,1470.872616,0.0068211,btc,1206.40391511,0.0,2.385837932778499,1
1,[],12,[],2019-06-01 05:27:35,74.08561905,0.0108800000000000007815970093361102044582366943359375,0.0000009292455680000002,7721404,2019-06-01 05:27:35,btc,0.1677412401141,0.0,0.0108800000000000007815970093361102044582366943359375,btc,14.5679108,0.01614827094,0.2777883208156,1
1,[],20,[],2019-06-01 05:27:37,934.1413,0.00920886,0.0000007865158401960001,7721405,2019-06-01 05:27:37,btc,0.2238080820174,0.0,0.00920886,btc,17.3543,0.0,0.0996090442871,1
1,[],21,[],2019-06-01 05:27:38,1911.32496472,0.01083910000000000081743500857,0.0000009257523562600001,7721406,2019-06-01 05:27:38,btc,9.93815580275562,2171.39908939,0.0108391000000000008174350085710102575831115245819091796875,"btc,eth",1274.34127192,21.585387192668808,16.918250741329402,1
1,[],22,[],2019-06-01 05:27:42,0.0025666666666666667,0.00900000,0.0000007686774,7721407,2019-06-01 05:27:42,BTC,0.31629903,0.0,0.00900000,BTC,0.2505752479991019,0.0,2.31e-05,1
1,[],24,[],2019-06-01 05:27:42,0.0,0.000000000000,0,7721408,2019-06-01 05:27:42,btc,0.0,0.0,0.000000000000,btc,0.0,0.0,0.0,1
0.0,[],25,[],2019-06-01 05:27:43,0.0,0,0,7721409,2019-06-01 05:27:43,btc,41.714999998391356,2541.89092094,0.0,btc,3704.04786074,28.055,0.0,1
1,[],26,[],2019-06-01 05:27:45,0.0,0,0,7721410,2019-06-01 05:27:45,,0.0,0.0,0,,0.0,0.0,0.0,1
0,[],28,[],2019-06-01 05:28:44,0.0,0,0,7721411,2019-06-01 05:28:44,,0.0,347558.55,0,,0.0,0.0,0.0,1
0,[],2,[],2019-01-20 23:28:45,0.0,0,0,6477011,2019-01-20 23:28:45,,0.0,0.0,0,,0.0,0.0,0.0,1
1,[],5,[],2019-06-01 05:28:45,0.0,0,0,7721412,2019-06-01 05:28:45,btc,0.0,0.00204234,0,btc,0.0,0.0,0.0,2
1,[],22,[],2019-06-01 05:28:48,11638.0,0.0000002,0.000000000017081720000000002,7721413,2019-06-01 05:28:48,BTC,21.00897301,0.0,0.0000002,"BTC,XMR",20678.87287795317,0.0,0.00145435,2
1,[],5,[],2019-06-01 05:28:50,0.0,0,0,7721414,2019-06-01 05:28:50,btc,0.0,0.1855973,0,btc,0.0,0.0,0.0,3
1,[],12,[],2019-06-01 05:28:51,1018157.74126,0.000000117,0.0000000000099928062,7721415,2019-06-01 05:28:51,btc,169517.41768499074,0.0,0.000000117,btc,2568309.89978469,0.136689400084,0.06795432225252,3
0,[],28,[],2019-06-01 05:28:52,0.0,0,0,7721416,2019-06-01 05:28:52,,0.0,0.0,0,,0.0,0.0,0.0,3
0,[],2,[],2019-01-20 23:31:32,0.0,0,0,6477077,2019-01-20 23:31:32,,0.0,0.0,0,,0.0,0.0,0.0,4
1,[],4,[],2019-05-18 21:29:50,562734.9206932,0.00000010,0.000000000007298720000000001,7650946,2019-05-18 21:29:50,btc,41.9347137769675,0.0,0.00000010,btc,1123702.32192634,0.00052462,0.029254593370966,4
0,[],12,[],2019-06-01 02:33:31,0.0,0,0,7720840,2019-06-01 02:33:31,btc,625.901992874995,0.0,0,btc,1211362.4995005,0.0,0.0,5
0,[],2,[],2019-01-20 23:31:51,0.0,0,0,6477087,2019-01-20 23:31:51,,0.0,0.0,0,,0.0,0.0,0.0,6
1,[],11,[],2019-06-01 05:28:55,9060347.776736,0.00000002,0.0000000000017081720000000001,7721417,2019-06-01 05:28:55,btc,9582.921616042946,3292184.0,0.00000002,btc,68494596.46260394,0.0,0.13675210276736,6
1,[],3,[],2019-06-01 05:28:56,11366.20960978846,0.000088889999999999997661037642870951458462513983249664306640625,0.000000007591970454,7721418,2019-06-01 05:28:56,btc,0.04907116350256029,176.533509258,0.000088889999999999997661037642870951458462513983249664306640625,btc,173.178246764518,0.0,0.021011253972415614,7
1,[],4,[],2019-06-01 05:28:56,318708.26913511,0.00009155,0.00000000781915733,7721419,2019-06-01 05:28:56,btc,9.70954971904572,0.0,0.00009155,btc,58093.90355331,1.76105486,1.7527476615933901,7
1,[],5,[],2019-06-01 05:28:58,0.0,0,0,7721420,2019-06-01 05:28:58,btc,0.0,0.31488647,0,btc,0.0,0.0,0.0,7
1,[],20,[],2019-04-07 22:06:50,3201475.0482,0.000000001,0.000000000000051590000000000004,7213932,2019-04-07 22:06:50,btc,30.8005781811902,0.0,0.000000001,btc,23077405.3926,0.0,0.0032014750482,8
0,[],2,[],2019-01-20 23:22:42,0.0,0,0,6476876,2019-01-20 23:22:42,,0.0,0.0,0,,0.0,0.0,0.0,9
0,[],23,[],2019-01-20 23:22:48,0.0,0,0,6476878,2019-01-20 23:22:48,,0.0,0.0,0,,0.0,0.0,0.0,9
1,[],1,[],2019-02-17 23:31:42,1822507.21,0.00000181000000000000003456111265232042484285557293333113193511962890625,0.000000000066086901,6701244,2019-02-17 23:31:42,btc,3.6990969245,17153386.5,0.00000181000000000000003456111265232042484285557293333113193511962890625,btc,1997391.71,31.11772986,3.2610482446,9
1,[],4,[],2019-06-01 05:29:00,22396662.55260033,0.00000047,0.000000000040142042000000006,7721421,2019-06-01 05:29:00,btc,3.2533776490051998,0.0,0.00000047,btc,3135401.27401978,0.41249257,0.4192947122240821,9
0,[],28,[],2019-06-01 05:29:51,0.0,0,0,7721422,2019-06-01 05:29:51,,0.0,3670274.0,0,,0.0,0.0,0.0,9
1,[],4,[],2019-02-17 11:22:43,4341674.27126056,0.00000002,0.0000000000007272960000000001,6696112,2019-02-17 11:22:43,btc,0.1997230937751353,0.0,0.00000002,btc,4109766.79808031,0.00215132,0.0479381022052112,10
0,[],2,[],2019-01-20 23:23:08,0.0,0,0,6476890,2019-01-20 23:23:08,,0.0,0.0,0,,0.0,0.0,0.0,12
1,[],4,[],2019-06-01 05:29:52,6818281.22477598,0.00000044,0.000000000037579784000000006,7721423,2019-06-01 05:29:52,btc,4.654539386946181,0.0,0.00000044,btc,4853307.89550505,0.91516368,0.9114628910212799,12
1,[],5,[],2019-06-01 05:29:53,0.0,0,0,7721424,2019-06-01 05:29:53,btc,0.0,0.24384605,0,btc,0.0,0.0,0.0,12
0.0,[],25,[],2019-06-01 05:29:54,0.0,0,0,7721425,2019-06-01 05:29:54,,0.0,0.0,0.0,btc,0.0,0.0,0.0,12
1,[],4,[],2019-06-01 05:29:56,333027.76882281,0.00000558,0.0000000004765799880000001,7721426,2019-06-01 05:29:56,btc,1.7184552648704547,0.0,0.00000558,btc,222775.58507818,0.38066545,0.4637294709615155,13
1,[],10,[],2019-06-01 05:29:59,653039.63773273,0.0000055,0.0000000004697473,7721427,2019-06-01 05:29:59,btc,666803.2863978244,27150.8216447,0.0000055,btc,869655.77860509,0.0,0.242092620178178,13
1,[],21,[],2019-06-01 05:30:00,1977668.36952327,0.000005679999999999999827672569896,0.000000000485120848,7721428,2019-06-01 05:30:00,btc,2.6620882539828887,676484.5017864,0.000005679999999999999827672569896463983241119422018527984619140625,btc,412784.07731023,3.81012454,7.918797400129858,13
1,[],4,[],2019-06-01 05:30:01,1191937.80430534,0.00000076,0.00000000006491053600000001,7721429,2019-06-01 05:30:01,btc,4.306087464947075,0.0,0.00000076,btc,835342.61788806,0.02196721,0.2954678854020879,14
1,[],12,[],2019-06-01 05:30:01,135075.41814833,0.00000073,0.00000000006234827800000001,7721430,2019-06-01 05:30:01,btc,14.134152356273267,0.0,0.00000073,btc,21650.79261605,0.0,0.0151933299999683,14
1,[],26,[],2019-06-01 05:32:02,0.0,0.00000050,0.000000000042704300000000006,7721431,2019-06-01 05:32:02,btc,0.0,0.0,0.00000050,btc,0.0,0.0,0.0,14
0,[],17,[],2019-05-03 00:53:32,0.0,0,0,7558876,2019-05-03 00:53:32,btc,0.0,0.0,0,btc,0.0,0.0,0.0,14
,[],12,[],2018-12-01 15:15:48,204241.84496,0.00000489,0.000000000202473384,5260204,2018-12-01 15:15:48,btc,49.5475654835,0.0,,btc,35763.2193806,0.0163153972027625,0.0203389899998,15
0,[],4,[],2019-06-01 05:32:03,0.0,0,0,7721432,2019-06-01 05:32:03,,0.0,0.0,0,,0.0,0.0,0.0,15
0,[],2,[],2019-01-20 23:23:38,0.0,0,0,6476906,2019-01-20 23:23:38,,0.0,0.0,0,,0.0,0.0,0.0,18
1,[],4,[],2019-06-01 05:32:03,34427.9802532,0.00001106,0.000000000944619116,7721433,2019-06-01 05:32:03,btc,0.9928779922343643,0.0,0.00001106,btc,12869.15203637,0.04598433,0.0809166168489359,18
1,[],10,[],2019-06-01 05:32:06,498070.59274069,0.00001247,0.000000001065045242,7721434,2019-06-01 05:32:06,btc,15.338664379221825,2418.78957612,0.00001247,btc,13130.48058351,0.0,0.152348291578421,18
1,[],12,[],2019-06-01 05:32:07,3289.88425097,0.000012310000000000000724086589298789107260745367966592311859130859375,0.0000000010513798660000002,7721435,2019-06-01 05:32:07,btc,0.400770545688434,0.0,0.000012310000000000000724086589298789107260745367966592311859130859375,btc,1455.9362923,1.64875e-06,0.0134530741774928,18
0,[],17,[],2019-05-03 00:53:39,0.0,0,0,7558882,2019-05-03 00:53:39,btc,0.0,0.0,0,btc,0.0,0.0,0.0,18
0,[],2,[],2019-01-20 23:24:19,0.0,0,0,6476924,2019-01-20 23:24:19,,0.0,0.0,0,,0.0,0.0,0.0,19
1,[],3,[],2019-06-01 05:34:08,149874.05092021904,0.000005120000000000000107123511450257780097672366537153720855712890625,0.00000000043729203200000003,7721436,2019-06-01 05:34:08,btc,0.21365249616560467,3787.61204435,0.000005120000000000000107123511450257780097672366537153720855712890625,btc,5131.336809201002,0.0,0.053735086439619405,19
1,[],4,[],2019-06-01 05:34:08,525626.59493859,0.00000818,0.000000000698642348,7721437,2019-06-01 05:34:08,btc,3.8942067138419887,0.0,0.00000818,btc,165188.57970398,0.10488912,0.5056223724164295,19
1,[],5,[],2019-06-01 05:34:10,0.0,0,0,7721438,2019-06-01 05:34:10,btc,0.0,0.00098835,0,btc,0.0,0.0,0.0,19
1,[],12,[],2019-06-01 05:34:11,15055.28888633,0.000007109999999999999688846986922730053493069135583937168121337890625,0.0000000006072551460000001,7721439,2019-06-01 05:34:11,btc,0.0584346712017365,0.0,0.000007109999999999999688846986922730053493069135583937168121337890625,btc,1678.6074729700001,0.000964805194,0.0268446999996088,19
0,[],27,[],2019-06-01 05:34:18,0.0,0,0,7721440,2019-06-01 05:34:18,,0.0,0.0,0,btc,0.0,0.0,0.0,19
1,[],4,[],2019-06-01 05:34:19,10062076.88478525,0.00000007,0.000000000005978602000000001,7721441,2019-06-01 05:34:19,btc,6.411239436602338,0.0,0.00000007,btc,2322306.93095912,0.0,0.1174938176872809,20
1,[],4,[],2019-06-01 05:34:19,8601456.648,0.00000001,0.0000000000008540860000000001,7721442,2019-06-01 05:34:19,btc,1789.442650913071,0.0,0.00000001,btc,71772444.02851576,0.15618032,0.08601456648,21
1,[],12,[],2019-06-01 05:34:21,2225192.0,0.00000001,0.0000000000008540860000000001,7721443,2019-06-01 05:34:21,btc,2566.6125287053546,0.0,0.00000001,btc,5033244.76723275,0.000104027481,0.02225192,21
0,[],17,[],2019-05-03 00:53:51,0.0,0,0,7558891,2019-05-03 00:53:51,btc,0.0,0.0,0,btc,0.0,0.0,0.0,21
1,[],12,[],2019-06-01 05:36:22,5192101282.0,0.0000000003,0.00000000000002562258,7721444,2019-06-01 05:36:22,btc,709129801.6064147,0.0,0.0000000003,btc,3283513450.9906526,0.21053198943,1.1878671035,23
0.000000000315385,[],27,[],2019-06-01 05:36:29,65314509.5379447,9.461549999999999e-18,8.0809773933e-22,7721445,2019-06-01 05:36:29,eth,105172.8075477728,54446862.48209598,0.00000003,eth,19979447.028,5.151517103099499e-10,3.8666722834063726e-10,23
1,[],4,[],2019-06-01 05:36:30,1916559.41358881,0.00000027,0.000000000023060322,7721446,2019-06-01 05:36:30,btc,10.62584400964341,0.0,0.00000027,btc,1713889.23538978,0.05856331,0.0778025656208241,24
1,[],22,[],2019-06-01 05:36:33,21.76,0.00000100,0.00000000008540860000000001,7721447,2019-06-01 05:36:33,BTC,7.415e-05,0.0,0.00000100,BTC,23.919354838709676,0.0,1.186e-05,24
0.0,[],25,[],2019-06-01 05:36:35,0.0,0,0,7721448,2019-06-01 05:36:35,,0.0,0.0,0.0,btc,0.0,0.0,0.0,24
0,[],2,[],2019-01-20 23:25:56,0.0,0,0,6476976,2019-01-20 23:25:56,,0.0,0.0,0,,0.0,0.0,0.0,26
1,[],4,[],2019-06-01 05:36:36,26944134.74460564,0.00000484,0.00000000041337762400000005,7721449,2019-06-01 05:36:36,btc,13.556876056910765,0.0,0.00000484,btc,244191.89475099,0.09144813,0.4860247923151556,26
1,[],10,[],2019-06-01 05:36:38,150655.24411091,0.00000422,0.00000000036042429200000006,7721450,2019-06-01 05:36:38,btc,25.58706340525382,5735.04874265,0.00000422,btc,23615.73261762,0.0,0.0358210810213725,26
1,[],5,[],2019-04-26 09:47:06,0.0,0,0,7465326,2019-04-26 09:47:06,btc,0.0,0.0,0,btc,0.0,0.0,0.0,27
1,[],3,[],2019-06-01 05:36:39,21781345.685043,0.00000001,0.0000000000008540860000000001,7721451,2019-06-01 05:36:39,btc,3.764266340933782,10337563.6857,0.00000001,btc,26149454.45909521,0.0,0.21781345685043,27
1,[],11,[],2019-06-01 05:36:41,2110243.08157834,0.00000002,0.0000000000017081720000000001,7721452,2019-06-01 05:36:41,btc,67503.04527066177,19676.5543251,0.00000002,btc,6588861.32608848,0.0,0.0211134458157834,27
1,[],4,[],2019-06-01 05:36:42,1075967013.860508,0.00000001,0.0000000000008540860000000001,7721453,2019-06-01 05:36:42,btc,4.871888813850441,0.0,0.00000001,"btc,ltc",291846126.6744404,0.03472157,7.465070015256851,29
1,[],7,[],2019-06-01 05:36:43,85451021.33155985,0.00000001,0.0000000000008540860000000001,7721454,2019-06-01 05:36:43,btc,46548272.13040727,95984.0758483,0.00000001,btc,35158643.03997804,0.00095984,0.8545102133155985,29
0,[],17,[],2019-05-03 01:11:25,0.0,0,0,7559066,2019-05-03 01:11:25,btc,0.0,0.0,0,btc,0.0,0.0,0.0,30
1,[],4,[],2019-06-01 05:36:44,15256875.78730119,0.00000007,0.000000000005978602000000001,7721455,2019-06-01 05:36:44,btc,2.598792341939883,0.0,0.00000007,btc,2103132.23973194,0.0,0.1695993014565784,30
1,[],4,[],2019-06-01 05:38:44,110320.2593873,0.00004315,0.0000000036853810900000005,7721456,2019-06-01 05:38:44,btc,3.3018538798832697,0.0,0.00004315,btc,44753.86519635,0.51443255,0.7022774184865527,31
1,[],21,[],2019-06-01 05:38:46,167175.42128183998,0.00004600000000000000003599551213,0.0000000039287956,7721457,2019-06-01 05:38:46,btc,6.708238007062375,160067.0771401,0.0000460000000000000000359955121265187472090474329888820648193359375,btc,133766.9539371,7.11906462,6.1551619059186775,31
0,[],2,[],2019-01-20 23:28:43,0.0,0,0,6477009,2019-01-20 23:28:43,,0.0,0.0,0,,0.0,0.0,0.0,32
1,[],12,[],2019-03-30 07:55:10,40641173.964,0.00000003,0.000000000001228359,7108785,2019-03-30 07:55:10,btc,4233210.82356125,0.0,0.00000003,btc,28378394.68333462,0.0126927883965248,0.90752895892,33
0,[],4,[],2019-06-01 05:38:47,0.0,0,0,7721458,2019-06-01 05:38:47,,0.0,0.0,0,,0.0,0.0,0.0,33
0.0000000001341643,[],4,[],2019-06-01 05:38:49,509790226.4487445,3.3541075e-17,2.8646962582450003e-21,7721459,2019-06-01 05:38:49,ltc,3.6059298382063196,0.0,0.00000025,ltc,154167426.81013116,0.00124777,2.088600269691158e-09,34
1,[],5,[],2019-06-01 05:38:50,0.0,0,0,7721460,2019-06-01 05:38:50,btc,0.0,2e-05,0,btc,0.0,0.0,0.0,34
0.0000000002926451,[],17,[],2019-05-02 18:17:47,200000.0,2.9264510000000002e-18,1.596703856561e-22,7556430,2019-05-02 18:17:47,eth,0.20942468735267253,0.0,0.00000001,"btc,eth",1018272.20243647,0.0,5.852902e-13,36
0.0000000001311821,[],4,[],2019-05-31 13:28:19,2417517744.0607657,1.311821e-18,1.105058333085e-22,7717483,2019-05-31 13:28:19,ltc,5.019900492391546e-08,0.0,0.00000001,ltc,7102398142.262129,0.0,3.171350544531538e-09,36
1,[],5,[],2019-05-31 13:28:21,0.0,0,0,7717484,2019-05-31 13:28:21,btc,0.0,0.0,0,btc,0.0,0.0,0.0,36
0.0000000003108179,[],27,[],2019-05-31 13:30:34,10388811.226876,6.216358000000001e-18,5.236566733830001e-22,7717485,2019-05-31 13:30:34,eth,1569.8708019850988,761866.634299,0.00000002,"ltc,eth",5084024.2511555,4.736034912207001e-12,3.3251980286483705e-11,36
1,[],4,[],2019-06-01 05:09:31,9867894.37880113,0.00000015,0.000000000012850995,7721310,2019-06-01 05:09:31,btc,19772.52127122685,0.0,0.00000015,btc,734058.76933135,0.00108946,0.1203417714913695,37
1,[],12,[],2019-06-01 05:09:32,3608565.84028571,0.00000018,0.000000000015421194,7721311,2019-06-01 05:09:32,btc,12.423280340547459,0.0,0.00000018,btc,1003007.98981849,0.018964159254,0.1638602612514278,37
1,[],27,[],2019-06-01 05:11:37,6137.0,0.00000016,0.000000000013707728,7721312,2019-06-01 05:11:37,btc,24.12337022903233,50.0,0.00000016,btc,5792.49438508,8e-06,0.00075592,37
1,[],17,[],2019-05-03 01:11:36,211752.74075282,0.00000025,0.000000000013700074999999998,7559074,2019-05-03 01:11:36,btc,0.055484923955058496,0.0,0.00000025,"btc,eth",1387.19918473,0.0,0.0005381851887916605,37
1,[],5,[],2019-06-01 05:38:51,0.0,0,0,7721461,2019-06-01 05:38:51,btc,0.0,0.00054067,0,btc,0.0,0.0,0.0,42
1,[],12,[],2019-06-01 05:38:52,124336.40059012,0.0000009,0.00000000007686774,7721462,2019-06-01 05:38:52,btc,24.790324177626605,0.0,0.0000009,btc,72391.88087489,0.002986581288,0.0408049099999466,42
1,[],27,[],2019-06-01 05:38:59,506.0,0.00000002,0.0000000000017081720000000001,7721463,2019-06-01 05:38:59,btc,0.07600425,0.0,0.00000002,"btc,eth",18.0,0.0,6.000000331343481e-06,42
1,[],12,[],2019-03-13 09:13:29,1112112.0,0.00000001,0.000000000000386531,6919902,2019-03-13 09:13:29,btc,29058.00478931866,0.0,0.00000001,btc,5967681.93306694,9.99000999e-07,0.01112112,43
1,[],5,[],2019-04-26 22:38:52,0.0,0,0,7474154,2019-04-26 22:38:52,btc,0.0,0.02638891,0,btc,0.0,0.0,0.0,43
0,[],17,[],2019-04-26 22:38:53,0.0,0,0,7474155,2019-04-26 22:38:53,btc,0.0,0.0,0,btc,0.0,0.0,0.0,43
1,[],12,[],2019-03-05 01:54:08,639326.02,0.00000004,0.000000000001486676,6845775,2019-03-05 01:54:08,btc,11116042.728239931,0.0,0.00000004,btc,1103841.4595604,0.0003330765234764,0.014975410599999999,44
1,[],4,[],2019-06-01 05:39:00,111291137.46287183,0.00000001,0.0000000000008540860000000001,7721464,2019-06-01 05:39:00,btc,303169.60575944994,0.0,0.00000001,"btc,ltc",28272947.90928054,0.00188169,0.034959470169456316,49
0.0000000001341643,[],4,[],2019-06-01 05:39:01,130920994.80448578,3.4882718e-17,2.9792841085748003e-21,7721465,2019-06-01 05:39:01,ltc,22049.959233048623,0.0,0.00000026,ltc,159330127.355901,0.0,1.32105391740607e-09,52
0,[],22,[],2019-06-01 05:39:04,0.0,0,0,7721466,2019-06-01 05:39:04,,10289.55991011,0.0,0,,308568058.4566013,0.0,0.0,57
1,[],27,[],2019-06-01 05:39:09,2297.0,0.0000003,0.00000000002562258,7721467,2019-06-01 05:39:09,btc,0.0,0.0,0.0000003,"btc,eth",0.0,0.0,0.0003891,57
0.0000000001085565,[],22,[],2019-06-01 05:14:01,126877.0,1.085565e-18,9.30039359145e-23,7721322,2019-06-01 05:14:01,XMR,68.17454206,0.0,0.00000001,XMR,9626402.6,0.0,0.00126877,58
1,[],17,[],2019-05-03 01:12:09,1200000.0,0.0000000001,0.00000000000000548003,7559085,2019-05-03 01:12:09,btc,1e+24,0.0,0.0000000001,"btc,eth",39516342.31952568,0.0,0.00010000000058666061,58
0.0000000001341643,[],4,[],2019-06-01 05:39:10,3423118777.8051414,1.341643e-18,1.145878503298e-22,7721468,2019-06-01 05:39:10,ltc,19.341013981605,0.0,0.00000001,ltc,5852232846.057803,0.0,4.592603346410824e-09,58
1,[],12,[],2019-06-01 05:39:12,647135676.0,0.0000000001,0.00000000000000854086,7721469,2019-06-01 05:39:12,btc,2233541.137969228,0.0,0.0000000001,btc,3371365530.2387176,0.002135352294,0.06471356760000001,58
1,[],5,[],2019-06-01 05:14:02,0.0,0,0,7721323,2019-06-01 05:14:02,btc,0.0,0.01150379,0,btc,0.0,0.0,0.0,61
1,[],22,[],2019-06-01 05:14:06,13613.833333333334,0.00000012,0.000000000010280796,7721324,2019-06-01 05:14:06,BTC,1002.29123003,0.0,0.00000012,BTC,15014.200177125656,0.0,0.00153269,61
1,[],26,[],2019-06-01 05:14:06,0.0,0.00000050,0.00000000004283665,7721325,2019-06-01 05:14:06,btc,0.0,0.0,0.00000050,btc,0.0,0.0,0.0,61
1,[],27,[],2019-06-01 05:14:15,8450.0,0.0000002,0.000000000017134660000000002,7721326,2019-06-01 05:14:15,btc,1.9582485601246655,0.0,0.0000002,"btc,eth",11379.41563696,0.0,0.001522,61
0,[],28,[],2019-06-01 05:14:17,0.0,0,0,7721327,2019-06-01 05:14:17,,0.0,718.0,0,,0.0,0.0,0.0,61
1,[],4,[],2019-06-01 05:14:18,822701.38853284,0.00000074,0.000000000063398242,7721328,2019-06-01 05:14:18,btc,2.9472698391048757,0.0,0.00000074,btc,913759.80486674,0.08720449,0.4140095414853147,67
0.0,[],25,[],2019-06-01 05:14:19,0.0,0,0,7721329,2019-06-01 05:14:19,,0.0,0.0,0.0,btc,0.0,0.0,0.0,67
1,[],12,[],2019-06-01 05:14:21,786616.0,0.00000006,0.000000000005140398,7721330,2019-06-01 05:14:21,btc,5.169976105524473,0.0,0.00000006,btc,775726.19280716,0.001283255804,0.01664106,71
,[],5,[],2018-11-20 23:02:39,1.5e-07,0.00000005,0.000000000002128045,4862160,2018-11-20 23:02:39,btc,2.84511358,0.0,,btc,0.00036572,0.0,0.07381892,74
1,[],5,[],2019-06-01 05:14:22,0.0,0,0,7721331,2019-06-01 05:14:22,btc,0.0,0.15402806,0,btc,0.0,0.0,0.0,75
0,[],4,[],2019-05-25 21:33:44,0.0,0,0,7686249,2019-05-25 21:33:44,,133656.37989170782,0.0,0,,33439209.5909442,0.0,0.0,81
0,[],20,[],2019-01-25 09:30:31,0.0,0,0,6495923,2019-01-25 09:30:31,btc,0.0,0.0,0,btc,0.0,0.0,0.0,81
1,[],4,[],2019-06-01 05:14:23,36127.36712091,0.00011016,0.000000009437770728,7721332,2019-06-01 05:14:23,btc,55.52838401903385,0.0,0.00011016,btc,120167.13599194,0.18023888,0.7361564317767543,82
1,[],21,[],2019-06-01 05:14:24,84614.89750403,0.0001107699999999999982379372820,0.000000009490031441,7721333,2019-06-01 05:14:24,btc,16.670083798400274,66269.33319748,0.0001107699999999999982379372820417984257801435887813568115234375,btc,101038.45743764,7.29282108,6.5687642087597835,82
0,[],17,[],2019-03-25 22:42:34,0.0,0,0,7038780,2019-03-25 22:42:34,btc,0.0445064681804024,0.0,0,btc,995513.18476001,0.0,0.0,84
0.0000000001161485,[],4,[],2019-05-20 13:09:39,216715621.0206096,1.161485e-18,9.0533806701e-23,7657228,2019-05-20 13:09:39,ltc,1.6511566870244727,0.0,0.00000001,ltc,471032407.9048656,0.0,2.5171194308112273e-10,85
,[],22,[],2018-11-20 23:09:34,3408.1,0.0000001,0.0000000000041895,4862324,2018-11-20 23:09:34,BTC,0.04624735,0.0,,BTC,4990.0,0.0,0.00033081,86
1,[],22,[],2019-06-01 05:14:28,62656.0,0.00000001,0.000000000000856733,7721334,2019-06-01 05:14:28,BTC,1.45392802,0.0,0.00000001,BTC,376558.04736842104,0.0,0.00062656,87
1,[],27,[],2019-06-01 05:14:32,97382.0,0.00000007,0.000000000005997131,7721335,2019-06-01 05:14:32,btc,5.052574818036,390442.0,0.00000007,btc,45323.67341,0.0390442,0.00122414,87
,[],2,[],2018-11-20 23:10:47,0.0,0,0,4862359,2018-11-20 23:10:47,,0.0,0.0,,,0.0,0.0,0.0,88
1,[],11,[],2019-06-01 05:14:35,125747.33904141,0.000080000000000000006544244313122504763668985106050968170166015625,0.000000006853864000000001,7721336,2019-06-01 05:14:35,btc,167.3564717426656,980.42360458,0.000080000000000000006544244313122504763668985106050968170166015625,btc,200733.56421810001,0.0,2.0554690310338413,89
0,[],2,[],2019-01-20 23:31:45,0.0,0,0,6477083,2019-01-20 23:31:45,,0.0,0.0,0,,0.0,0.0,0.0,91
1,[],12,[],2019-06-01 05:14:36,265934.87658168,0.00000032,0.000000000027415456,7721337,2019-06-01 05:14:36,btc,87.69376369561945,0.0,0.00000032,btc,147085.49496614,2.447552e-06,0.0122617583999927,91
1,[],22,[],2019-06-01 05:16:40,75910.55,0.0000002,0.000000000017134660000000002,7721338,2019-06-01 05:16:40,BTC,0.497,0.0,0.0000002,"BTC,LTC",6.95,0.0,0.00165931,91
0,[],17,[],2019-05-03 01:12:26,0.0,0,0,7559096,2019-05-03 01:12:26,btc,0.0,0.0,0,btc,0.0,0.0,0.0,91
1,[],22,[],2019-04-09 20:17:52,374949.73333333334,0.00000015,0.000000000007771935,7235704,2019-04-09 20:17:52,BTC,6.87372503,0.0,0.00000015,"BTC,LTC",159980.01196797504,1.1e-05,0.80510266,95
0.00000000013414260000000002,[],4,[],2019-06-01 05:16:41,543290765.8351129,2.8169946e-17,2.4134122346418e-21,7721339,2019-06-01 05:16:41,ltc,11.298829670333424,0.0,0.00000021,ltc,153722510.5490942,0.00247066,8.924657690642683e-10,96
0,[],12,[],2019-06-01 05:16:42,0.0,0,0,7721340,2019-06-01 05:16:42,btc,17.17668368048951,0.0,0,btc,9673424.04895105,0.0,0.0,96
0,[],17,[],2019-05-03 01:12:32,0.0,0,0,7559100,2019-05-03 01:12:32,btc,0.0,0.0,0,btc,0.0,0.0,0.0,96
1,[],4,[],2019-04-14 03:32:46,1039404.33283278,0.00000038,0.000000000019245518,7293458,2019-04-14 03:32:46,btc,4.170086055365747,0.0,0.00000038,btc,3097704.34561074,0.06260606,0.1859928211030784,99
0,[],2,[],2019-01-20 23:23:55,0.0,0,0,6476914,2019-01-20 23:23:55,,0.0,0.0,0,,0.0,0.0,0.0,100
1,[],4,[],2019-06-01 05:18:43,244260.30706918,0.00001701,0.000000001457302833,7721341,2019-06-01 05:18:43,btc,7.571510935780151,0.0,0.00001701,btc,162526.34590667,0.07142376,0.3712440832782539,100
1,[],22,[],2019-06-01 05:18:46,150000.0,0.00000002,0.000000000001713466,7721342,2019-06-01 05:18:46,BTC,24.83526409,0.0,0.00000002,BTC,11187.719,0.0,0.0017,101
1,[],4,[],2019-06-01 05:18:46,552731.8656743,0.00000176,0.000000000150785008,7721343,2019-06-01 05:18:46,btc,343.1129051327425,0.0,0.00000176,btc,552817.35779576,0.07690156,0.2015279857087446,103
1,[],12,[],2019-06-01 05:18:49,173556290.0,0.000000004,0.0000000000003426932,7721344,2019-06-01 05:18:49,btc,2404.377389729285,0.0,0.000000004,btc,69912050.05094191,0.012385065992,0.228235831,105
0,[],27,[],2019-06-01 05:18:55,0.0,0,0,7721345,2019-06-01 05:18:55,,0.34418209,295623.0,0,btc,2515427.0,0.00295623,0.0,105
1,[],22,[],2019-04-21 00:17:26,21333.0,0.00000001,0.000000000000532493,7385819,2019-04-21 00:17:26,BTC,51.38182867,0.0,0.00000001,BTC,470435.0,0.0,0.00021333,107
1,[],26,[],2019-04-21 00:17:26,0.0,0.00000000,0,7385820,2019-04-21 00:17:26,btc,0.0,0.0,0.00000000,btc,0.0,0.0,0.0,107
1,[],5,[],2019-06-01 05:18:57,0.0,0,0,7721346,2019-06-01 05:18:57,btc,0.0,0.0,0,btc,0.0,0.0,0.0,112
0,[],22,[],2019-06-01 05:18:59,0.0,0,0,7721347,2019-06-01 05:18:59,,6.79500102,0.0,0,,3375892.0833333335,0.0,0.0,112
1,[],27,[],2019-06-01 05:19:06,1.0,0.00000001,0.000000000000856733,7721348,2019-06-01 05:19:06,btc,1.15032588,0.0,0.00000001,"btc,eth",1818.0,0.0,1e-08,112
1,[],4,[],2019-06-01 05:19:06,257317.56915636,0.00000090,0.00000000007710597,7721349,2019-06-01 05:19:06,btc,5.563295915781821,0.0,0.00000090,btc,617500.71787821,0.03445967,0.1558236802674822,113
1,[],5,[],2019-06-01 05:19:08,0.0,0,0,7721350,2019-06-01 05:19:08,btc,0.0,0.0,0,btc,0.0,0.0,0.0,113
1,[],17,[],2019-04-26 02:17:47,162738.278,0.00000004,0.0000000000021069000000000002,7461287,2019-04-26 02:17:47,btc,1.3331140273775473,0.0,0.00000004,btc,51796.221,0.0,0.00230953112,116
1,[],27,[],2019-05-22 05:13:01,210000.0,0.00000001,0.00000000000079145,7666372,2019-05-22 05:13:01,btc,3919.0005001478,0.0,0.00000001,btc,128660.871,0.0,0.0021,116
1,[],4,[],2019-05-21 22:31:11,138169.03963019,0.00000701,0.000000000558364025,7664793,2019-05-21 22:31:11,btc,150.95388250938234,0.0,0.00000701,btc,344631.17141974,0.07552974,0.4288357684941946,120
1,[],7,[],2019-05-21 22:31:12,3901.07750076,0.000010679999999999999389654892212320191902108490467071533203125,0.0000000008506887,7664794,2019-05-21 22:31:12,btc,231188.94669936574,0.0,0.000010679999999999999389654892212320191902108490467071533203125,btc,4133.83151364,0.0,0.0113888422364489,120
1,[],20,[],2019-04-07 18:42:29,1914137.0852,0.000000035,0.0000000000017871910000000002,7211992,2019-04-07 18:42:29,btc,32.2497668025648,25528.85,0.000000035,btc,1001975.4986,0.00089350975,0.0152723574729,125
1,[],22,[],2019-06-01 05:19:11,10000.0,0.00000001,0.000000000000856733,7721351,2019-06-01 05:19:11,BTC,0.032061,0.0,0.00000001,BTC,299316.7611111111,0.0,0.0001,126
1,[],4,[],2019-06-01 05:19:12,431555.79027831,0.00000972,0.000000000832744476,7721352,2019-06-01 05:19:12,btc,5.09629634338495,0.0,0.00000972,btc,161326.4938509,0.89910128,1.583920107666879,131
0,[],2,[],2019-01-20 23:25:46,0.0,0,0,6476969,2019-01-20 23:25:46,,0.0,0.0,0,,0.0,0.0,0.0,131
1,[],17,[],2019-05-03 01:13:10,10000.0,0.00000001,0.000000000000548003,7559115,2019-05-03 01:13:10,btc,0.0953976503951408,0.0,0.00000001,btc,5037.62507334,0.0,0.0001,131
1,[],4,[],2019-06-01 05:21:13,4874.49403005,0.00007920,0.00000000678532536,7721353,2019-06-01 05:21:13,btc,5.031018176761072,0.0,0.00007920,btc,202.13055914,0.0,0.0067519410093501,135
1,[],3,[],2019-06-01 05:21:14,565457.22392675,0.00000001,0.000000000000856733,7721354,2019-06-01 05:21:14,btc,0.22220144339720768,1636349.79937,0.00000001,btc,1905502.43168451,0.0,0.0056545722392675,136
1,[],4,[],2019-06-01 05:21:15,2100875.85976437,0.00000183,0.000000000156782139,7721355,2019-06-01 05:21:15,btc,109.11010072245293,0.0,0.00000183,btc,529783.27529595,0.03345131,0.4897824398326344,137
1,[],12,[],2019-06-01 05:21:16,88485.46141297,0.000001740000000000000069492480346544649449924690998159348964691162109375,0.000000000149071542,7721356,2019-06-01 05:21:16,btc,57.84157695430793,0.0,0.000001740000000000000069492480346544649449924690998159348964691162109375,btc,50821.8164856,0.0004236,0.0178849399999241,137
1,[],4,[],2019-06-01 05:21:17,101794.62480271,0.00001804,0.000000001545546332,7721357,2019-06-01 05:21:17,btc,8.57634190624254,0.0,0.00001804,btc,117843.0503406,0.2901916,0.9205375482509435,142
1,[],5,[],2019-06-01 05:21:21,0.0,0,0,7721358,2019-06-01 05:21:21,btc,0.0,0.03631654,0,btc,0.0,0.0,0.0,142
1,[],20,[],2019-06-01 05:23:23,209047.5862,0.000015001,0.0000000012851851733,7721359,2019-06-01 05:23:23,btc,1.6084709689553,0.0,0.000015001,btc,9872.8163,0.0,0.0187395600994,142
1,[],22,[],2019-06-01 05:23:26,11028.645,0.00001000,0.000000000856733,7721360,2019-06-01 05:23:26,BTC,3.2754788,0.0,0.00001000,BTC,1133.9993657797618,0.0,0.00745365,142
0.0,[],25,[],2019-06-01 05:23:27,0.0,0,0,7721361,2019-06-01 05:23:27,,0.0,0.0,0.0,btc,0.0,0.0,0.0,142
0,[],28,[],2019-06-01 05:23:29,0.0,0,0,7721362,2019-06-01 05:23:29,,0.0,0.0,0,,0.0,0.0,0.0,142
1,[],17,[],2019-05-03 01:13:16,32967.38636364,0.00000088,0.000000000048224264,7559122,2019-05-03 01:13:16,btc,20.06976206696776,0.0,0.00000088,btc,2746.079105,0.0,0.0105613000000032,142
0,[],22,[],2019-06-01 05:23:31,0.0,0,0,7721363,2019-06-01 05:23:31,,64.98618676,0.0,0,,787024755.3,0.0,0.0,143
0,[],22,[],2019-02-25 15:42:22,0.0,0,0,6783783,2019-02-25 15:42:22,,4.2131946,0.0,0,,2322156.0,0.0,0.0,146
,[],22,[],2018-11-20 23:01:11,0.0,0,0,4862114,2018-11-20 23:01:11,,2.56807021,0.0,,,61828.4988236,0.0,0.0,147
1,[],12,[],2019-04-21 06:38:04,193091.5971266,0.00000071,0.000000000037635183,7388679,2019-04-21 06:38:04,btc,2.301232411611175,0.0,0.00000071,btc,9957.48302385,0.00023528,0.0313308199999888,148
1,[],4,[],2019-03-19 21:31:25,255810.0415942,0.00000029,0.000000000011615747,6982695,2019-03-19 21:31:25,btc,218.94922712414143,0.0,0.00000029,btc,793529.37642722,0.00117,0.0608347789473395,152
0,[],22,[],2019-03-19 21:31:27,0.0,0,0,6982696,2019-03-19 21:31:27,,0.0,0.0,0,,0.0,0.0,0.0,152
1,[],5,[],2019-04-26 09:36:59,0.0,0,0,7465040,2019-04-26 09:36:59,btc,0.0,0.0,0,btc,0.0,0.0,0.0,153
,[],16,[],2019-01-11 15:38:59,0.0,0,0,6366141,2019-01-11 15:38:59,btc,0.0,0.0,,btc,0.0,0.0,0.0,155
0,[],23,[],2019-01-20 23:24:29,0.0,0,0,6476932,2019-01-20 23:24:29,,0.0,0.0,0,,0.0,0.0,0.0,156
0,[],22,[],2019-06-01 05:23:34,0.0,0,0,7721364,2019-06-01 05:23:34,,7.44455324,0.0,0,,5955762.942592593,0.0,0.0,156
1,[],22,[],2019-06-01 05:23:37,6996.0,0.00000001,0.000000000000856733,7721365,2019-06-01 05:23:37,BTC,1.7543039,0.0,0.00000001,BTC,57.0,0.0,6.996e-05,157
0,[],22,[],2019-05-21 23:40:32,0.0,0,0,7665049,2019-05-21 23:40:32,,50234.60468402,0.0,0,,54786159.03179465,0.0,0.0,158
,[],17,[],2018-11-20 22:56:10,0.0,0,0,4861976,2018-11-20 22:56:10,btc,1.1265625,0.0,,btc,1000.0,0.0,0.0,159
,[],20,[],2018-11-20 22:56:12,0.0,0,0,4861977,2018-11-20 22:56:12,btc,11912.7940471,0.0,,btc,34413894.3617,0.0,0.0,159
1,[],12,[],2019-05-24 02:51:20,9178.522006449999,0.00000191999999999999982841307998027158276954651228152215480804443359375,0.000000000151222656,7676256,2019-05-24 02:51:20,btc,149.80414728631675,0.0,0.00000191999999999999982841307998027158276954651228152215480804443359375,btc,1115.7451448499999,0.01783167678326,0.0120075778999181,168
1,[],17,[],2019-05-03 01:13:36,42852.0,0.00000002,0.000000000001096006,7559132,2019-05-03 01:13:36,btc,0.04279856251542,0.0,0.00000002,btc,274.46171372,0.0,0.00052852,168
1,[],22,[],2019-05-17 03:01:52,10.0,0.00000001,0.000000000000778341,7642059,2019-05-17 03:01:52,BTC,41.95893009,0.0,0.00000001,BTC,1753972.7737547632,0.0,1e-07,169
1,[],22,[],2019-05-30 08:38:18,202834.0,0.00000002,0.0000000000017416160000000001,7711049,2019-05-30 08:38:18,BTC,27.87002826,0.0,0.00000002,BTC,462189.5410507793,0.0,0.00211768,171
1,[],22,[],2019-05-29 08:05:18,349870.0,0.00000002,0.000000000001705894,7705265,2019-05-29 08:05:18,BTC,24.05907723,0.0,0.00000002,"BTC,LTC",1224285.4355616204,0.0,0.0039847,173
1,[],5,[],2019-06-01 05:23:38,0.0,0,0,7721366,2019-06-01 05:23:38,btc,0.0,0.04458673,0,btc,0.0,0.0,0.0,175
1,[],22,[],2019-06-01 05:23:41,90671.0,0.00000001,0.000000000000856733,7721367,2019-06-01 05:23:41,BTC,394.35459412,0.0,0.00000001,BTC,136275.61833431243,0.0,0.00090671,176
1,[],7,[],2019-06-01 05:23:42,0.0,0,0,7721368,2019-06-01 05:23:42,btc,522274.28208915493,0.0,0,btc,21993385.47972966,0.0,0.0,178
0,[],22,[],2019-06-01 05:23:44,0.0,0,0,7721369,2019-06-01 05:23:44,,1.00242428,0.0,0,,57512.0,0.0,0.0,178
0,[],2,[],2019-01-20 23:28:34,0.0,0,0,6477001,2019-01-20 23:28:34,,0.0,0.0,0,,0.0,0.0,0.0,178
0,[],23,[],2019-01-20 23:25:08,0.0,0,0,6476952,2019-01-20 23:25:08,,0.0,0.0,0,,0.0,0.0,0.0,179
1,[],5,[],2019-06-01 05:23:45,0.0,0,0,7721370,2019-06-01 05:23:45,btc,0.0,0.0,0,btc,0.0,0.0,0.0,179
0,[],22,[],2019-06-01 05:23:47,0.0,0,0,7721371,2019-06-01 05:23:47,,5.31746724,0.0,0,,13645739.811946675,0.0,0.0,179
1,[],22,[],2019-06-01 05:25:51,683244.1315646544,0.00000108,0.00000000009252716400000001,7721372,2019-06-01 05:25:51,BTC,39.18230804,0.0,0.00000108,"BTC,LTC",139450.22486667262,0.00241466,0.58283106,180
1,[],26,[],2019-06-01 05:25:51,0.0,0.00000010,0.000000000008567330000000001,7721373,2019-06-01 05:25:51,btc,0.0,0.0,0.00000010,btc,0.0,0.0,0.0,180
1,[],17,[],2019-05-03 01:13:56,20504.725000000002,0.0000001,0.00000000000548003,7559141,2019-05-03 01:13:56,btc,5.2010695838400265,0.0,0.0000001,btc,5033.45945,0.0,0.0011504725,180
,[],7,[],2018-11-20 22:58:01,562227.975654,0.00000085,0.000000000036176765,4862015,2018-11-20 22:58:01,btc,21836.6059674,2491.87645172,,btc,749999.041456,0.00211021,0.127565380455,183
,[],5,[],2019-01-10 08:11:41,0.0,0,0,6347036,2019-01-10 08:11:41,btc,82.15055501,0.00261,,btc,1.19002445,0.0,0.0,187
,[],17,[],2018-11-16 20:58:10,4062536.27273,0.00000001,0.000000000000550501,4708775,2018-11-16 20:58:10,btc,3.36492563466,0.195460381006,,"btc,eth",110697919.549,0.0,0.0157628953496,187
1,[],24,[],2019-05-22 21:04:52,0.0,0.000000000014,0.0000000000000010960978,7670219,2019-05-22 21:04:52,btc,0.0,0.0,0.000000000014,btc,0.0,0.0,0.0,187
0,[],22,[],2019-04-25 02:54:07,0.0,0,0,7447896,2019-04-25 02:54:07,,7.54794454,0.0,0,,76361.7243344055,0.0,0.0,191
0,[],22,[],2019-06-01 05:25:55,0.0,0,0,7721374,2019-06-01 05:25:55,,0.0,0.0,0,,0.0,0.0,0.0,197
0,[],23,[],2019-01-20 23:31:41,0.0,0,0,6477079,2019-01-20 23:31:41,,0.0,0.0,0,,0.0,0.0,0.0,199
0,[],22,[],2019-06-01 05:25:58,0.0,0,0,7721375,2019-06-01 05:25:58,,10.93271999,0.0,0,,99750037.0,0.0,0.0,199
1,[],26,[],2019-06-01 05:25:58,0.0,0.00000000,0,7721376,2019-06-01 05:25:58,btc,0.0,0.0,0.00000000,btc,0.0,0.0,0.0,199
0,[],2,[],2019-01-20 23:30:49,0.0,0,0,6477059,2019-01-20 23:30:49,,0.0,0.0,0,,0.0,0.0,0.0,201
1,[],4,[],2019-01-25 15:51:35,2084389.58565343,0.00000936,0.000000000333526752,6499557,2019-01-25 15:51:35,btc,2.0092503037378524,0.0,0.00000936,btc,160195.80207885,0.19272417,1.242687955921835,211
1,[],7,[],2019-06-01 05:26:01,1173088517.2596827,0.00000058,0.000000000049690514,7721377,2019-06-01 05:26:01,btc,15201836.720104588,583160.426777,0.00000058,btc,7138988.19707538,0.0,12.609085803614857,212
1,[],12,[],2019-01-25 02:44:32,207462.42853209,0.000001080000000000000035831255497387193287295303889550268650054931640625,0.000000000038610756000000006,6493050,2019-01-25 02:44:32,btc,85023.03793723314,0.0,0.000001080000000000000035831255497387193287295303889550268650054931640625,btc,43675.73520027,0.000146250909087,0.0348620860622024,213
1,[],5,[],2019-05-30 00:07:46,0.0,0,0,7709357,2019-05-30 00:07:46,btc,0.0,0.06425239,0,btc,0.0,0.0,0.0,213
1,[],24,[],2019-05-30 00:07:46,0.0,0.000000399202,0.0000000000344859829346,7709358,2019-05-30 00:07:46,btc,0.0,0.0,0.000000399202,btc,0.0,0.0,0.0,213
1,[],26,[],2019-05-30 00:07:47,0.0,0.00000040,0.000000000034554919999999996,7709359,2019-05-30 00:07:47,btc,0.0,0.0,0.00000040,btc,0.0,0.0,0.0,213
0,[],22,[],2019-06-01 05:26:04,0.0,0,0,7721378,2019-06-01 05:26:04,,9.61445386,0.0,0,,3661587.094064925,0.0,0.0,216
1,[],27,[],2019-06-01 05:26:14,196550.0,0.00000001,0.000000000000856733,7721379,2019-06-01 05:26:14,btc,76.41793967917752,1000.0,0.00000001,"btc,ltc",385335.407688,1e-05,0.0019555000000013416,216
1,[],22,[],2019-06-01 05:26:17,714117.0,0.00000027,0.000000000023131791000000002,7721380,2019-06-01 05:26:17,BTC,12056.4770237,0.0,0.00000027,BTC,514539.20562763204,0.01001124,0.0526036,217
1,[],7,[],2019-06-01 05:26:19,0.0,0,0,7721381,2019-06-01 05:26:19,btc,1234864.1040716618,0.0,0,btc,164001712.13147992,0.0,0.0,219
0,[],27,[],2019-06-01 05:26:27,0.0,0,0,7721382,2019-06-01 05:26:27,,261.41644782671324,425794.0,0,btc,15857918.74381025,0.00425794,0.0,219
0,[],28,[],2019-06-01 05:26:29,0.0,0,0,7721383,2019-06-01 05:26:29,,0.0,14877.0,0,,0.0,0.0,0.0,219
1,[],22,[],2019-05-23 16:41:05,172069.0,0.00000004,0.0000000000031167080000000004,7674065,2019-05-23 16:41:05,BTC,56.76466137,0.0,0.00000004,BTC,127061.6482738741,0.0,0.00393676,221
1,[],24,[],2019-05-23 16:41:05,0.0,0.000000010000,0.0000000000007791770000000001,7674066,2019-05-23 16:41:05,btc,0.0,0.0,0.000000010000,btc,0.0,0.0,0.0,221
1,[],20,[],2019-06-01 05:26:31,4435424.0,0.000000001,0.0000000000000856733,7721384,2019-06-01 05:26:31,btc,100053.66196066502,0.0,0.000000001,btc,47962871.9249,0.0,0.004435424,224
0,[],22,[],2019-06-01 05:26:34,0.0,0,0,7721385,2019-06-01 05:26:34,,0.0,0.0,0,,0.0,0.0,0.0,224
1,[],26,[],2019-06-01 05:26:34,0.0,0.00000025,0.000000000021418325,7721386,2019-06-01 05:26:34,btc,0.0,0.0,0.00000025,btc,0.0,0.0,0.0,231
1,[],26,[],2019-06-01 05:26:34,0.0,0.00000006,0.000000000005140398,7721387,2019-06-01 05:26:34,btc,0.0,0.0,0.00000006,btc,0.0,0.0,0.0,234
0.0000000003160878,[],27,[],2019-06-01 05:26:41,100.0,3.1608780000000002e-18,2.7080284915740004e-22,7721388,2019-06-01 05:26:41,eth,0.01134836604,0.0,0.00000001,"btc,eth",11462.996,0.0,3.1608780000000003e-16,234
1,[],4,[],2019-05-22 17:06:12,91780.56053785,0.00000078,0.000000000061977552,7669277,2019-05-22 17:06:12,btc,5.573372450018177,0.0,0.00000078,btc,729173.93529783,0.0,0.0307060663355679,236
1,[],24,[],2019-05-22 17:06:12,0.0,0.000000010000,0.000000000000794584,7669278,2019-05-22 17:06:12,btc,0.0,0.0,0.000000010000,btc,0.0,0.0,0.0,236
1,[],5,[],2019-06-01 05:26:43,0.0,0,0,7721389,2019-06-01 05:26:43,btc,0.0,0.17439416,0,btc,0.0,0.0,0.0,237
1,[],20,[],2019-06-01 05:26:45,119430671.4238,0.000000041,0.0000000000035126053,7721390,2019-06-01 05:26:45,btc,412.7378995604427,6165503.4266,0.000000041,btc,42924911.6632,0.2602010165451,0.4356178543631,237
1,[],22,[],2019-06-01 05:26:49,288100.0,0.00000003,0.000000000002570199,7721391,2019-06-01 05:26:49,BTC,1.20267422,0.0,0.00000003,"BTC,LTC",17930.94871794872,0.0,0.007541,237
1,[],4,[],2019-06-01 05:26:49,26925759.7960462,0.00000012,0.000000000010280796,7721392,2019-06-01 05:26:49,btc,2.892289103621347,0.0,0.00000012,btc,9366224.70693858,0.12326348,0.5529838675109598,238
1,[],5,[],2019-06-01 05:26:50,0.0,0,0,7721393,2019-06-01 05:26:50,btc,0.0,0.01826224,0,btc,0.0,0.0,0.0,238
0,[],22,[],2019-03-12 16:49:32,0.0,0,0,6914458,2019-03-12 16:49:32,,0.40415746,0.0,0,,526736.5639027493,0.0,0.0,249
0,[],22,[],2019-05-28 23:53:45,0.0,0,0,7703643,2019-05-28 23:53:45,,13.44714864,0.0,0,,43777534.3426455,0.0,0.0,252
0,[],28,[],2019-06-01 05:26:52,0.0,0,0,7721394,2019-06-01 05:26:52,,0.0,432904.239,0,,0.0,0.0,0.0,256
1,[],22,[],2019-06-01 05:26:56,1023211.0,0.00000001,0.000000000000856733,7721395,2019-06-01 05:26:56,BTC,31464.5506333,0.0,0.00000001,BTC,584951.6675322719,0.0001525,0.01023211,258
1,[],22,[],2019-05-19 18:12:02,400.0,0.00000001,0.0000000000007957800000000001,7653905,2019-05-19 18:12:02,BTC,2.415167,0.0,0.00000001,BTC,157.0,0.0,4e-06,259
1,[],5,[],2019-06-01 05:26:58,0.0,0,0,7721396,2019-06-01 05:26:58,btc,0.0,0.09335696,0,btc,0.0,0.0,0.0,264
1,[],20,[],2019-06-01 05:26:59,972519.7386,0.000000254,0.0000000000217610182,7721397,2019-06-01 05:26:59,btc,0.9761378127969,92491.1221,0.000000254,btc,51736.5911,0.05228027448,0.0122719592036,264
0,[],22,[],2019-04-12 17:57:27,0.0,0,0,7278186,2019-04-12 17:57:27,,66.37522201,0.0,0,,677842.4169881374,0.0,0.0,271
0,[],22,[],2019-05-29 08:10:20,0.0,0,0,7705301,2019-05-29 08:10:20,,33050470.74998113,0.0,0,,14361377780.7,0.0,0.0,272
0,[],28,[],2019-05-29 08:10:54,0.0,0,0,7705302,2019-05-29 08:10:54,,0.0,22189957216.5758,0,,0.0,0.0,0.0,272
1,[],22,[],2019-05-23 07:12:29,219930.0,0.00000004,0.000000000003048688,7671985,2019-05-23 07:12:29,BTC,426.77835217,0.0,0.00000004,BTC,248664.3325962929,0.0,0.00739728,281
1,[],22,[],2019-06-01 05:27:03,379782.43333333335,0.00000004,0.000000000003426932,7721398,2019-06-01 05:27:03,BTC,31.67331945,0.0,0.00000004,"BTC,LTC",1520489.4569583754,0.00040059,0.01593497,286
0,[],22,[],2019-06-01 05:27:06,0.0,0,0,7721399,2019-06-01 05:27:06,,7337904.96568486,0.0,0,,2004620112.6797826,0.0,0.0,294
