pairValue,buyBook,exchangeId,sellBook,updated,buyTotal,satoshiPrice,usdPrice,exchangeLogId,created,bestPair,sellTotalBtc,volume,pairPrice,activePairs,sellTotal,volumeBtc,buyTotalBtc,coinId
1,[],3,[],2019-06-04 22:41:42,31464.6330584853,0.010652399999999999369304504170941072516143321990966796875,0.0000008144239158,7738892,2019-06-04 22:41:42,btc,33.756609055534916,41.3935185778,0.010652399999999999369304504170941072516143321990966796875,btc,21.933487959188,0.0,0.23134493082799873,1
1,[],4,[],2019-06-04 22:41:42,207673.04825428,0.01068490,0.00000081690868705,7738893,2019-06-04 22:41:42,btc,7.977301658058083,0.0,0.01068490,btc,336.13322244,0.72539681,0.5580336654482962,1
1,[],5,[],2019-06-04 22:41:45,0.0,0,0,7738894,2019-06-04 22:41:45,btc,0.0,0.05060957,0,btc,0.0,0.0,0.0,1
1,[],10,[],2019-06-04 22:41:47,130484.65461115,0.00623,0.000000476311535,7738895,2019-06-04 22:41:47,btc,6518.611664002581,1632.55784706,0.00623,btc,1245.40373428,0.0,2.2488505196142743,1
1,[],12,[],2019-06-04 22:41:50,78.63108014,0.01077999999999999965194508178001342457719147205352783203125,0.00000082417951,7738896,2019-06-04 22:41:50,btc,0.153516606585,0.0,0.01077999999999999965194508178001342457719147205352783203125,btc,13.3307732,0.255269757265,0.326655190889,1
1,[],20,[],2019-06-04 22:41:53,936.3261,0.00920001,0.000000703382164545,7738897,2019-06-04 22:41:53,btc,0.2216121673914,0.2835,0.00920001,btc,17.1727,0.0026122578014,0.1216797120765,1
1,[],21,[],2019-06-04 22:41:53,2125.12694451,0.01080050999999999927769778196,0.000000825747591795,7738898,2019-06-04 22:41:53,btc,10.415386907061887,5180.87112968,0.01080050999999999927769778196307015605270862579345703125,"btc,eth",1389.27014647,53.03445226598998,18.598828327058705,1
1,[],22,[],2019-06-04 22:41:57,0.0025666666666666667,0.00900000,0.0000006880905,7738899,2019-06-04 22:41:57,BTC,0.31629903,0.0,0.00900000,BTC,0.2505752479991019,0.0,2.31e-05,1
1,[],24,[],2019-06-04 22:41:58,0.0,0.000000000000,0,7738900,2019-06-04 22:41:58,btc,0.0,0.0,0.000000000000,btc,0.0,0.0,0.0,1
0.0,[],25,[],2019-06-04 22:44:15,0.0,0,0,7738901,2019-06-04 22:44:15,btc,12.299999999687536,0.0,0.0,btc,1116.34370947,0.0,0.0,1
1,[],26,[],2019-06-04 22:44:18,0.0,0,0,7738902,2019-06-04 22:44:18,,0.0,0.0,0,,0.0,0.0,0.0,1
0,[],28,[],2019-06-04 22:44:18,0.0,0,0,7738903,2019-06-04 22:44:18,,0.0,0.0,0,,0.0,0.0,0.0,1
0,[],2,[],2019-01-20 23:28:45,0.0,0,0,6477011,2019-01-20 23:28:45,,0.0,0.0,0,,0.0,0.0,0.0,1
1,[],5,[],2019-06-04 22:44:22,0.0,0,0,7738904,2019-06-04 22:44:22,btc,0.0,0.02377554,0,btc,0.0,0.0,0.0,2
0,[],22,[],2019-06-04 22:44:24,0.0,0,0,7738905,2019-06-04 22:44:24,,0.0,0.0,0,,0.0,0.0,0.0,2
1,[],5,[],2019-06-03 14:48:58,0.0,0,0,7731126,2019-06-03 14:48:58,btc,0.0,0.05905545,0,btc,0.0,0.0,0.0,3
1,[],12,[],2019-06-03 14:48:59,3468623.70302,0.000000116,0.000000000009823402000000002,7731127,2019-06-03 14:48:59,btc,169531.0336573751,0.0,0.000000116,btc,2361209.62379607,0.041350953071,0.33764769154428,3
0,[],28,[],2019-06-03 14:49:00,0.0,0,0,7731128,2019-06-03 14:49:00,,0.0,0.0,0,,0.0,0.0,0.0,3
0,[],2,[],2019-01-20 23:31:32,0.0,0,0,6477077,2019-01-20 23:31:32,,0.0,0.0,0,,0.0,0.0,0.0,4
1,[],4,[],2019-05-18 21:29:50,562734.9206932,0.00000010,0.000000000007298720000000001,7650946,2019-05-18 21:29:50,btc,41.9347137769675,0.0,0.00000010,btc,1123702.32192634,0.00052462,0.029254593370966,4
0,[],12,[],2019-06-02 05:03:43,0.0,0,0,7724919,2019-06-02 05:03:43,btc,625.901992874995,0.0,0,btc,1211362.4995005,0.0,0.0,5
1,[],11,[],2019-06-04 22:44:26,9019170.276736,0.00000002,0.0000000000015290900000000001,7738906,2019-06-04 22:44:26,btc,9582.834946672145,1860540.0,0.00000002,btc,67491862.19260395,0.0,0.13592855276736002,6
0,[],2,[],2019-01-20 23:31:51,0.0,0,0,6477087,2019-01-20 23:31:51,,0.0,0.0,0,,0.0,0.0,0.0,6
1,[],3,[],2019-06-04 22:44:27,11262.295257376374,0.000089110000000000005719071050069857164999120868742465972900390625,0.000000006812860495000001,7738907,2019-06-04 22:44:27,btc,0.1251920795528623,379.641756169,0.000089110000000000005719071050069857164999120868742465972900390625,btc,282.933788788405,0.0,0.01726874880765315,7
1,[],4,[],2019-06-04 22:44:28,323105.21526785,0.00008001,0.000000006117124545,7738908,2019-06-04 22:44:28,btc,8.417397717332024,0.0,0.00008001,btc,59246.80996033,1.70028337,2.00521635156847,7
1,[],5,[],2019-06-04 22:44:30,0.0,0,0,7738909,2019-06-04 22:44:30,btc,0.0,0.05618138,0,btc,0.0,0.0,0.0,7
1,[],20,[],2019-04-07 22:06:50,3201475.0482,0.000000001,0.000000000000051590000000000004,7213932,2019-04-07 22:06:50,btc,30.8005781811902,0.0,0.000000001,btc,23077405.3926,0.0,0.0032014750482,8
1,[],4,[],2019-06-04 22:44:32,2421233.79221565,0.00000047,0.000000000035933615,7738910,2019-06-04 22:44:32,btc,3.238983286063325,0.0,0.00000047,btc,3235054.36196714,0.1922155,0.4535384167833731,9
0,[],28,[],2019-06-04 22:44:32,0.0,0,0,7738911,2019-06-04 22:44:32,,0.0,0.0,0,,0.0,0.0,0.0,9
0,[],2,[],2019-01-20 23:22:42,0.0,0,0,6476876,2019-01-20 23:22:42,,0.0,0.0,0,,0.0,0.0,0.0,9
0,[],23,[],2019-01-20 23:22:48,0.0,0,0,6476878,2019-01-20 23:22:48,,0.0,0.0,0,,0.0,0.0,0.0,9
1,[],1,[],2019-02-17 23:31:42,1822507.21,0.00000181000000000000003456111265232042484285557293333113193511962890625,0.000000000066086901,6701244,2019-02-17 23:31:42,btc,3.6990969245,17153386.5,0.00000181000000000000003456111265232042484285557293333113193511962890625,btc,1997391.71,31.11772986,3.2610482446,9
1,[],4,[],2019-02-17 11:22:43,4341674.27126056,0.00000002,0.0000000000007272960000000001,6696112,2019-02-17 11:22:43,btc,0.1997230937751353,0.0,0.00000002,btc,4109766.79808031,0.00215132,0.0479381022052112,10
1,[],4,[],2019-06-04 22:44:33,10312465.27726632,0.00000043,0.000000000032875435,7738912,2019-06-04 22:44:33,btc,4.5877233248659035,0.0,0.00000043,btc,4743089.67830606,2.13809555,2.0069065683914324,12
1,[],5,[],2019-06-04 22:44:35,0.0,0,0,7738913,2019-06-04 22:44:35,btc,0.0,0.30649106,0,btc,0.0,0.0,0.0,12
0.0,[],25,[],2019-06-04 22:46:54,0.0,0,0,7738914,2019-06-04 22:46:54,,0.0,0.0,0.0,btc,0.0,0.0,0.0,12
0,[],2,[],2019-01-20 23:23:08,0.0,0,0,6476890,2019-01-20 23:23:08,,0.0,0.0,0,,0.0,0.0,0.0,12
1,[],4,[],2019-06-04 22:46:54,476141.12593595,0.00000534,0.00000000040826703,7738915,2019-06-04 22:46:54,btc,2.01394284335074,0.0,0.00000534,btc,276827.26739558,0.60175574,0.4595497387759639,13
1,[],21,[],2019-06-04 22:46:59,1408737.44603989,0.000005399999999999999967398040673,0.0000000004128543,7738916,2019-06-04 22:46:59,btc,5.144641245366237,1933278.2406285,0.0000053999999999999999673980406733608816693958942778408527374267578125,btc,822610.4288052099,10.33212528,5.030294095098146,13
1,[],10,[],2019-06-04 22:08:11,340975.97485061,0.00000524,0.000000000395578604,7738770,2019-06-04 22:08:11,btc,666803.239726751,6870.20786895,0.00000524,btc,872496.50221079,0.0,0.1976820580518598,13
1,[],4,[],2019-06-04 22:47:00,866101.82038447,0.00000077,0.000000000058869965,7738917,2019-06-04 22:47:00,btc,4.281613895832484,0.0,0.00000077,btc,808653.13041755,0.00420655,0.0581150754275076,14
1,[],12,[],2019-06-04 22:47:00,135366.34403143,0.00000073,0.000000000055811785,7738918,2019-06-04 22:47:00,btc,14.14314311616415,0.0,0.00000073,btc,31965.57755951,0.0,0.0151233299999683,14
1,[],26,[],2019-06-04 22:49:01,0.0,0.00000050,0.00000000003822725,7738919,2019-06-04 22:49:01,btc,0.0,0.0,0.00000050,btc,0.0,0.0,0.0,14
0,[],17,[],2019-05-03 00:53:32,0.0,0,0,7558876,2019-05-03 00:53:32,btc,0.0,0.0,0,btc,0.0,0.0,0.0,14
0,[],4,[],2019-06-04 22:49:01,0.0,0,0,7738920,2019-06-04 22:49:01,,0.0,0.0,0,,0.0,0.0,0.0,15
,[],12,[],2018-12-01 15:15:48,204241.84496,0.00000489,0.000000000202473384,5260204,2018-12-01 15:15:48,btc,49.5475654835,0.0,,btc,35763.2193806,0.0163153972027625,0.0203389899998,15
1,[],4,[],2019-06-04 22:49:03,30578.8807934,0.00001112,0.00000000085017404,7738921,2019-06-04 22:49:03,btc,0.9729564114792943,0.0,0.00001112,btc,10980.63525247,0.05060305,0.0438107129332808,18
1,[],10,[],2019-06-04 22:49:05,111814.59881572,0.00001127,0.0000000008616422150000001,7738922,2019-06-04 22:49:05,btc,15.24169632904844,16594.2598009,0.00001127,btc,13062.26317587,0.0,0.1209958398305182,18
1,[],12,[],2019-06-04 22:49:07,2810.28192321,0.000010879999999999999168846277763922358872150653041899204254150390625,0.0000000008318249599999999,7738923,2019-06-04 22:49:07,btc,0.4113501202778254,0.0,0.000010879999999999999168846277763922358872150653041899204254150390625,btc,1732.01895713,1.7885416e-05,0.0134357725394915,18
0,[],2,[],2019-01-20 23:23:38,0.0,0,0,6476906,2019-01-20 23:23:38,,0.0,0.0,0,,0.0,0.0,0.0,18
0,[],17,[],2019-05-03 00:53:39,0.0,0,0,7558882,2019-05-03 00:53:39,btc,0.0,0.0,0,btc,0.0,0.0,0.0,18
1,[],3,[],2019-06-04 22:51:08,143649.4192580172,0.00000566000000000000001916002079216383435777970589697360992431640625,0.00000000043273247,7738924,2019-06-04 22:51:08,btc,0.1661828964822063,5457.91557844,0.00000566000000000000001916002079216383435777970589697360992431640625,btc,5152.50539935349,0.0,0.05058834063608919,19
1,[],4,[],2019-06-04 22:51:09,535959.660711,0.00000794,0.00000000060704873,7738925,2019-06-04 22:51:09,btc,4.021020323724491,0.0,0.00000794,btc,191618.26761891,0.12218929,0.5419822232788245,19
1,[],5,[],2019-06-04 22:51:11,0.0,0,0,7738926,2019-06-04 22:51:11,btc,0.0,0.0001074,0,btc,0.0,0.0,0.0,19
1,[],12,[],2019-06-04 22:51:12,109352.28795893,0.000007089999999999999880334437818429904609729419462382793426513671875,0.0000000005420624049999999,7738927,2019-06-04 22:51:12,btc,0.0508194687064897,0.0,0.000007089999999999999880334437818429904609729419462382793426513671875,btc,1949.0831785,0.0,0.0215918099998136,19
0,[],27,[],2019-06-04 22:51:19,0.0,0,0,7738928,2019-06-04 22:51:19,,0.0,0.0,0,btc,0.0,0.0,0.0,19
0,[],2,[],2019-01-20 23:24:19,0.0,0,0,6476924,2019-01-20 23:24:19,,0.0,0.0,0,,0.0,0.0,0.0,19
1,[],4,[],2019-06-04 22:51:20,10062076.88478525,0.00000007,0.000000000005351815,7738929,2019-06-04 22:51:20,btc,6.4029639466023385,0.0,0.00000007,btc,2322306.93095912,0.0,0.1174938176872809,20
1,[],4,[],2019-06-04 22:51:22,5025021.084,0.00000001,0.000000000000764545,7738930,2019-06-04 22:51:22,btc,39235.22559054961,0.0,0.00000001,btc,76687008.01359268,0.00356448,0.05025021084,21
1,[],12,[],2019-06-04 22:51:24,1695734.0,0.00000001,0.0000000000007645450000000001,7738931,2019-06-04 22:51:24,btc,2566.6488669131268,0.0,0.00000001,btc,5432603.15584414,0.00082945,0.01695734,21
0,[],17,[],2019-05-03 00:53:51,0.0,0,0,7558891,2019-05-03 00:53:51,btc,0.0,0.0,0,btc,0.0,0.0,0.0,21
1,[],12,[],2019-06-04 22:53:25,5117467993.0,0.0000000003,0.00000000000002293635,7738932,2019-06-04 22:53:25,btc,726731457.0599908,0.0,0.0000000003,btc,3133564995.116646,0.00702131404,1.1404579321,23
0.0000000003121051,[],27,[],2019-06-04 22:53:30,63842868.97335239,3.121051e-18,2.386183936795e-22,7738933,2019-06-04 22:53:30,eth,1023.5463694661895,536042863.9250466,0.00000001,eth,27378733.53304889,3.3460342334601282e-09,1.9925685005215045e-10,23
1,[],4,[],2019-06-04 22:53:32,1834842.19116883,0.00000020,0.0000000000152909,7738934,2019-06-04 22:53:32,btc,10.634543997916857,0.0,0.00000020,btc,1797786.91673023,0.00453731,0.0521208649400052,24
0,[],22,[],2019-06-04 22:53:35,0.0,0,0,7738935,2019-06-04 22:53:35,,0.0,0.0,0,,0.0,0.0,0.0,24
0.0,[],25,[],2019-06-04 22:55:58,0.0,0,0,7738936,2019-06-04 22:55:58,,0.0,0.0,0.0,btc,0.0,0.0,0.0,24
1,[],4,[],2019-06-04 22:55:59,26944504.07629295,0.00000481,0.000000000367746145,7738937,2019-06-04 22:55:59,btc,9.24309761562645,0.0,0.00000481,btc,219283.55864652,0.05109987,0.4901895264507238,26
1,[],10,[],2019-06-04 22:56:02,71817.97292486,0.00000502,0.00000000038380159,7738938,2019-06-04 22:56:02,btc,25.27710578444126,4632.89176829,0.00000502,btc,21145.2958199,0.0,0.0326718753227455,26
0,[],2,[],2019-01-20 23:25:56,0.0,0,0,6476976,2019-01-20 23:25:56,,0.0,0.0,0,,0.0,0.0,0.0,26
1,[],3,[],2019-06-04 22:56:03,20551886.10416192,0.00000001,0.0000000000007645450000000001,7738939,2019-06-04 22:56:03,btc,3.762988787860393,3958519.56756,0.00000001,btc,26016219.26895266,0.0,0.20551886104161918,27
1,[],11,[],2019-06-04 22:56:05,2071589.08157834,0.00000002,0.0000000000015290900000000001,7738940,2019-06-04 22:56:05,btc,67503.06357066176,19676.5543251,0.00000002,btc,6639861.32608848,0.0,0.0211134458157834,27
1,[],5,[],2019-04-26 09:47:06,0.0,0,0,7465326,2019-04-26 09:47:06,btc,0.0,0.0,0,btc,0.0,0.0,0.0,27
1,[],4,[],2019-06-04 22:56:06,1204023115.09258,0.00000001,0.000000000000764545,7738941,2019-06-04 22:56:06,btc,5.355607870321058,0.0,0.00000001,"btc,ltc",326233922.1244476,0.0563143,8.769456001136659,29
1,[],7,[],2019-06-04 22:56:08,90452021.33155985,0.00000001,0.0000000000007645450000000001,7738942,2019-06-04 22:56:08,btc,46548272.19867987,0.0,0.00000001,btc,37057028.7654732,0.0,0.9045202133155985,29
1,[],4,[],2019-06-04 22:56:08,15294731.1675631,0.00000006,0.00000000000458727,7738943,2019-06-04 22:56:08,btc,2.514267206551824,0.0,0.00000006,btc,2040911.22285505,0.00283206,0.1729002432094358,30
0,[],17,[],2019-05-03 01:11:25,0.0,0,0,7559066,2019-05-03 01:11:25,btc,0.0,0.0,0,btc,0.0,0.0,0.0,30
1,[],4,[],2019-06-04 22:58:09,192559.67819067,0.00004307,0.000000003292895315,7738944,2019-06-04 22:58:09,btc,2.934802230231117,0.0,0.00004307,btc,41970.23549326,0.4214323,0.4767425440409626,31
1,[],21,[],2019-06-04 22:58:10,159676.28516713,0.00004289999999999999922336429981,0.00000000327989805,7738945,2019-06-04 22:58:10,btc,6.03916328255126,191207.54802769,0.000042899999999999999223364299805183463831781409680843353271484375,btc,124468.25715807,8.47911725,5.768368352174547,31
0,[],2,[],2019-01-20 23:28:43,0.0,0,0,6477009,2019-01-20 23:28:43,,0.0,0.0,0,,0.0,0.0,0.0,32
0,[],4,[],2019-06-04 22:58:11,0.0,0,0,7738946,2019-06-04 22:58:11,,0.0,0.0,0,,0.0,0.0,0.0,33
1,[],12,[],2019-03-30 07:55:10,40641173.964,0.00000003,0.000000000001228359,7108785,2019-03-30 07:55:10,btc,4233210.82356125,0.0,0.00000003,btc,28378394.68333462,0.0126927883965248,0.90752895892,33
0.000000000131337,[],4,[],2019-06-04 22:58:13,388326325.0910819,6.304176e-17,4.81982623992e-21,7738947,2019-06-04 22:58:13,ltc,3.792150147452949,0.0,0.00000048,ltc,154923256.12780955,0.00174287,1.2470396140535113e-09,34
1,[],5,[],2019-06-04 22:58:14,0.0,0,0,7738948,2019-06-04 22:58:14,btc,0.0,3.989e-05,0,btc,0.0,0.0,0.0,34
0.0000000002926451,[],17,[],2019-05-02 18:17:47,200000.0,2.9264510000000002e-18,1.596703856561e-22,7556430,2019-05-02 18:17:47,eth,0.20942468735267253,0.0,0.00000001,"btc,eth",1018272.20243647,0.0,5.852902e-13,36
0.0000000001311821,[],4,[],2019-05-31 13:28:19,2417517744.0607657,1.311821e-18,1.105058333085e-22,7717483,2019-05-31 13:28:19,ltc,5.019900492391546e-08,0.0,0.00000001,ltc,7102398142.262129,0.0,3.171350544531538e-09,36
1,[],5,[],2019-05-31 13:28:21,0.0,0,0,7717484,2019-05-31 13:28:21,btc,0.0,0.0,0,btc,0.0,0.0,0.0,36
0.0000000003108179,[],27,[],2019-05-31 13:30:34,10388811.226876,6.216358000000001e-18,5.236566733830001e-22,7717485,2019-05-31 13:30:34,eth,1569.8708019850988,761866.634299,0.00000002,"ltc,eth",5084024.2511555,4.736034912207001e-12,3.3251980286483705e-11,36
1,[],4,[],2019-06-04 22:58:15,9974711.77341303,0.00000016,0.00000000001223272,7738949,2019-06-04 22:58:15,btc,19772.47792097437,0.0,0.00000016,btc,713150.36279513,0.01117316,0.1276402261766068,37
1,[],12,[],2019-06-04 22:58:16,3785815.0,0.00000018,0.000000000013761809999999999,7738950,2019-06-04 22:58:16,btc,10.488526348703214,0.0,0.00000018,btc,1649690.21160677,0.030303264189,0.16028688,37
1,[],27,[],2019-06-04 23:00:25,11126.0,0.00000018,0.00000000001376181,7738951,2019-06-04 23:00:25,btc,22.62970013895233,0.0,0.00000018,btc,4298.824295,0.0,0.00165394,37
1,[],17,[],2019-05-03 01:11:36,211752.74075282,0.00000025,0.000000000013700074999999998,7559074,2019-05-03 01:11:36,btc,0.055484923955058496,0.0,0.00000025,"btc,eth",1387.19918473,0.0,0.0005381851887916605,37
1,[],5,[],2019-06-04 23:00:26,0.0,0,0,7738952,2019-06-04 23:00:26,btc,0.0,0.01492307,0,btc,0.0,0.0,0.0,42
1,[],12,[],2019-06-04 23:00:27,130338.68156693,0.000001049999999999999899545958213786800428124479367397725582122802734375,0.00000000008027722499999999,7738953,2019-06-04 23:00:27,btc,24.824629549272757,0.0,0.000001049999999999999899545958213786800428124479367397725582122802734375,btc,79144.5390151,0.009650153071,0.0451411068898436,42
1,[],27,[],2019-06-04 23:00:36,506.0,0.00000002,0.00000000000152909,7738954,2019-06-04 23:00:36,btc,0.07600425,0.0,0.00000002,"btc,eth",18.0,0.0,6.000000327897618e-06,42
1,[],12,[],2019-03-13 09:13:29,1112112.0,0.00000001,0.000000000000386531,6919902,2019-03-13 09:13:29,btc,29058.00478931866,0.0,0.00000001,btc,5967681.93306694,9.99000999e-07,0.01112112,43
1,[],5,[],2019-04-26 22:38:52,0.0,0,0,7474154,2019-04-26 22:38:52,btc,0.0,0.02638891,0,btc,0.0,0.0,0.0,43
0,[],17,[],2019-04-26 22:38:53,0.0,0,0,7474155,2019-04-26 22:38:53,btc,0.0,0.0,0,btc,0.0,0.0,0.0,43
1,[],12,[],2019-03-05 01:54:08,639326.02,0.00000004,0.000000000001486676,6845775,2019-03-05 01:54:08,btc,11116042.728239931,0.0,0.00000004,btc,1103841.4595604,0.0003330765234764,0.014975410599999999,44
1,[],4,[],2019-06-04 23:00:37,104428998.49772288,0.00000001,0.000000000000764545,7738955,2019-06-04 23:00:37,btc,2660396.611782276,0.0,0.00000001,"btc,ltc",28488474.38240226,0.00124926,0.02694936749052365,49
0.000000000131337,[],4,[],2019-06-04 23:00:38,131364326.91376562,3.414762e-17,2.61073921329e-21,7738956,2019-06-04 23:00:38,ltc,194920.92353756356,0.0,0.00000026,ltc,177818973.7633107,0.0,1.480158242652756e-09,52
0,[],22,[],2019-06-04 23:00:41,0.0,0,0,7738957,2019-06-04 23:00:41,,10289.52569349,0.0,0,,305146396.4566013,0.0,0.0,57
0,[],27,[],2019-06-04 23:00:50,0.0,0,0,7738958,2019-06-04 23:00:50,,0.0,0.0,0,"btc,eth",0.0,0.0,0.0,57
0.000000000131337,[],4,[],2019-06-04 23:00:51,3527194818.5721416,1.31337e-18,1.00413046665e-22,7738959,2019-06-04 23:00:51,ltc,19.341013440722577,0.0,0.00000001,ltc,5804767409.741686,0.0,4.632511858868093e-09,58
1,[],12,[],2019-06-04 23:00:53,984005309.0,0.0000000001,0.00000000000000764545,7738960,2019-06-04 23:00:53,btc,1809369.784681094,0.0,0.0000000001,btc,3560051708.8091474,0.000170434447,0.0984005309,58
0.00000000010830480000000001,[],22,[],2019-06-04 23:02:56,126877.0,1.083048e-18,8.2803893316e-23,7738961,2019-06-04 23:02:56,XMR,68.17454206,0.0,0.00000001,XMR,9626402.6,0.0,0.00126877,58
1,[],17,[],2019-05-03 01:12:09,1200000.0,0.0000000001,0.00000000000000548003,7559085,2019-05-03 01:12:09,btc,1e+24,0.0,0.0000000001,"btc,eth",39516342.31952568,0.0,0.00010000000058666061,58
1,[],5,[],2019-06-04 23:02:59,0.0,0,0,7738962,2019-06-04 23:02:59,btc,0.0,0.00231669,0,btc,0.0,0.0,0.0,61
1,[],22,[],2019-06-04 23:03:03,13613.833333333334,0.00000012,0.00000000000917454,7738963,2019-06-04 23:03:03,BTC,1002.29123003,0.0,0.00000012,BTC,15014.200177125656,0.0,0.00153269,61
1,[],26,[],2019-06-04 23:03:04,0.0,0.00000050,0.00000000003822725,7738964,2019-06-04 23:03:04,btc,0.0,0.0,0.00000050,btc,0.0,0.0,0.0,61
1,[],27,[],2019-06-04 23:03:10,8450.0,0.0000002,0.0000000000152909,7738965,2019-06-04 23:03:10,btc,1.9582485601246655,0.0,0.0000002,"btc,eth",11379.41563696,0.0,0.001522,61
0,[],28,[],2019-06-04 23:03:11,0.0,0,0,7738966,2019-06-04 23:03:11,,0.0,0.0,0,,0.0,0.0,0.0,61
1,[],4,[],2019-06-04 23:03:12,870117.74691127,0.00000077,0.000000000058869965,7738967,2019-06-04 23:03:12,btc,2.826522382248571,0.0,0.00000077,btc,913053.61418932,0.04223189,0.4523205165579508,67
0.0,[],25,[],2019-06-04 23:05:12,0.0,0,0,7738968,2019-06-04 23:05:12,,0.0,0.0,0.0,,0.0,0.0,0.0,67
1,[],12,[],2019-06-02 06:23:14,910048.355,0.00000006,0.000000000005154929999999999,7725270,2019-06-02 06:23:14,btc,5.167005424215783,0.0,0.00000006,btc,738530.60239759,0.003159757462,0.0187188113,71
,[],5,[],2018-11-20 23:02:39,1.5e-07,0.00000005,0.000000000002128045,4862160,2018-11-20 23:02:39,btc,2.84511358,0.0,,btc,0.00036572,0.0,0.07381892,74
1,[],5,[],2019-06-04 23:05:14,0.0,0,0,7738969,2019-06-04 23:05:14,btc,0.0,0.48189286,0,btc,0.0,0.0,0.0,75
1,[],4,[],2019-06-04 03:25:15,715281.46076168,0.00000001,0.000000000000803619,7734085,2019-06-04 03:25:15,btc,581089.6218469425,0.0,0.00000001,btc,37692563.61091116,0.0,0.0071528146076168,81
0,[],20,[],2019-01-25 09:30:31,0.0,0,0,6495923,2019-01-25 09:30:31,btc,0.0,0.0,0,btc,0.0,0.0,0.0,81
1,[],4,[],2019-06-04 23:05:15,137082.29660084,0.00011668,0.00000000892071106,7738970,2019-06-04 23:05:15,btc,54.97693980154934,0.0,0.00011668,btc,117283.5260826,1.39560997,0.774090016730135,82
1,[],21,[],2019-06-04 23:05:16,88390.1310857,0.0001287600000000000072600259138,0.00000000984428142,7738971,2019-06-04 23:05:16,btc,17.818871826189813,22946.69872825,0.000128760000000000007260025913780054906965233385562896728515625,btc,104958.49525975,2.70992823,8.076672001026635,82
0,[],17,[],2019-03-25 22:42:34,0.0,0,0,7038780,2019-03-25 22:42:34,btc,0.0445064681804024,0.0,0,btc,995513.18476001,0.0,0.0,84
0.0000000001161485,[],4,[],2019-05-20 13:09:39,216715621.0206096,1.161485e-18,9.0533806701e-23,7657228,2019-05-20 13:09:39,ltc,1.6511566870244727,0.0,0.00000001,ltc,471032407.9048656,0.0,2.5171194308112273e-10,85
,[],22,[],2018-11-20 23:09:34,3408.1,0.0000001,0.0000000000041895,4862324,2018-11-20 23:09:34,BTC,0.04624735,0.0,,BTC,4990.0,0.0,0.00033081,86
1,[],22,[],2019-06-04 23:05:20,87656.0,0.00000004,0.00000000000305818,7738972,2019-06-04 23:05:20,BTC,1.51082059,0.0,0.00000004,BTC,256208.94736842104,0.00813157,0.00152656,87
1,[],27,[],2019-06-04 23:05:30,252983.0,0.00000008,0.00000000000611636,7738973,2019-06-04 23:05:30,btc,5.022577187036,192731.0,0.00000008,btc,148947.21141,0.03469158,0.00613129,87
,[],2,[],2018-11-20 23:10:47,0.0,0,0,4862359,2018-11-20 23:10:47,,0.0,0.0,,,0.0,0.0,0.0,88
1,[],11,[],2019-06-04 23:05:32,227484.55923196,0.000088049999999999998927247002455942492815665900707244873046875,0.000000006731818725,7738974,2019-06-04 23:05:32,btc,167.5412501089613,20651.9118885,0.000088049999999999998927247002455942492815665900707244873046875,btc,189459.96437851,0.0,3.9744994581791873,89
0,[],2,[],2019-01-20 23:31:45,0.0,0,0,6477083,2019-01-20 23:31:45,,0.0,0.0,0,,0.0,0.0,0.0,91
1,[],12,[],2019-06-04 23:05:34,334821.65143283,0.00000026,0.00000000001987817,7738975,2019-06-04 23:05:34,btc,88.54496637097719,0.0,0.00000026,btc,197210.13924707,0.013138101554,0.014356972517792499,91
1,[],22,[],2019-06-04 23:07:39,75910.55,0.0000002,0.0000000000152909,7738976,2019-06-04 23:07:39,BTC,0.497,0.0,0.0000002,"BTC,LTC",6.95,0.0,0.00165931,91
0,[],17,[],2019-05-03 01:12:26,0.0,0,0,7559096,2019-05-03 01:12:26,btc,0.0,0.0,0,btc,0.0,0.0,0.0,91
1,[],22,[],2019-04-09 20:17:52,374949.73333333334,0.00000015,0.000000000007771935,7235704,2019-04-09 20:17:52,BTC,6.87372503,0.0,0.00000015,"BTC,LTC",159980.01196797504,1.1e-05,0.80510266,95
0.000000000131337,[],4,[],2019-06-04 23:07:40,541503389.3070995,2.758077e-17,2.108673979965e-21,7738977,2019-06-04 23:07:40,ltc,11.305060182080863,0.0,0.00000021,ltc,153304507.3316396,0.0,8.358205701632947e-10,96
0,[],12,[],2019-06-04 23:07:42,0.0,0,0,7738978,2019-06-04 23:07:42,btc,22.33352059046953,0.0,0,btc,9676473.04695305,0.0,0.0,96
0,[],17,[],2019-05-03 01:12:32,0.0,0,0,7559100,2019-05-03 01:12:32,btc,0.0,0.0,0,btc,0.0,0.0,0.0,96
1,[],4,[],2019-04-14 03:32:46,1039404.33283278,0.00000038,0.000000000019245518,7293458,2019-04-14 03:32:46,btc,4.170086055365747,0.0,0.00000038,btc,3097704.34561074,0.06260606,0.1859928211030784,99
1,[],4,[],2019-06-04 23:09:42,233030.25706302,0.00001763,0.0000000013478928349999999,7738979,2019-06-04 23:09:42,btc,7.760186700622129,0.0,0.00001763,btc,155288.84961544,0.79121728,0.4282804434482546,100
0,[],2,[],2019-01-20 23:23:55,0.0,0,0,6476914,2019-01-20 23:23:55,,0.0,0.0,0,,0.0,0.0,0.0,100
1,[],22,[],2019-06-04 23:09:47,150000.0,0.00000002,0.00000000000152909,7738980,2019-06-04 23:09:47,BTC,24.83526409,0.0,0.00000002,BTC,11187.719,0.0,0.0017,101
1,[],4,[],2019-06-04 23:09:48,514785.63374645,0.00000152,0.00000000011621084,7738981,2019-06-04 23:09:48,btc,549.8163556236965,0.0,0.00000152,btc,667479.00630412,0.00927421,0.1517942835802586,103
0,[],27,[],2019-06-04 23:11:56,0.0,0,0,7738982,2019-06-04 23:11:56,,0.374932318,61112.0,0,btc,1923466.8,0.00061112,0.0,105
1,[],12,[],2019-06-04 22:30:45,178895128.37600002,0.000000004,0.0000000000003019684,7738837,2019-06-04 22:30:45,btc,2446.9220020351772,0.0,0.000000004,btc,70911598.11658658,0.001158620971,0.24185661650400006,105
1,[],22,[],2019-04-21 00:17:26,21333.0,0.00000001,0.000000000000532493,7385819,2019-04-21 00:17:26,BTC,51.38182867,0.0,0.00000001,BTC,470435.0,0.0,0.00021333,107
1,[],26,[],2019-04-21 00:17:26,0.0,0.00000000,0,7385820,2019-04-21 00:17:26,btc,0.0,0.0,0.00000000,btc,0.0,0.0,0.0,107
1,[],5,[],2019-06-04 23:11:59,0.0,0,0,7738983,2019-06-04 23:11:59,btc,0.0,0.0,0,btc,0.0,0.0,0.0,112
0,[],22,[],2019-06-04 23:12:02,0.0,0,0,7738984,2019-06-04 23:12:02,,6.79500102,0.0,0,,3375892.0833333335,0.0,0.0,112
1,[],27,[],2019-06-04 23:12:14,1.0,0.00000001,0.000000000000764545,7738985,2019-06-04 23:12:14,btc,1.14885,0.0,0.00000001,"btc,eth",39.0,0.0,1e-08,112
1,[],4,[],2019-06-04 23:12:15,257825.97063229,0.00000084,0.00000000006422178,7738986,2019-06-04 23:12:15,btc,5.758672664095186,0.0,0.00000084,btc,624595.09722697,0.01141603,0.1552589172241573,113
1,[],5,[],2019-06-04 23:12:16,0.0,0,0,7738987,2019-06-04 23:12:16,btc,0.0,0.0,0,btc,0.0,0.0,0.0,113
1,[],17,[],2019-04-26 02:17:47,162738.278,0.00000004,0.0000000000021069000000000002,7461287,2019-04-26 02:17:47,btc,1.3331140273775473,0.0,0.00000004,btc,51796.221,0.0,0.00230953112,116
1,[],27,[],2019-05-22 05:13:01,210000.0,0.00000001,0.00000000000079145,7666372,2019-05-22 05:13:01,btc,3919.0005001478,0.0,0.00000001,btc,128660.871,0.0,0.0021,116
1,[],4,[],2019-05-21 22:31:11,138169.03963019,0.00000701,0.000000000558364025,7664793,2019-05-21 22:31:11,btc,150.95388250938234,0.0,0.00000701,btc,344631.17141974,0.07552974,0.4288357684941946,120
1,[],7,[],2019-05-21 22:31:12,3901.07750076,0.000010679999999999999389654892212320191902108490467071533203125,0.0000000008506887,7664794,2019-05-21 22:31:12,btc,231188.94669936574,0.0,0.000010679999999999999389654892212320191902108490467071533203125,btc,4133.83151364,0.0,0.0113888422364489,120
1,[],20,[],2019-04-07 18:42:29,1914137.0852,0.000000035,0.0000000000017871910000000002,7211992,2019-04-07 18:42:29,btc,32.2497668025648,25528.85,0.000000035,btc,1001975.4986,0.00089350975,0.0152723574729,125
1,[],22,[],2019-06-04 23:12:19,10000.0,0.00000001,0.000000000000764545,7738988,2019-06-04 23:12:19,BTC,0.032061,0.0,0.00000001,BTC,299316.7611111111,0.0,0.0001,126
1,[],4,[],2019-06-04 23:12:20,441742.3909792,0.00000731,0.000000000558882395,7738989,2019-06-04 23:12:20,btc,3.8642544229572313,0.0,0.00000731,btc,167393.12166867,0.44227252,0.4931315577848318,131
0,[],2,[],2019-01-20 23:25:46,0.0,0,0,6476969,2019-01-20 23:25:46,,0.0,0.0,0,,0.0,0.0,0.0,131
1,[],17,[],2019-05-03 01:13:10,10000.0,0.00000001,0.000000000000548003,7559115,2019-05-03 01:13:10,btc,0.0953976503951408,0.0,0.00000001,btc,5037.62507334,0.0,0.0001,131
1,[],4,[],2019-06-04 22:33:18,4869.08279103,0.00010000,0.00000000754921,7738846,2019-06-04 22:33:18,btc,5.040348287660517,0.0,0.00010000,btc,247.17378338,0.0,0.0068319517509813,135
1,[],3,[],2019-06-04 23:14:21,40577.27748212,0.00000001,0.0000000000007645450000000001,7738990,2019-06-04 23:14:21,btc,0.2159970505739254,2141378.52189,0.00000001,btc,1851829.24715819,0.0,0.00040577277482120003,136
1,[],4,[],2019-06-04 23:14:22,2143833.0036735,0.00000180,0.0000000001376181,7738991,2019-06-04 23:14:22,btc,109.91257038967731,0.0,0.00000180,btc,549127.72646417,0.03248228,0.4338249011558963,137
1,[],12,[],2019-06-04 23:14:23,68357.63852288,0.000001830000000000000054831898570195658493275914224795997142791748046875,0.000000000139911735,7738992,2019-06-04 23:14:23,btc,84.62896878579309,0.0,0.000001830000000000000054831898570195658493275914224795997142791748046875,btc,81282.49164191,7.737882e-06,0.0184634699999268,137
1,[],4,[],2019-06-04 23:14:24,88926.56998974,0.00001372,0.00000000104895574,7738993,2019-06-04 23:14:24,btc,5.477117721710234,0.0,0.00001372,btc,141649.78544434,2.08769001,0.3026348329649493,142
1,[],5,[],2019-06-04 23:14:26,0.0,0,0,7738994,2019-06-04 23:14:26,btc,0.0,0.00409842,0,btc,0.0,0.0,0.0,142
1,[],20,[],2019-06-04 23:16:28,216122.253,0.000015001,0.0000000011468939545,7738995,2019-06-04 23:16:28,btc,1.6053606875606,0.77,0.000015001,btc,9745.8617,1.155077e-05,0.0198355565139,142
1,[],22,[],2019-06-04 23:16:33,10928.645,0.00001000,0.000000000764545,7738996,2019-06-04 23:16:33,BTC,3.00455459,0.0,0.00001000,BTC,1114.1498755539799,0.0,0.00725365,142
0.0,[],25,[],2019-06-04 23:19:15,0.0,0,0,7738997,2019-06-04 23:19:15,,0.0,0.0,0.0,btc,0.0,0.0,0.0,142
0,[],28,[],2019-06-04 23:19:16,0.0,0,0,7738998,2019-06-04 23:19:16,,0.0,0.0,0,,0.0,0.0,0.0,142
1,[],17,[],2019-05-03 01:13:16,32967.38636364,0.00000088,0.000000000048224264,7559122,2019-05-03 01:13:16,btc,20.06976206696776,0.0,0.00000088,btc,2746.079105,0.0,0.0105613000000032,142
0,[],22,[],2019-06-04 23:19:19,0.0,0,0,7738999,2019-06-04 23:19:19,,64.98620993,0.0,0,,787027072.3,0.0,0.0,143
0,[],22,[],2019-02-25 15:42:22,0.0,0,0,6783783,2019-02-25 15:42:22,,4.2131946,0.0,0,,2322156.0,0.0,0.0,146
,[],22,[],2018-11-20 23:01:11,0.0,0,0,4862114,2018-11-20 23:01:11,,2.56807021,0.0,,,61828.4988236,0.0,0.0,147
1,[],12,[],2019-04-21 06:38:04,193091.5971266,0.00000071,0.000000000037635183,7388679,2019-04-21 06:38:04,btc,2.301232411611175,0.0,0.00000071,btc,9957.48302385,0.00023528,0.0313308199999888,148
1,[],4,[],2019-03-19 21:31:25,255810.0415942,0.00000029,0.000000000011615747,6982695,2019-03-19 21:31:25,btc,218.94922712414143,0.0,0.00000029,btc,793529.37642722,0.00117,0.0608347789473395,152
0,[],22,[],2019-03-19 21:31:27,0.0,0,0,6982696,2019-03-19 21:31:27,,0.0,0.0,0,,0.0,0.0,0.0,152
1,[],5,[],2019-04-26 09:36:59,0.0,0,0,7465040,2019-04-26 09:36:59,btc,0.0,0.0,0,btc,0.0,0.0,0.0,153
,[],16,[],2019-01-11 15:38:59,0.0,0,0,6366141,2019-01-11 15:38:59,btc,0.0,0.0,,btc,0.0,0.0,0.0,155
0,[],23,[],2019-01-20 23:24:29,0.0,0,0,6476932,2019-01-20 23:24:29,,0.0,0.0,0,,0.0,0.0,0.0,156
0,[],22,[],2019-06-04 06:02:09,0.0,0,0,7734688,2019-06-04 06:02:09,,7.43375324,0.0,0,,5955762.942592593,0.0,0.0,156
1,[],22,[],2019-06-04 23:19:24,6996.0,0.00000001,0.000000000000764545,7739000,2019-06-04 23:19:24,BTC,1.7543039,0.0,0.00000001,BTC,57.0,0.0,6.996e-05,157
0,[],22,[],2019-05-21 23:40:32,0.0,0,0,7665049,2019-05-21 23:40:32,,50234.60468402,0.0,0,,54786159.03179465,0.0,0.0,158
,[],17,[],2018-11-20 22:56:10,0.0,0,0,4861976,2018-11-20 22:56:10,btc,1.1265625,0.0,,btc,1000.0,0.0,0.0,159
,[],20,[],2018-11-20 22:56:12,0.0,0,0,4861977,2018-11-20 22:56:12,btc,11912.7940471,0.0,,btc,34413894.3617,0.0,0.0,159
1,[],12,[],2019-05-24 02:51:20,9178.522006449999,0.00000191999999999999982841307998027158276954651228152215480804443359375,0.000000000151222656,7676256,2019-05-24 02:51:20,btc,149.80414728631675,0.0,0.00000191999999999999982841307998027158276954651228152215480804443359375,btc,1115.7451448499999,0.01783167678326,0.0120075778999181,168
1,[],17,[],2019-05-03 01:13:36,42852.0,0.00000002,0.000000000001096006,7559132,2019-05-03 01:13:36,btc,0.04279856251542,0.0,0.00000002,btc,274.46171372,0.0,0.00052852,168
1,[],22,[],2019-05-17 03:01:52,10.0,0.00000001,0.000000000000778341,7642059,2019-05-17 03:01:52,BTC,41.95893009,0.0,0.00000001,BTC,1753972.7737547632,0.0,1e-07,169
1,[],22,[],2019-05-30 08:38:18,202834.0,0.00000002,0.0000000000017416160000000001,7711049,2019-05-30 08:38:18,BTC,27.87002826,0.0,0.00000002,BTC,462189.5410507793,0.0,0.00211768,171
1,[],22,[],2019-05-29 08:05:18,349870.0,0.00000002,0.000000000001705894,7705265,2019-05-29 08:05:18,BTC,24.05907723,0.0,0.00000002,"BTC,LTC",1224285.4355616204,0.0,0.0039847,173
1,[],5,[],2019-06-04 23:19:26,0.0,0,0,7739001,2019-06-04 23:19:26,btc,0.0,0.06053641,0,btc,0.0,0.0,0.0,175
1,[],22,[],2019-06-04 23:19:30,90671.0,0.00000001,0.000000000000764545,7739002,2019-06-04 23:19:30,BTC,394.35459412,0.0,0.00000001,BTC,136275.61833431243,0.0,0.00090671,176
1,[],7,[],2019-06-04 23:19:31,0.0,0,0,7739003,2019-06-04 23:19:31,btc,522272.520646231,0.0,0,btc,21545405.84864055,0.0,0.0,178
0,[],22,[],2019-06-04 23:19:34,0.0,0,0,7739004,2019-06-04 23:19:34,,1.00242428,0.0,0,,57512.0,0.0,0.0,178
0,[],2,[],2019-01-20 23:28:34,0.0,0,0,6477001,2019-01-20 23:28:34,,0.0,0.0,0,,0.0,0.0,0.0,178
1,[],5,[],2019-06-04 23:19:35,0.0,0,0,7739005,2019-06-04 23:19:35,btc,0.0,0.01075124,0,btc,0.0,0.0,0.0,179
0,[],22,[],2019-06-04 23:19:37,0.0,0,0,7739006,2019-06-04 23:19:37,,5.3132485,0.0,0,,13258002.811946675,0.0,0.0,179
0,[],23,[],2019-01-20 23:25:08,0.0,0,0,6476952,2019-01-20 23:25:08,,0.0,0.0,0,,0.0,0.0,0.0,179
1,[],22,[],2019-06-04 23:21:41,679279.141088464,0.00000105,0.000000000080277225,7739007,2019-06-04 23:21:41,BTC,39.19509227,0.0,0.00000105,"BTC,LTC",149316.51564143103,0.00176705,0.57858032,180
1,[],26,[],2019-06-04 23:21:41,0.0,0.00000010,0.00000000000764545,7739008,2019-06-04 23:21:41,btc,0.0,0.0,0.00000010,btc,0.0,0.0,0.0,180
1,[],17,[],2019-05-03 01:13:56,20504.725000000002,0.0000001,0.00000000000548003,7559141,2019-05-03 01:13:56,btc,5.2010695838400265,0.0,0.0000001,btc,5033.45945,0.0,0.0011504725,180
,[],7,[],2018-11-20 22:58:01,562227.975654,0.00000085,0.000000000036176765,4862015,2018-11-20 22:58:01,btc,21836.6059674,2491.87645172,,btc,749999.041456,0.00211021,0.127565380455,183
,[],5,[],2019-01-10 08:11:41,0.0,0,0,6347036,2019-01-10 08:11:41,btc,82.15055501,0.00261,,btc,1.19002445,0.0,0.0,187
,[],17,[],2018-11-16 20:58:10,4062536.27273,0.00000001,0.000000000000550501,4708775,2018-11-16 20:58:10,btc,3.36492563466,0.195460381006,,"btc,eth",110697919.549,0.0,0.0157628953496,187
1,[],24,[],2019-05-22 21:04:52,0.0,0.000000000014,0.0000000000000010960978,7670219,2019-05-22 21:04:52,btc,0.0,0.0,0.000000000014,btc,0.0,0.0,0.0,187
0,[],22,[],2019-04-25 02:54:07,0.0,0,0,7447896,2019-04-25 02:54:07,,7.54794454,0.0,0,,76361.7243344055,0.0,0.0,191
0,[],22,[],2019-06-04 23:21:45,0.0,0,0,7739009,2019-06-04 23:21:45,,0.0,0.0,0,,0.0,0.0,0.0,197
0,[],23,[],2019-01-20 23:31:41,0.0,0,0,6477079,2019-01-20 23:31:41,,0.0,0.0,0,,0.0,0.0,0.0,199
0,[],22,[],2019-06-04 23:21:48,0.0,0,0,7739010,2019-06-04 23:21:48,,10.83066794,0.0,0,,98210482.0,0.0,0.0,199
1,[],26,[],2019-06-04 23:21:48,0.0,0.00000000,0,7739011,2019-06-04 23:21:48,btc,0.0,0.0,0.00000000,btc,0.0,0.0,0.0,199
0,[],2,[],2019-01-20 23:30:49,0.0,0,0,6477059,2019-01-20 23:30:49,,0.0,0.0,0,,0.0,0.0,0.0,201
1,[],4,[],2019-01-25 15:51:35,2084389.58565343,0.00000936,0.000000000333526752,6499557,2019-01-25 15:51:35,btc,2.0092503037378524,0.0,0.00000936,btc,160195.80207885,0.19272417,1.242687955921835,211
1,[],7,[],2019-06-04 23:21:51,1170169393.7242348,0.00000018,0.000000000013761809999999999,7739012,2019-06-04 23:21:51,btc,15201830.594824895,0.0,0.00000018,btc,6613050.75760839,0.0,11.967950945464535,212
1,[],12,[],2019-01-25 02:44:32,207462.42853209,0.000001080000000000000035831255497387193287295303889550268650054931640625,0.000000000038610756000000006,6493050,2019-01-25 02:44:32,btc,85023.03793723314,0.0,0.000001080000000000000035831255497387193287295303889550268650054931640625,btc,43675.73520027,0.000146250909087,0.0348620860622024,213
1,[],5,[],2019-05-30 00:07:46,0.0,0,0,7709357,2019-05-30 00:07:46,btc,0.0,0.06425239,0,btc,0.0,0.0,0.0,213
1,[],24,[],2019-05-30 00:07:46,0.0,0.000000399202,0.0000000000344859829346,7709358,2019-05-30 00:07:46,btc,0.0,0.0,0.000000399202,btc,0.0,0.0,0.0,213
1,[],26,[],2019-05-30 00:07:47,0.0,0.00000040,0.000000000034554919999999996,7709359,2019-05-30 00:07:47,btc,0.0,0.0,0.00000040,btc,0.0,0.0,0.0,213
0,[],22,[],2019-06-04 23:21:55,0.0,0,0,7739013,2019-06-04 23:21:55,,9.61445386,0.0,0,,3661587.094064925,0.0,0.0,216
0.000000000131337,[],27,[],2019-06-04 23:22:05,1000.0,1.31337e-18,1.00413046665e-22,7739014,2019-06-04 23:22:05,ltc,88.87789652917752,0.0,0.00000001,"btc,ltc",391976.407688,0.0,1.31337e-15,216
1,[],22,[],2019-06-04 23:22:08,763123.0,0.00000028,0.00000000002140726,7739015,2019-06-04 23:22:08,BTC,12056.4723,0.0,0.00000028,BTC,515807.0344097255,0.00325774,0.05728488,217
1,[],7,[],2019-06-04 23:22:09,0.0,0,0,7739016,2019-06-04 23:22:09,btc,1234864.1063221719,0.0,0,btc,164231263.13147992,0.0,0.0,219
0,[],27,[],2019-06-04 23:22:18,0.0,0,0,7739017,2019-06-04 23:22:18,,261.1953845967132,0.0,0,btc,9255255.74381025,0.0,0.0,219
0,[],28,[],2019-06-04 23:22:18,0.0,0,0,7739018,2019-06-04 23:22:18,,0.0,0.0,0,,0.0,0.0,0.0,219
1,[],22,[],2019-05-23 16:41:05,172069.0,0.00000004,0.0000000000031167080000000004,7674065,2019-05-23 16:41:05,BTC,56.76466137,0.0,0.00000004,BTC,127061.6482738741,0.0,0.00393676,221
1,[],24,[],2019-05-23 16:41:05,0.0,0.000000010000,0.0000000000007791770000000001,7674066,2019-05-23 16:41:05,btc,0.0,0.0,0.000000010000,btc,0.0,0.0,0.0,221
1,[],20,[],2019-06-04 23:22:22,12902128.025,0.000000001,0.0000000000000764545,7739019,2019-06-04 23:22:22,btc,100052.67539288469,473351.6679,0.000000001,btc,45227154.5849,0.0008817166183,0.012902128025,224
0,[],22,[],2019-06-04 23:22:24,0.0,0,0,7739020,2019-06-04 23:22:24,,0.0,0.0,0,,0.0,0.0,0.0,224
1,[],26,[],2019-06-04 23:22:25,0.0,0.00000025,0.000000000019113625,7739021,2019-06-04 23:22:25,btc,0.0,0.0,0.00000025,btc,0.0,0.0,0.0,231
1,[],26,[],2019-06-04 23:22:25,0.0,0.00000006,0.00000000000458727,7739022,2019-06-04 23:22:25,btc,0.0,0.0,0.00000006,btc,0.0,0.0,0.0,234
0.0000000003121051,[],27,[],2019-06-04 23:22:34,100.0,3.121051e-18,2.386183936795e-22,7739023,2019-06-04 23:22:34,eth,1.14618497004,0.0,0.00000001,"btc,eth",11462.996,0.0,3.121051e-16,234
1,[],4,[],2019-05-22 17:06:12,91780.56053785,0.00000078,0.000000000061977552,7669277,2019-05-22 17:06:12,btc,5.573372450018177,0.0,0.00000078,btc,729173.93529783,0.0,0.0307060663355679,236
1,[],24,[],2019-05-22 17:06:12,0.0,0.000000010000,0.000000000000794584,7669278,2019-05-22 17:06:12,btc,0.0,0.0,0.000000010000,btc,0.0,0.0,0.0,236
1,[],5,[],2019-06-04 23:22:35,0.0,0,0,7739024,2019-06-04 23:22:35,btc,0.0,0.70461161,0,btc,0.0,0.0,0.0,237
1,[],20,[],2019-06-04 23:22:37,125674213.6879,0.000000042,0.000000000003211089,7739025,2019-06-04 23:22:37,btc,8172523.019082431,8201895.554,0.000000042,btc,45873584.3019,0.368833588771,0.5878321434162,237
1,[],22,[],2019-06-04 23:22:40,288100.0,0.00000003,0.000000000002293635,7739026,2019-06-04 23:22:40,BTC,1.20267422,0.0,0.00000003,"BTC,LTC",17930.94871794872,0.0,0.007541,237
1,[],4,[],2019-06-04 23:22:43,29424287.30369917,0.00000013,0.000000000009939085,7739027,2019-06-04 23:22:43,btc,2.7370548734915032,0.0,0.00000013,btc,8666843.73857879,0.23545323,0.8129880272290968,238
1,[],5,[],2019-06-04 23:22:44,0.0,0,0,7739028,2019-06-04 23:22:44,btc,0.0,0.0006916,0,btc,0.0,0.0,0.0,238
0,[],22,[],2019-03-12 16:49:32,0.0,0,0,6914458,2019-03-12 16:49:32,,0.40415746,0.0,0,,526736.5639027493,0.0,0.0,249
0,[],22,[],2019-05-28 23:53:45,0.0,0,0,7703643,2019-05-28 23:53:45,,13.44714864,0.0,0,,43777534.3426455,0.0,0.0,252
0,[],28,[],2019-06-04 23:22:45,0.0,0,0,7739029,2019-06-04 23:22:45,,0.0,0.0,0,,0.0,0.0,0.0,256
1,[],22,[],2019-06-04 23:22:48,795004.0,0.00000001,0.000000000000764545,7739030,2019-06-04 23:22:48,BTC,31464.55046317,0.0,0.00000001,BTC,575959.6675322719,0.00055988,0.00795004,258
1,[],22,[],2019-05-19 18:12:02,400.0,0.00000001,0.0000000000007957800000000001,7653905,2019-05-19 18:12:02,BTC,2.415167,0.0,0.00000001,BTC,157.0,0.0,4e-06,259
1,[],5,[],2019-06-04 23:22:50,0.0,0,0,7739031,2019-06-04 23:22:50,btc,0.0,0.05414583,0,btc,0.0,0.0,0.0,264
1,[],20,[],2019-06-04 23:22:52,961191.881,0.000000171,0.0000000000130737195,7739032,2019-06-04 23:22:52,btc,0.9762719724615,0.0,0.000000171,btc,51736.5911,0.0,0.0085553637287,264
0,[],22,[],2019-04-12 17:57:27,0.0,0,0,7278186,2019-04-12 17:57:27,,66.37522201,0.0,0,,677842.4169881374,0.0,0.0,271
0,[],22,[],2019-05-29 08:10:20,0.0,0,0,7705301,2019-05-29 08:10:20,,33050470.74998113,0.0,0,,14361377780.7,0.0,0.0,272
0,[],28,[],2019-05-29 08:10:54,0.0,0,0,7705302,2019-05-29 08:10:54,,0.0,22189957216.5758,0,,0.0,0.0,0.0,272
1,[],22,[],2019-05-23 07:12:29,219930.0,0.00000004,0.000000000003048688,7671985,2019-05-23 07:12:29,BTC,426.77835217,0.0,0.00000004,BTC,248664.3325962929,0.0,0.00739728,281
1,[],22,[],2019-06-04 23:24:55,984491.35,0.00000004,0.00000000000305818,7739033,2019-06-04 23:24:55,BTC,31.67276494,0.0,0.00000004,"BTC,LTC",1554389.2569583755,0.00020014,0.04014229,286
0,[],22,[],2019-06-04 23:24:58,0.0,0,0,7739034,2019-06-04 23:24:58,,7337904.96568486,0.0,0,,2004620112.6797826,0.0,0.0,294
