pairValue,buyBook,exchangeId,sellBook,updated,buyTotal,satoshiPrice,usdPrice,exchangeLogId,created,bestPair,sellTotalBtc,volume,pairPrice,activePairs,sellTotal,volumeBtc,buyTotalBtc,coinId
1,[],3,[],2019-02-05 09:04:12,120.762465847821,0.0123216100000000002012701116882453789003193378448486328125,0.000000426880946289,6588330,2019-02-05 09:04:12,btc,107.11978369554956,0.31692584,0.0123216100000000002012701116882453789003193378448486328125,btc,26.210882750902,0.0,0.27026930976361946,1
1,[],4,[],2019-02-05 09:04:12,25215.57819083,0.01246175,0.000000431736082575,6588331,2019-02-05 09:04:12,btc,0.9952333716752418,0.0,0.01246175,btc,76.51767619,1.04534822,2.951699085821277,1
1,[],5,[],2019-02-05 09:04:15,0.23825221,0.01220015,0.000000422672976735,6588332,2019-02-05 09:04:15,btc,14578.04196441,1.01220183,0.01220015,btc,35555556.1039011,0.0,1.53113266,1
1,[],10,[],2019-02-05 09:04:17,415081.73225822,0.01212886,0.00000042020314181399996,6588333,2019-02-05 09:04:17,btc,6532.867190492786,1192.39375827,0.01212886,btc,1012.60542301,0.0,4.454279442456306,1
1,[],12,[],2019-02-05 09:04:19,10424.89174249,0.0123499999999999998667732370449812151491641998291015625,0.000000427864515,6588334,2019-02-05 09:04:19,btc,0.3504639045052,0.0,0.0123499999999999998667732370449812151491641998291015625,btc,22.02735988,1.0155539589409,0.2093415520041,1
1,[],20,[],2019-02-05 09:04:21,1149.1772,0.01200001,0.000000415739146449,6588335,2019-02-05 09:04:21,btc,0.0580330504203,0.0,0.01200001,btc,2.5989,0.0,0.0843085388377,1
1,[],21,[],2019-02-05 09:04:22,2594.74154174,0.01235960000000000010011991236,0.00000042819710604,6588336,2019-02-05 09:04:22,btc,20.9010061410691,3001.67083357,0.01235960000000000010011991236069661681540310382843017578125,"btc,eth",2291.99868989,35.06850463987054,24.542571332996573,1
1,[],22,[],2019-02-05 09:04:26,0.0263776,0.01350000,0.00000046770614999999995,6588337,2019-02-05 09:04:26,BTC,0.31397231,0.0,0.01350000,BTC,0.10124366666666666,0.0,0.00034472,1
1,[],24,[],2019-02-05 09:04:26,0.0,0.000000000000,0,6588338,2019-02-05 09:04:26,btc,0.0,0.0,0.000000000000,btc,0.0,0.0,0.0,1
0.0,[],25,[],2019-02-05 09:04:27,0.0,0,0,6588339,2019-02-05 09:04:27,btc,11.703399998421322,1784.48626454,0.0,btc,893.81652293,22.2003,0.0,1
1,[],26,[],2019-02-05 09:04:37,0.0,0,0,6588340,2019-02-05 09:04:37,,0.0,0.0,0,,0.0,0.0,0.0,1
1,[],28,[],2019-02-05 09:04:39,987.9,0.01131000,0.00000039183381899999997,6588341,2019-02-05 09:04:39,btc,0.162839806,11907.85,0.01131000,btc,8.9,0.0,0.024551096,1
0,[],2,[],2019-01-20 23:28:45,0.0,0,0,6477011,2019-01-20 23:28:45,,0.0,0.0,0,,0.0,0.0,0.0,1
1,[],5,[],2019-02-05 09:04:40,2.073e-05,0.00000072,0.000000000024944327999999997,6588342,2019-02-05 09:04:40,btc,0.16002744,0.00631093,0.00000072,btc,7.025e-05,0.0,0.45796896,2
1,[],22,[],2019-02-05 09:04:44,1648.0,0.0000004,0.00000000001385796,6588343,2019-02-05 09:04:44,BTC,4.2213561,0.0,0.0000004,"BTC,XMR",14604.70581,0.0,0.00107635,2
1,[],5,[],2019-02-05 09:04:46,1.25e-06,0.00000016,0.000000000005543184,6588344,2019-02-05 09:04:46,btc,3.62144755,1.12128301,0.00000016,btc,2.204e-05,0.0,3.03620479,3
1,[],12,[],2019-02-05 09:04:47,12425267.83751982,0.000000168,0.000000000005820343199999999,6588345,2019-02-05 09:04:47,btc,921361.5016882394,0.0,0.000000168,btc,8000947.50456471,0.08676792333736547,0.5339183835857748,3
0,[],28,[],2019-02-05 09:04:48,0.0,0,0,6588346,2019-02-05 09:04:48,,0.0,0.0,0,,0.0,0.0,0.0,3
0,[],2,[],2019-01-20 23:31:32,0.0,0,0,6477077,2019-01-20 23:31:32,,0.0,0.0,0,,0.0,0.0,0.0,4
1,[],4,[],2019-02-05 08:11:52,359751.31010758,0.00000031,0.000000000010749343,6588192,2019-02-05 08:11:52,btc,0.3276526567243756,0.0,0.00000031,btc,333566.61586634,0.00022455,0.0400242231999018,4
1,[],12,[],2019-02-05 09:04:49,1387852.5219999999,0.00000005,0.0000000000017322449999999998,6588347,2019-02-05 09:04:49,btc,11013878.260533443,0.0,0.00000005,btc,907526.39031991,0.0018816659240752,0.02693419044,5
0,[],2,[],2019-01-20 23:31:51,0.0,0,0,6477087,2019-01-20 23:31:51,,0.0,0.0,0,,0.0,0.0,0.0,6
1,[],11,[],2019-02-05 09:04:51,11224709.4999525,0.00000002,0.000000000000692898,6588348,2019-02-05 09:04:51,btc,9433.341140428096,27400.0,0.00000002,btc,41338923.65169307,0.0,0.18805467499905001,6
1,[],3,[],2019-02-05 09:04:51,1069.652384675756,0.000150559999999999995050348200464895853656344115734100341796875,0.000000005216136144,6588349,2019-02-05 09:04:51,btc,28.510202753279106,0.0,0.000150559999999999995050348200464895853656344115734100341796875,btc,234.145665820227,0.0,0.030997767816609203,7
1,[],4,[],2019-02-05 09:04:52,24127.53733678,0.00020002,0.0000000069296728979999995,6588350,2019-02-05 09:04:52,btc,3.2690373620642603,0.0,0.00020002,btc,14594.63109454,2.46054229,4.1279745079549235,7
1,[],5,[],2019-02-05 09:04:53,0.00679059,0.00019107,0.000000006619601043,6588351,2019-02-05 09:04:53,btc,1.13521893,0.33963599,0.00019107,btc,0.01204069,0.0,1.62984401,7
1,[],20,[],2019-02-05 08:11:58,66461509.91,0.000000001,0.000000000000034675300000000004,6588197,2019-02-05 08:11:58,btc,116.1315013062774,0.0,0.000000001,btc,28812144.5195,0.0,0.06646150991,8
0,[],2,[],2019-01-20 23:22:42,0.0,0,0,6476876,2019-01-20 23:22:42,,0.0,0.0,0,,0.0,0.0,0.0,9
0,[],23,[],2019-01-20 23:22:48,0.0,0,0,6476878,2019-01-20 23:22:48,,0.0,0.0,0,,0.0,0.0,0.0,9
1,[],1,[],2019-02-05 09:04:54,1789966.47,0.00000190000000000000001990053087597143388620679615996778011322021484375,0.00000000006582531,6588352,2019-02-05 09:04:54,btc,2.3731383415,16250776.64,0.00000190000000000000001990053087597143388620679615996778011322021484375,btc,1234570.33,31.64785482,3.3346759849,9
1,[],4,[],2019-02-05 09:04:54,406339.40662879,0.00000190,0.00000000006582531,6588353,2019-02-05 09:04:54,btc,0.928868759434468,0.0,0.00000190,btc,456244.842462,1.54957631,0.7333558775489588,9
1,[],28,[],2019-02-05 09:04:56,34500.0,0.00000165,0.000000000057164085,6588354,2019-02-05 09:04:56,btc,2708.7727197804,2412072.0,0.00000165,btc,15427.14,0.0,0.02854,9
1,[],4,[],2019-02-04 22:10:59,7341799.37826053,0.00000002,0.000000000000693444,6584299,2019-02-04 22:10:59,btc,0.1999615409270056,0.0,0.00000002,btc,4135980.29534268,0.00062922,0.0786653918652106,10
0,[],2,[],2019-01-20 23:23:08,0.0,0,0,6476890,2019-01-20 23:23:08,,0.0,0.0,0,,0.0,0.0,0.0,12
1,[],4,[],2019-02-05 09:04:57,3123440.4857127,0.00000147,0.000000000050928002999999996,6588355,2019-02-05 09:04:57,btc,1.001572770731369,0.0,0.00000147,btc,630496.63031696,3.51138849,4.272704982926336,12
1,[],5,[],2019-02-05 09:04:58,1.804e-05,0.00000143,0.000000000049542207,6588356,2019-02-05 09:04:58,btc,0.50166752,1.26919294,0.00000143,btc,0.00012208,0.0,0.06382129,12
0.0,[],25,[],2019-02-05 09:04:59,0.0,0,0,6588357,2019-02-05 09:04:59,,0.0,0.0,0.0,btc,0.0,0.0,0.0,12
1,[],10,[],2019-02-05 08:05:47,585649.49454556,0.00000613,0.000000000212387336,6587996,2019-02-05 08:05:47,btc,666809.6245309834,8280.72958692,0.00000613,btc,735190.07870296,0.0,0.8163547901104172,13
1,[],4,[],2019-02-05 09:05:00,239312.5113019,0.00000602,0.000000000208562298,6588358,2019-02-05 09:05:00,btc,0.2806028927271368,0.0,0.00000602,btc,42852.77920683,0.45621826,0.9116456511144414,13
1,[],21,[],2019-02-05 09:05:03,1189078.004387,0.000006150000000000000409915157373,0.000000000213066135,6588359,2019-02-05 09:05:03,btc,4.266589223207876,706225.90661548,0.000006150000000000000409915157373319516409537754952907562255859375,btc,623512.09397029,4.35829972,6.21365237112924,13
1,[],4,[],2019-02-05 09:05:04,1125100.69103213,0.00000146,0.000000000050581554,6588360,2019-02-05 09:05:04,btc,0.1821696544672679,0.0,0.00000146,btc,88590.66325544,0.03945627,0.4184205439122439,14
1,[],12,[],2019-02-05 09:05:05,89434.77777778001,0.0000011500000000000000008998878031629686802261858247220516204833984375,0.000000000039841634999999995,6588361,2019-02-05 09:05:05,btc,1.7666650187867137,0.0,0.0000011500000000000000008998878031629686802261858247220516204833984375,btc,30155.56233445,0.0130261618559099,0.0080200600000004,14
0,[],17,[],2019-02-05 09:05:07,0.0,0,0,6588362,2019-02-05 09:05:07,btc,0.0,0.0,0,btc,0.0,0.0,0.0,14
1,[],26,[],2019-02-05 09:05:07,0.0,0.00000049,0.000000000016976000999999998,6588363,2019-02-05 09:05:07,btc,0.0,0.0,0.00000049,btc,0.0,0.0,0.0,14
,[],12,[],2018-12-01 15:15:48,204241.84496,0.00000489,0.000000000202473384,5260204,2018-12-01 15:15:48,btc,49.5475654835,0.0,,btc,35763.2193806,0.0163153972027625,0.0203389899998,15
0,[],4,[],2019-02-05 09:05:08,0.0,0,0,6588364,2019-02-05 09:05:08,,0.0,0.0,0,,0.0,0.0,0.0,15
0,[],2,[],2019-01-20 23:23:38,0.0,0,0,6476906,2019-01-20 23:23:38,,0.0,0.0,0,,0.0,0.0,0.0,18
1,[],4,[],2019-02-05 09:05:09,26669.97152502,0.00001855,0.000000000642662895,6588365,2019-02-05 09:05:09,btc,2.2216463329474,0.0,0.00001855,btc,7752.21632784,0.01527162,0.1101358097338951,18
1,[],10,[],2019-02-05 09:05:11,789842.47698045,0.00001756,0.0000000006083644440000001,6588366,2019-02-05 09:05:11,btc,15.59431853050439,759.82740085,0.00001756,btc,12855.30260837,0.0,0.3180879710320366,18
1,[],12,[],2019-02-05 09:05:12,201021.31539297,0.00001618000000000000094071452017008283519317046739161014556884765625,0.000000000560554482,6588367,2019-02-05 09:05:12,btc,0.18569353204663192,0.0,0.00001618000000000000094071452017008283519317046739161014556884765625,btc,1708.32700711,0.0005030595725961,0.0201072634269325,18
0,[],17,[],2019-02-05 09:05:14,0.0,0,0,6588368,2019-02-05 09:05:14,btc,0.0,0.0,0,btc,0.0,0.0,0.0,18
1,[],12,[],2019-02-05 08:12:21,135095.0908704,0.0000232800000000000007253052325406628142445697449147701263427734375,0.0000000008072409840000001,6588218,2019-02-05 08:12:21,btc,1.9953361742986004,0.0,0.0000232800000000000007253052325406628142445697449147701263427734375,btc,517.40106483,0.00023009,0.033518915462912,19
0,[],27,[],2019-02-05 08:12:23,0.0,0,0,6588219,2019-02-05 08:12:23,,0.0,0.0,0,btc,0.0,0.0,0.0,19
0,[],2,[],2019-01-20 23:24:19,0.0,0,0,6476924,2019-01-20 23:24:19,,0.0,0.0,0,,0.0,0.0,0.0,19
1,[],3,[],2019-02-05 09:05:15,108940.09841804931,0.00002850999999999999977924776406457141320061055012047290802001953125,0.000000000987726099,6588369,2019-02-05 09:05:15,btc,0.5025593202081523,5457.65521235,0.00002850999999999999977924776406457141320061055012047290802001953125,btc,5464.127808218559,0.0,0.09507351199322112,19
1,[],4,[],2019-02-05 09:05:15,249307.17074848,0.00002970,0.00000000102895353,6588370,2019-02-05 09:05:15,btc,0.2934465396362282,0.0,0.00002970,btc,8536.94656273,2.5109354,2.7145281363805176,19
1,[],5,[],2019-02-05 09:05:17,0.00020455,0.00002560,0.00000000088690944,6588371,2019-02-05 09:05:17,btc,0.27683745,0.01517019,0.00002560,btc,0.003189,0.0,0.18234996,19
1,[],4,[],2019-02-05 08:12:24,8011180.3054235,0.00000013,0.000000000004507789000000001,6588220,2019-02-05 08:12:24,btc,0.8115519375916198,0.0,0.00000013,btc,1594753.31171721,0.00011984,0.2560730874915714,20
1,[],4,[],2019-02-05 08:12:25,122574461.40022224,0.00000002,0.0000000000006935060000000001,6588221,2019-02-05 08:12:25,btc,0.6356603637258483,0.0,0.00000002,btc,15845091.50329118,0.007048,1.4610668122142851,21
1,[],12,[],2019-02-05 08:12:26,19029287.0,0.00000002,0.0000000000006935060000000001,6588222,2019-02-05 08:12:26,btc,668.5451868047564,0.0,0.00000002,btc,8549966.70429836,0.0,0.25352031,21
0,[],17,[],2019-02-05 08:12:27,0.0,0,0,6588223,2019-02-05 08:12:27,btc,0.0,0.0,0,btc,0.0,0.0,0.0,21
1,[],12,[],2019-02-05 08:12:29,2153423954.5458817,0.0000000002,0.000000000000006935060000000001,6588224,2019-02-05 08:12:29,btc,1729404717684.7417,0.0,0.0000000002,btc,4048228353.3668475,0.01011716370289721,0.21951922415598685,23
0,[],27,[],2019-02-05 08:12:31,0.0,0,0,6588225,2019-02-05 08:12:31,,0.735147,0.0,0,eth,812759.0,0.0,0.0,23
1,[],4,[],2019-02-05 08:12:31,3111115.61265574,0.00000080,0.000000000027740240000000002,6588226,2019-02-05 08:12:31,btc,0.079187214170194,0.0,0.00000080,btc,72412.76220237,0.00194522,0.2744211862285793,24
1,[],22,[],2019-02-05 08:12:34,11.76,0.00000100,0.000000000034675300000000004,6588227,2019-02-05 08:12:34,BTC,7.415e-05,0.0,0.00000100,BTC,23.919354838709676,0.0,1.176e-05,24
0.0,[],25,[],2019-02-05 08:12:36,0.0,0,0,6588228,2019-02-05 08:12:36,,0.0,0.0,0.0,btc,0.0,0.0,0.0,24
1,[],4,[],2019-02-05 08:06:18,27844225.97986499,0.00000690,0.00000000023906567999999997,6588021,2019-02-05 08:06:18,btc,0.2943006434629399,0.0,0.00000690,btc,28850.37402485,0.06623278,0.4841161659496544,26
1,[],10,[],2019-02-05 08:06:20,731063.84399312,0.00000589,0.000000000204072008,6588022,2019-02-05 08:06:20,btc,25.976133321695563,13.78445605,0.00000589,btc,13168.35640704,0.0,0.2083750833237135,26
0,[],2,[],2019-01-20 23:25:56,0.0,0,0,6476976,2019-01-20 23:25:56,,0.0,0.0,0,,0.0,0.0,0.0,26
1,[],3,[],2019-02-05 08:06:21,6740528.65301474,0.00000002,0.000000000000692944,6588023,2019-02-05 08:06:21,btc,2.5129598956170263,236123.992684,0.00000002,btc,16144663.1649197,0.0,0.0793470926717805,27
1,[],5,[],2019-02-05 08:06:22,1e-08,0.00000001,0.000000000000346472,6588024,2019-02-05 08:06:22,btc,1.1816894,0.00160901,0.00000001,btc,4.362e-05,0.0,0.12620773,27
1,[],11,[],2019-02-05 08:06:23,10065216.691211501,0.00000005,0.00000000000173236,6588025,2019-02-05 08:06:23,btc,370.63310344475406,550157.720616,0.00000005,btc,8170877.7193934005,0.0,0.4661316134459823,27
1,[],4,[],2019-02-05 08:12:36,379035864.4401803,0.00000003,0.000000000001040259,6588229,2019-02-05 08:12:36,btc,3.9048999909079862,0.0,0.00000003,"btc,ltc",114298374.56954458,1.08350422,2.8340460944232895,29
1,[],7,[],2019-02-05 08:12:38,39719077.159493834,0.00000003,0.000000000001040259,6588230,2019-02-05 08:12:38,btc,44465206.20568725,45971.4501498,0.00000003,btc,40680943.63295754,0.00183886,0.7239339086346178,29
1,[],4,[],2019-02-05 08:12:38,1386223.18132726,0.00000029,0.000000000010055837000000001,6588231,2019-02-05 08:12:38,btc,0.2547641303170453,0.0,0.00000029,btc,542528.49309604,0.00986375,0.0853805093702465,30
0,[],17,[],2019-02-05 08:12:40,0.0,0,0,6588232,2019-02-05 08:12:40,btc,0.0,0.0,0,btc,0.0,0.0,0.0,30
1,[],4,[],2019-02-05 08:12:40,1139139.06160092,0.00006950,0.00000000240993335,6588233,2019-02-05 08:12:40,btc,1.5759065784371737,0.0,0.00006950,btc,18918.35480369,0.98366606,2.0890319517919815,31
1,[],21,[],2019-02-05 08:12:42,102742.39296563,0.00007035000000000000237518338331,0.0000000024394073550000003,6588234,2019-02-05 08:12:42,btc,5.999500604656577,224065.90759352,0.0000703500000000000023751833833074442736688069999217987060546875,btc,76588.52640153,15.40776583,6.752427155808972,31
0,[],2,[],2019-01-20 23:28:43,0.0,0,0,6477009,2019-01-20 23:28:43,,0.0,0.0,0,,0.0,0.0,0.0,32
1,[],4,[],2019-02-05 08:12:43,165460068.84513816,0.00000005,0.0000000000017337650000000001,6588235,2019-02-05 08:12:43,btc,1.3076629568538967,0.0,0.00000005,"btc,ltc",27164891.50330541,0.92554562,3.505420571563057,33
1,[],12,[],2019-02-05 08:12:44,18193837.0,0.00000006,0.000000000002080518,6588236,2019-02-05 08:12:44,btc,17261782.27602957,0.0,0.00000006,btc,89574962.76823159,0.0422785732534267,0.67133146,33
1,[],4,[],2019-02-05 08:12:45,110038057.07115793,0.00000001,0.00000000000034675300000000003,6588237,2019-02-05 08:12:45,btc,0.7480877975424846,0.0,0.00000001,btc,24960540.02508282,2.39351733,1.1003805707115792,34
1,[],5,[],2019-02-05 08:12:46,3e-08,0.00000002,0.0000000000006935060000000001,6588238,2019-02-05 08:12:46,btc,3.79432919,0.76935175,0.00000002,btc,1.394e-05,0.0,0.81436063,34
0.00000000009907920000000001,[],4,[],2019-02-05 08:06:33,1108115015.5,2.9723760000000002e-18,1.029845057472e-22,6588036,2019-02-05 08:06:33,ltc,8.025861362524191e-09,0.0,0.00000003,ltc,1590488118.1194253,0.0,2.1862798729195373e-09,36
1,[],5,[],2019-02-05 08:06:34,0.0,0,0,6588037,2019-02-05 08:06:34,btc,204.66919748,0.0,0,btc,1.295e-05,0.0,0.0,36
0,[],17,[],2019-02-05 08:06:36,0.0,0,0,6588038,2019-02-05 08:06:36,btc,0.07494043760121538,0.0,0,btc,4134847.20243647,0.0,0.0,36
0.00000000009907920000000001,[],27,[],2019-02-05 08:06:38,1000000.0,1.981584e-18,6.865633716480001e-23,6588039,2019-02-05 08:06:38,ltc,447.7307979714,0.0,0.00000002,"ltc,eth",3711879.16,0.0,1.981584e-12,36
1,[],4,[],2019-02-05 08:06:38,412793.22309163,0.00000142,0.000000000049199024,6588040,2019-02-05 08:06:38,btc,0.3894020255298924,0.0,0.00000142,btc,207329.43644427,0.09874431,0.3635173931361136,37
1,[],12,[],2019-02-05 08:06:39,330753.32213183,0.000001410000000000000052661867921965921368609997443854808807373046875,0.000000000048852552,6588041,2019-02-05 08:06:39,btc,1338.993437415866,0.0,0.000001410000000000000052661867921965921368609997443854808807373046875,btc,867206.01434193,0.4865859578167948,0.1711658233333189,37
1,[],17,[],2019-02-05 08:06:41,1752.74075282,0.00000025,0.0000000000086618,6588042,2019-02-05 08:06:41,btc,0.05548492396552207,0.0,0.00000025,btc,1387.19918473,0.0,0.00043818518820499993,37
1,[],27,[],2019-02-05 08:06:43,16943.0,0.0000005,0.0000000000173236,6588043,2019-02-05 08:06:43,btc,43.30929497030353,0.0,0.0000005,btc,29579.81438508,0.0,0.00566124,37
1,[],5,[],2019-02-05 08:12:48,1.718e-05,0.00000104,0.000000000036062312000000006,6588239,2019-02-05 08:12:48,btc,0.10625727,0.03030939,0.00000104,btc,0.00011861,0.0,0.04332754,42
1,[],12,[],2019-02-05 08:12:49,150018.73421217,0.00000110000000000000005610204141526242693771564518101513385772705078125,0.00000000003814283,6588240,2019-02-05 08:12:49,btc,85.06839388844483,0.0,0.00000110000000000000005610204141526242693771564518101513385772705078125,btc,97932.06156129,8.12787212809e-05,0.0513414900000031,42
0,[],27,[],2019-02-05 08:12:51,0.0,0,0,6588241,2019-02-05 08:12:51,,0.00315028,0.0,0,"btc,eth",11.007,0.0,0.0,42
1,[],5,[],2019-02-05 08:06:49,3e-08,0.00000002,0.000000000000692944,6588047,2019-02-05 08:06:49,btc,6.09448901,0.00703062,0.00000002,btc,1.425e-05,0.0,0.52678241,43
1,[],12,[],2019-02-05 08:06:50,6502141.0,0.00000002,0.000000000000692944,6588048,2019-02-05 08:06:50,btc,20007456.464672454,0.0,0.00000002,btc,38833161.74765234,0.0,0.06502156,43
0,[],17,[],2019-02-05 08:06:52,0.0,0,0,6588049,2019-02-05 08:06:52,btc,0.0,0.0,0,btc,0.0,0.0,0.0,43
1,[],12,[],2019-02-05 08:06:53,856037.0,0.00000007,0.000000000002425304,6588050,2019-02-05 08:06:53,btc,11115166.022191437,0.0,0.00000007,btc,991996.37862139,0.0020102902996983,0.025108059999999998,44
1,[],4,[],2019-02-05 08:12:51,234631898.33245036,0.00000002,0.0000000000006935060000000001,6588242,2019-02-05 08:12:51,btc,0.1892604517988878,0.0,0.00000002,"btc,ltc",8495271.91947867,0.00495018,0.5349265788738199,49
0.00000000009912870000000001,[],4,[],2019-02-05 08:12:52,4933068352.008763,1.982574e-18,6.874634822220002e-23,6588243,2019-02-05 08:12:52,ltc,4.6451735039539646,0.0,0.00000002,ltc,1706046318.3975837,0.0,5.329027429035471e-09,52
0,[],22,[],2019-02-05 08:12:55,0.0,0,0,6588244,2019-02-05 08:12:55,,3693.1548887,0.0,0,,247203597.90882352,0.0,0.0,57
0,[],27,[],2019-02-05 08:12:57,0.0,0,0,6588245,2019-02-05 08:12:57,,0.0,0.0,0,"btc,eth",0.0,0.0,0.0,57
0.00000000009912870000000001,[],4,[],2019-02-05 08:12:58,1607117388.9059076,4.956435000000001e-18,1.7186587055550003e-22,6588246,2019-02-05 08:12:58,ltc,3.288074741350435,0.0,0.00000005,ltc,1097689586.640035,0.0001346,5.243187301576054e-09,58
1,[],12,[],2019-02-05 08:12:59,2066581626.843957,0.0000000005,0.000000000000017337650000000002,6588247,2019-02-05 08:12:59,btc,625182683192.2787,0.0,0.0000000005,btc,3158902465.7603393,0.006694290565934102,0.7479903772011391,58
0,[],17,[],2019-02-05 08:13:00,0.0,0,0,6588248,2019-02-05 08:13:00,btc,1e+24,0.0,0,btc,41616695.95832568,0.0,0.0,58
0.0000000001231479,[],22,[],2019-02-05 08:13:03,137438.0,1.2314790000000002e-18,4.2701903768700005e-23,6588249,2019-02-05 08:13:03,XMR,69.8835922,0.0,0.00000001,XMR,9887963.0,0.0,0.00137438,58
1,[],5,[],2019-02-05 08:13:04,7.63e-06,0.00000064,0.000000000022192192000000002,6588250,2019-02-05 08:13:04,btc,0.32766114,0.00391428,0.00000064,btc,0.00014898,0.0,0.0478686,61
1,[],22,[],2019-02-05 08:13:08,5111.5,0.00000011,0.000000000003814283000000001,6588251,2019-02-05 08:13:08,BTC,1002.29606732,0.0,0.00000011,BTC,15028.700278135757,0.0,0.00051178,61
1,[],26,[],2019-02-05 08:13:08,0.0,0.00000800,0.00000000027740240000000003,6588252,2019-02-05 08:13:08,btc,0.0,0.0,0.00000800,btc,0.0,0.0,0.0,61
1,[],27,[],2019-02-05 08:13:10,100.0,0.00000032,0.000000000011096096000000001,6588253,2019-02-05 08:13:10,btc,0.129872,4.0,0.00000032,"btc,eth",154.84,0.0024,3.1e-05,61
1,[],28,[],2019-02-05 08:13:11,6884.304,0.0000006,0.000000000020805180000000003,6588254,2019-02-05 08:13:11,btc,2.064613633700105,475.0,0.0000006,btc,11345.10450005,0.0,0.00216611304,61
1,[],4,[],2019-02-05 08:07:23,1380928.15806941,0.00000185,0.00000000006409732,6588064,2019-02-05 08:07:23,btc,0.6461913072799276,0.0,0.00000185,btc,243669.59989207,0.09748521,1.099486624165685,67
0.0,[],25,[],2019-02-05 08:07:24,0.0,0,0,6588065,2019-02-05 08:07:24,,0.0,0.0,0.0,btc,0.0,0.0,0.0,67
1,[],12,[],2019-02-05 08:13:12,2638145.66344444,0.00000015,0.000000000005201295,6588255,2019-02-05 08:13:12,btc,11115995.65647676,0.0,0.00000015,btc,2439857.50065488,0.0442753301798213,0.0855282464411108,71
,[],5,[],2018-11-20 23:02:39,1.5e-07,0.00000005,0.000000000002128045,4862160,2018-11-20 23:02:39,btc,2.84511358,0.0,,btc,0.00036572,0.0,0.07381892,74
1,[],5,[],2019-01-25 15:53:51,3.303e-05,0.00000156,0.000000000055588884,6499610,2019-01-25 15:53:51,btc,1.42844212,0.0,0.00000156,btc,0.00015937,0.0,0.49487621,75
1,[],4,[],2019-02-05 08:07:26,71007797.82492337,0.00000001,0.000000000000346472,6588067,2019-02-05 08:07:26,btc,0.8140611123105091,0.0,0.00000001,btc,15190754.69973608,0.00234377,0.7100779782492337,81
0,[],20,[],2019-01-25 09:30:31,0.0,0,0,6495923,2019-01-25 09:30:31,btc,0.0,0.0,0,btc,0.0,0.0,0.0,81
1,[],4,[],2019-02-05 08:07:27,23742.02375913,0.00007031,0.000000002436044632,6588068,2019-02-05 08:07:27,btc,0.6509591881197343,0.0,0.00007031,btc,6262.15650472,0.02286759,0.0842294816945378,82
1,[],21,[],2019-02-05 08:07:28,84199.96436836,0.00007550000000000000558320750743,0.0000000026158636,6588069,2019-02-05 08:07:28,btc,3.5612787271436788,3444.08966866,0.000075500000000000005583207507431353633364778943359851837158203125,btc,40468.60759537,0.25991798,4.2767026649940085,82
0,[],17,[],2019-02-05 08:13:14,0.0,0,0,6588256,2019-02-05 08:13:14,btc,0.0447233088476774,0.0,0,btc,999127.19588126,0.0,0.0,84
0.00000000009907920000000001,[],4,[],2019-02-05 08:07:30,334193027.582892,1.1889504000000001e-17,4.119380229888e-22,6588071,2019-02-05 08:07:30,ltc,0.1956906322631157,0.0,0.00000012,ltc,69196376.83457308,0.0001,1.3270483244716216e-09,85
,[],22,[],2018-11-20 23:09:34,3408.1,0.0000001,0.0000000000041895,4862324,2018-11-20 23:09:34,BTC,0.04624735,0.0,,BTC,4990.0,0.0,0.00033081,86
0,[],22,[],2019-02-05 08:13:16,0.0,0,0,6588257,2019-02-05 08:13:16,,2.07810912,0.0,0,,154826.94736842104,0.0,0.0,87
0,[],27,[],2019-02-05 08:13:18,0.0,0,0,6588258,2019-02-05 08:13:18,,0.0,0.0,0,btc,0.0,0.0,0.0,87
,[],2,[],2018-11-20 23:10:47,0.0,0,0,4862359,2018-11-20 23:10:47,,0.0,0.0,,,0.0,0.0,0.0,88
1,[],11,[],2019-02-05 08:07:35,101128.53028123,0.00017799999999999998982758153687200319836847484111785888671875,0.0000000061672016,6588074,2019-02-05 08:07:35,btc,245.8160448902927,611.64278175,0.00017799999999999998982758153687200319836847484111785888671875,btc,183713.93047277,0.0,7.346861158445305,89
0,[],2,[],2019-01-20 23:31:45,0.0,0,0,6477083,2019-01-20 23:31:45,,0.0,0.0,0,,0.0,0.0,0.0,91
1,[],12,[],2019-02-05 08:07:37,462569.19931011996,0.0000036299999999999999733784998567909241273810039274394512176513671875,0.000000000125769336,6588075,2019-02-05 08:07:37,btc,1115.4422137368856,0.0,0.0000036299999999999999733784998567909241273810039274394512176513671875,btc,36137.4763252,0.0091660621617326,0.1197515436998476,91
0,[],17,[],2019-02-05 08:07:38,0.0,0,0,6588076,2019-02-05 08:07:38,btc,0.0,0.0,0,btc,0.0,0.0,0.0,91
0.00000000009912870000000001,[],22,[],2019-02-05 08:13:21,29102392.0,5.947722e-18,2.0623904466660003e-22,6588259,2019-02-05 08:13:21,LTC,8.80658359,0.0,0.00000006,LTC,76329729.6,0.0,1.20422058,95
1,[],4,[],2019-02-05 08:13:22,131776414.03659023,0.00000001,0.00000000000034675300000000003,6588260,2019-02-05 08:13:22,btc,0.926069465013018,0.0,0.00000001,"btc,ltc",46236610.87132259,0.24576408,0.0011089283301863424,96
1,[],12,[],2019-02-05 08:13:23,222840.0,0.00000001,0.00000000000034675300000000003,6588261,2019-02-05 08:13:23,btc,255063.42240367562,0.0,0.00000001,btc,8968846.33297676,2.138e-05,0.0022284,96
0,[],17,[],2019-02-05 08:13:25,0.0,0,0,6588262,2019-02-05 08:13:25,btc,0.0,0.0,0,btc,0.0,0.0,0.0,96
1,[],4,[],2019-02-05 08:07:45,1420268.84090765,0.00000032,0.000000000011087104,6588081,2019-02-05 08:07:45,btc,0.1798272319934044,0.0,0.00000032,btc,350271.89198246,0.09809668,0.109537818368081,99
1,[],4,[],2019-02-05 08:13:26,66426.52981755,0.00004350,0.0000000015083755500000001,6588263,2019-02-05 08:13:26,btc,1.4711589029910406,0.0,0.00004350,btc,30888.43798475,0.57091543,2.6046904578527994,100
0,[],2,[],2019-01-20 23:23:55,0.0,0,0,6476914,2019-01-20 23:23:55,,0.0,0.0,0,,0.0,0.0,0.0,100
1,[],22,[],2019-02-05 08:07:49,50000.0,0.00000001,0.000000000000346472,6588083,2019-02-05 08:07:49,BTC,23.50383609,0.0,0.00000001,BTC,11277.22,0.0,0.0005,101
1,[],4,[],2019-02-05 08:07:50,162441.14389962,0.00000100,0.0000000000346472,6588084,2019-02-05 08:07:50,btc,0.3895104901139352,0.0,0.00000100,btc,144858.9914986,0.02642895,0.1115823079822246,103
1,[],12,[],2019-02-05 08:13:27,88487951.5303887,0.000000016,0.0000000000005548048000000001,6588264,2019-02-05 08:13:27,btc,138278909.98204482,0.0,0.000000016,btc,133557011.42064688,0.11858638914185242,0.6716611394862192,105
1,[],27,[],2019-02-05 08:13:29,10159100.89,0.00000001,0.00000000000034675300000000003,6588265,2019-02-05 08:13:29,btc,0.620832568896094,2305.0,0.00000001,btc,708411.74181977,2.305e-05,0.1015910089,105
0,[],22,[],2019-02-05 08:07:55,0.0,0,0,6588087,2019-02-05 08:07:55,,1.07253299,0.0,0,,94300.0,0.0,0.0,107
1,[],26,[],2019-02-05 08:07:55,0.0,0.00000000,0,6588088,2019-02-05 08:07:55,btc,0.0,0.0,0.00000000,btc,0.0,0.0,0.0,107
1,[],5,[],2019-02-05 08:07:57,3e-08,0.00000002,0.000000000000692944,6588089,2019-02-05 08:07:57,btc,2.88743368,0.00689501,0.00000002,btc,1.649e-05,0.0,0.12640407,112
1,[],22,[],2019-02-05 08:08:00,2229188.0,0.00000002,0.000000000000692944,6588090,2019-02-05 08:08:00,BTC,2.81683288,0.0,0.00000002,BTC,808529.0833333334,0.0,0.02960411,112
0.000000000310577,[],27,[],2019-02-05 08:08:02,500000.0,3.10577e-18,1.07606234344e-22,6588091,2019-02-05 08:08:02,eth,1.25132491849924,0.0,0.00000001,"btc,eth",1327.641654,0.0,1.552885e-12,112
1,[],4,[],2019-02-05 08:13:29,503289.9273149,0.00000432,0.000000000149797296,6588266,2019-02-05 08:13:29,btc,0.5856499364102186,0.0,0.00000432,btc,98831.64328196,0.19015374,0.3990443914368928,113
1,[],5,[],2019-02-05 08:13:31,2.471e-05,0.00000391,0.000000000135580423,6588267,2019-02-05 08:13:31,btc,2.18906302,0.00010668,0.00000391,btc,0.00334045,0.0,0.2048707,113
1,[],17,[],2019-02-05 08:08:06,174538.724,0.00000004,0.000000000001385888,6588094,2019-02-05 08:08:06,btc,1.336803027408583,0.0,0.00000004,btc,51896.221,0.0,0.00308154896,116
0,[],27,[],2019-02-05 08:08:07,0.0,0,0,6588095,2019-02-05 08:08:07,,0.0,0.0,0,btc,0.0,0.0,0.0,116
1,[],4,[],2019-02-05 08:13:31,41834.58531804,0.00002657,0.000000000921322721,6588268,2019-02-05 08:13:31,btc,0.6125944360418176,0.0,0.00002657,btc,19456.65095275,0.51483757,0.7912991917407849,120
1,[],7,[],2019-02-05 08:13:32,15051.97047385,0.0000180700000000000014798752501210543641718686558306217193603515625,0.0000000006265826710000001,6588269,2019-02-05 08:13:32,btc,88979.21846582482,0.0,0.0000180700000000000014798752501210543641718686558306217193603515625,btc,29529.24485471,0.0,0.1346069904500852,120
1,[],20,[],2019-02-05 08:13:35,1617028.1906,0.000000014,0.0000000000004854542,6588270,2019-02-05 08:13:35,btc,33.7487591931607,0.0,0.000000014,btc,1063782.1766,0.0,0.0089722132172,125
1,[],22,[],2019-02-05 08:13:38,3053.0,0.00000001,0.00000000000034675300000000003,6588271,2019-02-05 08:13:38,BTC,0.01444889,0.0,0.00000001,BTC,296264.5111111111,0.0,3.053e-05,126
1,[],4,[],2019-02-05 08:13:39,88603.36238473,0.00001703,0.0000000005905203590000001,6588272,2019-02-05 08:13:39,btc,0.498099043451559,0.0,0.00001703,btc,25215.20117679,0.43324187,0.5907132029362339,131
0,[],17,[],2019-02-05 08:13:40,0.0,0,0,6588273,2019-02-05 08:13:40,btc,0.0009561751951600001,0.0,0,btc,35.42829368,0.0,0.0,131
0,[],2,[],2019-01-20 23:25:46,0.0,0,0,6476969,2019-01-20 23:25:46,,0.0,0.0,0,,0.0,0.0,0.0,131
1,[],4,[],2019-02-05 08:08:17,4608.07601277,0.00016000,0.000000005543552,6588102,2019-02-05 08:08:17,btc,1.6408197366849415,0.0,0.00016000,btc,302.35845559,0.0,0.0113649733251741,135
1,[],3,[],2019-02-05 08:08:18,1872383.33745658,0.00000007,0.000000000002425304,6588103,2019-02-05 08:08:18,btc,0.1427313167232042,72463.2284975,0.00000007,btc,435892.26562585,0.0,0.0700289114460393,136
1,[],4,[],2019-02-05 08:13:41,89953.50204727,0.00000176,0.00000000006102852800000001,6588274,2019-02-05 08:13:41,btc,0.0976564816156973,0.0,0.00000176,btc,42782.69056484,0.03013819,0.1226628886028126,137
1,[],12,[],2019-02-05 08:13:42,302250.55844157,0.000001799999999999999918546601286595265634105089702643454074859619140625,0.00000000006241554,6588275,2019-02-05 08:13:42,btc,11982.845177052042,0.0,0.000001799999999999999918546601286595265634105089702643454074859619140625,btc,124359.7680192,0.0215227907694879,0.0343722500000178,137
1,[],5,[],2019-02-05 08:13:43,0.00164042,0.00004356,0.0000000015104560680000002,6588276,2019-02-05 08:13:43,btc,3.55016567,4.43875814,0.00004356,btc,0.00322874,0.0,2.02180641,142
1,[],17,[],2019-02-05 08:13:45,12500.0,0.0000001,0.0000000000034675300000000003,6588277,2019-02-05 08:13:45,btc,20.26102157900839,0.0,0.0000001,btc,5931.99821453,0.0,0.00125,142
1,[],20,[],2019-02-05 08:13:47,150280.8386,0.00004058,0.0000000014071236740000002,6588278,2019-02-05 08:13:47,btc,2.51826764758,6857.6259,0.00004058,btc,5189.8419,0.294382142967,0.2719704140723,142
1,[],22,[],2019-02-05 08:13:50,962.0,0.00001800,0.0000000006241554,6588279,2019-02-05 08:13:50,BTC,3.00449528,0.0,0.00001800,BTC,899.098,0.0,0.0001637,142
0.0,[],25,[],2019-02-05 08:13:51,0.0,0,0,6588280,2019-02-05 08:13:51,,0.0,0.0,0.0,btc,0.0,0.0,0.0,142
1,[],28,[],2019-02-05 08:13:53,78705.0,0.00002600,0.0000000009015578000000001,6588281,2019-02-05 08:13:53,btc,0.0404216555,1492.001,0.00002600,btc,805.999,0.0,0.0350237,142
0,[],22,[],2019-02-05 08:08:36,0.0,0,0,6588112,2019-02-05 08:08:36,,60.27052098,0.0,0,,806457049.8,0.0,0.0,143
1,[],21,[],2019-02-05 08:08:37,28582427.46933865,0.00000026,0.000000000009008271999999999,6588113,2019-02-05 08:08:37,btc,52.83996092067728,3906259.8544511,0.00000026,btc,91464088.72355318,1.02968472,3.601745642090646,145
0,[],22,[],2019-02-05 08:08:39,0.0,0,0,6588114,2019-02-05 08:08:39,,3.05486829,0.0,0,,1890927.5,0.0,0.0,146
,[],22,[],2018-11-20 23:01:11,0.0,0,0,4862114,2018-11-20 23:01:11,,2.56807021,0.0,,,61828.4988236,0.0,0.0,147
1,[],12,[],2019-02-05 08:08:40,8688200.67573886,0.00000336999999999999992161651973798797143899719230830669403076171875,0.00000000011676106399999999,6588115,2019-02-05 08:08:40,btc,16.50694639470955,0.0,0.00000336999999999999992161651973798797143899719230830669403076171875,btc,112894.59564471,0.0153130146931675,0.1253262199996668,148
1,[],4,[],2019-02-05 08:08:41,316723.27323502,0.00000040,0.00000000001385888,6588116,2019-02-05 08:08:41,btc,0.6849271965223368,0.0,0.00000040,btc,496866.15536978,0.0,0.0708327082527071,152
0,[],22,[],2019-02-05 08:08:43,0.0,0,0,6588117,2019-02-05 08:08:43,,0.0,0.0,0,,0.0,0.0,0.0,152
1,[],5,[],2019-02-05 08:08:45,0.0,0,0,6588118,2019-02-05 08:08:45,btc,4.41744381,0.0,0,btc,0.00161275,0.0,0.0,153
,[],16,[],2019-01-11 15:38:59,0.0,0,0,6366141,2019-01-11 15:38:59,btc,0.0,0.0,,btc,0.0,0.0,0.0,155
0,[],22,[],2019-02-05 08:13:55,0.0,0,0,6588282,2019-02-05 08:13:55,,6.73312347,0.0,0,,4564272.742592593,0.0,0.0,156
0,[],23,[],2019-01-20 23:24:29,0.0,0,0,6476932,2019-01-20 23:24:29,,0.0,0.0,0,,0.0,0.0,0.0,156
1,[],22,[],2019-02-05 08:13:58,7906.0,0.00000801,0.000000000277749153,6588283,2019-02-05 08:13:58,BTC,43.78801181,0.0,0.00000801,BTC,1067.5805334758436,0.0,0.00743836,157
0,[],22,[],2019-02-05 08:08:53,0.0,0,0,6588121,2019-02-05 08:08:53,,50175.6753658,0.0,0,,54007107.04179466,0.0,0.0,158
,[],17,[],2018-11-20 22:56:10,0.0,0,0,4861976,2018-11-20 22:56:10,btc,1.1265625,0.0,,btc,1000.0,0.0,0.0,159
,[],20,[],2018-11-20 22:56:12,0.0,0,0,4861977,2018-11-20 22:56:12,btc,11912.7940471,0.0,,btc,34413894.3617,0.0,0.0,159
1,[],12,[],2019-02-05 08:14:00,198788.98546099,0.000007900000000000000595422149085589325068212929181754589080810546875,0.00000000027393487000000004,6588284,2019-02-05 08:14:00,btc,6.6869987201348176,0.0,0.000007900000000000000595422149085589325068212929181754589080810546875,btc,14825.29828389,0.0049105337097304,0.08680467256291,168
1,[],17,[],2019-02-05 08:14:02,29784.95,0.000001,0.000000000034675300000000004,6588285,2019-02-05 08:14:02,btc,0.03026736251542,0.0,0.000001,btc,144.46171372,0.0,0.00716147,168
0,[],22,[],2019-02-05 08:14:05,0.0,0,0,6588286,2019-02-05 08:14:05,,1.14681919,0.0,0,,721558.1900917594,0.0,0.0,169
1,[],22,[],2019-02-05 08:09:01,202215.2566532258,0.00000032,0.000000000011087104,6588125,2019-02-05 08:09:01,BTC,10.32521447,0.0,0.00000032,BTC,112598.16108235919,0.00430534,0.0251,171
1,[],22,[],2019-02-05 08:09:04,243145.52380952382,0.0000003,0.00000000001039416,6588126,2019-02-05 08:09:04,BTC,2.65670975,0.0,0.0000003,BTC,218459.9104897285,0.00661402,0.02285534,173
1,[],5,[],2019-02-05 08:14:07,2.04e-05,0.00000314,0.00000000010888044200000001,6588287,2019-02-05 08:14:07,btc,0.37560738,0.08871878,0.00000314,btc,0.00030639,0.0,0.71810847,175
1,[],22,[],2019-02-05 08:14:10,50749.25714285715,0.00000041,0.000000000014216873000000002,6588288,2019-02-05 08:14:10,BTC,0.63358303,0.0,0.00000041,BTC,155090.40184992214,0.0,0.01728557,176
1,[],7,[],2019-02-05 08:14:12,0.0,0,0,6588289,2019-02-05 08:14:12,btc,233187.8026514405,0.0,0,btc,115099540.36229606,0.0,0.0,178
0,[],22,[],2019-02-05 08:14:15,0.0,0,0,6588290,2019-02-05 08:14:15,,1.00242428,0.0,0,,57512.0,0.0,0.0,178
0,[],2,[],2019-01-20 23:28:34,0.0,0,0,6477001,2019-01-20 23:28:34,,0.0,0.0,0,,0.0,0.0,0.0,178
1,[],5,[],2019-02-05 08:14:17,3e-08,0.00000002,0.0000000000006935060000000001,6588291,2019-02-05 08:14:17,btc,16.96942918,0.06643863,0.00000002,btc,2.088e-05,0.0,1.25901064,179
1,[],22,[],2019-02-05 08:14:20,8340773.0,0.00000002,0.0000000000006935060000000001,6588292,2019-02-05 08:14:20,BTC,5.51393082,0.0,0.00000002,"BTC,LTC",18589483.068656635,0.00010938000075674849,0.3940753,179
0,[],23,[],2019-01-20 23:25:08,0.0,0,0,6476952,2019-01-20 23:25:08,,0.0,0.0,0,,0.0,0.0,0.0,179
1,[],17,[],2019-02-05 08:14:22,10504.725,0.0000001,0.0000000000034675300000000003,6588293,2019-02-05 08:14:22,btc,5.206166879877334,0.0,0.0000001,btc,6755.0074587,0.0,0.0010504725,180
1,[],22,[],2019-02-05 08:14:26,39521.94545454546,0.00000011,0.000000000003814283000000001,6588294,2019-02-05 08:14:26,BTC,0.09618191,0.0,0.00000011,"BTC,LTC",16812.39315481,3.08e-06,0.00413387,180
1,[],26,[],2019-02-05 08:14:26,0.0,0.00000010,0.0000000000034675300000000003,6588295,2019-02-05 08:14:26,btc,0.0,0.0,0.00000010,btc,0.0,0.0,0.0,180
,[],7,[],2018-11-20 22:58:01,562227.975654,0.00000085,0.000000000036176765,4862015,2018-11-20 22:58:01,btc,21836.6059674,2491.87645172,,btc,749999.041456,0.00211021,0.127565380455,183
,[],5,[],2019-01-10 08:11:41,0.0,0,0,6347036,2019-01-10 08:11:41,btc,82.15055501,0.00261,,btc,1.19002445,0.0,0.0,187
1,[],24,[],2019-02-05 08:14:27,0.0,0.000000000001,3.4675300000000005e-17,6588296,2019-02-05 08:14:27,btc,0.0,0.0,0.000000000001,btc,0.0,0.0,0.0,187
,[],17,[],2018-11-16 20:58:10,4062536.27273,0.00000001,0.000000000000550501,4708775,2018-11-16 20:58:10,btc,3.36492563466,0.195460381006,,"btc,eth",110697919.549,0.0,0.0157628953496,187
0,[],22,[],2019-02-05 08:14:29,0.0,0,0,6588297,2019-02-05 08:14:29,,1.19382741,0.0,0,,13380.036201072173,0.0,0.0,191
0,[],22,[],2019-02-05 08:09:29,0.0,0,0,6588138,2019-02-05 08:09:29,,0.0,0.0,0,,0.0,0.0,0.0,197
0,[],23,[],2019-01-20 23:31:41,0.0,0,0,6477079,2019-01-20 23:31:41,,0.0,0.0,0,,0.0,0.0,0.0,199
1,[],26,[],2019-02-05 08:14:29,0.0,0.00000000,0,6588298,2019-02-05 08:14:29,btc,0.0,639909.0,0.00000000,btc,0.0,0.0,0.0,199
0,[],17,[],2019-01-30 16:32:01,0.0,0,0,6540827,2019-01-30 16:32:01,btc,6.802544163788159,0.0,0,btc,105897.55575295,0.0,0.0,200
0,[],2,[],2019-01-20 23:30:49,0.0,0,0,6477059,2019-01-20 23:30:49,,0.0,0.0,0,,0.0,0.0,0.0,201
1,[],4,[],2019-01-25 15:51:35,2084389.58565343,0.00000936,0.000000000333526752,6499557,2019-01-25 15:51:35,btc,2.0092503037378524,0.0,0.00000936,btc,160195.80207885,0.19272417,1.242687955921835,211
1,[],7,[],2019-02-05 08:14:33,16424449.85749845,0.000001489999999999999921986774779891771203210737439803779125213623046875,0.000000000051666197,6588299,2019-02-05 08:14:33,btc,16567795.217101667,306461.504971,0.000001489999999999999921986774779891771203210737439803779125213623046875,btc,12599444.77140238,0.0,8.51293296154038,212
1,[],12,[],2019-01-25 02:44:32,207462.42853209,0.000001080000000000000035831255497387193287295303889550268650054931640625,0.000000000038610756000000006,6493050,2019-01-25 02:44:32,btc,85023.03793723314,0.0,0.000001080000000000000035831255497387193287295303889550268650054931640625,btc,43675.73520027,0.000146250909087,0.0348620860622024,213
1,[],5,[],2019-02-05 08:14:34,5.01e-06,0.00000035,0.000000000012136355,6588300,2019-02-05 08:14:34,btc,1.13574845,0.15835288,0.00000035,btc,3.325e-05,0.0,0.20234046,213
1,[],24,[],2019-02-05 08:14:34,0.0,0.000000050000,0.0000000000017337650000000001,6588301,2019-02-05 08:14:34,btc,0.0,0.0,0.000000050000,btc,0.0,0.0,0.0,213
1,[],26,[],2019-02-05 08:14:34,0.0,0.00000009,0.0000000000031207770000000002,6588302,2019-02-05 08:14:34,btc,0.0,0.0,0.00000009,btc,0.0,0.0,0.0,213
1,[],22,[],2019-02-05 08:14:38,276400.0,0.00000002,0.0000000000006935060000000001,6588303,2019-02-05 08:14:38,BTC,70.20492877,0.0,0.00000002,BTC,291693.63137942314,0.0,0.004714,216
1,[],27,[],2019-02-05 08:14:40,5054765.0,0.00000016,0.0000000000055480480000000004,6588304,2019-02-05 08:14:40,btc,313.98420755276,18000.0,0.00000016,"btc,ltc",287278.49411,0.00666,0.0516927,216
1,[],22,[],2019-02-05 08:14:43,250365.48250399102,0.00000233,0.00000000008079344900000001,6588305,2019-02-05 08:14:43,BTC,12677.93069311,0.0,0.00000233,BTC,495833.9021207286,0.00556574,0.31980442,217
1,[],7,[],2019-02-05 08:14:44,0.0,0,0,6588306,2019-02-05 08:14:44,btc,77970.02600413912,0.0,0,btc,134531561.1214003,0.0,0.0,219
0,[],27,[],2019-02-05 08:14:45,0.0,0,0,6588307,2019-02-05 08:14:45,,5.3418937883169715,0.0,0,btc,1605140.99226592,0.0,0.0,219
0.0000000000000054,[],28,[],2019-02-05 08:14:48,205554034.567,6.0210000000000005e-18,2.0877998130000003e-22,6588308,2019-02-05 08:14:48,doge,88554.0318717675,9236.0,0.00111500,"btc,doge",4969437.84751,0.0,2.8862570244985796e-11,219
1,[],22,[],2019-02-05 08:14:51,217031.0,0.00000056,0.000000000019418168,6588309,2019-02-05 08:14:51,BTC,2.99954627,0.0,0.00000056,BTC,32610.55212317522,0.00289422,0.02772918,221
1,[],24,[],2019-02-05 08:14:51,0.0,0.000000550000,0.000000000019071415,6588310,2019-02-05 08:14:51,btc,0.0,0.0,0.000000550000,btc,0.0,0.0,0.0,221
1,[],20,[],2019-02-05 08:14:53,5676875.7901,0.000000008,0.00000000000027740240000000003,6588311,2019-02-05 08:14:53,btc,5.6328668588862,632405.1002,0.000000008,btc,6933449.2286,0.0069167812978,0.0138706566564,224
0,[],22,[],2019-02-05 08:14:55,0.0,0,0,6588312,2019-02-05 08:14:55,,0.0,0.0,0,,0.0,0.0,0.0,224
1,[],26,[],2019-02-05 08:14:55,0.0,0.00000022,0.000000000007628566000000001,6588313,2019-02-05 08:14:55,btc,0.0,0.0,0.00000022,btc,0.0,0.0,0.0,231
1,[],26,[],2019-02-05 08:14:56,0.0,0.00000005,0.0000000000017337650000000001,6588314,2019-02-05 08:14:56,btc,0.0,0.0,0.00000005,btc,0.0,0.0,0.0,234
0,[],27,[],2019-02-05 08:14:58,0.0,0,0,6588315,2019-02-05 08:14:58,,0.0113483662182,0.0,0,"btc,eth",11462.99618,0.0,0.0,234
0.00000000009912870000000001,[],22,[],2019-02-05 08:15:01,4900000.0,9.91287e-19,3.437317411110001e-23,6588316,2019-02-05 08:15:01,LTC,2.82421019,0.0,0.00000001,LTC,99533768.06349206,1.9825740000000003e-14,0.049,235
1,[],4,[],2019-02-05 08:10:07,821567.35793099,0.00000058,0.000000000020095376,6588158,2019-02-05 08:10:07,btc,0.1462042689472333,0.0,0.00000058,btc,141628.33690981,0.02564214,0.1728748723364367,236
1,[],24,[],2019-02-05 08:10:08,0.0,0.000000010000,0.000000000000346472,6588159,2019-02-05 08:10:08,btc,0.0,0.0,0.000000010000,btc,0.0,0.0,0.0,236
1,[],20,[],2019-02-05 08:15:03,20078923.0172,0.000000058,0.0000000000020111674000000003,6588317,2019-02-05 08:15:03,btc,16.2880468425614,12817441.9002,0.000000058,btc,26624536.0742,0.7810627013986,0.3399832463909,237
1,[],22,[],2019-02-05 08:15:06,10000.0,0.00000001,0.00000000000034675300000000003,6588318,2019-02-05 08:15:06,BTC,0.04083605,0.0,0.00000001,BTC,4179.0,0.0,0.0001,237
1,[],4,[],2019-02-05 08:15:07,3901816.73012011,0.00000033,0.000000000011442849000000001,6588319,2019-02-05 08:15:07,btc,0.500937286681403,0.0,0.00000033,btc,1243004.63916744,0.60149717,1.1972075698398472,238
1,[],5,[],2019-02-05 08:15:08,4.29e-06,0.00000033,0.000000000011442849000000001,6588320,2019-02-05 08:15:08,btc,0.72568933,0.00284031,0.00000033,btc,2.957e-05,0.0,0.31580648,238
1,[],22,[],2019-02-05 08:15:11,171072.33333333334,0.00000003,0.000000000001040259,6588321,2019-02-05 08:15:11,BTC,15.41405994,0.0,0.00000003,BTC,304186.5639027493,0.00086747,0.00513217,249
0.00000000009907920000000001,[],22,[],2019-02-05 08:10:28,1311049.0,2.9723760000000002e-18,1.029845057472e-22,6588165,2019-02-05 08:10:28,LTC,0.44674863,0.0,0.00000003,LTC,14147150.89,0.0,0.03833449,252
1,[],28,[],2019-02-05 08:15:14,2320788.578,0.00000009,0.0000000000031207770000000002,6588322,2019-02-05 08:15:14,btc,164692.29902255893,54032.011,0.00000009,btc,674053.1485,0.0,0.07894288099,256
1,[],22,[],2019-02-05 08:15:18,116442.0,0.00000001,0.00000000000034675300000000003,6588323,2019-02-05 08:15:18,BTC,30.20656659,0.0,0.00000001,BTC,456125.98909895687,0.0004346,0.00116442,258
1,[],22,[],2019-01-26 20:58:41,368451.0,0.00000001,0.000000000000356135,6510120,2019-01-26 20:58:41,BTC,2.642917,0.0,0.00000001,"BTC,LTC",1862.0,0.0,0.02488451,259
1,[],22,[],2019-02-05 08:15:21,44934.09428571429,0.00000700,0.0000000002427271,6588324,2019-02-05 08:15:21,BTC,4.70995114,0.0,0.00000700,BTC,8478.439143195397,0.0,0.089659,262
1,[],5,[],2019-02-05 08:15:23,6.213e-05,0.00000321,0.000000000111307713,6588325,2019-02-05 08:15:23,btc,0.88357926,0.24730099,0.00000321,btc,0.0005746,0.0,0.2191362,264
1,[],20,[],2019-02-05 08:15:25,1167119.0163,0.00000256,0.00000000008876876800000001,6588326,2019-02-05 08:15:25,btc,4.9975917665398,9471.6716,0.00000256,btc,94619.762,0.040319138115,0.0239886680604,264
1,[],22,[],2019-02-05 08:15:30,131617.0,0.00000002,0.0000000000006935060000000001,6588327,2019-02-05 08:15:30,BTC,8.52098902,0.0,0.00000002,BTC,337937.0984647885,6.8e-05,0.00213471,271
0,[],22,[],2019-02-05 08:15:32,0.0,0,0,6588328,2019-02-05 08:15:32,,369.26513139,0.0,0,,14581807828.9,0.0,0.0,272
0.0000000000000054,[],28,[],2019-02-05 08:15:34,254269668996.792,6.48e-21,2.2469594400000004e-25,6588329,2019-02-05 08:15:34,doge,299028345.1856907,1129640228.0,0.00000120,doge,158440537338.041,0.0,8.788161753474775e-10,272
0,[],22,[],2019-02-05 08:10:55,0.0,0,0,6588174,2019-02-05 08:10:55,,0.0,0.0,0,,0.0,0.0,0.0,281
