pairValue,buyBook,exchangeId,sellBook,updated,buyTotal,satoshiPrice,usdPrice,exchangeLogId,created,bestPair,sellTotalBtc,volume,pairPrice,activePairs,sellTotal,volumeBtc,buyTotalBtc,coinId
1,[],3,[],2019-06-26 14:47:46,31395.935935627807,0.00845622000000000040298431258634082041680812835693359375,0.000001095641983008000025915184039,7767737,2019-06-26 14:47:46,btc,9.389861297312894,59.521808307,0.00845622000000000040298431258634082041680812835693359375,btc,41.619085134133,0.0,0.28480170864498633,1
1,[],4,[],2019-06-26 14:47:47,207796.59513637,0.00846967,0.000001097384651087999973660129176,7767738,2019-06-26 14:47:47,btc,9.395393449020021,0.0,0.00846967,btc,441.79431961,6.58136368,0.5936514708054896,1
1,[],5,[],2019-06-26 14:47:49,0.0,0,0,7767739,2019-06-26 14:47:49,btc,0.0,0.28081417,0,btc,0.0,0.0,0.0,1
1,[],10,[],2019-06-26 14:47:51,325603.90966702,0.00220512,0.00000028570945996800003,7767740,2019-06-26 14:47:51,btc,6521.421056842734,1583.33485427,0.00220512,btc,1261.05529372,0.0,1.6429462480697825,1
1,[],12,[],2019-06-26 14:47:54,97.74523044,0.00856999999999999949318318925861603929661214351654052734375,0.000001110384047999999907681682759,7767741,2019-06-26 14:47:54,btc,0.26126855052750003,0.0,0.00856999999999999949318318925861603929661214351654052734375,btc,24.05997938,1.316378882756,0.1382148376336,1
1,[],20,[],2019-06-26 14:47:56,928.1965,0.00801003,0.000001037830750991999975089566004,7767742,2019-06-26 14:47:56,btc,0.1512004840719,2.2589,0.00801003,btc,11.3495,0.0229610081029,0.1259935852343,1
1,[],21,[],2019-06-26 14:47:56,2095.09099298,0.008605440000000000658197940595,0.000001114975881216000058518234996,7767743,2019-06-26 14:47:56,btc,9.951937173553517,15229.17797525,0.00860544000000000065819794059507330530323088169097900390625,"btc,eth",1437.26600237,123.33802239770961,13.910973001639862,1
1,[],22,[],2019-06-26 14:48:00,0.0199,0.00110000,0.00000014252304,7767744,2019-06-26 14:48:00,BTC,0.01666796,0.0,0.00110000,BTC,0.25318100557485945,0.0,2.189e-05,1
1,[],24,[],2019-06-26 14:48:01,0.0,0.000000000000,0,7767745,2019-06-26 14:48:01,btc,0.0,0.0,0.000000000000,btc,0.0,0.0,0.0,1
0.0,[],25,[],2019-06-26 14:48:02,0.0,0,0,7767746,2019-06-26 14:48:02,btc,50.484499998577824,18744.89956416,0.0,btc,5669.66042731,176.831,0.0,1
1,[],26,[],2019-06-26 14:48:06,0.0,0,0,7767747,2019-06-26 14:48:06,,0.0,0.0,0,,0.0,0.0,0.0,1
0,[],28,[],2019-06-26 14:48:08,0.0,0,0,7767748,2019-06-26 14:48:08,,0.0,0.0,0,,0.0,0.0,0.0,1
0,[],2,[],2019-01-20 23:28:45,0.0,0,0,6477011,2019-01-20 23:28:45,,0.0,0.0,0,,0.0,0.0,0.0,1
1,[],5,[],2019-06-17 14:29:02,0.0,0,0,7740076,2019-06-17 14:29:02,btc,0.0,2.72e-05,0,btc,0.0,0.0,0.0,2
1,[],22,[],2019-06-17 14:29:06,11550.3,0.0000002,0.0000000000185828,7740077,2019-06-17 14:29:06,BTC,21.00897301,0.0,0.0000002,"BTC,XMR",20678.87287795317,1.754e-05,0.00143681,2
1,[],5,[],2019-06-03 14:48:58,0.0,0,0,7731126,2019-06-03 14:48:58,btc,0.0,0.05905545,0,btc,0.0,0.0,0.0,3
1,[],12,[],2019-06-03 14:48:59,3468623.70302,0.000000116,0.000000000009823402000000002,7731127,2019-06-03 14:48:59,btc,169531.0336573751,0.0,0.000000116,btc,2361209.62379607,0.041350953071,0.33764769154428,3
0,[],28,[],2019-06-03 14:49:00,0.0,0,0,7731128,2019-06-03 14:49:00,,0.0,0.0,0,,0.0,0.0,0.0,3
0,[],2,[],2019-01-20 23:31:32,0.0,0,0,6477077,2019-01-20 23:31:32,,0.0,0.0,0,,0.0,0.0,0.0,4
1,[],4,[],2019-05-18 21:29:50,562734.9206932,0.00000010,0.000000000007298720000000001,7650946,2019-05-18 21:29:50,btc,41.9347137769675,0.0,0.00000010,btc,1123702.32192634,0.00052462,0.029254593370966,4
0,[],12,[],2019-06-02 05:03:43,0.0,0,0,7724919,2019-06-02 05:03:43,btc,625.901992874995,0.0,0,btc,1211362.4995005,0.0,0.0,5
0,[],2,[],2019-01-20 23:31:51,0.0,0,0,6477087,2019-01-20 23:31:51,,0.0,0.0,0,,0.0,0.0,0.0,6
1,[],11,[],2019-06-26 14:48:09,6351847.276736,0.00000001,0.000000000001295664,7767749,2019-06-26 14:48:09,btc,9583.564929362632,10000.0,0.00000001,btc,76260844.64770687,0.0,0.06351847276736,6
1,[],3,[],2019-06-26 14:48:10,11529.948866225666,0.000050850000000000002728199610668724517381633631885051727294921875,0.00000000658845144,7767750,2019-06-26 14:48:10,btc,1026.2840496605593,627.29874475,0.000050850000000000002728199610668724517381633631885051727294921875,btc,366.257407854402,0.0,0.013054630358088865,7
1,[],4,[],2019-06-26 14:48:10,315409.46161366,0.00006333,0.000000008205440112,7767751,2019-06-26 14:48:10,btc,6.602198116326989,0.0,0.00006333,btc,51427.834332,1.53118228,1.6487712086698942,7
1,[],5,[],2019-06-26 14:48:12,0.0,0,0,7767752,2019-06-26 14:48:12,btc,0.0,0.10235138,0,btc,0.0,0.0,0.0,7
1,[],20,[],2019-04-07 22:06:50,3201475.0482,0.000000001,0.000000000000051590000000000004,7213932,2019-04-07 22:06:50,btc,30.8005781811902,0.0,0.000000001,btc,23077405.3926,0.0,0.0032014750482,8
0,[],2,[],2019-01-20 23:22:42,0.0,0,0,6476876,2019-01-20 23:22:42,,0.0,0.0,0,,0.0,0.0,0.0,9
0,[],23,[],2019-01-20 23:22:48,0.0,0,0,6476878,2019-01-20 23:22:48,,0.0,0.0,0,,0.0,0.0,0.0,9
1,[],1,[],2019-02-17 23:31:42,1822507.21,0.00000181000000000000003456111265232042484285557293333113193511962890625,0.000000000066086901,6701244,2019-02-17 23:31:42,btc,3.6990969245,17153386.5,0.00000181000000000000003456111265232042484285557293333113193511962890625,btc,1997391.71,31.11772986,3.2610482446,9
1,[],4,[],2019-06-26 14:48:14,2360457.44387331,0.00000041,0.000000000053122224,7767753,2019-06-26 14:48:14,btc,2.888653375418032,0.0,0.00000041,btc,2998451.23261069,0.46376118,0.506963571136351,9
0,[],28,[],2019-06-26 14:48:16,0.0,0,0,7767754,2019-06-26 14:48:16,,0.0,0.0,0,,0.0,0.0,0.0,9
1,[],4,[],2019-02-17 11:22:43,4341674.27126056,0.00000002,0.0000000000007272960000000001,6696112,2019-02-17 11:22:43,btc,0.1997230937751353,0.0,0.00000002,btc,4109766.79808031,0.00215132,0.0479381022052112,10
0,[],2,[],2019-01-20 23:23:08,0.0,0,0,6476890,2019-01-20 23:23:08,,0.0,0.0,0,,0.0,0.0,0.0,12
1,[],4,[],2019-06-26 14:48:17,40794098.57474429,0.00000025,0.0000000000323916,7767755,2019-06-26 14:48:17,btc,6.889447434663231,0.0,0.00000025,btc,8224924.98763641,0.6747888,1.580762530023763,12
1,[],5,[],2019-06-26 14:48:18,0.0,0,0,7767756,2019-06-26 14:48:18,btc,0.0,0.04872273,0,btc,0.0,0.0,0.0,12
0.0,[],25,[],2019-06-26 14:48:20,0.0,0,0,7767757,2019-06-26 14:48:20,,0.0,0.0,0.0,btc,0.0,0.0,0.0,12
1,[],4,[],2019-06-26 14:48:20,569138.80016317,0.00000270,0.00000000034982927999999997,7767758,2019-06-26 14:48:20,btc,1.9822187568814722,0.0,0.00000270,btc,338776.05588793,0.29678478,0.2752283777482541,13
1,[],10,[],2019-06-26 14:48:23,601059.53369543,0.00000284,0.000000000367968576,7767759,2019-06-26 14:48:23,btc,666797.87550774,45376.3758996,0.00000284,btc,868320.53469098,0.0,0.2462104693567154,13
1,[],21,[],2019-06-26 14:48:24,5912481.96685025,0.000002820000000000000105323735844,0.000000000365377248,7767760,2019-06-26 14:48:24,btc,3.7623280794460743,1174164.44042331,0.00000282000000000000010532373584393184273721999488770961761474609375,btc,1016149.31686645,3.43011489,2.5349729304239075,13
1,[],26,[],2019-06-26 14:14:17,0.0,0.00000050,0.00000000006453895,7767704,2019-06-26 14:14:17,btc,0.0,0.0,0.00000050,btc,0.0,0.0,0.0,14
1,[],4,[],2019-06-26 14:48:25,944079.8996759,0.00000044,0.000000000057009216,7767761,2019-06-26 14:48:25,btc,3.7677714580948716,0.0,0.00000044,btc,1563647.55859006,0.01569399,0.0687482384237274,14
1,[],12,[],2019-06-26 14:48:26,231879.47804449,0.00000051,0.000000000066078864,7767762,2019-06-26 14:48:26,btc,193.4813137206603,0.0,0.00000051,btc,37572.58920806,0.007375811539,0.013053799999986699,14
0,[],17,[],2019-05-03 00:53:32,0.0,0,0,7558876,2019-05-03 00:53:32,btc,0.0,0.0,0,btc,0.0,0.0,0.0,14
0,[],4,[],2019-06-26 14:14:18,0.0,0,0,7767705,2019-06-26 14:14:18,,0.0,0.0,0,,0.0,0.0,0.0,15
,[],12,[],2018-12-01 15:15:48,204241.84496,0.00000489,0.000000000202473384,5260204,2018-12-01 15:15:48,btc,49.5475654835,0.0,,btc,35763.2193806,0.0163153972027625,0.0203389899998,15
1,[],4,[],2019-06-26 13:52:11,29009.24109868,0.00000852,0.0000000010983643200000001,7767587,2019-06-26 13:52:11,btc,2.451193938168686,0.0,0.00000852,btc,16707.75263477,0.02695505,0.022039311240955,18
1,[],10,[],2019-06-26 13:52:13,420476.89869536,0.00000799,0.00000000103003884,7767588,2019-06-26 13:52:13,btc,14.890481207597109,18900.6432125,0.00000799,btc,10994.1162264,0.0,0.3136868685183567,18
1,[],12,[],2019-06-26 13:52:15,970.75513448,0.000008509999999999999837252580292545900420009274967014789581298828125,0.00000000109707516,7767589,2019-06-26 13:52:15,btc,0.5224312521127509,0.0,0.000008509999999999999837252580292545900420009274967014789581298828125,btc,1928.74278592,2.600966e-06,0.0038492509349148,18
0,[],2,[],2019-01-20 23:23:38,0.0,0,0,6476906,2019-01-20 23:23:38,,0.0,0.0,0,,0.0,0.0,0.0,18
0,[],17,[],2019-05-03 00:53:39,0.0,0,0,7558882,2019-05-03 00:53:39,btc,0.0,0.0,0,btc,0.0,0.0,0.0,18
0,[],2,[],2019-01-20 23:24:19,0.0,0,0,6476924,2019-01-20 23:24:19,,0.0,0.0,0,,0.0,0.0,0.0,19
1,[],3,[],2019-06-26 14:14:18,153293.79634248556,0.0000059599999999999996879470991195670848128429497592151165008544921875,0.000000000769304284,7767706,2019-06-26 14:14:18,btc,190.32540503691314,16275.943587,0.0000059599999999999996879470991195670848128429497592151165008544921875,btc,18460.646679183155,0.0,0.0514277476048713,19
1,[],4,[],2019-06-26 14:14:19,332656.56025085,0.00000810,0.00000000104553099,7767707,2019-06-26 14:14:19,btc,5.336724525448154,0.0,0.00000810,btc,254310.2534097,0.2633952,1.4037566903484668,19
1,[],5,[],2019-06-26 14:14:20,0.0,0,0,7767708,2019-06-26 14:14:20,btc,0.0,0.00611234,0,btc,0.0,0.0,0.0,19
1,[],12,[],2019-06-26 14:14:21,107340.75798617,0.0000060599999999999995775427918953681682978640310466289520263671875,0.000000000782212074,7767709,2019-06-26 14:14:21,btc,1.2063762323578926,0.0,0.0000060599999999999995775427918953681682978640310466289520263671875,btc,3003.56634116,1.7462537e-05,0.0105876099997469,19
0,[],27,[],2019-06-26 14:14:26,0.0,0,0,7767710,2019-06-26 14:14:26,,0.0,0.0,0,btc,0.0,0.0,0.0,19
1,[],4,[],2019-06-26 14:14:27,10058915.9657473,0.00000005,0.0000000000064538950000000005,7767711,2019-06-26 14:14:27,btc,5.170127655812324,0.0,0.00000005,btc,2245045.26778403,0.00297019,0.1159534342721316,20
0,[],4,[],2019-06-26 14:14:28,0.0,0,0,7767712,2019-06-26 14:14:28,,12503.52308048411,0.0,0,,84134481.80349497,0.0,0.0,21
0,[],12,[],2019-06-26 14:14:29,0.0,0,0,7767713,2019-06-26 14:14:29,btc,2602.952815246953,0.0,0,btc,8020363.49350646,5.654346e-06,0.0,21
0,[],17,[],2019-05-03 00:53:51,0.0,0,0,7558891,2019-05-03 00:53:51,btc,0.0,0.0,0,btc,0.0,0.0,0.0,21
1,[],12,[],2019-06-26 14:16:30,5948085165.277,0.0000000004,0.00000000000005163116000000001,7767714,2019-06-26 14:16:30,btc,1426620272818.793,0.0,0.0000000004,btc,2642879803.8505836,0.097151988537,1.4717538865108002,23
0.0000000002694708,[],27,[],2019-06-26 14:16:35,116117600.53796203,8.084124e-18,1.0434817492596002e-21,7767715,2019-06-26 14:16:35,eth,1072.79537230082,694196.96203796,0.00000003,eth,5546298.756,5.611974628428e-12,5.917346864498419e-10,23
1,[],4,[],2019-06-22 05:45:29,6100414.07522138,0.00000017,0.00000000001823352,7751732,2019-06-22 05:45:29,btc,10.22685272773715,0.0,0.00000017,btc,1790815.48208265,0.0,0.1345450262400025,24
0,[],22,[],2019-06-22 05:45:31,0.0,0,0,7751733,2019-06-22 05:45:31,,6.22e-05,0.0,0,,517.4264705882352,0.0,0.0,24
0.0,[],25,[],2019-06-22 05:45:32,0.0,0,0,7751734,2019-06-22 05:45:32,,0.0,0.0,0.0,btc,0.0,0.0,0.0,24
1,[],4,[],2019-06-26 14:16:36,26909210.56372549,0.00000337,0.00000000043499252300000006,7767716,2019-06-26 14:16:36,btc,6.297051315415564,0.0,0.00000337,btc,215695.71121692,0.06856939,0.3272831783231595,26
1,[],10,[],2019-06-26 14:16:38,163171.49228473,0.00000451,0.000000000582141329,7767717,2019-06-26 14:16:38,btc,25.35928566189749,5376.57592865,0.00000451,btc,19881.83116064,0.0,0.0518492240334648,26
0,[],2,[],2019-01-20 23:25:56,0.0,0,0,6476976,2019-01-20 23:25:56,,0.0,0.0,0,,0.0,0.0,0.0,26
1,[],5,[],2019-04-26 09:47:06,0.0,0,0,7465326,2019-04-26 09:47:06,btc,0.0,0.0,0,btc,0.0,0.0,0.0,27
1,[],3,[],2019-06-17 14:30:26,13571825.64059417,0.00000001,0.00000000000092914,7740112,2019-06-17 14:30:26,btc,3.485049956644059,4264730.43754,0.00000001,btc,23500048.28518193,0.0,0.1357182564059417,27
1,[],11,[],2019-06-17 14:30:28,2031833.58157834,0.00000001,0.00000000000092914,7740113,2019-06-17 14:30:28,btc,67502.92060589766,32677.9652116,0.00000001,btc,6487362.95640949,0.0,0.0203183358157834,27
1,[],4,[],2019-06-26 14:16:40,511360858.49803823,0.00000001,0.0000000000012907790000000001,7767718,2019-06-26 14:16:40,btc,8.84967213425093,0.0,0.00000001,"btc,ltc",528693005.45494413,3.06320611,1.4478040611330396,29
1,[],7,[],2019-06-26 14:16:41,65862588.63461273,0.00000001,0.0000000000012907790000000001,7767719,2019-06-26 14:16:41,btc,46548272.26835632,20680165.209,0.00000001,btc,40789211.57040084,0.20697936,0.6586258863461273,29
1,[],4,[],2019-06-26 13:56:39,15334253.61540175,0.00000003,0.00000000000386748,7767604,2019-06-26 13:56:39,btc,2.5886090158638044,0.0,0.00000003,btc,2251231.51566908,0.00634512,0.1652495969107151,30
0,[],17,[],2019-05-03 01:11:25,0.0,0,0,7559066,2019-05-03 01:11:25,btc,0.0,0.0,0,btc,0.0,0.0,0.0,30
1,[],4,[],2019-06-26 14:16:41,232132.58301626,0.00002911,0.000000003757457669,7767720,2019-06-26 14:16:41,btc,3.3741507276549294,0.0,0.00002911,btc,54627.50146463,0.63452063,0.3939118779074691,31
1,[],21,[],2019-06-26 14:16:42,801233.58996217,0.00002839999999999999913836284948,0.0000000036658123600000004,7767721,2019-06-26 14:16:42,btc,6.59457818959463,1179610.64611323,0.000028399999999999999138362849482319916205597110092639923095703125,btc,175108.14238690998,36.93473537,3.522327676495649,31
0,[],2,[],2019-01-20 23:28:43,0.0,0,0,6477009,2019-01-20 23:28:43,,0.0,0.0,0,,0.0,0.0,0.0,32
0,[],4,[],2019-06-26 13:58:42,0.0,0,0,7767607,2019-06-26 13:58:42,,0.0,0.0,0,,0.0,0.0,0.0,33
1,[],12,[],2019-03-30 07:55:10,40641173.964,0.00000003,0.000000000001228359,7108785,2019-03-30 07:55:10,btc,4233210.82356125,0.0,0.00000003,btc,28378394.68333462,0.0126927883965248,0.90752895892,33
0.00000000010582879999999999,[],4,[],2019-06-26 14:16:43,148871718.08852223,4.5506383999999995e-17,5.8738684833136e-21,7767722,2019-06-26 14:16:43,ltc,4.299505224508282,0.0,0.00000043,ltc,163402862.51340026,0.00111336,6.455288422533942e-10,34
1,[],5,[],2019-06-26 14:16:44,0.0,0,0,7767723,2019-06-26 14:16:44,btc,0.0,0.023,0,btc,0.0,0.0,0.0,34
0.0000000002926451,[],17,[],2019-05-02 18:17:47,200000.0,2.9264510000000002e-18,1.596703856561e-22,7556430,2019-05-02 18:17:47,eth,0.20942468735267253,0.0,0.00000001,"btc,eth",1018272.20243647,0.0,5.852902e-13,36
0.0000000001311821,[],4,[],2019-05-31 13:28:19,2417517744.0607657,1.311821e-18,1.105058333085e-22,7717483,2019-05-31 13:28:19,ltc,5.019900492391546e-08,0.0,0.00000001,ltc,7102398142.262129,0.0,3.171350544531538e-09,36
1,[],5,[],2019-05-31 13:28:21,0.0,0,0,7717484,2019-05-31 13:28:21,btc,0.0,0.0,0,btc,0.0,0.0,0.0,36
0.0000000003108179,[],27,[],2019-05-31 13:30:34,10388811.226876,6.216358000000001e-18,5.236566733830001e-22,7717485,2019-05-31 13:30:34,eth,1569.8708019850988,761866.634299,0.00000002,"ltc,eth",5084024.2511555,4.736034912207001e-12,3.3251980286483705e-11,36
1,[],4,[],2019-06-25 10:05:55,10747826.61931615,0.00000014,0.000000000015920562,7762320,2019-06-25 10:05:55,btc,19773.05513423956,0.0,0.00000014,btc,682946.14349671,0.0006293,0.1362851255028938,37
1,[],12,[],2019-06-25 10:05:57,4167862.54235103,0.00000013,0.000000000014783379,7762321,2019-06-25 10:05:57,btc,7.381091518261743,0.0,0.00000013,btc,1713444.53926904,0.016313049979,0.1478110147956336,37
1,[],27,[],2019-06-25 10:08:02,10970.0,0.00000019,0.000000000021606477,7762322,2019-06-25 10:08:02,btc,22.62970013895233,0.0,0.00000019,btc,4298.824295,0.0,0.00167419,37
1,[],17,[],2019-05-03 01:11:36,211752.74075282,0.00000025,0.000000000013700074999999998,7559074,2019-05-03 01:11:36,btc,0.055484923955058496,0.0,0.00000025,"btc,eth",1387.19918473,0.0,0.0005381851887916605,37
1,[],5,[],2019-06-26 14:16:45,0.0,0,0,7767724,2019-06-26 14:16:45,btc,0.0,0.27501394,0,btc,0.0,0.0,0.0,42
1,[],12,[],2019-06-26 14:16:47,2025078.61614057,0.00000154999999999999998279913253351747215447176131419837474822998046875,0.00000000020007074500000002,7767725,2019-06-26 14:16:47,btc,524.5758650956783,0.0,0.00000154999999999999998279913253351747215447176131419837474822998046875,btc,139839.48367804,0.072771283164,0.0630211399997883,42
1,[],27,[],2019-06-26 14:16:53,683.0,0.00000140,0.00000000018070906000000002,7767726,2019-06-26 14:16:53,btc,0.07600425,0.0,0.00000140,"btc,eth",18.0,0.0,0.0005422,42
1,[],12,[],2019-03-13 09:13:29,1112112.0,0.00000001,0.000000000000386531,6919902,2019-03-13 09:13:29,btc,29058.00478931866,0.0,0.00000001,btc,5967681.93306694,9.99000999e-07,0.01112112,43
1,[],5,[],2019-04-26 22:38:52,0.0,0,0,7474154,2019-04-26 22:38:52,btc,0.0,0.02638891,0,btc,0.0,0.0,0.0,43
0,[],17,[],2019-04-26 22:38:53,0.0,0,0,7474155,2019-04-26 22:38:53,btc,0.0,0.0,0,btc,0.0,0.0,0.0,43
1,[],12,[],2019-03-05 01:54:08,639326.02,0.00000004,0.000000000001486676,6845775,2019-03-05 01:54:08,btc,11116042.728239931,0.0,0.00000004,btc,1103841.4595604,0.0003330765234764,0.014975410599999999,44
0.00000000010582879999999999,[],4,[],2019-06-26 14:16:54,108351376.9511354,4.4448096e-17,5.7372668906784e-21,7767727,2019-06-26 14:16:54,ltc,2559.6876941606643,0.0,0.00000042,ltc,26091590.73096898,0.00152616,4.987307094380416e-10,49
0.00000000010582879999999999,[],4,[],2019-06-26 14:16:55,315956316.95360464,2.0107472e-17,2.5954302600688e-21,7767728,2019-06-26 14:16:55,ltc,28152.37326882131,0.0,0.00000019,ltc,196491176.3101631,0.0,1.9901047958406723e-09,52
0,[],22,[],2019-06-26 14:16:57,0.0,0,0,7767729,2019-06-26 14:16:57,,10289.80784133,0.0,0,,287058287.4566013,0.0,0.0,57
0,[],27,[],2019-06-26 14:17:05,0.0,0,0,7767730,2019-06-26 14:17:05,,0.0,0.0,0,"btc,eth",0.0,0.0,0.0,57
1,[],17,[],2019-05-03 01:12:09,1200000.0,0.0000000001,0.00000000000000548003,7559085,2019-05-03 01:12:09,btc,1e+24,0.0,0.0000000001,"btc,eth",39516342.31952568,0.0,0.00010000000058666061,58
0,[],4,[],2019-06-26 14:17:06,0.0,0,0,7767731,2019-06-26 14:17:06,,19.71936328094126,0.0,0,,6040987733.402391,0.0,0.0,58
0,[],12,[],2019-06-26 14:17:08,0.0,0,0,7767732,2019-06-26 14:17:08,btc,53605104.937340476,0.0,0,btc,3689523810.950007,0.04855423912,0.0,58
0.0000000000849576,[],22,[],2019-06-26 14:19:11,126877.0,8.49576e-19,1.096614859704e-22,7767733,2019-06-26 14:19:11,XMR,68.17454206,0.0,0.00000001,XMR,9626402.6,0.0,0.00126877,58
1,[],5,[],2019-06-17 14:31:27,0.0,0,0,7740135,2019-06-17 14:31:27,btc,0.0,0.00079154,0,btc,0.0,0.0,0.0,61
1,[],22,[],2019-06-17 14:31:30,13612.833333333334,0.00000012,0.00000000001114968,7740136,2019-06-17 14:31:30,BTC,1002.29123003,0.0,0.00000012,BTC,15014.200177125656,0.0,0.00153257,61
1,[],26,[],2019-06-17 14:31:30,0.0,0.00000050,0.000000000046457,7740137,2019-06-17 14:31:30,btc,0.0,0.0,0.00000050,btc,0.0,0.0,0.0,61
1,[],27,[],2019-06-17 14:31:36,8400.0,0.00000018,0.00000000001672452,7740138,2019-06-17 14:31:36,btc,1.9742539297246655,0.0,0.00000018,"btc,eth",10953.51663696,0.0,0.001512,61
0,[],28,[],2019-06-17 14:31:38,0.0,0,0,7740139,2019-06-17 14:31:38,,0.0,0.0,0,,0.0,0.0,0.0,61
1,[],4,[],2019-06-26 14:01:14,386165.68298972,0.00000066,0.00000000008508456,7767620,2019-06-26 14:01:14,btc,3.4031809739717773,0.0,0.00000066,btc,1286143.83019792,0.06142293,0.1962536427123952,67
0.0,[],25,[],2019-06-26 14:01:16,0.0,0,0,7767621,2019-06-26 14:01:16,,0.0,0.0,0.0,btc,0.0,0.0,0.0,67
1,[],12,[],2019-06-02 06:23:14,910048.355,0.00000006,0.000000000005154929999999999,7725270,2019-06-02 06:23:14,btc,5.167005424215783,0.0,0.00000006,btc,738530.60239759,0.003159757462,0.0187188113,71
,[],5,[],2018-11-20 23:02:39,1.5e-07,0.00000005,0.000000000002128045,4862160,2018-11-20 23:02:39,btc,2.84511358,0.0,,btc,0.00036572,0.0,0.07381892,74
1,[],5,[],2019-06-26 14:19:13,0.0,0,0,7767734,2019-06-26 14:19:13,btc,0.0,0.02451615,0,btc,0.0,0.0,0.0,75
1,[],4,[],2019-06-04 03:25:15,715281.46076168,0.00000001,0.000000000000803619,7734085,2019-06-04 03:25:15,btc,581089.6218469425,0.0,0.00000001,btc,37692563.61091116,0.0,0.0071528146076168,81
0,[],20,[],2019-01-25 09:30:31,0.0,0,0,6495923,2019-01-25 09:30:31,btc,0.0,0.0,0,btc,0.0,0.0,0.0,81
1,[],4,[],2019-06-26 14:01:19,186327.79597703,0.00008900,0.000000011473524000000001,7767623,2019-06-26 14:01:19,btc,57.61215090273108,0.0,0.00008900,btc,117733.72392925,0.146771,0.2781850361766717,82
1,[],21,[],2019-06-26 14:01:19,67322.73029733,0.00008629999999999999704767411624,0.0000000111254508,7767624,2019-06-26 14:01:19,btc,5.453466865425307,23007.19486411,0.000086299999999999997047674116235072006020345725119113922119140625,btc,51212.06815013,2.07596871,3.8281337208620903,82
0,[],17,[],2019-03-25 22:42:34,0.0,0,0,7038780,2019-03-25 22:42:34,btc,0.0445064681804024,0.0,0,btc,995513.18476001,0.0,0.0,84
0.0000000001161485,[],4,[],2019-05-20 13:09:39,216715621.0206096,1.161485e-18,9.0533806701e-23,7657228,2019-05-20 13:09:39,ltc,1.6511566870244727,0.0,0.00000001,ltc,471032407.9048656,0.0,2.5171194308112273e-10,85
,[],22,[],2018-11-20 23:09:34,3408.1,0.0000001,0.0000000000041895,4862324,2018-11-20 23:09:34,BTC,0.04624735,0.0,,BTC,4990.0,0.0,0.00033081,86
1,[],22,[],2019-06-26 09:07:19,62694.0,0.00000005,0.0000000000063518149999999994,7766682,2019-06-26 09:07:19,BTC,1.85249053,0.0,0.00000005,BTC,287024.94736842107,0.0003,0.00062846,87
1,[],27,[],2019-06-26 09:07:25,361781.0,0.0000002,0.000000000025407259999999998,7766683,2019-06-26 09:07:25,btc,19.86923154858,99950.0,0.0000002,btc,548343.482,0.01999,0.01237888,87
,[],2,[],2018-11-20 23:10:47,0.0,0,0,4862359,2018-11-20 23:10:47,,0.0,0.0,,,0.0,0.0,0.0,88
1,[],11,[],2019-06-17 14:31:59,193715.3529613,0.000073310000000000001140094962881477158589405007660388946533203125,0.00000000681152534,7740147,2019-06-17 14:31:59,btc,168.35454702024953,5791.70569014,0.000073310000000000001140094962881477158589405007660388946533203125,btc,196971.41170107,0.0,1.1996165759440112,89
0,[],2,[],2019-01-20 23:31:45,0.0,0,0,6477083,2019-01-20 23:31:45,,0.0,0.0,0,,0.0,0.0,0.0,91
1,[],12,[],2019-06-18 02:35:48,427715.74,0.00000015,0.000000000013911045000000001,7746087,2019-06-18 02:35:48,btc,116.61022144471085,0.0,0.00000015,btc,193315.55943968,0.000180759303,0.0129558314,91
1,[],22,[],2019-06-20 20:27:07,75910.0,0.00000002,0.000000000001914908,7746207,2019-06-20 20:27:07,BTC,0.49565371,0.0,0.00000002,"BTC,LTC",6.384990670617935,0.0,0.0016592,91
0,[],17,[],2019-05-03 01:12:26,0.0,0,0,7559096,2019-05-03 01:12:26,btc,0.0,0.0,0,btc,0.0,0.0,0.0,91
1,[],22,[],2019-06-26 14:01:23,105655.66666666667,0.00000003,0.00000000000386748,7767625,2019-06-26 14:01:23,BTC,11.48170281,0.0,0.00000003,"BTC,LTC",314416.4683191416,0.0,0.06677967,95
0.00000000010582879999999999,[],4,[],2019-06-26 14:19:15,538347584.9427185,2.2224048e-17,2.8686334453392e-21,7767735,2019-06-26 14:19:15,ltc,10.91860492829833,0.0,0.00000021,ltc,155967435.93840697,0.0,7.150240017722358e-10,96
0,[],12,[],2019-06-26 14:19:16,0.0,0,0,7767736,2019-06-26 14:19:16,btc,36.38284688884116,0.0,0,btc,9951840.88411588,0.0,0.0,96
0,[],17,[],2019-05-03 01:12:32,0.0,0,0,7559100,2019-05-03 01:12:32,btc,0.0,0.0,0,btc,0.0,0.0,0.0,96
1,[],4,[],2019-04-14 03:32:46,1039404.33283278,0.00000038,0.000000000019245518,7293458,2019-04-14 03:32:46,btc,4.170086055365747,0.0,0.00000038,btc,3097704.34561074,0.06260606,0.1859928211030784,99
1,[],4,[],2019-06-26 14:03:25,272037.94514276,0.00000917,0.00000000118215972,7767628,2019-06-26 14:03:25,btc,7.642754138656344,0.0,0.00000917,btc,172548.57074142,0.32660607,0.232116310417814,100
0,[],2,[],2019-01-20 23:23:55,0.0,0,0,6476914,2019-01-20 23:23:55,,0.0,0.0,0,,0.0,0.0,0.0,100
1,[],22,[],2019-06-05 06:30:35,150000.0,0.00000002,0.000000000001558192,7740007,2019-06-05 06:30:35,BTC,28.56386409,0.0,0.00000002,BTC,12787.719,0.0,0.0017,101
1,[],4,[],2019-06-26 14:03:26,544881.00382311,0.00000154,0.00000000019853064000000002,7767629,2019-06-26 14:03:26,btc,883.9328234759058,0.0,0.00000154,btc,753300.7595244,0.01318266,0.09373341977574,103
1,[],12,[],2019-06-17 14:32:14,179201505.10870332,0.000000005,0.00000000000046457,7740154,2019-06-17 14:32:14,btc,113577.79366343976,0.0,0.000000005,btc,79148141.67831126,0.019059029059,0.27280986350611003,105
1,[],27,[],2019-06-17 14:32:19,18306828.03496503,0.00000002,0.00000000000185828,7740155,2019-06-17 14:32:19,btc,180.7198218385489,1083.96503497,0.00000002,btc,276513.60142659,7.588e-05,0.3661365606993006,105
1,[],22,[],2019-04-21 00:17:26,21333.0,0.00000001,0.000000000000532493,7385819,2019-04-21 00:17:26,BTC,51.38182867,0.0,0.00000001,BTC,470435.0,0.0,0.00021333,107
1,[],26,[],2019-04-21 00:17:26,0.0,0.00000000,0,7385820,2019-04-21 00:17:26,btc,0.0,0.0,0.00000000,btc,0.0,0.0,0.0,107
1,[],5,[],2019-06-26 14:03:29,0.0,0,0,7767630,2019-06-26 14:03:29,btc,0.0,0.015,0,btc,0.0,0.0,0.0,112
0,[],22,[],2019-06-26 14:03:31,0.0,0,0,7767631,2019-06-26 14:03:31,,6.79500102,0.0,0,,3375892.0833333335,0.0,0.0,112
1,[],27,[],2019-06-26 14:03:37,1.0,0.00000001,0.0000000000012891600000000001,7767632,2019-06-26 14:03:37,btc,0.0,0.0,0.00000001,"btc,eth",0.0,0.0,1e-08,112
1,[],4,[],2019-06-26 14:03:39,940528.50527953,0.00000041,0.00000000005285556,7767633,2019-06-26 14:03:39,btc,6.386350704715817,0.0,0.00000041,btc,984902.85169455,0.13591768,0.1004941606729575,113
1,[],5,[],2019-06-26 14:03:40,0.0,0,0,7767634,2019-06-26 14:03:40,btc,0.0,0.0,0,btc,0.0,0.0,0.0,113
1,[],17,[],2019-04-26 02:17:47,162738.278,0.00000004,0.0000000000021069000000000002,7461287,2019-04-26 02:17:47,btc,1.3331140273775473,0.0,0.00000004,btc,51796.221,0.0,0.00230953112,116
1,[],27,[],2019-05-22 05:13:01,210000.0,0.00000001,0.00000000000079145,7666372,2019-05-22 05:13:01,btc,3919.0005001478,0.0,0.00000001,btc,128660.871,0.0,0.0021,116
1,[],4,[],2019-05-21 22:31:11,138169.03963019,0.00000701,0.000000000558364025,7664793,2019-05-21 22:31:11,btc,150.95388250938234,0.0,0.00000701,btc,344631.17141974,0.07552974,0.4288357684941946,120
1,[],7,[],2019-05-21 22:31:12,3901.07750076,0.000010679999999999999389654892212320191902108490467071533203125,0.0000000008506887,7664794,2019-05-21 22:31:12,btc,231188.94669936574,0.0,0.000010679999999999999389654892212320191902108490467071533203125,btc,4133.83151364,0.0,0.0113888422364489,120
1,[],20,[],2019-04-07 18:42:29,1914137.0852,0.000000035,0.0000000000017871910000000002,7211992,2019-04-07 18:42:29,btc,32.2497668025648,25528.85,0.000000035,btc,1001975.4986,0.00089350975,0.0152723574729,125
1,[],22,[],2019-06-17 14:32:38,10000.0,0.00000001,0.00000000000092914,7740161,2019-06-17 14:32:38,BTC,0.032061,0.0,0.00000001,BTC,299316.7611111111,0.0,0.0001,126
1,[],4,[],2019-06-26 14:03:41,1192782.46133213,0.00000327,0.00000000042155532000000003,7767635,2019-06-26 14:03:41,btc,2.4091835690169785,0.0,0.00000327,btc,176751.71391639,0.07472078,0.6780121015485537,131
0,[],2,[],2019-01-20 23:25:46,0.0,0,0,6476969,2019-01-20 23:25:46,,0.0,0.0,0,,0.0,0.0,0.0,131
1,[],17,[],2019-05-03 01:13:10,10000.0,0.00000001,0.000000000000548003,7559115,2019-05-03 01:13:10,btc,0.0953976503951408,0.0,0.00000001,btc,5037.62507334,0.0,0.0001,131
1,[],4,[],2019-06-17 14:32:42,4848.49465417,0.00007919,0.00000000735785966,7740163,2019-06-17 14:32:42,btc,0.9905723729472744,0.0,0.00007919,btc,202.13055914,0.0,0.0061509344290166,135
1,[],3,[],2019-06-05 06:33:11,40600.27748212,0.00000001,0.000000000000779096,7740019,2019-06-05 06:33:11,btc,0.2308097808993716,2146378.52189,0.00000001,btc,2477992.76904676,0.0,0.0004060027748212,136
1,[],4,[],2019-06-26 14:05:42,788736.95601292,0.00000170,0.0000000002191572,7767636,2019-06-26 14:05:42,btc,113.0268670747543,0.0,0.00000170,btc,523539.04179781,0.04562188,0.3025119082144149,137
1,[],12,[],2019-06-26 14:05:44,67618.15895766,0.000001610000000000000043611490287143173105732785188592970371246337890625,0.00000000020755476,7767637,2019-06-26 14:05:44,btc,80.24176562314226,0.0,0.000001610000000000000043611490287143173105732785188592970371246337890625,btc,83175.92097078,1.62e-06,0.0162622199999631,137
1,[],4,[],2019-06-26 14:05:45,346070.97740382,0.00000915,0.0000000011795814,7767638,2019-06-26 14:05:45,btc,4.896621628337565,0.0,0.00000915,btc,167911.88811667,0.25997715,0.2913935209349221,142
1,[],5,[],2019-06-26 14:05:46,0.0,0,0,7767639,2019-06-26 14:05:46,btc,0.0,0.01039913,0,btc,0.0,0.0,0.0,142
1,[],20,[],2019-06-26 14:07:48,269383.9813,0.000010143,0.000000001307594988,7767640,2019-06-26 14:07:48,btc,1.6105855335737,71.3191,0.000010143,btc,9994.3592,0.0007465826375,0.0067755976767,142
1,[],22,[],2019-06-26 14:07:51,10820.0,0.00000600,0.000000000773496,7767641,2019-06-26 14:07:51,BTC,2.99759384,0.0,0.00000600,BTC,835.7198755539798,0.0,0.0053672,142
0.0,[],25,[],2019-06-26 14:07:53,0.0,0,0,7767642,2019-06-26 14:07:53,,0.0,0.0,0.0,btc,0.0,0.0,0.0,142
0,[],28,[],2019-06-26 14:07:54,0.0,0,0,7767643,2019-06-26 14:07:54,,0.0,0.0,0,,0.0,0.0,0.0,142
1,[],17,[],2019-05-03 01:13:16,32967.38636364,0.00000088,0.000000000048224264,7559122,2019-05-03 01:13:16,btc,20.06976206696776,0.0,0.00000088,btc,2746.079105,0.0,0.0105613000000032,142
0,[],22,[],2019-06-26 14:07:57,0.0,0,0,7767644,2019-06-26 14:07:57,,1635.98618676,0.0,0,,788450755.3,0.0,0.0,143
0,[],22,[],2019-02-25 15:42:22,0.0,0,0,6783783,2019-02-25 15:42:22,,4.2131946,0.0,0,,2322156.0,0.0,0.0,146
,[],22,[],2018-11-20 23:01:11,0.0,0,0,4862114,2018-11-20 23:01:11,,2.56807021,0.0,,,61828.4988236,0.0,0.0,147
1,[],12,[],2019-04-21 06:38:04,193091.5971266,0.00000071,0.000000000037635183,7388679,2019-04-21 06:38:04,btc,2.301232411611175,0.0,0.00000071,btc,9957.48302385,0.00023528,0.0313308199999888,148
1,[],4,[],2019-03-19 21:31:25,255810.0415942,0.00000029,0.000000000011615747,6982695,2019-03-19 21:31:25,btc,218.94922712414143,0.0,0.00000029,btc,793529.37642722,0.00117,0.0608347789473395,152
0,[],22,[],2019-03-19 21:31:27,0.0,0,0,6982696,2019-03-19 21:31:27,,0.0,0.0,0,,0.0,0.0,0.0,152
1,[],5,[],2019-04-26 09:36:59,0.0,0,0,7465040,2019-04-26 09:36:59,btc,0.0,0.0,0,btc,0.0,0.0,0.0,153
,[],16,[],2019-01-11 15:38:59,0.0,0,0,6366141,2019-01-11 15:38:59,btc,0.0,0.0,,btc,0.0,0.0,0.0,155
0,[],23,[],2019-01-20 23:24:29,0.0,0,0,6476932,2019-01-20 23:24:29,,0.0,0.0,0,,0.0,0.0,0.0,156
0,[],22,[],2019-06-04 06:02:09,0.0,0,0,7734688,2019-06-04 06:02:09,,7.43375324,0.0,0,,5955762.942592593,0.0,0.0,156
1,[],22,[],2019-06-26 14:08:00,6996.0,0.00000001,0.0000000000012891600000000001,7767645,2019-06-26 14:08:00,BTC,1.7543039,0.0,0.00000001,BTC,57.0,0.0,6.996e-05,157
0,[],22,[],2019-05-21 23:40:32,0.0,0,0,7665049,2019-05-21 23:40:32,,50234.60468402,0.0,0,,54786159.03179465,0.0,0.0,158
,[],17,[],2018-11-20 22:56:10,0.0,0,0,4861976,2018-11-20 22:56:10,btc,1.1265625,0.0,,btc,1000.0,0.0,0.0,159
,[],20,[],2018-11-20 22:56:12,0.0,0,0,4861977,2018-11-20 22:56:12,btc,11912.7940471,0.0,,btc,34413894.3617,0.0,0.0,159
1,[],12,[],2019-05-24 02:51:20,9178.522006449999,0.00000191999999999999982841307998027158276954651228152215480804443359375,0.000000000151222656,7676256,2019-05-24 02:51:20,btc,149.80414728631675,0.0,0.00000191999999999999982841307998027158276954651228152215480804443359375,btc,1115.7451448499999,0.01783167678326,0.0120075778999181,168
1,[],17,[],2019-05-03 01:13:36,42852.0,0.00000002,0.000000000001096006,7559132,2019-05-03 01:13:36,btc,0.04279856251542,0.0,0.00000002,btc,274.46171372,0.0,0.00052852,168
1,[],22,[],2019-05-17 03:01:52,10.0,0.00000001,0.000000000000778341,7642059,2019-05-17 03:01:52,BTC,41.95893009,0.0,0.00000001,BTC,1753972.7737547632,0.0,1e-07,169
1,[],22,[],2019-05-30 08:38:18,202834.0,0.00000002,0.0000000000017416160000000001,7711049,2019-05-30 08:38:18,BTC,27.87002826,0.0,0.00000002,BTC,462189.5410507793,0.0,0.00211768,171
1,[],22,[],2019-05-29 08:05:18,349870.0,0.00000002,0.000000000001705894,7705265,2019-05-29 08:05:18,BTC,24.05907723,0.0,0.00000002,"BTC,LTC",1224285.4355616204,0.0,0.0039847,173
1,[],5,[],2019-06-26 14:08:01,0.0,0,0,7767646,2019-06-26 14:08:01,btc,0.0,0.01770351,0,btc,0.0,0.0,0.0,175
1,[],22,[],2019-06-17 14:33:12,90671.0,0.00000001,0.00000000000092914,7740175,2019-06-17 14:33:12,BTC,394.35459412,0.0,0.00000001,BTC,136275.61833431243,0.0,0.00090671,176
1,[],7,[],2019-06-26 14:08:02,0.0,0,0,7767647,2019-06-26 14:08:02,btc,522525.9102548058,0.0,0,btc,27674636.30417512,0.0,0.0,178
0,[],22,[],2019-06-26 14:08:04,0.0,0,0,7767648,2019-06-26 14:08:04,,1.00242428,0.0,0,,57512.0,0.0,0.0,178
0,[],2,[],2019-01-20 23:28:34,0.0,0,0,6477001,2019-01-20 23:28:34,,0.0,0.0,0,,0.0,0.0,0.0,178
1,[],5,[],2019-06-26 14:08:05,0.0,0,0,7767649,2019-06-26 14:08:05,btc,0.0,0.00019051,0,btc,0.0,0.0,0.0,179
0,[],22,[],2019-06-26 14:08:08,0.0,0,0,7767650,2019-06-26 14:08:08,,5.31753917,0.0,0,,14450788.311946675,0.0,0.0,179
0,[],23,[],2019-01-20 23:25:08,0.0,0,0,6476952,2019-01-20 23:25:08,,0.0,0.0,0,,0.0,0.0,0.0,179
1,[],22,[],2019-06-26 14:10:12,677498.3113636364,0.0000004,0.000000000051566400000000005,7767651,2019-06-26 14:10:12,BTC,40.60701942,0.0,0.0000004,"BTC,LTC",160988.91349408493,0.0067781,0.5635428,180
1,[],26,[],2019-06-26 14:10:12,0.0,0.00000010,0.000000000012891600000000001,7767652,2019-06-26 14:10:12,btc,0.0,0.0,0.00000010,btc,0.0,0.0,0.0,180
1,[],17,[],2019-05-03 01:13:56,20504.725000000002,0.0000001,0.00000000000548003,7559141,2019-05-03 01:13:56,btc,5.2010695838400265,0.0,0.0000001,btc,5033.45945,0.0,0.0011504725,180
,[],7,[],2018-11-20 22:58:01,562227.975654,0.00000085,0.000000000036176765,4862015,2018-11-20 22:58:01,btc,21836.6059674,2491.87645172,,btc,749999.041456,0.00211021,0.127565380455,183
,[],5,[],2019-01-10 08:11:41,0.0,0,0,6347036,2019-01-10 08:11:41,btc,82.15055501,0.00261,,btc,1.19002445,0.0,0.0,187
,[],17,[],2018-11-16 20:58:10,4062536.27273,0.00000001,0.000000000000550501,4708775,2018-11-16 20:58:10,btc,3.36492563466,0.195460381006,,"btc,eth",110697919.549,0.0,0.0157628953496,187
1,[],24,[],2019-05-22 21:04:52,0.0,0.000000000014,0.0000000000000010960978,7670219,2019-05-22 21:04:52,btc,0.0,0.0,0.000000000014,btc,0.0,0.0,0.0,187
0,[],22,[],2019-04-25 02:54:07,0.0,0,0,7447896,2019-04-25 02:54:07,,7.54794454,0.0,0,,76361.7243344055,0.0,0.0,191
0,[],22,[],2019-06-17 14:33:34,0.0,0,0,7740182,2019-06-17 14:33:34,,0.0,0.0,0,,0.0,0.0,0.0,197
0,[],23,[],2019-01-20 23:31:41,0.0,0,0,6477079,2019-01-20 23:31:41,,0.0,0.0,0,,0.0,0.0,0.0,199
0,[],22,[],2019-06-26 14:10:15,0.0,0,0,7767653,2019-06-26 14:10:15,,10.58263174,0.0,0,,84280969.0,0.0,0.0,199
1,[],26,[],2019-06-26 14:10:15,0.0,0.00000000,0,7767654,2019-06-26 14:10:15,btc,0.0,0.0,0.00000000,btc,0.0,0.0,0.0,199
0,[],2,[],2019-01-20 23:30:49,0.0,0,0,6477059,2019-01-20 23:30:49,,0.0,0.0,0,,0.0,0.0,0.0,201
1,[],4,[],2019-01-25 15:51:35,2084389.58565343,0.00000936,0.000000000333526752,6499557,2019-01-25 15:51:35,btc,2.0092503037378524,0.0,0.00000936,btc,160195.80207885,0.19272417,1.242687955921835,211
1,[],7,[],2019-06-26 14:10:18,1170054124.6898527,0.00000018,0.00000000002320488,7767655,2019-06-26 14:10:18,btc,1346838.6258339162,0.0,0.00000018,btc,5739479.26464841,0.0,11.954344045954047,212
1,[],12,[],2019-01-25 02:44:32,207462.42853209,0.000001080000000000000035831255497387193287295303889550268650054931640625,0.000000000038610756000000006,6493050,2019-01-25 02:44:32,btc,85023.03793723314,0.0,0.000001080000000000000035831255497387193287295303889550268650054931640625,btc,43675.73520027,0.000146250909087,0.0348620860622024,213
1,[],5,[],2019-05-30 00:07:46,0.0,0,0,7709357,2019-05-30 00:07:46,btc,0.0,0.06425239,0,btc,0.0,0.0,0.0,213
1,[],24,[],2019-05-30 00:07:46,0.0,0.000000399202,0.0000000000344859829346,7709358,2019-05-30 00:07:46,btc,0.0,0.0,0.000000399202,btc,0.0,0.0,0.0,213
1,[],26,[],2019-05-30 00:07:47,0.0,0.00000040,0.000000000034554919999999996,7709359,2019-05-30 00:07:47,btc,0.0,0.0,0.00000040,btc,0.0,0.0,0.0,213
0,[],22,[],2019-06-26 14:10:21,0.0,0,0,7767656,2019-06-26 14:10:21,,9.56923849,0.0,0,,3661587.2040649247,0.0,0.0,216
0,[],27,[],2019-06-26 14:10:27,0.0,0,0,7767657,2019-06-26 14:10:27,,1948.6855054461976,915.0,0,"btc,ltc",475187.29534794,9.15e-06,0.0,216
1,[],22,[],2019-06-26 14:10:31,1412275.723076923,0.00000016,0.000000000020626560000000002,7767658,2019-06-26 14:10:31,BTC,12055.86330347,0.0,0.00000016,BTC,542275.6271819416,0.00238379,0.03638961,217
1,[],7,[],2019-06-26 14:10:32,0.0,0,0,7767659,2019-06-26 14:10:32,btc,2123800.2786640613,4000.0,0,btc,82453746.4752352,4e-05,0.0,219
0,[],27,[],2019-06-26 14:10:37,0.0,0,0,7767660,2019-06-26 14:10:37,,250.23456542469674,0.0,0,btc,2160556.935837,0.0,0.0,219
0,[],28,[],2019-06-26 14:10:38,0.0,0,0,7767661,2019-06-26 14:10:38,,0.0,0.0,0,,0.0,0.0,0.0,219
0,[],22,[],2019-06-26 14:10:40,0.0,0,0,7767662,2019-06-26 14:10:40,,56.75439223,0.0,0,,184664.6482738741,0.0,0.0,221
1,[],24,[],2019-06-26 14:10:41,0.0,0.000000030000,0.00000000000386748,7767663,2019-06-26 14:10:41,btc,0.0,0.0,0.000000030000,btc,0.0,0.0,0.0,221
1,[],20,[],2019-06-17 14:34:11,26882155.8301,0.000000003,0.000000000000278742,7740192,2019-06-17 14:34:11,btc,100050.81956632523,233521.3529,0.000000003,btc,38769742.8604,0.0007925640587,0.0306863532672,224
0,[],22,[],2019-06-17 14:34:13,0.0,0,0,7740193,2019-06-17 14:34:13,,0.0,0.0,0,,0.0,0.0,0.0,224
1,[],26,[],2019-06-26 14:10:41,0.0,0.00000022,0.00000000002836152,7767664,2019-06-26 14:10:41,btc,0.0,0.0,0.00000022,btc,0.0,0.0,0.0,231
1,[],26,[],2019-06-26 14:10:41,0.0,0.00000005,0.000000000006445800000000001,7767665,2019-06-26 14:10:41,btc,0.0,0.0,0.00000005,btc,0.0,0.0,0.0,234
0.00000000026952750000000003,[],27,[],2019-06-26 14:10:47,100.0,2.695275e-18,3.4746407190000002e-22,7767666,2019-06-26 14:10:47,eth,0.0,0.0,0.00000001,"btc,eth",0.0,0.0,2.695275e-16,234
1,[],4,[],2019-05-22 17:06:12,91780.56053785,0.00000078,0.000000000061977552,7669277,2019-05-22 17:06:12,btc,5.573372450018177,0.0,0.00000078,btc,729173.93529783,0.0,0.0307060663355679,236
1,[],24,[],2019-05-22 17:06:12,0.0,0.000000010000,0.000000000000794584,7669278,2019-05-22 17:06:12,btc,0.0,0.0,0.000000010000,btc,0.0,0.0,0.0,236
1,[],5,[],2019-06-26 14:10:48,0.0,0,0,7767667,2019-06-26 14:10:48,btc,0.0,1.19864274,0,btc,0.0,0.0,0.0,237
1,[],20,[],2019-06-26 14:10:50,145133426.1201,0.000000073,0.000000000009410868,7767668,2019-06-26 14:10:50,btc,8172549.502945367,25810190.8016,0.000000073,btc,48247681.0316,1.9359267171568,1.1015620392371,237
1,[],22,[],2019-06-26 14:10:53,2084614.0,0.00000004,0.0000000000051566400000000005,7767669,2019-06-26 14:10:53,BTC,1.20112188,0.0,0.00000004,"BTC,LTC",14507.148717948718,0.0,0.02587451,237
1,[],4,[],2019-06-26 14:10:54,30576003.94666741,0.00000006,0.00000000000773496,7767670,2019-06-26 14:10:54,btc,2.154082434137758,0.0,0.00000006,btc,10250699.74025907,0.11288436,0.5345856663761384,238
1,[],5,[],2019-06-26 14:10:55,0.0,0,0,7767671,2019-06-26 14:10:55,btc,0.0,0.00870691,0,btc,0.0,0.0,0.0,238
0,[],22,[],2019-03-12 16:49:32,0.0,0,0,6914458,2019-03-12 16:49:32,,0.40415746,0.0,0,,526736.5639027493,0.0,0.0,249
0,[],22,[],2019-05-28 23:53:45,0.0,0,0,7703643,2019-05-28 23:53:45,,13.44714864,0.0,0,,43777534.3426455,0.0,0.0,252
0,[],28,[],2019-06-26 14:10:57,0.0,0,0,7767672,2019-06-26 14:10:57,,0.0,0.0,0,,0.0,0.0,0.0,256
1,[],22,[],2019-06-26 14:11:00,539394.0,0.00000001,0.0000000000012891600000000001,7767673,2019-06-26 14:11:00,BTC,31464.57209997,0.0,0.00000001,BTC,1031955.2230878276,6.949e-05,0.00539394,258
1,[],22,[],2019-05-19 18:12:02,400.0,0.00000001,0.0000000000007957800000000001,7653905,2019-05-19 18:12:02,BTC,2.415167,0.0,0.00000001,BTC,157.0,0.0,4e-06,259
1,[],5,[],2019-06-26 14:11:02,0.0,0,0,7767674,2019-06-26 14:11:02,btc,0.0,0.02581104,0,btc,0.0,0.0,0.0,264
1,[],20,[],2019-06-26 14:11:03,933889.4037,0.000000137,0.000000000017661492000000002,7767675,2019-06-26 14:11:03,btc,1.0499646295459,6203.8411,0.000000137,btc,33080.3178,0.0037511507996,0.0054974328635,264
0,[],22,[],2019-04-12 17:57:27,0.0,0,0,7278186,2019-04-12 17:57:27,,66.37522201,0.0,0,,677842.4169881374,0.0,0.0,271
0,[],22,[],2019-06-26 14:11:06,0.0,0,0,7767676,2019-06-26 14:11:06,,33050469.74148113,0.0,0,,14261527780.7,0.0,0.0,272
0,[],28,[],2019-06-26 14:11:07,0.0,0,0,7767677,2019-06-26 14:11:07,,0.0,0.0,0,,0.0,0.0,0.0,272
1,[],22,[],2019-05-23 07:12:29,219930.0,0.00000004,0.000000000003048688,7671985,2019-05-23 07:12:29,BTC,426.77835217,0.0,0.00000004,BTC,248664.3325962929,0.0,0.00739728,281
1,[],22,[],2019-06-26 14:11:12,2019490.6,0.00000002,0.0000000000025783200000000003,7767678,2019-06-26 14:11:12,BTC,4.68199829,0.0,0.00000002,"BTC,LTC",1091500.0324313042,0.00051524,0.02469448,286
0,[],22,[],2019-06-17 14:34:53,0.0,0,0,7740207,2019-06-17 14:34:53,,7337915.80475575,0.0,0,,2078527309.6797826,0.0,0.0,294
