pairValue,buyBook,exchangeId,sellBook,updated,buyTotal,satoshiPrice,usdPrice,exchangeLogId,created,bestPair,sellTotalBtc,volume,pairPrice,activePairs,sellTotal,volumeBtc,buyTotalBtc,coinId
1,[],3,[],2019-02-09 23:55:16,130.589934581821,0.01311043999999999924710447629649934242479503154754638671875,0.0000004805540008919999,6620030,2019-02-09 23:55:16,btc,107.09765000919253,0.0,0.01311043999999999924710447629649934242479503154754638671875,btc,23.68328795806,0.0,0.2862379177645434,1
1,[],4,[],2019-02-09 23:55:17,120069.24606956,0.01281301,0.000000469651912443,6620031,2019-02-09 23:55:17,btc,1.3814630054287786,0.0,0.01281301,btc,102.11158824,1.55610622,1.3065914373494607,1
1,[],5,[],2019-02-09 23:55:19,0.30801954,0.01311978,0.000000480896352054,6620032,2019-02-09 23:55:19,btc,14578.00537858,0.16150863,0.01311978,btc,35555556.11081823,0.0,2.8798645,1
1,[],10,[],2019-02-09 23:55:21,414592.32100763,0.01205,0.000000441684315,6620033,2019-02-09 23:55:21,btc,6531.288566475888,1345.66630338,0.01205,btc,880.66970587,0.0,4.206760057890576,1
1,[],12,[],2019-02-09 23:55:23,10443.22593728,0.01315000000000000023037127760971998213790357112884521484375,0.000000482004045,6620034,2019-02-09 23:55:23,btc,0.4240982472707,0.0,0.01315000000000000023037127760971998213790357112884521484375,btc,25.0483705,0.6446927614462,0.4482550897301,1
1,[],21,[],2019-02-09 23:55:25,2288.54256596,0.01316818999999999975636377769,0.000000482670786717,6620035,2019-02-09 23:55:25,btc,17.06779011625694,2854.44345333,0.0131681899999999997563637776920586475171148777008056640625,"btc,eth",1664.28489355,33.331551032179505,18.101424047939695,1
1,[],22,[],2019-02-09 23:55:30,0.0263776,0.01350000,0.0000004948330499999999,6620036,2019-02-09 23:55:30,BTC,0.31397231,0.0,0.01350000,BTC,0.10124366666666666,0.0,0.00034472,1
1,[],24,[],2019-02-09 23:55:30,0.0,0.000000000000,0,6620037,2019-02-09 23:55:30,btc,0.0,0.0,0.000000000000,btc,0.0,0.0,0.0,1
0.0,[],25,[],2019-02-09 23:55:31,0.0,0,0,6620038,2019-02-09 23:55:31,btc,13.41469999790341,405.95097927,0.0,btc,985.66204427,5.3836,0.0,1
1,[],26,[],2019-02-09 23:55:41,0.0,0,0,6620039,2019-02-09 23:55:41,,0.0,0.0,0,,0.0,0.0,0.0,1
1,[],28,[],2019-02-09 23:55:47,992.968,0.01231000,0.000000451214433,6620040,2019-02-09 23:55:47,btc,0.162839806,17670.85,0.01231000,btc,8.9,0.0,0.086870176,1
1,[],20,[],2019-02-09 23:43:22,1148.8625,0.010400103,0.0000003808964923029,6619830,2019-02-09 23:43:22,btc,0.0573537591845,0.218,0.010400103,btc,2.5253,0.0025453551741,0.0805827819043,1
0,[],2,[],2019-01-20 23:28:45,0.0,0,0,6477011,2019-01-20 23:28:45,,0.0,0.0,0,,0.0,0.0,0.0,1
1,[],5,[],2019-02-09 23:55:49,1.656e-05,0.00000063,0.000000000023092209,6620041,2019-02-09 23:55:49,btc,0.13158492,0.00405438,0.00000063,btc,6.778e-05,0.0,0.4380289,2
0,[],22,[],2019-02-09 23:55:52,0.0,0,0,6620042,2019-02-09 23:55:52,,0.0,0.0,0,,0.0,0.0,0.0,2
1,[],5,[],2019-02-09 23:55:53,1.25e-06,0.00000016,0.000000000005864688,6620043,2019-02-09 23:55:53,btc,4.65163466,0.00825941,0.00000016,btc,2.204e-05,0.0,2.90318424,3
1,[],12,[],2019-02-09 23:55:55,12552340.24844769,0.000000171,0.0000000000062678853,6620044,2019-02-09 23:55:55,btc,921343.5303335986,0.0,0.000000171,btc,8636498.04745215,0.05712034612111946,0.5560071826424895,3
0,[],28,[],2019-02-09 23:55:59,0.0,0,0,6620045,2019-02-09 23:55:59,,0.0,0.0,0,,0.0,0.0,0.0,3
0,[],2,[],2019-01-20 23:31:32,0.0,0,0,6477077,2019-01-20 23:31:32,,0.0,0.0,0,,0.0,0.0,0.0,4
1,[],4,[],2019-02-09 23:56:00,412178.61577828,0.00000034,0.000000000012462462,6620046,2019-02-09 23:56:00,btc,0.4102852112446752,0.0,0.00000034,btc,363504.41823303,0.00038836,0.0586687244677753,4
1,[],12,[],2019-02-09 23:45:51,1614918.5219999999,0.00000004,0.000000000001464972,6619843,2019-02-09 23:45:51,btc,11113878.380627748,0.0,0.00000004,btc,972338.04599757,0.0019771155244745,0.02797957044,5
0,[],2,[],2019-01-20 23:31:51,0.0,0,0,6477087,2019-01-20 23:31:51,,0.0,0.0,0,,0.0,0.0,0.0,6
1,[],11,[],2019-02-09 23:56:02,1612488.4999525,0.00000002,0.000000000000733086,6620047,2019-02-09 23:56:02,btc,9433.341313342416,78500.0,0.00000002,btc,40420045.79569339,0.0,0.02355946499905,6
1,[],3,[],2019-02-09 23:56:03,1081.1653062776,0.000145190000000000010889344981279691637610085308551788330078125,0.000000005321837817,6620048,2019-02-09 23:56:03,btc,28.399990609446498,0.0,0.000145190000000000010889344981279691637610085308551788330078125,btc,235.145665820227,0.0,0.03253197781718203,7
1,[],4,[],2019-02-09 23:56:04,25871.27006352,0.00019197,0.000000007036525971,6620049,2019-02-09 23:56:04,btc,2.3258651628231384,0.0,0.00019197,btc,10165.68593528,3.85772174,4.184381746012441,7
1,[],5,[],2019-02-09 23:56:05,0.00539059,0.00017780,0.00000000651713454,6620050,2019-02-09 23:56:05,btc,1.39581271,0.28013189,0.00017780,btc,0.01192197,0.0,1.4355519,7
1,[],20,[],2019-02-09 23:56:07,59396670.6962,0.000000001,0.000000000000036654299999999996,6620051,2019-02-09 23:56:07,btc,116.1277061920359,1742298.196,0.000000001,btc,33000974.6586,0.001742298196,0.0593966706962,8
0,[],2,[],2019-01-20 23:22:42,0.0,0,0,6476876,2019-01-20 23:22:42,,0.0,0.0,0,,0.0,0.0,0.0,9
0,[],23,[],2019-01-20 23:22:48,0.0,0,0,6476878,2019-01-20 23:22:48,,0.0,0.0,0,,0.0,0.0,0.0,9
1,[],1,[],2019-02-09 23:56:08,2907269.2199999997,0.00000198000000000000010098367454747236848788816132582724094390869140625,0.000000000072575514,6620052,2019-02-09 23:56:08,btc,6.6860366327000005,9015396.75,0.00000198000000000000010098367454747236848788816132582724094390869140625,btc,3306463.94,17.88936647,5.70397832,9
1,[],4,[],2019-02-09 23:56:09,290952.21039596,0.00000193,0.000000000070742799,6620053,2019-02-09 23:56:09,btc,0.7192576570773556,0.0,0.00000193,btc,359203.1199605,1.78194222,0.5331355663209527,9
1,[],28,[],2019-02-09 23:56:14,34500.0,0.00000165,0.000000000060479595,6620054,2019-02-09 23:56:14,btc,2708.767367576,3615901.86,0.00000165,btc,14964.28,0.0,0.02854,9
1,[],4,[],2019-02-04 22:10:59,7341799.37826053,0.00000002,0.000000000000693444,6584299,2019-02-04 22:10:59,btc,0.1999615409270056,0.0,0.00000002,btc,4135980.29534268,0.00062922,0.0786653918652106,10
0,[],2,[],2019-01-20 23:23:08,0.0,0,0,6476890,2019-01-20 23:23:08,,0.0,0.0,0,,0.0,0.0,0.0,12
1,[],4,[],2019-02-09 23:56:16,2478223.64819102,0.00000142,0.000000000052049106,6620055,2019-02-09 23:56:16,btc,1.2577172982267224,0.0,0.00000142,btc,819006.15651443,2.23887858,3.226611636378289,12
1,[],5,[],2019-02-09 23:56:17,2.169e-05,0.00000141,0.000000000051682562999999996,6620056,2019-02-09 23:56:17,btc,0.51020711,0.02884648,0.00000141,btc,0.00011245,0.0,0.10644867,12
0.0,[],25,[],2019-02-09 23:56:18,0.0,0,0,6620057,2019-02-09 23:56:18,,0.0,0.0,0.0,btc,0.0,0.0,0.0,12
1,[],4,[],2019-02-09 23:56:19,1312131.07174247,0.00000637,0.000000000233487891,6620058,2019-02-09 23:56:19,btc,0.839744250983838,0.0,0.00000637,btc,118454.15304567,0.32266622,1.3118539796458755,13
1,[],10,[],2019-02-09 23:56:22,768387.20223638,0.00000515,0.00000000018876964499999998,6620059,2019-02-09 23:56:22,btc,666806.4623902206,30816.2122269,0.00000515,btc,753077.01613286,0.0,0.3557083864621959,13
1,[],21,[],2019-02-09 23:56:23,557440.27456929,0.000006479999999999999791471059357,0.000000000237519864,6620060,2019-02-09 23:56:23,btc,4.434854613347912,359343.3061735,0.0000064799999999999997914710593571729901896105729974806308746337890625,btc,595908.30986448,2.35876825,3.3010239106714514,13
1,[],4,[],2019-02-09 23:56:24,1172691.95506211,0.00000138,0.000000000050582934,6620061,2019-02-09 23:56:24,btc,0.1746758058099436,0.0,0.00000138,btc,89160.91229703,0.01096908,0.4771956235274936,14
1,[],12,[],2019-02-09 23:56:25,89377.14285714,0.000001260000000000000006510091944689211373997750342823565006256103515625,0.000000000046184418,6620062,2019-02-09 23:56:25,btc,1.7657044980954095,0.0,0.000001260000000000000006510091944689211373997750342823565006256103515625,btc,29700.33237149,0.0013886462454403,0.0109081999999964,14
0,[],17,[],2019-02-09 23:56:27,0.0,0,0,6620063,2019-02-09 23:56:27,btc,0.0,0.0,0,btc,0.0,0.0,0.0,14
1,[],26,[],2019-02-09 23:56:27,0.0,0.00000049,0.000000000017960607,6620064,2019-02-09 23:56:27,btc,0.0,0.0,0.00000049,btc,0.0,0.0,0.0,14
0,[],4,[],2019-02-09 23:56:28,0.0,0,0,6620065,2019-02-09 23:56:28,,0.0,0.0,0,,0.0,0.0,0.0,15
,[],12,[],2018-12-01 15:15:48,204241.84496,0.00000489,0.000000000202473384,5260204,2018-12-01 15:15:48,btc,49.5475654835,0.0,,btc,35763.2193806,0.0163153972027625,0.0203389899998,15
0,[],2,[],2019-01-20 23:23:38,0.0,0,0,6476906,2019-01-20 23:23:38,,0.0,0.0,0,,0.0,0.0,0.0,18
1,[],4,[],2019-02-09 23:56:29,23360.48098238,0.00001744,0.000000000639250992,6620066,2019-02-09 23:56:29,btc,2.281343707549934,0.0,0.00001744,btc,10788.53207828,0.05577622,0.0363678519800474,18
1,[],10,[],2019-02-09 23:56:31,789910.77228404,0.0000184,0.00000000067443912,6620067,2019-02-09 23:56:31,btc,15.542414158952718,203.43108636,0.0000184,btc,10730.36055816,0.0,0.3125662656182208,18
1,[],12,[],2019-02-09 23:56:33,205072.41110674,0.00001752999999999999987377284627054763177511631511151790618896484375,0.000000000642549879,6620068,2019-02-09 23:56:33,btc,2.931335036801129,0.0,0.00001752999999999999987377284627054763177511631511151790618896484375,btc,1818.53993457,0.0014166150098552,0.0472927512728904,18
0,[],17,[],2019-02-09 23:56:34,0.0,0,0,6620069,2019-02-09 23:56:34,btc,0.0,0.0,0,btc,0.0,0.0,0.0,18
0,[],2,[],2019-01-20 23:24:19,0.0,0,0,6476924,2019-01-20 23:24:19,,0.0,0.0,0,,0.0,0.0,0.0,19
1,[],3,[],2019-02-09 23:56:36,124583.29863839864,0.00002207000000000000045183475017029905984600191004574298858642578125,0.000000000808960401,6620070,2019-02-09 23:56:36,btc,0.4672449630434957,0.0,0.00002207000000000000045183475017029905984600191004574298858642578125,btc,5018.393100515442,0.0,0.09749296493165703,19
1,[],4,[],2019-02-09 23:56:36,219342.8226246,0.00002883,0.000000001056743469,6620071,2019-02-09 23:56:36,btc,0.5007945724445143,0.0,0.00002883,btc,14723.30784747,0.49687907,3.104163652589535,19
1,[],5,[],2019-02-09 23:56:38,0.00019519,0.00002502,0.0000000009170905859999999,6620072,2019-02-09 23:56:38,btc,0.2838181,0.00052271,0.00002502,btc,0.0031652,0.0,0.07587791,19
1,[],12,[],2019-02-09 23:56:40,134844.5970346,0.0000303499999999999991030612267461918918343144468963146209716796875,0.000000001112458005,6620073,2019-02-09 23:56:40,btc,0.029782554289937,0.0,0.0000303499999999999991030612267461918918343144468963146209716796875,btc,304.84185985,3.015e-05,0.03273709000011,19
0,[],27,[],2019-02-09 23:56:41,0.0,0,0,6620074,2019-02-09 23:56:41,,0.0,0.0,0,btc,0.0,0.0,0.0,19
1,[],4,[],2019-02-09 23:56:42,8026381.02396517,0.00000013,0.000000000004765059,6620075,2019-02-09 23:56:42,btc,0.8117662826702488,0.0,0.00000013,btc,1592787.36359222,0.00321595,0.2537371321350338,20
1,[],4,[],2019-02-09 23:46:31,113115135.61108892,0.00000002,0.000000000000732486,6619872,2019-02-09 23:46:31,btc,0.5795791971251761,0.0,0.00000002,btc,15618467.9370044,0.02950159,1.3304699164316187,21
1,[],12,[],2019-02-09 23:46:32,19009837.0,0.00000002,0.000000000000732486,6619873,2019-02-09 23:46:32,btc,669.4758355491022,0.0,0.00000002,btc,8564579.84915351,0.000440904215784,0.25313702,21
0,[],17,[],2019-02-09 23:46:33,0.0,0,0,6619874,2019-02-09 23:46:33,btc,0.0,0.0,0,btc,0.0,0.0,0.0,21
1,[],12,[],2019-02-09 23:56:43,2579276796.043896,0.0000000002,0.00000000000000733086,6620076,2019-02-09 23:56:43,btc,825864718651.1664,0.0,0.0000000002,btc,4302724075.0731325,0.008536680139661091,0.26843263675558976,23
0,[],27,[],2019-02-09 23:56:46,0.0,0,0,6620077,2019-02-09 23:56:46,,0.426429,0.0,0,eth,426429.0,0.0,0.0,23
1,[],4,[],2019-02-09 23:56:47,368831.53222181,0.00000068,0.000000000024924924,6620078,2019-02-09 23:56:47,btc,0.1206137714279178,0.0,0.00000068,btc,109568.75679354,0.02489824,0.1858877175578109,24
1,[],22,[],2019-02-09 23:56:51,11.76,0.00000100,0.0000000000366543,6620079,2019-02-09 23:56:51,BTC,7.415e-05,0.0,0.00000100,BTC,23.919354838709676,0.0,1.176e-05,24
0.0,[],25,[],2019-02-09 23:56:52,0.0,0,0,6620080,2019-02-09 23:56:52,,0.0,0.0,0.0,btc,0.0,0.0,0.0,24
0,[],2,[],2019-01-20 23:25:56,0.0,0,0,6476976,2019-01-20 23:25:56,,0.0,0.0,0,,0.0,0.0,0.0,26
1,[],4,[],2019-02-09 23:56:53,27831177.2931805,0.00000623,0.000000000228356289,6620081,2019-02-09 23:56:53,btc,0.42351300055991,0.0,0.00000623,btc,37133.44807552,0.02627036,0.400467139462796,26
1,[],10,[],2019-02-09 23:56:54,725806.94523368,0.00000596,0.00000000021845962799999998,6620082,2019-02-09 23:56:54,btc,25.92304543536193,133.0,0.00000596,btc,13270.96477388,0.0,0.2076777170239388,26
1,[],3,[],2019-02-09 23:56:55,5934441.03885143,0.00000001,0.000000000000366543,6620083,2019-02-09 23:56:55,btc,2.512763782200088,0.0,0.00000001,btc,16081220.427615691,0.0,0.0593444103885143,27
1,[],5,[],2019-02-09 23:56:57,1e-08,0.00000001,0.000000000000366543,6620084,2019-02-09 23:56:57,btc,1.54740948,0.00203739,0.00000001,btc,4.577e-05,0.0,0.10908531,27
1,[],11,[],2019-02-09 23:56:58,10064996.7912115,0.00000005,0.000000000001832715,6620085,2019-02-09 23:56:58,btc,370.63310344475406,219.9,0.00000005,btc,8170877.7193934005,0.0,0.4661206184459823,27
1,[],4,[],2019-02-09 23:56:59,587384873.3880613,0.00000002,0.000000000000733086,6620086,2019-02-09 23:56:59,btc,0.32577051518073474,0.0,0.00000002,"btc,ltc",75451192.3900908,0.30350952,7.279335133021196,29
1,[],7,[],2019-02-09 23:57:00,28850655.15162052,0.00000002,0.000000000000733086,6620087,2019-02-09 23:57:00,btc,44465206.22193564,96246.1824556,0.00000002,btc,52306033.67094921,0.0,0.422035136865903,29
1,[],4,[],2019-02-09 23:57:01,1520662.90237373,0.00000028,0.000000000010263204,6620088,2019-02-09 23:57:01,btc,0.2102470164435813,0.0,0.00000028,btc,429381.78257256,0.02449684,0.1186965003940451,30
0,[],17,[],2019-02-09 23:57:02,0.0,0,0,6620089,2019-02-09 23:57:02,btc,0.0,0.0,0,btc,0.0,0.0,0.0,30
1,[],4,[],2019-02-09 23:57:03,1756907.61910119,0.00006303,0.000000002310320529,6620090,2019-02-09 23:57:03,btc,0.9867762904556124,0.0,0.00006303,btc,13347.48690035,0.93996759,2.201343954513088,31
1,[],21,[],2019-02-09 23:57:04,83844.20440146,0.00006370000000000000336432270931,0.00000000233487891,6620091,2019-02-09 23:57:04,btc,3.059652156453936,283418.90955957,0.00006370000000000000336432270930941967890248633921146392822265625,btc,44259.59611528,18.13729791,4.88376336318592,31
0,[],2,[],2019-01-20 23:28:43,0.0,0,0,6477009,2019-01-20 23:28:43,,0.0,0.0,0,,0.0,0.0,0.0,32
1,[],4,[],2019-02-09 23:57:05,130084082.50457641,0.00000004,0.000000000001466172,6620092,2019-02-09 23:57:05,btc,2.05292483311501,0.0,0.00000004,"btc,ltc",42958954.2436921,0.50646883,1.705237261450777,33
1,[],12,[],2019-02-09 23:57:06,12945227.0,0.00000005,0.000000000001832715,6620093,2019-02-09 23:57:06,btc,34509076.35964386,0.0,0.00000005,btc,88587854.5534464,0.0648001852647364,0.42525755,33
1,[],4,[],2019-02-09 23:57:07,128170401.12098092,0.00000002,0.000000000000733086,6620094,2019-02-09 23:57:07,btc,0.749970391881144,0.0,0.00000002,btc,24999013.0627048,2.64885727,1.319099471328039,34
1,[],5,[],2019-02-09 23:57:08,3e-08,0.00000002,0.000000000000733086,6620095,2019-02-09 23:57:08,btc,4.1360465,0.01129453,0.00000002,btc,1.394e-05,0.0,0.825236,34
0.0000000001219048,[],4,[],2019-02-09 23:57:09,799422131.1461179,3.6571440000000005e-18,1.340500533192e-22,6620096,2019-02-09 23:57:09,ltc,1.0807163559129841e-08,0.0,0.00000003,ltc,1869304434.2167804,0.0,1.6749613897431118e-09,36
1,[],5,[],2019-02-09 23:57:11,0.0,0,0,6620097,2019-02-09 23:57:11,btc,206.76695888,0.0,0,btc,1.325e-05,0.0,0.0,36
0,[],17,[],2019-02-09 23:57:12,0.0,0,0,6620098,2019-02-09 23:57:12,btc,0.07464582781548569,0.00018553,0,btc,4105386.20243647,0.0,0.0,36
0.0000000001219048,[],27,[],2019-02-09 23:57:14,1000000.0,2.438096e-18,8.93667022128e-23,6620099,2019-02-09 23:57:14,ltc,252.8263276744,0.0,0.00000002,"ltc,eth",3711879.06,0.0,2.438096e-12,36
1,[],4,[],2019-02-09 23:57:15,327238.35457942,0.00000136,0.000000000049849848,6620100,2019-02-09 23:57:15,btc,0.4419839354761979,0.0,0.00000136,btc,249114.44555266,0.01666143,0.2489990893923728,37
1,[],12,[],2019-02-09 23:57:16,502619.38643489,0.000001359999999999999896105784720490294859018831630237400531768798828125,0.000000000049849848,6620101,2019-02-09 23:57:16,btc,1517.1823432787232,0.0,0.000001359999999999999896105784720490294859018831630237400531768798828125,btc,761643.44705226,0.0497092325626357,0.3260632600000099,37
1,[],17,[],2019-02-09 23:57:17,1752.74075282,0.00000025,0.000000000009163575,6620102,2019-02-09 23:57:17,btc,0.055484923974901165,0.0,0.00000025,btc,1387.19918473,0.0,0.00043818518820499993,37
1,[],27,[],2019-02-09 23:57:19,16422.0,0.00000052,0.000000000019060236,6620103,2019-02-09 23:57:19,btc,51.75602025030353,0.0,0.00000052,btc,29579.81438508,0.0,0.00569662,37
1,[],5,[],2019-02-09 23:57:20,1.531e-05,0.00000100,0.0000000000366543,6620104,2019-02-09 23:57:20,btc,0.08488599,0.08361244,0.00000100,btc,8.903e-05,0.0,0.0392931,42
1,[],12,[],2019-02-09 23:57:21,133464.57381985,0.000001030000000000000091033409109486651544784763245843350887298583984375,0.000000000037753929000000005,6620105,2019-02-09 23:57:21,btc,96.18955534807758,0.0,0.000001030000000000000091033409109486651544784763245843350887298583984375,btc,99713.23454909,0.0222702234535553,0.0468108999999623,42
0,[],27,[],2019-02-09 23:57:24,0.0,0,0,6620106,2019-02-09 23:57:24,,0.00315028,0.0,0,"btc,eth",11.007,0.0,0.0,42
1,[],5,[],2019-02-09 23:57:25,6e-08,0.00000003,0.000000000001099629,6620107,2019-02-09 23:57:25,btc,6.257182,0.0020769,0.00000003,btc,1.425e-05,0.0,0.55210573,43
1,[],12,[],2019-02-09 23:57:26,6673028.0,0.00000002,0.000000000000733086,6620108,2019-02-09 23:57:26,btc,20007456.47408223,0.0,0.00000002,btc,38925720.08831168,6.160997003e-05,0.06730428000000001,43
0,[],17,[],2019-02-09 23:57:28,0.0,0,0,6620109,2019-02-09 23:57:28,btc,0.0,0.0,0,btc,0.0,0.0,0.0,43
1,[],12,[],2019-02-09 23:57:30,843358.0,0.00000006,0.0000000000021992579999999997,6620110,2019-02-09 23:57:30,btc,11115166.9883106,0.0,0.00000006,btc,1027975.14385612,2.172e-05,0.02451342,44
1,[],4,[],2019-02-09 23:57:31,224497528.68636373,0.00000002,0.000000000000733086,6620111,2019-02-09 23:57:31,btc,0.18547221915638903,0.0,0.00000002,"btc,ltc",4446321.3796748,0.0003,0.43118564653956637,49
0.0000000001219048,[],4,[],2019-02-09 23:57:32,3361498048.518919,1.219048e-18,4.46833511064e-23,6620112,2019-02-09 23:57:32,ltc,4.645173507739364,0.0,0.00000001,ltc,3025290361.0310435,0.0,4.097827473050891e-09,52
0,[],22,[],2019-02-09 23:57:35,0.0,0,0,6620113,2019-02-09 23:57:35,,3693.4427291,0.0,0,,261911682.90882352,0.0,0.0,57
0,[],27,[],2019-02-09 23:57:37,0.0,0,0,6620114,2019-02-09 23:57:37,,0.0,0.0,0,"btc,eth",0.0,0.0,0.0,57
0.0000000001219048,[],4,[],2019-02-09 23:57:39,1182591896.9995165,6.09524e-18,2.23416755532e-22,6620115,2019-02-09 23:57:39,ltc,3.279644195557626,0.0,0.00000005,ltc,904221557.2391487,0.0,3.8520589943339924e-09,58
1,[],12,[],2019-02-09 23:57:40,1951358767.843957,0.0000000005,0.00000000000001832715,6620116,2019-02-09 23:57:40,btc,224005489688.78912,0.0,0.0000000005,btc,3148082283.5957093,0.0598059561143856,0.6907260245011392,58
0,[],17,[],2019-02-09 23:57:42,0.0,0,0,6620117,2019-02-09 23:57:42,btc,1e+24,0.0,0,btc,41481695.95832568,0.0,0.0,58
0.00000000013197050000000001,[],22,[],2019-02-09 23:57:45,137438.0,1.319705e-18,4.83728629815e-23,6620118,2019-02-09 23:57:45,XMR,69.8835922,0.0,0.00000001,XMR,9887963.0,0.0,0.00137438,58
1,[],5,[],2019-02-09 23:57:47,1.14e-05,0.00000085,0.000000000031156155,6620119,2019-02-09 23:57:47,btc,0.26339502,0.01092612,0.00000085,btc,0.00013952,0.0,0.06997246,61
1,[],22,[],2019-02-09 23:57:50,5111.5,0.00000011,0.0000000000040319729999999995,6620120,2019-02-09 23:57:50,BTC,1002.29598212,0.0,0.00000011,BTC,14957.700278135757,0.0,0.00051178,61
1,[],26,[],2019-02-09 23:57:50,0.0,0.00000800,0.0000000002932344,6620121,2019-02-09 23:57:50,btc,0.0,0.0,0.00000800,btc,0.0,0.0,0.0,61
1,[],27,[],2019-02-09 23:57:53,3650.0,0.0000005,0.00000000001832715,6620122,2019-02-09 23:57:53,btc,10.770825947670222,403.34587274,0.0000005,"btc,eth",13889.1268778,0.027121130016627845,0.000616000000080205,61
1,[],28,[],2019-02-09 23:57:54,6884.304,0.0000006,0.00000000002199258,6620123,2019-02-09 23:57:54,btc,2.056367893700105,797.0,0.0000006,btc,9757.52450005,0.0,0.00216611304,61
1,[],4,[],2019-02-09 23:57:55,402445.42711983,0.00000285,0.00000000010446475499999999,6620124,2019-02-09 23:57:55,btc,1.307143369994081,0.0,0.00000285,btc,302071.03669067,1.735619,0.7828991845041551,67
0.0,[],25,[],2019-02-09 23:57:57,0.0,0,0,6620125,2019-02-09 23:57:57,,0.0,0.0,0.0,btc,0.0,0.0,0.0,67
1,[],12,[],2019-02-09 23:57:58,2775309.65060436,0.00000043,0.000000000015761349,6620126,2019-02-09 23:57:58,btc,11115966.526772587,0.0,0.00000043,btc,2017796.7118376,0.0784294132373113,0.1181519564411105,71
,[],5,[],2018-11-20 23:02:39,1.5e-07,0.00000005,0.000000000002128045,4862160,2018-11-20 23:02:39,btc,2.84511358,0.0,,btc,0.00036572,0.0,0.07381892,74
1,[],5,[],2019-01-25 15:53:51,3.303e-05,0.00000156,0.000000000055588884,6499610,2019-01-25 15:53:51,btc,1.42844212,0.0,0.00000156,btc,0.00015937,0.0,0.49487621,75
0,[],20,[],2019-01-25 09:30:31,0.0,0,0,6495923,2019-01-25 09:30:31,btc,0.0,0.0,0,btc,0.0,0.0,0.0,81
1,[],4,[],2019-02-09 23:57:59,52395090.43692337,0.00000001,0.000000000000366543,6620127,2019-02-09 23:57:59,btc,0.7647855482047843,0.0,0.00000001,btc,14467592.68425178,0.002,0.5239509043692337,81
1,[],4,[],2019-02-09 23:58:00,24093.18989173,0.00007450,0.00000000273074535,6620128,2019-02-09 23:58:00,btc,0.9747683682710496,0.0,0.00007450,btc,8685.08366345,0.00236374,0.1089220407896336,82
1,[],21,[],2019-02-09 23:58:01,66925.03110785999,0.00007530999999999999554387702938,0.0000000027604353329999997,6620129,2019-02-09 23:58:01,btc,3.5488213644888797,1174.09403913,0.000075309999999999995543877029380297472016536630690097808837890625,btc,40799.73043947,0.08908681,3.117934646651862,82
0,[],17,[],2019-02-07 10:02:39,0.0,0,0,6611495,2019-02-07 10:02:39,btc,0.0447233088476774,0.0,0,btc,999127.19588126,0.0,0.0,84
0.0000000001219048,[],4,[],2019-02-09 23:58:02,159758443.07656574,1.219048e-17,4.46833511064e-22,6620130,2019-02-09 23:58:02,ltc,0.19569063247652133,0.0,0.0000001,ltc,74480116.17421217,0.0,8.287891916590178e-10,85
,[],22,[],2018-11-20 23:09:34,3408.1,0.0000001,0.0000000000041895,4862324,2018-11-20 23:09:34,BTC,0.04624735,0.0,,BTC,4990.0,0.0,0.00033081,86
0,[],22,[],2019-02-09 23:58:05,0.0,0,0,6620131,2019-02-09 23:58:05,,2.0760781,0.0,0,,140622.94736842104,0.0,0.0,87
0,[],27,[],2019-02-09 23:58:06,0.0,0,0,6620132,2019-02-09 23:58:06,,0.0,0.0,0,btc,0.0,0.0,0.0,87
,[],2,[],2018-11-20 23:10:47,0.0,0,0,4862359,2018-11-20 23:10:47,,0.0,0.0,,,0.0,0.0,0.0,88
1,[],11,[],2019-02-09 23:58:08,96137.27516298,0.000159049999999999989996890548127339570783078670501708984375,0.000000005829866414999999,6620133,2019-02-09 23:58:08,btc,246.3397788275586,501.23791029,0.000159049999999999989996890548127339570783078670501708984375,btc,186630.4956986,0.0,6.50847351597379,89
1,[],12,[],2019-02-09 23:48:24,445466.86735231,0.00000340000000000000005790181702158836429816801683045923709869384765625,0.00000000012452262,6619931,2019-02-09 23:48:24,btc,1115.126933935046,0.0,0.00000340000000000000005790181702158836429816801683045923709869384765625,btc,40822.67555352,0.0015377605,0.0848169835000159,91
0,[],2,[],2019-01-20 23:31:45,0.0,0,0,6477083,2019-01-20 23:31:45,,0.0,0.0,0,,0.0,0.0,0.0,91
0,[],17,[],2019-02-09 23:48:26,0.0,0,0,6619932,2019-02-09 23:48:26,btc,0.0,0.0,0,btc,0.0,0.0,0.0,91
0.0000000001219048,[],22,[],2019-02-09 23:58:28,21182260.5,7.314288000000001e-18,2.681001066384e-22,6620134,2019-02-09 23:58:28,LTC,8.58127275,0.0,0.00000006,LTC,72065234.1,4.9052053424e-14,1.02936015,95
1,[],4,[],2019-02-09 23:58:30,133529177.0518999,0.00000001,0.000000000000366543,6620135,2019-02-09 23:58:30,btc,0.9512756240081096,0.0,0.00000001,"btc,ltc",48222674.9814942,0.01467318,0.02130372457270884,96
1,[],12,[],2019-02-09 23:58:31,891800.0,0.00000001,0.000000000000366543,6620136,2019-02-09 23:58:31,btc,255063.4737601898,0.0,0.00000001,btc,8812852.54276697,0.0021028158041958,0.008918,96
0,[],17,[],2019-02-09 23:58:32,0.0,0,0,6620137,2019-02-09 23:58:32,btc,0.0,0.0,0,btc,0.0,0.0,0.0,96
1,[],4,[],2019-02-09 23:58:33,1816378.67723638,0.00000032,0.000000000011729376,6620138,2019-02-09 23:58:33,btc,0.1257630433346075,0.0,0.00000032,btc,273611.20297263,0.00540896,0.2256996166455034,99
0,[],2,[],2019-01-20 23:23:55,0.0,0,0,6476914,2019-01-20 23:23:55,,0.0,0.0,0,,0.0,0.0,0.0,100
1,[],4,[],2019-02-09 23:58:33,233298.92089638,0.00004106,0.000000001505025558,6620139,2019-02-09 23:58:33,btc,1.4048565283096546,0.0,0.00004106,btc,31070.4631406,0.59625044,2.1517400319709616,100
1,[],22,[],2019-02-09 23:58:37,50000.0,0.00000001,0.000000000000366543,6620140,2019-02-09 23:58:37,BTC,23.50383609,0.0,0.00000001,BTC,11277.22,0.0,0.0005,101
1,[],4,[],2019-02-09 23:58:38,131978.96424085,0.00000104,0.000000000038120472,6620141,2019-02-09 23:58:38,btc,0.4015506540385334,0.0,0.00000104,btc,149367.74018781,0.01056205,0.0825173441912739,103
1,[],12,[],2019-02-09 23:58:41,56274511.4663887,0.000000016,0.0000000000005864688,6620142,2019-02-09 23:58:41,btc,137278791.04949358,0.0,0.000000016,btc,129242983.17058516,0.03063484460695063,0.3654773934622192,105
1,[],27,[],2019-02-09 23:58:43,4109342.89,0.00000001,0.000000000000366543,6620143,2019-02-09 23:58:43,btc,1.5900677513692298,13763.0,0.00000001,btc,573669.42860553,0.00027526,0.0410934289,105
0,[],22,[],2019-02-09 23:58:55,0.0,0,0,6620144,2019-02-09 23:58:55,,1.07253299,0.0,0,,94300.0,0.0,0.0,107
1,[],26,[],2019-02-09 23:58:55,0.0,0.00000000,0,6620145,2019-02-09 23:58:55,btc,0.0,0.0,0.00000000,btc,0.0,0.0,0.0,107
1,[],5,[],2019-02-09 23:58:56,3e-08,0.00000002,0.000000000000733086,6620146,2019-02-09 23:58:56,btc,2.87350615,0.00629827,0.00000002,btc,1.649e-05,0.0,0.10289066,112
1,[],22,[],2019-02-09 23:59:00,189099.0,0.00000002,0.000000000000733086,6620147,2019-02-09 23:59:00,BTC,2.81183288,0.0,0.00000002,BTC,808524.0833333334,0.0,0.00189105,112
0.0000000003260362,[],27,[],2019-02-09 23:59:02,500000.0,3.260362e-18,1.195062868566e-22,6620148,2019-02-09 23:59:02,eth,1.35132491849924,0.0,0.00000001,"btc,eth",1328.641654,0.0,1.630181e-12,112
1,[],4,[],2019-02-09 23:59:03,452978.50377681,0.00000339,0.000000000124258077,6620149,2019-02-09 23:59:03,btc,0.3110552137245158,0.0,0.00000339,btc,71336.28802537,0.1892803,0.217229516966833,113
1,[],5,[],2019-02-09 23:59:04,9.1e-06,0.00000301,0.000000000110329443,6620150,2019-02-09 23:59:04,btc,0.92592517,0.0002709,0.00000301,btc,0.00191889,0.0,0.21275363,113
1,[],17,[],2019-02-09 23:50:58,174538.724,0.00000004,0.000000000001464972,6619950,2019-02-09 23:50:58,btc,1.3373630274397494,0.0,0.00000004,btc,60896.221,0.0,0.00308154896,116
0,[],27,[],2019-02-09 23:51:00,0.0,0,0,6619951,2019-02-09 23:51:00,,0.0,0.0,0,btc,0.0,0.0,0.0,116
1,[],4,[],2019-02-09 23:59:06,35572.59412403,0.00002851,0.000000001045014093,6620151,2019-02-09 23:59:06,btc,0.466481513836248,0.0,0.00002851,btc,14650.91280572,1.13453267,0.8921916196325671,120
1,[],7,[],2019-02-09 23:59:07,6344.66371996,0.0000183200000000000007803480084334069033502601087093353271484375,0.000000000671506776,6620152,2019-02-09 23:59:07,btc,115646.28324649695,6.88637696,0.0000183200000000000007803480084334069033502601087093353271484375,btc,30109.42474852,0.00023613,0.0521238741054613,120
1,[],20,[],2019-02-09 23:59:08,1539391.8094,0.000000014,0.0000000000005131602,6620153,2019-02-09 23:59:08,btc,33.8688103501599,0.0,0.000000014,btc,1140882.3764,0.0,0.0079606482167,125
1,[],22,[],2019-02-09 23:59:12,3053.0,0.00000001,0.000000000000366543,6620154,2019-02-09 23:59:12,BTC,0.01444889,0.0,0.00000001,BTC,296264.5111111111,0.0,3.053e-05,126
1,[],4,[],2019-02-09 23:51:09,152696.49545908,0.00001453,0.000000000532151079,6619956,2019-02-09 23:51:09,btc,0.6332553868194083,0.0,0.00001453,btc,34094.30416184,0.20478125,0.7738062481360747,131
0,[],17,[],2019-02-09 23:51:11,0.0,0,0,6619957,2019-02-09 23:51:11,btc,0.0009561751951600001,0.0,0,btc,35.42829368,0.0,0.0,131
0,[],2,[],2019-01-20 23:25:46,0.0,0,0,6476969,2019-01-20 23:25:46,,0.0,0.0,0,,0.0,0.0,0.0,131
1,[],4,[],2019-02-09 23:59:13,4642.85563905,0.00016574,0.000000006075083682,6620155,2019-02-09 23:59:13,btc,1.6399768397534975,0.0,0.00016574,btc,296.40882497,0.0,0.0121851642330516,135
1,[],3,[],2019-02-09 23:59:14,2304837.85894063,0.00000006,0.0000000000021992579999999997,6620156,2019-02-09 23:59:14,btc,0.120222370902266,73826.9995778,0.00000006,btc,389510.19409237,0.0,0.0929238394414785,136
1,[],4,[],2019-02-09 23:59:16,82571.04776303,0.00000166,0.000000000060846138,6620157,2019-02-09 23:59:16,btc,0.0696475430026184,0.0,0.00000166,btc,33819.9857385,0.05450145,0.1074440649322458,137
1,[],12,[],2019-02-09 23:59:17,305202.75590807,0.000001740000000000000069492480346544649449924690998159348964691162109375,0.000000000063778482,6620158,2019-02-09 23:59:17,btc,11982.94575325264,0.0,0.000001740000000000000069492480346544649449924690998159348964691162109375,btc,157726.19359326,0.0227130631416303,0.0422352733426716,137
1,[],5,[],2019-02-09 23:59:19,0.00247122,0.00007221,0.0000000026468070029999998,6620160,2019-02-09 23:59:19,btc,4.49966475,2.67413818,0.00007221,btc,0.00414693,0.0,1.36285091,142
1,[],17,[],2019-02-09 23:59:21,22967.386363640002,0.00000088,0.000000000032255784,6620161,2019-02-09 23:59:21,btc,20.06991335247115,0.000896253237,0.00000088,btc,2746.079105,0.0,0.0104613000000032,142
1,[],20,[],2019-02-09 23:59:23,156080.4418,0.000030011,0.0000000011000321973,6620162,2019-02-09 23:59:23,btc,2.8514115111638,1000.0,0.000030011,btc,7685.4716,0.025255633087,0.3069478492023,142
1,[],22,[],2019-02-09 23:59:26,1116.4,0.00001020,0.00000000037387386,6620163,2019-02-09 23:59:26,BTC,3.0087007,0.0,0.00001020,BTC,897.0985020382753,0.0,0.00092537,142
0.0,[],25,[],2019-02-09 23:59:27,0.0,0,0,6620164,2019-02-09 23:59:27,,0.0,0.0,0.0,btc,0.0,0.0,0.0,142
1,[],28,[],2019-02-09 23:59:32,79056.0,0.00005000,0.000000001832715,6620165,2019-02-09 23:59:32,btc,0.033106269749,750.29291,0.00005000,btc,53.2837,0.0,0.0585187,142
1,[],4,[],2019-02-09 23:59:18,5508.76969569,0.00006681,0.000000002448873783,6620159,2019-02-09 23:59:18,btc,2.5964339136737653,0.0,0.00006681,btc,25953.08277335,2.08449382,0.2245783341950532,142
0,[],22,[],2019-02-09 23:59:35,0.0,0,0,6620166,2019-02-09 23:59:35,,68.48598675,0.0,0,,890289703.8,0.0,0.0,143
1,[],21,[],2019-02-09 23:59:36,45485669.07939435,0.00000029,0.000000000010629746999999999,6620167,2019-02-09 23:59:36,btc,37.66949129319116,3356061.6386372,0.00000029,btc,73820906.80644944,0.96913622,8.423498506081465,145
0,[],22,[],2019-02-07 19:35:54,0.0,0,0,6616921,2019-02-07 19:35:54,,3.33248929,0.0,0,,1970827.5,0.0,0.0,146
,[],22,[],2018-11-20 23:01:11,0.0,0,0,4862114,2018-11-20 23:01:11,,2.56807021,0.0,,,61828.4988236,0.0,0.0,147
1,[],12,[],2019-02-09 23:59:38,8687024.33552659,0.000003340000000000000208847696081537748113987618125975131988525390625,0.000000000122425362,6620168,2019-02-09 23:59:38,btc,16.529719502694185,0.0,0.000003340000000000000208847696081537748113987618125975131988525390625,btc,115873.39148637,0.00016288544,0.1212324866899657,148
1,[],4,[],2019-02-09 23:51:31,441066.53353686,0.00000045,0.000000000016480935,6619971,2019-02-09 23:51:31,btc,0.7835058095343891,0.0,0.00000045,btc,585646.85946955,0.00523785,0.1259863431638936,152
0,[],22,[],2019-02-09 23:51:34,0.0,0,0,6619972,2019-02-09 23:51:34,,0.0,0.0,0,,0.0,0.0,0.0,152
1,[],5,[],2019-02-09 23:51:36,0.0,0,0,6619973,2019-02-09 23:51:36,btc,4.42293222,0.0,0,btc,0.00161275,0.0,0.0,153
,[],16,[],2019-01-11 15:38:59,0.0,0,0,6366141,2019-01-11 15:38:59,btc,0.0,0.0,,btc,0.0,0.0,0.0,155
0,[],22,[],2019-02-09 23:59:41,0.0,0,0,6620169,2019-02-09 23:59:41,,6.74512347,0.0,0,,4576272.742592593,0.0,0.0,156
0,[],23,[],2019-01-20 23:24:29,0.0,0,0,6476932,2019-01-20 23:24:29,,0.0,0.0,0,,0.0,0.0,0.0,156
1,[],22,[],2019-02-09 23:59:45,7906.0,0.00000801,0.000000000293600943,6620170,2019-02-09 23:59:45,BTC,43.78801181,0.0,0.00000801,BTC,1067.5805334758436,0.0,0.00743836,157
0,[],22,[],2019-02-09 23:52:04,0.0,0,0,6619976,2019-02-09 23:52:04,,50175.67558609,0.0,0,,54029136.04179466,0.0,0.0,158
,[],17,[],2018-11-20 22:56:10,0.0,0,0,4861976,2018-11-20 22:56:10,btc,1.1265625,0.0,,btc,1000.0,0.0,0.0,159
,[],20,[],2018-11-20 22:56:12,0.0,0,0,4861977,2018-11-20 22:56:12,btc,11912.7940471,0.0,,btc,34413894.3617,0.0,0.0,159
1,[],12,[],2019-02-09 23:52:05,190344.04832957,0.00000740000000000000030041073795228356857478502206504344940185546875,0.00000000027101982,6619977,2019-02-09 23:52:05,btc,6.662277947039028,0.0,0.00000740000000000000030041073795228356857478502206504344940185546875,btc,14799.17016046,0.0021890257143072,0.0924904829000231,168
1,[],17,[],2019-02-09 23:52:06,29784.95,0.000001,0.0000000000366243,6619978,2019-02-09 23:52:06,btc,0.03026736251542,0.0,0.000001,btc,144.46171372,0.0,0.00716147,168
0,[],22,[],2019-02-09 23:52:10,0.0,0,0,6619979,2019-02-09 23:52:10,,1.14776715,0.0,0,,721548.0900917595,0.0,0.0,169
1,[],22,[],2019-02-09 23:52:15,225000.0,0.00000018,0.0000000000065923739999999996,6619980,2019-02-09 23:52:15,BTC,10.33139556,0.0,0.00000018,BTC,130300.77145587197,0.0,0.0216,171
1,[],22,[],2019-02-09 23:59:48,231281.52380952382,0.00000022,0.000000000008063945999999999,6620171,2019-02-09 23:59:48,BTC,2.65396408,0.0,0.00000022,BTC,234411.28084800177,0.00369119,0.0187128,173
1,[],5,[],2019-02-09 23:52:35,3.026e-05,0.00000329,0.000000000120493947,6619982,2019-02-09 23:52:35,btc,0.31628543,0.0452051,0.00000329,btc,0.00028366,0.0,0.7324028,175
1,[],22,[],2019-02-09 23:59:52,57581.32380952381,0.00000061,0.000000000022359123,6620172,2019-02-09 23:59:52,BTC,0.49923213,0.0,0.00000061,BTC,127016.9744461984,1.314e-05,0.02077814,176
1,[],7,[],2019-02-09 23:59:53,0.0,0,0,6620173,2019-02-09 23:59:53,btc,410973.91675899347,0.0,0,btc,115464110.28145696,0.0,0.0,178
0,[],22,[],2019-02-09 23:59:55,0.0,0,0,6620174,2019-02-09 23:59:55,,1.00242428,0.0,0,,57512.0,0.0,0.0,178
0,[],2,[],2019-01-20 23:28:34,0.0,0,0,6477001,2019-01-20 23:28:34,,0.0,0.0,0,,0.0,0.0,0.0,178
1,[],5,[],2019-02-09 23:59:56,3e-08,0.00000002,0.000000000000733086,6620175,2019-02-09 23:59:56,btc,26.42517177,0.38830716,0.00000002,btc,2.088e-05,0.0,0.79253927,179
1,[],22,[],2019-02-10 00:00:03,7820284.0,0.00000002,0.000000000000733086,6620176,2019-02-10 00:00:03,BTC,5.4773134,0.0,0.00000002,"BTC,LTC",17835443.468656633,0.0,0.38366552,179
0,[],23,[],2019-01-20 23:25:08,0.0,0,0,6476952,2019-01-20 23:25:08,,0.0,0.0,0,,0.0,0.0,0.0,179
1,[],17,[],2019-02-10 00:00:04,10504.725,0.0000001,0.00000000000366543,6620177,2019-02-10 00:00:04,btc,5.206166879878544,0.0,0.0000001,btc,6755.0074587,0.0,0.0010504725,180
1,[],22,[],2019-02-10 00:00:10,18254.4,0.00000095,0.000000000034821585,6620178,2019-02-10 00:00:10,BTC,0.09342657,0.0,0.00000095,"BTC,LTC",13886.975478042325,0.00372327,0.00623544,180
1,[],26,[],2019-02-10 00:00:10,0.0,0.00000050,0.00000000001832715,6620179,2019-02-10 00:00:10,btc,0.0,0.0,0.00000050,btc,0.0,0.0,0.0,180
,[],7,[],2018-11-20 22:58:01,562227.975654,0.00000085,0.000000000036176765,4862015,2018-11-20 22:58:01,btc,21836.6059674,2491.87645172,,btc,749999.041456,0.00211021,0.127565380455,183
1,[],24,[],2019-02-10 00:00:10,0.0,0.000000000001,3.66543e-17,6620180,2019-02-10 00:00:10,btc,0.0,0.0,0.000000000001,btc,0.0,0.0,0.0,187
,[],5,[],2019-01-10 08:11:41,0.0,0,0,6347036,2019-01-10 08:11:41,btc,82.15055501,0.00261,,btc,1.19002445,0.0,0.0,187
,[],17,[],2018-11-16 20:58:10,4062536.27273,0.00000001,0.000000000000550501,4708775,2018-11-16 20:58:10,btc,3.36492563466,0.195460381006,,"btc,eth",110697919.549,0.0,0.0157628953496,187
0,[],22,[],2019-02-09 23:53:10,0.0,0,0,6619992,2019-02-09 23:53:10,,1.19383767,0.0,0,,14406.036201072173,0.0,0.0,191
0,[],22,[],2019-02-09 23:53:26,0.0,0,0,6619993,2019-02-09 23:53:26,,0.0,0.0,0,,0.0,0.0,0.0,197
1,[],26,[],2019-02-10 00:00:11,0.0,0.00000000,0,6620181,2019-02-10 00:00:11,btc,0.0,958463.0,0.00000000,btc,0.0,0.0,0.0,199
0,[],23,[],2019-01-20 23:31:41,0.0,0,0,6477079,2019-01-20 23:31:41,,0.0,0.0,0,,0.0,0.0,0.0,199
0,[],17,[],2019-01-30 16:32:01,0.0,0,0,6540827,2019-01-30 16:32:01,btc,6.802544163788159,0.0,0,btc,105897.55575295,0.0,0.0,200
0,[],2,[],2019-01-20 23:30:49,0.0,0,0,6477059,2019-01-20 23:30:49,,0.0,0.0,0,,0.0,0.0,0.0,201
1,[],4,[],2019-01-25 15:51:35,2084389.58565343,0.00000936,0.000000000333526752,6499557,2019-01-25 15:51:35,btc,2.0092503037378524,0.0,0.00000936,btc,160195.80207885,0.19272417,1.242687955921835,211
1,[],7,[],2019-02-09 23:53:29,5537943.52660022,0.000001560000000000000098813643899242631363222244544886052608489990234375,0.000000000057133908,6619995,2019-02-09 23:53:29,btc,16567788.004879793,353119.162528,0.000001560000000000000098813643899242631363222244544886052608489990234375,btc,9948019.18432566,0.0,4.493000607771235,212
1,[],5,[],2019-02-10 00:00:14,4.78e-06,0.00000035,0.000000000012829005,6620182,2019-02-10 00:00:14,btc,1.15779323,0.15683875,0.00000035,btc,3.19e-05,0.0,0.38789623,213
1,[],24,[],2019-02-10 00:00:14,0.0,0.000000050000,0.000000000001832715,6620183,2019-02-10 00:00:14,btc,0.0,0.0,0.000000050000,btc,0.0,0.0,0.0,213
1,[],26,[],2019-02-10 00:00:15,0.0,0.00000009,0.0000000000032988869999999998,6620184,2019-02-10 00:00:15,btc,0.0,0.0,0.00000009,btc,0.0,0.0,0.0,213
1,[],12,[],2019-01-25 02:44:32,207462.42853209,0.000001080000000000000035831255497387193287295303889550268650054931640625,0.000000000038610756000000006,6493050,2019-01-25 02:44:32,btc,85023.03793723314,0.0,0.000001080000000000000035831255497387193287295303889550268650054931640625,btc,43675.73520027,0.000146250909087,0.0348620860622024,213
1,[],22,[],2019-02-09 23:53:35,271180.0,0.00000002,0.000000000000732486,6619999,2019-02-09 23:53:35,BTC,2.20539348,0.0,0.00000002,BTC,253902.63137942314,0.0001044,0.0046096,216
1,[],27,[],2019-02-09 23:53:38,5081157.5555,0.00000004,0.000000000001464972,6620000,2019-02-09 23:53:38,btc,363.57727336756,59527.7,0.00000004,"btc,ltc",271023.369,0.00892915,0.05225726222,216
1,[],22,[],2019-02-10 00:00:18,313336.8247499803,0.00000260,0.00000000009530117999999999,6620185,2019-02-10 00:00:18,BTC,12676.95666419,0.0,0.00000260,BTC,378546.7605220196,0.01464644,0.46232477,217
1,[],7,[],2019-02-10 00:00:19,0.0,0,0,6620186,2019-02-10 00:00:19,btc,77970.05582791512,0.0,0,btc,137091858.32140028,0.0,0.0,219
0,[],27,[],2019-02-10 00:00:21,0.0,0,0,6620187,2019-02-10 00:00:21,,5.3418937883169715,0.0,0,btc,1605140.99226592,0.0,0.0,219
0,[],28,[],2019-02-10 00:02:22,0.0,0,0,6620188,2019-02-10 00:02:22,,5.6218929075003,8166.0,0,btc,3485246.84751,0.0,0.0,219
1,[],22,[],2019-02-10 00:02:26,220855.61111111112,0.00000095,0.000000000034821585,6620189,2019-02-10 00:02:26,BTC,3.02453491,0.0,0.00000095,BTC,73670.87471926722,0.0268548,0.03603378,221
1,[],24,[],2019-02-10 00:02:26,0.0,0.000000610000,0.000000000022359123,6620190,2019-02-10 00:02:26,btc,0.0,0.0,0.000000610000,btc,0.0,0.0,0.0,221
1,[],20,[],2019-02-10 00:02:28,4623215.9011,0.000000004,0.00000000000014661719999999998,6620191,2019-02-10 00:02:28,btc,6.0750927507078,26932.572,0.000000004,btc,9638933.2978,0.00011846086,0.0092140371542,224
0,[],22,[],2019-02-10 00:02:31,0.0,0,0,6620192,2019-02-10 00:02:31,,0.0,0.0,0,,0.0,0.0,0.0,224
1,[],26,[],2019-02-10 00:02:31,0.0,0.00000045,0.000000000016494435,6620193,2019-02-10 00:02:31,btc,0.0,0.0,0.00000045,btc,0.0,0.0,0.0,231
1,[],26,[],2019-02-09 23:53:59,0.0,0.00000005,0.000000000001831215,6620010,2019-02-09 23:53:59,btc,0.0,0.0,0.00000005,btc,0.0,0.0,0.0,234
0,[],27,[],2019-02-09 23:54:01,0.0,0,0,6620011,2019-02-09 23:54:01,,0.0113483662182,0.0,0,"btc,eth",11462.99618,0.0,0.0,234
0,[],22,[],2019-02-09 23:54:05,0.0,0,0,6620012,2019-02-09 23:54:05,,3.00219498,0.0,0,,99937439.06349206,0.0,0.0,235
1,[],4,[],2019-02-09 23:54:06,794261.19135726,0.00000056,0.000000000020509608,6620013,2019-02-09 23:54:06,btc,0.1247373065130826,0.0,0.00000056,btc,129549.57785766,0.07051117,0.1500966936535115,236
1,[],24,[],2019-02-09 23:54:06,0.0,0.000000010000,0.000000000000366243,6620014,2019-02-09 23:54:06,btc,0.0,0.0,0.000000010000,btc,0.0,0.0,0.0,236
1,[],20,[],2019-02-10 00:02:33,16311464.0459,0.00000006,0.000000000002199258,6620194,2019-02-10 00:02:33,btc,14.5783443567114,4513119.8283,0.00000006,btc,27480095.8242,0.2795940150095,0.1375623710619,237
0.0000000001219048,[],22,[],2019-02-10 00:02:37,14400.0,1.219048e-17,4.46833511064e-22,6620195,2019-02-10 00:02:37,LTC,0.04083605,0.0,0.0000001,LTC,4179.0,0.0,0.00144,237
1,[],4,[],2019-02-10 00:02:38,4636418.43662814,0.00000033,0.000000000012095919,6620196,2019-02-10 00:02:38,btc,0.7721960844416489,0.0,0.00000033,btc,2026370.37235767,0.17686768,1.4015653632698832,238
1,[],5,[],2019-02-10 00:02:39,4.25e-06,0.00000033,0.000000000012095919,6620197,2019-02-10 00:02:39,btc,0.83861205,0.00136895,0.00000033,btc,3.008e-05,0.0,0.28472894,238
1,[],22,[],2019-02-09 23:54:17,80743.0,0.00000002,0.000000000000732486,6620019,2019-02-09 23:54:17,BTC,15.41678688,0.0,0.00000002,BTC,370860.0639027493,0.00029919,0.00161486,249
0.0000000001213111,[],22,[],2019-02-09 23:54:21,6882771.333333333,3.6393330000000004e-18,1.332880235919e-22,6620020,2019-02-09 23:54:21,LTC,0.40099266,0.0,0.00000003,LTC,13547150.89,3.5189875363560003e-12,0.20548616,252
0,[],28,[],2019-02-10 00:02:41,0.0,0,0,6620198,2019-02-10 00:02:41,,0.0,0.0,0,,0.0,0.0,0.0,256
1,[],22,[],2019-02-10 00:02:45,114807.0,0.00000001,0.000000000000366543,6620199,2019-02-10 00:02:45,BTC,30.20506727,0.0,0.00000001,BTC,442390.0289327789,0.0,0.00114807,258
1,[],22,[],2019-01-26 20:58:41,368451.0,0.00000001,0.000000000000356135,6510120,2019-01-26 20:58:41,BTC,2.642917,0.0,0.00000001,"BTC,LTC",1862.0,0.0,0.02488451,259
1,[],22,[],2019-02-10 00:02:50,12273.297647058824,0.00000850,0.00000000031156155,6620200,2019-02-10 00:02:50,BTC,1293.13140575,0.0,0.00000850,"BTC,LTC",12670.0654139449,0.00087448,0.018914,262
1,[],5,[],2019-02-10 00:02:51,6.253e-05,0.00000285,0.00000000010446475499999999,6620201,2019-02-10 00:02:51,btc,0.67645337,0.34687232,0.00000285,btc,0.00026896,0.0,0.18734208,264
1,[],20,[],2019-02-10 00:02:53,1169734.8663,0.000002731,0.0000000001001028933,6620202,2019-02-10 00:02:53,btc,5.0481594005503,142673.7259,0.000002731,btc,103841.2192,0.6070901791102,0.0304386359586,264
1,[],22,[],2019-02-10 00:02:57,95356.5,0.00000002,0.000000000000733086,6620203,2019-02-10 00:02:57,BTC,9.31364146,0.0,0.00000002,BTC,371756.0382647885,0.0,0.0014095,271
0,[],22,[],2019-02-10 00:03:00,0.0,0,0,6620204,2019-02-10 00:03:00,,384.77798703,0.0,0,,15106717515.9,0.0,0.0,272
0.0000000000000053,[],28,[],2019-02-10 00:03:02,218759095106.89,4.293e-21,1.573569099e-25,6620205,2019-02-10 00:03:02,doge,374578696.1721481,1053036499.7,0.00000081,doge,231349149695.1937,0.0,6.067086289590121e-10,272
1,[],22,[],2019-02-09 23:54:56,11582.0,0.00001007,0.00000000036880670099999997,6620029,2019-02-09 23:54:56,BTC,74.80275298,0.0,0.00001007,"BTC,LTC",1029.012635451505,0.00470575,0.02057677,281
