pairValue,buyBook,exchangeId,sellBook,updated,buyTotal,satoshiPrice,usdPrice,exchangeLogId,created,bestPair,sellTotalBtc,volume,pairPrice,activePairs,sellTotal,volumeBtc,buyTotalBtc,coinId
1,[],3,[],2019-06-20 21:38:20,32260.172256705155,0.010502720000000000111217701714849681593477725982666015625,0.000001007570041024000039392261269,7746371,2019-06-20 21:38:20,btc,10.130217680474555,59.43535618,0.010502720000000000111217701714849681593477725982666015625,btc,19.668092993462,0.0,0.4554372301814654,1
1,[],4,[],2019-06-20 21:38:21,208248.34221946,0.01123506,0.000001077826493052000030725472401,7746372,2019-06-20 21:38:21,btc,16.944001082773113,0.0,0.01123506,btc,956.65605245,75.00003476,5.704612317202395,1
1,[],5,[],2019-06-20 21:38:22,0.0,0,0,7746373,2019-06-20 21:38:22,btc,0.0,0.0871123,0,btc,0.0,0.0,0.0,1
1,[],10,[],2019-06-20 21:38:24,314567.29436451,0.00451471,0.00000043311509208200003,7746374,2019-06-20 21:38:24,btc,6511.560005017899,1466.91415675,0.00451471,btc,1252.78066318,0.0,1.961853113218749,1
1,[],12,[],2019-06-20 21:38:26,95.70131348,0.01111000000000000008382183835919931880198419094085693359375,0.000001065828962000000038424841207,7746375,2019-06-20 21:38:26,btc,0.2975101979641,0.0,0.01111000000000000008382183835919931880198419094085693359375,btc,25.80112493,1.571089096962,0.2760572023683,1
1,[],20,[],2019-06-20 21:38:28,919.1924,0.01111,0.000001065828962000000030383460201,7746376,2019-06-20 21:38:28,btc,0.1798343246923,0.2342,0.01111,btc,13.4118,0.002666979912,0.1357742336093,1
1,[],21,[],2019-06-20 21:38:29,1990.48089001,0.01111111000000000043064218858,0.000001065935448962000071699809660,7746377,2019-06-20 21:38:29,btc,13.186301694743563,4258.09135985,0.011111110000000000430642188575802720151841640472412109375,"btc,eth",1631.36723163,43.56383200728299,16.887786071158303,1
1,[],22,[],2019-06-20 21:38:33,0.0395979803020197,0.01000001,0.000000959342959342,7746378,2019-06-20 21:38:33,BTC,0.01666796,0.0,0.01000001,BTC,0.25318100557485945,0.0,0.00021887,1
1,[],24,[],2019-06-20 21:38:33,0.0,0.000000000000,0,7746379,2019-06-20 21:38:33,btc,0.0,0.0,0.000000000000,btc,0.0,0.0,0.0,1
0.0,[],25,[],2019-06-20 21:38:34,0.0,0,0,7746380,2019-06-20 21:38:34,btc,35.39999999900036,3860.22318301,0.0,btc,3121.24416768,42.69,0.0,1
1,[],26,[],2019-06-20 21:38:36,0.0,0,0,7746381,2019-06-20 21:38:36,,0.0,0.0,0,,0.0,0.0,0.0,1
0,[],28,[],2019-06-20 21:38:38,0.0,0,0,7746382,2019-06-20 21:38:38,,0.0,0.0,0,,0.0,0.0,0.0,1
0,[],2,[],2019-01-20 23:28:45,0.0,0,0,6477011,2019-01-20 23:28:45,,0.0,0.0,0,,0.0,0.0,0.0,1
1,[],5,[],2019-06-17 14:29:02,0.0,0,0,7740076,2019-06-17 14:29:02,btc,0.0,2.72e-05,0,btc,0.0,0.0,0.0,2
1,[],22,[],2019-06-17 14:29:06,11550.3,0.0000002,0.0000000000185828,7740077,2019-06-17 14:29:06,BTC,21.00897301,0.0,0.0000002,"BTC,XMR",20678.87287795317,1.754e-05,0.00143681,2
1,[],5,[],2019-06-03 14:48:58,0.0,0,0,7731126,2019-06-03 14:48:58,btc,0.0,0.05905545,0,btc,0.0,0.0,0.0,3
1,[],12,[],2019-06-03 14:48:59,3468623.70302,0.000000116,0.000000000009823402000000002,7731127,2019-06-03 14:48:59,btc,169531.0336573751,0.0,0.000000116,btc,2361209.62379607,0.041350953071,0.33764769154428,3
0,[],28,[],2019-06-03 14:49:00,0.0,0,0,7731128,2019-06-03 14:49:00,,0.0,0.0,0,,0.0,0.0,0.0,3
0,[],2,[],2019-01-20 23:31:32,0.0,0,0,6477077,2019-01-20 23:31:32,,0.0,0.0,0,,0.0,0.0,0.0,4
1,[],4,[],2019-05-18 21:29:50,562734.9206932,0.00000010,0.000000000007298720000000001,7650946,2019-05-18 21:29:50,btc,41.9347137769675,0.0,0.00000010,btc,1123702.32192634,0.00052462,0.029254593370966,4
0,[],12,[],2019-06-02 05:03:43,0.0,0,0,7724919,2019-06-02 05:03:43,btc,625.901992874995,0.0,0,btc,1211362.4995005,0.0,0.0,5
0,[],2,[],2019-01-20 23:31:51,0.0,0,0,6477087,2019-01-20 23:31:51,,0.0,0.0,0,,0.0,0.0,0.0,6
1,[],11,[],2019-06-20 21:38:40,5375894.076736,0.00000002,0.000000000001918684,7746383,2019-06-20 21:38:40,btc,9583.531581907093,1009530.66667,0.00000002,btc,73308645.95688245,0.0,0.06758688876736,6
1,[],3,[],2019-06-20 21:38:40,12132.25339583357,0.000085240000000000003808377224689962758930050767958164215087890625,0.000000008177431208,7746384,2019-06-20 21:38:40,btc,2027.8293277865832,383.235938255,0.000085240000000000003808377224689962758930050767958164215087890625,btc,394.626217825782,0.0,0.03277224313046695,7
1,[],4,[],2019-06-20 21:38:41,304646.06113544,0.00009055,0.000000008686841810000001,7746385,2019-06-20 21:38:41,btc,7.932602650692153,0.0,0.00009055,btc,57315.65228797,1.4397986,2.3837480776203366,7
1,[],5,[],2019-06-20 21:38:42,0.0,0,0,7746386,2019-06-20 21:38:42,btc,0.0,0.01001729,0,btc,0.0,0.0,0.0,7
1,[],20,[],2019-04-07 22:06:50,3201475.0482,0.000000001,0.000000000000051590000000000004,7213932,2019-04-07 22:06:50,btc,30.8005781811902,0.0,0.000000001,btc,23077405.3926,0.0,0.0032014750482,8
0,[],2,[],2019-01-20 23:22:42,0.0,0,0,6476876,2019-01-20 23:22:42,,0.0,0.0,0,,0.0,0.0,0.0,9
0,[],23,[],2019-01-20 23:22:48,0.0,0,0,6476878,2019-01-20 23:22:48,,0.0,0.0,0,,0.0,0.0,0.0,9
1,[],4,[],2019-06-20 21:38:44,1625844.20096189,0.00000060,0.00000000005756052,7746387,2019-06-20 21:38:44,btc,3.649375076043733,0.0,0.00000060,btc,2938670.63364295,0.5910331,0.427667010980769,9
0,[],28,[],2019-06-20 21:38:46,0.0,0,0,7746388,2019-06-20 21:38:46,,0.0,0.0,0,,0.0,0.0,0.0,9
1,[],1,[],2019-02-17 23:31:42,1822507.21,0.00000181000000000000003456111265232042484285557293333113193511962890625,0.000000000066086901,6701244,2019-02-17 23:31:42,btc,3.6990969245,17153386.5,0.00000181000000000000003456111265232042484285557293333113193511962890625,btc,1997391.71,31.11772986,3.2610482446,9
1,[],4,[],2019-02-17 11:22:43,4341674.27126056,0.00000002,0.0000000000007272960000000001,6696112,2019-02-17 11:22:43,btc,0.1997230937751353,0.0,0.00000002,btc,4109766.79808031,0.00215132,0.0479381022052112,10
1,[],4,[],2019-06-20 21:38:47,41958932.82720896,0.00000030,0.00000000002878026,7746389,2019-06-20 21:38:47,btc,7.694654093694954,0.0,0.00000030,btc,8898660.86773751,1.0684049,1.771944812545465,12
1,[],5,[],2019-06-20 21:38:48,0.0,0,0,7746390,2019-06-20 21:38:48,btc,0.0,0.01048536,0,btc,0.0,0.0,0.0,12
0.0,[],25,[],2019-06-20 21:38:49,0.0,0,0,7746391,2019-06-20 21:38:49,,0.0,0.0,0.0,btc,0.0,0.0,0.0,12
0,[],2,[],2019-01-20 23:23:08,0.0,0,0,6476890,2019-01-20 23:23:08,,0.0,0.0,0,,0.0,0.0,0.0,12
1,[],4,[],2019-06-20 21:38:49,457794.6428078,0.00000383,0.000000000367427986,7746392,2019-06-20 21:38:49,btc,1.9063870587658682,0.0,0.00000383,btc,299099.24664957,0.50204146,0.3327265263208257,13
1,[],10,[],2019-06-20 21:38:52,658329.91304477,0.00000368,0.000000000353037856,7746393,2019-06-20 21:38:52,btc,666797.3613755128,43737.9396188,0.00000368,btc,885184.4155562,0.0,0.3520050808662398,13
1,[],21,[],2019-06-20 21:38:53,3573070.07359197,0.000003809999999999999944057336304,0.000000000365509302,7746394,2019-06-20 21:38:53,btc,3.7970663314008273,569646.82895726,0.0000038099999999999999440573363040929422140834503807127475738525390625,btc,786210.98543183,2.2409252,3.750112402640058,13
1,[],4,[],2019-06-20 21:38:54,1050342.323994,0.00000052,0.000000000049885784000000004,7746395,2019-06-20 21:38:54,btc,8.98588370406464,0.0,0.00000052,btc,892549.94659083,0.02826105,0.1071963463540125,14
1,[],12,[],2019-06-20 21:38:55,215432.68763242,0.00000054,0.000000000051804468000000005,7746396,2019-06-20 21:38:55,btc,184.25423885114202,0.0,0.00000054,btc,26709.76056848,0.000233555245,0.015369199999987199,14
1,[],26,[],2019-06-20 21:40:55,0.0,0.00000050,0.0000000000479671,7746397,2019-06-20 21:40:55,btc,0.0,0.0,0.00000050,btc,0.0,0.0,0.0,14
0,[],17,[],2019-05-03 00:53:32,0.0,0,0,7558876,2019-05-03 00:53:32,btc,0.0,0.0,0,btc,0.0,0.0,0.0,14
0,[],4,[],2019-06-20 21:40:56,0.0,0,0,7746398,2019-06-20 21:40:56,,0.0,0.0,0,,0.0,0.0,0.0,15
,[],12,[],2018-12-01 15:15:48,204241.84496,0.00000489,0.000000000202473384,5260204,2018-12-01 15:15:48,btc,49.5475654835,0.0,,btc,35763.2193806,0.0163153972027625,0.0203389899998,15
1,[],4,[],2019-06-20 21:40:58,33653.53859856,0.00000971,0.000000000931521082,7746399,2019-06-20 21:40:58,btc,2.480392686112476,0.0,0.00000971,btc,19146.99327661,0.03398082,0.0646440213479592,18
1,[],10,[],2019-06-20 21:41:00,274950.63824601,0.00001014,0.000000000972772788,7746400,2019-06-20 21:41:00,btc,14.862872816855164,10187.3669602,0.00001014,btc,8396.22679785,0.0,0.1232666623949903,18
1,[],12,[],2019-06-20 21:41:01,2606.8383205699997,0.000011029999999999999426756290554774153633843525312840938568115234375,0.000000001058154226,7746401,2019-06-20 21:41:01,btc,0.536831152358721,0.0,0.000011029999999999999426756290554774153633843525312840938568115234375,btc,1909.21651369,5.6208763e-05,0.0065938302228959,18
0,[],2,[],2019-01-20 23:23:38,0.0,0,0,6476906,2019-01-20 23:23:38,,0.0,0.0,0,,0.0,0.0,0.0,18
0,[],17,[],2019-05-03 00:53:39,0.0,0,0,7558882,2019-05-03 00:53:39,btc,0.0,0.0,0,btc,0.0,0.0,0.0,18
1,[],3,[],2019-06-20 21:43:02,156403.75933967734,0.000009340000000000000360852840664005469761832500807940959930419921875,0.0000000008960254280000001,7746402,2019-06-20 21:43:02,btc,193.75479814664527,13763.6655173,0.000009340000000000000360852840664005469761832500807940959930419921875,btc,21143.74020995027,0.0,0.07782627103863678,19
1,[],4,[],2019-06-20 21:43:03,314318.41541646,0.00001075,0.00000000103129265,7746403,2019-06-20 21:43:03,btc,6.991502772502523,0.0,0.00001075,btc,264571.81029962,1.13714967,1.3828672452691573,19
1,[],5,[],2019-06-20 21:43:04,0.0,0,0,7746404,2019-06-20 21:43:04,btc,0.0,0.0,0,btc,0.0,0.0,0.0,19
1,[],12,[],2019-06-20 21:43:06,109053.35753932,0.0000070299999999999996077638432512291188913877704180777072906494140625,0.000000000674417426,7746405,2019-06-20 21:43:06,btc,0.3661191187500252,0.0,0.0000070299999999999996077638432512291188913877704180777072906494140625,btc,2952.85209066,0.0,0.0200346213762906,19
0,[],27,[],2019-06-20 21:43:11,0.0,0,0,7746406,2019-06-20 21:43:11,,0.0,0.0,0,btc,0.0,0.0,0.0,19
0,[],2,[],2019-01-20 23:24:19,0.0,0,0,6476924,2019-01-20 23:24:19,,0.0,0.0,0,,0.0,0.0,0.0,19
1,[],4,[],2019-06-20 21:43:12,10239243.09567885,0.00000007,0.000000000006715394,7746407,2019-06-20 21:43:12,btc,6.348245540882756,0.0,0.00000007,btc,2170107.62874019,0.00249125,0.1267815882711659,20
0,[],4,[],2019-06-20 21:43:13,0.0,0,0,7746408,2019-06-20 21:43:13,,5361.606618313019,0.0,0,,83480438.74358559,0.0,0.0,21
0,[],12,[],2019-06-20 21:43:14,0.0,0,0,7746409,2019-06-20 21:43:14,btc,2603.6032069346156,0.0,0,btc,7331487.25974023,0.00605343941,0.0,21
0,[],17,[],2019-05-03 00:53:51,0.0,0,0,7558891,2019-05-03 00:53:51,btc,0.0,0.0,0,btc,0.0,0.0,0.0,21
1,[],12,[],2019-06-20 21:45:16,4818094575.277,0.0000000004,0.000000000000038373680000000005,7746410,2019-06-20 21:45:16,btc,1426620268556.6677,0.0,0.0000000004,btc,2419096777.3906126,0.188225120378,1.0866361701108003,23
0.0000000002858879,[],27,[],2019-06-20 21:45:21,62327134.0257543,8.576637e-18,8.227928092854e-22,7746411,2019-06-20 21:45:21,eth,1049.003485311948,358942412.94295377,0.00000003,eth,5046371.24779221,3.078518780205081e-09,2.2591857162860744e-10,23
1,[],4,[],2019-06-20 21:45:22,6067562.90663314,0.00000016,0.000000000015349472,7746412,2019-06-20 21:45:22,btc,10.259439107696275,0.0,0.00000016,btc,1774738.43714253,0.0,0.1294603275800017,24
0,[],22,[],2019-06-20 21:45:25,0.0,0,0,7746413,2019-06-20 21:45:25,,6.22e-05,0.0,0,,517.4264705882352,0.0,0.0,24
0.0,[],25,[],2019-06-20 21:45:27,0.0,0,0,7746414,2019-06-20 21:45:27,,0.0,0.0,0.0,btc,0.0,0.0,0.0,24
1,[],4,[],2019-06-20 21:45:27,26946193.44770173,0.00000451,0.00000000043266324200000003,7746415,2019-06-20 21:45:27,btc,11.598427586217523,0.0,0.00000451,btc,214706.80109637,0.18895249,0.4832478736143118,26
1,[],10,[],2019-06-20 21:45:30,221195.26458431,0.00000343,0.000000000329054306,7746416,2019-06-20 21:45:30,btc,25.265783061402285,7846.17463769,0.00000343,btc,19709.71272439,0.0,0.0483283173747214,26
0,[],2,[],2019-01-20 23:25:56,0.0,0,0,6476976,2019-01-20 23:25:56,,0.0,0.0,0,,0.0,0.0,0.0,26
1,[],5,[],2019-04-26 09:47:06,0.0,0,0,7465326,2019-04-26 09:47:06,btc,0.0,0.0,0,btc,0.0,0.0,0.0,27
1,[],3,[],2019-06-17 14:30:26,13571825.64059417,0.00000001,0.00000000000092914,7740112,2019-06-17 14:30:26,btc,3.485049956644059,4264730.43754,0.00000001,btc,23500048.28518193,0.0,0.1357182564059417,27
1,[],11,[],2019-06-17 14:30:28,2031833.58157834,0.00000001,0.00000000000092914,7740113,2019-06-17 14:30:28,btc,67502.92060589766,32677.9652116,0.00000001,btc,6487362.95640949,0.0,0.0203183358157834,27
1,[],4,[],2019-06-20 21:45:30,996144720.5238063,0.00000001,0.000000000000959342,7746417,2019-06-20 21:45:30,btc,6.161646342408716,0.0,0.00000001,"btc,ltc",403719882.3062031,0.01977987,6.329059245846823,29
1,[],7,[],2019-06-20 21:45:32,88296545.39145988,0.00000001,0.000000000000959342,7746418,2019-06-20 21:45:32,btc,46548272.355234735,0.0,0.00000001,btc,44619950.98844044,0.0,0.8829654539145988,29
1,[],4,[],2019-06-20 21:45:33,15659243.83864792,0.00000005,0.0000000000047967100000000005,7746419,2019-06-20 21:45:33,btc,2.529618506747112,0.0,0.00000005,btc,2155920.90331629,0.00066943,0.1773404025510234,30
0,[],17,[],2019-05-03 01:11:25,0.0,0,0,7559066,2019-05-03 01:11:25,btc,0.0,0.0,0,btc,0.0,0.0,0.0,30
1,[],4,[],2019-06-20 21:47:34,212093.46763195,0.00004571,0.0000000043851522820000004,7746420,2019-06-20 21:47:34,btc,4.157724806877624,0.0,0.00004571,btc,55258.47806873,0.4903594,0.8043000537231244,31
1,[],21,[],2019-06-20 21:47:35,75664.9508914,0.00004539999999999999900435546096,0.00000000435541268,7746421,2019-06-20 21:47:35,btc,4.732248136724373,175514.75866332,0.0000453999999999999990043554609631115681622759439051151275634765625,btc,90548.91356313,8.28921584,2.9658479481324513,31
0,[],2,[],2019-01-20 23:28:43,0.0,0,0,6477009,2019-01-20 23:28:43,,0.0,0.0,0,,0.0,0.0,0.0,32
0,[],4,[],2019-06-20 21:47:36,0.0,0,0,7746422,2019-06-20 21:47:36,,0.0,0.0,0,,0.0,0.0,0.0,33
1,[],12,[],2019-03-30 07:55:10,40641173.964,0.00000003,0.000000000001228359,7108785,2019-03-30 07:55:10,btc,4233210.82356125,0.0,0.00000003,btc,28378394.68333462,0.0126927883965248,0.90752895892,33
0.0000000001421072,[],4,[],2019-06-20 21:47:38,147569219.09349337,7.3895744e-17,7.0891290840448e-21,7746423,2019-06-20 21:47:38,ltc,4.1660986155285435,0.0,0.00000052,ltc,161008021.39251488,0.0,8.696914827103013e-10,34
1,[],5,[],2019-06-20 21:47:39,0.0,0,0,7746424,2019-06-20 21:47:39,btc,0.0,0.04108428,0,btc,0.0,0.0,0.0,34
0.0000000002926451,[],17,[],2019-05-02 18:17:47,200000.0,2.9264510000000002e-18,1.596703856561e-22,7556430,2019-05-02 18:17:47,eth,0.20942468735267253,0.0,0.00000001,"btc,eth",1018272.20243647,0.0,5.852902e-13,36
0.0000000001311821,[],4,[],2019-05-31 13:28:19,2417517744.0607657,1.311821e-18,1.105058333085e-22,7717483,2019-05-31 13:28:19,ltc,5.019900492391546e-08,0.0,0.00000001,ltc,7102398142.262129,0.0,3.171350544531538e-09,36
1,[],5,[],2019-05-31 13:28:21,0.0,0,0,7717484,2019-05-31 13:28:21,btc,0.0,0.0,0,btc,0.0,0.0,0.0,36
0.0000000003108179,[],27,[],2019-05-31 13:30:34,10388811.226876,6.216358000000001e-18,5.236566733830001e-22,7717485,2019-05-31 13:30:34,eth,1569.8708019850988,761866.634299,0.00000002,"ltc,eth",5084024.2511555,4.736034912207001e-12,3.3251980286483705e-11,36
1,[],4,[],2019-06-20 21:47:40,10417982.59492267,0.00000013,0.000000000012471446000000001,7746425,2019-06-20 21:47:40,btc,19772.154297960005,0.0,0.00000013,btc,660159.48615073,0.00415041,0.1472501296194798,37
1,[],12,[],2019-06-20 21:47:41,4560382.21400003,0.00000013,0.000000000012471446000000001,7746426,2019-06-20 21:47:41,btc,7.361206127522486,0.0,0.00000013,btc,1603972.29751082,0.00639910609,0.1893281521100036,37
1,[],27,[],2019-06-20 21:49:47,11304.0,0.00000019,0.000000000018227498,7746427,2019-06-20 21:49:47,btc,22.62970013895233,0.0,0.00000019,btc,4298.824295,0.0,0.00168776,37
1,[],17,[],2019-05-03 01:11:36,211752.74075282,0.00000025,0.000000000013700074999999998,7559074,2019-05-03 01:11:36,btc,0.055484923955058496,0.0,0.00000025,"btc,eth",1387.19918473,0.0,0.0005381851887916605,37
1,[],5,[],2019-06-20 21:49:48,0.0,0,0,7746428,2019-06-20 21:49:48,btc,0.0,0.70759907,0,btc,0.0,0.0,0.0,42
1,[],12,[],2019-06-20 21:49:50,173899.71381382,0.0000020300000000000000457815209353729102303987019695341587066650390625,0.00000000019474642600000002,7746429,2019-06-20 21:49:50,btc,480.79315932205066,0.0,0.0000020300000000000000457815209353729102303987019695341587066650390625,btc,122105.19007902,0.1351993147,0.0532300675901009,42
1,[],27,[],2019-06-20 21:49:56,1581.0,0.0000005,0.0000000000479671,7746430,2019-06-20 21:49:56,btc,0.07600425,0.0,0.0000005,"btc,eth",18.0,0.0,0.0005435000003003539,42
1,[],12,[],2019-03-13 09:13:29,1112112.0,0.00000001,0.000000000000386531,6919902,2019-03-13 09:13:29,btc,29058.00478931866,0.0,0.00000001,btc,5967681.93306694,9.99000999e-07,0.01112112,43
1,[],5,[],2019-04-26 22:38:52,0.0,0,0,7474154,2019-04-26 22:38:52,btc,0.0,0.02638891,0,btc,0.0,0.0,0.0,43
0,[],17,[],2019-04-26 22:38:53,0.0,0,0,7474155,2019-04-26 22:38:53,btc,0.0,0.0,0,btc,0.0,0.0,0.0,43
1,[],12,[],2019-03-05 01:54:08,639326.02,0.00000004,0.000000000001486676,6845775,2019-03-05 01:54:08,btc,11116042.728239931,0.0,0.00000004,btc,1103841.4595604,0.0003330765234764,0.014975410599999999,44
0.00000000014073820000000002,[],4,[],2019-06-20 20:20:34,105422612.973372,4.5036224e-17,4.3120112813696005e-21,7746193,2019-06-20 20:20:34,ltc,1601.9241386342956,0.0,0.00000032,ltc,26767088.4904745,0.0001,6.186801608135104e-10,49
0.0000000001421072,[],4,[],2019-06-20 21:49:57,314825454.05137765,2.9842512e-17,2.8629175147104e-21,7746431,2019-06-20 21:49:57,ltc,26727.845808075897,0.0,0.00000021,ltc,174921470.91566768,0.0,2.6516985491667857e-09,52
0,[],22,[],2019-06-20 20:20:37,0.0,0,0,7746195,2019-06-20 20:20:37,,10289.79884133,0.0,0,,286158287.4566013,0.0,0.0,57
0,[],27,[],2019-06-20 20:20:44,0.0,0,0,7746196,2019-06-20 20:20:44,,0.0,0.0,0,"btc,eth",0.0,0.0,0.0,57
0,[],4,[],2019-06-20 21:49:58,0.0,0,0,7746432,2019-06-20 21:49:58,,19.7178180651563,0.0,0,,5716411004.541042,0.0001,0.0,58
1,[],12,[],2019-06-20 21:50:00,885686316.1,0.0000000001,0.000000000000009593420000000001,7746433,2019-06-20 21:50:00,btc,34236913.23679,0.0,0.0000000001,btc,2686243859.175781,0.000858891668,0.08856863161,58
0.00000000011175819999999999,[],22,[],2019-06-20 21:52:03,126877.0,1.117582e-18,1.072143351044e-22,7746434,2019-06-20 21:52:03,XMR,68.17454206,0.0,0.00000001,XMR,9626402.6,0.0,0.00126877,58
1,[],17,[],2019-05-03 01:12:09,1200000.0,0.0000000001,0.00000000000000548003,7559085,2019-05-03 01:12:09,btc,1e+24,0.0,0.0000000001,"btc,eth",39516342.31952568,0.0,0.00010000000058666061,58
1,[],5,[],2019-06-17 14:31:27,0.0,0,0,7740135,2019-06-17 14:31:27,btc,0.0,0.00079154,0,btc,0.0,0.0,0.0,61
1,[],22,[],2019-06-17 14:31:30,13612.833333333334,0.00000012,0.00000000001114968,7740136,2019-06-17 14:31:30,BTC,1002.29123003,0.0,0.00000012,BTC,15014.200177125656,0.0,0.00153257,61
1,[],26,[],2019-06-17 14:31:30,0.0,0.00000050,0.000000000046457,7740137,2019-06-17 14:31:30,btc,0.0,0.0,0.00000050,btc,0.0,0.0,0.0,61
1,[],27,[],2019-06-17 14:31:36,8400.0,0.00000018,0.00000000001672452,7740138,2019-06-17 14:31:36,btc,1.9742539297246655,0.0,0.00000018,"btc,eth",10953.51663696,0.0,0.001512,61
0,[],28,[],2019-06-17 14:31:38,0.0,0,0,7740139,2019-06-17 14:31:38,,0.0,0.0,0,,0.0,0.0,0.0,61
1,[],4,[],2019-06-20 21:52:04,969074.3526936,0.00000103,0.000000000098812226,7746435,2019-06-20 21:52:04,btc,3.446134840594559,0.0,0.00000103,btc,1178966.71928216,0.29906363,0.5992732569561393,67
0.0,[],25,[],2019-06-20 21:52:06,0.0,0,0,7746436,2019-06-20 21:52:06,,0.0,0.0,0.0,btc,0.0,0.0,0.0,67
1,[],12,[],2019-06-02 06:23:14,910048.355,0.00000006,0.000000000005154929999999999,7725270,2019-06-02 06:23:14,btc,5.167005424215783,0.0,0.00000006,btc,738530.60239759,0.003159757462,0.0187188113,71
,[],5,[],2018-11-20 23:02:39,1.5e-07,0.00000005,0.000000000002128045,4862160,2018-11-20 23:02:39,btc,2.84511358,0.0,,btc,0.00036572,0.0,0.07381892,74
1,[],5,[],2019-06-20 21:52:07,0.0,0,0,7746437,2019-06-20 21:52:07,btc,0.0,0.01162918,0,btc,0.0,0.0,0.0,75
1,[],4,[],2019-06-04 03:25:15,715281.46076168,0.00000001,0.000000000000803619,7734085,2019-06-04 03:25:15,btc,581089.6218469425,0.0,0.00000001,btc,37692563.61091116,0.0,0.0071528146076168,81
0,[],20,[],2019-01-25 09:30:31,0.0,0,0,6495923,2019-01-25 09:30:31,btc,0.0,0.0,0,btc,0.0,0.0,0.0,81
1,[],4,[],2019-06-20 21:52:08,224556.50381744,0.00010146,0.000000009733483932,7746438,2019-06-20 21:52:08,btc,56.825186387315625,0.0,0.00010146,btc,110396.00431149,1.47581679,0.2450229978782125,82
1,[],21,[],2019-06-20 21:52:08,75784.28528939,0.00009529999999999999896974772762,0.00000000914252926,7746439,2019-06-20 21:52:08,btc,7.241764425544181,35954.44241945,0.000095299999999999998969747727617374266628758050501346588134765625,btc,58596.50905269,3.53910902,5.509633387374317,82
0,[],17,[],2019-03-25 22:42:34,0.0,0,0,7038780,2019-03-25 22:42:34,btc,0.0445064681804024,0.0,0,btc,995513.18476001,0.0,0.0,84
0.0000000001161485,[],4,[],2019-05-20 13:09:39,216715621.0206096,1.161485e-18,9.0533806701e-23,7657228,2019-05-20 13:09:39,ltc,1.6511566870244727,0.0,0.00000001,ltc,471032407.9048656,0.0,2.5171194308112273e-10,85
,[],22,[],2018-11-20 23:09:34,3408.1,0.0000001,0.0000000000041895,4862324,2018-11-20 23:09:34,BTC,0.04624735,0.0,,BTC,4990.0,0.0,0.00033081,86
1,[],22,[],2019-06-20 21:52:12,117294.0,0.00000006,0.000000000005756052,7746440,2019-06-20 21:52:12,BTC,1.81020153,0.0,0.00000006,BTC,196224.94736842104,0.0,0.00390484,87
1,[],27,[],2019-06-20 21:52:18,313713.0,0.00000012,0.000000000011512104,7746441,2019-06-20 21:52:18,btc,1.94218418326,0.0,0.00000012,btc,500743.402,0.0,0.01197659,87
,[],2,[],2018-11-20 23:10:47,0.0,0,0,4862359,2018-11-20 23:10:47,,0.0,0.0,,,0.0,0.0,0.0,88
1,[],11,[],2019-06-17 14:31:59,193715.3529613,0.000073310000000000001140094962881477158589405007660388946533203125,0.00000000681152534,7740147,2019-06-17 14:31:59,btc,168.35454702024953,5791.70569014,0.000073310000000000001140094962881477158589405007660388946533203125,btc,196971.41170107,0.0,1.1996165759440112,89
0,[],2,[],2019-01-20 23:31:45,0.0,0,0,6477083,2019-01-20 23:31:45,,0.0,0.0,0,,0.0,0.0,0.0,91
1,[],12,[],2019-06-18 02:35:48,427715.74,0.00000015,0.000000000013911045000000001,7746087,2019-06-18 02:35:48,btc,116.61022144471085,0.0,0.00000015,btc,193315.55943968,0.000180759303,0.0129558314,91
1,[],22,[],2019-06-20 20:27:07,75910.0,0.00000002,0.000000000001914908,7746207,2019-06-20 20:27:07,BTC,0.49565371,0.0,0.00000002,"BTC,LTC",6.384990670617935,0.0,0.0016592,91
0,[],17,[],2019-05-03 01:12:26,0.0,0,0,7559096,2019-05-03 01:12:26,btc,0.0,0.0,0,btc,0.0,0.0,0.0,91
1,[],22,[],2019-04-09 20:17:52,374949.73333333334,0.00000015,0.000000000007771935,7235704,2019-04-09 20:17:52,BTC,6.87372503,0.0,0.00000015,"BTC,LTC",159980.01196797504,1.1e-05,0.80510266,95
0.0000000001421072,[],4,[],2019-06-20 21:52:19,538893254.9301962,1.9895008e-17,1.9086116764736e-21,7746442,2019-06-20 21:52:19,ltc,11.362393329434566,0.0,0.00000014,ltc,157801226.57405144,0.0,9.056923648787068e-10,96
0,[],12,[],2019-06-20 21:52:20,0.0,0,0,7746443,2019-06-20 21:52:20,btc,36.35627881071928,0.0,0,btc,9846523.071928069,0.0,0.0,96
0,[],17,[],2019-05-03 01:12:32,0.0,0,0,7559100,2019-05-03 01:12:32,btc,0.0,0.0,0,btc,0.0,0.0,0.0,96
1,[],4,[],2019-04-14 03:32:46,1039404.33283278,0.00000038,0.000000000019245518,7293458,2019-04-14 03:32:46,btc,4.170086055365747,0.0,0.00000038,btc,3097704.34561074,0.06260606,0.1859928211030784,99
0,[],2,[],2019-01-20 23:23:55,0.0,0,0,6476914,2019-01-20 23:23:55,,0.0,0.0,0,,0.0,0.0,0.0,100
1,[],4,[],2019-06-20 21:54:21,1319849.85047678,0.00001340,0.0000000012855182800000001,7746444,2019-06-20 21:54:21,btc,7.332906087708942,0.0,0.00001340,btc,166764.47106772,0.50357307,0.9007792222886588,100
1,[],22,[],2019-06-05 06:30:35,150000.0,0.00000002,0.000000000001558192,7740007,2019-06-05 06:30:35,BTC,28.56386409,0.0,0.00000002,BTC,12787.719,0.0,0.0017,101
1,[],4,[],2019-06-20 21:54:22,470094.58988241,0.00000159,0.000000000152535378,7746445,2019-06-20 21:54:22,btc,553.4306770977397,0.0,0.00000159,btc,646014.29156268,0.04602202,0.1480995502055269,103
1,[],12,[],2019-06-17 14:32:14,179201505.10870332,0.000000005,0.00000000000046457,7740154,2019-06-17 14:32:14,btc,113577.79366343976,0.0,0.000000005,btc,79148141.67831126,0.019059029059,0.27280986350611003,105
1,[],27,[],2019-06-17 14:32:19,18306828.03496503,0.00000002,0.00000000000185828,7740155,2019-06-17 14:32:19,btc,180.7198218385489,1083.96503497,0.00000002,btc,276513.60142659,7.588e-05,0.3661365606993006,105
1,[],22,[],2019-04-21 00:17:26,21333.0,0.00000001,0.000000000000532493,7385819,2019-04-21 00:17:26,BTC,51.38182867,0.0,0.00000001,BTC,470435.0,0.0,0.00021333,107
1,[],26,[],2019-04-21 00:17:26,0.0,0.00000000,0,7385820,2019-04-21 00:17:26,btc,0.0,0.0,0.00000000,btc,0.0,0.0,0.0,107
1,[],5,[],2019-06-20 21:54:25,0.0,0,0,7746446,2019-06-20 21:54:25,btc,0.0,0.02512414,0,btc,0.0,0.0,0.0,112
0,[],22,[],2019-06-20 21:54:27,0.0,0,0,7746447,2019-06-20 21:54:27,,6.79500102,0.0,0,,3375892.0833333335,0.0,0.0,112
1,[],27,[],2019-06-20 21:54:34,1.0,0.00000001,0.000000000000959342,7746448,2019-06-20 21:54:34,btc,1.14885,0.0,0.00000001,"btc,eth",39.0,0.0,1e-08,112
1,[],4,[],2019-06-20 21:54:35,1462258.27187993,0.00000069,0.000000000066194598,7746449,2019-06-20 21:54:35,btc,4.80229260938727,0.0,0.00000069,btc,816321.92839732,0.11482498,0.274377828847043,113
1,[],5,[],2019-06-20 21:54:37,0.0,0,0,7746450,2019-06-20 21:54:37,btc,0.0,0.0,0,btc,0.0,0.0,0.0,113
1,[],17,[],2019-04-26 02:17:47,162738.278,0.00000004,0.0000000000021069000000000002,7461287,2019-04-26 02:17:47,btc,1.3331140273775473,0.0,0.00000004,btc,51796.221,0.0,0.00230953112,116
1,[],27,[],2019-05-22 05:13:01,210000.0,0.00000001,0.00000000000079145,7666372,2019-05-22 05:13:01,btc,3919.0005001478,0.0,0.00000001,btc,128660.871,0.0,0.0021,116
1,[],4,[],2019-05-21 22:31:11,138169.03963019,0.00000701,0.000000000558364025,7664793,2019-05-21 22:31:11,btc,150.95388250938234,0.0,0.00000701,btc,344631.17141974,0.07552974,0.4288357684941946,120
1,[],7,[],2019-05-21 22:31:12,3901.07750076,0.000010679999999999999389654892212320191902108490467071533203125,0.0000000008506887,7664794,2019-05-21 22:31:12,btc,231188.94669936574,0.0,0.000010679999999999999389654892212320191902108490467071533203125,btc,4133.83151364,0.0,0.0113888422364489,120
1,[],20,[],2019-04-07 18:42:29,1914137.0852,0.000000035,0.0000000000017871910000000002,7211992,2019-04-07 18:42:29,btc,32.2497668025648,25528.85,0.000000035,btc,1001975.4986,0.00089350975,0.0152723574729,125
1,[],22,[],2019-06-17 14:32:38,10000.0,0.00000001,0.00000000000092914,7740161,2019-06-17 14:32:38,BTC,0.032061,0.0,0.00000001,BTC,299316.7611111111,0.0,0.0001,126
1,[],4,[],2019-06-20 21:54:38,3953415.78477398,0.00000487,0.000000000467199554,7746451,2019-06-20 21:54:38,btc,2.580415409254616,0.0,0.00000487,btc,172965.05307901,0.1849931,0.5543511673071525,131
0,[],2,[],2019-01-20 23:25:46,0.0,0,0,6476969,2019-01-20 23:25:46,,0.0,0.0,0,,0.0,0.0,0.0,131
1,[],17,[],2019-05-03 01:13:10,10000.0,0.00000001,0.000000000000548003,7559115,2019-05-03 01:13:10,btc,0.0953976503951408,0.0,0.00000001,btc,5037.62507334,0.0,0.0001,131
1,[],4,[],2019-06-17 14:32:42,4848.49465417,0.00007919,0.00000000735785966,7740163,2019-06-17 14:32:42,btc,0.9905723729472744,0.0,0.00007919,btc,202.13055914,0.0,0.0061509344290166,135
1,[],3,[],2019-06-05 06:33:11,40600.27748212,0.00000001,0.000000000000779096,7740019,2019-06-05 06:33:11,btc,0.2308097808993716,2146378.52189,0.00000001,btc,2477992.76904676,0.0,0.0004060027748212,136
1,[],4,[],2019-06-20 21:56:39,584066.24275379,0.00000176,0.000000000168844192,7746452,2019-06-20 21:56:39,btc,110.30565481584168,0.0,0.00000176,btc,583605.82155132,0.02683063,0.5171679584429393,137
1,[],12,[],2019-06-20 21:56:41,66129.40881043,0.00000154999999999999998279913253351747215447176131419837474822998046875,0.00000000014869801000000002,7746453,2019-06-20 21:56:41,btc,84.62656730776884,0.0,0.00000154999999999999998279913253351747215447176131419837474822998046875,btc,82856.24240518,0.000123815406,0.0140212999999324,137
1,[],4,[],2019-06-20 21:56:41,268617.45969253,0.00001627,0.000000001560849434,7746454,2019-06-20 21:56:41,btc,11.102491588892363,0.0,0.00001627,btc,157286.7507957,0.62540039,0.5656565813426955,142
1,[],5,[],2019-06-20 21:56:43,0.0,0,0,7746455,2019-06-20 21:56:43,btc,0.0,0.01624042,0,btc,0.0,0.0,0.0,142
1,[],20,[],2019-06-20 21:58:45,270223.4786,0.00001501,0.0000000014399723420000001,7746456,2019-06-20 21:58:45,btc,1.606429896169,0.0,0.00001501,btc,9785.9993,0.0,0.0192795849065,142
1,[],22,[],2019-06-20 21:58:48,10715.0,0.00001299,0.0000000012461852580000001,7746457,2019-06-20 21:58:48,BTC,2.99759384,0.0,0.00001299,BTC,835.7198755539798,0.0,0.00540125,142
0.0,[],25,[],2019-06-20 21:58:50,0.0,0,0,7746458,2019-06-20 21:58:50,,0.0,0.0,0.0,btc,0.0,0.0,0.0,142
0,[],28,[],2019-06-20 21:58:51,0.0,0,0,7746459,2019-06-20 21:58:51,,0.0,0.0,0,,0.0,0.0,0.0,142
1,[],17,[],2019-05-03 01:13:16,32967.38636364,0.00000088,0.000000000048224264,7559122,2019-05-03 01:13:16,btc,20.06976206696776,0.0,0.00000088,btc,2746.079105,0.0,0.0105613000000032,142
0,[],22,[],2019-06-20 21:58:53,0.0,0,0,7746460,2019-06-20 21:58:53,,1635.98618676,0.0,0,,788450755.3,0.0,0.0,143
0,[],22,[],2019-02-25 15:42:22,0.0,0,0,6783783,2019-02-25 15:42:22,,4.2131946,0.0,0,,2322156.0,0.0,0.0,146
,[],22,[],2018-11-20 23:01:11,0.0,0,0,4862114,2018-11-20 23:01:11,,2.56807021,0.0,,,61828.4988236,0.0,0.0,147
1,[],12,[],2019-04-21 06:38:04,193091.5971266,0.00000071,0.000000000037635183,7388679,2019-04-21 06:38:04,btc,2.301232411611175,0.0,0.00000071,btc,9957.48302385,0.00023528,0.0313308199999888,148
1,[],4,[],2019-03-19 21:31:25,255810.0415942,0.00000029,0.000000000011615747,6982695,2019-03-19 21:31:25,btc,218.94922712414143,0.0,0.00000029,btc,793529.37642722,0.00117,0.0608347789473395,152
0,[],22,[],2019-03-19 21:31:27,0.0,0,0,6982696,2019-03-19 21:31:27,,0.0,0.0,0,,0.0,0.0,0.0,152
1,[],5,[],2019-04-26 09:36:59,0.0,0,0,7465040,2019-04-26 09:36:59,btc,0.0,0.0,0,btc,0.0,0.0,0.0,153
,[],16,[],2019-01-11 15:38:59,0.0,0,0,6366141,2019-01-11 15:38:59,btc,0.0,0.0,,btc,0.0,0.0,0.0,155
0,[],23,[],2019-01-20 23:24:29,0.0,0,0,6476932,2019-01-20 23:24:29,,0.0,0.0,0,,0.0,0.0,0.0,156
0,[],22,[],2019-06-04 06:02:09,0.0,0,0,7734688,2019-06-04 06:02:09,,7.43375324,0.0,0,,5955762.942592593,0.0,0.0,156
1,[],22,[],2019-06-20 21:58:56,6996.0,0.00000001,0.000000000000959342,7746461,2019-06-20 21:58:56,BTC,1.7543039,0.0,0.00000001,BTC,57.0,0.0,6.996e-05,157
0,[],22,[],2019-05-21 23:40:32,0.0,0,0,7665049,2019-05-21 23:40:32,,50234.60468402,0.0,0,,54786159.03179465,0.0,0.0,158
,[],17,[],2018-11-20 22:56:10,0.0,0,0,4861976,2018-11-20 22:56:10,btc,1.1265625,0.0,,btc,1000.0,0.0,0.0,159
,[],20,[],2018-11-20 22:56:12,0.0,0,0,4861977,2018-11-20 22:56:12,btc,11912.7940471,0.0,,btc,34413894.3617,0.0,0.0,159
1,[],12,[],2019-05-24 02:51:20,9178.522006449999,0.00000191999999999999982841307998027158276954651228152215480804443359375,0.000000000151222656,7676256,2019-05-24 02:51:20,btc,149.80414728631675,0.0,0.00000191999999999999982841307998027158276954651228152215480804443359375,btc,1115.7451448499999,0.01783167678326,0.0120075778999181,168
1,[],17,[],2019-05-03 01:13:36,42852.0,0.00000002,0.000000000001096006,7559132,2019-05-03 01:13:36,btc,0.04279856251542,0.0,0.00000002,btc,274.46171372,0.0,0.00052852,168
1,[],22,[],2019-05-17 03:01:52,10.0,0.00000001,0.000000000000778341,7642059,2019-05-17 03:01:52,BTC,41.95893009,0.0,0.00000001,BTC,1753972.7737547632,0.0,1e-07,169
1,[],22,[],2019-05-30 08:38:18,202834.0,0.00000002,0.0000000000017416160000000001,7711049,2019-05-30 08:38:18,BTC,27.87002826,0.0,0.00000002,BTC,462189.5410507793,0.0,0.00211768,171
1,[],22,[],2019-05-29 08:05:18,349870.0,0.00000002,0.000000000001705894,7705265,2019-05-29 08:05:18,BTC,24.05907723,0.0,0.00000002,"BTC,LTC",1224285.4355616204,0.0,0.0039847,173
1,[],5,[],2019-06-20 21:58:57,0.0,0,0,7746462,2019-06-20 21:58:57,btc,0.0,0.04758835,0,btc,0.0,0.0,0.0,175
1,[],22,[],2019-06-17 14:33:12,90671.0,0.00000001,0.00000000000092914,7740175,2019-06-17 14:33:12,BTC,394.35459412,0.0,0.00000001,BTC,136275.61833431243,0.0,0.00090671,176
1,[],7,[],2019-06-20 21:59:00,0.0,0,0,7746463,2019-06-20 21:59:00,btc,522272.5938942698,0.0,0,btc,27854037.73829655,0.0,0.0,178
0,[],22,[],2019-06-20 21:59:02,0.0,0,0,7746464,2019-06-20 21:59:02,,1.00242428,0.0,0,,57512.0,0.0,0.0,178
0,[],2,[],2019-01-20 23:28:34,0.0,0,0,6477001,2019-01-20 23:28:34,,0.0,0.0,0,,0.0,0.0,0.0,178
0,[],23,[],2019-01-20 23:25:08,0.0,0,0,6476952,2019-01-20 23:25:08,,0.0,0.0,0,,0.0,0.0,0.0,179
1,[],5,[],2019-06-20 21:59:04,0.0,0,0,7746465,2019-06-20 21:59:04,btc,0.0,0.05074286,0,btc,0.0,0.0,0.0,179
0,[],22,[],2019-06-20 21:59:06,0.0,0,0,7746466,2019-06-20 21:59:06,,5.17403917,0.0,0,,13450788.311946675,0.0,0.0,179
1,[],22,[],2019-06-20 22:01:10,740827.3168514413,0.00000041,0.000000000039333022,7746467,2019-06-20 22:01:10,BTC,40.61506315,0.0,0.00000041,"BTC,LTC",168344.879930538,0.00033789,0.57339112,180
1,[],26,[],2019-06-20 22:01:10,0.0,0.00000010,0.000000000009593420000000001,7746468,2019-06-20 22:01:10,btc,0.0,0.0,0.00000010,btc,0.0,0.0,0.0,180
1,[],17,[],2019-05-03 01:13:56,20504.725000000002,0.0000001,0.00000000000548003,7559141,2019-05-03 01:13:56,btc,5.2010695838400265,0.0,0.0000001,btc,5033.45945,0.0,0.0011504725,180
,[],7,[],2018-11-20 22:58:01,562227.975654,0.00000085,0.000000000036176765,4862015,2018-11-20 22:58:01,btc,21836.6059674,2491.87645172,,btc,749999.041456,0.00211021,0.127565380455,183
,[],5,[],2019-01-10 08:11:41,0.0,0,0,6347036,2019-01-10 08:11:41,btc,82.15055501,0.00261,,btc,1.19002445,0.0,0.0,187
,[],17,[],2018-11-16 20:58:10,4062536.27273,0.00000001,0.000000000000550501,4708775,2018-11-16 20:58:10,btc,3.36492563466,0.195460381006,,"btc,eth",110697919.549,0.0,0.0157628953496,187
1,[],24,[],2019-05-22 21:04:52,0.0,0.000000000014,0.0000000000000010960978,7670219,2019-05-22 21:04:52,btc,0.0,0.0,0.000000000014,btc,0.0,0.0,0.0,187
0,[],22,[],2019-04-25 02:54:07,0.0,0,0,7447896,2019-04-25 02:54:07,,7.54794454,0.0,0,,76361.7243344055,0.0,0.0,191
0,[],22,[],2019-06-17 14:33:34,0.0,0,0,7740182,2019-06-17 14:33:34,,0.0,0.0,0,,0.0,0.0,0.0,197
0,[],23,[],2019-01-20 23:31:41,0.0,0,0,6477079,2019-01-20 23:31:41,,0.0,0.0,0,,0.0,0.0,0.0,199
0,[],22,[],2019-06-20 22:01:13,0.0,0,0,7746469,2019-06-20 22:01:13,,10.58263174,0.0,0,,84280969.0,0.0,0.0,199
1,[],26,[],2019-06-20 22:01:13,0.0,0.00000000,0,7746470,2019-06-20 22:01:13,btc,0.0,0.0,0.00000000,btc,0.0,0.0,0.0,199
0,[],2,[],2019-01-20 23:30:49,0.0,0,0,6477059,2019-01-20 23:30:49,,0.0,0.0,0,,0.0,0.0,0.0,201
1,[],4,[],2019-01-25 15:51:35,2084389.58565343,0.00000936,0.000000000333526752,6499557,2019-01-25 15:51:35,btc,2.0092503037378524,0.0,0.00000936,btc,160195.80207885,0.19272417,1.242687955921835,211
1,[],7,[],2019-06-20 22:01:16,1170054124.6898527,0.00000018,0.000000000017268156,7746471,2019-06-20 22:01:16,btc,1346840.2653139164,0.0,0.00000018,btc,6166479.26464841,0.0,11.954344045954047,212
1,[],12,[],2019-01-25 02:44:32,207462.42853209,0.000001080000000000000035831255497387193287295303889550268650054931640625,0.000000000038610756000000006,6493050,2019-01-25 02:44:32,btc,85023.03793723314,0.0,0.000001080000000000000035831255497387193287295303889550268650054931640625,btc,43675.73520027,0.000146250909087,0.0348620860622024,213
1,[],5,[],2019-05-30 00:07:46,0.0,0,0,7709357,2019-05-30 00:07:46,btc,0.0,0.06425239,0,btc,0.0,0.0,0.0,213
1,[],24,[],2019-05-30 00:07:46,0.0,0.000000399202,0.0000000000344859829346,7709358,2019-05-30 00:07:46,btc,0.0,0.0,0.000000399202,btc,0.0,0.0,0.0,213
1,[],26,[],2019-05-30 00:07:47,0.0,0.00000040,0.000000000034554919999999996,7709359,2019-05-30 00:07:47,btc,0.0,0.0,0.00000040,btc,0.0,0.0,0.0,213
0,[],22,[],2019-06-17 14:33:45,0.0,0,0,7740186,2019-06-17 14:33:45,,9.56923849,0.0,0,,3661587.2040649247,0.0,0.0,216
0,[],27,[],2019-06-17 14:33:51,0.0,0,0,7740187,2019-06-17 14:33:51,,98.39583902917752,0.0,0,"btc,ltc",590425.407688,0.0,0.0,216
1,[],22,[],2019-06-20 22:01:19,580126.4852813852,0.0000003,0.00000000002878026,7746472,2019-06-20 22:01:19,BTC,12055.91372118,0.0,0.0000003,BTC,488597.3626290264,0.00797504,0.0345805,217
1,[],7,[],2019-06-20 22:01:20,0.0,0,0,7746473,2019-06-20 22:01:20,btc,1234861.108894509,1073.92607392,0,btc,100943774.305454,1.074e-05,0.0,219
0,[],27,[],2019-06-20 22:01:25,0.0,0,0,7746474,2019-06-20 22:01:25,,250.36597143533322,0.0,0,btc,7934668.36581025,0.0,0.0,219
0,[],28,[],2019-06-20 22:01:26,0.0,0,0,7746475,2019-06-20 22:01:26,,0.0,0.0,0,,0.0,0.0,0.0,219
1,[],22,[],2019-05-23 16:41:05,172069.0,0.00000004,0.0000000000031167080000000004,7674065,2019-05-23 16:41:05,BTC,56.76466137,0.0,0.00000004,BTC,127061.6482738741,0.0,0.00393676,221
1,[],24,[],2019-05-23 16:41:05,0.0,0.000000010000,0.0000000000007791770000000001,7674066,2019-05-23 16:41:05,btc,0.0,0.0,0.000000010000,btc,0.0,0.0,0.0,221
1,[],20,[],2019-06-17 14:34:11,26882155.8301,0.000000003,0.000000000000278742,7740192,2019-06-17 14:34:11,btc,100050.81956632523,233521.3529,0.000000003,btc,38769742.8604,0.0007925640587,0.0306863532672,224
0,[],22,[],2019-06-17 14:34:13,0.0,0,0,7740193,2019-06-17 14:34:13,,0.0,0.0,0,,0.0,0.0,0.0,224
1,[],26,[],2019-06-17 14:34:14,0.0,0.00000022,0.00000000002044108,7740194,2019-06-17 14:34:14,btc,0.0,0.0,0.00000022,btc,0.0,0.0,0.0,231
1,[],26,[],2019-06-20 22:01:26,0.0,0.00000005,0.0000000000047967100000000005,7746476,2019-06-20 22:01:26,btc,0.0,100.0,0.00000005,btc,0.0,0.0,0.0,234
0.0000000002858879,[],27,[],2019-06-20 22:01:33,100.0,2.858879e-18,2.742642697618e-22,7746477,2019-06-20 22:01:33,eth,0.0,0.0,0.00000001,"btc,eth",0.0,0.0,2.858879e-16,234
1,[],4,[],2019-05-22 17:06:12,91780.56053785,0.00000078,0.000000000061977552,7669277,2019-05-22 17:06:12,btc,5.573372450018177,0.0,0.00000078,btc,729173.93529783,0.0,0.0307060663355679,236
1,[],24,[],2019-05-22 17:06:12,0.0,0.000000010000,0.000000000000794584,7669278,2019-05-22 17:06:12,btc,0.0,0.0,0.000000010000,btc,0.0,0.0,0.0,236
1,[],5,[],2019-06-20 22:01:34,0.0,0,0,7746478,2019-06-20 22:01:34,btc,0.0,1.485844,0,btc,0.0,0.0,0.0,237
1,[],20,[],2019-06-20 22:01:37,49929322.7314,0.000000087,0.000000000008346275400000001,7746479,2019-06-20 22:01:37,btc,8172547.914791009,24030333.5357,0.000000087,btc,31109049.1396,2.2494866310609,1.2713822376777,237
1,[],22,[],2019-06-20 22:01:40,2084614.0,0.00000004,0.000000000003837368,7746480,2019-06-20 22:01:40,BTC,1.20112207,0.0,0.00000004,"BTC,LTC",14507.148717948718,0.0,0.02587451,237
1,[],4,[],2019-06-20 22:01:41,40798519.17758477,0.00000006,0.000000000005756052,7746481,2019-06-20 22:01:41,btc,2.599955707850385,0.0,0.00000006,btc,11708876.29819961,0.27571719,0.7381419184150848,238
1,[],5,[],2019-06-20 22:01:43,0.0,0,0,7746482,2019-06-20 22:01:43,btc,0.0,0.03692194,0,btc,0.0,0.0,0.0,238
0,[],22,[],2019-03-12 16:49:32,0.0,0,0,6914458,2019-03-12 16:49:32,,0.40415746,0.0,0,,526736.5639027493,0.0,0.0,249
0,[],22,[],2019-05-28 23:53:45,0.0,0,0,7703643,2019-05-28 23:53:45,,13.44714864,0.0,0,,43777534.3426455,0.0,0.0,252
0,[],28,[],2019-06-20 22:01:45,0.0,0,0,7746483,2019-06-20 22:01:45,,0.0,0.0,0,,0.0,0.0,0.0,256
1,[],22,[],2019-06-20 22:01:48,592468.0,0.00000001,0.000000000000959342,7746484,2019-06-20 22:01:48,BTC,31464.57242089,0.0,0.00000001,BTC,1034643.2230878276,1.191e-05,0.00592468,258
1,[],22,[],2019-05-19 18:12:02,400.0,0.00000001,0.0000000000007957800000000001,7653905,2019-05-19 18:12:02,BTC,2.415167,0.0,0.00000001,BTC,157.0,0.0,4e-06,259
1,[],5,[],2019-06-20 22:01:49,0.0,0,0,7746485,2019-06-20 22:01:49,btc,0.0,0.06544008,0,btc,0.0,0.0,0.0,264
1,[],20,[],2019-06-20 22:01:51,912766.6957,0.000000977,0.0000000000937277134,7746486,2019-06-20 22:01:51,btc,0.9889551207086,18002.7021,0.000000977,btc,56564.0612,0.0105995535426,0.0084228120491,264
0,[],22,[],2019-04-12 17:57:27,0.0,0,0,7278186,2019-04-12 17:57:27,,66.37522201,0.0,0,,677842.4169881374,0.0,0.0,271
0,[],22,[],2019-05-29 08:10:20,0.0,0,0,7705301,2019-05-29 08:10:20,,33050470.74998113,0.0,0,,14361377780.7,0.0,0.0,272
0,[],28,[],2019-05-29 08:10:54,0.0,0,0,7705302,2019-05-29 08:10:54,,0.0,22189957216.5758,0,,0.0,0.0,0.0,272
1,[],22,[],2019-05-23 07:12:29,219930.0,0.00000004,0.000000000003048688,7671985,2019-05-23 07:12:29,BTC,426.77835217,0.0,0.00000004,BTC,248664.3325962929,0.0,0.00739728,281
1,[],22,[],2019-06-20 22:01:55,46329.1,0.00000002,0.000000000001918684,7746487,2019-06-20 22:01:55,BTC,2.67512943,0.0,0.00000002,"BTC,LTC",984550.9093393277,0.00317818,0.0051777,286
0,[],22,[],2019-06-17 14:34:53,0.0,0,0,7740207,2019-06-17 14:34:53,,7337915.80475575,0.0,0,,2078527309.6797826,0.0,0.0,294
