pairValue,buyBook,exchangeId,sellBook,updated,buyTotal,satoshiPrice,usdPrice,exchangeLogId,created,bestPair,sellTotalBtc,volume,pairPrice,activePairs,sellTotal,volumeBtc,buyTotalBtc,coinId
1,[],3,[],2019-05-31 01:35:22,31467.954599139837,0.01083300000000000061495253333987420774064958095550537109375,0.0000009073861629,7714962,2019-05-31 01:35:22,btc,1.8110901631958407,43.5604937783,0.01083300000000000061495253333987420774064958095550537109375,btc,23.043481648386003,0.0,0.27168439568639485,1
1,[],4,[],2019-05-31 01:35:23,207683.42554174,0.01103001,0.0000009238879766129999,7714963,2019-05-31 01:35:23,btc,7.565052253582898,0.0,0.01103001,btc,294.99860329,1.58300073,0.5425958847342751,1
1,[],5,[],2019-05-31 01:35:26,0.0,0,0,7714964,2019-05-31 01:35:26,btc,0.0,0.01328449,0,btc,0.0,0.0,0.0,1
1,[],10,[],2019-05-31 01:35:29,312350.47698109,0.00699859,0.0000005862109965669999,7714965,2019-05-31 01:35:29,btc,6520.98870811292,1474.2271332,0.00699859,btc,1282.9942321,0.0,2.2089650665154026,1
1,[],12,[],2019-05-31 01:35:31,86.60745189000001,0.011079999999999999571453912494689575396478176116943359375,0.0000009280752039999999,7714966,2019-05-31 01:35:31,btc,0.1651371542815,0.0,0.011079999999999999571453912494689575396478176116943359375,btc,14.10049119,0.406609236143,0.4181751295249,1
1,[],20,[],2019-05-31 01:35:33,934.4403,0.00920886,0.000000771346085118,7714967,2019-05-31 01:35:33,btc,0.2226574606957,0.4327,0.00920886,btc,17.2579,0.004502924295,0.1023444051313,1
1,[],21,[],2019-05-31 01:35:35,2086.93228713,0.01111599999999999914546133795,0.0000009310906107999999,7714968,2019-05-31 01:35:35,btc,9.82877551366091,10261.0979093,0.01111599999999999914546133794601701083593070507049560546875,"btc,eth",1284.00174054,102.01499258744137,18.94928575624353,1
1,[],22,[],2019-05-31 01:35:40,0.0025666666666666667,0.00900000,0.0000007538516999999999,7714969,2019-05-31 01:35:40,BTC,0.31629903,0.0,0.00900000,BTC,0.2505752479991019,0.0,2.31e-05,1
1,[],24,[],2019-05-31 01:35:41,0.0,0.000000000000,0,7714970,2019-05-31 01:35:41,btc,0.0,0.0,0.000000000000,btc,0.0,0.0,0.0,1
0.0,[],25,[],2019-05-31 01:35:42,0.0,0,0,7714971,2019-05-31 01:35:42,btc,18.349999999349745,2576.50509283,0.0,btc,1562.41204957,28.213,0.0,1
1,[],26,[],2019-05-31 01:35:43,0.0,0,0,7714972,2019-05-31 01:35:43,,0.0,0.0,0,,0.0,0.0,0.0,1
0,[],28,[],2019-05-31 01:36:27,0.0,0,0,7714973,2019-05-31 01:36:27,,0.0,329740.85,0,,0.0,0.0,0.0,1
0,[],2,[],2019-01-20 23:28:45,0.0,0,0,6477011,2019-01-20 23:28:45,,0.0,0.0,0,,0.0,0.0,0.0,1
1,[],5,[],2019-05-31 01:36:28,0.0,0,0,7714974,2019-05-31 01:36:28,btc,0.0,0.01212653,0,btc,0.0,0.0,0.0,2
0,[],22,[],2019-05-31 01:36:31,0.0,0,0,7714975,2019-05-31 01:36:31,,0.0,0.0,0,,0.0,0.0,0.0,2
1,[],5,[],2019-05-31 01:36:34,0.0,0,0,7714976,2019-05-31 01:36:34,btc,0.0,0.21837217,0,btc,0.0,0.0,0.0,3
1,[],12,[],2019-05-31 01:36:35,999246.92271,0.000000111,0.0000000000092975043,7714977,2019-05-31 01:36:35,btc,169517.0420440098,0.0,0.000000111,btc,4603943.63755512,0.238139260514,0.06532158702080999,3
0,[],28,[],2019-05-31 01:36:36,0.0,0,0,7714978,2019-05-31 01:36:36,,0.0,0.0,0,,0.0,0.0,0.0,3
0,[],2,[],2019-01-20 23:31:32,0.0,0,0,6477077,2019-01-20 23:31:32,,0.0,0.0,0,,0.0,0.0,0.0,4
1,[],4,[],2019-05-18 21:29:50,562734.9206932,0.00000010,0.000000000007298720000000001,7650946,2019-05-18 21:29:50,btc,41.9347137769675,0.0,0.00000010,btc,1123702.32192634,0.00052462,0.029254593370966,4
0,[],12,[],2019-05-30 17:16:55,0.0,0,0,7713056,2019-05-30 17:16:55,btc,625.871456484995,0.0,0,btc,1112133.4995005,0.0,0.0,5
0,[],2,[],2019-01-20 23:31:51,0.0,0,0,6477087,2019-01-20 23:31:51,,0.0,0.0,0,,0.0,0.0,0.0,6
1,[],11,[],2019-05-31 01:36:39,9060347.776736,0.00000002,0.0000000000016752259999999998,7714979,2019-05-31 01:36:39,btc,9582.873384042945,2833780.0,0.00000002,btc,67279346.46260394,0.0,0.13675210276736,6
1,[],3,[],2019-05-31 01:36:40,12026.92399108846,0.000088889999999999997661037642870951458462513983249664306640625,0.000000007445541956999999,7714980,2019-05-31 01:36:40,btc,0.0588586960953285,176.533509258,0.000088889999999999997661037642870951458462513983249664306640625,btc,188.851935604518,0.0,0.024400977569710814,7
1,[],4,[],2019-05-31 01:36:40,326584.68363487,0.00009869,0.000000008266402697,7714981,2019-05-31 01:36:40,btc,9.93119126261961,0.0,0.00009869,btc,56263.53178734,5.11544495,2.4187773879132313,7
1,[],5,[],2019-05-31 01:36:42,0.0,0,0,7714982,2019-05-31 01:36:42,btc,0.0,0.83130376,0,btc,0.0,0.0,0.0,7
1,[],20,[],2019-04-07 22:06:50,3201475.0482,0.000000001,0.000000000000051590000000000004,7213932,2019-04-07 22:06:50,btc,30.8005781811902,0.0,0.000000001,btc,23077405.3926,0.0,0.0032014750482,8
0,[],2,[],2019-01-20 23:22:42,0.0,0,0,6476876,2019-01-20 23:22:42,,0.0,0.0,0,,0.0,0.0,0.0,9
0,[],23,[],2019-01-20 23:22:48,0.0,0,0,6476878,2019-01-20 23:22:48,,0.0,0.0,0,,0.0,0.0,0.0,9
1,[],4,[],2019-05-31 01:36:44,20030463.19201116,0.00000049,0.000000000041043036999999997,7714983,2019-05-31 01:36:44,btc,3.9488663848877845,0.0,0.00000049,btc,3463853.57195165,0.42198897,0.3797043631710632,9
0,[],28,[],2019-05-31 01:37:27,0.0,0,0,7714984,2019-05-31 01:37:27,,0.0,3618456.0,0,,0.0,0.0,0.0,9
1,[],1,[],2019-02-17 23:31:42,1822507.21,0.00000181000000000000003456111265232042484285557293333113193511962890625,0.000000000066086901,6701244,2019-02-17 23:31:42,btc,3.6990969245,17153386.5,0.00000181000000000000003456111265232042484285557293333113193511962890625,btc,1997391.71,31.11772986,3.2610482446,9
1,[],4,[],2019-02-17 11:22:43,4341674.27126056,0.00000002,0.0000000000007272960000000001,6696112,2019-02-17 11:22:43,btc,0.1997230937751353,0.0,0.00000002,btc,4109766.79808031,0.00215132,0.0479381022052112,10
0,[],2,[],2019-01-20 23:23:08,0.0,0,0,6476890,2019-01-20 23:23:08,,0.0,0.0,0,,0.0,0.0,0.0,12
1,[],4,[],2019-05-31 01:37:29,7478703.16322873,0.00000047,0.000000000039367811,7714985,2019-05-31 01:37:29,btc,4.654829957491065,0.0,0.00000047,btc,4672107.28165349,1.15509056,1.260597628854183,12
1,[],5,[],2019-05-31 01:37:31,0.0,0,0,7714986,2019-05-31 01:37:31,btc,0.0,0.1699392,0,btc,0.0,0.0,0.0,12
0.0,[],25,[],2019-05-31 01:37:32,0.0,0,0,7714987,2019-05-31 01:37:32,,0.0,0.0,0.0,btc,0.0,0.0,0.0,12
1,[],10,[],2019-05-31 00:36:53,647054.59827642,0.00000539,0.000000000449920009,7714836,2019-05-31 00:36:53,btc,666803.2606285767,42001.3174267,0.00000539,btc,866475.77616054,0.0,0.2148632795610117,13
1,[],4,[],2019-05-31 01:37:33,332587.97134267,0.00000543,0.00000000045482385899999997,7714988,2019-05-31 01:37:33,btc,1.78119208327916,0.0,0.00000543,btc,231206.68085088,0.53524312,0.4608352140579289,13
1,[],21,[],2019-05-31 01:37:36,1958858.22213321,0.000005480000000000000048481184345,0.00000000045901192399999995,7714989,2019-05-31 01:37:36,btc,2.2262747258495517,1263103.39881188,0.000005480000000000000048481184344861816271077259443700313568115234375,btc,354482.23783345,7.00788994,7.883040565750895,13
1,[],4,[],2019-05-31 01:37:37,1086526.59249692,0.00000072,0.00000000006030813599999999,7714990,2019-05-31 01:37:37,btc,3.7511077293551605,0.0,0.00000072,btc,806214.11030516,0.0253035,0.1978569065024923,14
1,[],12,[],2019-05-31 01:37:38,135021.4917025,0.00000075,0.000000000062820975,7714991,2019-05-31 01:37:38,btc,14.13474698345092,0.0,0.00000075,btc,21650.79261605,1.512e-05,0.0151433299999685,14
1,[],26,[],2019-05-31 01:39:39,0.0,0.00000050,0.000000000041880649999999996,7714992,2019-05-31 01:39:39,btc,0.0,0.0,0.00000050,btc,0.0,0.0,0.0,14
0,[],17,[],2019-05-03 00:53:32,0.0,0,0,7558876,2019-05-03 00:53:32,btc,0.0,0.0,0,btc,0.0,0.0,0.0,14
,[],12,[],2018-12-01 15:15:48,204241.84496,0.00000489,0.000000000202473384,5260204,2018-12-01 15:15:48,btc,49.5475654835,0.0,,btc,35763.2193806,0.0163153972027625,0.0203389899998,15
0,[],4,[],2019-05-31 01:39:40,0.0,0,0,7714993,2019-05-31 01:39:40,,0.0,0.0,0,,0.0,0.0,0.0,15
0,[],2,[],2019-01-20 23:23:38,0.0,0,0,6476906,2019-01-20 23:23:38,,0.0,0.0,0,,0.0,0.0,0.0,18
1,[],4,[],2019-05-31 01:39:42,33538.53927589,0.00001190,0.0000000009967594699999999,7714994,2019-05-31 01:39:42,btc,0.9681497035543862,0.0,0.00001190,btc,10696.96024379,0.05092245,0.0711804395783747,18
1,[],10,[],2019-05-31 01:39:44,486493.58096386,0.00001232,0.000000001031939216,7714995,2019-05-31 01:39:44,btc,15.338712295241754,2435.30008561,0.00001232,btc,13130.92651416,0.0,0.0702894614720981,18
1,[],12,[],2019-05-31 01:39:45,3375.73568446,0.000012010000000000000208266563717085517737359623424708843231201171875,0.0000000010059732129999998,7714996,2019-05-31 01:39:45,btc,0.401844956918126,0.0,0.000012010000000000000208266563717085517737359623424708843231201171875,btc,1455.9362923,0.003927910278,0.0142090808917858,18
0,[],17,[],2019-05-03 00:53:39,0.0,0,0,7558882,2019-05-03 00:53:39,btc,0.0,0.0,0,btc,0.0,0.0,0.0,18
0,[],2,[],2019-01-20 23:24:19,0.0,0,0,6476924,2019-01-20 23:24:19,,0.0,0.0,0,,0.0,0.0,0.0,19
1,[],3,[],2019-05-31 01:41:46,150343.7372018805,0.00000403000000000000037879421821429559713578782975673675537109375,0.000000000337558039,7714997,2019-05-31 01:41:46,btc,0.17110886438336848,3802.61204435,0.00000403000000000000037879421821429559713578782975673675537109375,btc,4304.157721851002,0.0,0.0534885936124719,19
1,[],4,[],2019-05-31 01:41:47,512091.71885115,0.00000804,0.000000000673440852,7714998,2019-05-31 01:41:47,btc,3.875026024474542,0.0,0.00000804,btc,176644.73373986,0.25441883,0.3998145379278495,19
1,[],5,[],2019-05-31 01:41:48,0.0,0,0,7714999,2019-05-31 01:41:48,btc,0.0,0.0,0,btc,0.0,0.0,0.0,19
1,[],12,[],2019-05-31 01:41:49,15047.08408843,0.000007109999999999999688846986922730053493069135583937168121337890625,0.000000000595542843,7715000,2019-05-31 01:41:49,btc,0.0583460833536829,0.0,0.000007109999999999999688846986922730053493069135583937168121337890625,btc,1938.55052991,0.00054112,0.0267846999995347,19
0,[],27,[],2019-05-31 01:41:54,0.0,0,0,7715001,2019-05-31 01:41:54,,0.0,0.0,0,btc,0.0,0.0,0.0,19
1,[],4,[],2019-05-31 01:41:55,10062076.88478525,0.00000007,0.0000000000058632909999999995,7715002,2019-05-31 01:41:55,btc,6.411239436602338,0.0,0.00000007,btc,2322306.93095912,0.0,0.1174938176872809,20
1,[],4,[],2019-05-31 01:41:56,66896772.64737481,0.00000001,0.0000000000008376129999999999,7715003,2019-05-31 01:41:56,btc,1753.2332038421803,0.0,0.00000001,btc,63358241.01973631,0.05195887,0.6689677264737481,21
1,[],12,[],2019-05-31 01:41:57,1145839.0,0.00000001,0.0000000000008376129999999999,7715004,2019-05-31 01:41:57,btc,1010.9465395928372,0.0,0.00000001,btc,4710611.64135862,0.01252012,0.01145839,21
0,[],17,[],2019-05-03 00:53:51,0.0,0,0,7558891,2019-05-03 00:53:51,btc,0.0,0.0,0,btc,0.0,0.0,0.0,21
1,[],12,[],2019-05-31 01:43:58,5190362851.0,0.0000000003,0.00000000000002512839,7715005,2019-05-31 01:43:58,btc,708414896.3855245,0.0,0.0000000003,btc,3097532483.984059,2.172502374581,1.1873482912,23
0.0000000003088183,[],27,[],2019-05-31 01:44:03,103242394.52795994,9.264549e-18,7.760106681536999e-22,7715006,2019-05-31 01:44:03,eth,1185.2000107602944,502679226.91987014,0.00000003,eth,53326644.77789,6.209461773098164e-09,7.120410003389033e-10,23
1,[],4,[],2019-05-31 01:44:04,1821560.14644466,0.00000018,0.000000000015077033999999998,7715007,2019-05-31 01:44:04,btc,13.152889776644663,0.0,0.00000018,btc,2159098.55971673,0.0042763,0.0560748007644534,24
1,[],22,[],2019-05-31 01:44:09,21.76,0.00000100,0.00000000008376129999999999,7715008,2019-05-31 01:44:09,BTC,7.415e-05,0.0,0.00000100,BTC,23.919354838709676,0.0,1.186e-05,24
0.0,[],25,[],2019-05-31 01:44:10,0.0,0,0,7715009,2019-05-31 01:44:10,,0.0,0.0,0.0,btc,0.0,0.0,0.0,24
0,[],2,[],2019-01-20 23:25:56,0.0,0,0,6476976,2019-01-20 23:25:56,,0.0,0.0,0,,0.0,0.0,0.0,26
1,[],4,[],2019-05-31 01:44:11,7648663.56307382,0.00000490,0.00000000041043037,7715010,2019-05-31 01:44:11,btc,14.883407888075224,0.0,0.00000490,btc,250067.20190183,0.14919162,0.3070299355602515,26
1,[],10,[],2019-05-31 01:44:14,149459.82083009,0.00000383,0.000000000320805779,7715011,2019-05-31 01:44:14,btc,25.582460110652512,4499.14898918,0.00000383,btc,22875.19425626,0.0,0.0342536844641232,26
1,[],5,[],2019-04-26 09:47:06,0.0,0,0,7465326,2019-04-26 09:47:06,btc,0.0,0.0,0,btc,0.0,0.0,0.0,27
1,[],3,[],2019-05-31 01:44:14,22226345.5,0.00000001,0.0000000000008376129999999999,7715012,2019-05-31 01:44:14,btc,3.7550009813325373,10057340.8707,0.00000001,btc,26122593.96034132,0.0,0.222263455,27
1,[],11,[],2019-05-31 01:44:16,2110243.08157834,0.00000002,0.0000000000016752259999999998,7715013,2019-05-31 01:44:16,btc,67503.04533244639,19676.5543251,0.00000002,btc,6590405.9414731,0.0,0.0211134458157834,27
1,[],4,[],2019-05-31 01:44:17,1094764464.7750533,0.00000001,0.0000000000008376129999999999,7715014,2019-05-31 01:44:17,btc,4.831624314240186,0.0,0.00000001,"btc,ltc",293533560.68400717,0.00562162,7.4972020445773015,29
1,[],7,[],2019-05-31 01:44:19,85497005.40740813,0.00000001,0.0000000000008376129999999999,7715015,2019-05-31 01:44:19,btc,46548272.125946455,38654.0,0.00000001,btc,35031559.15852554,0.0,0.8549700540740813,29
0,[],17,[],2019-05-03 01:11:25,0.0,0,0,7559066,2019-05-03 01:11:25,btc,0.0,0.0,0,btc,0.0,0.0,0.0,30
1,[],4,[],2019-05-31 01:44:20,15333849.79268213,0.00000006,0.000000000005025678,7715016,2019-05-31 01:44:20,btc,2.7023772376036272,0.0,0.00000006,btc,2102648.09973194,0.0,0.1717743626165775,30
1,[],4,[],2019-05-31 01:46:21,112772.65893869,0.00004309,0.0000000036092744169999997,7715017,2019-05-31 01:46:21,btc,3.3197379004823726,0.0,0.00004309,btc,43987.98025686,1.03517038,0.7241955863056528,31
1,[],21,[],2019-05-31 01:46:22,52467.56546645,0.00004300000000000000165405883434,0.0000000036017359,7715018,2019-05-31 01:46:22,btc,8.01248343985312,181799.86579693,0.000043000000000000001654058834343885564521769993007183074951171875,btc,159205.09379152,7.62527328,2.0029613262153854,31
0,[],2,[],2019-01-20 23:28:43,0.0,0,0,6477009,2019-01-20 23:28:43,,0.0,0.0,0,,0.0,0.0,0.0,32
1,[],12,[],2019-03-30 07:55:10,40641173.964,0.00000003,0.000000000001228359,7108785,2019-03-30 07:55:10,btc,4233210.82356125,0.0,0.00000003,btc,28378394.68333462,0.0126927883965248,0.90752895892,33
0,[],4,[],2019-05-31 01:46:23,0.0,0,0,7715019,2019-05-31 01:46:23,,0.0,0.0,0,,0.0,0.0,0.0,33
0.0000000001307358,[],4,[],2019-05-31 01:46:24,511145345.9607327,2.614716e-17,2.1901201129079996e-21,7715020,2019-05-31 01:46:24,ltc,3.5131906512503512,0.0,0.0000002,ltc,154578896.891679,0.000998,2.0417158118240098e-09,34
1,[],5,[],2019-05-31 01:46:26,0.0,0,0,7715021,2019-05-31 01:46:26,btc,0.0,0.0,0,btc,0.0,0.0,0.0,34
0.0000000002926451,[],17,[],2019-05-02 18:17:47,200000.0,2.9264510000000002e-18,1.596703856561e-22,7556430,2019-05-02 18:17:47,eth,0.20942468735267253,0.0,0.00000001,"btc,eth",1018272.20243647,0.0,5.852902e-13,36
0.0000000001307358,[],4,[],2019-05-31 01:46:27,1561819564.0727658,1.307358e-18,1.095060056454e-22,7715022,2019-05-31 01:46:27,ltc,5.002822083143986e-08,0.0,0.00000001,ltc,7102398142.262129,0.0,2.041857301647043e-09,36
1,[],5,[],2019-05-31 01:46:28,0.0,0,0,7715023,2019-05-31 01:46:28,btc,0.0,0.0,0,btc,0.0,0.0,0.0,36
0.0000000003088183,[],27,[],2019-05-31 01:48:35,10388811.226876,6.176366e-18,5.1734044543579995e-22,7715024,2019-05-31 01:48:35,eth,1578.3068019850987,7691117.0,0.00000002,"ltc,eth",5334024.2511555,2.6133253540822e-11,3.3063458661034155e-11,36
1,[],17,[],2019-05-03 01:11:36,211752.74075282,0.00000025,0.000000000013700074999999998,7559074,2019-05-03 01:11:36,btc,0.055484923955058496,0.0,0.00000025,"btc,eth",1387.19918473,0.0,0.0005381851887916605,37
1,[],4,[],2019-05-31 01:48:36,9845683.56598604,0.00000018,0.000000000015077033999999998,7715025,2019-05-31 01:48:36,btc,19772.51274771466,0.0,0.00000018,btc,687176.03779404,0.00951336,0.1196948346546538,37
1,[],12,[],2019-05-31 01:48:37,3628568.36528572,0.00000019,0.000000000015914647,7715026,2019-05-31 01:48:37,btc,9.368369595902115,0.0,0.00000019,btc,1022358.43537299,0.025124663716,0.1677937661442866,37
1,[],27,[],2019-05-31 01:50:44,6187.0,0.00000016,0.000000000013401807999999999,7715027,2019-05-31 01:50:44,btc,24.11463822903233,0.0,0.00000016,btc,5792.59438508,0.0,0.00076392,37
1,[],5,[],2019-05-31 01:50:46,0.0,0,0,7715028,2019-05-31 01:50:46,btc,0.0,0.02208233,0,btc,0.0,0.0,0.0,42
1,[],12,[],2019-05-31 01:50:47,141036.78113964,0.00000089,0.000000000074547557,7715029,2019-05-31 01:50:47,btc,24.790543940476187,0.0,0.00000089,btc,72332.7173584,0.00259233008,0.0541599299999651,42
1,[],27,[],2019-05-31 01:50:54,506.0,0.00000002,0.0000000000016752259999999998,7715030,2019-05-31 01:50:54,btc,0.39085425,0.0,0.00000002,"btc,eth",735.0,0.0,6.000000324444506e-06,42
1,[],12,[],2019-03-13 09:13:29,1112112.0,0.00000001,0.000000000000386531,6919902,2019-03-13 09:13:29,btc,29058.00478931866,0.0,0.00000001,btc,5967681.93306694,9.99000999e-07,0.01112112,43
1,[],5,[],2019-04-26 22:38:52,0.0,0,0,7474154,2019-04-26 22:38:52,btc,0.0,0.02638891,0,btc,0.0,0.0,0.0,43
0,[],17,[],2019-04-26 22:38:53,0.0,0,0,7474155,2019-04-26 22:38:53,btc,0.0,0.0,0,btc,0.0,0.0,0.0,43
1,[],12,[],2019-03-05 01:54:08,639326.02,0.00000004,0.000000000001486676,6845775,2019-03-05 01:54:08,btc,11116042.728239931,0.0,0.00000004,btc,1103841.4595604,0.0003330765234764,0.014975410599999999,44
1,[],4,[],2019-05-31 01:50:54,115674840.75681241,0.00000001,0.0000000000008376129999999999,7715031,2019-05-31 01:50:54,btc,291324.2421284707,0.0,0.00000001,"btc,ltc",27933171.17328054,0.00659738,0.07883303277186426,49
0.0000000001307358,[],4,[],2019-05-31 01:50:55,131580868.52132614,3.3991308e-17,2.8471561467803997e-21,7715032,2019-05-31 01:50:55,ltc,22049.959233019104,0.0,0.00000026,ltc,159245480.12891635,0.0,1.3097250316212357e-09,52
0,[],22,[],2019-05-31 01:50:59,0.0,0,0,7715033,2019-05-31 01:50:59,,10289.55991011,0.0,0,,308568058.4566013,0.0,0.0,57
1,[],27,[],2019-05-31 01:51:08,2297.0,0.0000003,0.00000000002512839,7715034,2019-05-31 01:51:08,btc,0.0,0.0,0.0000003,"btc,eth",0.0,0.0,0.0003891,57
1,[],17,[],2019-05-03 01:12:09,1200000.0,0.0000000001,0.00000000000000548003,7559085,2019-05-03 01:12:09,btc,1e+24,0.0,0.0000000001,"btc,eth",39516342.31952568,0.0,0.00010000000058666061,58
0.0000000001307358,[],4,[],2019-05-31 01:51:09,3436283406.724336,1.307358e-18,1.095060056454e-22,7715035,2019-05-31 01:51:09,ltc,19.341013325831668,0.0,0.00000001,ltc,5787888096.321104,0.0,4.492452602048315e-09,58
1,[],12,[],2019-05-31 01:51:09,644889617.0,0.0000000001,0.000000000000008376129999999999,7715036,2019-05-31 01:51:09,btc,2205412.9191790684,0.0,0.0000000001,btc,3267865564.2247314,0.068106329954,0.0644889617,58
0.00000000011256560000000001,[],22,[],2019-05-31 01:53:12,126877.0,1.125656e-18,9.42864099128e-23,7715037,2019-05-31 01:53:12,XMR,68.17454206,0.0,0.00000001,XMR,9626402.6,0.0,0.00126877,58
1,[],5,[],2019-05-31 01:53:13,0.0,0,0,7715038,2019-05-31 01:53:13,btc,0.0,0.00423144,0,btc,0.0,0.0,0.0,61
1,[],22,[],2019-05-31 01:53:17,13613.833333333334,0.00000012,0.000000000010051356,7715039,2019-05-31 01:53:17,BTC,1002.29123003,0.0,0.00000012,BTC,15014.200177125656,0.0,0.00153269,61
1,[],26,[],2019-05-31 01:53:17,0.0,0.00000050,0.000000000041880649999999996,7715040,2019-05-31 01:53:17,btc,0.0,0.0,0.00000050,btc,0.0,0.0,0.0,61
1,[],27,[],2019-05-31 01:53:23,8450.0,0.0000002,0.00000000001675226,7715041,2019-05-31 01:53:23,btc,1.9582485601246655,0.0,0.0000002,"btc,eth",11379.41563696,0.0,0.001522,61
0,[],28,[],2019-05-31 01:54:05,0.0,0,0,7715042,2019-05-31 01:54:05,,0.0,773.0,0,,0.0,0.0,0.0,61
1,[],4,[],2019-05-31 01:54:07,824743.24490964,0.00000079,0.00000000006617142699999999,7715043,2019-05-31 01:54:07,btc,2.94472110271839,0.0,0.00000079,btc,882920.15805667,0.18181483,0.4215021797244746,67
0.0,[],25,[],2019-05-31 01:54:09,0.0,0,0,7715044,2019-05-31 01:54:09,,0.0,0.0,0.0,btc,0.0,0.0,0.0,67
1,[],12,[],2019-05-31 01:54:11,813749.0,0.00000005,0.000000000004188065,7715045,2019-05-31 01:54:11,btc,5.17012759104895,0.0,0.00000005,btc,775942.27172826,3.158142e-06,0.01771861,71
,[],5,[],2018-11-20 23:02:39,1.5e-07,0.00000005,0.000000000002128045,4862160,2018-11-20 23:02:39,btc,2.84511358,0.0,,btc,0.00036572,0.0,0.07381892,74
1,[],5,[],2019-05-31 01:56:11,0.0,0,0,7715046,2019-05-31 01:56:11,btc,0.0,0.04069807,0,btc,0.0,0.0,0.0,75
0,[],4,[],2019-05-25 21:33:44,0.0,0,0,7686249,2019-05-25 21:33:44,,133656.37989170782,0.0,0,,33439209.5909442,0.0,0.0,81
0,[],20,[],2019-01-25 09:30:31,0.0,0,0,6495923,2019-01-25 09:30:31,btc,0.0,0.0,0,btc,0.0,0.0,0.0,81
1,[],4,[],2019-05-31 01:56:12,37568.95059488,0.00010737,0.000000008993450781,7715047,2019-05-31 01:56:12,btc,33.841426075424685,0.0,0.00010737,btc,71244.05107913,1.53443897,0.8326180986460782,82
1,[],21,[],2019-05-31 01:56:13,63907.59081468,0.0001051999999999999956630178377,0.000000008811688759999999,7715048,2019-05-31 01:56:13,btc,27.667160580683603,104401.69450298,0.000105199999999999995663017837710384583260747604072093963623046875,btc,155975.56904319,11.33221116,5.19196515535519,82
0,[],17,[],2019-03-25 22:42:34,0.0,0,0,7038780,2019-03-25 22:42:34,btc,0.0445064681804024,0.0,0,btc,995513.18476001,0.0,0.0,84
0.0000000001161485,[],4,[],2019-05-20 13:09:39,216715621.0206096,1.161485e-18,9.0533806701e-23,7657228,2019-05-20 13:09:39,ltc,1.6511566870244727,0.0,0.00000001,ltc,471032407.9048656,0.0,2.5171194308112273e-10,85
,[],22,[],2018-11-20 23:09:34,3408.1,0.0000001,0.0000000000041895,4862324,2018-11-20 23:09:34,BTC,0.04624735,0.0,,BTC,4990.0,0.0,0.00033081,86
1,[],22,[],2019-05-31 01:56:17,62656.0,0.00000001,0.0000000000008376129999999999,7715049,2019-05-31 01:56:17,BTC,1.44921296,0.0,0.00000001,BTC,223055.21403508773,0.0001144,0.00062656,87
1,[],27,[],2019-05-31 01:56:22,84552.0,0.00000002,0.0000000000016752259999999998,7715050,2019-05-31 01:56:22,btc,5.074256018036,36808.0,0.00000002,btc,146553.67341,0.00073616,0.00088944,87
,[],2,[],2018-11-20 23:10:47,0.0,0,0,4862359,2018-11-20 23:10:47,,0.0,0.0,,,0.0,0.0,0.0,88
1,[],11,[],2019-05-31 01:56:24,153181.01517789,0.000080010000000000001366302904148852803700719960033893585205078125,0.000000006701741612999999,7715051,2019-05-31 01:56:24,btc,167.27002100421245,192.48495228,0.000080010000000000001366302904148852803700719960033893585205078125,btc,200081.9642181,0.0,2.149417847841763,89
0,[],2,[],2019-01-20 23:31:45,0.0,0,0,6477083,2019-01-20 23:31:45,,0.0,0.0,0,,0.0,0.0,0.0,91
0,[],17,[],2019-05-03 01:12:26,0.0,0,0,7559096,2019-05-03 01:12:26,btc,0.0,0.0,0,btc,0.0,0.0,0.0,91
1,[],12,[],2019-05-31 01:56:25,265876.11246374,0.0000003,0.000000000025128389999999996,7715052,2019-05-31 01:56:25,btc,87.69222850716933,0.0,0.0000003,btc,146058.49797313,0.000200408891,0.0121650783999934,91
1,[],22,[],2019-05-31 01:58:29,75910.55,0.0000002,0.00000000001675226,7715053,2019-05-31 01:58:29,BTC,0.495,0.0,0.0000002,"BTC,LTC",4.95,0.0,0.00165931,91
1,[],22,[],2019-04-09 20:17:52,374949.73333333334,0.00000015,0.000000000007771935,7235704,2019-04-09 20:17:52,BTC,6.87372503,0.0,0.00000015,"BTC,LTC",159980.01196797504,1.1e-05,0.80510266,95
0,[],17,[],2019-05-03 01:12:32,0.0,0,0,7559100,2019-05-03 01:12:32,btc,0.0,0.0,0,btc,0.0,0.0,0.0,96
0.0000000001307358,[],4,[],2019-05-31 01:58:30,543008692.5321386,2.7454518e-17,2.2996261185534e-21,7715054,2019-05-31 01:58:30,ltc,11.29891286772625,0.0,0.00000021,ltc,153531246.7863669,0.0,8.714231509949966e-10,96
0,[],12,[],2019-05-31 01:58:31,0.0,0,0,7715055,2019-05-31 01:58:31,btc,17.13202668048951,0.0,0,btc,9673329.04895105,1.0989e-07,0.0,96
1,[],4,[],2019-04-14 03:32:46,1039404.33283278,0.00000038,0.000000000019245518,7293458,2019-04-14 03:32:46,btc,4.170086055365747,0.0,0.00000038,btc,3097704.34561074,0.06260606,0.1859928211030784,99
0,[],2,[],2019-01-20 23:23:55,0.0,0,0,6476914,2019-01-20 23:23:55,,0.0,0.0,0,,0.0,0.0,0.0,100
1,[],4,[],2019-05-31 02:00:32,207220.54670453,0.00001636,0.0000000013703348679999999,7715056,2019-05-31 02:00:32,btc,7.215997705516241,0.0,0.00001636,btc,152904.47938654,0.4615428,0.3010682279328212,100
1,[],22,[],2019-05-31 02:00:36,150000.0,0.00000002,0.0000000000016752259999999998,7715057,2019-05-31 02:00:36,BTC,24.83526409,0.0,0.00000002,BTC,11187.719,0.0,0.0017,101
1,[],4,[],2019-05-31 02:00:37,553447.8027075,0.00000152,0.00000000012731717599999998,7715058,2019-05-31 02:00:37,btc,363.0233825126096,0.0,0.00000152,btc,585305.64694625,0.06613239,0.1876449399608554,103
1,[],12,[],2019-05-31 02:00:39,145123732.0,0.000000004,0.0000000000003350452,7715059,2019-05-31 02:00:39,btc,2404.274100757278,0.0,0.000000004,btc,66733613.44954333,0.06172039445,0.171912816,105
0,[],27,[],2019-05-31 02:00:45,0.0,0,0,7715060,2019-05-31 02:00:45,,0.29104924,1947063.60347933,0,btc,506725.0,0.07788254,0.0,105
1,[],22,[],2019-04-21 00:17:26,21333.0,0.00000001,0.000000000000532493,7385819,2019-04-21 00:17:26,BTC,51.38182867,0.0,0.00000001,BTC,470435.0,0.0,0.00021333,107
1,[],26,[],2019-04-21 00:17:26,0.0,0.00000000,0,7385820,2019-04-21 00:17:26,btc,0.0,0.0,0.00000000,btc,0.0,0.0,0.0,107
1,[],5,[],2019-05-31 02:00:46,0.0,0,0,7715061,2019-05-31 02:00:46,btc,0.0,0.0,0,btc,0.0,0.0,0.0,112
0,[],22,[],2019-05-31 02:00:50,0.0,0,0,7715062,2019-05-31 02:00:50,,6.79500102,0.0,0,,3375892.0833333335,0.0,0.0,112
1,[],27,[],2019-05-31 02:00:58,1.0,0.00000001,0.0000000000008376129999999999,7715063,2019-05-31 02:00:58,btc,1.15032588,0.0,0.00000001,"btc,eth",1818.0,0.0,1e-08,112
1,[],4,[],2019-05-31 02:00:58,270016.3652537,0.00000086,0.00000000007203471799999999,7715064,2019-05-31 02:00:58,btc,5.584144944532044,0.0,0.00000086,btc,639794.30264739,0.05452422,0.1660939698535073,113
1,[],5,[],2019-05-31 02:01:00,0.0,0,0,7715065,2019-05-31 02:01:00,btc,0.0,0.0,0,btc,0.0,0.0,0.0,113
1,[],17,[],2019-04-26 02:17:47,162738.278,0.00000004,0.0000000000021069000000000002,7461287,2019-04-26 02:17:47,btc,1.3331140273775473,0.0,0.00000004,btc,51796.221,0.0,0.00230953112,116
1,[],27,[],2019-05-22 05:13:01,210000.0,0.00000001,0.00000000000079145,7666372,2019-05-22 05:13:01,btc,3919.0005001478,0.0,0.00000001,btc,128660.871,0.0,0.0021,116
1,[],4,[],2019-05-21 22:31:11,138169.03963019,0.00000701,0.000000000558364025,7664793,2019-05-21 22:31:11,btc,150.95388250938234,0.0,0.00000701,btc,344631.17141974,0.07552974,0.4288357684941946,120
1,[],7,[],2019-05-21 22:31:12,3901.07750076,0.000010679999999999999389654892212320191902108490467071533203125,0.0000000008506887,7664794,2019-05-21 22:31:12,btc,231188.94669936574,0.0,0.000010679999999999999389654892212320191902108490467071533203125,btc,4133.83151364,0.0,0.0113888422364489,120
1,[],20,[],2019-04-07 18:42:29,1914137.0852,0.000000035,0.0000000000017871910000000002,7211992,2019-04-07 18:42:29,btc,32.2497668025648,25528.85,0.000000035,btc,1001975.4986,0.00089350975,0.0152723574729,125
1,[],22,[],2019-05-31 02:01:04,10000.0,0.00000001,0.0000000000008376129999999999,7715066,2019-05-31 02:01:04,BTC,0.032061,0.0,0.00000001,BTC,299316.7611111111,0.0,0.0001,126
0,[],2,[],2019-01-20 23:25:46,0.0,0,0,6476969,2019-01-20 23:25:46,,0.0,0.0,0,,0.0,0.0,0.0,131
1,[],17,[],2019-05-03 01:13:10,10000.0,0.00000001,0.000000000000548003,7559115,2019-05-03 01:13:10,btc,0.0953976503951408,0.0,0.00000001,btc,5037.62507334,0.0,0.0001,131
1,[],4,[],2019-05-31 02:01:04,396013.09556727,0.00000875,0.0000000007329113749999999,7715067,2019-05-31 02:01:04,btc,5.404150936631543,0.0,0.00000875,btc,161075.33799037,0.81225317,1.2811877902065523,131
1,[],4,[],2019-05-31 02:03:05,4900.8282068,0.00007919,0.000000006633057346999999,7715068,2019-05-31 02:03:05,btc,5.031251614690753,0.0,0.00007919,btc,202.13055914,0.0,0.007483841009548,135
1,[],3,[],2019-05-31 02:03:06,596452.22392675,0.00000001,0.0000000000008376129999999999,7715069,2019-05-31 02:03:06,btc,0.2228419314702679,1605354.79937,0.00000001,btc,1910497.4316845,0.0,0.005964522239267501,136
1,[],4,[],2019-05-31 02:03:07,1981396.84142001,0.00000183,0.000000000153283179,7715070,2019-05-31 02:03:07,btc,108.9361566059602,0.0,0.00000183,btc,521200.62717511,0.03978568,0.3426818784648477,137
1,[],12,[],2019-05-31 02:03:09,88953.69404098,0.00000190999999999999992415680542812150832787665422074496746063232421875,0.00000000015998408299999998,7715071,2019-05-31 02:03:09,btc,57.84148984341059,0.0,0.00000190999999999999992415680542812150832787665422074496746063232421875,btc,50528.24707866,0.002063954653,0.019075379999881698,137
1,[],4,[],2019-05-31 02:03:10,104979.84057948,0.00001982,0.0000000016601489659999999,7715072,2019-05-31 02:03:10,btc,8.464637351048921,0.0,0.00001982,btc,113472.80982565,0.90871201,0.9569497951939727,142
1,[],5,[],2019-05-31 02:03:11,0.0,0,0,7715073,2019-05-31 02:03:11,btc,0.0,0.00762069,0,btc,0.0,0.0,0.0,142
1,[],20,[],2019-05-31 02:05:13,209054.7902,0.000015,0.0000000012564195,7715074,2019-05-31 02:05:13,btc,1.6087461698673,0.0,0.000015,btc,9872.8163,0.0,0.0187995666819,142
1,[],22,[],2019-05-31 02:05:16,11028.645,0.00001000,0.0000000008376129999999999,7715075,2019-05-31 02:05:16,BTC,3.2754788,0.0,0.00001000,BTC,1133.9993657797618,0.0,0.00745365,142
0.0,[],25,[],2019-05-31 02:05:18,0.0,0,0,7715076,2019-05-31 02:05:18,,0.0,0.0,0.0,btc,0.0,0.0,0.0,142
0,[],28,[],2019-05-31 02:06:08,0.0,0,0,7715077,2019-05-31 02:06:08,,0.0,0.0,0,,0.0,0.0,0.0,142
1,[],17,[],2019-05-03 01:13:16,32967.38636364,0.00000088,0.000000000048224264,7559122,2019-05-03 01:13:16,btc,20.06976206696776,0.0,0.00000088,btc,2746.079105,0.0,0.0105613000000032,142
0,[],22,[],2019-05-31 02:06:10,0.0,0,0,7715078,2019-05-31 02:06:10,,64.98618676,0.0,0,,787024755.3,0.0,0.0,143
0,[],22,[],2019-02-25 15:42:22,0.0,0,0,6783783,2019-02-25 15:42:22,,4.2131946,0.0,0,,2322156.0,0.0,0.0,146
,[],22,[],2018-11-20 23:01:11,0.0,0,0,4862114,2018-11-20 23:01:11,,2.56807021,0.0,,,61828.4988236,0.0,0.0,147
1,[],12,[],2019-04-21 06:38:04,193091.5971266,0.00000071,0.000000000037635183,7388679,2019-04-21 06:38:04,btc,2.301232411611175,0.0,0.00000071,btc,9957.48302385,0.00023528,0.0313308199999888,148
1,[],4,[],2019-03-19 21:31:25,255810.0415942,0.00000029,0.000000000011615747,6982695,2019-03-19 21:31:25,btc,218.94922712414143,0.0,0.00000029,btc,793529.37642722,0.00117,0.0608347789473395,152
0,[],22,[],2019-03-19 21:31:27,0.0,0,0,6982696,2019-03-19 21:31:27,,0.0,0.0,0,,0.0,0.0,0.0,152
1,[],5,[],2019-04-26 09:36:59,0.0,0,0,7465040,2019-04-26 09:36:59,btc,0.0,0.0,0,btc,0.0,0.0,0.0,153
,[],16,[],2019-01-11 15:38:59,0.0,0,0,6366141,2019-01-11 15:38:59,btc,0.0,0.0,,btc,0.0,0.0,0.0,155
0,[],22,[],2019-05-31 02:06:15,0.0,0,0,7715079,2019-05-31 02:06:15,,7.44455324,0.0,0,,5955762.942592593,0.0,0.0,156
0,[],23,[],2019-01-20 23:24:29,0.0,0,0,6476932,2019-01-20 23:24:29,,0.0,0.0,0,,0.0,0.0,0.0,156
1,[],22,[],2019-05-31 02:06:21,6996.0,0.00000001,0.0000000000008376129999999999,7715080,2019-05-31 02:06:21,BTC,1.7543039,0.0,0.00000001,BTC,57.0,0.0,6.996e-05,157
0,[],22,[],2019-05-21 23:40:32,0.0,0,0,7665049,2019-05-21 23:40:32,,50234.60468402,0.0,0,,54786159.03179465,0.0,0.0,158
,[],17,[],2018-11-20 22:56:10,0.0,0,0,4861976,2018-11-20 22:56:10,btc,1.1265625,0.0,,btc,1000.0,0.0,0.0,159
,[],20,[],2018-11-20 22:56:12,0.0,0,0,4861977,2018-11-20 22:56:12,btc,11912.7940471,0.0,,btc,34413894.3617,0.0,0.0,159
1,[],12,[],2019-05-24 02:51:20,9178.522006449999,0.00000191999999999999982841307998027158276954651228152215480804443359375,0.000000000151222656,7676256,2019-05-24 02:51:20,btc,149.80414728631675,0.0,0.00000191999999999999982841307998027158276954651228152215480804443359375,btc,1115.7451448499999,0.01783167678326,0.0120075778999181,168
1,[],17,[],2019-05-03 01:13:36,42852.0,0.00000002,0.000000000001096006,7559132,2019-05-03 01:13:36,btc,0.04279856251542,0.0,0.00000002,btc,274.46171372,0.0,0.00052852,168
1,[],22,[],2019-05-17 03:01:52,10.0,0.00000001,0.000000000000778341,7642059,2019-05-17 03:01:52,BTC,41.95893009,0.0,0.00000001,BTC,1753972.7737547632,0.0,1e-07,169
1,[],22,[],2019-05-30 08:38:18,202834.0,0.00000002,0.0000000000017416160000000001,7711049,2019-05-30 08:38:18,BTC,27.87002826,0.0,0.00000002,BTC,462189.5410507793,0.0,0.00211768,171
1,[],22,[],2019-05-29 08:05:18,349870.0,0.00000002,0.000000000001705894,7705265,2019-05-29 08:05:18,BTC,24.05907723,0.0,0.00000002,"BTC,LTC",1224285.4355616204,0.0,0.0039847,173
1,[],5,[],2019-05-31 02:06:24,0.0,0,0,7715081,2019-05-31 02:06:24,btc,0.0,0.1079783,0,btc,0.0,0.0,0.0,175
1,[],22,[],2019-05-31 02:06:27,90671.0,0.00000001,0.0000000000008376129999999999,7715082,2019-05-31 02:06:27,BTC,394.35459412,0.0,0.00000001,BTC,136275.61833431243,0.0,0.00090671,176
1,[],7,[],2019-05-31 02:06:29,0.0,0,0,7715083,2019-05-31 02:06:29,btc,522274.2986816159,435055.944056,0,btc,22652631.57593333,0.00435056,0.0,178
0,[],22,[],2019-05-31 02:06:32,0.0,0,0,7715084,2019-05-31 02:06:32,,1.00242428,0.0,0,,57512.0,0.0,0.0,178
0,[],2,[],2019-01-20 23:28:34,0.0,0,0,6477001,2019-01-20 23:28:34,,0.0,0.0,0,,0.0,0.0,0.0,178
1,[],5,[],2019-05-31 02:06:33,0.0,0,0,7715085,2019-05-31 02:06:33,btc,0.0,0.04633653,0,btc,0.0,0.0,0.0,179
0,[],22,[],2019-05-31 02:06:35,0.0,0,0,7715086,2019-05-31 02:06:35,,5.31522813,0.0,0,,13498409.311946675,0.0,0.0,179
0,[],23,[],2019-01-20 23:25:08,0.0,0,0,6476952,2019-01-20 23:25:08,,0.0,0.0,0,,0.0,0.0,0.0,179
1,[],22,[],2019-05-31 02:08:40,680766.2839456068,0.00000106,0.000000000088786978,7715087,2019-05-31 02:08:40,BTC,39.13453869,0.0,0.00000106,"BTC,LTC",104539.91416016164,0.10931911,0.57981321,180
1,[],26,[],2019-05-31 02:08:40,0.0,0.00000010,0.00000000000837613,7715088,2019-05-31 02:08:40,btc,0.0,0.0,0.00000010,btc,0.0,0.0,0.0,180
1,[],17,[],2019-05-03 01:13:56,20504.725000000002,0.0000001,0.00000000000548003,7559141,2019-05-03 01:13:56,btc,5.2010695838400265,0.0,0.0000001,btc,5033.45945,0.0,0.0011504725,180
,[],7,[],2018-11-20 22:58:01,562227.975654,0.00000085,0.000000000036176765,4862015,2018-11-20 22:58:01,btc,21836.6059674,2491.87645172,,btc,749999.041456,0.00211021,0.127565380455,183
,[],5,[],2019-01-10 08:11:41,0.0,0,0,6347036,2019-01-10 08:11:41,btc,82.15055501,0.00261,,btc,1.19002445,0.0,0.0,187
,[],17,[],2018-11-16 20:58:10,4062536.27273,0.00000001,0.000000000000550501,4708775,2018-11-16 20:58:10,btc,3.36492563466,0.195460381006,,"btc,eth",110697919.549,0.0,0.0157628953496,187
1,[],24,[],2019-05-22 21:04:52,0.0,0.000000000014,0.0000000000000010960978,7670219,2019-05-22 21:04:52,btc,0.0,0.0,0.000000000014,btc,0.0,0.0,0.0,187
0,[],22,[],2019-04-25 02:54:07,0.0,0,0,7447896,2019-04-25 02:54:07,,7.54794454,0.0,0,,76361.7243344055,0.0,0.0,191
0,[],22,[],2019-05-31 02:08:45,0.0,0,0,7715089,2019-05-31 02:08:45,,0.0,0.0,0,,0.0,0.0,0.0,197
0,[],22,[],2019-05-31 02:08:48,0.0,0,0,7715090,2019-05-31 02:08:48,,10.93271999,0.0,0,,99750037.0,0.0,0.0,199
1,[],26,[],2019-05-31 02:08:48,0.0,0.00000000,0,7715091,2019-05-31 02:08:48,btc,0.0,0.0,0.00000000,btc,0.0,0.0,0.0,199
0,[],23,[],2019-01-20 23:31:41,0.0,0,0,6477079,2019-01-20 23:31:41,,0.0,0.0,0,,0.0,0.0,0.0,199
0,[],2,[],2019-01-20 23:30:49,0.0,0,0,6477059,2019-01-20 23:30:49,,0.0,0.0,0,,0.0,0.0,0.0,201
1,[],4,[],2019-01-25 15:51:35,2084389.58565343,0.00000936,0.000000000333526752,6499557,2019-01-25 15:51:35,btc,2.0092503037378524,0.0,0.00000936,btc,160195.80207885,0.19272417,1.242687955921835,211
1,[],7,[],2019-05-31 02:08:52,1195544950.6197963,0.00000064,0.000000000053607231999999995,7715092,2019-05-31 02:08:52,btc,15201837.788623437,579216.074004,0.00000064,btc,8424296.69300665,0.0,13.582208269111034,212
1,[],12,[],2019-01-25 02:44:32,207462.42853209,0.000001080000000000000035831255497387193287295303889550268650054931640625,0.000000000038610756000000006,6493050,2019-01-25 02:44:32,btc,85023.03793723314,0.0,0.000001080000000000000035831255497387193287295303889550268650054931640625,btc,43675.73520027,0.000146250909087,0.0348620860622024,213
1,[],5,[],2019-05-30 00:07:46,0.0,0,0,7709357,2019-05-30 00:07:46,btc,0.0,0.06425239,0,btc,0.0,0.0,0.0,213
1,[],24,[],2019-05-30 00:07:46,0.0,0.000000399202,0.0000000000344859829346,7709358,2019-05-30 00:07:46,btc,0.0,0.0,0.000000399202,btc,0.0,0.0,0.0,213
1,[],26,[],2019-05-30 00:07:47,0.0,0.00000040,0.000000000034554919999999996,7709359,2019-05-30 00:07:47,btc,0.0,0.0,0.00000040,btc,0.0,0.0,0.0,213
0,[],22,[],2019-05-31 02:08:56,0.0,0,0,7715093,2019-05-31 02:08:56,,9.61445386,0.0,0,,3661587.094064925,0.0,0.0,216
1,[],27,[],2019-05-31 02:09:04,196550.0,0.00000001,0.0000000000008376129999999999,7715094,2019-05-31 02:09:04,btc,75.62743967917751,750.0,0.00000001,"btc,ltc",387835.407688,7.5e-06,0.0019655,216
1,[],22,[],2019-05-31 02:09:09,719126.8260869565,0.00000027,0.000000000022615551,7715095,2019-05-31 02:09:09,BTC,12056.48903718,0.0,0.00000027,BTC,531780.7643343819,0.0,0.0536532,217
1,[],7,[],2019-05-31 02:09:10,0.0,0,0,7715096,2019-05-31 02:09:10,btc,1234864.1040716618,0.0,0,btc,164001712.13147992,0.0,0.0,219
0,[],27,[],2019-05-31 02:09:18,0.0,0,0,7715097,2019-05-31 02:09:18,,250.3938844617132,172494.881394,0,btc,15763217.24381025,0.00172495,0.0,219
0,[],28,[],2019-05-31 02:10:07,0.0,0,0,7715098,2019-05-31 02:10:07,,0.0,1418604.0,0,,0.0,0.0,0.0,219
1,[],22,[],2019-05-23 16:41:05,172069.0,0.00000004,0.0000000000031167080000000004,7674065,2019-05-23 16:41:05,BTC,56.76466137,0.0,0.00000004,BTC,127061.6482738741,0.0,0.00393676,221
1,[],24,[],2019-05-23 16:41:05,0.0,0.000000010000,0.0000000000007791770000000001,7674066,2019-05-23 16:41:05,btc,0.0,0.0,0.000000010000,btc,0.0,0.0,0.0,221
1,[],20,[],2019-05-31 02:10:11,3754566.0,0.000000001,0.0000000000000837613,7715099,2019-05-31 02:10:11,btc,100053.66140760164,2071295.225,0.000000001,btc,47774512.1499,0.00414259045,0.003754566,224
0,[],22,[],2019-05-31 02:10:14,0.0,0,0,7715100,2019-05-31 02:10:14,,0.0,0.0,0,,0.0,0.0,0.0,224
1,[],26,[],2019-05-31 02:10:14,0.0,0.00000025,0.000000000020940324999999998,7715101,2019-05-31 02:10:14,btc,0.0,0.0,0.00000025,btc,0.0,0.0,0.0,231
1,[],26,[],2019-05-31 02:10:14,0.0,0.00000006,0.000000000005025678,7715102,2019-05-31 02:10:14,btc,0.0,0.0,0.00000006,btc,0.0,0.0,0.0,234
0.0000000003088183,[],27,[],2019-05-31 02:10:41,100.0,3.088183e-18,2.5867022271789998e-22,7715103,2019-05-31 02:10:41,eth,0.01134836604,0.0,0.00000001,"btc,eth",11462.996,0.0,3.088183e-16,234
1,[],4,[],2019-05-22 17:06:12,91780.56053785,0.00000078,0.000000000061977552,7669277,2019-05-22 17:06:12,btc,5.573372450018177,0.0,0.00000078,btc,729173.93529783,0.0,0.0307060663355679,236
1,[],24,[],2019-05-22 17:06:12,0.0,0.000000010000,0.000000000000794584,7669278,2019-05-22 17:06:12,btc,0.0,0.0,0.000000010000,btc,0.0,0.0,0.0,236
1,[],5,[],2019-05-31 02:10:42,0.0,0,0,7715104,2019-05-31 02:10:42,btc,0.0,0.04923211,0,btc,0.0,0.0,0.0,237
1,[],20,[],2019-05-31 02:10:44,120858385.7993,0.000000042,0.0000000000035179745999999996,7715105,2019-05-31 02:10:44,btc,58795.75238390094,5567557.0199,0.000000042,btc,43339880.5008,0.2377310846656,0.5041529584557,237
1,[],22,[],2019-05-31 02:10:48,288100.0,0.00000003,0.000000000002512839,7715106,2019-05-31 02:10:48,BTC,1.20267422,0.0,0.00000003,"BTC,LTC",17930.94871794872,0.0,0.007541,237
1,[],4,[],2019-05-31 02:10:49,27214178.23926022,0.00000012,0.000000000010051356,7715107,2019-05-31 02:10:49,btc,2.8322254226088712,0.0,0.00000012,btc,8694632.60779915,0.11566804,0.5958633298713921,238
1,[],5,[],2019-05-31 02:10:51,0.0,0,0,7715108,2019-05-31 02:10:51,btc,0.0,0.0116567,0,btc,0.0,0.0,0.0,238
0,[],22,[],2019-03-12 16:49:32,0.0,0,0,6914458,2019-03-12 16:49:32,,0.40415746,0.0,0,,526736.5639027493,0.0,0.0,249
0,[],22,[],2019-05-28 23:53:45,0.0,0,0,7703643,2019-05-28 23:53:45,,13.44714864,0.0,0,,43777534.3426455,0.0,0.0,252
0,[],28,[],2019-05-31 02:11:52,0.0,0,0,7715109,2019-05-31 02:11:52,,0.0,334254.0,0,,0.0,0.0,0.0,256
1,[],22,[],2019-05-31 02:11:55,1039166.0,0.00000001,0.0000000000008376129999999999,7715110,2019-05-31 02:11:55,BTC,31464.5507198,0.0,0.00000001,BTC,589276.6675322719,7.7e-07,0.01039166,258
1,[],22,[],2019-05-19 18:12:02,400.0,0.00000001,0.0000000000007957800000000001,7653905,2019-05-19 18:12:02,BTC,2.415167,0.0,0.00000001,BTC,157.0,0.0,4e-06,259
1,[],5,[],2019-05-31 02:11:57,0.0,0,0,7715111,2019-05-31 02:11:57,btc,0.0,0.06653586,0,btc,0.0,0.0,0.0,264
1,[],20,[],2019-05-31 02:11:59,970214.1568,0.000000398,0.000000000033336997399999997,7715112,2019-05-31 02:11:59,btc,0.9761699458021,91059.6281,0.000000398,btc,51736.5911,0.051417380537,0.0136571181708,264
0,[],22,[],2019-04-12 17:57:27,0.0,0,0,7278186,2019-04-12 17:57:27,,66.37522201,0.0,0,,677842.4169881374,0.0,0.0,271
0,[],22,[],2019-05-29 08:10:20,0.0,0,0,7705301,2019-05-29 08:10:20,,33050470.74998113,0.0,0,,14361377780.7,0.0,0.0,272
0,[],28,[],2019-05-29 08:10:54,0.0,0,0,7705302,2019-05-29 08:10:54,,0.0,22189957216.5758,0,,0.0,0.0,0.0,272
1,[],22,[],2019-05-23 07:12:29,219930.0,0.00000004,0.000000000003048688,7671985,2019-05-23 07:12:29,BTC,426.77835217,0.0,0.00000004,BTC,248664.3325962929,0.0,0.00739728,281
1,[],22,[],2019-05-31 02:12:03,384799.68333333335,0.00000004,0.0000000000033504519999999997,7715113,2019-05-31 02:12:03,BTC,31.67258955,0.0,0.00000004,"BTC,LTC",1503653.6569583754,0.00107682,0.01613556,286
0,[],22,[],2019-05-31 02:12:06,0.0,0,0,7715114,2019-05-31 02:12:06,,7337904.96568486,0.0,0,,2004620112.6797826,0.0,0.0,294
