pairValue,buyBook,exchangeId,sellBook,updated,buyTotal,satoshiPrice,usdPrice,exchangeLogId,created,bestPair,sellTotalBtc,volume,pairPrice,activePairs,sellTotal,volumeBtc,buyTotalBtc,coinId
1,[],3,[],2019-03-05 16:04:25,30534.588341029787,0.0126115800000000007063949425401006010361015796661376953125,0.000000483498970566,6850989,2019-03-05 16:04:25,btc,61.065371762385546,0.032596862745,0.0126115800000000007063949425401006010361015796661376953125,btc,21.660068993169002,0.0,0.2396909183426588,1
1,[],4,[],2019-03-05 16:04:26,207894.2162007,0.01268000,0.000000486122036,6850990,2019-03-05 16:04:26,btc,9.500966184263458,0.0,0.01268000,btc,280.67795243,0.51769987,2.8726652477364283,1
1,[],5,[],2019-03-05 16:04:29,0.0,0,0,6850991,2019-03-05 16:04:29,btc,0.0,0.04488485,0,btc,0.0,0.0,0.0,1
1,[],10,[],2019-03-05 16:04:33,414575.27630955,0.01133266,0.000000434468119282,6850992,2019-03-05 16:04:33,btc,6522.15978035506,2549.47992219,0.01133266,btc,1088.0075142,0.0,5.232723831375226,1
1,[],12,[],2019-03-05 16:04:36,10496.66098473,0.01267000000000000070610184366159955970942974090576171875,0.000000485738659,6850993,2019-03-05 16:04:36,btc,0.4873366680431,0.0,0.01267000000000000070610184366159955970942974090576171875,btc,29.21528383,0.5578469274394,0.4398805054591,1
1,[],20,[],2019-03-05 16:04:38,1152.5477,0.010500228,0.00000040255459099560003,6850994,2019-03-05 16:04:38,btc,0.0568087248096,0.4558,0.010500228,btc,2.6341,0.005697493646,0.1056010875343,1
1,[],21,[],2019-03-05 16:04:39,2012.15848458,0.01272219999999999948125939397,0.00000048773988694,6850995,2019-03-05 16:04:39,btc,16.51588374525568,3155.07922765,0.0127221999999999994812593939741418580524623394012451171875,"btc,eth",1825.56564716,32.95740252972335,21.04203258657873,1
1,[],22,[],2019-03-05 16:04:43,0.006382215384615385,0.01300000,0.0000004983901,6850996,2019-03-05 16:04:43,BTC,0.31439419,0.0,0.01300000,BTC,0.12751438772928525,0.0,7.978e-05,1
1,[],24,[],2019-03-05 16:04:44,0.0,0.000000000000,0,6850997,2019-03-05 16:04:44,btc,0.0,0.0,0.000000000000,btc,0.0,0.0,0.0,1
0.0,[],25,[],2019-03-05 16:04:45,0.0,0,0,6850998,2019-03-05 16:04:45,btc,34.17749999812863,4602.78213936,0.0,btc,2633.8114344,58.9576,0.0,1
1,[],26,[],2019-03-05 16:04:54,0.0,0,0,6850999,2019-03-05 16:04:54,,0.0,0.0,0,,0.0,0.0,0.0,1
1,[],28,[],2019-03-05 16:05:00,993.142,0.01323000,0.000000507207771,6851000,2019-03-05 16:05:00,btc,0.162839806,17838.0,0.01323000,btc,8.9,0.0,0.089302756,1
0,[],2,[],2019-01-20 23:28:45,0.0,0,0,6477011,2019-01-20 23:28:45,,0.0,0.0,0,,0.0,0.0,0.0,1
1,[],5,[],2019-03-05 15:26:24,0.0,0,0,6850825,2019-03-05 15:26:24,btc,0.0,0.00390482,0,btc,0.0,0.0,0.0,2
0.0000000001256793,[],22,[],2019-03-05 15:26:27,1148.0,1.3824723e-16,5.311513875492e-21,6850826,2019-03-05 15:26:27,XMR,21.01373823,0.0,0.00000110,XMR,14319.12581,0.0,0.00087635,2
1,[],5,[],2019-03-05 16:05:02,0.0,0,0,6851001,2019-03-05 16:05:02,btc,0.0,0.8741824,0,btc,0.0,0.0,0.0,3
1,[],12,[],2019-03-05 16:05:03,13495303.95557,0.00000018,0.000000000006900786,6851002,2019-03-05 16:05:03,btc,924384.5224913884,0.0,0.00000018,btc,7824816.42734192,0.11166648168325909,0.74809175559129,3
0,[],28,[],2019-03-05 16:05:16,0.0,0,0,6851003,2019-03-05 16:05:16,,0.0,0.0,0,,0.0,0.0,0.0,3
1,[],4,[],2019-03-05 15:26:33,374484.2800251,0.00000032,0.000000000012294528,6850830,2019-03-05 15:26:33,btc,32.16957200957932,0.0,0.00000032,btc,710412.77475616,0.00169947,0.0470034272541268,4
0,[],2,[],2019-01-20 23:31:32,0.0,0,0,6477077,2019-01-20 23:31:32,,0.0,0.0,0,,0.0,0.0,0.0,4
1,[],12,[],2019-03-05 15:26:34,1354682.35333333,0.00000003,0.0000000000011526119999999998,6850831,2019-03-05 15:26:34,btc,11013925.647301514,0.0,0.00000003,btc,1490734.32371984,8.205e-05,0.0209331603999999,5
1,[],11,[],2019-03-05 15:26:36,5580884.5,0.00000002,0.000000000000768408,6850832,2019-03-05 15:26:36,btc,9568.181960782815,133333.333333,0.00000002,btc,41670298.74119657,0.0,0.079092525,6
0,[],2,[],2019-01-20 23:31:51,0.0,0,0,6477087,2019-01-20 23:31:51,,0.0,0.0,0,,0.0,0.0,0.0,6
1,[],3,[],2019-03-05 16:05:17,1083.837271382546,0.00015127000000000000688726853326215859851799905300140380859375,0.000000005799343879,6851004,2019-03-05 16:05:17,btc,28.402034233092024,0.0,0.00015127000000000000688726853326215859851799905300140380859375,btc,243.122414578101,0.0,0.03368765121611187,7
1,[],4,[],2019-03-05 16:05:18,102684.30463077,0.00025567,0.000000009801799759,6851005,2019-03-05 16:05:18,btc,21.606262629030333,0.0,0.00025567,btc,56070.78063647,7.51417167,7.554661027666238,7
1,[],5,[],2019-03-05 16:05:20,0.0,0,0,6851006,2019-03-05 16:05:20,btc,0.0,1.54830336,0,btc,0.0,0.0,0.0,7
1,[],20,[],2019-02-20 02:16:17,39399275.8418,0.000000001,0.0000000000000390183,6728586,2019-02-20 02:16:17,btc,116.9737569154545,525.0,0.000000001,btc,56932965.8895,5.25e-07,0.0393992758418,8
1,[],4,[],2019-03-05 15:26:44,1155940.89523009,0.00000160,0.00000000006147264,6850836,2019-03-05 15:26:44,btc,5.66086811125386,0.0,0.00000160,btc,2653586.83867656,1.05597229,1.008004279176986,9
1,[],28,[],2019-03-05 15:26:46,38763.15,0.00000166,0.000000000063777864,6850837,2019-03-05 15:26:46,btc,2708.761281370583,3545721.34,0.00000166,btc,11954.1497,0.0,0.035616829,9
0,[],2,[],2019-01-20 23:22:42,0.0,0,0,6476876,2019-01-20 23:22:42,,0.0,0.0,0,,0.0,0.0,0.0,9
0,[],23,[],2019-01-20 23:22:48,0.0,0,0,6476878,2019-01-20 23:22:48,,0.0,0.0,0,,0.0,0.0,0.0,9
1,[],1,[],2019-02-17 23:31:42,1822507.21,0.00000181000000000000003456111265232042484285557293333113193511962890625,0.000000000066086901,6701244,2019-02-17 23:31:42,btc,3.6990969245,17153386.5,0.00000181000000000000003456111265232042484285557293333113193511962890625,btc,1997391.71,31.11772986,3.2610482446,9
1,[],4,[],2019-02-17 11:22:43,4341674.27126056,0.00000002,0.0000000000007272960000000001,6696112,2019-02-17 11:22:43,btc,0.1997230937751353,0.0,0.00000002,btc,4109766.79808031,0.00215132,0.0479381022052112,10
0,[],2,[],2019-01-20 23:23:08,0.0,0,0,6476890,2019-01-20 23:23:08,,0.0,0.0,0,,0.0,0.0,0.0,12
1,[],4,[],2019-03-05 16:05:21,6681911.03877027,0.00000122,0.000000000046771994,6851007,2019-03-05 16:05:21,btc,10.332668975464422,0.0,0.00000122,btc,5475959.48221707,3.30137063,4.22386394383419,12
1,[],5,[],2019-03-05 16:05:22,0.0,0,0,6851008,2019-03-05 16:05:22,btc,0.0,0.35493177,0,btc,0.0,0.0,0.0,12
0.0,[],25,[],2019-03-05 16:05:23,0.0,0,0,6851009,2019-03-05 16:05:23,,0.0,0.0,0.0,btc,0.0,0.0,0.0,12
1,[],4,[],2019-03-05 15:26:51,31999376.55401612,0.00000566,0.000000000217459464,6850841,2019-03-05 15:26:51,btc,3.1150728795732934,0.0,0.00000566,btc,428277.33034045,0.42488157,1.0991605347606164,13
1,[],10,[],2019-03-05 15:26:53,417438.59163783,0.00000547,0.000000000210159588,6850842,2019-03-05 15:26:53,btc,666802.4990749116,13600.0334875,0.00000547,btc,730209.06856507,0.0,0.2433372976337959,13
1,[],21,[],2019-03-05 15:26:55,995139.97184332,0.000006059999999999999577542791895,0.00000000023282762399999998,6850843,2019-03-05 15:26:55,btc,5.4608757932747825,1575279.47998448,0.0000060599999999999995775427918953681682978640310466289520263671875,btc,797374.52471434,9.23493519,5.359596856225119,13
0,[],17,[],2019-03-05 15:27:09,0.0,0,0,6850846,2019-03-05 15:27:09,btc,0.0,0.0,0,btc,0.0,0.0,0.0,14
1,[],4,[],2019-03-05 16:05:24,755976.4815659,0.00000156,0.000000000059806812,6851010,2019-03-05 16:05:24,btc,23.204312211721877,0.0,0.00000156,btc,905140.32006899,0.05024805,0.218459115355658,14
1,[],12,[],2019-03-05 16:05:25,213668.69615935,0.000001359999999999999896105784720490294859018831630237400531768798828125,0.000000000052139271999999994,6851011,2019-03-05 16:05:25,btc,5.291273084472009,0.0,0.000001359999999999999896105784720490294859018831630237400531768798828125,btc,31237.09622013,0.0,0.022802519999856,14
1,[],26,[],2019-03-05 16:05:36,0.0,0.00000050,0.000000000019168850000000002,6851012,2019-03-05 16:05:36,btc,0.0,0.0,0.00000050,btc,0.0,0.0,0.0,14
0,[],4,[],2019-03-05 15:27:10,0.0,0,0,6850848,2019-03-05 15:27:10,,0.0,0.0,0,,0.0,0.0,0.0,15
,[],12,[],2018-12-01 15:15:48,204241.84496,0.00000489,0.000000000202473384,5260204,2018-12-01 15:15:48,btc,49.5475654835,0.0,,btc,35763.2193806,0.0163153972027625,0.0203389899998,15
0,[],17,[],2019-03-05 15:17:42,0.0,0,0,6850658,2019-03-05 15:17:42,btc,0.0,0.0,0,btc,0.0,0.0,0.0,18
0,[],2,[],2019-01-20 23:23:38,0.0,0,0,6476906,2019-01-20 23:23:38,,0.0,0.0,0,,0.0,0.0,0.0,18
1,[],4,[],2019-03-05 16:05:37,24419.57280836,0.00001759,0.000000000674360143,6851013,2019-03-05 16:05:37,btc,1.3594596348294758,0.0,0.00001759,btc,15863.00554555,0.02331968,0.0560435591882706,18
1,[],10,[],2019-03-05 16:05:39,785637.0925802,0.00001733,0.0000000006643923409999999,6851014,2019-03-05 16:05:39,btc,15.382774298405973,1649.78743282,0.00001733,btc,13084.20887395,0.0,0.16911605654531,18
1,[],12,[],2019-03-05 16:05:41,193492.99829137,0.00001720000000000000133924989154099449706336599774658679962158203125,0.0000000006594084400000001,6851015,2019-03-05 16:05:41,btc,23.629653267679277,0.0,0.00001720000000000000133924989154099449706336599774658679962158203125,btc,1822.82053139,0.0120537142670654,0.0423502099662898,18
0,[],2,[],2019-01-20 23:24:19,0.0,0,0,6476924,2019-01-20 23:24:19,,0.0,0.0,0,,0.0,0.0,0.0,19
1,[],3,[],2019-03-05 16:05:53,118692.39659654385,0.000020100000000000000678623823802126935333944857120513916015625,0.00000000077058777,6851016,2019-03-05 16:05:53,btc,0.5483373544727321,2.67636803919,0.000020100000000000000678623823802126935333944857120513916015625,btc,9920.83263074671,0.0,0.03703881476364723,19
1,[],4,[],2019-03-05 16:05:54,427640.3597827,0.00001907,0.000000000731099939,6851017,2019-03-05 16:05:54,btc,2.0243507114710546,0.0,0.00001907,btc,71329.62907542,0.42906353,2.6454474258693006,19
1,[],5,[],2019-03-05 16:05:56,0.0,0,0,6851018,2019-03-05 16:05:56,btc,0.0,0.00548902,0,btc,0.0,0.0,0.0,19
1,[],12,[],2019-03-05 16:05:57,135566.75145855,0.00001838000000000000020588565574630735000027925707399845123291015625,0.000000000704646926,6851019,2019-03-05 16:05:57,btc,0.1116263730862832,0.0,0.00001838000000000000020588565574630735000027925707399845123291015625,btc,417.56200924,0.0001837,0.1260802799998702,19
0,[],27,[],2019-03-05 16:05:59,0.0,0,0,6851020,2019-03-05 16:05:59,,0.0,0.0,0,btc,0.0,0.0,0.0,19
1,[],4,[],2019-03-05 16:06:00,2777931.30750687,0.00000013,0.000000000004983901,6851021,2019-03-05 16:06:00,btc,7.37859059072158,0.0,0.00000013,btc,2855684.97012105,0.0,0.0778367123002956,20
1,[],4,[],2019-03-05 16:06:01,104044721.4240369,0.00000002,0.000000000000766754,6851022,2019-03-05 16:06:01,btc,1803.1969216782281,0.0,0.00000002,btc,55484698.40039335,0.00022829,1.1676348716013787,21
1,[],12,[],2019-03-05 16:06:03,17916951.0,0.00000002,0.000000000000766754,6851023,2019-03-05 16:06:03,btc,670.8733402334847,0.0,0.00000002,btc,8127598.32857329,0.0,0.23057926,21
0,[],17,[],2019-03-05 16:06:05,0.0,0,0,6851024,2019-03-05 16:06:05,btc,0.0,0.0,0,btc,0.0,0.0,0.0,21
1,[],12,[],2019-03-05 16:06:07,3121572188.531895,0.0000000001,0.00000000000000383377,6851025,2019-03-05 16:06:07,btc,975866455575.8727,0.0,0.0000000001,btc,5003692329.584631,0.05439148559200798,0.31215721885318953,23
0,[],27,[],2019-03-05 16:06:09,0.0,0,0,6851026,2019-03-05 16:06:09,,13.506989854858427,0.0,0,eth,2025595.81164636,0.0,0.0,23
1,[],4,[],2019-03-05 16:06:10,485523.14507262,0.00000039,0.000000000014951703,6851027,2019-03-05 16:06:10,btc,9.055027697863274,0.0,0.00000039,btc,1560113.36781917,0.00120182,0.1464929122339874,24
1,[],22,[],2019-03-05 16:06:14,11.76,0.00000100,0.000000000038337700000000004,6851028,2019-03-05 16:06:14,BTC,7.415e-05,0.0,0.00000100,BTC,23.919354838709676,0.0,1.176e-05,24
0.0,[],25,[],2019-03-05 16:06:15,0.0,0,0,6851029,2019-03-05 16:06:15,,0.0,0.0,0.0,btc,0.0,0.0,0.0,24
0,[],2,[],2019-01-20 23:25:56,0.0,0,0,6476976,2019-01-20 23:25:56,,0.0,0.0,0,,0.0,0.0,0.0,26
1,[],4,[],2019-03-05 16:06:16,26578165.10332604,0.00000611,0.000000000234243347,6851030,2019-03-05 16:06:16,btc,62.2114207510867,0.0,0.00000611,btc,242972.88735247,0.18289607,0.4363869920738115,26
1,[],10,[],2019-03-05 16:06:18,686450.97114429,0.00000602,0.000000000230792954,6851031,2019-03-05 16:06:18,btc,26.131017855661835,4133.6369794,0.00000602,btc,14719.9937472,0.0,0.2273127598442736,26
1,[],3,[],2019-03-05 16:06:19,10350056.88133568,0.00000001,0.000000000000383377,6851032,2019-03-05 16:06:19,btc,2.1392039161367067,24309.0,0.00000001,btc,16481893.46939095,0.0,0.1035005688133568,27
1,[],5,[],2019-03-05 16:06:22,0.0,0,0,6851033,2019-03-05 16:06:22,btc,0.0,8.004e-05,0,btc,0.0,0.0,0.0,27
1,[],11,[],2019-03-05 16:06:24,9462011.01151506,0.00000005,0.000000000001916885,6851034,2019-03-05 16:06:24,btc,67506.37927837588,8043.88,0.00000005,btc,7972323.38084264,0.0,0.4410008448653851,27
1,[],4,[],2019-03-05 16:06:25,1360810446.9511907,0.00000002,0.000000000000766754,6851035,2019-03-05 16:06:25,btc,2.799189346484737,0.0,0.00000002,"btc,ltc",211089429.73223275,0.2009652,9.660167656558983,29
1,[],7,[],2019-03-05 16:06:26,36640927.39766667,0.00000002,0.000000000000766754,6851036,2019-03-05 16:06:26,btc,44462590.677778274,53329.7023395,0.00000002,btc,46262771.90297369,0.00109439,0.3924958459621116,29
0,[],17,[],2019-03-05 15:28:01,0.0,0,0,6850873,2019-03-05 15:28:01,btc,0.0,0.0,0,btc,0.0,0.0,0.0,30
1,[],4,[],2019-03-05 16:06:27,2358909.4675434,0.00000024,0.000000000009201048,6851037,2019-03-05 16:06:27,btc,2.433683543519685,0.0,0.00000024,btc,1680178.28888347,0.00693154,0.1067830402613795,30
1,[],4,[],2019-03-05 16:06:29,218337.01314632,0.00006603,0.000000002531438331,6851038,2019-03-05 16:06:29,btc,9.623523278206486,0.0,0.00006603,btc,95044.80926842,4.14796351,4.219910007756741,31
1,[],21,[],2019-03-05 16:06:30,79816.85870315,0.00007129999999999999836172714929,0.00000000273347801,6851039,2019-03-05 16:06:30,btc,8.857127094674368,1481931.59033276,0.0000712999999999999983617271492875033800373785197734832763671875,btc,109575.13082289,113.45858951,5.447948300532765,31
0,[],2,[],2019-01-20 23:28:43,0.0,0,0,6477009,2019-01-20 23:28:43,,0.0,0.0,0,,0.0,0.0,0.0,32
1,[],4,[],2019-03-05 16:06:31,457539843.4876569,0.00000004,0.000000000001533508,6851040,2019-03-05 16:06:31,btc,12.081596703115371,0.0,0.00000004,"btc,ltc",219718578.17689788,0.30992431,11.141549313850193,33
1,[],12,[],2019-03-05 16:06:33,17090205.19166667,0.00000004,0.000000000001533508,6851041,2019-03-05 16:06:33,btc,35634695.16304384,0.0,0.00000004,btc,96290891.39360628,0.019495760839161,0.3217427205000001,33
1,[],4,[],2019-03-05 16:06:34,113074764.37325624,0.00000001,0.000000000000383377,6851042,2019-03-05 16:06:34,btc,3.6696402686753737,0.0,0.00000001,btc,104103506.16712047,0.00227391,1.1307476437325623,34
1,[],5,[],2019-03-05 16:06:36,0.0,0,0,6851043,2019-03-05 16:06:36,btc,0.0,0.07309234,0,btc,0.0,0.0,0.0,34
0.0000000001372586,[],4,[],2019-03-05 16:06:37,1786069394.3253334,1.372586e-18,5.26217902922e-23,6851044,2019-03-05 16:06:37,ltc,6.807548407743282e-08,0.0,0.00000001,ltc,7707215789.083083,0.0,2.451533845679432e-09,36
1,[],5,[],2019-03-05 16:06:39,0.0,0,0,6851045,2019-03-05 16:06:39,btc,0.0,0.0,0,btc,0.0,0.0,0.0,36
0,[],17,[],2019-03-05 16:06:41,0.0,0,0,6851046,2019-03-05 16:06:41,btc,0.07464582813965354,0.0,0,btc,4105386.20243647,0.0,0.0,36
0.0000000003494243,[],27,[],2019-03-05 16:06:43,11290000.0,3.494243e-18,1.3396123986109998e-22,6851047,2019-03-05 16:06:43,eth,222.6013767858684,0.0,0.00000001,"ltc,eth",11165403.32426039,0.0,2.2624460594e-11,36
1,[],4,[],2019-03-05 16:06:44,221490.26744265,0.00000053,0.000000000020318981,6851048,2019-03-05 16:06:44,btc,19772.482243610673,0.0,0.00000053,btc,566136.99297433,0.0093867,0.0917173073383783,37
1,[],12,[],2019-03-05 16:06:46,493802.29993009,0.00000054,0.000000000020702358,6851049,2019-03-05 16:06:46,btc,1345.8112397832,0.0,0.00000054,btc,942866.48987668,0.1221458649069749,0.12248853082345819,37
1,[],17,[],2019-03-05 16:06:48,1752.74075282,0.00000025,0.000000000009584425,6851050,2019-03-05 16:06:48,btc,0.055484923777095005,0.0,0.00000025,btc,1319.19918473,0.0,0.00043818518820499993,37
1,[],27,[],2019-03-05 16:06:50,14685.567,0.00000045,0.000000000017251965,6851051,2019-03-05 16:06:50,btc,25.77745805411233,0.0,0.00000045,btc,6527.38138508,0.0,0.00480032515,37
1,[],5,[],2019-03-05 16:06:52,0.0,0,0,6851052,2019-03-05 16:06:52,btc,0.0,0.0016779,0,btc,0.0,0.0,0.0,42
1,[],12,[],2019-03-05 16:06:53,261052.53926325,0.0000010600000000000000155604695795119596368749625980854034423828125,0.000000000040637962,6851053,2019-03-05 16:06:53,btc,94.63821459655024,0.0,0.0000010600000000000000155604695795119596368749625980854034423828125,btc,90623.83078419,0.0258156828047395,0.0676004125732561,42
0.0000000003494243,[],27,[],2019-03-05 16:06:55,22000.0,3.4942429999999994e-17,1.339612398611e-21,6851054,2019-03-05 16:06:55,eth,0.00315028,0.0,0.0000001,"btc,eth",11.007,0.0,7.058370859999999e-13,42
0,[],17,[],2019-03-05 15:06:33,0.0,0,0,6850499,2019-03-05 15:06:33,btc,0.0,0.0,0,btc,0.0,0.0,0.0,43
1,[],5,[],2019-03-05 16:06:57,0.0,0,0,6851055,2019-03-05 16:06:57,btc,0.0,0.00027471,0,btc,0.0,0.0,0.0,43
1,[],12,[],2019-03-05 16:06:58,1209361.0,0.00000001,0.000000000000383377,6851056,2019-03-05 16:06:58,btc,3569.074552336114,0.0,0.00000001,btc,11768494.65174823,0.0,0.01209361,43
1,[],12,[],2019-03-05 01:54:08,639326.02,0.00000004,0.000000000001486676,6845775,2019-03-05 01:54:08,btc,11116042.728239931,0.0,0.00000004,btc,1103841.4595604,0.0003330765234764,0.014975410599999999,44
1,[],4,[],2019-03-05 16:07:10,295964704.18376654,0.00000002,0.000000000000766754,6851057,2019-03-05 16:07:10,btc,473.65615992948716,0.0,0.00000002,"btc,ltc",11853962.08797445,0.0447287,0.24114569878382805,49
0.0000000001372586,[],4,[],2019-03-05 16:07:12,27778559.98986573,1.372586e-18,5.26217902922e-23,6851058,2019-03-05 16:07:12,ltc,25.80878386213086,0.0,0.00000001,ltc,9709555346.333303,0.0,3.812846254224984e-11,52
0.0000000001255312,[],22,[],2019-03-05 16:07:15,80845862.0,1.2553119999999999e-18,4.81257748624e-23,6851059,2019-03-05 16:07:15,XMR,4366.97466637,0.0,0.00000001,XMR,255820234.67882353,0.0,0.80845862,57
0.0000000003494243,[],27,[],2019-03-05 16:07:20,2000.0,3.494243e-18,1.3396123986109998e-22,6851060,2019-03-05 16:07:20,eth,0.0,0.0,0.00000001,"btc,eth",0.0,0.0,6.988485999999999e-15,57
0.0000000001372586,[],4,[],2019-03-05 16:07:22,792389071.8568333,4.117758e-18,1.578653708766e-22,6851061,2019-03-05 16:07:22,ltc,18.807187870805244,0.0,0.00000003,ltc,4245320546.602819,0.0,1.911902963760381e-09,58
1,[],12,[],2019-03-05 16:07:23,1592639477.843957,0.0000000004,0.00000000000001533508,6851062,2019-03-05 16:07:23,btc,224005953989.04636,0.0,0.0000000004,btc,3780382803.752825,0.022193787653946057,0.5122016753011391,58
0,[],17,[],2019-03-05 16:07:24,0.0,0,0,6851063,2019-03-05 16:07:24,btc,1e+24,0.0,0,btc,49306342.21952568,0.0,0.0,58
0.0000000001255312,[],22,[],2019-03-05 16:07:27,137438.0,1.2553119999999999e-18,4.81257748624e-23,6851064,2019-03-05 16:07:27,XMR,69.8835922,0.0,0.00000001,XMR,9887963.0,0.0,0.00137438,58
1,[],5,[],2019-03-05 16:07:29,0.0,0,0,6851065,2019-03-05 16:07:29,btc,0.0,0.00593496,0,btc,0.0,0.0,0.0,61
1,[],22,[],2019-03-05 16:07:32,13759.5,0.00000012,0.000000000004600524,6851066,2019-03-05 16:07:32,BTC,1002.2960049,0.0,0.00000012,BTC,14976.68361146909,0.0,0.00155017,61
1,[],26,[],2019-03-05 16:07:32,0.0,0.00000800,0.00000000030670160000000003,6851067,2019-03-05 16:07:32,btc,0.0,0.0,0.00000800,btc,0.0,0.0,0.0,61
1,[],27,[],2019-03-05 16:07:35,5113.8722,0.00000047,0.000000000018018719,6851068,2019-03-05 16:07:35,btc,7.7113338563474265,1362.81022259,0.00000047,"btc,eth",20117.92717831,0.01355996,0.0012517064899390717,61
1,[],28,[],2019-03-05 16:07:36,13880.304,0.0000005,0.000000000019168850000000002,6851069,2019-03-05 16:07:36,btc,2.056312978300105,747.0,0.0000005,btc,9730.59500005,0.0,0.00566391304,61
1,[],4,[],2019-03-05 16:07:37,1299274.7774828,0.00000272,0.000000000104278544,6851070,2019-03-05 16:07:37,btc,11.1621753796954,0.0,0.00000272,btc,776889.75358923,0.13542861,1.0681498764328183,67
0.0,[],25,[],2019-03-05 16:07:39,0.0,0,0,6851071,2019-03-05 16:07:39,,0.0,0.0,0.0,btc,0.0,0.0,0.0,67
1,[],12,[],2019-03-05 16:07:40,1786742.91490642,0.0000002,0.00000000000766754,6851072,2019-03-05 16:07:40,btc,11115899.277524814,0.0,0.0000002,btc,2223226.2609257,0.0004271415384624,0.0815111064411093,71
,[],5,[],2018-11-20 23:02:39,1.5e-07,0.00000005,0.000000000002128045,4862160,2018-11-20 23:02:39,btc,2.84511358,0.0,,btc,0.00036572,0.0,0.07381892,74
1,[],5,[],2019-03-05 16:07:43,0.0,0,0,6851073,2019-03-05 16:07:43,btc,0.0,0.0,0,btc,0.0,0.0,0.0,75
1,[],4,[],2019-03-05 16:07:45,13155154.01424166,0.00000001,0.000000000000383377,6851074,2019-03-05 16:07:45,btc,11388.985316363369,0.0,0.00000001,btc,40009178.62632191,0.00669333,0.1315515401424166,81
0,[],20,[],2019-01-25 09:30:31,0.0,0,0,6495923,2019-01-25 09:30:31,btc,0.0,0.0,0,btc,0.0,0.0,0.0,81
1,[],4,[],2019-03-05 16:07:46,27563.33070757,0.00007896,0.000000003027144792,6851075,2019-03-05 16:07:46,btc,18.1106122123939,0.0,0.00007896,btc,12227.79035589,0.01847118,0.1185310500029317,82
1,[],21,[],2019-03-05 15:29:24,752848.8370588,0.00007213999999999999709551778970,0.0000000027716476559999998,6850906,2019-03-05 15:29:24,btc,2.3132725323168373,3773.372561,0.0000721399999999999970955177897025123456842266023159027099609375,btc,26635.64629247,0.27383141,1.9837016909493086,82
0,[],17,[],2019-03-05 16:09:59,0.0,0,0,6851076,2019-03-05 16:09:59,btc,0.0447233088476774,0.0,0,btc,999127.19588126,0.0,0.0,84
0.0000000001372586,[],4,[],2019-03-05 16:10:01,121090030.66553254,4.117758e-18,1.578653708766e-22,6851077,2019-03-05 16:10:01,ltc,1.7494934646450468,0.0,0.00000003,ltc,414166738.8411849,0.0,2.558575552968432e-10,85
,[],22,[],2018-11-20 23:09:34,3408.1,0.0000001,0.0000000000041895,4862324,2018-11-20 23:09:34,BTC,0.04624735,0.0,,BTC,4990.0,0.0,0.00033081,86
0,[],22,[],2019-02-22 12:52:35,0.0,0,0,6758847,2019-02-22 12:52:35,,2.0760781,0.0,0,,140622.94736842104,0.0,0.0,87
0,[],27,[],2019-02-22 12:52:37,0.0,0,0,6758848,2019-02-22 12:52:37,,0.0,0.0,0,btc,0.0,0.0,0.0,87
,[],2,[],2018-11-20 23:10:47,0.0,0,0,4862359,2018-11-20 23:10:47,,0.0,0.0,,,0.0,0.0,0.0,88
1,[],11,[],2019-03-05 16:10:04,93794.01882247,0.00014483000000000000755985551936788624516339041292667388916015625,0.000000005552449091,6851078,2019-03-05 16:10:04,btc,610.3218113507422,258.26767192,0.00014483000000000000755985551936788624516339041292667388916015625,btc,106538.82904555,0.0,6.369984056210103,89
1,[],12,[],2019-03-05 16:10:05,456143.31923732,0.000001049999999999999899545958213786800428124479367397725582122802734375,0.000000000040254584999999994,6851079,2019-03-05 16:10:05,btc,39.56444440053961,0.0,0.000001049999999999999899545958213786800428124479367397725582122802734375,btc,72924.49756876,0.0259860351813172,0.052482309699989696,91
1,[],22,[],2019-03-05 16:10:21,65900.0,0.00000001,0.000000000000383377,6851080,2019-03-05 16:10:21,BTC,3e-06,0.0,0.00000001,BTC,1.0,0.0,0.000659,91
0,[],2,[],2019-01-20 23:31:45,0.0,0,0,6477083,2019-01-20 23:31:45,,0.0,0.0,0,,0.0,0.0,0.0,91
0,[],17,[],2019-03-05 15:29:33,0.0,0,0,6850911,2019-03-05 15:29:33,btc,0.0,0.0,0,btc,0.0,0.0,0.0,91
0.0000000001372586,[],22,[],2019-03-05 16:10:25,1580418.0,6.86293e-18,2.63108951461e-22,6851081,2019-03-05 16:10:25,LTC,8.53121199,0.0,0.00000005,LTC,71989912.1,1.64423449526e-12,0.0790209,95
0.0000000001372586,[],4,[],2019-03-05 16:10:30,646483750.5190946,9.3335848e-17,3.5782817398696e-21,6851082,2019-03-05 16:10:30,ltc,11.893492798323619,0.0,0.00000068,ltc,135821317.94687977,0.0,2.1099010136912497e-09,96
1,[],12,[],2019-03-05 16:10:31,74759.47400001,0.00000001,0.000000000000383377,6851083,2019-03-05 16:10:31,btc,378535.71165072767,0.0,0.00000001,btc,8979449.92440533,1.574000999e-05,0.0007475947400001,96
0,[],17,[],2019-03-05 16:10:44,0.0,0,0,6851084,2019-03-05 16:10:44,btc,0.0,0.0,0,btc,0.0,0.0,0.0,96
1,[],4,[],2019-03-05 16:10:45,1303038.68050818,0.00000021,0.000000000008050917,6851085,2019-03-05 16:10:45,btc,2.739866266430147,0.0,0.00000021,btc,2600512.35035401,0.05743213,0.0839943727022204,99
1,[],4,[],2019-03-05 16:10:46,350401.73058782,0.00004011,0.000000001537725147,6851086,2019-03-05 16:10:46,btc,11.087817049545569,0.0,0.00004011,btc,154918.90440619,1.79429405,3.014970084060433,100
0,[],2,[],2019-01-20 23:23:55,0.0,0,0,6476914,2019-01-20 23:23:55,,0.0,0.0,0,,0.0,0.0,0.0,100
1,[],22,[],2019-03-05 16:10:50,50000.0,0.00000001,0.000000000000383377,6851087,2019-03-05 16:10:50,BTC,23.49896609,0.0,0.00000001,BTC,10277.22,0.0,0.0005,101
1,[],4,[],2019-03-05 16:10:51,424707.26751104,0.00000078,0.000000000029903406,6851088,2019-03-05 16:10:51,btc,308.05061978237825,0.0,0.00000078,btc,507416.99898055,0.08911239,0.2029833023905319,103
1,[],12,[],2019-03-05 16:10:54,71490033.74599999,0.000000009,0.0000000000003450393,6851089,2019-03-05 16:10:54,btc,137279915.22802964,0.0,0.000000009,btc,125269891.99304415,0.0197582625084917,0.262456318714,105
1,[],27,[],2019-03-05 16:10:56,115397.89,0.00000001,0.000000000000383377,6851090,2019-03-05 16:10:56,btc,36.59791032491341,4310.0,0.00000001,btc,1051440.73571724,8.62e-05,0.0011539789,105
1,[],22,[],2019-03-05 16:11:00,9328.0,0.00000001,0.000000000000383377,6851091,2019-03-05 16:11:00,BTC,51.10837004,0.0,0.00000001,BTC,470435.0,0.0,9.328e-05,107
1,[],26,[],2019-03-05 16:11:00,0.0,0.00000000,0,6851092,2019-03-05 16:11:00,btc,0.0,0.0,0.00000000,btc,0.0,0.0,0.0,107
1,[],5,[],2019-03-05 16:11:03,0.0,0,0,6851093,2019-03-05 16:11:03,btc,0.0,1.625e-05,0,btc,0.0,0.0,0.0,112
1,[],22,[],2019-03-05 16:11:06,1966.0,0.00000001,0.000000000000383377,6851094,2019-03-05 16:11:06,BTC,2.81243288,0.0,0.00000001,BTC,828524.0833333334,0.0,1.966e-05,112
0.0000000003494243,[],27,[],2019-03-05 16:11:09,2000.0,3.494243e-18,1.3396123986109998e-22,6851095,2019-03-05 16:11:09,eth,1.24892491849924,0.0,0.00000001,"btc,eth",1288.641654,0.0,6.988485999999999e-15,112
1,[],4,[],2019-03-05 16:11:11,1262389.21583145,0.00000180,0.00000000006900786,6851096,2019-03-05 16:11:11,btc,4.8075756947646875,0.0,0.00000180,btc,343446.53210117,0.05795902,0.9369760466055341,113
1,[],5,[],2019-03-05 16:11:13,0.0,0,0,6851097,2019-03-05 16:11:13,btc,0.0,0.0,0,btc,0.0,0.0,0.0,113
0,[],27,[],2019-03-05 16:11:16,0.0,0,0,6851098,2019-03-05 16:11:16,,0.0,0.0,0,btc,0.0,0.0,0.0,116
1,[],17,[],2019-03-05 15:10:29,152738.278,0.00000004,0.000000000001530216,6850542,2019-03-05 15:10:29,btc,1.336803027486043,0.0,0.00000004,btc,51896.221,0.0,0.0022095311199999998,116
1,[],4,[],2019-03-05 16:11:19,77109.31146511,0.00002510,0.00000000096227627,6851099,2019-03-05 16:11:19,btc,29.67830896422388,0.0,0.00002510,btc,90464.12509133,2.02438884,1.003462801690225,120
1,[],7,[],2019-03-05 16:11:20,21490.69345752,0.00002112999999999999928734957521658799350916524417698383331298828125,0.0000000008100756009999999,6851100,2019-03-05 16:11:20,btc,115647.59411545633,252.03590003,0.00002112999999999999928734957521658799350916524417698383331298828125,btc,56410.76621529,0.00546349,0.0577175552524941,120
1,[],20,[],2019-03-05 16:11:23,1946192.9541,0.000000035,0.0000000000013418195,6851101,2019-03-05 16:11:23,btc,32.2957660726996,15139.0486,0.000000035,btc,1009792.2699,0.000557797201,0.0222000481556,125
1,[],22,[],2019-03-05 16:11:29,3053.0,0.00000001,0.000000000000383377,6851102,2019-03-05 16:11:29,BTC,0.01444887,0.0,0.00000001,BTC,296263.5111111111,0.0,3.053e-05,126
1,[],4,[],2019-03-05 16:11:30,150748.11403717,0.00001241,0.000000000475770857,6851103,2019-03-05 16:11:30,btc,3.811412360884661,0.0,0.00001241,btc,116028.4738688,0.19001186,0.696105299941013,131
0,[],17,[],2019-03-05 15:30:46,0.0,0,0,6850936,2019-03-05 15:30:46,btc,0.0009561751951600001,0.0,0,btc,35.42829368,0.0,0.0,131
0,[],2,[],2019-01-20 23:25:46,0.0,0,0,6476969,2019-01-20 23:25:46,,0.0,0.0,0,,0.0,0.0,0.0,131
1,[],4,[],2019-03-05 14:18:43,4557.15252875,0.00016001,0.000000006117118296,6850356,2019-03-05 14:18:43,btc,1.6204261844051149,0.0,0.00016001,btc,241.25503526,0.00011999,0.0084138371506287,135
1,[],3,[],2019-03-05 15:10:42,1049501.45576843,0.00000004,0.000000000001530216,6850550,2019-03-05 15:10:42,btc,0.1047790940590351,36214.032,0.00000004,btc,545773.06960811,0.0,0.0306431808937019,136
1,[],4,[],2019-03-05 16:11:32,316753.08919976,0.00000152,0.000000000058273304,6851104,2019-03-05 16:11:32,btc,38.24631961517905,0.0,0.00000152,btc,523265.55515386,0.00550195,0.0661323810259508,137
1,[],12,[],2019-03-05 16:11:34,292935.04588845,0.00000145000000000000009320343975771638866945068002678453922271728515625,0.000000000055589665000000006,6851105,2019-03-05 16:11:34,btc,11807.600212894235,0.0,0.00000145000000000000009320343975771638866945068002678453922271728515625,btc,125007.44120894,0.00013505,0.018143529999989298,137
1,[],4,[],2019-03-05 16:11:35,105644.01329552,0.00004302,0.0000000016492878540000001,6851106,2019-03-05 16:11:35,btc,28.767994261942555,0.0,0.00004302,btc,42570.65325694,0.10263897,0.6611429429268753,142
1,[],5,[],2019-03-05 16:11:37,0.0,0,0,6851107,2019-03-05 16:11:37,btc,0.0,0.04613928,0,btc,0.0,0.0,0.0,142
1,[],20,[],2019-03-05 16:11:40,132609.3344,0.000028113,0.0000000010777877601,6851108,2019-03-05 16:11:40,btc,0.3065177909112,0.18,0.000028113,btc,1594.3032,5.05518e-06,0.2176296633569,142
1,[],22,[],2019-03-05 16:11:43,1685.8988921568628,0.00004000,0.000000001533508,6851109,2019-03-05 16:11:43,BTC,3.00385504,0.0,0.00004000,BTC,891.218,0.0,0.00174536,142
0.0,[],25,[],2019-03-05 16:11:44,0.0,0,0,6851110,2019-03-05 16:11:44,,0.0,0.0,0.0,btc,0.0,0.0,0.0,142
1,[],28,[],2019-03-05 16:11:51,76144.0,0.00000820,0.00000000031436914,6851111,2019-03-05 16:11:51,btc,0.0639742472,1755.0,0.00000820,btc,500.6113,0.0,0.004468,142
1,[],17,[],2019-03-05 15:10:49,22967.386363640002,0.00000088,0.000000000033664752,6850555,2019-03-05 15:10:49,btc,20.06991335275601,0.0,0.00000088,btc,2746.079105,0.0,0.0104613000000032,142
0,[],22,[],2019-03-05 16:11:54,0.0,0,0,6851112,2019-03-05 16:11:54,,60.71782865,0.0,0,,695843617.3,0.0,0.0,143
0,[],22,[],2019-02-25 15:42:22,0.0,0,0,6783783,2019-02-25 15:42:22,,4.2131946,0.0,0,,2322156.0,0.0,0.0,146
,[],22,[],2018-11-20 23:01:11,0.0,0,0,4862114,2018-11-20 23:01:11,,2.56807021,0.0,,,61828.4988236,0.0,0.0,147
1,[],12,[],2019-03-05 16:11:55,226532.43397491,0.000002129999999999999935377213711173993715419783256947994232177734375,0.000000000081659301,6851113,2019-03-05 16:11:55,btc,28.615017940612056,0.0,0.000002129999999999999935377213711173993715419783256947994232177734375,btc,117338.96938791,2.54659e-05,0.0377180699998808,148
1,[],4,[],2019-03-05 16:11:56,273492.6408161,0.00000034,0.000000000013034818,6851114,2019-03-05 16:11:56,btc,219.9919899579859,0.0,0.00000034,btc,839956.59692527,0.00074996,0.0661252236263768,152
0,[],22,[],2019-03-05 16:11:59,0.0,0,0,6851115,2019-03-05 16:11:59,,0.0,0.0,0,,0.0,0.0,0.0,152
1,[],5,[],2019-03-05 16:12:01,0.0,0,0,6851116,2019-03-05 16:12:01,btc,0.0,0.0,0,btc,0.0,0.0,0.0,153
,[],16,[],2019-01-11 15:38:59,0.0,0,0,6366141,2019-01-11 15:38:59,btc,0.0,0.0,,btc,0.0,0.0,0.0,155
0,[],22,[],2019-03-05 16:12:05,0.0,0,0,6851117,2019-03-05 16:12:05,,6.7463875,0.0,0,,4674391.242592593,0.0,0.0,156
0,[],23,[],2019-01-20 23:24:29,0.0,0,0,6476932,2019-01-20 23:24:29,,0.0,0.0,0,,0.0,0.0,0.0,156
1,[],22,[],2019-03-05 16:12:09,7073.8,0.00005300,0.0000000020318981,6851118,2019-03-05 16:12:09,BTC,1.80343699,0.0,0.00005300,BTC,899.6422341958436,0.0,0.00104336,157
0,[],22,[],2019-03-05 16:12:12,0.0,0,0,6851119,2019-03-05 16:12:12,,50175.67608608,0.0,0,,54079135.04179466,0.0,0.0,158
,[],17,[],2018-11-20 22:56:10,0.0,0,0,4861976,2018-11-20 22:56:10,btc,1.1265625,0.0,,btc,1000.0,0.0,0.0,159
,[],20,[],2018-11-20 22:56:12,0.0,0,0,4861977,2018-11-20 22:56:12,btc,11912.7940471,0.0,,btc,34413894.3617,0.0,0.0,159
1,[],12,[],2019-03-05 16:12:14,180921.74058284,0.0000075499999999999997112878034888350242681553936563432216644287109375,0.000000000289449635,6851120,2019-03-05 16:12:14,btc,6.641800168231442,0.0,0.0000075499999999999997112878034888350242681553936563432216644287109375,btc,13607.30087291,0.0129183274873653,0.0874753927401185,168
1,[],17,[],2019-03-05 16:12:26,29784.95,0.000001,0.0000000000383377,6851121,2019-03-05 16:12:26,btc,0.03026736251542,0.0,0.000001,btc,144.46171372,0.0,0.00716147,168
0,[],22,[],2019-03-05 16:12:29,0.0,0,0,6851122,2019-03-05 16:12:29,,1.1341504,0.0,0,,539283.174707144,0.0,0.0,169
1,[],22,[],2019-03-05 16:12:33,203600.0,0.00000002,0.000000000000766754,6851123,2019-03-05 16:12:33,BTC,13.25047031,0.0,0.00000002,BTC,146217.2939341018,0.0,0.002072,171
1,[],22,[],2019-03-05 16:12:38,517069.0,0.0000001,0.00000000000383377,6851124,2019-03-05 16:12:38,BTC,2.19337118,0.0,0.0000001,"BTC,LTC",239306.76535931628,6.6e-07,0.0294229,173
1,[],5,[],2019-03-05 01:59:40,0.0,0,0,6845846,2019-03-05 01:59:40,btc,0.0,0.00384852,0,btc,0.0,0.0,0.0,175
1,[],22,[],2019-03-05 16:12:41,36490.833333333336,0.0000003,0.00000000001150131,6851125,2019-03-05 16:12:41,BTC,0.54826403,0.0,0.0000003,BTC,138776.41384013777,0.0,0.00239125,176
1,[],7,[],2019-03-05 16:12:43,0.0,0,0,6851126,2019-03-05 16:12:43,btc,410918.84255256574,0.0,0,btc,117734633.84370454,0.0,0.0,178
0,[],22,[],2019-03-05 16:12:46,0.0,0,0,6851127,2019-03-05 16:12:46,,1.00242438,0.0,0,,57522.0,0.0,0.0,178
0,[],2,[],2019-01-20 23:28:34,0.0,0,0,6477001,2019-01-20 23:28:34,,0.0,0.0,0,,0.0,0.0,0.0,178
1,[],5,[],2019-03-05 16:12:48,0.0,0,0,6851128,2019-03-05 16:12:48,btc,0.0,0.0307686,0,btc,0.0,0.0,0.0,179
1,[],22,[],2019-03-05 16:13:04,6949180.5,0.00000002,0.000000000000766754,6851129,2019-03-05 16:13:04,BTC,5.6735727,0.0,0.00000002,"BTC,LTC",18499123.089868754,0.01138815,0.37392433,179
0,[],23,[],2019-01-20 23:25:08,0.0,0,0,6476952,2019-01-20 23:25:08,,0.0,0.0,0,,0.0,0.0,0.0,179
1,[],22,[],2019-03-05 16:13:21,149605.4,0.00000105,0.000000000040254585,6851130,2019-03-05 16:13:21,BTC,0.24886431,0.0,0.00000105,"BTC,LTC",84651.28562222162,0.02255155,0.01285544,180
1,[],26,[],2019-03-05 16:13:21,0.0,0.00000180,0.00000000006900786,6851131,2019-03-05 16:13:21,btc,0.0,1742.1,0.00000180,btc,0.0,0.0,0.0,180
1,[],17,[],2019-03-05 15:31:59,10504.725,0.0000001,0.00000000000384204,6850962,2019-03-05 15:31:59,btc,5.201069583844429,0.0,0.0000001,btc,5033.45945,0.0,0.0010504725,180
,[],7,[],2018-11-20 22:58:01,562227.975654,0.00000085,0.000000000036176765,4862015,2018-11-20 22:58:01,btc,21836.6059674,2491.87645172,,btc,749999.041456,0.00211021,0.127565380455,183
,[],5,[],2019-01-10 08:11:41,0.0,0,0,6347036,2019-01-10 08:11:41,btc,82.15055501,0.00261,,btc,1.19002445,0.0,0.0,187
1,[],24,[],2019-03-05 16:13:21,0.0,0.000000000001,3.83377e-17,6851132,2019-03-05 16:13:21,btc,0.0,0.0,0.000000000001,btc,0.0,0.0,0.0,187
,[],17,[],2018-11-16 20:58:10,4062536.27273,0.00000001,0.000000000000550501,4708775,2018-11-16 20:58:10,btc,3.36492563466,0.195460381006,,"btc,eth",110697919.549,0.0,0.0157628953496,187
0,[],22,[],2019-03-04 23:55:24,0.0,0,0,6845261,2019-03-04 23:55:24,,7.42841024,0.0,0,,79361.7243078683,0.0,0.0,191
0,[],22,[],2019-03-05 16:13:27,0.0,0,0,6851133,2019-03-05 16:13:27,,0.0,0.0,0,,0.0,0.0,0.0,197
0,[],23,[],2019-01-20 23:31:41,0.0,0,0,6477079,2019-01-20 23:31:41,,0.0,0.0,0,,0.0,0.0,0.0,199
0.0000000001372586,[],22,[],2019-03-05 16:13:30,830000.0,4.117758e-18,1.578653708766e-22,6851134,2019-03-05 16:13:30,LTC,5.19477622,0.0,0.00000003,LTC,21058553.0,0.0,0.0249,199
1,[],26,[],2019-03-05 16:13:31,0.0,0.00000000,0,6851135,2019-03-05 16:13:31,btc,0.0,149150.0,0.00000000,btc,0.0,0.0,0.0,199
0,[],17,[],2019-01-30 16:32:01,0.0,0,0,6540827,2019-01-30 16:32:01,btc,6.802544163788159,0.0,0,btc,105897.55575295,0.0,0.0,200
0,[],2,[],2019-01-20 23:30:49,0.0,0,0,6477059,2019-01-20 23:30:49,,0.0,0.0,0,,0.0,0.0,0.0,201
1,[],4,[],2019-01-25 15:51:35,2084389.58565343,0.00000936,0.000000000333526752,6499557,2019-01-25 15:51:35,btc,2.0092503037378524,0.0,0.00000936,btc,160195.80207885,0.19272417,1.242687955921835,211
1,[],7,[],2019-03-05 16:13:35,1769460.4866563,0.000001219999999999999965968520108938744073157067759893834590911865234375,0.000000000046771994,6851136,2019-03-05 16:13:35,btc,15476655.641750077,2105447.27159,0.000001219999999999999965968520108938744073157067759893834590911865234375,btc,13127646.41348889,2.65014984,1.255071862777386,212
1,[],5,[],2019-03-05 16:13:36,0.0,0,0,6851137,2019-03-05 16:13:36,btc,0.0,0.1520682,0,btc,0.0,0.0,0.0,213
1,[],24,[],2019-03-05 16:13:37,0.0,0.000000120000,0.000000000004600524,6851138,2019-03-05 16:13:37,btc,0.0,0.0,0.000000120000,btc,0.0,0.0,0.0,213
1,[],26,[],2019-03-05 16:13:37,0.0,0.00000010,0.00000000000383377,6851139,2019-03-05 16:13:37,btc,0.0,0.0,0.00000010,btc,0.0,0.0,0.0,213
1,[],12,[],2019-01-25 02:44:32,207462.42853209,0.000001080000000000000035831255497387193287295303889550268650054931640625,0.000000000038610756000000006,6493050,2019-01-25 02:44:32,btc,85023.03793723314,0.0,0.000001080000000000000035831255497387193287295303889550268650054931640625,btc,43675.73520027,0.000146250909087,0.0348620860622024,213
1,[],22,[],2019-03-05 16:13:41,57996.0,0.00000003,0.000000000001150131,6851140,2019-03-05 16:13:41,BTC,2.23272342,0.0,0.00000003,BTC,620045.3963726171,0.0,0.00115818,216
1,[],27,[],2019-03-05 16:13:43,1298602.0,0.00000003,0.000000000001150131,6851141,2019-03-05 16:13:43,btc,316.25863360644,0.0,0.00000003,"btc,ltc",238161.907,0.0,0.03377204000024706,216
1,[],22,[],2019-03-05 16:13:46,172411.06081954937,0.00000178,0.00000000006824110600000001,6851142,2019-03-05 16:13:46,BTC,12673.42179538,0.0,0.00000178,BTC,401073.9377298696,0.02014449,0.19531609,217
1,[],7,[],2019-03-05 16:13:47,0.0,0,0,6851143,2019-03-05 16:13:47,btc,77969.65966620563,0.0,0,btc,136168678.88835862,0.0,0.0,219
0,[],27,[],2019-03-05 16:13:49,0.0,0,0,6851144,2019-03-05 16:13:49,,0.03997288,0.0,0,btc,2007233.0,0.0,0.0,219
0.0000000000000052,[],28,[],2019-03-05 16:14:03,168897636.057,5.72e-18,2.1929164400000003e-22,6851145,2019-03-05 16:14:03,doge,84213.6395803825,14515.0,0.00110000,"btc,doge",3641660.84751,0.0,1.6146620517539875e-11,219
1,[],22,[],2019-03-05 16:14:08,295713.6666666667,0.00000004,0.000000000001533508,6851146,2019-03-05 16:14:08,BTC,2.79341839,0.0,0.00000004,BTC,85101.27041875875,8.4e-05,0.00922585,221
1,[],24,[],2019-03-05 16:14:08,0.0,0.000000200000,0.00000000000766754,6851147,2019-03-05 16:14:08,btc,0.0,0.0,0.000000200000,btc,0.0,0.0,0.0,221
1,[],20,[],2019-03-05 16:14:10,39105329.5253,0.000000001,0.0000000000000383377,6851148,2019-03-05 16:14:10,btc,48.4414392087255,0.0,0.000000001,btc,15826885.0042,0.0,0.0391053295253,224
0,[],22,[],2019-03-05 16:14:13,0.0,0,0,6851149,2019-03-05 16:14:13,,0.0,0.0,0,,0.0,0.0,0.0,224
1,[],26,[],2019-03-05 16:14:13,0.0,0.00000035,0.000000000013418195,6851150,2019-03-05 16:14:13,btc,0.0,0.0,0.00000035,btc,0.0,0.0,0.0,231
1,[],26,[],2019-03-05 16:14:14,0.0,0.00000005,0.000000000001916885,6851151,2019-03-05 16:14:14,btc,0.0,100.0,0.00000005,btc,0.0,0.0,0.0,234
0.0000000003494243,[],27,[],2019-03-05 16:14:16,2000.0,3.494243e-18,1.3396123986109998e-22,6851152,2019-03-05 16:14:16,eth,0.01134836604,0.0,0.00000001,"btc,eth",11462.996,0.0,6.988485999999999e-15,234
1,[],4,[],2019-03-05 16:14:17,763530.43712631,0.00000071,0.000000000027219767000000002,6851153,2019-03-05 16:14:17,btc,4.74909937387734,0.0,0.00000071,btc,1233736.47200068,0.05477918,0.1853323423337277,236
1,[],24,[],2019-03-05 16:14:17,0.0,0.000000300000,0.00000000001150131,6851154,2019-03-05 16:14:17,btc,0.0,0.0,0.000000300000,btc,0.0,0.0,0.0,236
1,[],20,[],2019-03-05 16:14:19,166952231.9963,0.000000063,0.0000000000024152751,6851155,2019-03-05 16:14:19,btc,13.1706377130702,26290863.199,0.000000063,btc,41881833.2447,1.6781366139725,0.5417308829154,237
0.0000000001372586,[],22,[],2019-03-05 16:14:22,751594.9,2.3333962e-17,8.945704349674e-22,6851156,2019-03-05 16:14:22,LTC,0.0413973,0.0,0.00000017,LTC,7239.0,0.0,0.12541949,237
1,[],4,[],2019-03-05 16:14:23,8643144.59251379,0.00000033,0.000000000012651441,6851157,2019-03-05 16:14:23,btc,6.521458115832949,0.0,0.00000033,btc,10488298.68635909,0.12744013,2.1333814176143004,238
1,[],5,[],2019-03-05 16:14:26,0.0,0,0,6851158,2019-03-05 16:14:26,btc,0.0,0.01431102,0,btc,0.0,0.0,0.0,238
0,[],22,[],2019-03-05 16:14:29,0.0,0,0,6851159,2019-03-05 16:14:29,,0.41339518,0.0,0,,316626.5639027493,0.0,0.0,249
0.0000000001372586,[],22,[],2019-03-05 16:14:32,87163180.66666667,5.490344e-18,2.104871611688e-22,6851160,2019-03-05 16:14:32,LTC,1.1763699,0.0,0.00000004,LTC,19712522.09,5.023379262112e-12,2.70466333,252
1,[],28,[],2019-03-05 16:14:39,2324887.836,0.00000035,0.000000000013418195,6851161,2019-03-05 16:14:39,btc,164733.034251432,89779.3,0.00000035,btc,2760973.57677059,0.0,0.40682320448,256
1,[],22,[],2019-03-05 16:14:43,1070354.0,0.00000002,0.000000000000766754,6851162,2019-03-05 16:14:43,BTC,31.48602112,0.0,0.00000002,BTC,717418.2057866945,0.00012,0.01087354,258
1,[],22,[],2019-03-05 16:14:46,48751.0,0.00000001,0.000000000000383377,6851163,2019-03-05 16:14:46,BTC,2.4175745,0.0,0.00000001,BTC,1762.0,0.0,0.00048751,259
1,[],5,[],2019-03-05 16:14:48,0.0,0,0,6851164,2019-03-05 16:14:48,btc,0.0,0.33870322,0,btc,0.0,0.0,0.0,264
1,[],20,[],2019-03-05 16:14:50,1254157.2652,0.0000022,0.00000000008434294000000001,6851165,2019-03-05 16:14:50,btc,7.4520563878668,111887.029,0.0000022,btc,104997.0844,0.28864914682,0.018312306118,264
0,[],22,[],2019-03-05 16:14:54,0.0,0,0,6851166,2019-03-05 16:14:54,,8.45802393,0.0,0,,433537.34411321935,0.0,0.0,271
0,[],22,[],2019-03-05 16:14:57,0.0,0,0,6851167,2019-03-05 16:14:57,,266.52465314,0.0,0,,13965061677.692,0.0,0.0,272
0.0000000000000052,[],28,[],2019-03-05 15:25:22,207777448412.905,4.836e-21,1.849001076e-25,6850809,2019-03-05 15:25:22,doge,151022612.69049227,19942809049.1423,0.00000093,doge,193894531719.2923,0.0,5.579430284874298e-10,272
1,[],22,[],2019-03-05 15:25:26,212466.74,0.00000131,0.000000000050086670999999996,6850810,2019-03-05 15:25:26,BTC,74.34381249,0.0,0.00000131,"BTC,LTC",9549.48778575859,0.000732,0.10186195,281
1,[],22,[],2019-03-05 15:25:30,95283.0,0.00000004,0.000000000001529364,6850811,2019-03-05 15:25:30,BTC,1.18417615,0.0,0.00000004,BTC,131084.30634060455,0.00336993,0.00261425,286
0,[],22,[],2019-03-05 15:25:33,0.0,0,0,6850812,2019-03-05 15:25:33,,43641.05520291,0.0,0,,831015134.0,0.0,0.0,294
