pairValue,buyBook,exchangeId,sellBook,updated,buyTotal,satoshiPrice,usdPrice,exchangeLogId,created,bestPair,sellTotalBtc,volume,pairPrice,activePairs,sellTotal,volumeBtc,buyTotalBtc,coinId
1,[],3,[],2019-03-05 15:03:23,30540.473743071085,0.012611350000000000337596617328017600812017917633056640625,0.00000048245223879,6850423,2019-03-05 15:03:23,btc,61.066793757319246,0.232596862745,0.012611350000000000337596617328017600812017917633056640625,btc,21.786133342969002,0.0,0.31278438759022437,1
1,[],4,[],2019-03-05 15:03:24,207893.73293144,0.01258019,0.000000481260200526,6850424,2019-03-05 15:03:24,btc,9.485829565178765,0.0,0.01258019,btc,279.53083308,0.51758352,2.866549826243788,1
1,[],5,[],2019-03-05 15:03:28,0.0,0,0,6850425,2019-03-05 15:03:28,btc,0.0,0.04488485,0,btc,0.0,0.0,0.0,1
1,[],10,[],2019-03-05 15:03:31,414594.25426358,0.01133143,0.000000433488387222,6850426,2019-03-05 15:03:31,btc,6521.27246613032,1721.77959171,0.01133143,btc,1013.43455051,0.0,5.324993251054763,1
1,[],12,[],2019-03-05 15:03:34,10492.6669741,0.0126099999999999996813659919325800728984177112579345703125,0.000000482400594,6850427,2019-03-05 15:03:34,btc,0.514540698959,0.0,0.0126099999999999996813659919325800728984177112579345703125,btc,31.36912735,0.5241430792601,0.3896912093782,1
1,[],20,[],2019-03-05 15:03:36,1152.5468,0.010500223,0.0000004016902309542,6850428,2019-03-05 15:03:36,btc,0.0568087248096,0.4558,0.010500223,btc,2.6341,0.005697493646,0.1055916181694,1
1,[],21,[],2019-03-05 15:03:37,2001.1239408899999,0.01264661000000000083687279329,0.0000004838011241940001,6850429,2019-03-05 15:03:37,btc,18.00743631946152,3028.7176341699997,0.01264661000000000083687279328614749829284846782684326171875,"btc,eth",2040.75373574,31.35499878954032,20.284518462429986,1
1,[],22,[],2019-03-05 15:03:41,0.006382215384615385,0.01300000,0.0000004973202,6850430,2019-03-05 15:03:41,BTC,0.31439419,0.0,0.01300000,BTC,0.12751438772928525,0.0,7.978e-05,1
1,[],24,[],2019-03-05 15:03:42,0.0,0.000000000000,0,6850431,2019-03-05 15:03:42,btc,0.0,0.0,0.000000000000,btc,0.0,0.0,0.0,1
0.0,[],25,[],2019-03-05 15:03:43,0.0,0,0,6850432,2019-03-05 15:03:43,btc,27.177499997829795,4602.78213936,0.0,btc,2105.08517258,58.9576,0.0,1
1,[],26,[],2019-03-05 15:03:52,0.0,0,0,6850433,2019-03-05 15:03:52,,0.0,0.0,0,,0.0,0.0,0.0,1
1,[],28,[],2019-03-05 15:03:58,993.142,0.01323000,0.000000506118942,6850434,2019-03-05 15:03:58,btc,0.162839806,17953.8,0.01323000,btc,8.9,0.0,0.089302756,1
0,[],2,[],2019-01-20 23:28:45,0.0,0,0,6477011,2019-01-20 23:28:45,,0.0,0.0,0,,0.0,0.0,0.0,1
1,[],5,[],2019-03-05 15:04:00,0.0,0,0,6850435,2019-03-05 15:04:00,btc,0.0,0.00390482,0,btc,0.0,0.0,0.0,2
0.0000000001254363,[],22,[],2019-03-05 15:04:04,1148.0,1.3797993000000001e-16,5.2784774141220004e-21,6850436,2019-03-05 15:04:04,XMR,21.01373823,0.0,0.00000110,XMR,14319.12581,0.0,0.00087635,2
1,[],5,[],2019-03-05 15:04:06,0.0,0,0,6850437,2019-03-05 15:04:06,btc,0.0,0.87508249,0,btc,0.0,0.0,0.0,3
1,[],12,[],2019-03-05 15:04:07,13477951.63085,0.00000018,0.000000000006885972,6850438,2019-03-05 15:04:07,btc,924384.5016069988,0.0,0.00000018,btc,7840198.52734192,0.09892968973620647,0.74494422691585,3
0,[],28,[],2019-03-05 15:04:13,0.0,0,0,6850439,2019-03-05 15:04:13,,0.0,0.0,0,,0.0,0.0,0.0,3
0,[],2,[],2019-01-20 23:31:32,0.0,0,0,6477077,2019-01-20 23:31:32,,0.0,0.0,0,,0.0,0.0,0.0,4
1,[],4,[],2019-03-05 15:04:15,374352.00516119,0.00000032,0.000000000012241728,6850440,2019-03-05 15:04:15,btc,32.16957200957932,0.0,0.00000032,btc,710412.77475616,0.00169947,0.0470034273282674,4
1,[],12,[],2019-03-05 14:14:16,1354349.02,0.00000003,0.000000000001146888,6850253,2019-03-05 14:14:16,btc,11013925.647294752,0.0,0.00000003,btc,1490565.32371984,8.205e-05,0.0209231604,5
0,[],2,[],2019-01-20 23:31:51,0.0,0,0,6477087,2019-01-20 23:31:51,,0.0,0.0,0,,0.0,0.0,0.0,6
1,[],11,[],2019-03-05 15:04:17,5580884.5,0.00000002,0.000000000000765108,6850441,2019-03-05 15:04:17,btc,9568.181960782815,133333.333333,0.00000002,btc,41670298.74119657,0.0,0.079092525,6
1,[],3,[],2019-03-05 15:04:18,1076.298521552546,0.00015114999999999998770740250453314956757822073996067047119140625,0.00000000578230371,6850442,2019-03-05 15:04:18,btc,28.402034233092024,0.0,0.00015114999999999998770740250453314956757822073996067047119140625,btc,243.122414578101,0.0,0.032546439717048674,7
1,[],4,[],2019-03-05 15:04:20,102448.88871748,0.00025836,0.000000009883665144,6850443,2019-03-05 15:04:20,btc,26.794592876770157,0.0,0.00025836,btc,64192.60320747,7.66359222,7.516317009673427,7
1,[],5,[],2019-03-05 15:04:21,0.0,0,0,6850444,2019-03-05 15:04:21,btc,0.0,1.54331538,0,btc,0.0,0.0,0.0,7
1,[],20,[],2019-02-20 02:16:17,39399275.8418,0.000000001,0.0000000000000390183,6728586,2019-02-20 02:16:17,btc,116.9737569154545,525.0,0.000000001,btc,56932965.8895,5.25e-07,0.0393992758418,8
0,[],2,[],2019-01-20 23:22:42,0.0,0,0,6476876,2019-01-20 23:22:42,,0.0,0.0,0,,0.0,0.0,0.0,9
0,[],23,[],2019-01-20 23:22:48,0.0,0,0,6476878,2019-01-20 23:22:48,,0.0,0.0,0,,0.0,0.0,0.0,9
1,[],4,[],2019-03-05 15:04:23,1262000.55266668,0.00000160,0.00000000006120864,6850445,2019-03-05 15:04:23,btc,5.666999272867764,0.0,0.00000160,btc,2664805.32698523,1.01409844,1.127473963108746,9
1,[],28,[],2019-03-05 15:04:25,38763.15,0.00000166,0.000000000063503964,6850446,2019-03-05 15:04:25,btc,2708.761281370583,3553871.34,0.00000166,btc,11954.1497,0.0,0.035616829,9
1,[],1,[],2019-02-17 23:31:42,1822507.21,0.00000181000000000000003456111265232042484285557293333113193511962890625,0.000000000066086901,6701244,2019-02-17 23:31:42,btc,3.6990969245,17153386.5,0.00000181000000000000003456111265232042484285557293333113193511962890625,btc,1997391.71,31.11772986,3.2610482446,9
1,[],4,[],2019-02-17 11:22:43,4341674.27126056,0.00000002,0.0000000000007272960000000001,6696112,2019-02-17 11:22:43,btc,0.1997230937751353,0.0,0.00000002,btc,4109766.79808031,0.00215132,0.0479381022052112,10
0,[],2,[],2019-01-20 23:23:08,0.0,0,0,6476890,2019-01-20 23:23:08,,0.0,0.0,0,,0.0,0.0,0.0,12
1,[],4,[],2019-03-05 15:04:26,6647417.41299104,0.00000125,0.00000000004781925,6850447,2019-03-05 15:04:26,btc,10.204271106663489,0.0,0.00000125,btc,5444993.26494235,4.05415876,4.206143369254947,12
1,[],5,[],2019-03-05 15:04:28,0.0,0,0,6850448,2019-03-05 15:04:28,btc,0.0,0.43148476,0,btc,0.0,0.0,0.0,12
0.0,[],25,[],2019-03-05 15:04:29,0.0,0,0,6850449,2019-03-05 15:04:29,,0.0,0.0,0.0,btc,0.0,0.0,0.0,12
1,[],4,[],2019-03-05 15:04:30,31984607.78126529,0.00000567,0.000000000216908118,6850450,2019-03-05 15:04:30,btc,3.116891745311544,0.0,0.00000567,btc,428293.670751,0.42371434,1.0192181596468248,13
1,[],10,[],2019-03-05 15:04:33,417430.91840968,0.00000543,0.00000000020772682199999998,6850451,2019-03-05 15:04:33,btc,666802.4990749116,13600.0334875,0.00000543,btc,730209.06856507,0.0,0.2426409776337274,13
1,[],21,[],2019-03-05 15:04:34,1005077.30878012,0.000005920000000000000070922000911,0.000000000226471968,6850452,2019-03-05 15:04:34,btc,5.134490275856758,1483073.82866649,0.0000059200000000000000709220009109667870461635175161063671112060546875,btc,767445.93421176,8.66343646,5.375822827287371,13
1,[],4,[],2019-03-05 15:04:35,751047.04994527,0.00000132,0.000000000050497128,6850453,2019-03-05 15:04:35,btc,12.986561615838747,0.0,0.00000132,btc,899217.58071352,0.04349287,0.211696590826257,14
1,[],12,[],2019-03-05 15:04:36,213660.43169654,0.000001359999999999999896105784720490294859018831630237400531768798828125,0.000000000052027344,6850454,2019-03-05 15:04:36,btc,5.291273084472009,0.0,0.000001359999999999999896105784720490294859018831630237400531768798828125,btc,31237.09622013,0.0,0.0227925199998559,14
0,[],17,[],2019-03-05 15:04:38,0.0,0,0,6850455,2019-03-05 15:04:38,btc,0.0,0.0,0,btc,0.0,0.0,0.0,14
1,[],26,[],2019-03-05 15:04:38,0.0,0.00000050,0.0000000000191277,6850456,2019-03-05 15:04:38,btc,0.0,0.0,0.00000050,btc,0.0,0.0,0.0,14
0,[],4,[],2019-03-05 15:04:40,0.0,0,0,6850457,2019-03-05 15:04:40,,0.0,0.0,0,,0.0,0.0,0.0,15
,[],12,[],2018-12-01 15:15:48,204241.84496,0.00000489,0.000000000202473384,5260204,2018-12-01 15:15:48,btc,49.5475654835,0.0,,btc,35763.2193806,0.0163153972027625,0.0203389899998,15
0,[],17,[],2019-03-05 13:16:41,0.0,0,0,6849888,2019-03-05 13:16:41,btc,0.0,0.0,0,btc,0.0,0.0,0.0,18
0,[],2,[],2019-01-20 23:23:38,0.0,0,0,6476906,2019-01-20 23:23:38,,0.0,0.0,0,,0.0,0.0,0.0,18
1,[],4,[],2019-03-05 15:04:42,24515.47779083,0.00001761,0.000000000673677594,6850458,2019-03-05 15:04:42,btc,1.3593712446627082,0.0,0.00001761,btc,15857.87955034,0.0214237,0.0577215421670697,18
1,[],10,[],2019-03-05 15:04:44,785636.99410779,0.00001733,0.0000000006629660819999999,6850459,2019-03-05 15:04:44,btc,15.386047920179692,1658.8772322,0.00001733,btc,13268.01694659,0.0,0.1691143500184447,18
1,[],12,[],2019-03-05 15:04:45,193292.45199524,0.00001667999999999999954166003679478791354995337314903736114501953125,0.000000000638100072,6850460,2019-03-05 15:04:45,btc,23.629653267679277,0.0,0.00001667999999999999954166003679478791354995337314903736114501953125,btc,1822.82053139,0.0120537142670654,0.038805706422071796,18
0,[],2,[],2019-01-20 23:24:19,0.0,0,0,6476924,2019-01-20 23:24:19,,0.0,0.0,0,,0.0,0.0,0.0,19
1,[],3,[],2019-03-05 15:04:55,118633.22047962385,0.000020100000000000000678623823802126935333944857120513916015625,0.00000000076893354,6850461,2019-03-05 15:04:55,btc,0.5483373544727321,2.67636803919,0.000020100000000000000678623823802126935333944857120513916015625,btc,9920.83263074671,0.0,0.03599015526357824,19
1,[],4,[],2019-03-05 15:04:56,431477.43629432,0.00001911,0.000000000731060694,6850462,2019-03-05 15:04:56,btc,2.180133346768065,0.0,0.00001911,btc,76332.43773622,0.40774869,2.7242047501437385,19
1,[],5,[],2019-03-05 15:04:57,0.0,0,0,6850463,2019-03-05 15:04:57,btc,0.0,0.00548902,0,btc,0.0,0.0,0.0,19
1,[],12,[],2019-03-05 15:04:58,134876.29243633,0.00001836999999999999860756348668555659742196439765393733978271484375,0.0000000007027516979999999,6850464,2019-03-05 15:04:58,btc,0.1116342760807208,0.0,0.00001836999999999999860756348668555659742196439765393733978271484375,btc,417.56200924,0.0001837,0.1133963898985193,19
0,[],27,[],2019-03-05 15:05:01,0.0,0,0,6850465,2019-03-05 15:05:01,,0.0,0.0,0,btc,0.0,0.0,0.0,19
1,[],4,[],2019-03-05 15:05:02,2777931.30750687,0.00000013,0.000000000004973202,6850466,2019-03-05 15:05:02,btc,7.37859059072158,0.0,0.00000013,btc,2855684.97012105,0.0,0.0778367123002956,20
1,[],4,[],2019-03-05 15:05:03,104044721.4240369,0.00000002,0.000000000000765108,6850467,2019-03-05 15:05:03,btc,1803.1969216782281,0.0,0.00000002,btc,55484698.40039335,0.00022829,1.1676348716013787,21
1,[],12,[],2019-03-05 15:05:04,17916951.0,0.00000002,0.000000000000765108,6850468,2019-03-05 15:05:04,btc,670.8733402334847,0.0,0.00000002,btc,8127598.32857329,0.0,0.23057926,21
0,[],17,[],2019-03-05 12:13:08,0.0,0,0,6849529,2019-03-05 12:13:08,btc,0.0,0.0,0,btc,0.0,0.0,0.0,21
1,[],12,[],2019-03-05 15:05:07,3121584253.531895,0.0000000001,0.00000000000000382554,6850469,2019-03-05 15:05:07,btc,975866455575.8727,0.0,0.0000000001,btc,5003693827.741474,0.05438912146063935,0.31215842535318955,23
0,[],27,[],2019-03-05 15:05:09,0.0,0,0,6850470,2019-03-05 15:05:09,,13.506989854858427,0.0,0,eth,2025595.81164636,0.0,0.0,23
1,[],4,[],2019-03-05 15:05:10,485631.25318033,0.00000039,0.000000000014919606,6850471,2019-03-05 15:05:10,btc,9.055027697863274,0.0,0.00000039,btc,1560113.36781917,0.00120182,0.1465329122338401,24
1,[],22,[],2019-03-05 15:05:27,11.76,0.00000100,0.0000000000382554,6850472,2019-03-05 15:05:27,BTC,7.415e-05,0.0,0.00000100,BTC,23.919354838709676,0.0,1.176e-05,24
0.0,[],25,[],2019-03-05 15:05:28,0.0,0,0,6850473,2019-03-05 15:05:28,,0.0,0.0,0.0,btc,0.0,0.0,0.0,24
1,[],4,[],2019-03-05 15:05:29,26578181.83995154,0.00000611,0.000000000233740494,6850474,2019-03-05 15:05:29,btc,62.335151233695825,0.0,0.00000611,btc,241189.78691773,0.18252124,0.4364169820926803,26
1,[],10,[],2019-03-05 15:05:31,686231.42737183,0.000006,0.0000000002295324,6850475,2019-03-05 15:05:31,btc,26.131064121096067,4144.2316715,0.000006,btc,14719.9937472,0.0,0.2259930198116018,26
0,[],2,[],2019-01-20 23:25:56,0.0,0,0,6476976,2019-01-20 23:25:56,,0.0,0.0,0,,0.0,0.0,0.0,26
1,[],3,[],2019-03-05 15:05:32,10350056.88133568,0.00000001,0.000000000000382554,6850476,2019-03-05 15:05:32,btc,2.1392039161367067,24309.0,0.00000001,btc,16481893.46939095,0.0,0.1035005688133568,27
1,[],5,[],2019-03-05 15:05:33,0.0,0,0,6850477,2019-03-05 15:05:33,btc,0.0,7.899e-05,0,btc,0.0,0.0,0.0,27
1,[],11,[],2019-03-05 15:05:35,9462011.01151506,0.00000005,0.0000000000019127699999999997,6850478,2019-03-05 15:05:35,btc,67506.37927837588,8043.88,0.00000005,btc,7972323.38084264,0.0,0.4410008448653851,27
1,[],4,[],2019-03-05 15:05:36,1372143556.1485682,0.00000002,0.000000000000765108,6850479,2019-03-05 15:05:36,btc,2.7991893452438976,0.0,0.00000002,"btc,ltc",209341648.76993367,0.20202453,9.66416652152474,29
1,[],7,[],2019-03-05 15:05:38,36640927.39766667,0.00000002,0.000000000000765108,6850480,2019-03-05 15:05:38,btc,44462590.677778274,53329.7023395,0.00000002,btc,46262771.90297369,0.0,0.3924958459621116,29
0,[],17,[],2019-03-05 14:06:34,0.0,0,0,6850097,2019-03-05 14:06:34,btc,0.0,0.0,0,btc,0.0,0.0,0.0,30
1,[],4,[],2019-03-05 15:05:39,2359039.90232374,0.00000024,0.000000000009181296,6850481,2019-03-05 15:05:39,btc,2.433683543519685,0.0,0.00000024,btc,1680178.28888347,0.00693154,0.1068130402608577,30
1,[],4,[],2019-03-05 15:05:51,214289.61256034,0.00006651,0.000000002544366654,6850482,2019-03-05 15:05:51,btc,10.033973080570853,0.0,0.00006651,btc,96371.20641236,4.17418196,3.9560849808486718,31
1,[],21,[],2019-03-05 15:05:51,85614.77137033,0.00007262000000000000605234612427,0.000000002778107148,6850483,2019-03-05 15:05:51,btc,10.98311143475765,1551901.72263169,0.000072620000000000006052346124274521343977539800107479095458984375,btc,135774.40944189,118.61669619,5.892563250615684,31
0,[],2,[],2019-01-20 23:28:43,0.0,0,0,6477009,2019-01-20 23:28:43,,0.0,0.0,0,,0.0,0.0,0.0,32
1,[],4,[],2019-03-05 15:05:53,457675497.8423366,0.00000004,0.000000000001530216,6850484,2019-03-05 15:05:53,btc,12.082369608719596,0.0,0.00000004,"btc,ltc",219721817.86029786,0.30857105,11.142573540593991,33
1,[],12,[],2019-03-05 15:05:54,16608165.35,0.00000004,0.000000000001530216,6850485,2019-03-05 15:05:54,btc,35634695.16303535,0.0,0.00000004,btc,96290762.39360628,0.001573607792208,0.3205919205,33
1,[],4,[],2019-03-05 15:05:55,113094764.37325624,0.00000001,0.000000000000382554,6850486,2019-03-05 15:05:55,btc,3.616519403772087,0.0,0.00000001,btc,101432462.92195614,0.00269775,1.1309476437325623,34
1,[],5,[],2019-03-05 15:05:56,0.0,0,0,6850487,2019-03-05 15:05:56,btc,0.0,0.07309234,0,btc,0.0,0.0,0.0,34
0.0000000001348898,[],4,[],2019-03-05 15:05:57,2086069394.3253334,1.348898e-18,5.16026325492e-23,6850488,2019-03-05 15:05:57,ltc,6.729464790324966e-08,0.0,0.00000001,ltc,7853263194.673083,0.0,2.8138948338666536e-09,36
1,[],5,[],2019-03-05 15:05:58,0.0,0,0,6850489,2019-03-05 15:05:58,btc,0.0,0.0,0,btc,0.0,0.0,0.0,36
0.0000000003488492,[],27,[],2019-03-05 15:06:12,11290000.0,3.4884920000000004e-18,1.334536568568e-22,6850490,2019-03-05 15:06:12,eth,222.6013767858684,0.0,0.00000001,"ltc,eth",11165403.32426039,0.0,2.2234118228e-11,36
0,[],17,[],2019-03-05 14:16:14,0.0,0,0,6850302,2019-03-05 14:16:14,btc,0.0746458232965017,0.0,0,btc,4103573.70243647,0.0,0.0,36
1,[],17,[],2019-03-05 12:03:03,1752.74075282,0.00000025,0.000000000009345125,6849356,2019-03-05 12:03:03,btc,0.055484923777095005,0.0,0.00000025,btc,1319.19918473,0.0,0.00043818518820499993,37
1,[],4,[],2019-03-05 15:06:13,193130.19507033,0.00000053,0.000000000020275362,6850491,2019-03-05 15:06:13,btc,19772.48130822314,0.0,0.00000053,btc,566136.99297433,0.01110842,0.0768977024718959,37
1,[],12,[],2019-03-05 15:06:15,430885.00727651,0.00000054,0.000000000020657916000000002,6850492,2019-03-05 15:06:15,btc,1345.817020513193,0.0,0.00000054,btc,953203.05195852,0.113418179742137,0.0909700000000002,37
1,[],27,[],2019-03-05 15:06:21,14685.567,0.00000045,0.00000000001721493,6850493,2019-03-05 15:06:21,btc,25.77745805411233,0.0,0.00000045,btc,6527.38138508,0.0,0.00480032515,37
0.0000000003494301,[],27,[],2019-03-05 14:16:23,22000.0,3.4943009999999995e-17,1.335857295096e-21,6850306,2019-03-05 14:16:23,eth,0.00315028,0.0,0.0000001,"btc,eth",11.007,0.0,7.058488019999999e-13,42
1,[],5,[],2019-03-05 15:06:24,0.0,0,0,6850494,2019-03-05 15:06:24,btc,0.0,0.00168567,0,btc,0.0,0.0,0.0,42
1,[],12,[],2019-03-05 15:06:25,261050.6131758,0.0000010600000000000000155604695795119596368749625980854034423828125,0.000000000040550724,6850495,2019-03-05 15:06:25,btc,94.63821459655024,0.0,0.0000010600000000000000155604695795119596368749625980854034423828125,btc,90623.83078419,0.029105892535916,0.067650412573257,42
1,[],5,[],2019-03-05 14:16:24,0.0,0,0,6850307,2019-03-05 14:16:24,btc,0.0,0.00027471,0,btc,0.0,0.0,0.0,43
1,[],12,[],2019-03-05 14:16:25,1209361.0,0.00000001,0.000000000000382296,6850308,2019-03-05 14:16:25,btc,3569.074552336114,0.0,0.00000001,btc,11768494.65174823,0.0,0.01209361,43
0,[],17,[],2019-03-05 14:07:25,0.0,0,0,6850116,2019-03-05 14:07:25,btc,0.0,0.0,0,btc,0.0,0.0,0.0,43
1,[],12,[],2019-03-05 01:54:08,639326.02,0.00000004,0.000000000001486676,6845775,2019-03-05 01:54:08,btc,11116042.728239931,0.0,0.00000004,btc,1103841.4595604,0.0003330765234764,0.014975410599999999,44
1,[],4,[],2019-03-05 14:16:27,295866824.96196264,0.00000002,0.000000000000764592,6850309,2019-03-05 14:16:27,btc,473.6635545636379,0.0,0.00000002,"btc,ltc",12422783.52727227,0.03360824,0.23785229875128835,49
0,[],4,[],2019-03-05 15:06:35,0.0,0,0,6850501,2019-03-05 15:06:35,,25.808783851578642,0.0,0,,9731729959.293749,0.0,0.0,52
0.0000000001252474,[],22,[],2019-03-05 14:16:33,80845862.0,1.252474e-18,4.78815800304e-23,6850311,2019-03-05 14:16:33,XMR,4366.97466637,0.0,0.00000001,XMR,255820234.67882353,0.0,0.80845862,57
0.0000000003494301,[],27,[],2019-03-05 14:16:35,2000.0,3.4943009999999995e-18,1.335857295096e-22,6850312,2019-03-05 14:16:35,eth,0.0,0.0,0.00000001,"btc,eth",0.0,0.0,6.988602e-15,57
0.0000000001333491,[],4,[],2019-03-05 14:16:36,792389071.8568333,4.0004730000000005e-18,1.5293648260080002e-22,6850313,2019-03-05 14:16:36,ltc,18.80718715172054,0.0,0.00000003,ltc,4245320546.602819,0.0,1.8574467428982918e-09,58
1,[],12,[],2019-03-05 14:16:37,1592649894.843957,0.0000000004,0.00000000000001529184,6850314,2019-03-05 14:16:37,btc,224005953989.04642,0.0,0.0000000004,btc,3780482153.852725,0.04317856672487513,0.5122058421011392,58
0,[],17,[],2019-03-05 14:16:49,0.0,0,0,6850315,2019-03-05 14:16:49,btc,1e+24,0.0,0,btc,49226522.0897055,0.0,0.0,58
0.0000000001252474,[],22,[],2019-03-05 14:17:00,137438.0,1.252474e-18,4.78815800304e-23,6850316,2019-03-05 14:17:00,XMR,69.8835922,0.0,0.00000001,XMR,9887963.0,0.0,0.00137438,58
1,[],5,[],2019-03-05 14:17:02,0.0,0,0,6850317,2019-03-05 14:17:02,btc,0.0,0.00593782,0,btc,0.0,0.0,0.0,61
1,[],22,[],2019-03-05 14:17:06,13759.5,0.00000012,0.000000000004587552,6850318,2019-03-05 14:17:06,BTC,1002.2960049,0.0,0.00000012,BTC,14976.68361146909,0.0,0.00155017,61
1,[],26,[],2019-03-05 14:17:06,0.0,0.00000800,0.0000000003058368,6850319,2019-03-05 14:17:06,btc,0.0,0.0,0.00000800,btc,0.0,0.0,0.0,61
1,[],27,[],2019-03-05 14:17:08,4413.2201,0.00000047,0.000000000017967912,6850320,2019-03-05 14:17:08,btc,7.770044134760152,1362.81022259,0.00000047,"btc,eth",20008.02717831,0.01355996,0.0012446999689391205,61
1,[],28,[],2019-03-05 14:17:10,13880.304,0.0000005,0.0000000000191148,6850321,2019-03-05 14:17:10,btc,2.056312978300105,760.0,0.0000005,btc,9730.59500005,0.0,0.00566391304,61
1,[],4,[],2019-03-05 14:17:11,1300454.97709205,0.00000272,0.000000000103984512,6850322,2019-03-05 14:17:11,btc,11.162273268512322,0.0,0.00000272,btc,776690.75534856,0.13957235,1.0713172923428704,67
0.0,[],25,[],2019-03-05 14:17:13,0.0,0,0,6850323,2019-03-05 14:17:13,,0.0,0.0,0.0,btc,0.0,0.0,0.0,67
1,[],12,[],2019-03-05 14:17:15,1787221.28917542,0.0000002,0.00000000000764592,6850324,2019-03-05 14:17:15,btc,11115899.27752488,0.0,0.0000002,btc,2223211.2609257,0.000474289340661,0.0815985264411082,71
,[],5,[],2018-11-20 23:02:39,1.5e-07,0.00000005,0.000000000002128045,4862160,2018-11-20 23:02:39,btc,2.84511358,0.0,,btc,0.00036572,0.0,0.07381892,74
1,[],5,[],2019-03-05 14:17:17,0.0,0,0,6850325,2019-03-05 14:17:17,btc,0.0,0.0,0,btc,0.0,0.0,0.0,75
1,[],4,[],2019-03-05 14:17:18,15155154.01424166,0.00000001,0.000000000000382296,6850326,2019-03-05 14:17:18,btc,11388.985316363369,0.0,0.00000001,btc,40009178.62632191,0.00669333,0.1515515401424166,81
0,[],20,[],2019-01-25 09:30:31,0.0,0,0,6495923,2019-01-25 09:30:31,btc,0.0,0.0,0,btc,0.0,0.0,0.0,81
1,[],4,[],2019-03-05 14:17:20,28216.93477329,0.00007864,0.000000003006375744,6850327,2019-03-05 14:17:20,btc,18.10821800674815,0.0,0.00007864,btc,12198.39029534,0.01847118,0.1657034792733181,82
1,[],21,[],2019-03-05 14:17:21,752534.1726233,0.00007270000000000000528639632069,0.00000000277929192,6850328,2019-03-05 14:17:21,btc,2.3180987071424863,3542.60757557,0.00007270000000000000528639632069172193951089866459369659423828125,btc,26681.08307483,0.25675282,1.9611770097511732,82
0,[],17,[],2019-03-05 13:19:17,0.0,0,0,6849950,2019-03-05 13:19:17,btc,0.0447233088476774,0.0,0,btc,999127.19588126,0.0,0.0,84
0.0000000001333491,[],4,[],2019-03-05 14:17:33,121090030.66553254,4.0004730000000005e-18,1.5293648260080002e-22,6850329,2019-03-05 14:17:33,ltc,1.749493358745189,0.0,0.00000003,ltc,412903937.9677121,0.0,2.4857003296721864e-10,85
,[],22,[],2018-11-20 23:09:34,3408.1,0.0000001,0.0000000000041895,4862324,2018-11-20 23:09:34,BTC,0.04624735,0.0,,BTC,4990.0,0.0,0.00033081,86
0,[],22,[],2019-02-22 12:52:35,0.0,0,0,6758847,2019-02-22 12:52:35,,2.0760781,0.0,0,,140622.94736842104,0.0,0.0,87
0,[],27,[],2019-02-22 12:52:37,0.0,0,0,6758848,2019-02-22 12:52:37,,0.0,0.0,0,btc,0.0,0.0,0.0,87
,[],2,[],2018-11-20 23:10:47,0.0,0,0,4862359,2018-11-20 23:10:47,,0.0,0.0,,,0.0,0.0,0.0,88
1,[],11,[],2019-03-05 14:17:35,103062.63162435,0.00014483000000000000755985551936788624516339041292667388916015625,0.000000005536792968000001,6850330,2019-03-05 14:17:35,btc,610.2386281818564,255.79398662,0.00014483000000000000755985551936788624516339041292667388916015625,btc,105999.86973085,0.0,7.683954303088023,89
1,[],12,[],2019-03-05 14:17:35,467883.14237904997,0.000001080000000000000035831255497387193287295303889550268650054931640625,0.000000000041287968000000004,6850331,2019-03-05 14:17:35,btc,39.56500300261354,0.0,0.000001080000000000000035831255497387193287295303889550268650054931640625,btc,72980.56123871,0.0256153265985057,0.0651897352594322,91
0,[],2,[],2019-01-20 23:31:45,0.0,0,0,6477083,2019-01-20 23:31:45,,0.0,0.0,0,,0.0,0.0,0.0,91
0,[],17,[],2019-03-05 14:17:47,0.0,0,0,6850332,2019-03-05 14:17:47,btc,0.0,0.0,0,btc,0.0,0.0,0.0,91
1,[],22,[],2019-03-05 14:17:51,65900.0,0.00000001,0.000000000000382296,6850333,2019-03-05 14:17:51,BTC,3e-06,0.0,0.00000001,BTC,1.0,0.0,0.000659,91
0.0000000001333491,[],22,[],2019-03-05 14:17:55,1580418.0,6.6674550000000005e-18,2.54894137668e-22,6850334,2019-03-05 14:17:55,LTC,8.53121199,0.0,0.00000005,LTC,71989912.1,1.59740220381e-12,0.0790209,95
0.0000000001333491,[],4,[],2019-03-05 14:17:56,646483750.5190946,9.0677388e-17,3.4665602722848e-21,6850335,2019-03-05 14:17:56,ltc,11.893492737487167,0.0,0.00000068,ltc,136021317.94687977,0.0,2.0498052673188845e-09,96
1,[],12,[],2019-03-05 14:17:57,74759.47400001,0.00000001,0.000000000000382296,6850336,2019-03-05 14:17:57,btc,378535.71165072767,0.0,0.00000001,btc,8979449.92440533,1.599000999e-05,0.0007475947400001,96
0,[],17,[],2019-03-05 13:08:16,0.0,0,0,6849757,2019-03-05 13:08:16,btc,0.0,0.0,0,btc,0.0,0.0,0.0,96
1,[],4,[],2019-03-05 14:17:59,1263669.18545738,0.00000021,0.000000000008028216,6850337,2019-03-05 14:17:59,btc,2.741027133932425,0.0,0.00000021,btc,2593550.42654714,0.05681036,0.0835443826815536,99
1,[],4,[],2019-03-05 14:18:00,351751.06334939,0.00004052,0.0000000015490633920000001,6850338,2019-03-05 14:18:00,btc,11.205505518907056,0.0,0.00004052,btc,155945.80221185,1.60876922,3.0696517708958337,100
0,[],2,[],2019-01-20 23:23:55,0.0,0,0,6476914,2019-01-20 23:23:55,,0.0,0.0,0,,0.0,0.0,0.0,100
1,[],22,[],2019-03-05 14:18:06,50000.0,0.00000001,0.000000000000382296,6850339,2019-03-05 14:18:06,BTC,23.49896609,0.0,0.00000001,BTC,10277.22,0.0,0.0005,101
1,[],4,[],2019-03-05 14:18:07,424820.84684054,0.00000077,0.000000000029436792,6850340,2019-03-05 14:18:07,btc,308.05465931793003,0.0,0.00000077,btc,508411.45477958,0.08828966,0.2030369561926093,103
1,[],12,[],2019-03-05 14:18:09,71695685.74599999,0.000000009,0.0000000000003440664,6850341,2019-03-05 14:18:09,btc,137279915.24402565,0.0,0.000000009,btc,126164598.68734986,0.03436583207092929,0.264307186714,105
1,[],27,[],2019-03-05 14:18:14,115397.89,0.00000001,0.000000000000382296,6850342,2019-03-05 14:18:14,btc,36.59791032491341,990385.51467673,0.00000001,btc,1051440.73571724,0.01980771,0.0011539789,105
1,[],22,[],2019-03-05 14:18:18,9328.0,0.00000001,0.000000000000382296,6850343,2019-03-05 14:18:18,BTC,51.10837004,0.0,0.00000001,BTC,470435.0,0.0,9.328e-05,107
1,[],26,[],2019-03-05 14:18:18,0.0,0.00000000,0,6850344,2019-03-05 14:18:18,btc,0.0,0.0,0.00000000,btc,0.0,0.0,0.0,107
1,[],5,[],2019-03-05 14:18:19,0.0,0,0,6850345,2019-03-05 14:18:19,btc,0.0,1.625e-05,0,btc,0.0,0.0,0.0,112
1,[],22,[],2019-03-05 14:18:22,1966.0,0.00000001,0.000000000000382296,6850346,2019-03-05 14:18:22,BTC,2.81243288,0.0,0.00000001,BTC,828524.0833333334,0.0,1.966e-05,112
0.0000000003494301,[],27,[],2019-03-05 14:18:25,2000.0,3.4943009999999995e-18,1.335857295096e-22,6850347,2019-03-05 14:18:25,eth,1.24892491849924,0.0,0.00000001,"btc,eth",1288.641654,0.0,6.988602e-15,112
1,[],4,[],2019-03-05 14:18:26,1235592.78579617,0.00000178,0.000000000068048688,6850348,2019-03-05 14:18:26,btc,4.879420987038243,0.0,0.00000178,btc,340681.285285,0.05850942,0.8932939814296842,113
1,[],5,[],2019-03-05 14:18:27,0.0,0,0,6850349,2019-03-05 14:18:27,btc,0.0,0.0,0,btc,0.0,0.0,0.0,113
0,[],27,[],2019-03-05 14:18:30,0.0,0,0,6850350,2019-03-05 14:18:30,,0.0,0.0,0,btc,0.0,0.0,0.0,116
1,[],17,[],2019-03-05 14:09:10,152738.278,0.00000004,0.0000000000015400120000000002,6850158,2019-03-05 14:09:10,btc,1.33680302678,0.0,0.00000004,btc,50696.221,0.0,0.0022095311199999998,116
1,[],4,[],2019-03-05 14:18:31,76636.26811887,0.00002588,0.000000000989382048,6850351,2019-03-05 14:18:31,btc,29.67447498908012,0.0,0.00002588,btc,90162.19283651,2.01033334,0.9909568374756942,120
1,[],7,[],2019-03-05 14:18:34,21552.81716395,0.00002112999999999999928734957521658799350916524417698383331298828125,0.000000000807791448,6850352,2019-03-05 14:18:34,btc,115647.59413347744,252.03590003,0.00002112999999999999928734957521658799350916524417698383331298828125,btc,56410.76621529,0.00546349,0.0582721309447054,120
1,[],20,[],2019-03-05 14:18:37,1946192.9541,0.000000035,0.0000000000013380360000000001,6850353,2019-03-05 14:18:37,btc,32.2957660726996,22235.1986,0.000000035,btc,1009792.2699,0.000806162451,0.0222000481556,125
1,[],22,[],2019-03-05 14:18:40,3053.0,0.00000001,0.000000000000382296,6850354,2019-03-05 14:18:40,BTC,0.01444887,0.0,0.00000001,BTC,296263.5111111111,0.0,3.053e-05,126
1,[],4,[],2019-03-05 14:18:41,148768.5077521,0.00001238,0.000000000473282448,6850355,2019-03-05 14:18:41,btc,3.812264976925931,0.0,0.00001238,btc,116043.28324573,0.18995118,0.6715104068889542,131
0,[],17,[],2019-03-05 14:09:39,0.0,0,0,6850165,2019-03-05 14:09:39,btc,0.0009561751951600001,0.0,0,btc,35.42829368,0.0,0.0,131
0,[],2,[],2019-01-20 23:25:46,0.0,0,0,6476969,2019-01-20 23:25:46,,0.0,0.0,0,,0.0,0.0,0.0,131
1,[],4,[],2019-03-05 14:18:43,4557.15252875,0.00016001,0.000000006117118296,6850356,2019-03-05 14:18:43,btc,1.6204261844051149,0.0,0.00016001,btc,241.25503526,0.00011999,0.0084138371506287,135
1,[],3,[],2019-03-05 13:09:11,1063515.28776843,0.00000004,0.0000000000015004920000000001,6849779,2019-03-05 13:09:11,btc,0.1210989864032991,22200.2,0.00000004,btc,710371.97486755,0.0,0.0312037341737019,136
1,[],4,[],2019-03-05 14:18:43,316910.50215653,0.00000152,0.000000000058108992,6850357,2019-03-05 14:18:43,btc,38.245358495438495,0.0,0.00000152,btc,522894.27979716,0.01079499,0.0663645898969596,137
1,[],12,[],2019-03-05 14:18:44,293020.09356563,0.00000145000000000000009320343975771638866945068002678453922271728515625,0.00000000005543292000000001,6850358,2019-03-05 14:18:44,btc,11807.600212894235,0.0,0.00000145000000000000009320343975771638866945068002678453922271728515625,btc,125007.44120894,0.0002225,0.0181735300000048,137
1,[],4,[],2019-03-05 14:18:45,105730.96086781,0.00004273,0.000000001633550808,6850359,2019-03-05 14:18:45,btc,28.774891136163312,0.0,0.00004273,btc,42703.66510603,0.09488554,0.6649256447710762,142
1,[],5,[],2019-03-05 14:18:47,0.0,0,0,6850360,2019-03-05 14:18:47,btc,0.0,0.02575636,0,btc,0.0,0.0,0.0,142
1,[],17,[],2019-03-05 14:18:48,22967.386363640002,0.00000088,0.000000000033642048000000006,6850361,2019-03-05 14:18:48,btc,20.0699133484,0.0,0.00000088,btc,405.079105,0.0,0.0104613000000032,142
1,[],20,[],2019-03-05 14:18:50,132604.311,0.000028095,0.000000001074060612,6850362,2019-03-05 14:18:50,btc,0.3065169609112,0.14,0.000028095,btc,1594.2832,3.93109e-06,0.2174835579237,142
1,[],22,[],2019-03-05 14:18:53,1685.8988921568628,0.00004000,0.0000000015291840000000001,6850363,2019-03-05 14:18:53,BTC,3.00385504,0.0,0.00004000,BTC,891.218,0.0,0.00174536,142
0.0,[],25,[],2019-03-05 14:18:54,0.0,0,0,6850364,2019-03-05 14:18:54,,0.0,0.0,0.0,btc,0.0,0.0,0.0,142
1,[],28,[],2019-03-05 14:18:56,76144.0,0.00000820,0.00000000031348272,6850365,2019-03-05 14:18:56,btc,0.0639742472,1755.0,0.00000820,btc,500.6113,0.0,0.004468,142
0,[],22,[],2019-03-05 14:18:58,0.0,0,0,6850366,2019-03-05 14:18:58,,60.71782865,0.0,0,,695843617.3,0.0,0.0,143
0,[],22,[],2019-02-25 15:42:22,0.0,0,0,6783783,2019-02-25 15:42:22,,4.2131946,0.0,0,,2322156.0,0.0,0.0,146
,[],22,[],2018-11-20 23:01:11,0.0,0,0,4862114,2018-11-20 23:01:11,,2.56807021,0.0,,,61828.4988236,0.0,0.0,147
1,[],12,[],2019-03-05 14:19:00,218178.10483281,0.000002110000000000000126864664606873844832080067135393619537353515625,0.00000000008066445600000001,6850367,2019-03-05 14:19:00,btc,28.615006858229265,0.0,0.000002110000000000000126864664606873844832080067135393619537353515625,btc,117338.96938791,2.13459e-05,0.025899839999874,148
1,[],4,[],2019-03-05 14:19:00,273699.53737158,0.00000034,0.000000000012998064,6850368,2019-03-05 14:19:00,btc,219.9919899579859,0.0,0.00000034,btc,839956.59692527,0.00074996,0.066185223627466,152
0,[],22,[],2019-03-05 14:19:03,0.0,0,0,6850369,2019-03-05 14:19:03,,0.0,0.0,0,,0.0,0.0,0.0,152
1,[],5,[],2019-03-05 14:19:04,0.0,0,0,6850370,2019-03-05 14:19:04,btc,0.0,0.0,0,btc,0.0,0.0,0.0,153
,[],16,[],2019-01-11 15:38:59,0.0,0,0,6366141,2019-01-11 15:38:59,btc,0.0,0.0,,btc,0.0,0.0,0.0,155
0,[],22,[],2019-03-05 14:19:08,0.0,0,0,6850371,2019-03-05 14:19:08,,6.7463875,0.0,0,,4674391.242592593,0.0,0.0,156
0,[],23,[],2019-01-20 23:24:29,0.0,0,0,6476932,2019-01-20 23:24:29,,0.0,0.0,0,,0.0,0.0,0.0,156
1,[],22,[],2019-03-05 14:19:11,7073.8,0.00005300,0.0000000020261688,6850372,2019-03-05 14:19:11,BTC,1.80343699,0.0,0.00005300,BTC,899.6422341958436,0.0,0.00104336,157
0,[],22,[],2019-03-05 14:19:14,0.0,0,0,6850373,2019-03-05 14:19:14,,50175.67608608,0.0,0,,54079135.04179466,0.0,0.0,158
,[],17,[],2018-11-20 22:56:10,0.0,0,0,4861976,2018-11-20 22:56:10,btc,1.1265625,0.0,,btc,1000.0,0.0,0.0,159
,[],20,[],2018-11-20 22:56:12,0.0,0,0,4861977,2018-11-20 22:56:12,btc,11912.7940471,0.0,,btc,34413894.3617,0.0,0.0,159
1,[],12,[],2019-03-05 14:19:15,180535.97303755,0.0000075499999999999997112878034888350242681553936563432216644287109375,0.00000000028863348,6850374,2019-03-05 14:19:15,btc,6.642083386821172,0.0,0.0000075499999999999997112878034888350242681553936563432216644287109375,btc,13607.30087297,0.0128036842634553,0.084582998338017,168
1,[],17,[],2019-03-05 13:21:51,29784.95,0.000001,0.000000000037642199999999996,6849994,2019-03-05 13:21:51,btc,0.03026736251542,0.0,0.000001,btc,144.46171372,0.0,0.00716147,168
0,[],22,[],2019-03-05 14:19:29,0.0,0,0,6850375,2019-03-05 14:19:29,,1.1341504,0.0,0,,539283.174707144,0.0,0.0,169
1,[],22,[],2019-03-05 14:19:32,203600.0,0.00000002,0.000000000000764592,6850376,2019-03-05 14:19:32,BTC,13.25047031,0.0,0.00000002,BTC,146217.2939341018,0.0,0.002072,171
1,[],22,[],2019-03-05 14:10:52,517069.0,0.0000001,0.00000000000385003,6850186,2019-03-05 14:10:52,BTC,2.19477951,0.0,0.0000001,"BTC,LTC",239004.78878857908,6.6e-07,0.0294229,173
1,[],5,[],2019-03-05 01:59:40,0.0,0,0,6845846,2019-03-05 01:59:40,btc,0.0,0.00384852,0,btc,0.0,0.0,0.0,175
1,[],22,[],2019-03-05 14:19:35,36490.833333333336,0.0000003,0.00000000001146888,6850377,2019-03-05 14:19:35,BTC,0.54826403,0.0,0.0000003,BTC,138776.41384013777,0.0,0.00239125,176
1,[],7,[],2019-03-05 14:19:36,0.0,0,0,6850378,2019-03-05 14:19:36,btc,410918.84255256574,0.0,0,btc,117734633.84370454,0.0,0.0,178
0,[],22,[],2019-03-05 14:19:39,0.0,0,0,6850379,2019-03-05 14:19:39,,1.00242438,0.0,0,,57522.0,0.0,0.0,178
0,[],2,[],2019-01-20 23:28:34,0.0,0,0,6477001,2019-01-20 23:28:34,,0.0,0.0,0,,0.0,0.0,0.0,178
1,[],5,[],2019-03-05 14:19:40,0.0,0,0,6850380,2019-03-05 14:19:40,btc,0.0,0.02842387,0,btc,0.0,0.0,0.0,179
1,[],22,[],2019-03-05 14:19:44,6949180.5,0.00000002,0.000000000000764592,6850381,2019-03-05 14:19:44,BTC,5.68496085,0.0,0.00000002,"BTC,LTC",18878728.089868754,0.0,0.37392433,179
0,[],23,[],2019-01-20 23:25:08,0.0,0,0,6476952,2019-01-20 23:25:08,,0.0,0.0,0,,0.0,0.0,0.0,179
1,[],22,[],2019-03-05 14:19:59,148605.4,0.00000100,0.0000000000382296,6850382,2019-03-05 14:19:59,BTC,0.24534639,0.0,0.00000100,"BTC,LTC",83115.48138941739,0.02170155,0.01180544,180
1,[],26,[],2019-03-05 14:19:59,0.0,0.00000125,0.000000000047787000000000004,6850383,2019-03-05 14:19:59,btc,0.0,150.0,0.00000125,btc,0.0,0.0,0.0,180
1,[],17,[],2019-03-05 14:11:16,10504.725,0.0000001,0.00000000000385003,6850192,2019-03-05 14:11:16,btc,5.2010695838170005,0.0,0.0000001,btc,4994.45945,0.0,0.0010504725,180
,[],7,[],2018-11-20 22:58:01,562227.975654,0.00000085,0.000000000036176765,4862015,2018-11-20 22:58:01,btc,21836.6059674,2491.87645172,,btc,749999.041456,0.00211021,0.127565380455,183
,[],5,[],2019-01-10 08:11:41,0.0,0,0,6347036,2019-01-10 08:11:41,btc,82.15055501,0.00261,,btc,1.19002445,0.0,0.0,187
1,[],24,[],2019-03-05 14:20:00,0.0,0.000000000001,3.82296e-17,6850384,2019-03-05 14:20:00,btc,0.0,0.0,0.000000000001,btc,0.0,0.0,0.0,187
,[],17,[],2018-11-16 20:58:10,4062536.27273,0.00000001,0.000000000000550501,4708775,2018-11-16 20:58:10,btc,3.36492563466,0.195460381006,,"btc,eth",110697919.549,0.0,0.0157628953496,187
0,[],22,[],2019-03-04 23:55:24,0.0,0,0,6845261,2019-03-04 23:55:24,,7.42841024,0.0,0,,79361.7243078683,0.0,0.0,191
0,[],22,[],2019-03-05 14:20:09,0.0,0,0,6850385,2019-03-05 14:20:09,,0.0,0.0,0,,0.0,0.0,0.0,197
0,[],23,[],2019-01-20 23:31:41,0.0,0,0,6477079,2019-01-20 23:31:41,,0.0,0.0,0,,0.0,0.0,0.0,199
0,[],22,[],2019-03-05 14:20:23,0.0,0,0,6850386,2019-03-05 14:20:23,,5.19477622,0.0,0,,21058553.0,0.0,0.0,199
1,[],26,[],2019-03-05 14:20:23,0.0,0.00000000,0,6850387,2019-03-05 14:20:23,btc,0.0,149150.0,0.00000000,btc,0.0,0.0,0.0,199
0,[],17,[],2019-01-30 16:32:01,0.0,0,0,6540827,2019-01-30 16:32:01,btc,6.802544163788159,0.0,0,btc,105897.55575295,0.0,0.0,200
0,[],2,[],2019-01-20 23:30:49,0.0,0,0,6477059,2019-01-20 23:30:49,,0.0,0.0,0,,0.0,0.0,0.0,201
1,[],4,[],2019-01-25 15:51:35,2084389.58565343,0.00000936,0.000000000333526752,6499557,2019-01-25 15:51:35,btc,2.0092503037378524,0.0,0.00000936,btc,160195.80207885,0.19272417,1.242687955921835,211
1,[],7,[],2019-03-05 14:20:26,2035330.15168676,0.000001210000000000000061712245556788669631487209699116647243499755859375,0.000000000046257816,6850388,2019-03-05 14:20:26,btc,15476656.504125549,738786.890662,0.000001210000000000000061712245556788669631487209699116647243499755859375,btc,13963406.31372028,0.0,1.576606205792162,212
1,[],5,[],2019-03-05 14:20:29,0.0,0,0,6850389,2019-03-05 14:20:29,btc,0.0,0.1697415,0,btc,0.0,0.0,0.0,213
1,[],24,[],2019-03-05 14:20:29,0.0,0.000000120000,0.000000000004587552,6850390,2019-03-05 14:20:29,btc,0.0,0.0,0.000000120000,btc,0.0,0.0,0.0,213
1,[],26,[],2019-03-05 14:20:29,0.0,0.00000010,0.0000000000038229600000000005,6850391,2019-03-05 14:20:29,btc,0.0,0.0,0.00000010,btc,0.0,0.0,0.0,213
1,[],12,[],2019-01-25 02:44:32,207462.42853209,0.000001080000000000000035831255497387193287295303889550268650054931640625,0.000000000038610756000000006,6493050,2019-01-25 02:44:32,btc,85023.03793723314,0.0,0.000001080000000000000035831255497387193287295303889550268650054931640625,btc,43675.73520027,0.000146250909087,0.0348620860622024,213
1,[],22,[],2019-03-05 14:20:34,57996.0,0.00000003,0.000000000001146888,6850392,2019-03-05 14:20:34,BTC,2.23272342,0.0,0.00000003,BTC,620045.3963726171,0.0,0.00115818,216
1,[],27,[],2019-03-05 14:20:37,1298602.0,0.00000003,0.000000000001146888,6850393,2019-03-05 14:20:37,btc,316.25863360644,0.0,0.00000003,"btc,ltc",238161.907,0.0,0.033772040000240026,216
1,[],22,[],2019-03-05 14:20:42,175317.06081954937,0.00000178,0.000000000068048688,6850394,2019-03-05 14:20:42,BTC,12673.41946776,0.0,0.00000178,BTC,397417.5324499344,0.00145808,0.20048877,217
1,[],7,[],2019-03-05 14:20:42,0.0,0,0,6850395,2019-03-05 14:20:42,btc,77969.65966620563,0.0,0,btc,136168678.88835862,0.0,0.0,219
0,[],27,[],2019-03-05 14:20:44,0.0,0,0,6850396,2019-03-05 14:20:44,,0.03997288,0.0,0,btc,2007233.0,0.0,0.0,219
0.0000000000000053,[],28,[],2019-03-05 14:20:46,168897636.057,5.8300000000000006e-18,2.2287856800000003e-22,6850397,2019-03-05 14:20:46,doge,84213.6327103825,445663.0,0.00110000,"btc,doge",3504260.84751,0.0,1.645713245056949e-11,219
1,[],22,[],2019-03-05 14:20:50,295713.6666666667,0.00000004,0.000000000001529184,6850398,2019-03-05 14:20:50,BTC,2.79341839,0.0,0.00000004,BTC,85101.27041875875,8.4e-05,0.00922585,221
1,[],24,[],2019-03-05 14:20:50,0.0,0.000000200000,0.000000000007645920000000001,6850399,2019-03-05 14:20:50,btc,0.0,0.0,0.000000200000,btc,0.0,0.0,0.0,221
1,[],20,[],2019-03-05 14:20:52,39105329.5253,0.000000001,0.0000000000000382296,6850400,2019-03-05 14:20:52,btc,48.4414392087255,1001771.7281,0.000000001,btc,15826885.0042,0.0010017717281,0.0391053295253,224
0,[],22,[],2019-03-05 14:21:00,0.0,0,0,6850401,2019-03-05 14:21:00,,0.0,0.0,0,,0.0,0.0,0.0,224
1,[],26,[],2019-03-05 14:21:00,0.0,0.00000035,0.000000000013380360000000001,6850402,2019-03-05 14:21:00,btc,0.0,0.0,0.00000035,btc,0.0,0.0,0.0,231
1,[],26,[],2019-03-05 14:21:00,0.0,0.00000005,0.0000000000019114800000000003,6850403,2019-03-05 14:21:00,btc,0.0,100.0,0.00000005,btc,0.0,0.0,0.0,234
0.0000000003494301,[],27,[],2019-03-05 14:21:03,2000.0,3.4943009999999995e-18,1.335857295096e-22,6850404,2019-03-05 14:21:03,eth,0.01134836604,0.0,0.00000001,"btc,eth",11462.996,0.0,6.988602e-15,234
1,[],4,[],2019-03-05 14:21:04,763647.49716985,0.00000071,0.000000000027143016000000002,6850405,2019-03-05 14:21:04,btc,4.748871264523569,0.0,0.00000071,btc,1233632.90470068,0.05495293,0.1853923423469526,236
1,[],24,[],2019-03-05 14:21:04,0.0,0.000000300000,0.00000000001146888,6850406,2019-03-05 14:21:04,btc,0.0,0.0,0.000000300000,btc,0.0,0.0,0.0,236
1,[],20,[],2019-03-05 14:21:06,166893055.3048,0.000000064,0.0000000000024466944,6850407,2019-03-05 14:21:06,btc,13.1604650961884,27237266.9176,0.000000064,btc,41747262.2762,1.748159866735,0.5389215364963,237
0.0000000001333491,[],22,[],2019-03-05 14:21:15,751594.9,2.2669347e-17,8.666400680712e-22,6850408,2019-03-05 14:21:15,LTC,0.0413973,0.0,0.00000017,LTC,7239.0,0.0,0.12541949,237
1,[],4,[],2019-03-05 14:21:17,8655768.41323589,0.00000033,0.000000000012615768,6850409,2019-03-05 14:21:17,btc,6.5214017480797,0.0,0.00000033,btc,10487906.4282613,0.13263771,2.1375553764044497,238
1,[],5,[],2019-03-05 14:21:18,0.0,0,0,6850410,2019-03-05 14:21:18,btc,0.0,0.0002729,0,btc,0.0,0.0,0.0,238
0,[],22,[],2019-03-05 14:21:21,0.0,0,0,6850411,2019-03-05 14:21:21,,0.41339518,0.0,0,,316626.5639027493,0.0,0.0,249
0.0000000001333491,[],22,[],2019-03-05 14:21:25,87163180.66666667,5.333964e-18,2.039153101344e-22,6850412,2019-03-05 14:21:25,LTC,1.1545019,0.0,0.00000004,LTC,19513722.09,4.880299693872e-12,2.70466333,252
1,[],28,[],2019-03-05 14:21:27,2215341.628,0.00000035,0.000000000013380360000000001,6850413,2019-03-05 14:21:27,btc,164732.82733141878,58285.1,0.00000035,btc,2637367.2844,0.0,0.36897778962,256
1,[],22,[],2019-03-05 14:21:30,1070354.0,0.00000002,0.000000000000764592,6850414,2019-03-05 14:21:30,BTC,31.48602112,0.0,0.00000002,BTC,717418.2057866945,0.00012,0.01087354,258
1,[],22,[],2019-03-05 14:12:45,48751.0,0.00000001,0.00000000000038500300000000004,6850226,2019-03-05 14:12:45,BTC,2.4175745,0.0,0.00000001,BTC,1762.0,0.0,0.00048751,259
1,[],5,[],2019-03-05 14:21:32,0.0,0,0,6850415,2019-03-05 14:21:32,btc,0.0,0.34678617,0,btc,0.0,0.0,0.0,264
1,[],20,[],2019-03-05 14:21:33,1254152.0296,0.0000022,0.00000000008410512000000001,6850416,2019-03-05 14:21:33,btc,7.4529273360408,162202.2261,0.0000022,btc,105021.7352,0.4235651378001,0.018302306122,264
0,[],22,[],2019-03-05 14:21:36,0.0,0,0,6850417,2019-03-05 14:21:36,,8.45802393,0.0,0,,433537.34411321935,0.0,0.0,271
0,[],22,[],2019-03-05 14:21:48,0.0,0,0,6850418,2019-03-05 14:21:48,,266.52465314,0.0,0,,13965061677.692,0.0,0.0,272
0.0000000000000053,[],28,[],2019-03-05 14:21:50,207937166937.905,4.876e-21,1.864075296e-25,6850419,2019-03-05 14:21:50,doge,151022612.69049227,19991758885.1423,0.00000092,doge,193894531719.2923,0.0,5.69806910211913e-10,272
1,[],22,[],2019-03-05 14:22:00,212466.74,0.00000131,0.000000000050080776,6850420,2019-03-05 14:22:00,BTC,74.34381249,0.0,0.00000131,"BTC,LTC",9549.48778575859,0.0071776,0.10186195,281
1,[],22,[],2019-03-05 14:22:05,95283.0,0.00000004,0.000000000001529184,6850421,2019-03-05 14:22:05,BTC,1.18417615,0.0,0.00000004,BTC,131084.30634060455,0.00336993,0.00261425,286
0,[],22,[],2019-03-05 14:22:08,0.0,0,0,6850422,2019-03-05 14:22:08,,43641.05520291,0.0,0,,831015134.0,0.0,0.0,294
