pairValue,buyBook,exchangeId,sellBook,updated,buyTotal,satoshiPrice,usdPrice,exchangeLogId,created,bestPair,sellTotalBtc,volume,pairPrice,activePairs,sellTotal,volumeBtc,buyTotalBtc,coinId
1,[],28,[],2019-03-16 04:11:24,993.038,0.01232000,0.000000489959008,6942720,2019-03-16 04:11:24,btc,0.147901439075,18365.75,0.01232000,btc,7.9421,0.0,0.087801256,1
0,[],2,[],2019-01-20 23:28:45,0.0,0,0,6477011,2019-01-20 23:28:45,,0.0,0.0,0,,0.0,0.0,0.0,1
1,[],3,[],2019-03-16 04:10:44,30534.24154986696,0.01322505000000000034698910411634642514400184154510498046875,0.0000005259523034700001,6942709,2019-03-16 04:10:44,btc,61.15082114559279,2.71830382706,0.01322505000000000034698910411634642514400184154510498046875,btc,27.31965072398,0.0,0.21953068177972562,1
1,[],4,[],2019-03-16 04:10:45,207811.44763826,0.01327333,0.000000527872370102,6942710,2019-03-16 04:10:45,btc,13.567699657214082,0.0,0.01327333,btc,269.71260109,1.3150514,1.883799298170504,1
1,[],5,[],2019-03-16 04:10:49,0.0,0,0,6942711,2019-03-16 04:10:49,btc,0.0,0.10129501,0,btc,0.0,0.0,0.0,1
1,[],10,[],2019-03-16 04:10:51,413745.03424059,0.01107406,0.00000044040872176400003,6942712,2019-03-16 04:10:51,btc,6522.024242105298,2101.92788088,0.01107406,btc,952.25493802,0.0,4.504466066652863,1
1,[],12,[],2019-03-16 04:10:54,102.20884871,0.01323000000000000044020342926387456827796995639801025390625,0.0000005261491620000001,6942713,2019-03-16 04:10:54,btc,0.3082930156227,0.0,0.01323000000000000044020342926387456827796995639801025390625,btc,22.796690350000002,0.0400825480407,0.2828841015696,1
1,[],20,[],2019-03-16 04:10:56,1152.4756,0.01050023,0.00000041758784696200003,6942714,2019-03-16 04:10:56,btc,0.0552085068997,0.0,0.01050023,btc,2.4565,0.0,0.0959959153641,1
1,[],21,[],2019-03-16 04:10:57,2032.33065351,0.01328086000000000023446578012,0.000000528171833684,6942715,2019-03-16 04:10:57,btc,29.28636952381846,8794.268025880001,0.01328086000000000023446578012453755945898592472076416015625,"btc,eth",3556.25586261,111.60084558766236,20.08933241821921,1
1,[],22,[],2019-03-16 04:11:15,0.07686088253968254,0.01260000,0.00000050109444,6942716,2019-03-16 04:11:15,BTC,0.31439419,0.0,0.01260000,BTC,0.12751438772928525,0.0,0.00096785,1
1,[],24,[],2019-03-16 04:11:15,0.0,0.000000000000,0,6942717,2019-03-16 04:11:15,btc,0.0,0.0,0.000000000000,btc,0.0,0.0,0.0,1
0.0,[],25,[],2019-03-16 04:11:16,0.0,0,0,6942718,2019-03-16 04:11:16,btc,22.466799999032922,500.83098871,0.0,btc,1652.61819145,6.66,0.0,1
1,[],26,[],2019-03-16 04:11:17,0.0,0,0,6942719,2019-03-16 04:11:17,,0.0,0.0,0,,0.0,0.0,0.0,1
1,[],5,[],2019-03-16 04:11:26,0.0,0,0,6942721,2019-03-16 04:11:26,btc,0.0,0.00507448,0,btc,0.0,0.0,0.0,2
0,[],22,[],2019-03-16 04:11:39,0.0,0,0,6942722,2019-03-16 04:11:39,,0.0,0.0,0,,0.0,0.0,0.0,2
1,[],5,[],2019-03-16 04:11:42,0.0,0,0,6942723,2019-03-16 04:11:42,btc,0.0,0.13515892,0,btc,0.0,0.0,0.0,3
1,[],12,[],2019-03-16 04:11:43,2740448.6167111,0.000000201,0.000000000007993649400000001,6942724,2019-03-16 04:11:43,btc,22818.326922666263,0.0,0.000000201,btc,1072129.80215353,0.1434297332793238,0.387446590014398,3
0,[],28,[],2019-03-16 04:11:49,0.0,0,0,6942725,2019-03-16 04:11:49,,0.0,0.0,0,,0.0,0.0,0.0,3
1,[],4,[],2019-03-16 04:11:50,405790.64454187,0.00000032,0.000000000012726208000000001,6942726,2019-03-16 04:11:50,btc,32.056418260480605,0.0,0.00000032,btc,725153.97080371,0.00558149,0.0477660437254749,4
0,[],2,[],2019-01-20 23:31:32,0.0,0,0,6477077,2019-01-20 23:31:32,,0.0,0.0,0,,0.0,0.0,0.0,4
1,[],12,[],2019-03-16 04:11:51,445625.0,0.00000002,0.0000000000007953880000000001,6942727,2019-03-16 04:11:51,btc,1111853.28788914,0.0,0.00000002,btc,769805.33266733,6.3e-06,0.00487174,5
1,[],11,[],2019-03-16 04:11:53,4128120.39882,0.00000002,0.0000000000007953880000000001,6942728,2019-03-16 04:11:53,btc,9574.328393827846,95000.0,0.00000002,btc,42762212.92614274,0.0,0.0488047513342,6
0,[],2,[],2019-01-20 23:31:51,0.0,0,0,6477087,2019-01-20 23:31:51,,0.0,0.0,0,,0.0,0.0,0.0,6
1,[],3,[],2019-03-16 04:11:54,1087.833962084558,0.000154759999999999988719301402539940681890584528446197509765625,0.0000000061547123439999996,6942729,2019-03-16 04:11:54,btc,29.634085403952064,0.0,0.000154759999999999988719301402539940681890584528446197509765625,btc,239.122414578101,0.0,0.03439493781756314,7
1,[],4,[],2019-03-16 04:11:55,80420.40429794,0.00020808,0.000000008275216752,6942730,2019-03-16 04:11:55,btc,10.013660965639929,0.0,0.00020808,btc,37485.23584287,10.39525437,5.476768535062227,7
1,[],5,[],2019-03-16 04:11:57,0.0,0,0,6942731,2019-03-16 04:11:57,btc,0.0,1.99979739,0,btc,0.0,0.0,0.0,7
1,[],20,[],2019-02-20 02:16:17,39399275.8418,0.000000001,0.0000000000000390183,6728586,2019-02-20 02:16:17,btc,116.9737569154545,525.0,0.000000001,btc,56932965.8895,5.25e-07,0.0393992758418,8
1,[],4,[],2019-03-16 04:11:59,1919784.7391404,0.00000160,0.00000000006363104,6942732,2019-03-16 04:11:59,btc,8.25734357211439,0.0,0.00000160,btc,3572496.62349302,1.8314718,1.400279742096173,9
1,[],28,[],2019-03-16 04:12:06,26353.0,0.00000159,0.000000000063233346,6942733,2019-03-16 04:12:06,btc,2708.770603154283,3648696.0,0.00000159,btc,17073.9197,0.0,0.0147295,9
0,[],2,[],2019-01-20 23:22:42,0.0,0,0,6476876,2019-01-20 23:22:42,,0.0,0.0,0,,0.0,0.0,0.0,9
0,[],23,[],2019-01-20 23:22:48,0.0,0,0,6476878,2019-01-20 23:22:48,,0.0,0.0,0,,0.0,0.0,0.0,9
1,[],1,[],2019-02-17 23:31:42,1822507.21,0.00000181000000000000003456111265232042484285557293333113193511962890625,0.000000000066086901,6701244,2019-02-17 23:31:42,btc,3.6990969245,17153386.5,0.00000181000000000000003456111265232042484285557293333113193511962890625,btc,1997391.71,31.11772986,3.2610482446,9
1,[],4,[],2019-02-17 11:22:43,4341674.27126056,0.00000002,0.0000000000007272960000000001,6696112,2019-02-17 11:22:43,btc,0.1997230937751353,0.0,0.00000002,btc,4109766.79808031,0.00215132,0.0479381022052112,10
1,[],4,[],2019-03-16 04:12:07,6876676.96925132,0.00000209,0.000000000083118046,6942734,2019-03-16 04:12:07,btc,17.936695017626676,0.0,0.00000209,btc,6448245.37994024,10.26756855,6.00878817038328,12
1,[],5,[],2019-03-16 04:12:09,0.0,0,0,6942735,2019-03-16 04:12:09,btc,0.0,0.30235827,0,btc,0.0,0.0,0.0,12
0.0,[],25,[],2019-03-16 04:12:10,0.0,0,0,6942736,2019-03-16 04:12:10,,0.0,0.0,0.0,btc,0.0,0.0,0.0,12
0,[],2,[],2019-01-20 23:23:08,0.0,0,0,6476890,2019-01-20 23:23:08,,0.0,0.0,0,,0.0,0.0,0.0,12
1,[],4,[],2019-03-16 04:12:12,31974027.09267899,0.00001162,0.000000000462120428,6942737,2019-03-16 04:12:12,btc,3.9999153486483676,0.0,0.00001162,btc,262719.70364361,8.5071726,1.2622285062056817,13
1,[],10,[],2019-03-16 04:12:15,452296.3052791,0.00001084,0.000000000431100296,6942738,2019-03-16 04:12:15,btc,666777.2199312922,87475.5072179,0.00001084,btc,651534.57111155,0.0,0.4306479033303866,13
1,[],21,[],2019-03-16 04:12:17,1096121.06399953,0.00001159000000000000084137124351,0.00000000046092734600000004,6942739,2019-03-16 04:12:17,btc,21.738815035273333,19625355.90066713,0.000011590000000000000841371243509581034913935582153499126434326171875,btc,1654371.97316505,208.84347744,11.165834413350252,13
1,[],4,[],2019-03-16 04:12:18,1573626.36221646,0.00000078,0.000000000031020132,6942740,2019-03-16 04:12:18,btc,5.407189080691676,0.0,0.00000078,btc,1032787.26450676,0.09784623,0.2099963943195696,14
1,[],12,[],2019-03-16 04:12:19,294285.50704225,0.00000071,0.000000000028236274,6942741,2019-03-16 04:12:19,btc,0.0559815791343418,0.0,0.00000071,btc,13756.8948088,0.00071296,0.0239369199999975,14
1,[],26,[],2019-03-16 04:12:30,0.0,0.00000050,0.000000000019884700000000002,6942742,2019-03-16 04:12:30,btc,0.0,0.0,0.00000050,btc,0.0,0.0,0.0,14
0,[],17,[],2019-03-16 03:13:44,0.0,0,0,6942376,2019-03-16 03:13:44,btc,0.0,0.0,0,btc,0.0,0.0,0.0,14
0,[],4,[],2019-03-16 04:12:31,0.0,0,0,6942743,2019-03-16 04:12:31,,0.0,0.0,0,,0.0,0.0,0.0,15
,[],12,[],2018-12-01 15:15:48,204241.84496,0.00000489,0.000000000202473384,5260204,2018-12-01 15:15:48,btc,49.5475654835,0.0,,btc,35763.2193806,0.0163153972027625,0.0203389899998,15
1,[],4,[],2019-03-16 04:12:32,25667.4513583,0.00001601,0.000000000636708094,6942744,2019-03-16 04:12:32,btc,3.7770217700309625,0.0,0.00001601,btc,18402.32996903,0.05104295,0.0682907301830383,18
1,[],10,[],2019-03-16 04:12:35,784952.15746479,0.00001476,0.0000000005869963439999999,6942745,2019-03-16 04:12:35,btc,15.409420388669718,12496.8864571,0.00001476,btc,13500.7661649,0.0,0.1447923807963786,18
0,[],2,[],2019-01-20 23:23:38,0.0,0,0,6476906,2019-01-20 23:23:38,,0.0,0.0,0,,0.0,0.0,0.0,18
1,[],12,[],2019-03-16 03:29:47,347742.43135477,0.000012900000000000000157404471401445533729201997630298137664794921875,0.00000000051132375,6942579,2019-03-16 03:29:47,btc,33214.734853182235,0.0,0.000012900000000000000157404471401445533729201997630298137664794921875,btc,1255.32388584,0.0178843900893928,0.0271763412400013,18
0,[],17,[],2019-03-16 03:13:52,0.0,0,0,6942382,2019-03-16 03:13:52,btc,0.0,0.0,0,btc,0.0,0.0,0.0,18
1,[],3,[],2019-03-16 03:29:59,120824.18854416534,0.0000204000000000000011944438493838305248573306016623973846435546875,0.000000000808605,6942580,2019-03-16 03:29:59,btc,0.6760554721806504,394.741741621,0.0000204000000000000011944438493838305248573306016623973846435546875,btc,14934.950066107873,0.0,0.058142125794064844,19
1,[],4,[],2019-03-16 03:30:00,231517.5407094,0.00001988,0.0000000007879935000000001,6942581,2019-03-16 03:30:00,btc,2.794061766862844,0.0,0.00001988,btc,84303.46694368,1.05419431,2.515150632219816,19
1,[],5,[],2019-03-16 03:30:01,0.0,0,0,6942582,2019-03-16 03:30:01,btc,0.0,0.0,0,btc,0.0,0.0,0.0,19
1,[],12,[],2019-03-16 03:30:02,192199.35005973,0.000019369999999999999197586308952168110408820211887359619140625,0.000000000767778375,6942583,2019-03-16 03:30:02,btc,0.7013500295050872,0.0,0.000019369999999999999197586308952168110408820211887359619140625,btc,433.16653613,0.0,0.0395709699998802,19
0,[],27,[],2019-03-16 03:30:05,0.0,0,0,6942584,2019-03-16 03:30:05,,0.0,0.0,0,btc,0.0,0.0,0.0,19
0,[],2,[],2019-01-20 23:24:19,0.0,0,0,6476924,2019-01-20 23:24:19,,0.0,0.0,0,,0.0,0.0,0.0,19
1,[],4,[],2019-03-16 03:30:06,2760877.5211836,0.00000012,0.0000000000047565,6942585,2019-03-16 03:30:06,btc,7.3822217746397,0.0,0.00000012,btc,2872436.96906976,0.00270579,0.0754919692131473,20
1,[],4,[],2019-03-16 03:30:07,98537787.9883036,0.00000002,0.00000000000079275,6942586,2019-03-16 03:30:07,btc,39174.341009564916,0.0,0.00000002,btc,53649765.60673696,0.00198394,1.0991608126667125,21
1,[],12,[],2019-03-16 03:30:08,1755012.0,0.00000001,0.000000000000396375,6942587,2019-03-16 03:30:08,btc,1247.531233448981,0.0,0.00000001,btc,2498661.94905095,0.0022750003596402,0.01755012,21
0,[],17,[],2019-03-16 03:30:09,0.0,0,0,6942588,2019-03-16 03:30:09,btc,0.0,0.0,0,btc,0.0,0.0,0.0,21
1,[],12,[],2019-03-16 03:30:10,2614759161.0,0.0000000001,0.0000000000000039637500000000006,6942589,2019-03-16 03:30:10,btc,1933695.4356109675,0.0,0.0000000001,btc,1712589772.8865025,0.038104612695604397,0.2614759161,23
0,[],27,[],2019-03-16 03:30:12,0.0,0,0,6942590,2019-03-16 03:30:12,,13.83979783885341,0.0,0,eth,6296692.91714486,0.0,0.0,23
1,[],4,[],2019-03-16 03:30:13,652911.56212303,0.00000050,0.00000000001981875,6942591,2019-03-16 03:30:13,btc,10.020337748982904,0.0,0.00000050,btc,1612999.62255906,0.00327376,0.1628652055101015,24
1,[],22,[],2019-03-16 03:30:27,11.76,0.00000100,0.0000000000396375,6942592,2019-03-16 03:30:27,BTC,7.415e-05,0.0,0.00000100,BTC,23.919354838709676,0.0,1.176e-05,24
0.0,[],25,[],2019-03-16 03:30:28,0.0,0,0,6942593,2019-03-16 03:30:28,,0.0,0.0,0.0,btc,0.0,0.0,0.0,24
1,[],4,[],2019-03-16 03:30:29,28197839.42729391,0.00000654,0.00000000025922925,6942594,2019-03-16 03:30:29,btc,83.40583689461641,0.0,0.00000654,btc,242511.08921076,0.36700936,0.5508317861069368,26
1,[],10,[],2019-03-16 03:30:30,601588.17796761,0.00000543,0.000000000215231625,6942595,2019-03-16 03:30:30,btc,26.08247241258213,3722.18521007,0.00000543,btc,14465.9645187,0.0,0.1493826520697409,26
0,[],2,[],2019-01-20 23:25:56,0.0,0,0,6476976,2019-01-20 23:25:56,,0.0,0.0,0,,0.0,0.0,0.0,26
1,[],3,[],2019-03-16 03:30:31,10888539.54084747,0.00000001,0.000000000000396375,6942596,2019-03-16 03:30:31,btc,2.044836805256175,185.0,0.00000001,btc,15132917.60070865,0.0,0.1088853954084747,27
1,[],5,[],2019-03-16 03:30:33,0.0,0,0,6942597,2019-03-16 03:30:33,btc,0.0,0.00085173,0,btc,0.0,0.0,0.0,27
1,[],11,[],2019-03-16 03:30:35,8483578.24590115,0.00000006,0.00000000000237825,6942598,2019-03-16 03:30:35,btc,67506.1992155516,5956.66666667,0.00000006,btc,7966196.08369704,0.0,0.4686349049180229,27
1,[],4,[],2019-03-16 03:30:36,2186226670.602676,0.00000002,0.00000000000079275,6942599,2019-03-16 03:30:36,btc,2.9147815172176985,0.0,0.00000002,"btc,ltc",292144996.8387779,5.22714121,10.166102488552974,29
1,[],7,[],2019-03-16 03:30:38,35611182.13418711,0.00000001,0.000000000000396375,6942600,2019-03-16 03:30:38,btc,44461604.29302569,674.32567432,0.00000001,btc,52441896.42803164,1.349e-05,0.3561118213418711,29
1,[],4,[],2019-03-16 03:30:39,4264224.68481924,0.00000018,0.00000000000713475,6942601,2019-03-16 03:30:39,btc,2.680037231161095,0.0,0.00000018,btc,2175543.61495977,0.00985323,0.1339322146751424,30
0,[],17,[],2019-03-16 03:30:41,0.0,0,0,6942602,2019-03-16 03:30:41,btc,0.0,0.0,0,btc,0.0,0.0,0.0,30
1,[],4,[],2019-03-16 03:30:42,195583.65410052,0.00005740,0.0000000022751925,6942603,2019-03-16 03:30:42,btc,9.3708215668147,0.0,0.00005740,btc,114789.6396173,0.64796287,1.911694317562235,31
1,[],21,[],2019-03-16 03:30:43,20221.27462565,0.00005772999999999999784288870486,0.000000002288272875,6942604,2019-03-16 03:30:43,btc,6.002552233000951,73065.28615653,0.0000577299999999999978428887048576001461697160266339778900146484375,btc,94058.0984,4.21272127,1.078890191714959,31
0,[],2,[],2019-01-20 23:28:43,0.0,0,0,6477009,2019-01-20 23:28:43,,0.0,0.0,0,,0.0,0.0,0.0,32
1,[],4,[],2019-03-16 03:30:44,410607756.6948932,0.00000004,0.0000000000015855,6942605,2019-03-16 03:30:44,btc,8.630929995632052,0.0,0.00000004,"btc,ltc",173592148.1035948,0.66293233,9.168174232974163,33
1,[],12,[],2019-03-16 03:30:45,27173415.658999998,0.00000004,0.0000000000015855,6942606,2019-03-16 03:30:45,btc,2818210.4435526077,0.0,0.00000004,btc,18393516.75124867,0.001879428571429,0.62282205672,33
1,[],4,[],2019-03-16 03:30:46,91595933.43631107,0.00000001,0.000000000000396375,6942607,2019-03-16 03:30:46,btc,3.3914783115050544,0.0,0.00000001,btc,104049487.78246406,0.02331554,0.9159593343631107,34
1,[],5,[],2019-03-16 03:30:47,0.0,0,0,6942608,2019-03-16 03:30:47,btc,0.0,9.666e-05,0,btc,0.0,0.0,0.0,34
0,[],17,[],2019-03-16 02:30:40,0.0,0,0,6942229,2019-03-16 02:30:40,btc,0.0746458232965017,0.0,0,btc,4103573.70243647,0.0,0.0,36
0.0000000001547437,[],4,[],2019-03-16 03:30:48,4123315419.01867,1.547437e-18,6.13365340875e-23,6942609,2019-03-16 03:30:48,ltc,4.9834485173141456e-08,0.0,0.00000001,ltc,6391091931.445046,0.0,6.380570842059994e-09,36
1,[],5,[],2019-03-16 03:30:49,0.0,0,0,6942610,2019-03-16 03:30:49,btc,0.0,0.0,0,btc,0.0,0.0,0.0,36
0.0000000003514664,[],27,[],2019-03-16 03:31:02,998000.16325,3.514664e-18,1.393124943e-22,6942611,2019-03-16 03:31:02,eth,223.68719070580784,0.0,0.00000001,"ltc,eth",12165396.31058689,0.0,1.544342699768898e-12,36
1,[],4,[],2019-03-16 03:31:03,220184.76273424,0.00000061,0.000000000024178875,6942612,2019-03-16 03:31:03,btc,19772.479203807452,0.0,0.00000061,btc,583279.45420236,0.00210386,0.0921513412247606,37
1,[],12,[],2019-03-16 03:31:04,308536.73260377,0.00000057,0.000000000022593375000000003,6942613,2019-03-16 03:31:04,btc,22.42813203703168,0.0,0.00000057,btc,396340.63243193,0.0330443940104182,0.0813247224886781,37
1,[],27,[],2019-03-16 03:31:17,14685.567,0.00000045,0.000000000017836875,6942614,2019-03-16 03:31:17,btc,24.25536383611233,0.0,0.00000045,btc,6518.38138508,0.0,0.00480032515,37
1,[],17,[],2019-03-16 03:14:54,1752.74075282,0.00000025,0.00000000000988025,6942417,2019-03-16 03:14:54,btc,0.05548492399003566,0.0,0.00000025,btc,1387.19918473,0.0,0.00043818518820499993,37
1,[],5,[],2019-03-16 03:31:19,0.0,0,0,6942615,2019-03-16 03:31:19,btc,0.0,0.08740058,0,btc,0.0,0.0,0.0,42
1,[],12,[],2019-03-16 03:31:20,254923.06394521,0.0000009,0.00000000003567375,6942616,2019-03-16 03:31:20,btc,5.619086330650342,0.0,0.0000009,btc,45048.47437179,1.07892108e-06,0.0203587899999935,42
0.0000000003514664,[],27,[],2019-03-16 03:31:24,2000.0,3.514664e-18,1.393124943e-22,6942617,2019-03-16 03:31:24,eth,0.00315028,0.0,0.00000001,"btc,eth",11.007,0.0,7.029328e-15,42
0,[],17,[],2019-03-16 02:31:00,0.0,0,0,6942239,2019-03-16 02:31:00,btc,0.0,0.0,0,btc,0.0,0.0,0.0,43
1,[],5,[],2019-03-16 03:31:25,0.0,0,0,6942618,2019-03-16 03:31:25,btc,0.0,0.0,0,btc,0.0,0.0,0.0,43
1,[],12,[],2019-03-13 09:13:29,1112112.0,0.00000001,0.000000000000386531,6919902,2019-03-13 09:13:29,btc,29058.00478931866,0.0,0.00000001,btc,5967681.93306694,9.99000999e-07,0.01112112,43
1,[],12,[],2019-03-05 01:54:08,639326.02,0.00000004,0.000000000001486676,6845775,2019-03-05 01:54:08,btc,11116042.728239931,0.0,0.00000004,btc,1103841.4595604,0.0003330765234764,0.014975410599999999,44
1,[],4,[],2019-03-16 03:31:27,298250361.7185449,0.00000002,0.00000000000079275,6942619,2019-03-16 03:31:27,btc,757.6330915602365,0.0,0.00000002,"btc,ltc",16820764.44803747,0.00041338,0.28540735669883494,49
0.0000000001547437,[],4,[],2019-03-16 03:31:28,216288824.8073521,1.547437e-18,6.13365340875e-23,6942620,2019-03-16 03:31:28,ltc,25.901654680453824,0.0,0.00000001,ltc,10157943265.692127,0.0,3.3469333019341453e-10,52
0,[],22,[],2019-03-16 03:31:36,0.0,0,0,6942621,2019-03-16 03:31:36,,4428.59026215,0.0,0,,305937213.5359664,0.0,0.0,57
0.0000000003514664,[],27,[],2019-03-16 03:31:38,2000.0,3.514664e-18,1.393124943e-22,6942622,2019-03-16 03:31:38,eth,0.0,0.0,0.00000001,"btc,eth",0.0,0.0,7.029328e-15,57
0.0000000001547437,[],4,[],2019-03-16 03:31:39,533282046.992,3.094874e-18,1.22673068175e-22,6942623,2019-03-16 03:31:39,ltc,18.657618587719732,0.0,0.00000002,ltc,4687030173.42737,0.0,1.0648174779532245e-09,58
1,[],12,[],2019-03-16 03:31:40,1137901873.0,0.0000000003,0.000000000000011891250000000001,6942624,2019-03-16 03:31:40,btc,4023056.482467259,0.0,0.0000000003,btc,1552146653.2557442,0.05183375066213786,0.279694656,58
0,[],17,[],2019-03-16 03:31:53,0.0,0,0,6942625,2019-03-16 03:31:53,btc,1e+24,0.0,0,btc,49226522.0897055,0.0,0.0,58
0.0000000001313365,[],22,[],2019-03-16 03:32:03,137438.0,1.313365e-18,5.20585051875e-23,6942626,2019-03-16 03:32:03,XMR,69.1795942,0.0,0.00000001,XMR,9887963.0,0.0,0.00137438,58
1,[],5,[],2019-03-16 03:15:40,0.0,0,0,6942431,2019-03-16 03:15:40,btc,0.0,0.01133083,0,btc,0.0,0.0,0.0,61
1,[],22,[],2019-03-16 03:15:50,13757.0,0.00000012,0.00000000000474252,6942432,2019-03-16 03:15:50,BTC,1002.2960049,0.0,0.00000012,BTC,14976.68361146909,0.0,0.00154987,61
1,[],26,[],2019-03-16 03:15:50,0.0,0.00000800,0.000000000316168,6942433,2019-03-16 03:15:50,btc,0.0,0.0,0.00000800,btc,0.0,0.0,0.0,61
1,[],27,[],2019-03-16 03:15:53,2138.56798,0.00000047,0.00000000001857487,6942434,2019-03-16 03:15:53,btc,2.8850305703141323,0.0,0.00000047,"btc,eth",19862.59257617,0.0,0.00019833999355217222,61
1,[],28,[],2019-03-16 03:16:00,13880.304,0.0000005,0.0000000000197605,6942435,2019-03-16 03:16:00,btc,2.056329762300105,806.0,0.0000005,btc,9751.57500005,0.0,0.00566391304,61
1,[],4,[],2019-03-16 03:32:05,1459460.43735813,0.00000216,0.000000000085617,6942627,2019-03-16 03:32:05,btc,9.683141277312837,0.0,0.00000216,btc,824235.65390739,0.1421077,1.3501221049290404,67
0.0,[],25,[],2019-03-16 03:32:07,0.0,0,0,6942628,2019-03-16 03:32:07,,0.0,0.0,0.0,btc,0.0,0.0,0.0,67
1,[],12,[],2019-03-16 03:32:08,1712337.5773494,0.00000013,0.000000000005152875,6942629,2019-03-16 03:32:08,btc,1111115.1700374554,0.0,0.00000013,btc,944091.55504711,0.0075511410089935,0.0930932841918162,71
,[],5,[],2018-11-20 23:02:39,1.5e-07,0.00000005,0.000000000002128045,4862160,2018-11-20 23:02:39,btc,2.84511358,0.0,,btc,0.00036572,0.0,0.07381892,74
1,[],5,[],2019-03-16 03:32:09,0.0,0,0,6942630,2019-03-16 03:32:09,btc,0.0,0.0,0,btc,0.0,0.0,0.0,75
1,[],4,[],2019-03-16 03:32:12,13382103.94481309,0.00000001,0.000000000000396375,6942631,2019-03-16 03:32:12,btc,11370.019787479292,0.0,0.00000001,btc,39920990.88589334,0.00028514,0.1338210394481309,81
0,[],20,[],2019-01-25 09:30:31,0.0,0,0,6495923,2019-01-25 09:30:31,btc,0.0,0.0,0,btc,0.0,0.0,0.0,81
1,[],4,[],2019-03-16 03:32:13,23732.27954769,0.00007815,0.000000003097670625,6942632,2019-03-16 03:32:13,btc,18.140650614660395,0.0,0.00007815,btc,12472.96738237,0.00808587,0.0878410532011995,82
1,[],21,[],2019-03-16 03:32:14,923529.19074754,0.00007985000000000000289820251131,0.000000003165054375,6942633,2019-03-16 03:32:14,btc,2.918387100343152,4586.27657995,0.000079850000000000002898202511314451612634002231061458587646484375,btc,32025.47092676,0.36707481,4.0531361171598785,82
0,[],17,[],2019-03-16 02:31:48,0.0,0,0,6942258,2019-03-16 02:31:48,btc,0.0447233088476774,0.0,0,btc,999127.19588126,0.0,0.0,84
0.0000000001547437,[],4,[],2019-03-16 03:32:26,170698605.1963211,4.6423109999999996e-18,1.840096022625e-22,6942634,2019-03-16 03:32:26,ltc,1.6762916929093128,0.0,0.00000003,ltc,389338476.6317419,0.0,3.9005921190945694e-10,85
,[],22,[],2018-11-20 23:09:34,3408.1,0.0000001,0.0000000000041895,4862324,2018-11-20 23:09:34,BTC,0.04624735,0.0,,BTC,4990.0,0.0,0.00033081,86
1,[],22,[],2019-03-16 03:32:39,111869.83333333333,0.00000006,0.00000000000237825,6942635,2019-03-16 03:32:39,BTC,2.07824106,0.0,0.00000006,BTC,165278.94736842104,0.00034069,0.00185219,87
1,[],27,[],2019-03-16 03:32:41,55.0,0.00000001,0.000000000000396375,6942636,2019-03-16 03:32:41,btc,5.087355898429583,0.0,0.00000001,btc,23359.90385968,0.0,5.5e-07,87
,[],2,[],2018-11-20 23:10:47,0.0,0,0,4862359,2018-11-20 23:10:47,,0.0,0.0,,,0.0,0.0,0.0,88
1,[],11,[],2019-03-16 03:32:43,92443.31648702,0.000145610000000000010256240301487196120433509349822998046875,0.000000005771616375000001,6942637,2019-03-16 03:32:43,btc,611.7613632792107,5.0,0.000145610000000000010256240301487196120433509349822998046875,btc,99666.30988622,0.0,6.1895286578646544,89
0,[],2,[],2019-01-20 23:31:45,0.0,0,0,6477083,2019-01-20 23:31:45,,0.0,0.0,0,,0.0,0.0,0.0,91
0,[],17,[],2019-03-16 01:15:35,0.0,0,0,6941869,2019-03-16 01:15:35,btc,0.0,0.0,0,btc,0.0,0.0,0.0,91
1,[],12,[],2019-03-16 03:32:44,325704.05838508,0.0000008,0.00000000003171,6942638,2019-03-16 03:32:44,btc,58.42604498339738,0.0,0.0000008,btc,86090.81246467,1.33436907093e-05,0.0383029347999796,91
1,[],22,[],2019-03-16 03:32:59,65900.0,0.00000001,0.000000000000396375,6942639,2019-03-16 03:32:59,BTC,3e-06,0.0,0.00000001,BTC,1.0,0.0,0.000659,91
0,[],22,[],2019-03-16 03:33:11,0.0,0,0,6942640,2019-03-16 03:33:11,,3.31498785,0.0,0,,37200566.889473684,0.0,0.0,95
0.0000000001547437,[],4,[],2019-03-16 03:33:12,632713670.6979061,8.0466724e-17,3.18949977255e-21,6942641,2019-03-16 03:33:12,ltc,11.904788323540298,0.0,0.00000052,ltc,135936573.2712333,0.0,1.6225255043331556e-09,96
0,[],12,[],2019-03-16 03:33:14,0.0,0,0,6942642,2019-03-16 03:33:14,btc,10.675070516643357,0.0,0,btc,3189616.66433565,0.0,0.0,96
0,[],17,[],2019-03-16 03:17:39,0.0,0,0,6942452,2019-03-16 03:17:39,btc,0.0,0.0,0,btc,0.0,0.0,0.0,96
1,[],4,[],2019-03-16 03:33:26,3492723.72969584,0.00000035,0.000000000013873125,6942643,2019-03-16 03:33:26,btc,3.8341927925265438,0.0,0.00000035,btc,2435877.0119734,0.0969587,0.5175721551507187,99
0,[],2,[],2019-01-20 23:23:55,0.0,0,0,6476914,2019-01-20 23:23:55,,0.0,0.0,0,,0.0,0.0,0.0,100
1,[],4,[],2019-03-16 03:33:27,298647.64612827,0.00003464,0.000000001373043,6942644,2019-03-16 03:33:27,btc,12.07617311018211,0.0,0.00003464,btc,185111.57040407,1.75419062,1.9564891098017783,100
1,[],22,[],2019-03-16 03:33:40,120000.0,0.00000002,0.00000000000079275,6942645,2019-03-16 03:33:40,BTC,24.82891609,0.0,0.00000002,BTC,11877.22,0.0,0.0014,101
1,[],4,[],2019-03-16 03:33:41,455005.22188164,0.00000082,0.00000000003250275,6942646,2019-03-16 03:33:41,btc,276.16052231336124,0.0,0.00000082,btc,514927.55668664,0.02492364,0.2265573863142901,103
1,[],12,[],2019-03-16 03:33:44,34784274.0,0.000000007,0.0000000000002774625,6942647,2019-03-16 03:33:44,btc,3219027.58113356,0.0,0.000000007,btc,71126758.40983103,0.00815833042657352,0.052333344000000004,105
0,[],27,[],2019-03-16 03:33:46,0.0,0,0,6942648,2019-03-16 03:33:46,,36.609683327666005,0.0,0,btc,1428542.52239724,0.0,0.0,105
1,[],22,[],2019-03-16 03:33:57,9328.0,0.00000001,0.000000000000396375,6942649,2019-03-16 03:33:57,BTC,51.10837004,0.0,0.00000001,BTC,470435.0,0.0,9.328e-05,107
1,[],26,[],2019-03-16 03:33:57,0.0,0.00000000,0,6942650,2019-03-16 03:33:57,btc,0.0,0.0,0.00000000,btc,0.0,0.0,0.0,107
1,[],5,[],2019-03-16 03:34:00,0.0,0,0,6942651,2019-03-16 03:34:00,btc,0.0,0.00031717,0,btc,0.0,0.0,0.0,112
1,[],22,[],2019-03-16 03:34:16,1966.0,0.00000001,0.000000000000396375,6942652,2019-03-16 03:34:16,BTC,2.7794366,0.0,0.00000001,BTC,826409.0833333334,0.0,1.966e-05,112
0.0000000003514664,[],27,[],2019-03-16 03:34:19,2000.0,3.514664e-18,1.393124943e-22,6942653,2019-03-16 03:34:19,eth,1.24996908,0.0,0.00000001,"btc,eth",1289.0,0.0,7.029328e-15,112
1,[],4,[],2019-03-16 03:34:20,1309472.25406886,0.00000200,0.000000000079275,6942654,2019-03-16 03:34:20,btc,5.403785877885724,0.0,0.00000200,btc,383868.3213163,0.19297494,1.018017956867453,113
1,[],5,[],2019-03-16 03:34:21,0.0,0,0,6942655,2019-03-16 03:34:21,btc,0.0,0.00027126,0,btc,0.0,0.0,0.0,113
1,[],17,[],2019-03-16 03:34:32,152738.278,0.00000004,0.0000000000015855,6942656,2019-03-16 03:34:32,btc,1.33680302678,0.0,0.00000004,btc,50696.221,0.0,0.0022095311199999998,116
0,[],27,[],2019-03-16 03:34:34,0.0,0,0,6942657,2019-03-16 03:34:34,,0.0,0.0,0,btc,0.0,0.0,0.0,116
1,[],4,[],2019-03-16 03:34:35,71129.54705369,0.00003669,0.000000001454299875,6942658,2019-03-16 03:34:35,btc,85.07919562054543,0.0,0.00003669,btc,32147.07921538,0.53308573,1.320859151920186,120
1,[],7,[],2019-03-16 03:34:37,21552.820911400002,0.00002523000000000000069000360980453478987328708171844482421875,0.000000001000054125,6942659,2019-03-16 03:34:37,btc,126637.41282556385,157.57438812,0.00002523000000000000069000360980453478987328708171844482421875,btc,33272.21804846,0.00638799,0.0678774804696779,120
1,[],20,[],2019-03-16 03:34:41,1582142.6031,0.000000034,0.0000000000013476750000000001,6942660,2019-03-16 03:34:41,btc,32.3019317846648,35988.95,0.000000034,btc,1028084.0986,0.0012236243,0.0124770400336,125
1,[],22,[],2019-03-16 03:34:51,3053.0,0.00000001,0.000000000000396375,6942661,2019-03-16 03:34:51,BTC,0.01444887,0.0,0.00000001,BTC,296263.5111111111,0.0,3.053e-05,126
0,[],2,[],2019-01-20 23:25:46,0.0,0,0,6476969,2019-01-20 23:25:46,,0.0,0.0,0,,0.0,0.0,0.0,131
1,[],4,[],2019-03-16 03:34:53,130626.94681067,0.00001183,0.000000000468911625,6942662,2019-03-16 03:34:53,btc,3.3945647043811937,0.0,0.00001183,btc,131872.17695098,0.05965387,0.4500832333168303,131
0,[],17,[],2019-03-16 03:34:56,0.0,0,0,6942663,2019-03-16 03:34:56,btc,0.0009561751951600001,0.0,0,btc,35.42829368,0.0,0.0,131
1,[],4,[],2019-03-16 03:34:57,4617.16372841,0.00016725,0.000000006629371875,6942664,2019-03-16 03:34:57,btc,1.6418413315351588,0.0,0.00016725,btc,302.65462358,0.00023999,0.0184258068346092,135
1,[],3,[],2019-03-07 00:20:44,877702.73244099,0.00000004,0.00000000000154846,6863392,2019-03-07 00:20:44,btc,0.119366241821405,0.0,0.00000004,btc,760637.99421222,0.0,0.023771231960604298,136
1,[],4,[],2019-03-16 03:35:00,469714.97828631,0.00000132,0.0000000000523215,6942665,2019-03-16 03:35:00,btc,38.75520142318085,0.0,0.00000132,btc,578868.17851327,0.04829937,0.0296790822992803,137
1,[],12,[],2019-03-16 03:35:01,163227.7123699,0.000001,0.000000000039637499999999996,6942666,2019-03-16 03:35:01,btc,7.501062023385054,0.0,0.000001,btc,5858.34060291,0.0010223907511723,0.0134914099999974,137
1,[],4,[],2019-03-16 03:35:02,9987.62753723,0.00003985,0.000000001579554375,6942667,2019-03-16 03:35:02,btc,28.480629389656077,0.0,0.00003985,btc,45027.19811001,0.38889947,0.2148445532260847,142
1,[],5,[],2019-03-16 03:35:04,0.0,0,0,6942668,2019-03-16 03:35:04,btc,0.0,0.14329969,0,btc,0.0,0.0,0.0,142
1,[],17,[],2019-03-16 03:35:07,22967.386363640002,0.00000088,0.000000000034881,6942669,2019-03-16 03:35:07,btc,20.069913352788692,0.0,0.00000088,btc,2746.079105,0.0,0.0104613000000032,142
1,[],20,[],2019-03-16 03:35:08,153155.6686,0.00003333,0.000000001321117875,6942670,2019-03-16 03:35:08,btc,0.3359272671272,3.04,0.00003333,btc,2242.1971,9.13601e-05,0.3126005151193,142
1,[],22,[],2019-03-16 03:35:21,1470.2803921568627,0.00001020,0.0000000004043025,6942671,2019-03-16 03:35:21,BTC,3.0054103,0.0,0.00001020,BTC,910.5995,0.0,0.00121106,142
0.0,[],25,[],2019-03-16 03:35:23,0.0,0,0,6942672,2019-03-16 03:35:23,,0.0,0.0,0.0,btc,0.0,0.0,0.0,142
1,[],28,[],2019-03-16 03:35:24,76600.0,0.00002270,0.00000000089977125,6942673,2019-03-16 03:35:24,btc,0.067100461059305,657.0,0.00002270,btc,552.61077999,0.0,0.0154572,142
0,[],22,[],2019-03-16 03:35:35,0.0,0,0,6942674,2019-03-16 03:35:35,,65.83990167,0.0,0,,1043231670.8,0.0,0.0,143
0,[],22,[],2019-02-25 15:42:22,0.0,0,0,6783783,2019-02-25 15:42:22,,4.2131946,0.0,0,,2322156.0,0.0,0.0,146
,[],22,[],2018-11-20 23:01:11,0.0,0,0,4862114,2018-11-20 23:01:11,,2.56807021,0.0,,,61828.4988236,0.0,0.0,147
1,[],12,[],2019-03-16 03:20:03,375541.63141041,0.00000252000000000000001302018388937842274799550068564713001251220703125,0.00000000009959292,6942483,2019-03-16 03:20:03,btc,9.694317924465375,0.0,0.00000252000000000000001302018388937842274799550068564713001251220703125,btc,108529.34825701,0.0669476332105556,0.14833061999986139,148
1,[],4,[],2019-03-16 03:35:36,215472.0292357,0.00000027,0.000000000010702125,6942675,2019-03-16 03:35:36,btc,218.95080068024154,0.0,0.00000027,btc,805282.68165608,0.00181861,0.0491398099147631,152
0,[],22,[],2019-03-16 03:35:46,0.0,0,0,6942676,2019-03-16 03:35:46,,0.0,0.0,0,,0.0,0.0,0.0,152
1,[],5,[],2019-03-16 03:35:48,0.0,0,0,6942677,2019-03-16 03:35:48,btc,0.0,0.0,0,btc,0.0,0.0,0.0,153
,[],16,[],2019-01-11 15:38:59,0.0,0,0,6366141,2019-01-11 15:38:59,btc,0.0,0.0,,btc,0.0,0.0,0.0,155
0,[],23,[],2019-01-20 23:24:29,0.0,0,0,6476932,2019-01-20 23:24:29,,0.0,0.0,0,,0.0,0.0,0.0,156
0,[],22,[],2019-03-16 03:36:01,0.0,0,0,6942678,2019-03-16 03:36:01,,6.7463775,0.0,0,,4673391.242592593,0.0,0.0,156
1,[],22,[],2019-03-16 03:36:13,7073.8,0.00005300,0.0000000021007875,6942679,2019-03-16 03:36:13,BTC,1.79802465,0.0,0.00005300,BTC,802.6461988741639,0.0,0.00104336,157
0,[],22,[],2019-03-16 03:36:19,0.0,0,0,6942680,2019-03-16 03:36:19,,50175.67608608,0.0,0,,54079135.04179466,0.0,0.0,158
,[],17,[],2018-11-20 22:56:10,0.0,0,0,4861976,2018-11-20 22:56:10,btc,1.1265625,0.0,,btc,1000.0,0.0,0.0,159
,[],20,[],2018-11-20 22:56:12,0.0,0,0,4861977,2018-11-20 22:56:12,btc,11912.7940471,0.0,,btc,34413894.3617,0.0,0.0,159
1,[],12,[],2019-03-16 03:36:21,234168.79141153,0.00000726999999999999985101327426573192269643186591565608978271484375,0.000000000288164625,6942681,2019-03-16 03:36:21,btc,12.664953175638706,0.0,0.00000726999999999999985101327426573192269643186591565608978271484375,btc,7604.87806257,0.0010546169,0.1103152264998732,168
1,[],17,[],2019-03-16 03:36:32,29784.95,0.000001,0.000000000039637499999999996,6942682,2019-03-16 03:36:32,btc,0.03026736251542,0.0,0.000001,btc,144.46171372,0.0,0.00716147,168
0,[],22,[],2019-03-16 03:36:39,0.0,0,0,6942683,2019-03-16 03:36:39,,1.13198782,0.0,0,,516897.17470714403,0.0,0.0,169
1,[],22,[],2019-03-16 03:36:52,195096.25,0.00000008,0.000000000003171,6942684,2019-03-16 03:36:52,BTC,14.35186143,0.0,0.00000008,BTC,159427.3751826074,0.0,0.0019885,171
1,[],22,[],2019-03-16 03:37:11,394013.0,0.00000008,0.000000000003171,6942685,2019-03-16 03:37:11,BTC,1.92628151,0.0,0.00000008,"BTC,LTC",351376.06400400866,0.00163318,0.0076345,173
1,[],5,[],2019-03-16 03:21:53,0.0,0,0,6942495,2019-03-16 03:21:53,btc,0.0,0.02462772,0,btc,0.0,0.0,0.0,175
1,[],22,[],2019-03-16 03:37:27,37100.0,0.00000013,0.000000000005152875,6942686,2019-03-16 03:37:27,BTC,0.54397355,0.0,0.00000013,BTC,137776.41665725366,4.8e-05,0.002272,176
0,[],2,[],2019-01-20 23:28:34,0.0,0,0,6477001,2019-01-20 23:28:34,,0.0,0.0,0,,0.0,0.0,0.0,178
1,[],7,[],2019-03-16 03:37:29,0.0,0,0,6942687,2019-03-16 03:37:29,btc,410194.04874406755,2012.98701298,0,btc,111899370.2616051,2.013e-05,0.0,178
0,[],22,[],2019-03-16 03:37:41,0.0,0,0,6942688,2019-03-16 03:37:41,,1.00242438,0.0,0,,57522.0,0.0,0.0,178
1,[],5,[],2019-03-16 03:22:21,0.0,0,0,6942499,2019-03-16 03:22:21,btc,0.0,0.16418622,0,btc,0.0,0.0,0.0,179
1,[],22,[],2019-03-16 03:22:32,6867106.0,0.00000002,0.00000000000079042,6942500,2019-03-16 03:22:32,BTC,5.63082152,0.0,0.00000002,"BTC,LTC",17356276.489868753,0.0,0.37228284,179
0,[],23,[],2019-01-20 23:25:08,0.0,0,0,6476952,2019-01-20 23:25:08,,0.0,0.0,0,,0.0,0.0,0.0,179
1,[],17,[],2019-03-16 03:22:34,10504.725,0.0000001,0.0000000000039521,6942501,2019-03-16 03:22:34,btc,5.2010695838170005,0.0,0.0000001,btc,4994.45945,0.0,0.0010504725,180
1,[],22,[],2019-03-16 03:38:02,664792.453090909,0.00000125,0.000000000049546875,6942689,2019-03-16 03:38:02,BTC,0.24304663,0.0,0.00000125,"BTC,LTC",77746.56103087122,0.00046423,0.56975016,180
1,[],26,[],2019-03-16 03:38:02,0.0,0.00000125,0.000000000049546875,6942690,2019-03-16 03:38:02,btc,0.0,50.0,0.00000125,btc,0.0,0.0,0.0,180
,[],7,[],2018-11-20 22:58:01,562227.975654,0.00000085,0.000000000036176765,4862015,2018-11-20 22:58:01,btc,21836.6059674,2491.87645172,,btc,749999.041456,0.00211021,0.127565380455,183
,[],5,[],2019-01-10 08:11:41,0.0,0,0,6347036,2019-01-10 08:11:41,btc,82.15055501,0.00261,,btc,1.19002445,0.0,0.0,187
,[],17,[],2018-11-16 20:58:10,4062536.27273,0.00000001,0.000000000000550501,4708775,2018-11-16 20:58:10,btc,3.36492563466,0.195460381006,,"btc,eth",110697919.549,0.0,0.0157628953496,187
1,[],24,[],2019-03-16 03:38:02,0.0,0.000000000001,3.96375e-17,6942691,2019-03-16 03:38:02,btc,0.0,0.0,0.000000000001,btc,0.0,0.0,0.0,187
0,[],22,[],2019-03-16 03:38:09,0.0,0,0,6942692,2019-03-16 03:38:09,,7.54797454,0.0,0,,79361.7243344055,0.0,0.0,191
0,[],22,[],2019-03-16 03:38:17,0.0,0,0,6942693,2019-03-16 03:38:17,,0.0,0.0,0,,0.0,0.0,0.0,197
0,[],23,[],2019-01-20 23:31:41,0.0,0,0,6477079,2019-01-20 23:31:41,,0.0,0.0,0,,0.0,0.0,0.0,199
0,[],22,[],2019-03-16 03:38:22,0.0,0,0,6942694,2019-03-16 03:38:22,,5.21637178,0.0,0,,22590043.5,0.0,0.0,199
1,[],26,[],2019-03-16 03:38:22,0.0,0.00000000,0,6942695,2019-03-16 03:38:22,btc,0.0,128106.0,0.00000000,btc,0.0,0.0,0.0,199
0,[],17,[],2019-01-30 16:32:01,0.0,0,0,6540827,2019-01-30 16:32:01,btc,6.802544163788159,0.0,0,btc,105897.55575295,0.0,0.0,200
0,[],2,[],2019-01-20 23:30:49,0.0,0,0,6477059,2019-01-20 23:30:49,,0.0,0.0,0,,0.0,0.0,0.0,201
1,[],4,[],2019-01-25 15:51:35,2084389.58565343,0.00000936,0.000000000333526752,6499557,2019-01-25 15:51:35,btc,2.0092503037378524,0.0,0.00000936,btc,160195.80207885,0.19272417,1.242687955921835,211
1,[],7,[],2019-03-16 03:38:28,5312684.41724669,0.00000119000000000000004144145963891343598106686840765178203582763671875,0.000000000047168625000000005,6942696,2019-03-16 03:38:28,btc,15476652.499770924,4450149.75341,0.00000119000000000000004144145963891343598106686840765178203582763671875,btc,11385921.66926903,0.0,2.760787989318198,212
1,[],12,[],2019-01-25 02:44:32,207462.42853209,0.000001080000000000000035831255497387193287295303889550268650054931640625,0.000000000038610756000000006,6493050,2019-01-25 02:44:32,btc,85023.03793723314,0.0,0.000001080000000000000035831255497387193287295303889550268650054931640625,btc,43675.73520027,0.000146250909087,0.0348620860622024,213
1,[],5,[],2019-03-16 03:38:30,0.0,0,0,6942697,2019-03-16 03:38:30,btc,0.0,0.08946489,0,btc,0.0,0.0,0.0,213
1,[],24,[],2019-03-16 03:38:31,0.0,0.000000220000,0.00000000000872025,6942698,2019-03-16 03:38:31,btc,0.0,0.0,0.000000220000,btc,0.0,0.0,0.0,213
1,[],26,[],2019-03-16 03:38:31,0.0,0.00000010,0.00000000000396375,6942699,2019-03-16 03:38:31,btc,0.0,0.0,0.00000010,btc,0.0,0.0,0.0,213
1,[],22,[],2019-03-16 03:23:34,25000.0,0.00000001,0.00000000000039521,6942513,2019-03-16 03:23:34,BTC,2.2910283,0.0,0.00000001,BTC,748106.3963726171,0.0,0.00025,216
1,[],27,[],2019-03-16 03:23:37,1233122.0,0.00000003,0.00000000000118563,6942514,2019-03-16 03:23:37,btc,316.9775071147724,0.0,0.00000003,"btc,ltc",239299.924324,0.0,0.033757640000077124,216
1,[],22,[],2019-03-16 03:38:37,148572.11184210525,0.00000154,0.00000000006104175,6942700,2019-03-16 03:38:37,BTC,12543.60284256,0.0,0.00000154,BTC,434463.5853601404,0.01418047,0.14740824,217
1,[],7,[],2019-03-16 03:38:40,0.0,0,0,6942701,2019-03-16 03:38:40,btc,77971.81410323446,0.0,0,btc,135962412.7426053,0.0,0.0,219
0,[],27,[],2019-03-16 03:38:43,0.0,0,0,6942702,2019-03-16 03:38:43,,0.0404796,0.0,0,btc,2057905.0,0.0,0.0,219
0.0000000000000052,[],28,[],2019-03-16 03:38:45,170722989.525,2.6e-18,1.030575e-22,6942703,2019-03-16 03:38:45,doge,100858.3213623151,2096209.0,0.00050000,"btc,doge",5771521.82721,0.0,1.735449385700524e-11,219
1,[],22,[],2019-03-16 03:25:14,405511.0,0.00000008,0.00000000000316168,6942519,2019-03-16 03:25:14,BTC,18.10613233,0.0,0.00000008,BTC,101344.54541875875,0.0,0.01929233,221
1,[],24,[],2019-03-16 03:25:14,0.0,0.000000200000,0.0000000000079042,6942520,2019-03-16 03:25:14,btc,0.0,0.0,0.000000200000,btc,0.0,0.0,0.0,221
1,[],20,[],2019-03-16 03:25:17,45307792.7453,0.000000003,0.000000000000118563,6942521,2019-03-16 03:25:17,btc,49.3964233256225,705263.8875,0.000000003,btc,14621069.0194,0.005565757,0.0532065366853,224
0,[],22,[],2019-03-16 03:25:24,0.0,0,0,6942522,2019-03-16 03:25:24,,0.0,0.0,0,,0.0,0.0,0.0,224
1,[],26,[],2019-03-16 03:38:45,0.0,0.00000022,0.00000000000872025,6942704,2019-03-16 03:38:45,btc,0.0,0.0,0.00000022,btc,0.0,0.0,0.0,231
1,[],26,[],2019-03-16 03:38:45,0.0,0.00000005,0.000000000001981875,6942705,2019-03-16 03:38:45,btc,0.0,0.0,0.00000005,btc,0.0,0.0,0.0,234
0.0000000003514664,[],27,[],2019-03-16 03:38:48,2000.0,3.514664e-18,1.393124943e-22,6942706,2019-03-16 03:38:48,eth,0.01134836604,0.0,0.00000001,"btc,eth",11462.996,0.0,7.029328e-15,234
1,[],4,[],2019-03-16 03:25:29,1653932.43713836,0.00000083,0.00000000003280243,6942526,2019-03-16 03:25:29,btc,4.332550670759609,0.0,0.00000083,btc,1193339.54870158,0.13638632,0.3096420783109176,236
1,[],24,[],2019-03-16 03:25:29,0.0,0.000000500000,0.0000000000197605,6942527,2019-03-16 03:25:29,btc,0.0,0.0,0.000000500000,btc,0.0,0.0,0.0,236
1,[],20,[],2019-03-16 03:25:30,218251203.9396,0.000000046,0.000000000001817966,6942528,2019-03-16 03:25:30,btc,10.5715331287345,31206615.4858,0.000000046,btc,31881478.6484,1.5642950917823,0.3974939329471,237
0.0000000001542508,[],22,[],2019-03-16 03:25:42,751594.9,2.6222636000000002e-17,1.036344797356e-21,6942529,2019-03-16 03:25:42,LTC,1.2021423,0.0,0.00000017,LTC,14198.0,0.0,0.12541949,237
1,[],4,[],2019-03-16 03:25:44,11003601.28827012,0.00000038,0.00000000001501798,6942530,2019-03-16 03:25:44,btc,8.360446152928928,0.0,0.00000038,btc,10187802.03874677,1.84964286,3.0091754238567354,238
1,[],5,[],2019-03-16 03:25:46,0.0,0,0,6942531,2019-03-16 03:25:46,btc,0.0,0.12257731,0,btc,0.0,0.0,0.0,238
0,[],22,[],2019-03-12 16:49:32,0.0,0,0,6914458,2019-03-12 16:49:32,,0.40415746,0.0,0,,526736.5639027493,0.0,0.0,249
0.0000000001547437,[],22,[],2019-03-16 03:38:59,48086691.666666664,4.6423109999999996e-18,1.840096022625e-22,6942707,2019-03-16 03:38:59,LTC,0.95711324,0.0,0.00000003,LTC,18565111.353636365,0.0,1.04160377,252
1,[],28,[],2019-03-16 03:26:11,1787782.998,0.00000066,0.00000000002608386,6942533,2019-03-16 03:26:11,btc,164780.44719922083,323774.002,0.00000066,btc,500288.971,0.0,0.5068563214,256
1,[],22,[],2019-03-16 03:26:33,1335324.6666666667,0.00000003,0.00000000000118563,6942534,2019-03-16 03:26:33,BTC,31.4475434,0.0,0.00000003,BTC,594222.6068978057,8.57e-06,0.01899266,258
1,[],22,[],2019-03-13 00:07:30,47146.0,0.00000001,0.000000000000387233,6917028,2019-03-13 00:07:30,BTC,2.415167,0.0,0.00000001,BTC,157.0,0.0,0.00047146,259
1,[],5,[],2019-03-16 03:26:36,0.0,0,0,6942535,2019-03-16 03:26:36,btc,0.0,0.20775055,0,btc,0.0,0.0,0.0,264
1,[],20,[],2019-03-16 03:26:38,1249718.5989,0.00000236,0.00000000009326956,6942536,2019-03-16 03:26:38,btc,7.1699514783526,78240.1196,0.00000236,btc,93856.2878,0.185694239632,0.0334009665943,264
0,[],22,[],2019-03-16 03:26:52,0.0,0,0,6942537,2019-03-16 03:26:52,,8.75669439,0.0,0,,483745.2241309945,0.0,0.0,271
0,[],22,[],2019-03-16 03:27:02,0.0,0,0,6942538,2019-03-16 03:27:02,,111821.32052134,0.0,0,,14043147597.692,0.0,0.0,272
0.0000000000000051,[],28,[],2019-03-16 03:27:09,179950115030.401,3.621e-21,1.43105541e-25,6942539,2019-03-16 03:27:09,doge,147649461.82939517,6579404276.0,0.00000071,doge,244921768458.4124,0.0,4.2254396883685484e-10,272
1,[],22,[],2019-03-16 03:39:23,141657.78,0.0000006,0.0000000000237825,6942708,2019-03-16 03:39:23,BTC,380.63006223,0.0,0.0000006,"BTC,LTC",78711.72280311219,3.240000041780799e-05,0.04487913,281
1,[],22,[],2019-03-16 03:27:31,390320.0,0.00000011,0.00000000000434731,6942541,2019-03-16 03:27:31,BTC,1.27535854,0.0,0.00000011,BTC,240882.89287552296,0.01200039,0.02195084,286
0,[],22,[],2019-03-16 03:27:37,0.0,0,0,6942542,2019-03-16 03:27:37,,1044639.27757649,0.0,0,,747492492.0,0.0,0.0,294
