pairValue,buyBook,exchangeId,sellBook,updated,buyTotal,satoshiPrice,usdPrice,exchangeLogId,created,bestPair,sellTotalBtc,volume,pairPrice,activePairs,sellTotal,volumeBtc,buyTotalBtc,coinId
1,[],3,[],2019-03-12 20:45:20,30548.31941082976,0.0127108499999999992324806186161367804743349552154541015625,0.000000494089805775,6916271,2019-03-12 20:45:20,btc,61.143456072326735,0.18324895,0.0127108499999999992324806186161367804743349552154541015625,btc,27.467644015949002,0.0,0.3550255988762867,1
1,[],4,[],2019-03-12 20:45:22,207766.29156718,0.01282109,0.000000498374999935,6916272,2019-03-12 20:45:22,btc,9.901434566463681,0.0,0.01282109,btc,320.65188221,1.66805865,1.2905697403725023,1
1,[],5,[],2019-03-12 20:45:25,0.0,0,0,6916273,2019-03-12 20:45:25,btc,0.0,0.25009451,0,btc,0.0,0.0,0.0,1
1,[],10,[],2019-03-12 20:45:27,413778.42423942,0.0102093,0.00000039685080495,6916274,2019-03-12 20:45:27,btc,6522.076412943038,1001.00764342,0.0102093,btc,1100.35206818,0.0,4.652731111694946,1
1,[],12,[],2019-03-12 20:45:30,123.61178381,0.012760000000000000508482145278321695514023303985595703125,0.0000004960003400000001,6916275,2019-03-12 20:45:30,btc,0.27535018884580004,0.0,0.012760000000000000508482145278321695514023303985595703125,btc,20.522968430000002,0.0119097090702,0.5042539559232,1
1,[],20,[],2019-03-12 20:45:32,1152.4737,0.01050023,0.000000408159690445,6916276,2019-03-12 20:45:32,btc,0.0551639868997,0.0234,0.01050023,btc,2.4565,0.0002924953786,0.0959759649271,1
1,[],21,[],2019-03-12 20:45:33,2096.19531498,0.01278762999999999948330664523,0.000000497074359545,6916277,2019-03-12 20:45:33,btc,24.230776378364105,14566.79829636,0.01278762999999999948330664523155064671300351619720458984375,"btc,eth",2661.04658323,158.08503886573104,18.540957192723138,1
1,[],22,[],2019-03-12 20:45:37,0.0059712,0.01250000,0.0000004858937500000001,6916278,2019-03-12 20:45:37,BTC,0.31439419,0.0,0.01250000,BTC,0.12751438772928525,0.0,7.464e-05,1
1,[],24,[],2019-03-12 20:45:38,0.0,0.000000000000,0,6916279,2019-03-12 20:45:38,btc,0.0,0.0,0.000000000000,btc,0.0,0.0,0.0,1
0.0,[],25,[],2019-03-12 20:45:39,0.0,0,0,6916280,2019-03-12 20:45:39,btc,10.846499998991609,1544.73797591,0.0,btc,819.68993785,20.0532,0.0,1
1,[],26,[],2019-03-12 20:45:58,0.0,0,0,6916281,2019-03-12 20:45:58,,0.0,0.0,0,,0.0,0.0,0.0,1
1,[],28,[],2019-03-12 20:46:00,992.9,0.01231000,0.000000478508165,6916282,2019-03-12 20:46:00,btc,0.147901439075,17688.75,0.01231000,btc,7.9421,0.0,0.086101096,1
0,[],2,[],2019-01-20 23:28:45,0.0,0,0,6477011,2019-01-20 23:28:45,,0.0,0.0,0,,0.0,0.0,0.0,1
1,[],5,[],2019-03-12 20:46:02,0.0,0,0,6916283,2019-03-12 20:46:02,btc,0.0,0.07269974,0,btc,0.0,0.0,0.0,2
0.0000000001273296,[],22,[],2019-03-12 20:46:05,1148.0,1.4006256e-16,5.44444180104e-21,6916284,2019-03-12 20:46:05,XMR,21.01373823,0.0,0.00000110,XMR,14319.12581,0.0,0.00087635,2
1,[],5,[],2019-03-12 20:46:08,0.0,0,0,6916285,2019-03-12 20:46:08,btc,0.0,0.27972417,0,btc,0.0,0.0,0.0,3
1,[],12,[],2019-03-12 20:46:10,2802671.2705376,0.00000019,0.000000000007385585,6916286,2019-03-12 20:46:10,btc,22811.444958168875,0.0,0.00000019,btc,916153.59722717,0.09327000173094394,0.3941410639398276,3
0,[],28,[],2019-03-12 20:46:12,0.0,0,0,6916287,2019-03-12 20:46:12,,0.0,0.0,0,,0.0,0.0,0.0,3
0,[],2,[],2019-01-20 23:31:32,0.0,0,0,6477077,2019-01-20 23:31:32,,0.0,0.0,0,,0.0,0.0,0.0,4
1,[],4,[],2019-03-09 19:03:36,394362.28616607,0.00000032,0.000000000012569280000000001,6889097,2019-03-09 19:03:36,btc,32.15548375957025,0.0,0.00000032,btc,707361.31512647,0.00109114,0.0476374485302292,4
1,[],12,[],2019-03-12 20:35:33,438200.0,0.00000002,0.000000000000777746,6916105,2019-03-12 20:35:33,btc,1111742.1545516,0.0,0.00000002,btc,727568.0,0.00020076,0.00522374,5
1,[],11,[],2019-03-12 20:35:35,4575092.39882,0.00000002,0.000000000000777746,6916106,2019-03-12 20:35:35,btc,9568.15030599299,49485.0,0.00000002,btc,42288822.275313936,0.0,0.0584407913342,6
0,[],2,[],2019-01-20 23:31:51,0.0,0,0,6477087,2019-01-20 23:31:51,,0.0,0.0,0,,0.0,0.0,0.0,6
1,[],3,[],2019-03-12 20:46:13,1087.833962084558,0.000154759999999999988719301402539940681890584528446197509765625,0.00000000601575334,6916288,2019-03-12 20:46:13,btc,29.634085403952064,0.0,0.000154759999999999988719301402539940681890584528446197509765625,btc,239.122414578101,0.0,0.03439493781756314,7
1,[],4,[],2019-03-12 20:46:15,87989.98444431,0.00023450,0.000000009115366750000001,6916289,2019-03-12 20:46:15,btc,9.592561276979884,0.0,0.00023450,btc,31696.43237283,6.44225445,7.269927420110151,7
1,[],5,[],2019-03-12 20:46:17,0.0,0,0,6916290,2019-03-12 20:46:17,btc,0.0,0.86091477,0,btc,0.0,0.0,0.0,7
1,[],20,[],2019-02-20 02:16:17,39399275.8418,0.000000001,0.0000000000000390183,6728586,2019-02-20 02:16:17,btc,116.9737569154545,525.0,0.000000001,btc,56932965.8895,5.25e-07,0.0393992758418,8
0,[],2,[],2019-01-20 23:22:42,0.0,0,0,6476876,2019-01-20 23:22:42,,0.0,0.0,0,,0.0,0.0,0.0,9
0,[],23,[],2019-01-20 23:22:48,0.0,0,0,6476878,2019-01-20 23:22:48,,0.0,0.0,0,,0.0,0.0,0.0,9
1,[],1,[],2019-02-17 23:31:42,1822507.21,0.00000181000000000000003456111265232042484285557293333113193511962890625,0.000000000066086901,6701244,2019-02-17 23:31:42,btc,3.6990969245,17153386.5,0.00000181000000000000003456111265232042484285557293333113193511962890625,btc,1997391.71,31.11772986,3.2610482446,9
1,[],4,[],2019-03-12 20:46:20,1422436.4745954,0.00000147,0.000000000057141105,6916291,2019-03-12 20:46:20,btc,5.0500826097035505,0.0,0.00000147,btc,2622788.15709503,1.62212241,1.2161463259039687,9
1,[],28,[],2019-03-12 20:46:22,26353.0,0.00000159,0.000000000061805685,6916292,2019-03-12 20:46:22,btc,2708.770107851883,3641648.43,0.00000159,btc,17176.9197,0.0,0.0147295,9
1,[],4,[],2019-02-17 11:22:43,4341674.27126056,0.00000002,0.0000000000007272960000000001,6696112,2019-02-17 11:22:43,btc,0.1997230937751353,0.0,0.00000002,btc,4109766.79808031,0.00215132,0.0479381022052112,10
0,[],2,[],2019-01-20 23:23:08,0.0,0,0,6476890,2019-01-20 23:23:08,,0.0,0.0,0,,0.0,0.0,0.0,12
1,[],4,[],2019-03-12 20:46:23,5946697.69818424,0.00000123,0.000000000047811945,6916293,2019-03-12 20:46:23,btc,8.601702025710155,0.0,0.00000123,btc,4737111.47816975,1.91642941,3.539951758578507,12
1,[],5,[],2019-03-12 20:46:24,0.0,0,0,6916294,2019-03-12 20:46:24,btc,0.0,0.05706426,0,btc,0.0,0.0,0.0,12
0.0,[],25,[],2019-03-12 20:46:25,0.0,0,0,6916295,2019-03-12 20:46:25,,0.0,0.0,0.0,btc,0.0,0.0,0.0,12
1,[],10,[],2019-03-12 19:35:01,438101.81054948,0.00000639,0.000000000247624002,6915740,2019-03-12 19:35:01,btc,666802.2546767406,19166.5858077,0.00000639,btc,706876.69076248,0.0,0.2683688198878239,13
1,[],4,[],2019-03-12 20:46:26,32097926.80391788,0.00000648,0.00000000025188732,6916296,2019-03-12 20:46:26,btc,2.862591015871488,0.0,0.00000648,btc,313111.80838008,1.81470084,1.7274766287171506,13
1,[],21,[],2019-03-12 20:46:29,2239933.74291586,0.000006610000000000000240868523044,0.00000000025694061500000004,6916297,2019-03-12 20:46:29,btc,8.198451837512483,2003173.46268075,0.0000066100000000000002408685230437246360679637291468679904937744140625,btc,1112762.25232886,12.75351175,13.810516691753904,13
1,[],4,[],2019-03-12 20:35:55,891100.65498644,0.00000095,0.000000000036942935,6916117,2019-03-12 20:35:55,btc,5.966099665978061,0.0,0.00000095,btc,918791.29152227,0.10416995,0.1659814527724893,14
1,[],12,[],2019-03-12 20:35:56,269976.0,0.000001049999999999999899545958213786800428124479367397725582122802734375,0.000000000040831664999999995,6916118,2019-03-12 20:35:56,btc,0.055518272249142,0.0,0.000001049999999999999899545958213786800428124479367397725582122802734375,btc,9139.22317164,0.0007003053933859,0.02099956,14
1,[],26,[],2019-03-12 20:36:07,0.0,0.00000050,0.00000000001944365,6916119,2019-03-12 20:36:07,btc,0.0,0.0,0.00000050,btc,0.0,0.0,0.0,14
0,[],17,[],2019-03-12 20:22:49,0.0,0,0,6915928,2019-03-12 20:22:49,btc,0.0,0.0,0,btc,0.0,0.0,0.0,14
,[],12,[],2018-12-01 15:15:48,204241.84496,0.00000489,0.000000000202473384,5260204,2018-12-01 15:15:48,btc,49.5475654835,0.0,,btc,35763.2193806,0.0163153972027625,0.0203389899998,15
0,[],4,[],2019-03-12 20:46:30,0.0,0,0,6916298,2019-03-12 20:46:30,,0.0,0.0,0,,0.0,0.0,0.0,15
0,[],2,[],2019-01-20 23:23:38,0.0,0,0,6476906,2019-01-20 23:23:38,,0.0,0.0,0,,0.0,0.0,0.0,18
1,[],4,[],2019-03-12 20:46:32,32995.43871741,0.00001456,0.00000000056596904,6916299,2019-03-12 20:46:32,btc,4.183560344137785,0.0,0.00001456,btc,18340.49788318,0.08551383,0.0497439589488716,18
1,[],10,[],2019-03-12 20:46:34,781636.0932163,0.00001711,0.000000000665091365,6916300,2019-03-12 20:46:34,btc,15.407125711274668,1942.55056555,0.00001711,btc,13302.36440746,0.0,0.1113682038747933,18
1,[],12,[],2019-03-12 20:46:35,314354.35781663,0.00001679999999999999839273533142058880684999166987836360931396484375,0.0000000006530411999999999,6916301,2019-03-12 20:46:35,btc,33214.726682260065,0.0,0.00001679999999999999839273533142058880684999166987836360931396484375,btc,800.45322312,0.00677684992467,0.037919291672078304,18
0,[],17,[],2019-03-12 20:46:37,0.0,0,0,6916302,2019-03-12 20:46:37,btc,0.0,0.0,0,btc,0.0,0.0,0.0,18
0,[],2,[],2019-01-20 23:24:19,0.0,0,0,6476924,2019-01-20 23:24:19,,0.0,0.0,0,,0.0,0.0,0.0,19
1,[],3,[],2019-03-12 20:46:38,117179.77846619539,0.0000174999999999999984669381281054967303134617395699024200439453125,0.00000000068025125,6916303,2019-03-12 20:46:38,btc,0.6542525040731385,279.4,0.0000174999999999999984669381281054967303134617395699024200439453125,btc,14655.171468174085,0.0,0.013753351272296674,19
1,[],4,[],2019-03-12 20:46:40,216044.6761517,0.00001927,0.000000000749053805,6916304,2019-03-12 20:46:40,btc,2.5153850545633754,0.0,0.00001927,btc,89261.52665956,0.19114138,2.142505832872083,19
1,[],5,[],2019-03-12 20:46:41,0.0,0,0,6916305,2019-03-12 20:46:41,btc,0.0,0.01808239,0,btc,0.0,0.0,0.0,19
1,[],12,[],2019-03-12 20:46:42,192245.68790577,0.00002025999999999999914672421663652812640066258609294891357421875,0.00000000078753659,6916306,2019-03-12 20:46:42,btc,0.3035189429576386,0.0,0.00002025999999999999914672421663652812640066258609294891357421875,btc,378.54110499,0.0038599202397406,0.0401843772178138,19
0,[],27,[],2019-03-12 20:46:44,0.0,0,0,6916307,2019-03-12 20:46:44,,0.0,0.0,0,btc,0.0,0.0,0.0,19
1,[],4,[],2019-03-12 20:23:04,2769050.98210011,0.00000012,0.000000000004661808,6915940,2019-03-12 20:23:04,btc,7.3883038778920955,0.0,0.00000012,btc,2888450.60266467,0.00023941,0.0766587845231285,20
0,[],17,[],2019-03-12 20:36:26,0.0,0,0,6916132,2019-03-12 20:36:26,btc,0.0,0.0,0,btc,0.0,0.0,0.0,21
1,[],4,[],2019-03-12 20:46:46,103310558.2663036,0.00000002,0.0000000000007774300000000001,6916308,2019-03-12 20:46:46,btc,1905.7021818607832,0.0,0.00000002,btc,54009790.29016004,0.00721265,1.1519516084467123,21
1,[],12,[],2019-03-12 20:46:47,1375286.0,0.00000001,0.00000000000038871500000000003,6916309,2019-03-12 20:46:47,btc,1247.5321034093006,0.0,0.00000001,btc,2589646.96503496,0.0001999000999,0.01375286,21
1,[],12,[],2019-03-12 20:46:51,3217524099.0,0.0000000001,0.00000000000000388715,6916310,2019-03-12 20:46:51,btc,1933717.2621133681,0.0,0.0000000001,btc,1735414896.7036853,0.002691968765134868,0.32175240990000004,23
0,[],27,[],2019-03-12 20:46:53,0.0,0,0,6916311,2019-03-12 20:46:53,,13.823034242813412,0.0,0,eth,4620333.31314486,0.0,0.0,23
1,[],4,[],2019-03-12 20:36:30,624616.02004364,0.00000041,0.000000000015943793,6916135,2019-03-12 20:36:30,btc,9.147808549314478,0.0,0.00000041,btc,1596507.18397972,0.00698225,0.1495550180114563,24
1,[],22,[],2019-03-12 20:36:34,11.76,0.00000100,0.0000000000388873,6916136,2019-03-12 20:36:34,BTC,7.415e-05,0.0,0.00000100,BTC,23.919354838709676,0.0,1.176e-05,24
0.0,[],25,[],2019-03-12 20:36:35,0.0,0,0,6916137,2019-03-12 20:36:35,,0.0,0.0,0.0,btc,0.0,0.0,0.0,24
1,[],4,[],2019-03-12 20:36:37,26578855.64704033,0.00000564,0.00000000021932437200000001,6916138,2019-03-12 20:36:37,btc,65.98636985061282,0.0,0.00000564,btc,244926.36898681,0.12700048,0.4383722172294478,26
1,[],10,[],2019-03-12 20:36:39,686262.3011527,0.00000601,0.000000000233712673,6916139,2019-03-12 20:36:39,btc,26.132465160676706,4275.41445793,0.00000601,btc,14872.55890951,0.0,0.2147498004065722,26
0,[],2,[],2019-01-20 23:25:56,0.0,0,0,6476976,2019-01-20 23:25:56,,0.0,0.0,0,,0.0,0.0,0.0,26
1,[],3,[],2019-03-12 20:36:40,8415347.59501412,0.00000001,0.000000000000388873,6916140,2019-03-12 20:36:40,btc,2.035925771038287,1062552.19301,0.00000001,btc,14386817.73160952,0.0,0.0841534759501412,27
1,[],5,[],2019-03-12 20:36:42,0.0,0,0,6916141,2019-03-12 20:36:42,btc,0.0,0.00036173,0,btc,0.0,0.0,0.0,27
1,[],11,[],2019-03-12 20:36:43,8489638.24590115,0.00000006,0.000000000002333238,6916142,2019-03-12 20:36:43,btc,67506.32807964063,5956.66666667,0.00000006,btc,7966196.08369704,0.0,0.4689379049180229,27
1,[],4,[],2019-03-12 20:46:55,2111846084.6982875,0.00000001,0.00000000000038871500000000003,6916312,2019-03-12 20:46:55,btc,5.243248797821069,0.0,0.00000001,"btc,ltc",353079683.832813,0.24493844,9.529723128407264,29
1,[],7,[],2019-03-12 20:47:39,35606551.76455675,0.00000001,0.00000000000038871500000000003,6916313,2019-03-12 20:47:39,btc,44461616.82424166,18507.5674326,0.00000001,btc,52062278.61332269,0.00037015,0.3560655176455675,29
1,[],4,[],2019-03-12 20:36:47,1748626.38982987,0.00000017,0.000000000006610841,6916145,2019-03-12 20:36:47,btc,2.702373681196067,0.0,0.00000017,btc,2158527.91606269,0.06654673,0.1032697983800007,30
0,[],17,[],2019-03-12 20:36:49,0.0,0,0,6916146,2019-03-12 20:36:49,btc,0.0,0.0,0,btc,0.0,0.0,0.0,30
1,[],4,[],2019-03-12 20:47:40,188956.87765382,0.00005520,0.0000000021457068000000002,6916314,2019-03-12 20:47:40,btc,10.018943020353905,0.0,0.00005520,btc,127230.70104647,1.04865356,2.1240609765050977,31
1,[],21,[],2019-03-12 20:47:40,38712.887460059996,0.00005598000000000000273957939667,0.0000000021760265700000002,6916315,2019-03-12 20:47:40,btc,6.590494603975168,207812.60744807,0.000055980000000000002739579396671132371920975856482982635498046875,btc,101187.31162433,11.43518064,2.044694822581167,31
0,[],2,[],2019-01-20 23:28:43,0.0,0,0,6477009,2019-01-20 23:28:43,,0.0,0.0,0,,0.0,0.0,0.0,32
1,[],4,[],2019-03-12 20:36:54,460818142.93503565,0.00000004,0.000000000001555492,6916149,2019-03-12 20:36:54,btc,8.843904499313117,0.0,0.00000004,"btc,ltc",170643598.51283354,1.99013331,8.617406574178395,33
1,[],12,[],2019-03-12 20:36:55,25922539.964,0.00000004,0.000000000001555492,6916150,2019-03-12 20:36:55,btc,2322997.2850176645,0.0,0.00000004,btc,18089033.49350644,0.0019859445754245,0.60401853892,33
1,[],4,[],2019-03-12 20:47:41,104354414.99441807,0.00000001,0.00000000000038871500000000003,6916316,2019-03-12 20:47:41,btc,3.413571447000696,0.0,0.00000001,btc,99178852.24941184,0.02286941,1.0435441499441807,34
1,[],5,[],2019-03-12 20:47:43,0.0,0,0,6916317,2019-03-12 20:47:43,btc,0.0,0.00024783,0,btc,0.0,0.0,0.0,34
0,[],17,[],2019-03-12 19:23:18,0.0,0,0,6915585,2019-03-12 19:23:18,btc,0.0746458232965017,0.0,0,btc,4103573.70243647,0.0,0.0,36
0.0000000001449737,[],4,[],2019-03-12 20:47:45,3817710704.1370125,1.4497370000000001e-18,5.635345179550001e-23,6916318,2019-03-12 20:47:45,ltc,4.522572135957629e-08,0.0,0.00000001,ltc,6120733349.88917,0.0,5.534676463083481e-09,36
1,[],5,[],2019-03-12 20:47:47,0.0,0,0,6916319,2019-03-12 20:47:47,btc,0.0,0.0,0,btc,0.0,0.0,0.0,36
0.0000000003430894,[],27,[],2019-03-12 20:47:51,1088163.16325,3.4308940000000002e-18,1.3336399612100002e-22,6916320,2019-03-12 20:47:51,eth,222.5593908357632,0.0,0.00000001,"ltc,eth",11165406.63658689,0.0,1.7083499818154457e-12,36
1,[],4,[],2019-03-12 20:24:07,213685.37139012,0.00000059,0.000000000022920556,6915966,2019-03-12 20:24:07,btc,19772.480405957405,0.0,0.00000059,btc,560245.53143499,0.0066366,0.0886303090648154,37
1,[],12,[],2019-03-12 20:24:08,439077.7856799,0.00000061,0.000000000023697524000000002,6915967,2019-03-12 20:24:08,btc,26.278133371255844,0.0,0.00000061,btc,419511.76130529,0.0477357903846841,0.1297910833924296,37
1,[],27,[],2019-03-12 20:24:21,14685.567,0.00000045,0.00000000001748178,6915968,2019-03-12 20:24:21,btc,24.25536383611233,0.0,0.00000045,btc,6518.38138508,0.0,0.00480032515,37
1,[],17,[],2019-03-12 19:36:18,1752.74075282,0.00000025,0.00000000000968795,6915781,2019-03-12 19:36:18,btc,0.055484923777095005,0.0,0.00000025,btc,1319.19918473,0.0,0.00043818518820499993,37
1,[],5,[],2019-03-12 20:47:53,0.0,0,0,6916321,2019-03-12 20:47:53,btc,0.0,0.1030665,0,btc,0.0,0.0,0.0,42
1,[],12,[],2019-03-12 20:47:54,256413.73289389,0.000001179999999999999925426948273188276772316385176964104175567626953125,0.00000000004586837,6916322,2019-03-12 20:47:54,btc,5.574507959427862,0.0,0.000001179999999999999925426948273188276772316385176964104175567626953125,btc,30031.55717657,0.0326574688853808,0.0207346054461049,42
0.0000000003430894,[],27,[],2019-03-12 20:47:57,2000.0,3.4308940000000002e-18,1.3336399612100002e-22,6916323,2019-03-12 20:47:57,eth,0.00315028,0.0,0.00000001,"btc,eth",11.007,0.0,6.861788000000001e-15,42
1,[],5,[],2019-03-12 20:37:22,0.0,0,0,6916159,2019-03-12 20:37:22,btc,0.0,0.02299556,0,btc,0.0,0.0,0.0,43
1,[],12,[],2019-03-12 20:37:23,1621233.0,0.00000001,0.000000000000388873,6916160,2019-03-12 20:37:23,btc,29058.004787318663,0.0,0.00000001,btc,5967581.93306694,1.998001998e-06,0.01621233,43
0,[],17,[],2019-03-12 20:37:25,0.0,0,0,6916161,2019-03-12 20:37:25,btc,0.0,0.0,0,btc,0.0,0.0,0.0,43
1,[],12,[],2019-03-05 01:54:08,639326.02,0.00000004,0.000000000001486676,6845775,2019-03-05 01:54:08,btc,11116042.728239931,0.0,0.00000004,btc,1103841.4595604,0.0003330765234764,0.014975410599999999,44
1,[],4,[],2019-03-12 20:37:27,299010303.99344146,0.00000002,0.000000000000777746,6916162,2019-03-12 20:37:27,btc,946.4898467153636,0.0,0.00000002,"btc,ltc",16820505.48768139,0.00536821,0.2779942702897943,49
0.0000000001449737,[],4,[],2019-03-12 20:47:59,805921772.085984,1.4497370000000001e-18,5.635345179550001e-23,6916324,2019-03-12 20:47:59,ltc,25.86629956001725,0.0,0.00000001,ltc,10610334220.578579,0.0,1.1683746120986182e-09,52
0.0000000001273296,[],22,[],2019-03-12 20:48:03,80645562.0,1.273296e-18,4.9494925464000005e-23,6916325,2019-03-12 20:48:03,XMR,4368.73577283,0.0,0.00000001,XMR,281327473.5359664,0.0,0.80645562,57
0.0000000003430894,[],27,[],2019-03-12 20:48:06,2000.0,3.4308940000000002e-18,1.3336399612100002e-22,6916326,2019-03-12 20:48:06,eth,0.0,0.0,0.00000001,"btc,eth",0.0,0.0,6.861788000000001e-15,57
0.0000000001450448,[],4,[],2019-03-12 20:37:34,416367857.03396165,2.900896e-18,1.128080130208e-22,6916166,2019-03-12 20:37:34,ltc,18.65741680922656,0.0,0.00000002,ltc,4757320074.050395,0.0,6.750364654542255e-10,58
1,[],12,[],2019-03-12 20:37:35,1224739992.0,0.0000000003,0.00000000000001166619,6916167,2019-03-12 20:37:35,btc,4023098.990703367,0.0,0.0000000003,btc,1664329618.7092905,0.008206391742757255,0.31514312170000003,58
0.0000000001262029,[],22,[],2019-03-12 20:37:40,137438.0,1.262029e-18,4.90769003317e-23,6916168,2019-03-12 20:37:40,XMR,69.8835922,0.0,0.00000001,XMR,9887963.0,0.0,0.00137438,58
0,[],17,[],2019-03-12 19:38:46,0.0,0,0,6915794,2019-03-12 19:38:46,btc,1e+24,0.0,0,btc,49306342.21952568,0.0,0.0,58
1,[],5,[],2019-03-12 20:37:42,0.0,0,0,6916169,2019-03-12 20:37:42,btc,0.0,0.00309384,0,btc,0.0,0.0,0.0,61
1,[],22,[],2019-03-12 20:37:45,13757.0,0.00000012,0.000000000004666476,6916170,2019-03-12 20:37:45,BTC,1002.2960049,0.0,0.00000012,BTC,14976.68361146909,0.0,0.00154987,61
1,[],26,[],2019-03-12 20:37:45,0.0,0.00000800,0.0000000003110984,6916171,2019-03-12 20:37:45,btc,0.0,0.0,0.00000800,btc,0.0,0.0,0.0,61
1,[],27,[],2019-03-12 20:37:47,4411.22008,0.00000047,0.000000000018277031,6916172,2019-03-12 20:37:47,btc,2.8990263703141324,0.0,0.00000047,"btc,eth",19485.01257617,0.0,0.001243759959483378,61
1,[],28,[],2019-03-12 20:37:49,13880.304,0.0000005,0.00000000001944365,6916173,2019-03-12 20:37:49,btc,2.056312978300105,805.0,0.0000005,btc,9730.59500005,0.0,0.00566391304,61
1,[],4,[],2019-03-12 20:48:07,1484602.14297157,0.00000202,0.00000000007852043000000001,6916327,2019-03-12 20:48:07,btc,9.613285701587424,0.0,0.00000202,btc,820138.06725433,0.0869446,1.3719013606550097,67
0.0,[],25,[],2019-03-12 20:48:10,0.0,0,0,6916328,2019-03-12 20:48:10,,0.0,0.0,0.0,btc,0.0,0.0,0.0,67
1,[],12,[],2019-03-12 20:37:53,3284822.45959494,0.00000012,0.000000000004666476,6916176,2019-03-12 20:37:53,btc,1111215.0145727356,0.0,0.00000012,btc,945031.9433431,0.0230016921093677,0.165897541211999,71
,[],5,[],2018-11-20 23:02:39,1.5e-07,0.00000005,0.000000000002128045,4862160,2018-11-20 23:02:39,btc,2.84511358,0.0,,btc,0.00036572,0.0,0.07381892,74
1,[],5,[],2019-03-12 20:37:55,0.0,0,0,6916177,2019-03-12 20:37:55,btc,0.0,0.0,0,btc,0.0,0.0,0.0,75
1,[],4,[],2019-03-12 20:37:58,13122677.09824166,0.00000001,0.000000000000388873,6916178,2019-03-12 20:37:58,btc,11388.984771024567,0.0,0.00000001,btc,39980793.51032191,0.00077355,0.1312267709824166,81
0,[],20,[],2019-01-25 09:30:31,0.0,0,0,6495923,2019-01-25 09:30:31,btc,0.0,0.0,0,btc,0.0,0.0,0.0,81
1,[],4,[],2019-03-12 20:38:00,24627.68360126,0.00007437,0.0000000028920485010000002,6916179,2019-03-12 20:38:00,btc,18.14529995673293,0.0,0.00007437,btc,12619.39783665,0.03316373,0.1468397156825395,82
1,[],21,[],2019-03-12 20:38:00,945474.98381104,0.00007245999999999999403171857537,0.0000000028177737579999998,6916180,2019-03-12 20:38:00,btc,3.5552443174310158,9159.85061355,0.000072459999999999994031718575371314727817662060260772705078125,btc,42883.6229515,0.66701154,3.588289995327257,82
0,[],17,[],2019-03-12 20:38:12,0.0,0,0,6916181,2019-03-12 20:38:12,btc,0.0447233088476774,0.0,0,btc,999127.19588126,0.0,0.0,84
0.0000000001450448,[],4,[],2019-03-12 20:38:14,191776201.71204397,4.351344e-18,1.692120195312e-22,6916182,2019-03-12 20:38:14,ltc,1.6816215387512115,0.0,0.00000003,ltc,392067639.2329795,0.00050898,4.591732265195169e-10,85
,[],22,[],2018-11-20 23:09:34,3408.1,0.0000001,0.0000000000041895,4862324,2018-11-20 23:09:34,BTC,0.04624735,0.0,,BTC,4990.0,0.0,0.00033081,86
1,[],22,[],2019-03-12 20:48:14,110870.0,0.00000005,0.000000000001943575,6916329,2019-03-12 20:48:14,BTC,2.07858175,0.0,0.00000005,BTC,170145.94736842104,0.00046282,0.0017035,87
1,[],27,[],2019-03-12 20:48:16,55.0,0.00000001,0.00000000000038871500000000003,6916330,2019-03-12 20:48:16,btc,15.09530910642528,0.0,0.00000001,btc,13342.9236248,0.0,5.5e-07,87
,[],2,[],2018-11-20 23:10:47,0.0,0,0,4862359,2018-11-20 23:10:47,,0.0,0.0,,,0.0,0.0,0.0,88
1,[],11,[],2019-03-12 20:38:21,93075.69516147,0.0001479399999999999964182817446811668560258112847805023193359375,0.000000005752987162,6916185,2019-03-12 20:38:21,btc,611.5535058712092,4103.57522323,0.0001479399999999999964182817446811668560258112847805023193359375,btc,97999.79486976,0.0,6.2827719163878415,89
0,[],2,[],2019-01-20 23:31:45,0.0,0,0,6477083,2019-01-20 23:31:45,,0.0,0.0,0,,0.0,0.0,0.0,91
0,[],17,[],2019-03-12 19:28:55,0.0,0,0,6915620,2019-03-12 19:28:55,btc,0.0,0.0,0,btc,0.0,0.0,0.0,91
1,[],12,[],2019-03-12 20:38:22,266933.00216709,0.00000099,0.000000000038498427000000006,6916186,2019-03-12 20:38:22,btc,61.00033632608437,0.0,0.00000099,btc,118652.28574015,0.0222360154755247,0.0489882078999937,91
1,[],22,[],2019-03-12 20:38:36,65900.0,0.00000001,0.000000000000388873,6916187,2019-03-12 20:38:36,BTC,3e-06,0.0,0.00000001,BTC,1.0,0.0,0.000659,91
0.0000000001449737,[],22,[],2019-03-12 20:48:19,52834053.0,1.4497370000000001e-18,5.635345179550001e-23,6916331,2019-03-12 20:48:19,LTC,3.2019494,0.0,0.00000001,LTC,37203526.79047619,0.0,0.52834053,95
0.0000000001450448,[],4,[],2019-03-12 20:40:38,634094082.3097469,7.6873744e-17,2.9894123450512e-21,6916189,2019-03-12 20:40:38,ltc,11.894590687714674,0.0,0.00000053,ltc,135846029.71549752,0.00025948,1.605239585848765e-09,96
0,[],12,[],2019-03-12 20:40:40,0.0,0,0,6916190,2019-03-12 20:40:40,btc,10.189768164675325,0.0,0,btc,3076054.46753246,4.6253746254e-06,0.0,96
0,[],17,[],2019-03-12 18:35:51,0.0,0,0,6915449,2019-03-12 18:35:51,btc,0.0,0.0,0,btc,0.0,0.0,0.0,96
1,[],4,[],2019-03-12 10:13:14,2544101.88493427,0.00000025,0.0000000000097174,6911574,2019-03-12 10:13:14,btc,2.5031007307816195,0.0,0.00000025,btc,2555984.39269018,0.04718357,0.3381776086135513,99
1,[],4,[],2019-03-12 20:40:54,290425.54162742,0.00003571,0.000000001388665483,6916191,2019-03-12 20:40:54,btc,11.715153425126836,0.0,0.00003571,btc,179066.96703251,2.80550963,1.6800335853005126,100
0,[],2,[],2019-01-20 23:23:55,0.0,0,0,6476914,2019-01-20 23:23:55,,0.0,0.0,0,,0.0,0.0,0.0,100
1,[],22,[],2019-03-12 20:29:58,50000.0,0.00000001,0.000000000000388484,6916003,2019-03-12 20:29:58,BTC,23.49896609,0.0,0.00000001,BTC,10277.22,0.0,0.0005,101
1,[],4,[],2019-03-12 20:40:56,455959.59485907,0.00000080,0.00000000003110984,6916192,2019-03-12 20:40:56,btc,308.0832490586575,0.0,0.00000080,btc,507361.11791769,0.00497474,0.2248196632019636,103
1,[],12,[],2019-03-12 20:40:59,21256104.93780044,0.000000008,0.00000000000031109840000000004,6916193,2019-03-12 20:40:59,btc,3219146.0159068303,0.0,0.000000008,btc,75117818.09095193,0.00852381280309804,0.04417011050240352,105
1,[],27,[],2019-03-12 20:41:01,223920.39,0.00000001,0.000000000000388873,6916194,2019-03-12 20:41:01,btc,36.605890344913405,0.0,0.00000001,btc,1300442.23571724,0.0,0.0022392039,105
1,[],22,[],2019-03-12 20:41:14,9328.0,0.00000001,0.000000000000388873,6916195,2019-03-12 20:41:14,BTC,51.10837004,0.0,0.00000001,BTC,470435.0,0.0,9.328e-05,107
1,[],26,[],2019-03-12 20:41:14,0.0,0.00000000,0,6916196,2019-03-12 20:41:14,btc,0.0,0.0,0.00000000,btc,0.0,0.0,0.0,107
1,[],5,[],2019-03-12 20:41:16,0.0,0,0,6916197,2019-03-12 20:41:16,btc,0.0,0.06396217,0,btc,0.0,0.0,0.0,112
1,[],22,[],2019-03-12 20:41:20,1966.0,0.00000001,0.000000000000388873,6916198,2019-03-12 20:41:20,BTC,2.7975128,0.0,0.00000001,BTC,826524.0833333334,0.0,1.966e-05,112
0.0000000003428029,[],27,[],2019-03-12 20:41:22,2000.0,3.428029e-18,1.333067921317e-22,6916199,2019-03-12 20:41:22,eth,1.24996908,0.0,0.00000001,"btc,eth",1289.0,0.0,6.856058e-15,112
1,[],4,[],2019-03-12 20:41:23,1285897.96441091,0.00000193,0.000000000075052489,6916200,2019-03-12 20:41:23,btc,5.383348868685148,0.0,0.00000193,btc,373134.3510689,0.01375823,0.9691245621877324,113
1,[],5,[],2019-03-12 20:41:26,0.0,0,0,6916201,2019-03-12 20:41:26,btc,0.0,0.00059906,0,btc,0.0,0.0,0.0,113
0,[],27,[],2019-03-12 20:41:39,0.0,0,0,6916202,2019-03-12 20:41:39,,0.0,0.0,0,btc,0.0,0.0,0.0,116
1,[],17,[],2019-03-12 20:30:32,152738.278,0.00000004,0.000000000001553936,6916014,2019-03-12 20:30:32,btc,1.33680302678,0.0,0.00000004,btc,50696.221,0.0,0.0022095311199999998,116
1,[],4,[],2019-03-12 20:41:41,115134.49521587,0.00005786,0.0000000022500191780000002,6916203,2019-03-12 20:41:41,btc,83.91529386271658,0.0,0.00005786,btc,20774.89870627,6.6956081,2.5035026618858325,120
1,[],7,[],2019-03-12 20:41:42,20917.1632289,0.0000381499999999999989618547358016797943491837941110134124755859375,0.000000001483550495,6916204,2019-03-12 20:41:42,btc,121183.01529593646,29871.8579575,0.0000381499999999999989618547358016797943491837941110134124755859375,btc,26028.45596449,0.94810431,0.057120565202041805,120
1,[],20,[],2019-03-12 20:41:45,1748462.0183,0.000000034,0.0000000000013221682,6916205,2019-03-12 20:41:45,btc,33.6158440906568,2795.25,0.000000034,btc,1013150.479,9.50385e-05,0.0181341858648,125
1,[],22,[],2019-03-12 20:41:49,3053.0,0.00000001,0.000000000000388873,6916206,2019-03-12 20:41:49,BTC,0.01444887,0.0,0.00000001,BTC,296263.5111111111,0.0,3.053e-05,126
1,[],4,[],2019-03-12 20:41:51,131936.80043217,0.00001200,0.0000000004666476,6916207,2019-03-12 20:41:51,btc,3.548898887128955,0.0,0.00001200,btc,115889.9886199,0.13008443,0.4666730940134671,131
0,[],17,[],2019-03-12 20:41:52,0.0,0,0,6916208,2019-03-12 20:41:52,btc,0.0009561751951600001,0.0,0,btc,35.42829368,0.0,0.0,131
0,[],2,[],2019-01-20 23:25:46,0.0,0,0,6476969,2019-01-20 23:25:46,,0.0,0.0,0,,0.0,0.0,0.0,131
1,[],4,[],2019-03-12 20:41:53,4617.88509894,0.00016752,0.000000006514400496,6916209,2019-03-12 20:41:53,btc,1.609039870325334,0.0,0.00016752,btc,203.95419894,0.01137019,0.0187229812291377,135
1,[],3,[],2019-03-07 00:20:44,877702.73244099,0.00000004,0.00000000000154846,6863392,2019-03-07 00:20:44,btc,0.119366241821405,0.0,0.00000004,btc,760637.99421222,0.0,0.023771231960604298,136
1,[],4,[],2019-03-12 20:41:54,253486.39965559,0.00000146,0.000000000056775458,6916210,2019-03-12 20:41:54,btc,38.61935202199985,0.0,0.00000146,btc,538939.65372209,0.02146801,0.0216512506400087,137
1,[],12,[],2019-03-12 20:41:56,142640.90049751,0.000001480000000000000017730500227741696761540879379026591777801513671875,0.000000000057553204,6916211,2019-03-12 20:41:56,btc,5.049568020830292,0.0,0.000001480000000000000017730500227741696761540879379026591777801513671875,btc,5741.45414514,2.97e-06,0.009507609999996799,137
1,[],4,[],2019-03-12 20:41:58,11631.19010576,0.00003252,0.000000001264614996,6916212,2019-03-12 20:41:58,btc,28.692928397687588,0.0,0.00003252,btc,51381.25006474,0.14121109,0.2229283427592122,142
1,[],5,[],2019-03-12 20:41:59,0.0,0,0,6916213,2019-03-12 20:41:59,btc,0.0,0.11462028,0,btc,0.0,0.0,0.0,142
1,[],17,[],2019-03-12 20:42:10,22967.386363640002,0.00000088,0.000000000034220824,6916214,2019-03-12 20:42:10,btc,20.0699133484,0.0,0.00000088,btc,405.079105,0.0,0.0104613000000032,142
1,[],20,[],2019-03-12 20:42:12,153052.76,0.000033,0.0000000012832809,6916215,2019-03-12 20:42:12,btc,0.3361564156272,0.1,0.000033,btc,2245.1871,3.3e-06,0.3093488730457,142
1,[],22,[],2019-03-12 20:42:16,1470.2803921568627,0.00001020,0.00000000039665046,6916216,2019-03-12 20:42:16,BTC,3.0054103,0.0,0.00001020,BTC,910.5995,2.474e-05,0.00121106,142
0.0,[],25,[],2019-03-12 20:42:17,0.0,0,0,6916217,2019-03-12 20:42:17,,0.0,0.0,0.0,btc,0.0,0.0,0.0,142
1,[],28,[],2019-03-12 20:42:19,76600.0,0.00002270,0.0000000008827417100000001,6916218,2019-03-12 20:42:19,btc,0.067100461059305,1376.0,0.00002270,btc,552.61077999,0.0,0.0154572,142
0,[],22,[],2019-03-12 20:42:22,0.0,0,0,6916219,2019-03-12 20:42:22,,65.83990167,0.0,0,,1043231670.8,0.0,0.0,143
0,[],22,[],2019-02-25 15:42:22,0.0,0,0,6783783,2019-02-25 15:42:22,,4.2131946,0.0,0,,2322156.0,0.0,0.0,146
,[],22,[],2018-11-20 23:01:11,0.0,0,0,4862114,2018-11-20 23:01:11,,2.56807021,0.0,,,61828.4988236,0.0,0.0,147
1,[],12,[],2019-03-12 20:31:22,347555.86077019,0.00000224000000000000015274565466627532117627197294495999813079833984375,0.00000000008702041600000001,6916032,2019-03-12 20:31:22,btc,7.931978452605939,0.0,0.00000224000000000000015274565466627532117627197294495999813079833984375,btc,101341.33942272,0.0022489130697453,0.080295019999807,148
1,[],4,[],2019-03-12 20:42:23,248027.51874119,0.00000029,0.000000000011277317000000001,6916220,2019-03-12 20:42:23,btc,219.99420193354877,0.0,0.00000029,btc,832875.78510436,0.00027,0.0587522344301685,152
0,[],22,[],2019-03-12 20:42:26,0.0,0,0,6916221,2019-03-12 20:42:26,,0.0,0.0,0,,0.0,0.0,0.0,152
1,[],5,[],2019-03-12 20:42:27,0.0,0,0,6916222,2019-03-12 20:42:27,btc,0.0,0.0,0,btc,0.0,0.0,0.0,153
,[],16,[],2019-01-11 15:38:59,0.0,0,0,6366141,2019-01-11 15:38:59,btc,0.0,0.0,,btc,0.0,0.0,0.0,155
0,[],22,[],2019-03-12 20:42:30,0.0,0,0,6916223,2019-03-12 20:42:30,,6.7463781,0.0,0,,4673397.242592593,0.0,0.0,156
0,[],23,[],2019-01-20 23:24:29,0.0,0,0,6476932,2019-01-20 23:24:29,,0.0,0.0,0,,0.0,0.0,0.0,156
1,[],22,[],2019-03-12 20:42:34,7073.8,0.00005300,0.0000000020610269,6916224,2019-03-12 20:42:34,BTC,1.79802465,0.0,0.00005300,BTC,802.6461988741639,0.0,0.00104336,157
0,[],22,[],2019-03-12 20:42:36,0.0,0,0,6916225,2019-03-12 20:42:36,,50175.67608608,0.0,0,,54079135.04179466,0.0,0.0,158
,[],17,[],2018-11-20 22:56:10,0.0,0,0,4861976,2018-11-20 22:56:10,btc,1.1265625,0.0,,btc,1000.0,0.0,0.0,159
,[],20,[],2018-11-20 22:56:12,0.0,0,0,4861977,2018-11-20 22:56:12,btc,11912.7940471,0.0,,btc,34413894.3617,0.0,0.0,159
1,[],12,[],2019-03-12 20:42:38,212376.69769292,0.0000076299999999999997923709471603359588698367588222026824951171875,0.000000000296710099,6916226,2019-03-12 20:42:38,btc,1.7038802693939088,0.0,0.0000076299999999999997923709471603359588698367588222026824951171875,btc,9545.78629373,0.0013252115,0.0994668716814943,168
1,[],17,[],2019-03-12 20:42:40,29784.95,0.000001,0.0000000000388873,6916227,2019-03-12 20:42:40,btc,0.03026736251542,0.0,0.000001,btc,144.46171372,0.0,0.00716147,168
0,[],22,[],2019-03-12 20:42:43,0.0,0,0,6916228,2019-03-12 20:42:43,,1.1340533,0.0,0,,524928.174707144,0.0,0.0,169
1,[],22,[],2019-03-12 20:42:47,204847.95238095237,0.00000021,0.000000000008166333,6916229,2019-03-12 20:42:47,BTC,14.34918366,0.0,0.00000021,BTC,152018.04525947114,0.0001201,0.00252801,171
1,[],22,[],2019-03-12 20:42:51,462947.3333333333,0.00000011,0.000000000004277603,6916230,2019-03-12 20:42:51,BTC,2.59790757,0.0,0.00000011,"BTC,LTC",331737.15922067536,0.0056974,0.01836217,173
1,[],5,[],2019-03-05 01:59:40,0.0,0,0,6845846,2019-03-05 01:59:40,btc,0.0,0.00384852,0,btc,0.0,0.0,0.0,175
1,[],22,[],2019-03-12 20:42:55,35500.0,0.00000012,0.000000000004666476,6916231,2019-03-12 20:42:55,BTC,0.54559973,0.0,0.00000012,BTC,137776.41444619838,0.0,0.00206,176
1,[],7,[],2019-03-12 20:42:57,0.0,0,0,6916232,2019-03-12 20:42:57,btc,408082.6437741874,0.0,0,btc,111357382.24961711,0.0,0.0,178
0,[],22,[],2019-03-12 20:43:00,0.0,0,0,6916233,2019-03-12 20:43:00,,1.00242438,0.0,0,,57522.0,0.0,0.0,178
0,[],2,[],2019-01-20 23:28:34,0.0,0,0,6477001,2019-01-20 23:28:34,,0.0,0.0,0,,0.0,0.0,0.0,178
1,[],5,[],2019-03-12 20:43:02,0.0,0,0,6916234,2019-03-12 20:43:02,btc,0.0,0.16512394,0,btc,0.0,0.0,0.0,179
1,[],22,[],2019-03-12 20:43:06,6867106.0,0.00000002,0.000000000000777746,6916235,2019-03-12 20:43:06,BTC,5.63500652,0.0,0.00000002,"BTC,LTC",17355770.756535422,0.0,0.37228284,179
0,[],23,[],2019-01-20 23:25:08,0.0,0,0,6476952,2019-01-20 23:25:08,,0.0,0.0,0,,0.0,0.0,0.0,179
1,[],22,[],2019-03-12 20:43:22,667000.2119157679,0.00000177,0.000000000068830521,6916236,2019-03-12 20:43:22,BTC,0.2127748,0.0,0.00000177,"BTC,LTC",60777.25466668614,0.00087302,0.57344328,180
1,[],26,[],2019-03-12 20:43:22,0.0,0.00000125,0.000000000048609125,6916237,2019-03-12 20:43:22,btc,0.0,0.0,0.00000125,btc,0.0,0.0,0.0,180
1,[],17,[],2019-03-12 20:32:31,10504.725,0.0000001,0.00000000000388484,6916048,2019-03-12 20:32:31,btc,5.201069583843908,0.0,0.0000001,btc,5033.45945,0.0,0.0010504725,180
,[],7,[],2018-11-20 22:58:01,562227.975654,0.00000085,0.000000000036176765,4862015,2018-11-20 22:58:01,btc,21836.6059674,2491.87645172,,btc,749999.041456,0.00211021,0.127565380455,183
,[],5,[],2019-01-10 08:11:41,0.0,0,0,6347036,2019-01-10 08:11:41,btc,82.15055501,0.00261,,btc,1.19002445,0.0,0.0,187
1,[],24,[],2019-03-12 20:43:22,0.0,0.000000000001,3.88873e-17,6916238,2019-03-12 20:43:22,btc,0.0,0.0,0.000000000001,btc,0.0,0.0,0.0,187
,[],17,[],2018-11-16 20:58:10,4062536.27273,0.00000001,0.000000000000550501,4708775,2018-11-16 20:58:10,btc,3.36492563466,0.195460381006,,"btc,eth",110697919.549,0.0,0.0157628953496,187
0,[],22,[],2019-03-12 20:43:25,0.0,0,0,6916239,2019-03-12 20:43:25,,7.54797454,0.0,0,,79361.7243344055,0.0,0.0,191
0,[],22,[],2019-03-12 20:43:30,0.0,0,0,6916240,2019-03-12 20:43:30,,0.0,0.0,0,,0.0,0.0,0.0,197
0,[],23,[],2019-01-20 23:31:41,0.0,0,0,6477079,2019-01-20 23:31:41,,0.0,0.0,0,,0.0,0.0,0.0,199
0,[],22,[],2019-03-12 20:43:33,0.0,0,0,6916241,2019-03-12 20:43:33,,5.19581047,0.0,0,,21561978.0,0.0,0.0,199
1,[],26,[],2019-03-12 20:43:33,0.0,0.00000000,0,6916242,2019-03-12 20:43:33,btc,0.0,133016.0,0.00000000,btc,0.0,0.0,0.0,199
0,[],17,[],2019-01-30 16:32:01,0.0,0,0,6540827,2019-01-30 16:32:01,btc,6.802544163788159,0.0,0,btc,105897.55575295,0.0,0.0,200
0,[],2,[],2019-01-20 23:30:49,0.0,0,0,6477059,2019-01-20 23:30:49,,0.0,0.0,0,,0.0,0.0,0.0,201
1,[],4,[],2019-01-25 15:51:35,2084389.58565343,0.00000936,0.000000000333526752,6499557,2019-01-25 15:51:35,btc,2.0092503037378524,0.0,0.00000936,btc,160195.80207885,0.19272417,1.242687955921835,211
1,[],7,[],2019-03-12 20:43:37,5809872.30956762,0.000001030000000000000091033409109486651544784763245843350887298583984375,0.00000000004005391900000001,6916243,2019-03-12 20:43:37,btc,15476655.733424524,314219.705294,0.000001030000000000000091033409109486651544784763245843350887298583984375,btc,14765825.48609689,0.0,2.7249579993061306,212
1,[],12,[],2019-01-25 02:44:32,207462.42853209,0.000001080000000000000035831255497387193287295303889550268650054931640625,0.000000000038610756000000006,6493050,2019-01-25 02:44:32,btc,85023.03793723314,0.0,0.000001080000000000000035831255497387193287295303889550268650054931640625,btc,43675.73520027,0.000146250909087,0.0348620860622024,213
1,[],5,[],2019-03-12 20:43:38,0.0,0,0,6916244,2019-03-12 20:43:38,btc,0.0,0.09887161,0,btc,0.0,0.0,0.0,213
1,[],24,[],2019-03-12 20:43:38,0.0,0.000000150000,0.000000000005833095,6916245,2019-03-12 20:43:38,btc,0.0,0.0,0.000000150000,btc,0.0,0.0,0.0,213
1,[],26,[],2019-03-12 20:43:39,0.0,0.00000010,0.00000000000388873,6916246,2019-03-12 20:43:39,btc,0.0,0.0,0.00000010,btc,0.0,0.0,0.0,213
1,[],22,[],2019-03-12 20:43:42,49000.0,0.00000002,0.000000000000777746,6916247,2019-03-12 20:43:42,BTC,2.27972134,0.0,0.00000002,BTC,650798.3963726171,1.764e-05,0.00073,216
1,[],27,[],2019-03-12 20:43:45,1298122.0,0.00000003,0.000000000001166619,6916248,2019-03-12 20:43:45,btc,317.9840526547724,0.0,0.00000003,"btc,ltc",240753.990324,0.0,0.03375764000026108,216
1,[],22,[],2019-03-12 20:43:50,186927.0,0.00000170,0.00000000006610841,6916249,2019-03-12 20:43:50,BTC,12673.60339645,0.0,0.00000170,BTC,428618.9847912904,0.00012078,0.20640381,217
1,[],7,[],2019-03-12 20:43:51,0.0,0,0,6916250,2019-03-12 20:43:51,btc,77971.81411323446,0.0,0,btc,135963412.7426053,0.0,0.0,219
0,[],27,[],2019-03-12 20:43:55,0.0,0,0,6916251,2019-03-12 20:43:55,,0.0404796,0.0,0,btc,2057905.0,0.0,0.0,219
0.0000000000000052,[],28,[],2019-03-12 20:43:58,168498989.876,9.100000000000001e-18,3.5387443e-22,6916252,2019-03-12 20:43:58,doge,83813.6359944575,687846.937,0.00175000,"btc,doge",3632668.34751,0.0,1.668793242526124e-11,219
1,[],22,[],2019-03-12 20:44:01,436133.0,0.00000008,0.000000000003110984,6916253,2019-03-12 20:44:01,BTC,18.0683074,0.0,0.00000008,BTC,93423.54541875875,0.0,0.02056713,221
1,[],24,[],2019-03-12 20:44:01,0.0,0.000000200000,0.00000000000777746,6916254,2019-03-12 20:44:01,btc,0.0,0.0,0.000000200000,btc,0.0,0.0,0.0,221
1,[],20,[],2019-03-12 20:44:07,42294460.0253,0.000000002,0.0000000000000777746,6916255,2019-03-12 20:44:07,btc,48.4384026224949,1934140.0,0.000000002,btc,14809046.302,0.008692184,0.0454835905253,224
0,[],22,[],2019-03-12 20:44:10,0.0,0,0,6916256,2019-03-12 20:44:10,,0.0,0.0,0,,0.0,0.0,0.0,224
1,[],26,[],2019-03-12 20:44:10,0.0,0.00000035,0.000000000013610555000000001,6916257,2019-03-12 20:44:10,btc,0.0,0.0,0.00000035,btc,0.0,0.0,0.0,231
1,[],26,[],2019-03-12 20:44:10,0.0,0.00000005,0.000000000001944365,6916258,2019-03-12 20:44:10,btc,0.0,0.0,0.00000005,btc,0.0,0.0,0.0,234
0.0000000003428029,[],27,[],2019-03-12 20:44:14,2000.0,3.428029e-18,1.333067921317e-22,6916259,2019-03-12 20:44:14,eth,0.01134836604,0.0,0.00000001,"btc,eth",11462.996,0.0,6.856058e-15,234
1,[],4,[],2019-03-12 20:33:38,812538.24382121,0.00000073,0.000000000028359332000000002,6916073,2019-03-12 20:33:38,btc,4.343455573897513,0.0,0.00000073,btc,1232644.7612485,0.12177081,0.2114692902634838,236
1,[],24,[],2019-03-12 20:33:38,0.0,0.000000500000,0.0000000000194242,6916074,2019-03-12 20:33:38,btc,0.0,0.0,0.000000500000,btc,0.0,0.0,0.0,236
1,[],20,[],2019-03-12 20:44:16,226164977.6693,0.000000048,0.0000000000018665904,6916260,2019-03-12 20:44:16,btc,13.0156339917331,27007748.1232,0.000000048,btc,35843848.8415,1.4309950132933,0.3171725870062,237
0.0000000001450448,[],22,[],2019-03-12 20:44:19,751594.9,2.4657616000000002e-17,9.588681106768e-22,6916261,2019-03-12 20:44:19,LTC,0.0405823,0.0,0.00000017,LTC,3164.0,0.0,0.12541949,237
1,[],4,[],2019-03-12 20:33:45,7526000.94214834,0.00000034,0.000000000013208456000000001,6916077,2019-03-12 20:33:45,btc,7.211771503084713,0.0,0.00000034,btc,10819081.17032636,0.17994554,1.8208304156898962,238
1,[],5,[],2019-03-12 20:33:46,0.0,0,0,6916078,2019-03-12 20:33:46,btc,0.0,0.06882729,0,btc,0.0,0.0,0.0,238
0,[],22,[],2019-03-12 16:49:32,0.0,0,0,6914458,2019-03-12 16:49:32,,0.40415746,0.0,0,,526736.5639027493,0.0,0.0,249
0.0000000001451279,[],22,[],2019-03-12 20:33:50,49087200.666666664,5.805116e-18,2.255194684144e-22,6916079,2019-03-12 20:33:50,LTC,0.93198307,0.0,0.00000004,LTC,18333276.253636364,0.0,1.18162413,252
1,[],28,[],2019-03-12 20:44:23,2564469.164,0.00000044,0.000000000017110412,6916262,2019-03-12 20:44:23,btc,164780.4440275387,641258.319,0.00000044,btc,341781.911,0.0,0.68816771157,256
1,[],22,[],2019-03-12 20:44:26,1349990.8333333333,0.00000004,0.000000000001555492,6916263,2019-03-12 20:44:26,BTC,31.44476604,0.0,0.00000004,BTC,567955.6568978056,0.0008061,0.01950783,258
1,[],22,[],2019-03-12 19:33:15,47146.0,0.00000001,0.00000000000038696,6915704,2019-03-12 19:33:15,BTC,2.415167,0.0,0.00000001,BTC,157.0,0.0,0.00047146,259
1,[],5,[],2019-03-12 20:44:28,0.0,0,0,6916264,2019-03-12 20:44:28,btc,0.0,0.29112404,0,btc,0.0,0.0,0.0,264
1,[],20,[],2019-03-12 20:44:29,1216053.5068,0.0000021,0.00000000008166333,6916265,2019-03-12 20:44:29,btc,7.15547831201,141949.3607,0.0000021,btc,102084.6869,0.2996074664908,0.0176278073647,264
0,[],22,[],2019-03-12 18:31:48,0.0,0,0,6915342,2019-03-12 18:31:48,,8.75660439,0.0,0,,474745.2241309945,0.0,0.0,271
0,[],22,[],2019-03-12 20:44:32,0.0,0,0,6916266,2019-03-12 20:44:32,,111821.04152134,0.0,0,,13992847597.692,0.0,0.0,272
0.0000000000000052,[],28,[],2019-03-12 20:44:34,214329256712.905,5.096e-21,1.9816968080000002e-25,6916267,2019-03-12 20:44:34,doge,46101875.05498212,19839476886.1967,0.00000098,doge,238889886598.6149,0.0,5.837479543432298e-10,272
1,[],22,[],2019-03-12 20:44:39,268235.08,0.00000250,0.00000000009721825,6916268,2019-03-12 20:44:39,BTC,383.69222271,0.0,0.00000250,"BTC,LTC",75110.88178576677,0.00104224,0.1130245,281
1,[],22,[],2019-03-12 20:44:57,1396505.5,0.00000021,0.000000000008166333,6916269,2019-03-12 20:44:57,BTC,1.34667887,0.0,0.00000021,BTC,187435.7754885989,0.01394821,0.07672679,286
0,[],22,[],2019-03-12 20:45:00,0.0,0,0,6916270,2019-03-12 20:45:00,,1044638.85409864,0.0,0,,705144707.0,0.0,0.0,294
