pairValue,buyBook,exchangeId,sellBook,updated,buyTotal,satoshiPrice,usdPrice,exchangeLogId,created,bestPair,sellTotalBtc,volume,pairPrice,activePairs,sellTotal,volumeBtc,buyTotalBtc,coinId
1,[],3,[],2019-02-18 06:25:06,30559.28746931902,0.01287863000000000028577584743061379413120448589324951171875,0.000000479959494977,6704226,2019-02-18 06:25:06,btc,107.0645209735326,0.006176402402,0.01287863000000000028577584743061379413120448589324951171875,btc,21.409117893751002,0.0,0.2910587468852925,1
1,[],4,[],2019-02-18 06:25:06,88.08793566,0.01302535,0.000000485427441265,6704227,2019-02-18 06:25:06,btc,0.7518535976752609,0.0,0.01302535,btc,52.88594144,0.65787829,1.0632492742749653,1
1,[],5,[],2019-02-18 06:25:08,0.3072252,0.01300001,0.000000484483072679,6704228,2019-02-18 06:25:08,btc,1459.75803865,0.33754919,0.01300001,btc,3555556.36191882,0.0,1.9667819,1
1,[],10,[],2019-02-18 06:25:10,415333.66536324,0.00921163,0.000000343298105677,6704229,2019-02-18 06:25:10,btc,6527.162797654386,1930.63118073,0.00921163,btc,1214.50397515,0.0,3.781942117739468,1
1,[],12,[],2019-02-18 06:25:15,10429.00265012,0.0127899999999999992861265951660243445076048374176025390625,0.000000476656441,6704230,2019-02-18 06:25:15,btc,0.33356362060420003,0.0,0.0127899999999999992861265951660243445076048374176025390625,btc,18.52047669,1.2427810813312,0.2503305002071,1
1,[],20,[],2019-02-18 06:25:17,1152.9273,0.010500212,0.0000003913208507948,6704231,2019-02-18 06:25:17,btc,0.0588401269655,0.0,0.010500212,btc,2.6354,0.0,0.1086609348315,1
1,[],22,[],2019-02-18 06:27:39,0.0163776,0.01300000,0.0000004844827,6704232,2019-02-18 06:27:39,BTC,0.31407927,0.0,0.01300000,BTC,0.10751954901960785,0.0,0.00020972,1
1,[],24,[],2019-02-18 06:27:40,0.0,0.000000000000,0,6704233,2019-02-18 06:27:40,btc,0.0,0.0,0.000000000000,btc,0.0,0.0,0.0,1
0.0,[],25,[],2019-02-18 06:27:41,0.0,0,0,6704234,2019-02-18 06:27:41,btc,31.556199997139185,1077.44959183,0.0,btc,2383.85482293,14.057,0.0,1
1,[],26,[],2019-02-18 06:27:59,0.0,0,0,6704235,2019-02-18 06:27:59,,0.0,0.0,0,,0.0,0.0,0.0,1
1,[],28,[],2019-02-18 06:28:04,992.968,0.01231000,0.000000458767849,6704236,2019-02-18 06:28:04,btc,0.162839806,18154.05,0.01231000,btc,8.9,0.0,0.086870176,1
1,[],21,[],2019-02-18 05:34:33,2460.17529116,0.01292342999999999964000352293,0.000000479607872445,6704028,2019-02-18 05:34:33,btc,23.305025383031644,4119.45795279,0.01292342999999999964000352292714524082839488983154296875,"btc,eth",2085.13012196,49.860798078371005,23.66867070736339,1
0,[],2,[],2019-01-20 23:28:45,0.0,0,0,6477011,2019-01-20 23:28:45,,0.0,0.0,0,,0.0,0.0,0.0,1
1,[],5,[],2019-02-18 06:28:14,1.58e-05,0.00000066,0.000000000024596814,6704237,2019-02-18 06:28:14,btc,0.12696541,0.00225278,0.00000066,btc,6.166e-05,0.0,0.25361622,2
0,[],22,[],2019-02-18 06:28:17,0.0,0,0,6704238,2019-02-18 06:28:17,,0.0,0.0,0,,0.0,0.0,0.0,2
1,[],5,[],2019-02-18 06:28:19,1.29e-06,0.00000017,0.000000000006335543,6704239,2019-02-18 06:28:19,btc,3.54481632,0.02732678,0.00000017,btc,2.345e-05,0.0,3.38920842,3
1,[],12,[],2019-02-18 06:28:20,12772781.66651522,0.000000169,0.0000000000062982751,6704240,2019-02-18 06:28:20,btc,923761.8551596173,0.0,0.000000169,btc,9056034.05512906,0.24631449230410818,0.5478231586395375,3
0,[],28,[],2019-02-18 06:28:25,0.0,0,0,6704241,2019-02-18 06:28:25,,0.0,0.0,0,,0.0,0.0,0.0,3
0,[],2,[],2019-01-20 23:31:32,0.0,0,0,6477077,2019-01-20 23:31:32,,0.0,0.0,0,,0.0,0.0,0.0,4
1,[],4,[],2019-02-18 06:28:26,451515.34115834,0.00000032,0.000000000011925728,6704242,2019-02-18 06:28:26,btc,0.3843001729051422,0.0,0.00000032,btc,337830.34099658,0.0,0.0625366395599025,4
1,[],12,[],2019-02-18 06:28:28,1364161.18866667,0.00000003,0.0000000000011180369999999998,6704243,2019-02-18 06:28:28,btc,11113878.262303386,0.0,0.00000003,btc,1200440.19484872,0.00187444,0.0220505104400001,5
0,[],2,[],2019-01-20 23:31:51,0.0,0,0,6477087,2019-01-20 23:31:51,,0.0,0.0,0,,0.0,0.0,0.0,6
1,[],11,[],2019-02-18 06:28:30,1381209.5,0.00000002,0.000000000000745358,6704244,2019-02-18 06:28:30,btc,9433.292073620638,10000.0,0.00000002,btc,40118064.15478057,0.0,0.019133885,6
1,[],3,[],2019-02-18 06:28:31,1098.708588890048,0.000150230000000000003292088823769745431491173803806304931640625,0.0000000055987566170000004,6704245,2019-02-18 06:28:31,btc,27.605796873748474,0.0,0.000150230000000000003292088823769745431491173803806304931640625,btc,249.144760639695,0.0,0.035157270017072424,7
1,[],4,[],2019-02-18 06:28:32,13518.67420594,0.00024436,0.000000009106784044,6704246,2019-02-18 06:28:32,btc,3.294946272152851,0.0,0.00024436,btc,12619.77316361,4.43996503,2.757709160603115,7
1,[],5,[],2019-02-18 06:28:33,0.00781035,0.00023503,0.000000008759074537,6704247,2019-02-18 06:28:33,btc,1.69840631,0.65249202,0.00023503,btc,0.01469563,0.0,1.57590922,7
1,[],20,[],2019-02-18 06:28:35,39399800.8418,0.000000001,0.0000000000000372679,6704248,2019-02-18 06:28:35,btc,116.9737581404545,0.0,0.000000001,btc,56932990.8895,0.0,0.0393998008418,8
0,[],2,[],2019-01-20 23:22:42,0.0,0,0,6476876,2019-01-20 23:22:42,,0.0,0.0,0,,0.0,0.0,0.0,9
0,[],23,[],2019-01-20 23:22:48,0.0,0,0,6476878,2019-01-20 23:22:48,,0.0,0.0,0,,0.0,0.0,0.0,9
1,[],4,[],2019-02-18 06:28:37,204338.068773,0.00000180,0.00000000006708222,6704249,2019-02-18 06:28:37,btc,0.7605917203054884,0.0,0.00000180,btc,403603.13151746,1.96030624,0.3458868882268856,9
1,[],28,[],2019-02-18 06:28:40,43336.934,0.00000167,0.000000000062237393,6704250,2019-02-18 06:28:40,btc,2708.76126858,3631764.0,0.00000167,btc,11769.36,0.0,0.04320967978,9
1,[],1,[],2019-02-17 23:31:42,1822507.21,0.00000181000000000000003456111265232042484285557293333113193511962890625,0.000000000066086901,6701244,2019-02-17 23:31:42,btc,3.6990969245,17153386.5,0.00000181000000000000003456111265232042484285557293333113193511962890625,btc,1997391.71,31.11772986,3.2610482446,9
1,[],4,[],2019-02-17 11:22:43,4341674.27126056,0.00000002,0.0000000000007272960000000001,6696112,2019-02-17 11:22:43,btc,0.1997230937751353,0.0,0.00000002,btc,4109766.79808031,0.00215132,0.0479381022052112,10
0,[],2,[],2019-01-20 23:23:08,0.0,0,0,6476890,2019-01-20 23:23:08,,0.0,0.0,0,,0.0,0.0,0.0,12
1,[],4,[],2019-02-18 06:28:41,1269830.65644361,0.00000160,0.00000000005962864,6704251,2019-02-18 06:28:41,btc,1.3856785786014283,0.0,0.00000160,btc,811062.13494892,6.09229394,1.965130165271159,12
1,[],5,[],2019-02-18 06:28:42,3.09e-05,0.00000158,0.000000000058883282,6704252,2019-02-18 06:28:42,btc,0.48977581,0.69620285,0.00000158,btc,0.00012525,0.0,0.55077781,12
0.0,[],25,[],2019-02-18 06:28:44,0.0,0,0,6704253,2019-02-18 06:28:44,,0.0,0.0,0.0,btc,0.0,0.0,0.0,12
1,[],4,[],2019-02-18 06:28:44,1395748.35474391,0.00000613,0.000000000228452227,6704254,2019-02-18 06:28:44,btc,0.7890240579728623,0.0,0.00000613,btc,115116.09458188,0.26951033,1.8615288385440378,13
1,[],21,[],2019-02-18 06:28:48,861203.36254209,0.000006250000000000000299510850149,0.000000000232924375,6704255,2019-02-18 06:28:48,btc,12.059157262868736,495770.39065781,0.0000062500000000000002995108501491205998945588362403213977813720703125,btc,1690004.17087209,3.08790419,4.975228617064962,13
1,[],10,[],2019-02-18 03:38:00,452076.27913727,0.0000061,0.00000000022723415,6703258,2019-02-18 03:38:00,btc,666805.4491832178,7446.17102537,0.0000061,btc,724793.64260914,0.0,0.4081485080506997,13
1,[],4,[],2019-02-18 06:28:49,972464.81928169,0.00000134,0.000000000049938986,6704256,2019-02-18 06:28:49,btc,0.1125559504630523,0.0,0.00000134,btc,62379.06947991,0.0273952,0.3934965567561984,14
1,[],12,[],2019-02-18 06:28:50,86061.2231405,0.000001269999999999999910766366496839285815667608403600752353668212890625,0.000000000047330233,6704257,2019-02-18 06:28:50,btc,3.751462623762518,0.0,0.000001269999999999999910766366496839285815667608403600752353668212890625,btc,31721.22909905,5.67432568e-06,0.009995180000005,14
1,[],26,[],2019-02-18 06:29:01,0.0,0.00000050,0.00000000001863395,6704258,2019-02-18 06:29:01,btc,0.0,0.0,0.00000050,btc,0.0,0.0,0.0,14
0,[],17,[],2019-02-18 05:35:37,0.0,0,0,6704054,2019-02-18 05:35:37,btc,0.0,0.0,0,btc,0.0,0.0,0.0,14
0,[],4,[],2019-02-18 06:29:02,0.0,0,0,6704259,2019-02-18 06:29:02,,0.0,0.0,0,,0.0,0.0,0.0,15
,[],12,[],2018-12-01 15:15:48,204241.84496,0.00000489,0.000000000202473384,5260204,2018-12-01 15:15:48,btc,49.5475654835,0.0,,btc,35763.2193806,0.0163153972027625,0.0203389899998,15
0,[],2,[],2019-01-20 23:23:38,0.0,0,0,6476906,2019-01-20 23:23:38,,0.0,0.0,0,,0.0,0.0,0.0,18
1,[],4,[],2019-02-18 06:29:03,28459.93340511,0.00001853,0.000000000690574187,6704260,2019-02-18 06:29:03,btc,1.2405056009292192,0.0,0.00001853,btc,8269.32817958,0.01566599,0.1274526161140712,18
1,[],10,[],2019-02-18 06:29:05,787349.25215263,0.00001902,0.0000000007088354580000001,6704261,2019-02-18 06:29:05,btc,15.534632748933152,4739.20544604,0.00001902,btc,10447.78527607,0.0,0.2774148081938485,18
1,[],12,[],2019-02-18 06:29:07,204236.09835599,0.0000177300000000000013470301263307504768818034790456295013427734375,0.000000000660759867,6704262,2019-02-18 06:29:07,btc,21.911084791431147,0.0,0.0000177300000000000013470301263307504768818034790456295013427734375,btc,1814.81997733,0.0024061959853277,0.0326769566988699,18
0,[],17,[],2019-02-18 06:29:18,0.0,0,0,6704263,2019-02-18 06:29:18,btc,0.0,0.0,0,btc,0.0,0.0,0.0,18
0,[],2,[],2019-01-20 23:24:19,0.0,0,0,6476924,2019-01-20 23:24:19,,0.0,0.0,0,,0.0,0.0,0.0,19
1,[],3,[],2019-02-18 06:29:19,123797.0434439386,0.00002290999999999999918562539058530802549284999258816242218017578125,0.0000000008538075889999999,6704264,2019-02-18 06:29:19,btc,0.5151629217797592,29.8912871105,0.00002290999999999999918562539058530802549284999258816242218017578125,btc,7110.107464235501,0.0,0.14867526749357443,19
1,[],4,[],2019-02-18 06:29:20,328162.08583415,0.00002368,0.000000000882503872,6704265,2019-02-18 06:29:20,btc,0.1210724463650925,0.0,0.00002368,btc,4412.72556178,0.41628207,3.5573127232738417,19
1,[],5,[],2019-02-18 06:29:22,0.00015129,0.00002101,0.000000000782998579,6704266,2019-02-18 06:29:22,btc,0.25393277,0.00193539,0.00002101,btc,0.00305328,0.0,0.06667172,19
1,[],12,[],2019-02-18 06:29:23,134810.99869053,0.00002290999999999999918562539058530802549284999258816242218017578125,0.0000000008538075889999999,6704267,2019-02-18 06:29:23,btc,0.029524916781354802,0.0,0.00002290999999999999918562539058530802549284999258816242218017578125,btc,292.66393647,0.0,0.0326785000000423,19
0,[],27,[],2019-02-18 06:29:27,0.0,0,0,6704268,2019-02-18 06:29:27,,0.0,0.0,0,btc,0.0,0.0,0.0,19
1,[],4,[],2019-02-18 06:29:28,8073815.96800667,0.00000014,0.000000000005217506,6704269,2019-02-18 06:29:28,btc,0.7460851574177544,0.0,0.00000014,btc,1583096.66497752,0.00194132,0.2590475804358234,20
1,[],4,[],2019-02-18 06:29:29,111151872.1666164,0.00000002,0.000000000000745358,6704270,2019-02-18 06:29:29,btc,0.4052000963908996,0.0,0.00000002,btc,11921192.93946572,0.0101554,1.2608778872129682,21
1,[],12,[],2019-02-18 06:29:30,18409113.0,0.00000002,0.000000000000745358,6704271,2019-02-18 06:29:30,btc,669.7106956817495,0.0,0.00000002,btc,8598127.27073194,0.00012114997003,0.24040254,21
0,[],17,[],2019-02-18 06:29:32,0.0,0,0,6704272,2019-02-18 06:29:32,btc,0.0,0.0,0,btc,0.0,0.0,0.0,21
1,[],12,[],2019-02-18 06:29:33,2552769643.043896,0.0000000002,0.00000000000000745358,6704273,2019-02-18 06:29:33,btc,880864730545.5945,0.0,0.0000000002,btc,4281358941.0843673,0.010008090006193807,0.25757329735558976,23
0,[],27,[],2019-02-18 06:29:36,0.0,0,0,6704274,2019-02-18 06:29:36,,1.3429826565934113,0.0,0,eth,1964879.85514486,0.0,0.0,23
1,[],4,[],2019-02-18 06:29:37,308285.30517673,0.00000065,0.000000000024224135,6704275,2019-02-18 06:29:37,btc,0.1691032545893091,0.0,0.00000065,btc,176259.67288896,0.0379453,0.1552817226528033,24
1,[],22,[],2019-02-18 06:29:40,11.76,0.00000100,0.0000000000372679,6704276,2019-02-18 06:29:40,BTC,7.415e-05,0.0,0.00000100,BTC,23.919354838709676,0.0,1.176e-05,24
0.0,[],25,[],2019-02-18 06:29:41,0.0,0,0,6704277,2019-02-18 06:29:41,,0.0,0.0,0.0,btc,0.0,0.0,0.0,24
1,[],4,[],2019-02-18 06:29:42,26861481.01508052,0.00000609,0.000000000226961511,6704278,2019-02-18 06:29:42,btc,0.5791697589061068,0.0,0.00000609,btc,51983.61691811,0.1579647,0.4474629943337389,26
1,[],10,[],2019-02-18 06:29:44,682874.19163166,0.0000054,0.00000000020124666000000001,6704279,2019-02-18 06:29:44,btc,25.927272136924913,275.07855722,0.0000054,btc,14351.41452713,0.0,0.2128385226438311,26
0,[],2,[],2019-01-20 23:25:56,0.0,0,0,6476976,2019-01-20 23:25:56,,0.0,0.0,0,,0.0,0.0,0.0,26
1,[],3,[],2019-02-18 06:29:45,5844313.95913569,0.00000001,0.000000000000372679,6704280,2019-02-18 06:29:45,btc,2.692702696209302,165050.0,0.00000001,btc,16912524.61059958,0.0,0.0584431395913569,27
1,[],5,[],2019-02-18 06:29:46,1e-08,0.00000001,0.000000000000372679,6704281,2019-02-18 06:29:46,btc,1.67088176,0.0024325,0.00000001,btc,4.335e-05,0.0,0.10640322,27
1,[],11,[],2019-02-18 06:29:48,9803584.35433359,0.00000005,0.000000000001863395,6704282,2019-02-18 06:29:48,btc,67506.53097482225,8080.0,0.00000005,btc,8171781.9463934,0.0,0.458287845339645,27
1,[],4,[],2019-02-18 06:29:49,605283340.9013925,0.00000002,0.000000000000745358,6704283,2019-02-18 06:29:49,btc,0.21832347532210586,0.0,0.00000002,"btc,ltc",18498969.32114141,0.1728932,8.251755126679283,29
1,[],7,[],2019-02-18 06:29:51,28336090.63491832,0.00000002,0.000000000000745358,6704284,2019-02-18 06:29:51,btc,44465227.260457814,782.0,0.00000002,btc,56312664.01797909,0.0,0.41187488825014074,29
1,[],4,[],2019-02-18 06:29:52,1494068.58572925,0.00000030,0.00000000001118037,6704285,2019-02-18 06:29:52,btc,0.2781163515987788,0.0,0.00000030,btc,551522.13036203,0.10759812,0.1193723789960842,30
0,[],17,[],2019-02-18 06:29:54,0.0,0,0,6704286,2019-02-18 06:29:54,btc,0.0,0.0,0,btc,0.0,0.0,0.0,30
1,[],4,[],2019-02-18 06:29:54,1138794.15801,0.00006182,0.000000002303901578,6704287,2019-02-18 06:29:54,btc,0.6112181495416387,0.0,0.00006182,btc,8936.76906973,1.41776747,1.6569937462332687,31
1,[],21,[],2019-02-18 06:29:55,57163.15809977,0.00006127999999999999604111816653,0.0000000022837769119999997,6704288,2019-02-18 06:29:55,btc,2.7772062222369747,129766.94862293,0.000061279999999999996041118166534289457558770664036273956298828125,btc,42105.507414,8.05892381,3.242732295163335,31
0,[],2,[],2019-01-20 23:28:43,0.0,0,0,6477009,2019-01-20 23:28:43,,0.0,0.0,0,,0.0,0.0,0.0,32
1,[],4,[],2019-02-18 06:29:57,136027022.843436,0.00000004,0.000000000001490716,6704289,2019-02-18 06:29:57,btc,2.610233110518617,0.0,0.00000004,"btc,ltc",54415580.30131507,2.76870185,2.283996496148932,33
1,[],12,[],2019-02-18 06:29:59,14681912.225,0.00000005,0.000000000001863395,6704290,2019-02-18 06:29:59,btc,34508971.12810082,0.0,0.00000005,btc,88935702.37062912,0.0023271505094927,0.47737503125,33
1,[],4,[],2019-02-18 06:30:00,139395636.85663936,0.00000001,0.000000000000372679,6704291,2019-02-18 06:30:00,btc,1.010056271096579,0.0,0.00000001,btc,42413257.31378488,0.03541397,1.3939563685663936,34
1,[],5,[],2019-02-18 06:30:01,1e-08,0.00000001,0.000000000000372679,6704292,2019-02-18 06:30:01,btc,5.09095167,0.00557545,0.00000001,btc,1.343e-05,0.0,0.85129011,34
0.0000000001192737,[],4,[],2019-02-18 06:30:02,907996134.4845062,2.385474e-18,8.89016064846e-23,6704293,2019-02-18 06:30:02,ltc,9.897437555991705e-09,0.0,0.00000002,ltc,1995893199.6177483,0.0,1.615996931268773e-09,36
1,[],5,[],2019-02-18 06:30:04,0.0,0,0,6704294,2019-02-18 06:30:04,btc,197.51755592,0.0,0,btc,1.325e-05,0.0,0.0,36
0,[],27,[],2019-02-18 06:30:18,0.0,0,0,6704295,2019-02-18 06:30:18,,113.82128944818679,7.0,0,"ltc,eth",3757762.7424504,2.5877082000000002e-17,0.0,36
0,[],17,[],2019-02-18 05:36:50,0.0,0,0,6704090,2019-02-18 05:36:50,btc,0.14155809404650171,0.0,0,btc,10794800.77743647,0.0,0.0,36
1,[],4,[],2019-02-18 06:30:20,322102.59450885,0.00000069,0.000000000025714851,6704296,2019-02-18 06:30:20,btc,0.2435741156521135,0.0,0.00000069,btc,188082.58481891,0.17396679,0.1527013155713503,37
1,[],12,[],2019-02-18 06:30:21,453544.84123721,0.00000077,0.000000000028696283,6704297,2019-02-18 06:30:21,btc,1364.115608872431,0.0,0.00000077,btc,792033.91572033,0.0638059410795896,0.0875709900000109,37
1,[],17,[],2019-02-18 06:30:22,1752.74075282,0.00000025,0.000000000009316975,6704298,2019-02-18 06:30:22,btc,0.05548492400137537,0.0,0.00000025,btc,1387.19918473,0.0,0.00043818518820499993,37
1,[],27,[],2019-02-18 06:30:25,16202.0,0.00000046,0.000000000017143234,6704299,2019-02-18 06:30:25,btc,26.25770832162233,0.0,0.00000046,btc,6830.24738508,0.0,0.00549722,37
1,[],5,[],2019-02-18 06:30:27,9.97e-06,0.00000092,0.000000000034286468,6704300,2019-02-18 06:30:27,btc,0.08158742,0.08110414,0.00000092,btc,9.045e-05,0.0,0.03419233,42
1,[],12,[],2019-02-18 06:30:28,136087.28223277,0.0000009,0.000000000033541109999999996,6704301,2019-02-18 06:30:28,btc,93.60653075491119,0.0,0.0000009,btc,89317.20504743,0.000259909090911,0.0429632799999988,42
0,[],27,[],2019-02-18 06:30:33,0.0,0,0,6704302,2019-02-18 06:30:33,,0.00315028,0.0,0,"btc,eth",11.007,0.0,0.0,42
1,[],5,[],2019-02-18 06:30:35,3e-08,0.00000002,0.000000000000745358,6704303,2019-02-18 06:30:35,btc,5.87390629,0.0090995,0.00000002,btc,1.375e-05,0.0,0.61013204,43
1,[],12,[],2019-02-18 06:30:37,4098314.0,0.00000002,0.000000000000745358,6704304,2019-02-18 06:30:37,btc,20007457.494387686,0.0,0.00000002,btc,38970405.17922077,0.0008393439660342,0.04098352,43
0,[],17,[],2019-02-18 06:30:49,0.0,0,0,6704305,2019-02-18 06:30:49,btc,0.0,0.0,0,btc,0.0,0.0,0.0,43
1,[],12,[],2019-02-18 06:30:50,697941.0,0.00000005,0.000000000001863395,6704306,2019-02-18 06:30:50,btc,11115167.385533532,0.0,0.00000005,btc,1012350.31470526,0.0011963994005995,0.0179018,44
1,[],4,[],2019-02-18 06:30:51,325072175.49007607,0.00000002,0.000000000000745358,6704307,2019-02-18 06:30:51,btc,0.19032078491046037,0.0,0.00000002,"btc,ltc",4619421.45245401,0.00015554,0.42872975598352914,49
0,[],4,[],2019-02-18 06:30:52,0.0,0,0,6704308,2019-02-18 06:30:52,,4.645173508192203,0.0,0,,3615737133.5293336,0.0,0.0,52
0,[],22,[],2019-02-18 06:30:56,0.0,0,0,6704309,2019-02-18 06:30:56,,4368.07440295,0.0,0,,262751443.67882353,0.0,0.0,57
0,[],27,[],2019-02-18 06:30:58,0.0,0,0,6704310,2019-02-18 06:30:58,,0.0,0.0,0,"btc,eth",0.0,0.0,0.0,57
0.0000000001192737,[],4,[],2019-02-18 06:30:59,976601126.1325742,4.770948e-18,1.778032129692e-22,6704311,2019-02-18 06:30:59,ltc,3.2722090041343996,0.0,0.00000004,ltc,1108637263.7084205,0.0,2.7633366479110193e-09,58
1,[],12,[],2019-02-18 06:31:00,1764693175.843957,0.0000000005,0.00000000000001863395,6704312,2019-02-18 06:31:00,btc,224005480112.2941,0.0,0.0000000005,btc,3703589052.9505253,0.020082926569854203,0.5974360142011391,58
0,[],17,[],2019-02-18 06:31:02,0.0,0,0,6704313,2019-02-18 06:31:02,btc,1e+24,0.0,0,btc,41481695.95832568,0.0,0.0,58
0.00000000012934090000000002,[],22,[],2019-02-18 06:31:06,137438.0,1.293409e-18,4.8202637271100006e-23,6704314,2019-02-18 06:31:06,XMR,69.8835922,0.0,0.00000001,XMR,9887963.0,0.0,0.00137438,58
1,[],5,[],2019-02-18 06:31:08,4.34e-06,0.00000048,0.000000000017888592,6704315,2019-02-18 06:31:08,btc,0.11662523,0.01428787,0.00000048,btc,5.291e-05,0.0,0.07647711,61
1,[],22,[],2019-02-18 06:31:12,5149.5,0.00000011,0.000000000004099469,6704316,2019-02-18 06:31:12,BTC,1002.29597012,0.0,0.00000011,BTC,14947.700278135757,0.0,0.00051596,61
1,[],26,[],2019-02-18 06:31:12,0.0,0.00000800,0.0000000002981432,6704317,2019-02-18 06:31:12,btc,0.0,0.0,0.00000800,btc,0.0,0.0,0.0,61
1,[],27,[],2019-02-18 06:31:15,28774.23,0.00000033,0.000000000012298407,6704318,2019-02-18 06:31:15,btc,2.9683433586282,0.0,0.00000033,"btc,eth",18762.955832,0.0,0.0007713997087433774,61
1,[],28,[],2019-02-18 06:31:20,13882.304,0.0000005,0.00000000001863395,6704319,2019-02-18 06:31:20,btc,2.062488404235105,837.0,0.0000005,btc,15611.87550005,0.0,0.00566491304,61
1,[],4,[],2019-02-18 06:31:21,432095.9517153,0.00000378,0.000000000140872662,6704320,2019-02-18 06:31:21,btc,1.1664571168427202,0.0,0.00000378,btc,260676.03856599,0.70785826,0.8959320189130062,67
0.0,[],25,[],2019-02-18 06:31:23,0.0,0,0,6704321,2019-02-18 06:31:23,,0.0,0.0,0.0,btc,0.0,0.0,0.0,67
1,[],12,[],2019-02-18 06:31:24,3418015.4253492,0.00000014,0.0000000000052175060000000006,6704322,2019-02-18 06:31:24,btc,11115995.90405737,0.0,0.00000014,btc,1892416.59926134,0.0033988055838294,0.1277006064411106,71
,[],5,[],2018-11-20 23:02:39,1.5e-07,0.00000005,0.000000000002128045,4862160,2018-11-20 23:02:39,btc,2.84511358,0.0,,btc,0.00036572,0.0,0.07381892,74
1,[],5,[],2019-02-18 06:31:25,2.914e-05,0.00000156,0.000000000058137924,6704323,2019-02-18 06:31:25,btc,1.5424315,0.0,0.00000156,btc,0.00016981,0.0,0.29134564,75
0,[],20,[],2019-01-25 09:30:31,0.0,0,0,6495923,2019-01-25 09:30:31,btc,0.0,0.0,0,btc,0.0,0.0,0.0,81
1,[],4,[],2019-02-18 05:40:07,29738604.75692337,0.00000001,0.00000000000037111500000000003,6704118,2019-02-18 05:40:07,btc,0.8487978482018892,0.0,0.00000001,btc,15391342.79181637,0.0,0.2973860475692337,81
1,[],4,[],2019-02-18 06:31:26,28754.12257006,0.00008222,0.000000003064166738,6704324,2019-02-18 06:31:26,btc,1.3192138209251687,0.0,0.00008222,btc,11104.25818601,0.0241581,0.2031299352601437,82
1,[],21,[],2019-02-18 06:31:27,164054.88231961,0.00007773000000000000286708157216,0.0000000028968338670000003,6704325,2019-02-18 06:31:27,btc,2.6843954547850157,4286.11346912,0.00007773000000000000286708157215542769336025230586528778076171875,btc,25919.82302644,0.34916402,2.994350252226025,82
0,[],17,[],2019-02-18 05:40:11,0.0,0,0,6704121,2019-02-18 05:40:11,btc,0.0447233088476774,0.0,0,btc,999127.19588126,0.0,0.0,84
0.0000000001192737,[],4,[],2019-02-18 06:31:39,166156459.60134614,8.349159e-18,3.111556226961e-22,6704326,2019-02-18 06:31:39,ltc,0.1954152643999381,0.0,0.00000007,ltc,96821277.8676936,0.00027536,7.890976839786829e-10,85
,[],22,[],2018-11-20 23:09:34,3408.1,0.0000001,0.0000000000041895,4862324,2018-11-20 23:09:34,BTC,0.04624735,0.0,,BTC,4990.0,0.0,0.00033081,86
0,[],22,[],2019-02-18 06:31:42,0.0,0,0,6704327,2019-02-18 06:31:42,,2.0760781,0.0,0,,140622.94736842104,0.0,0.0,87
0,[],27,[],2019-02-18 06:31:46,0.0,0,0,6704328,2019-02-18 06:31:46,,0.0,0.0,0,btc,0.0,0.0,0.0,87
,[],2,[],2018-11-20 23:10:47,0.0,0,0,4862359,2018-11-20 23:10:47,,0.0,0.0,,,0.0,0.0,0.0,88
1,[],11,[],2019-02-18 06:31:48,95770.04731914,0.00014317999999999999455845001161691243396489880979061126708984375,0.000000005336017922,6704329,2019-02-18 06:31:48,btc,609.7760638692447,327.3,0.00014317999999999999455845001161691243396489880979061126708984375,btc,93362.49928474,0.0,6.404832455569443,89
0,[],2,[],2019-01-20 23:31:45,0.0,0,0,6477083,2019-01-20 23:31:45,,0.0,0.0,0,,0.0,0.0,0.0,91
1,[],12,[],2019-02-18 06:31:49,438006.19038899,0.00000206000000000000018206681821897330308956952649168670177459716796875,0.000000000076771874,6704330,2019-02-18 06:31:49,btc,4.173151477954266,0.0,0.00000206000000000000018206681821897330308956952649168670177459716796875,btc,49056.30743096,0.0030706954487911,0.0601997056729604,91
0,[],17,[],2019-02-18 05:40:37,0.0,0,0,6704127,2019-02-18 05:40:37,btc,0.0,0.0,0,btc,0.0,0.0,0.0,91
0.0000000001192737,[],22,[],2019-02-18 06:31:55,3511520.0,4.770948e-18,1.778032129692e-22,6704331,2019-02-18 06:31:55,LTC,9.13211897,0.0,0.00000004,LTC,72065348.1,4.75415426304e-12,0.1052108,95
0.0000000001192737,[],4,[],2019-02-18 06:31:56,135761792.34819254,9.3033486e-17,3.4671626528994e-21,6704332,2019-02-18 06:31:56,ltc,0.9681326688589231,0.0,0.00000078,ltc,47800145.84012232,0.00127007,1.1443675436054237e-09,96
1,[],12,[],2019-02-18 06:31:58,294199.0,0.00000001,0.000000000000372679,6704333,2019-02-18 06:31:58,btc,255074.72066415334,0.0,0.00000001,btc,8790272.71859115,4.90767032966e-05,0.0029419900000000002,96
0,[],17,[],2019-02-18 06:32:02,0.0,0,0,6704334,2019-02-18 06:32:02,btc,0.0,0.0,0,btc,0.0,0.0,0.0,96
1,[],4,[],2019-02-18 06:32:03,1651357.27187816,0.00000032,0.000000000011925728,6704335,2019-02-18 06:32:03,btc,0.281635051754726,0.0,0.00000032,btc,543486.3346367,0.22254429,0.2168101765518557,99
0,[],2,[],2019-01-20 23:23:55,0.0,0,0,6476914,2019-01-20 23:23:55,,0.0,0.0,0,,0.0,0.0,0.0,100
1,[],4,[],2019-02-18 06:32:04,198143.05326175,0.00003970,0.00000000147953563,6704336,2019-02-18 06:32:04,btc,1.0065538291694056,0.0,0.00003970,btc,22737.21121671,0.69961576,1.297803494663499,100
1,[],22,[],2019-02-18 06:32:09,50000.0,0.00000001,0.000000000000372679,6704337,2019-02-18 06:32:09,BTC,23.49896609,0.0,0.00000001,BTC,10277.22,0.0,0.0005,101
1,[],4,[],2019-02-18 06:32:10,414065.83051987,0.00000081,0.000000000030186999,6704338,2019-02-18 06:32:10,btc,0.404080369054734,0.0,0.00000081,btc,167170.62423101,0.02298668,0.2067367736338825,103
1,[],12,[],2019-02-18 06:32:12,40884214.4663887,0.000000016,0.0000000000005962864,6704339,2019-02-18 06:32:12,btc,137279207.78178367,0.0,0.000000016,btc,122275440.06285381,0.05536959885763996,0.1270954774622192,105
1,[],27,[],2019-02-18 06:32:16,3997411.89,0.00000001,0.000000000000372679,6704340,2019-02-18 06:32:16,btc,0.2583299431492299,0.0,0.00000001,btc,303168.20460553,0.0,0.0399741189,105
1,[],22,[],2019-02-18 06:32:20,9328.0,0.00000001,0.000000000000372679,6704341,2019-02-18 06:32:20,BTC,51.10825004,0.0,0.00000001,BTC,468935.0,0.0,9.328e-05,107
1,[],26,[],2019-02-18 06:32:20,0.0,0.00000000,0,6704342,2019-02-18 06:32:20,btc,0.0,0.0,0.00000000,btc,0.0,0.0,0.0,107
1,[],5,[],2019-02-18 06:32:21,1e-08,0.00000001,0.000000000000372679,6704343,2019-02-18 06:32:21,btc,2.92407407,1.169e-05,0.00000001,btc,1.523e-05,0.0,0.08576752,112
1,[],22,[],2019-02-18 06:32:25,1966.0,0.00000001,0.000000000000372679,6704344,2019-02-18 06:32:25,BTC,2.81183288,0.0,0.00000001,BTC,808524.0833333334,0.0,1.966e-05,112
0,[],27,[],2019-02-18 06:32:29,0.0,0,0,6704345,2019-02-18 06:32:29,,1.35132491849924,0.0,0,"btc,eth",1328.641654,0.0,0.0,112
1,[],4,[],2019-02-18 06:32:30,459904.87659874,0.00000337,0.000000000125592823,6704346,2019-02-18 06:32:30,btc,0.3028728499853533,0.0,0.00000337,btc,72642.68706472,0.24518625,0.2172703902867168,113
1,[],5,[],2019-02-18 06:32:32,1.451e-05,0.00000312,0.000000000116275848,6704347,2019-02-18 06:32:32,btc,1.03425662,7.32e-05,0.00000312,btc,0.00234005,0.0,0.23350726,113
1,[],17,[],2019-02-18 05:29:25,152738.278,0.00000004,0.000000000001483812,6703939,2019-02-18 05:29:25,btc,1.33680302678,0.0,0.00000004,btc,50696.221,0.0,0.0022095311199999998,116
0,[],27,[],2019-02-18 06:32:46,0.0,0,0,6704348,2019-02-18 06:32:46,,0.0,0.0,0,btc,0.0,0.0,0.0,116
1,[],4,[],2019-02-18 06:32:48,33561.18320932,0.00003061,0.000000001140770419,6704349,2019-02-18 06:32:48,btc,0.8692293236449692,0.0,0.00003061,btc,25283.99531403,1.86969537,0.8301345551323364,120
1,[],7,[],2019-02-18 06:32:48,18248.47796482,0.00003004000000000000037705082112093890600590384565293788909912109375,0.000000001119527716,6704350,2019-02-18 06:32:48,btc,115647.13425589775,86.60769026,0.00003004000000000000037705082112093890600590384565293788909912109375,btc,27770.59585249,0.00308836,0.0769196295790925,120
1,[],20,[],2019-02-18 06:32:52,1076585.3897,0.000000017,0.0000000000006335543,6704351,2019-02-18 06:32:52,btc,31.909198496025,4188.2,0.000000017,btc,1141978.7853,6.70112e-05,0.0051311490174,125
1,[],22,[],2019-02-18 06:32:57,3053.0,0.00000001,0.000000000000372679,6704352,2019-02-18 06:32:57,BTC,0.01444887,0.0,0.00000001,BTC,296263.5111111111,0.0,3.053e-05,126
0,[],17,[],2019-02-18 05:41:57,0.0,0,0,6704150,2019-02-18 05:41:57,btc,0.0009561751951600001,0.0,0,btc,35.42829368,0.0,0.0,131
0,[],2,[],2019-01-20 23:25:46,0.0,0,0,6476969,2019-01-20 23:25:46,,0.0,0.0,0,,0.0,0.0,0.0,131
1,[],4,[],2019-02-18 06:32:57,121665.20805815,0.00001728,0.000000000643989312,6704353,2019-02-18 06:32:57,btc,1.0872674292822084,0.0,0.00001728,btc,52748.47168309,0.37864083,0.9651967240036557,131
1,[],4,[],2019-02-18 06:33:10,4559.37877946,0.00016030,0.00000000597404437,6704354,2019-02-18 06:33:10,btc,1.642035329786246,0.0,0.00016030,btc,307.87409808,0.00010658,0.009305715707654,135
1,[],3,[],2019-02-18 06:33:11,1793630.03905174,0.00000005,0.000000000001863395,6704355,2019-02-18 06:33:11,btc,0.1275363531211645,42731.75,0.00000005,btc,524595.71602917,0.0,0.0660789217803675,136
1,[],4,[],2019-02-18 06:33:11,61174.73620134,0.00000184,0.000000000068572936,6704356,2019-02-18 06:33:11,btc,0.1270357176348756,0.0,0.00000184,btc,58502.6940924,0.11985504,0.0740182286034558,137
1,[],12,[],2019-02-18 06:33:13,301263.558566,0.000001769999999999999994019540816569957542014890350401401519775390625,0.000000000065964183,6704357,2019-02-18 06:33:13,btc,11981.702037744439,0.0,0.000001769999999999999994019540816569957542014890350401401519775390625,btc,157935.15676263,0.0011826870095241,0.0351591598319978,137
1,[],17,[],2019-02-18 04:44:36,22967.386363640002,0.00000088,0.000000000032694904,6703751,2019-02-18 04:44:36,btc,20.0699133484,0.0,0.00000088,btc,405.079105,0.0,0.0104613000000032,142
1,[],4,[],2019-02-18 06:33:14,115199.91223974,0.00005317,0.000000001981534243,6704358,2019-02-18 06:33:14,btc,0.7184104298088148,0.0,0.00005317,btc,10931.85755625,0.61715023,0.4707520933192775,142
1,[],5,[],2019-02-18 06:33:15,0.00183303,0.00005350,0.00000000199383265,6704359,2019-02-18 06:33:15,btc,1.30193518,0.22859685,0.00005350,btc,0.00338251,0.0,1.37399038,142
1,[],20,[],2019-02-18 06:33:28,133867.9447,0.000034962,0.0000000013029603198,6704360,2019-02-18 06:33:28,btc,0.3553350736712,0.0,0.000034962,btc,3229.1575,0.0,0.2515306851173,142
1,[],22,[],2019-02-18 06:33:32,1613.354305200341,0.00003220,0.00000000120002638,6704361,2019-02-18 06:33:32,BTC,3.0070065,0.0,0.00003220,BTC,896.9784641392417,0.0,0.0018856,142
0.0,[],25,[],2019-02-18 06:33:33,0.0,0,0,6704362,2019-02-18 06:33:33,,0.0,0.0,0.0,btc,0.0,0.0,0.0,142
1,[],28,[],2019-02-18 06:33:38,77743.0,0.00004500,0.0000000016770555,6704363,2019-02-18 06:33:38,btc,0.057100837,1995.0,0.00004500,btc,356.4989,0.0,0.0519372,142
0,[],22,[],2019-02-18 06:33:41,0.0,0,0,6704364,2019-02-18 06:33:41,,67.48874799,0.0,0,,840795081.3,0.0,0.0,143
1,[],21,[],2019-02-18 06:33:42,32272109.810111478,0.00000026,0.000000000009689654,6704365,2019-02-18 06:33:42,btc,63.29952241794503,9005753.18960176,0.00000026,btc,98976414.46951656,2.44771428,4.560713994434427,145
0,[],22,[],2019-02-18 06:33:45,0.0,0,0,6704366,2019-02-18 06:33:45,,4.24946284,0.0,0,,1812156.0,0.0,0.0,146
,[],22,[],2018-11-20 23:01:11,0.0,0,0,4862114,2018-11-20 23:01:11,,2.56807021,0.0,,,61828.4988236,0.0,0.0,147
1,[],12,[],2019-02-18 06:33:47,8678904.53534479,0.00000296999999999999993971727500763346796475161681883037090301513671875,0.000000000110685663,6704367,2019-02-18 06:33:47,btc,16.584089612123844,0.0,0.00000296999999999999993971727500763346796475161681883037090301513671875,btc,122574.2262754,0.0008171445797804,0.10801532000000791,148
1,[],4,[],2019-02-18 06:33:48,252439.56402332,0.00000030,0.00000000001118037,6704368,2019-02-18 06:33:48,btc,0.7787094504280642,0.0,0.00000030,btc,592738.21898097,0.0,0.0600404256786116,152
0,[],22,[],2019-02-18 06:33:51,0.0,0,0,6704369,2019-02-18 06:33:51,,0.0,0.0,0,,0.0,0.0,0.0,152
1,[],5,[],2019-02-18 06:33:53,0.0,0,0,6704370,2019-02-18 06:33:53,btc,10.61570492,0.0,0,btc,0.00092785,0.0,0.0,153
,[],16,[],2019-01-11 15:38:59,0.0,0,0,6366141,2019-01-11 15:38:59,btc,0.0,0.0,,btc,0.0,0.0,0.0,155
0,[],23,[],2019-01-20 23:24:29,0.0,0,0,6476932,2019-01-20 23:24:29,,0.0,0.0,0,,0.0,0.0,0.0,156
0,[],22,[],2019-02-18 06:33:57,0.0,0,0,6704371,2019-02-18 06:33:57,,6.74608761,0.0,0,,4644402.242592593,0.0,0.0,156
1,[],22,[],2019-02-18 06:34:01,7073.8,0.00005300,0.0000000019751987,6704372,2019-02-18 06:34:01,BTC,43.78801181,0.0,0.00005300,BTC,1067.5805334758436,0.0,0.00104336,157
0,[],22,[],2019-02-18 06:34:04,0.0,0,0,6704373,2019-02-18 06:34:04,,50175.68008609,0.0,0,,54479136.04179466,0.0,0.0,158
,[],17,[],2018-11-20 22:56:10,0.0,0,0,4861976,2018-11-20 22:56:10,btc,1.1265625,0.0,,btc,1000.0,0.0,0.0,159
,[],20,[],2018-11-20 22:56:12,0.0,0,0,4861977,2018-11-20 22:56:12,btc,11912.7940471,0.0,,btc,34413894.3617,0.0,0.0,159
1,[],12,[],2019-02-18 06:34:05,187736.58431918,0.000007109999999999999688846986922730053493069135583937168121337890625,0.00000000026497476899999997,6704374,2019-02-18 06:34:05,btc,6.657120292094167,0.0,0.000007109999999999999688846986922730053493069135583937168121337890625,btc,14449.00629987,0.0003919697,0.0963092359000169,168
1,[],17,[],2019-02-18 06:34:07,29784.95,0.000001,0.0000000000372679,6704375,2019-02-18 06:34:07,btc,0.03026736251542,0.0,0.000001,btc,144.46171372,0.0,0.00716147,168
1,[],22,[],2019-02-18 06:34:11,20995.5,0.00000002,0.000000000000745358,6704376,2019-02-18 06:34:11,BTC,1.14470145,0.0,0.00000002,BTC,603735.7234250928,0.00256841,0.00041891,169
1,[],22,[],2019-02-18 06:34:15,176276.0,0.00000019,0.0000000000070809010000000004,6704377,2019-02-18 06:34:15,BTC,13.28996241,0.0,0.00000019,BTC,159646.54822383198,0.00070444,0.02446036,171
1,[],22,[],2019-02-18 06:34:19,158688.41176470587,0.00000017,0.000000000006335543,6704378,2019-02-18 06:34:19,BTC,2.66641211,0.0,0.00000017,BTC,271368.79665050836,0.0,0.00911019,173
1,[],5,[],2019-02-18 06:34:21,2.897e-05,0.00000199,0.000000000074163121,6704379,2019-02-18 06:34:21,btc,0.26614912,0.00027329,0.00000199,btc,0.00024723,0.0,0.34441903,175
1,[],22,[],2019-02-18 06:34:25,51114.0,0.0000002,0.00000000000745358,6704380,2019-02-18 06:34:25,BTC,0.53337321,0.0,0.0000002,BTC,141986.47031396697,0.000355,0.0052914,176
0,[],2,[],2019-01-20 23:28:34,0.0,0,0,6477001,2019-01-20 23:28:34,,0.0,0.0,0,,0.0,0.0,0.0,178
1,[],7,[],2019-02-18 06:34:25,0.0,0,0,6704381,2019-02-18 06:34:25,btc,410918.63489866455,1108.89110889,0,btc,115828955.16222881,1.109e-05,0.0,178
0,[],22,[],2019-02-18 06:34:28,0.0,0,0,6704382,2019-02-18 06:34:28,,1.00242428,0.0,0,,57512.0,0.0,0.0,178
1,[],22,[],2019-02-18 06:34:57,7779285.0,0.00000002,0.000000000000745358,6704384,2019-02-18 06:34:57,BTC,5.50797558,0.0,0.00000002,"BTC,LTC",17857364.676989965,0.0,0.38284554,179
0,[],23,[],2019-01-20 23:25:08,0.0,0,0,6476952,2019-01-20 23:25:08,,0.0,0.0,0,,0.0,0.0,0.0,179
1,[],5,[],2019-02-18 06:34:31,3e-08,0.00000002,0.000000000000745358,6704383,2019-02-18 06:34:31,btc,18.51203412,0.00297935,0.00000002,btc,1.664e-05,0.0,0.74843723,179
1,[],22,[],2019-02-18 06:35:06,129174.85333333333,0.00000150,0.000000000055901850000000004,6704385,2019-02-18 06:35:06,BTC,0.13777507,0.0,0.00000150,"BTC,LTC",27870.39132361635,0.0001228,0.00215962,180
1,[],26,[],2019-02-18 06:35:07,0.0,0.00000100,0.0000000000372679,6704386,2019-02-18 06:35:07,btc,0.0,0.0,0.00000100,btc,0.0,0.0,0.0,180
1,[],17,[],2019-02-18 05:45:53,10504.725,0.0000001,0.00000000000371115,6704182,2019-02-18 05:45:53,btc,5.201913593507951,0.0,0.0000001,btc,5427.1328087,0.0,0.0010504725,180
,[],7,[],2018-11-20 22:58:01,562227.975654,0.00000085,0.000000000036176765,4862015,2018-11-20 22:58:01,btc,21836.6059674,2491.87645172,,btc,749999.041456,0.00211021,0.127565380455,183
1,[],24,[],2019-02-18 06:35:07,0.0,0.000000000001,3.72679e-17,6704387,2019-02-18 06:35:07,btc,0.0,0.0,0.000000000001,btc,0.0,0.0,0.0,187
,[],5,[],2019-01-10 08:11:41,0.0,0,0,6347036,2019-01-10 08:11:41,btc,82.15055501,0.00261,,btc,1.19002445,0.0,0.0,187
,[],17,[],2018-11-16 20:58:10,4062536.27273,0.00000001,0.000000000000550501,4708775,2018-11-16 20:58:10,btc,3.36492563466,0.195460381006,,"btc,eth",110697919.549,0.0,0.0157628953496,187
0,[],22,[],2019-02-18 06:35:10,0.0,0,0,6704388,2019-02-18 06:35:10,,1.19374426,0.0,0,,16338.869534405507,0.0,0.0,191
0,[],22,[],2019-02-18 06:35:17,0.0,0,0,6704389,2019-02-18 06:35:17,,0.0,0.0,0,,0.0,0.0,0.0,197
0,[],22,[],2019-02-18 06:35:20,0.0,0,0,6704390,2019-02-18 06:35:20,,5.17192327,0.0,0,,21801494.0,0.0,0.0,199
1,[],26,[],2019-02-18 06:35:20,0.0,0.00000000,0,6704391,2019-02-18 06:35:20,btc,0.0,374698.0,0.00000000,btc,0.0,0.0,0.0,199
0,[],23,[],2019-01-20 23:31:41,0.0,0,0,6477079,2019-01-20 23:31:41,,0.0,0.0,0,,0.0,0.0,0.0,199
0,[],17,[],2019-01-30 16:32:01,0.0,0,0,6540827,2019-01-30 16:32:01,btc,6.802544163788159,0.0,0,btc,105897.55575295,0.0,0.0,200
0,[],2,[],2019-01-20 23:30:49,0.0,0,0,6477059,2019-01-20 23:30:49,,0.0,0.0,0,,0.0,0.0,0.0,201
1,[],4,[],2019-01-25 15:51:35,2084389.58565343,0.00000936,0.000000000333526752,6499557,2019-01-25 15:51:35,btc,2.0092503037378524,0.0,0.00000936,btc,160195.80207885,0.19272417,1.242687955921835,211
1,[],7,[],2019-02-18 06:35:25,5034458.56587966,0.00000145000000000000009320343975771638866945068002678453922271728515625,0.000000000054038455,6704392,2019-02-18 06:35:25,btc,15475864.242549097,371686.638579,0.00000145000000000000009320343975771638866945068002678453922271728515625,btc,12726411.79066064,0.53115911,3.483886354727861,212
1,[],5,[],2019-02-18 06:35:26,3.25e-06,0.00000029,0.000000000010807691,6704393,2019-02-18 06:35:26,btc,0.98892972,0.1324204,0.00000029,btc,2.899e-05,0.0,0.24843363,213
1,[],24,[],2019-02-18 06:35:26,0.0,0.000000050000,0.000000000001863395,6704394,2019-02-18 06:35:26,btc,0.0,0.0,0.000000050000,btc,0.0,0.0,0.0,213
1,[],26,[],2019-02-18 06:35:26,0.0,0.00000009,0.000000000003354111,6704395,2019-02-18 06:35:26,btc,0.0,0.0,0.00000009,btc,0.0,0.0,0.0,213
1,[],12,[],2019-01-25 02:44:32,207462.42853209,0.000001080000000000000035831255497387193287295303889550268650054931640625,0.000000000038610756000000006,6493050,2019-01-25 02:44:32,btc,85023.03793723314,0.0,0.000001080000000000000035831255497387193287295303889550268650054931640625,btc,43675.73520027,0.000146250909087,0.0348620860622024,213
0,[],22,[],2019-02-18 06:35:29,0.0,0,0,6704396,2019-02-18 06:35:29,,2.19551377,0.0,0,,211112.59081706151,0.0,0.0,216
1,[],27,[],2019-02-18 06:35:33,5204157.5615,0.00000006,0.000000000002236074,6704397,2019-02-18 06:35:33,btc,362.0759367606,0.0,0.00000006,"btc,ltc",273491.775,0.0,0.05478726246,216
1,[],22,[],2019-02-18 06:35:37,191804.7251545866,0.00000189,0.000000000070436331,6704398,2019-02-18 06:35:37,BTC,12677.11433606,0.0,0.00000189,BTC,451138.3108103337,0.01609928,0.21309562,217
1,[],7,[],2019-02-18 06:35:38,0.0,0,0,6704399,2019-02-18 06:35:38,btc,77969.6156418105,0.0,0,btc,137055636.5050253,0.0,0.0,219
0,[],27,[],2019-02-18 06:35:41,0.0,0,0,6704400,2019-02-18 06:35:41,,5.341833788316972,0.0,0,btc,1599140.99226595,0.0,0.0,219
0.0000000000000054,[],28,[],2019-02-18 06:35:48,168566769.653,2.4301080000000002e-18,9.05650219332e-23,6704401,2019-02-18 06:35:48,doge,84062.9976427895,14751.0,0.00045002,"btc,doge",4762557.44411,0.0,1.1924395374754351e-11,219
1,[],22,[],2019-02-18 06:35:53,224807.6,0.00000013,0.000000000004844827,6704402,2019-02-18 06:35:53,BTC,3.03110627,0.0,0.00000013,BTC,124292.57041875875,0.0,0.02357076,221
1,[],24,[],2019-02-18 06:35:53,0.0,0.000000170000,0.000000000006335543,6704403,2019-02-18 06:35:53,btc,0.0,28042.67826,0.000000170000,btc,0.0,0.00453642,0.0,221
1,[],20,[],2019-02-18 06:35:55,50869322.3415,0.000000002,0.0000000000000745358,6704404,2019-02-18 06:35:55,btc,47.9783305350875,255256.0808,0.000000002,btc,10158214.059,0.0007707393782,0.0517226281053,224
0,[],22,[],2019-02-18 06:35:59,0.0,0,0,6704405,2019-02-18 06:35:59,,0.0,0.0,0,,0.0,0.0,0.0,224
1,[],26,[],2019-02-18 06:35:59,0.0,0.00000033,0.000000000012298407,6704406,2019-02-18 06:35:59,btc,0.0,0.0,0.00000033,btc,0.0,0.0,0.0,231
1,[],26,[],2019-02-18 06:36:00,0.0,0.00000006,0.000000000002236074,6704407,2019-02-18 06:36:00,btc,0.0,0.0,0.00000006,btc,0.0,0.0,0.0,234
0,[],27,[],2019-02-18 06:36:05,0.0,0,0,6704408,2019-02-18 06:36:05,,0.0113483662182,0.0,0,"btc,eth",11462.99618,0.0,0.0,234
0,[],22,[],2019-02-18 06:36:08,0.0,0,0,6704409,2019-02-18 06:36:08,,3.02211091,0.0,0,,107455782.06349206,0.0,0.0,235
1,[],4,[],2019-02-18 06:36:10,1108772.25162982,0.00000082,0.000000000030559678,6704410,2019-02-18 06:36:10,btc,0.5022072220670298,0.0,0.00000082,btc,350079.42255891,0.06596789,0.4071802745281658,236
1,[],24,[],2019-02-18 06:36:10,0.0,0.000000020010,0.0000000000007457306790000001,6704411,2019-02-18 06:36:10,btc,0.0,0.0,0.000000020010,btc,0.0,0.0,0.0,236
1,[],20,[],2019-02-18 06:36:13,74174486.2508,0.000000077,0.0000000000028696283,6704412,2019-02-18 06:36:13,btc,16.0978688796763,23150532.2108,0.000000077,btc,35696129.4651,1.8765817317413,0.9017809903525,237
1,[],22,[],2019-02-18 06:36:18,116403.0,0.00000004,0.000000000001490716,6704413,2019-02-18 06:36:18,BTC,0.0405823,0.0,0.00000004,"BTC,LTC",3164.0,0.0,0.00482009,237
1,[],4,[],2019-02-18 06:36:19,5483990.07641078,0.00000033,0.000000000012298407,6704414,2019-02-18 06:36:19,btc,0.4743423219200684,0.0,0.00000033,btc,1306655.41882615,0.07823207,1.6873884071945504,238
1,[],5,[],2019-02-18 06:36:20,4.43e-06,0.00000033,0.000000000012298407,6704415,2019-02-18 06:36:20,btc,0.78946123,0.00027696,0.00000033,btc,3.008e-05,0.0,0.29099209,238
0,[],22,[],2019-02-18 06:36:24,0.0,0,0,6704416,2019-02-18 06:36:24,,1978.15996288,0.0,0,,370860.0639027493,0.0,0.0,249
0.0000000001192737,[],22,[],2019-02-18 06:36:28,7021097.666666667,3.578211e-18,1.333524097269e-22,6704417,2019-02-18 06:36:28,LTC,0.56670218,0.0,0.00000003,LTC,15147487.09,1.6704281685e-14,0.20963595,252
1,[],28,[],2019-02-18 06:36:36,4391956.698,0.0000001,0.00000000000372679,6704418,2019-02-18 06:36:36,btc,164693.69249005214,14601.0,0.0000001,btc,1044622.2751,0.0,0.2663411375,256
1,[],22,[],2019-02-18 06:36:41,1494873.6666666667,0.00000003,0.000000000001118037,6704419,2019-02-18 06:36:41,BTC,30.15633433,0.0,0.00000003,BTC,391113.92423192423,0.00042873,0.04370093,258
1,[],22,[],2019-02-18 06:36:46,49651.0,0.00000002,0.000000000000745358,6704420,2019-02-18 06:36:46,BTC,2.629917,0.0,0.00000002,BTC,1762.0,0.0,0.00050551,259
1,[],22,[],2019-02-18 06:36:51,10540.0,0.00001220,0.00000000045466838,6704421,2019-02-18 06:36:51,BTC,1293.02455434,0.0,0.00001220,"BTC,LTC",6053.292601650775,0.0,0.01253465,262
1,[],5,[],2019-02-18 06:36:53,9.96e-06,0.00000138,0.000000000051429702,6704422,2019-02-18 06:36:53,btc,0.6222242,0.00503868,0.00000138,btc,0.00028871,0.0,0.15848359,264
1,[],20,[],2019-02-18 06:36:54,1220088.707,0.000001202,0.000000000044796015800000004,6704423,2019-02-18 06:36:54,btc,7.3247985176738,79503.501,0.000001202,btc,83875.3821,0.209519506076,0.02221884425,264
1,[],22,[],2019-02-18 06:37:00,69663.5,0.00000002,0.000000000000745358,6704424,2019-02-18 06:37:00,BTC,8.50078806,0.0,0.00000002,BTC,408009.1588548506,7.886e-05,0.00089564,271
0,[],22,[],2019-02-18 06:37:31,0.0,0,0,6704425,2019-02-18 06:37:31,,385.44178703,0.0,0,,15173097515.9,0.0,0.0,272
0.0000000000000054,[],28,[],2019-02-18 06:37:36,214453613274.711,4.374e-21,1.630097946e-25,6704426,2019-02-18 06:37:36,doge,441833764.14415807,36789297248.5812,0.00000081,doge,197224578767.20148,0.0,5.87570761730177e-10,272
1,[],22,[],2019-02-18 06:37:45,25563.363076923077,0.00001500,0.0000000005590185,6704427,2019-02-18 06:37:45,BTC,74.24524289,0.0,0.00001500,"BTC,LTC",4195.787545323318,0.00365968,0.10087415,281
