pairValue,buyBook,exchangeId,sellBook,updated,buyTotal,satoshiPrice,usdPrice,exchangeLogId,created,bestPair,sellTotalBtc,volume,pairPrice,activePairs,sellTotal,volumeBtc,buyTotalBtc,coinId
1,[],3,[],2019-03-20 00:37:13,31037.52180261865,0.01310609000000000079477757708446006290614604949951171875,0.0000005267822496330001,6983822,2019-03-20 00:37:13,btc,60.139754499178686,2.9251368e-05,0.01310609000000000079477757708446006290614604949951171875,btc,23.890105871684,0.0,0.29502251733801566,1
1,[],4,[],2019-03-20 00:37:14,207754.93414303,0.01310706,0.000000526821237522,6983823,2019-03-20 00:37:14,btc,13.612361928399059,0.0,0.01310706,btc,261.63117112,1.46732239,1.178853833963431,1
1,[],5,[],2019-03-20 00:37:18,0.0,0,0,6983824,2019-03-20 00:37:18,btc,0.0,0.00790015,0,btc,0.0,0.0,0.0,1
1,[],10,[],2019-03-20 00:37:20,413699.71247768,0.01140893,0.000000458567109741,6983825,2019-03-20 00:37:20,btc,6521.969286585232,1594.44440606,0.01140893,btc,908.30586672,0.0,4.809896676410349,1
1,[],12,[],2019-03-20 00:37:23,51.77952364,0.01310000000000000053290705182007513940334320068359375,0.00000052653747,6983826,2019-03-20 00:37:23,btc,0.2011424650632,0.0,0.01310000000000000053290705182007513940334320068359375,btc,14.73626996,0.0380686249134,0.3827764178068,1
1,[],20,[],2019-03-20 00:37:26,1152.6081,0.01070001,0.000000430072991937,6983827,2019-03-20 00:37:26,btc,0.0423738248054,0.0,0.01070001,btc,1.8879,0.0,0.0974182203341,1
1,[],21,[],2019-03-20 00:37:27,2738.89043137,0.01319500000000000013156142842,0.0000005303558715,6983828,2019-03-20 00:37:27,btc,48.133818858364585,10011.1591068,0.01319500000000000013156142841808105004020035266876220703125,"btc,eth",4214.34924595,119.85458616183334,31.318070070162115,1
1,[],22,[],2019-03-20 00:39:39,0.07686088253968254,0.01260000,0.00000050644062,6983829,2019-03-20 00:39:39,BTC,0.31439419,0.0,0.01260000,BTC,0.12751438772928525,0.0,0.00096785,1
1,[],24,[],2019-03-20 00:39:40,0.0,0.000000000000,0,6983830,2019-03-20 00:39:40,btc,0.0,0.0,0.000000000000,btc,0.0,0.0,0.0,1
0.0,[],25,[],2019-03-20 00:39:41,0.0,0,0,6983831,2019-03-20 00:39:41,btc,43.29519999752073,322.88524107,0.0,btc,3211.31971553,4.25,0.0,1
1,[],26,[],2019-03-20 00:39:42,0.0,0,0,6983832,2019-03-20 00:39:42,,0.0,0.0,0,,0.0,0.0,0.0,1
1,[],28,[],2019-03-20 00:39:49,992.9,0.01231000,0.000000494784447,6983833,2019-03-20 00:39:49,btc,0.151703079,18454.06,0.01231000,btc,8.184,0.0,0.086101096,1
0,[],2,[],2019-01-20 23:28:45,0.0,0,0,6477011,2019-01-20 23:28:45,,0.0,0.0,0,,0.0,0.0,0.0,1
1,[],5,[],2019-03-20 00:55:42,0.0,0,0,6983947,2019-03-20 00:55:42,btc,0.0,0.01030414,0,btc,0.0,0.0,0.0,2
0.0000000001311462,[],22,[],2019-03-20 00:55:49,1148.0,1.4426082e-16,5.785248386214001e-21,6983948,2019-03-20 00:55:49,XMR,21.02425527,0.0,0.00000110,XMR,24942.398537272726,0.0,0.00087635,2
1,[],5,[],2019-03-20 00:55:52,0.0,0,0,6983949,2019-03-20 00:55:52,btc,0.0,0.49327253,0,btc,0.0,0.0,0.0,3
1,[],12,[],2019-03-20 00:55:54,2337107.32563333,0.00000019,0.000000000007619513,6983950,2019-03-20 00:55:54,btc,23468.983608564813,0.0,0.00000019,btc,1603057.55538545,0.10618699256103982,0.3222540824346994,3
0,[],28,[],2019-03-20 00:55:56,0.0,0,0,6983951,2019-03-20 00:55:56,,0.0,0.0,0,,0.0,0.0,0.0,3
1,[],4,[],2019-03-20 00:55:58,345729.69138538,0.00000030,0.00000000001203081,6983952,2019-03-20 00:55:58,btc,32.066716819740336,0.0,0.00000030,btc,696508.86156696,0.00640155,0.0325877554037968,4
0,[],2,[],2019-01-20 23:31:32,0.0,0,0,6477077,2019-01-20 23:31:32,,0.0,0.0,0,,0.0,0.0,0.0,4
1,[],12,[],2019-03-20 00:55:59,354124.0,0.00000001,0.000000000000401027,6983953,2019-03-20 00:55:59,btc,1111853.28804106,0.0,0.00000001,btc,779728.33266733,0.000821,0.00354124,5
1,[],11,[],2019-03-20 00:56:02,3387507.66422,0.00000001,0.000000000000401027,6983954,2019-03-20 00:56:02,btc,9574.354910298487,882000.0,0.00000001,btc,43549534.90528502,0.0,0.0338750766422,6
0,[],2,[],2019-01-20 23:31:51,0.0,0,0,6477087,2019-01-20 23:31:51,,0.0,0.0,0,,0.0,0.0,0.0,6
1,[],3,[],2019-03-20 00:56:03,1111.874925057246,0.00016001000000000000791054721727135756736970506608486175537109375,0.000000006416833027,6983955,2019-03-20 00:56:03,btc,29.634654231634162,0.0,0.00016001000000000000791054721727135756736970506608486175537109375,btc,241.020514578101,0.0,0.03830597781778914,7
1,[],4,[],2019-03-20 00:56:04,100177.99365069,0.00023150,0.000000009283775050000001,6983956,2019-03-20 00:56:04,btc,13.444069558455414,0.0,0.00023150,btc,48239.70323878,5.61864159,9.967705219838804,7
1,[],5,[],2019-03-20 00:56:07,0.0,0,0,6983957,2019-03-20 00:56:07,btc,0.0,0.38444379,0,btc,0.0,0.0,0.0,7
1,[],20,[],2019-02-20 02:16:17,39399275.8418,0.000000001,0.0000000000000390183,6728586,2019-02-20 02:16:17,btc,116.9737569154545,525.0,0.000000001,btc,56932965.8895,5.25e-07,0.0393992758418,8
1,[],4,[],2019-03-20 00:56:10,2368527.0177615,0.00000156,0.000000000062560212,6983958,2019-03-20 00:56:10,btc,7.062431546021196,0.0,0.00000156,btc,3224489.57189002,1.03246026,2.5863382361163882,9
1,[],28,[],2019-03-20 00:56:12,26837.0,0.00000160,0.00000000006416432,6983959,2019-03-20 00:56:12,btc,2708.766379464023,3590613.13,0.00000160,btc,14696.5673,0.0,0.0155039,9
0,[],2,[],2019-01-20 23:22:42,0.0,0,0,6476876,2019-01-20 23:22:42,,0.0,0.0,0,,0.0,0.0,0.0,9
0,[],23,[],2019-01-20 23:22:48,0.0,0,0,6476878,2019-01-20 23:22:48,,0.0,0.0,0,,0.0,0.0,0.0,9
1,[],1,[],2019-02-17 23:31:42,1822507.21,0.00000181000000000000003456111265232042484285557293333113193511962890625,0.000000000066086901,6701244,2019-02-17 23:31:42,btc,3.6990969245,17153386.5,0.00000181000000000000003456111265232042484285557293333113193511962890625,btc,1997391.71,31.11772986,3.2610482446,9
1,[],4,[],2019-02-17 11:22:43,4341674.27126056,0.00000002,0.0000000000007272960000000001,6696112,2019-02-17 11:22:43,btc,0.1997230937751353,0.0,0.00000002,btc,4109766.79808031,0.00215132,0.0479381022052112,10
1,[],4,[],2019-03-20 00:56:16,5470906.81800885,0.00000162,0.000000000064966374,6983960,2019-03-20 00:56:16,btc,13.11500131303062,0.0,0.00000162,btc,5311586.58305883,5.13653643,6.127987317819757,12
1,[],5,[],2019-03-20 00:56:20,0.0,0,0,6983961,2019-03-20 00:56:20,btc,0.0,0.20634891,0,btc,0.0,0.0,0.0,12
0.0,[],25,[],2019-03-20 00:56:21,0.0,0,0,6983962,2019-03-20 00:56:21,,0.0,0.0,0.0,btc,0.0,0.0,0.0,12
0,[],2,[],2019-01-20 23:23:08,0.0,0,0,6476890,2019-01-20 23:23:08,,0.0,0.0,0,,0.0,0.0,0.0,12
1,[],4,[],2019-03-20 00:56:23,32905236.50432043,0.00001159,0.000000000464790293,6983963,2019-03-20 00:56:23,btc,3.566610553879634,0.0,0.00001159,btc,260505.80896808,2.39401927,1.2033654028880267,13
1,[],10,[],2019-03-20 00:56:26,476958.4499199,0.00001135,0.000000000455165645,6983964,2019-03-20 00:56:26,btc,666776.3318890918,23406.1143338,0.00001135,btc,638739.62680666,0.0,0.6227778063826573,13
1,[],21,[],2019-03-20 00:56:29,1449768.1215512399,0.00001154999999999999953028025079,0.000000000463186185,6983965,2019-03-20 00:56:29,btc,13.085736129471345,2142361.62295066,0.00001154999999999999953028025079238005901061114855110645294189453125,btc,1017820.20756735,23.87553656,14.484655061125016,13
1,[],4,[],2019-03-20 00:56:32,1149681.33477788,0.00000086,0.000000000034488322,6983966,2019-03-20 00:56:32,btc,5.404147684361612,0.0,0.00000086,btc,994153.3452295,0.01295706,0.2273557835290292,14
1,[],12,[],2019-03-20 00:56:33,303561.0,0.00000069,0.000000000027670862999999997,6983967,2019-03-20 00:56:33,btc,0.056045956394471796,0.0,0.00000069,btc,13799.95186185,0.0,0.032130399999999996,14
0,[],17,[],2019-03-20 00:56:45,0.0,0,0,6983968,2019-03-20 00:56:45,btc,0.0,0.0,0,btc,0.0,0.0,0.0,14
1,[],26,[],2019-03-20 00:56:45,0.0,0.00000050,0.000000000020051350000000002,6983969,2019-03-20 00:56:45,btc,0.0,0.0,0.00000050,btc,0.0,0.0,0.0,14
0,[],4,[],2019-03-20 00:56:48,0.0,0,0,6983970,2019-03-20 00:56:48,,0.0,0.0,0,,0.0,0.0,0.0,15
,[],12,[],2018-12-01 15:15:48,204241.84496,0.00000489,0.000000000202473384,5260204,2018-12-01 15:15:48,btc,49.5475654835,0.0,,btc,35763.2193806,0.0163153972027625,0.0203389899998,15
1,[],4,[],2019-03-20 00:56:50,74190.88834154,0.00001563,0.000000000626805201,6983971,2019-03-20 00:56:50,btc,1.1026231065983103,0.0,0.00001563,btc,18126.51900231,0.05021269,0.0471431928990967,18
1,[],10,[],2019-03-20 00:56:52,786967.3633696,0.00001612,0.000000000646455524,6983972,2019-03-20 00:56:52,btc,15.399149752897104,27984.3841573,0.00001612,btc,12993.20007129,0.0,0.181958085410985,18
1,[],12,[],2019-03-20 00:56:53,338500.81205469,0.00001544000000000000124948662527657461396302096545696258544921875,0.0000000006191856880000001,6983973,2019-03-20 00:56:53,btc,33214.73149279585,0.0,0.00001544000000000000124948662527657461396302096545696258544921875,btc,1033.86555886,0.0103347064535105,0.0615746171881817,18
0,[],2,[],2019-01-20 23:23:38,0.0,0,0,6476906,2019-01-20 23:23:38,,0.0,0.0,0,,0.0,0.0,0.0,18
0,[],17,[],2019-03-20 00:41:27,0.0,0,0,6983860,2019-03-20 00:41:27,btc,0.0,0.0,0,btc,0.0,0.0,0.0,18
1,[],3,[],2019-03-20 00:57:05,119982.04551894277,0.0000222899999999999983454727903176006975627387873828411102294921875,0.0000000008938891829999999,6983974,2019-03-20 00:57:05,btc,0.6663200906237937,236.56026303,0.0000222899999999999983454727903176006975627387873828411102294921875,btc,13147.466810408645,0.0,0.050467392584864164,19
1,[],4,[],2019-03-20 00:57:06,218687.6751506,0.00002251,0.000000000902711777,6983975,2019-03-20 00:57:06,btc,4.947466808161738,0.0,0.00002251,btc,117347.36761002,1.31843095,2.3455074018834754,19
1,[],5,[],2019-03-20 00:57:09,0.0,0,0,6983976,2019-03-20 00:57:09,btc,0.0,0.00286561,0,btc,0.0,0.0,0.0,19
1,[],12,[],2019-03-20 00:57:10,388333.43536142,0.000018530000000000000463795668537159144761972129344940185546875,0.000000000743103031,6983977,2019-03-20 00:57:10,btc,0.2047797673736809,0.0,0.000018530000000000000463795668537159144761972129344940185546875,btc,1920.44563054,0.0132170603503627,0.0911448599998153,19
0,[],27,[],2019-03-20 00:57:18,0.0,0,0,6983978,2019-03-20 00:57:18,,0.0,0.0,0,btc,0.0,0.0,0.0,19
0,[],2,[],2019-01-20 23:24:19,0.0,0,0,6476924,2019-01-20 23:24:19,,0.0,0.0,0,,0.0,0.0,0.0,19
1,[],4,[],2019-03-20 00:57:19,2797882.56801651,0.00000013,0.000000000005213351,6983979,2019-03-20 00:57:19,btc,7.379342187426975,0.0,0.00000013,btc,2861180.63183601,0.0001014,0.080620943248759,20
1,[],4,[],2019-03-20 00:57:21,90698287.36293596,0.00000001,0.000000000000401027,6983980,2019-03-20 00:57:21,btc,39552.324479017414,0.0,0.00000001,btc,59144056.75191303,0.00215423,0.9069828736293596,21
1,[],12,[],2019-03-20 00:57:23,2149407.0,0.00000001,0.000000000000401027,6983981,2019-03-20 00:57:23,btc,2870.5387463704897,0.0,0.00000001,btc,2983683.52447552,0.0002992598001998,0.02149407,21
0,[],17,[],2019-03-20 00:57:24,0.0,0,0,6983982,2019-03-20 00:57:24,btc,0.0,0.0,0,btc,0.0,0.0,0.0,21
1,[],12,[],2019-03-20 00:57:26,3030660539.0,0.0000000002,0.00000000000000802054,6983983,2019-03-20 00:57:26,btc,3161680.5031532627,0.0,0.0000000002,btc,1450284819.8061938,0.08237249798481519,0.3401904586,23
0,[],27,[],2019-03-20 00:57:36,0.0,0,0,6983984,2019-03-20 00:57:36,,13.9750273112066,0.0,0,eth,6313324.08723636,0.0,0.0,23
1,[],4,[],2019-03-20 00:57:38,664863.61547464,0.00000046,0.000000000018447242,6983985,2019-03-20 00:57:38,btc,10.57131488174021,0.0,0.00000046,btc,1629896.47209282,0.00516537,0.1688885094387089,24
1,[],22,[],2019-03-20 00:57:40,11.76,0.00000100,0.000000000040102700000000004,6983986,2019-03-20 00:57:40,BTC,7.415e-05,0.0,0.00000100,BTC,23.919354838709676,0.0,1.176e-05,24
0.0,[],25,[],2019-03-20 00:57:42,0.0,0,0,6983987,2019-03-20 00:57:42,,0.0,0.0,0.0,btc,0.0,0.0,0.0,24
1,[],4,[],2019-03-20 00:57:44,26796295.79180956,0.00000675,0.000000000270693225,6983988,2019-03-20 00:57:44,btc,30.75411385754889,0.0,0.00000675,btc,235156.2420068,0.31382638,0.6677767686780698,26
1,[],10,[],2019-03-20 00:57:46,602754.03789547,0.00000577,0.00000000023139257899999998,6983989,2019-03-20 00:57:46,btc,25.236339000051956,4370.25257202,0.00000577,btc,14702.66420715,0.0,0.1446055141276608,26
0,[],2,[],2019-01-20 23:25:56,0.0,0,0,6476976,2019-01-20 23:25:56,,0.0,0.0,0,,0.0,0.0,0.0,26
1,[],3,[],2019-03-20 00:57:47,10182978.48184747,0.00000001,0.000000000000401027,6983990,2019-03-20 00:57:47,btc,2.065848128323861,555.0,0.00000001,btc,16183483.75409294,0.0,0.10182978481847471,27
1,[],5,[],2019-03-20 00:57:50,0.0,0,0,6983991,2019-03-20 00:57:50,btc,0.0,5.56e-06,0,btc,0.0,0.0,0.0,27
1,[],11,[],2019-03-20 00:57:52,8317265.91256781,0.00000006,0.000000000002406162,6983992,2019-03-20 00:57:52,btc,67506.08434655161,166333.333333,0.00000006,btc,7789783.7503637,0.0,0.45855516491802245,27
1,[],4,[],2019-03-20 00:57:54,2201542796.359789,0.00000001,0.000000000000401027,6983993,2019-03-20 00:57:54,btc,3.4423345711611066,0.0,0.00000001,"btc,ltc",274891918.52440095,0.1931314,10.046064617027126,29
1,[],7,[],2019-03-20 00:57:55,35609430.88543586,0.00000001,0.000000000000401027,6983994,2019-03-20 00:57:55,btc,44461604.29816474,16391.6963037,0.00000001,btc,52448570.76232952,0.00032783,0.35609430885435855,29
0,[],17,[],2019-03-19 23:40:59,0.0,0,0,6983686,2019-03-19 23:40:59,btc,0.0,0.0,0,btc,0.0,0.0,0.0,30
1,[],4,[],2019-03-20 00:57:57,4123140.33145065,0.00000018,0.000000000007218486,6983995,2019-03-20 00:57:57,btc,2.779966916956924,0.0,0.00000018,btc,2183833.75732251,0.04178845,0.1147229199374308,30
1,[],4,[],2019-03-20 00:58:00,217692.25116825,0.00006195,0.000000002484362265,6983996,2019-03-20 00:58:00,btc,5.694144996394633,0.0,0.00006195,btc,56704.96789801,0.98436268,3.855697008059363,31
1,[],21,[],2019-03-20 00:58:02,56904.95075329,0.00006279000000000000021854046350,0.000000002518048533,6983997,2019-03-20 00:58:02,btc,6.16838021967368,135082.09890963,0.000062790000000000000218540463503558157754014246165752410888671875,btc,92210.60716522,8.25054864,3.3014295728793486,31
0,[],2,[],2019-01-20 23:28:43,0.0,0,0,6477009,2019-01-20 23:28:43,,0.0,0.0,0,,0.0,0.0,0.0,32
1,[],4,[],2019-03-20 00:43:01,386901522.0305567,0.00000004,0.000000000001607748,6983884,2019-03-20 00:43:01,btc,8.689468967283245,0.0,0.00000004,"btc,ltc",171316699.29414782,0.67450175,8.126277450908812,33
1,[],12,[],2019-03-20 00:43:03,30907130.99233333,0.00000004,0.000000000001607748,6983885,2019-03-20 00:43:03,btc,4233126.535916638,0.0,0.00000004,btc,21840643.64135863,0.000657135704296,0.7375321567199998,33
1,[],4,[],2019-03-20 00:58:07,89453065.08517008,0.00000001,0.000000000000401027,6983998,2019-03-20 00:58:07,btc,3.231058352779121,0.0,0.00000001,btc,103073024.33610038,0.00199018,0.8945306508517007,34
1,[],5,[],2019-03-20 00:58:08,0.0,0,0,6983999,2019-03-20 00:58:08,btc,0.0,0.01902457,0,btc,0.0,0.0,0.0,34
0.00000000014778049999999998,[],4,[],2019-03-20 00:58:10,5063561970.826218,1.477805e-18,5.92639705735e-23,6984000,2019-03-20 00:58:10,ltc,4.932204353670024e-08,0.0,0.00000001,ltc,6168587637.498471,0.0,7.482957198296838e-09,36
1,[],5,[],2019-03-20 00:58:13,0.0,0,0,6984001,2019-03-20 00:58:13,btc,0.0,0.0,0,btc,0.0,0.0,0.0,36
0,[],17,[],2019-03-20 00:43:21,0.0,0,0,6983890,2019-03-20 00:43:21,btc,0.14155809404650171,0.0,0,btc,10794800.77743647,0.0,0.0,36
0.000000000344826,[],27,[],2019-03-20 00:43:33,992184.46325,3.4482600000000002e-18,1.3859832796200002e-22,6983891,2019-03-20 00:43:33,eth,223.74951049924783,0.0,0.00000001,"ltc,eth",12177368.61058689,0.0,1.467937234778445e-12,36
1,[],4,[],2019-03-20 00:43:34,274681.18712514,0.00000060,0.00000000002411622,6983892,2019-03-20 00:43:34,btc,19772.462005660804,0.0,0.00000060,btc,575919.01331278,0.01838641,0.1225330648815739,37
1,[],12,[],2019-03-20 00:43:36,492032.34991425,0.00000062,0.000000000024920094,6983893,2019-03-20 00:43:36,btc,21.67357956163255,0.0,0.00000062,btc,426992.71947253,0.1033346915001158,0.1991117914128204,37
1,[],17,[],2019-03-20 00:43:48,1752.74075282,0.00000025,0.000000000010048424999999999,6983894,2019-03-20 00:43:48,btc,0.055484923777095005,0.0,0.00000025,btc,1319.19918473,0.0,0.00043818518820499993,37
1,[],27,[],2019-03-20 00:43:58,16356.567,0.00000045,0.000000000018087165,6983895,2019-03-20 00:43:58,btc,24.23826413611233,0.0,0.00000045,btc,6515.38138508,0.0,0.00555227515,37
1,[],5,[],2019-03-20 00:44:00,0.0,0,0,6983896,2019-03-20 00:44:00,btc,0.0,0.00138713,0,btc,0.0,0.0,0.0,42
1,[],12,[],2019-03-20 00:44:01,258303.21393121,0.00000091,0.000000000036576267,6983897,2019-03-20 00:44:01,btc,5.580971883510045,0.0,0.00000091,btc,30280.17040567,0.0107543692903806,0.0197231699999891,42
0,[],27,[],2019-03-20 00:44:09,0.0,0,0,6983898,2019-03-20 00:44:09,,0.00315028,0.0,0,btc,11.007,0.0,0.0,42
0,[],17,[],2019-03-19 23:41:50,0.0,0,0,6983703,2019-03-19 23:41:50,btc,0.0,0.0,0,btc,0.0,0.0,0.0,43
1,[],5,[],2019-03-20 00:44:10,0.0,0,0,6983899,2019-03-20 00:44:10,btc,0.0,0.00028751,0,btc,0.0,0.0,0.0,43
1,[],12,[],2019-03-13 09:13:29,1112112.0,0.00000001,0.000000000000386531,6919902,2019-03-13 09:13:29,btc,29058.00478931866,0.0,0.00000001,btc,5967681.93306694,9.99000999e-07,0.01112112,43
1,[],12,[],2019-03-05 01:54:08,639326.02,0.00000004,0.000000000001486676,6845775,2019-03-05 01:54:08,btc,11116042.728239931,0.0,0.00000004,btc,1103841.4595604,0.0003330765234764,0.014975410599999999,44
1,[],4,[],2019-03-20 00:44:23,298047285.0248395,0.00000002,0.000000000000803874,6983900,2019-03-20 00:44:23,btc,473.92479699974075,0.0,0.00000002,"btc,ltc",12954718.59224693,0.001496,0.28318141989896534,49
0,[],4,[],2019-03-20 00:44:24,0.0,0,0,6983901,2019-03-20 00:44:24,,25.901654667905078,0.0,0,,8021036373.682058,0.0,0.0,52
0,[],22,[],2019-03-20 00:44:34,0.0,0,0,6983902,2019-03-20 00:44:34,,4428.59026215,0.0,0,,305937213.5359664,0.0,0.0,57
0.000000000344826,[],27,[],2019-03-20 00:44:44,2000.0,3.4482600000000002e-18,1.3859832796200002e-22,6983903,2019-03-20 00:44:44,eth,0.0,0.0,0.00000001,"btc,eth",0.0,0.0,6.89652e-15,57
0,[],17,[],2019-03-19 23:42:16,0.0,0,0,6983710,2019-03-19 23:42:16,btc,1e+24,0.0,0,btc,49306342.21952568,0.0,0.0,58
0.00000000014795000000000002,[],4,[],2019-03-20 00:44:45,717098188.4248182,2.9590000000000002e-18,1.1893315830000002e-22,6983904,2019-03-20 00:44:45,ltc,18.65761734143348,0.0,0.00000002,ltc,4663921416.967522,0.0,1.6219088403671022e-09,58
1,[],12,[],2019-03-20 00:44:46,1415033435.0,0.0000000003,0.00000000000001205811,6983905,2019-03-20 00:44:46,btc,5376425.008256936,0.0,0.0000000003,btc,1791052316.08991,0.002971311138161844,0.3632587306,58
0.00000000013115010000000001,[],22,[],2019-03-20 00:45:10,137438.0,1.311501e-18,5.27140777437e-23,6983906,2019-03-20 00:45:10,XMR,69.1795942,0.0,0.00000001,XMR,9887963.0,0.0,0.00137438,58
1,[],5,[],2019-03-20 00:45:12,0.0,0,0,6983907,2019-03-20 00:45:12,btc,0.0,0.02444432,0,btc,0.0,0.0,0.0,61
1,[],22,[],2019-03-20 00:46:02,13656.0,0.00000012,0.000000000004823244,6983908,2019-03-20 00:46:02,BTC,1002.2960049,0.0,0.00000012,BTC,14976.68361146909,0.0,0.00153775,61
1,[],26,[],2019-03-20 00:46:02,0.0,0.00000800,0.0000000003215496,6983909,2019-03-20 00:46:02,btc,0.0,0.0,0.00000800,btc,0.0,0.0,0.0,61
1,[],27,[],2019-03-20 00:46:16,2058.72798,0.00000047,0.000000000018891039,6983910,2019-03-20 00:46:16,btc,2.884958570314132,0.0,0.00000047,"btc,eth",19782.59257617,0.0,0.00016081519350039466,61
1,[],28,[],2019-03-20 00:46:23,13880.304,0.0000005,0.00000000002009685,6983911,2019-03-20 00:46:23,btc,2.056812978300105,901.0,0.0000005,btc,10230.59500005,0.0,0.00566391304,61
1,[],4,[],2019-03-20 00:46:25,1252302.96141975,0.00000232,0.000000000093249384,6983912,2019-03-20 00:46:25,btc,8.893289666004506,0.0,0.00000232,btc,767026.7368024,0.20395694,0.9214302866052916,67
0.0,[],25,[],2019-03-20 00:46:26,0.0,0,0,6983913,2019-03-20 00:46:26,,0.0,0.0,0.0,btc,0.0,0.0,0.0,67
1,[],12,[],2019-03-20 00:46:28,761348.81261414,0.00000016,0.000000000006430992,6983914,2019-03-20 00:46:28,btc,1111615.2329649033,0.0,0.00000016,btc,1016555.05107044,0.0100600411538792,0.0564528041918166,71
,[],5,[],2018-11-20 23:02:39,1.5e-07,0.00000005,0.000000000002128045,4862160,2018-11-20 23:02:39,btc,2.84511358,0.0,,btc,0.00036572,0.0,0.07381892,74
1,[],5,[],2019-03-20 00:46:29,0.0,0,0,6983915,2019-03-20 00:46:29,btc,0.0,0.0,0,btc,0.0,0.0,0.0,75
0,[],20,[],2019-01-25 09:30:31,0.0,0,0,6495923,2019-01-25 09:30:31,btc,0.0,0.0,0,btc,0.0,0.0,0.0,81
1,[],4,[],2019-03-20 00:46:31,13382103.94481309,0.00000001,0.000000000000401937,6983916,2019-03-20 00:46:31,btc,11370.017332820591,0.0,0.00000001,btc,39841845.35132191,0.00148983,0.1338210394481309,81
1,[],4,[],2019-03-20 00:46:32,23541.51684735,0.00007973,0.000000003204643701,6983917,2019-03-20 00:46:32,btc,17.894406697095576,0.0,0.00007973,btc,12152.59337029,0.06076095,0.0731852401376694,82
1,[],21,[],2019-03-20 00:46:33,941658.96570118,0.00007503999999999999982302351098,0.000000003016135248,6983918,2019-03-20 00:46:33,btc,2.7160124471958076,2102.53237515,0.000075039999999999999823023510980846140228095464408397674560546875,btc,30647.19681852,0.15917702,3.127469993995183,82
0,[],17,[],2019-03-19 23:43:38,0.0,0,0,6983724,2019-03-19 23:43:38,btc,0.0447233088476774,0.0,0,btc,999127.19588126,0.0,0.0,84
0.00000000014795000000000002,[],4,[],2019-03-20 00:46:45,147889140.09334978,4.438500000000001e-18,1.7839973745000002e-22,6983919,2019-03-20 00:46:45,ltc,1.675056955364706,0.0,0.00000003,ltc,367498793.12783974,0.0,3.1538049428771026e-10,85
,[],22,[],2018-11-20 23:09:34,3408.1,0.0000001,0.0000000000041895,4862324,2018-11-20 23:09:34,BTC,0.04624735,0.0,,BTC,4990.0,0.0,0.00033081,86
1,[],22,[],2019-03-20 00:47:34,110870.0,0.00000005,0.000000000002009685,6983920,2019-03-20 00:47:34,BTC,2.83246841,0.0,0.00000005,BTC,194278.94736842104,6e-05,0.0017035,87
1,[],27,[],2019-03-20 00:47:42,50.0,0.00000001,0.000000000000401937,6983921,2019-03-20 00:47:42,btc,5.061790002021791,0.0,0.00000001,btc,27725.90385964,0.0,5e-07,87
,[],2,[],2018-11-20 23:10:47,0.0,0,0,4862359,2018-11-20 23:10:47,,0.0,0.0,,,0.0,0.0,0.0,88
1,[],11,[],2019-03-20 00:47:44,106344.48342734,0.0001502200000000000084700302327433973914594389498233795166015625,0.000000006037897614,6983922,2019-03-20 00:47:44,btc,613.1527381391245,863.95850059,0.0001502200000000000084700302327433973914594389498233795166015625,btc,105323.15515975001,0.0,8.268673142101521,89
0,[],2,[],2019-01-20 23:31:45,0.0,0,0,6477083,2019-01-20 23:31:45,,0.0,0.0,0,,0.0,0.0,0.0,91
1,[],12,[],2019-03-20 00:47:46,317585.6565833,0.00000052,0.000000000020900724,6983923,2019-03-20 00:47:46,btc,58.43991495800229,0.0,0.00000052,btc,86191.18029419,0.0012956555100577,0.0315331042999907,91
1,[],22,[],2019-03-20 00:48:15,65900.0,0.00000001,0.000000000000401937,6983924,2019-03-20 00:48:15,BTC,3e-06,0.0,0.00000001,BTC,1.0,0.0,0.000659,91
0,[],17,[],2019-03-19 22:26:49,0.0,0,0,6983414,2019-03-19 22:26:49,btc,0.0,0.0,0,btc,0.0,0.0,0.0,91
0,[],22,[],2019-03-20 00:48:45,0.0,0,0,6983925,2019-03-20 00:48:45,,3.44097116,0.0,0,,46768900.1,0.0,0.0,95
0.00000000014795000000000002,[],4,[],2019-03-20 00:48:46,543263354.5024052,6.95365e-17,2.7949292200500003e-21,6983926,2019-03-20 00:48:46,ltc,11.887660060002196,0.0,0.00000047,ltc,134486332.01892087,0.0001,1.300397935040242e-09,96
0,[],12,[],2019-03-20 00:48:48,0.0,0,0,6983927,2019-03-20 00:48:48,btc,20.929224055364635,0.0,0,btc,3213605.5364635,6.7132867133e-06,0.0,96
0,[],17,[],2019-03-20 00:48:49,0.0,0,0,6983928,2019-03-20 00:48:49,btc,0.0,0.0,0,btc,0.0,0.0,0.0,96
1,[],4,[],2019-03-20 00:48:50,2547766.8472218,0.00000049,0.000000000019694913,6983929,2019-03-20 00:48:50,btc,5.809080602344583,0.0,0.00000049,btc,3092299.80810693,0.10219639,0.5742751677039577,99
0,[],2,[],2019-01-20 23:23:55,0.0,0,0,6476914,2019-01-20 23:23:55,,0.0,0.0,0,,0.0,0.0,0.0,100
1,[],4,[],2019-03-20 00:48:52,286403.91817482,0.00003512,0.000000001411602744,6983930,2019-03-20 00:48:52,btc,12.280009473330102,0.0,0.00003512,btc,184837.07220722,0.40070459,1.2153714140841367,100
1,[],22,[],2019-03-20 00:49:38,120000.0,0.00000002,0.000000000000803874,6983931,2019-03-20 00:49:38,BTC,24.82891609,0.0,0.00000002,BTC,11877.22,0.0,0.0014,101
1,[],4,[],2019-03-20 00:49:39,1269984.37558139,0.00000090,0.00000000003617433,6983932,2019-03-20 00:49:39,btc,292.5632271670691,0.0,0.00000090,btc,561095.57307078,0.00467829,0.2210878928321633,103
1,[],12,[],2019-03-20 00:49:42,34731332.0,0.000000007,0.0000000000002813559,6983933,2019-03-20 00:49:42,btc,3219028.829927622,0.0,0.000000007,btc,68703383.03810906,0.01413701328571432,0.057686957000000004,105
0,[],27,[],2019-03-20 00:49:51,0.0,0,0,6983934,2019-03-20 00:49:51,,36.610186235370406,207322.0,0,btc,1432769.78561724,0.00207322,0.0,105
1,[],22,[],2019-03-19 23:47:42,9328.0,0.00000001,0.00000000000040140700000000004,6983741,2019-03-19 23:47:42,BTC,51.10837004,0.0,0.00000001,BTC,470435.0,0.0,9.328e-05,107
1,[],26,[],2019-03-19 23:47:42,0.0,0.00000000,0,6983742,2019-03-19 23:47:42,btc,0.0,0.0,0.00000000,btc,0.0,0.0,0.0,107
1,[],5,[],2019-03-19 23:47:45,0.0,0,0,6983743,2019-03-19 23:47:45,btc,0.0,0.00504736,0,btc,0.0,0.0,0.0,112
0,[],22,[],2019-03-19 23:47:56,0.0,0,0,6983744,2019-03-19 23:47:56,,2.7812366,0.0,0,,926409.0833333334,0.0,0.0,112
0.0000000003449278,[],27,[],2019-03-19 23:48:08,2000.0,3.449278e-18,1.3845643341460002e-22,6983745,2019-03-19 23:48:08,eth,1.24996908,0.0,0.00000001,"btc,eth",1289.0,0.0,6.8985560000000005e-15,112
1,[],4,[],2019-03-19 23:48:09,817747.845414,0.00000192,0.000000000077070144,6983746,2019-03-19 23:48:09,btc,4.032893979739183,0.0,0.00000192,btc,410790.0302327,0.1194976,0.8433576708408741,113
1,[],5,[],2019-03-19 23:48:11,0.0,0,0,6983747,2019-03-19 23:48:11,btc,0.0,0.00118915,0,btc,0.0,0.0,0.0,113
1,[],17,[],2019-03-19 23:48:14,152738.278,0.00000004,0.0000000000016056280000000002,6983748,2019-03-19 23:48:14,btc,1.3368030274781062,0.0,0.00000004,btc,51896.221,0.0,0.0022095311199999998,116
0,[],27,[],2019-03-19 23:48:23,0.0,0,0,6983749,2019-03-19 23:48:23,,0.0,0.0,0,btc,0.0,0.0,0.0,116
1,[],4,[],2019-03-19 23:48:24,59366.80849795,0.00004303,0.0000000017272543210000002,6983750,2019-03-19 23:48:24,btc,184.68184808654271,0.0,0.00004303,btc,57750.51984803,0.69546073,1.0856828479378038,120
1,[],7,[],2019-03-19 23:48:26,23151.93358073,0.000031010000000000002948370714239700873804395087063312530517578125,0.0000000012447631070000001,6983751,2019-03-19 23:48:26,btc,115651.27471742828,0.0,0.000031010000000000002948370714239700873804395087063312530517578125,btc,27816.70457454,0.0,0.0579023858940586,120
1,[],20,[],2019-03-19 23:48:29,1562430.1285,0.000000034,0.0000000000013647838000000001,6983752,2019-03-19 23:48:29,btc,32.3019190406648,9355.159,0.000000034,btc,1028084.0986,0.000318075406,0.0118051535596,125
1,[],22,[],2019-03-19 23:48:54,3053.0,0.00000001,0.00000000000040140700000000004,6983753,2019-03-19 23:48:54,BTC,0.01444887,0.0,0.00000001,BTC,296263.5111111111,0.0,3.053e-05,126
1,[],4,[],2019-03-19 23:48:55,1326652.70172796,0.00001082,0.00000000043432237400000004,6983754,2019-03-19 23:48:55,btc,2.991754639304683,0.0,0.00001082,btc,125170.12426983,0.22744063,0.3133657995736522,131
0,[],17,[],2019-03-19 23:49:07,0.0,0,0,6983755,2019-03-19 23:49:07,btc,0.0953976503951408,0.0,0,btc,5037.62507334,0.0,0.0,131
0,[],2,[],2019-01-20 23:25:46,0.0,0,0,6476969,2019-01-20 23:25:46,,0.0,0.0,0,,0.0,0.0,0.0,131
1,[],4,[],2019-03-19 23:49:08,4833.42631807,0.00010299,0.0000000041340906930000006,6983756,2019-03-19 23:49:08,btc,7.858310533511247,0.0,0.00010299,btc,268.02019984,0.01503913,0.01888861910123,135
1,[],3,[],2019-03-07 00:20:44,877702.73244099,0.00000004,0.00000000000154846,6863392,2019-03-07 00:20:44,btc,0.119366241821405,0.0,0.00000004,btc,760637.99421222,0.0,0.023771231960604298,136
1,[],4,[],2019-03-19 23:49:09,265222.15413845,0.00000129,0.000000000051781503,6983757,2019-03-19 23:49:09,btc,38.74715651539657,0.0,0.00000129,btc,572361.50103686,0.7909845,0.067007238213472,137
1,[],12,[],2019-03-19 23:49:11,151539.47203716,0.000001260000000000000006510091944689211373997750342823565006256103515625,0.000000000050577282,6983758,2019-03-19 23:49:11,btc,37.49796907942003,0.0,0.000001260000000000000006510091944689211373997750342823565006256103515625,btc,4278.92795149,0.0054278525691362,0.0116579914311412,137
1,[],4,[],2019-03-19 23:49:11,42002.9752221,0.00003232,0.0000000012973474240000001,6983759,2019-03-19 23:49:11,btc,29.136997778660177,0.0,0.00003232,btc,57341.48891714,1.23247144,0.3266546995136952,142
1,[],5,[],2019-03-19 23:49:13,0.0,0,0,6983760,2019-03-19 23:49:13,btc,0.0,0.01300778,0,btc,0.0,0.0,0.0,142
1,[],20,[],2019-03-19 23:49:25,141975.1014,0.000036001,0.0000000014451053407,6983761,2019-03-19 23:49:25,btc,0.3357914473812,3.1126,0.000036001,btc,2239.1774,0.0001149636929,0.312251788627,142
1,[],22,[],2019-03-19 23:50:06,1470.2803921568627,0.00001020,0.00000000040943514000000005,6983762,2019-03-19 23:50:06,BTC,3.0054103,0.0,0.00001020,BTC,910.5995,0.0,0.00121106,142
0.0,[],25,[],2019-03-19 23:50:07,0.0,0,0,6983763,2019-03-19 23:50:07,,0.0,0.0,0.0,btc,0.0,0.0,0.0,142
1,[],28,[],2019-03-19 23:50:21,82320.0,0.00001450,0.00000000058204015,6983764,2019-03-19 23:50:21,btc,0.0725844444,47.0,0.00001450,btc,479.55993,0.0,0.0718054,142
1,[],17,[],2019-03-19 22:52:35,22967.386363640002,0.00000088,0.000000000035293896,6983565,2019-03-19 22:52:35,btc,20.06991335270358,0.0,0.00000088,btc,2746.079105,0.0,0.0104613000000032,142
0,[],22,[],2019-03-19 23:50:50,0.0,0,0,6983765,2019-03-19 23:50:50,,65.73454167,0.0,0,,1043215670.8,0.0,0.0,143
0,[],22,[],2019-02-25 15:42:22,0.0,0,0,6783783,2019-02-25 15:42:22,,4.2131946,0.0,0,,2322156.0,0.0,0.0,146
,[],22,[],2018-11-20 23:01:11,0.0,0,0,4862114,2018-11-20 23:01:11,,2.56807021,0.0,,,61828.4988236,0.0,0.0,147
1,[],12,[],2019-03-19 23:50:52,356816.77738893,0.00000216000000000000007166251099477438657459060777910053730010986328125,0.000000000086703912,6983766,2019-03-19 23:50:52,btc,9.689544574460932,0.0,0.00000216000000000000007166251099477438657459060777910053730010986328125,btc,107766.52426484,0.0,0.17334991568509028,148
1,[],4,[],2019-03-19 21:31:25,255810.0415942,0.00000029,0.000000000011615747,6982695,2019-03-19 21:31:25,btc,218.94922712414143,0.0,0.00000029,btc,793529.37642722,0.00117,0.0608347789473395,152
0,[],22,[],2019-03-19 21:31:27,0.0,0,0,6982696,2019-03-19 21:31:27,,0.0,0.0,0,,0.0,0.0,0.0,152
1,[],5,[],2019-03-19 23:50:54,0.0,0,0,6983767,2019-03-19 23:50:54,btc,0.0,0.0,0,btc,0.0,0.0,0.0,153
,[],16,[],2019-01-11 15:38:59,0.0,0,0,6366141,2019-01-11 15:38:59,btc,0.0,0.0,,btc,0.0,0.0,0.0,155
0,[],22,[],2019-03-19 23:51:02,0.0,0,0,6983768,2019-03-19 23:51:02,,6.74640151,0.0,0,,4675792.242592593,0.0,0.0,156
0,[],23,[],2019-01-20 23:24:29,0.0,0,0,6476932,2019-01-20 23:24:29,,0.0,0.0,0,,0.0,0.0,0.0,156
1,[],22,[],2019-03-19 23:51:26,7073.8,0.00005300,0.0000000021274571000000003,6983769,2019-03-19 23:51:26,BTC,1.79802465,0.0,0.00005300,BTC,802.6461988741639,0.0,0.00104336,157
0,[],22,[],2019-03-19 23:51:53,0.0,0,0,6983770,2019-03-19 23:51:53,,50175.67608608,0.0,0,,54079135.04179466,0.0,0.0,158
,[],17,[],2018-11-20 22:56:10,0.0,0,0,4861976,2018-11-20 22:56:10,btc,1.1265625,0.0,,btc,1000.0,0.0,0.0,159
,[],20,[],2018-11-20 22:56:12,0.0,0,0,4861977,2018-11-20 22:56:12,btc,11912.7940471,0.0,,btc,34413894.3617,0.0,0.0,159
1,[],12,[],2019-03-19 23:51:54,247184.96904103,0.0000072899999999999996595258233700320715797715820372104644775390625,0.000000000292625703,6983771,2019-03-19 23:51:54,btc,12.665430327467583,0.0,0.0000072899999999999996595258233700320715797715820372104644775390625,btc,7661.97835814,0.0049519675534581,0.1172380277320868,168
1,[],17,[],2019-03-19 22:54:47,29784.95,0.000001,0.0000000000401067,6983576,2019-03-19 22:54:47,btc,0.03026736251542,0.0,0.000001,btc,144.46171372,0.0,0.00716147,168
0,[],22,[],2019-03-19 23:52:34,0.0,0,0,6983772,2019-03-19 23:52:34,,45.65709131,0.0,0,,516897.19471078104,0.0,0.0,169
1,[],22,[],2019-03-19 23:52:53,216521.0,0.00000003,0.000000000001204221,6983773,2019-03-19 23:52:53,BTC,14.35315165,0.0,0.00000003,BTC,171077.10365968585,0.0,0.00260443,171
1,[],22,[],2019-03-19 23:53:37,224124.0,0.0000001,0.0000000000040140700000000005,6983774,2019-03-19 23:53:37,BTC,1.95521952,0.0,0.0000001,"BTC,LTC",310535.0518402154,2.36e-05,0.01094106,173
1,[],5,[],2019-03-19 23:53:39,0.0,0,0,6983775,2019-03-19 23:53:39,btc,0.0,0.0001514,0,btc,0.0,0.0,0.0,175
1,[],22,[],2019-03-19 23:54:03,130186.74545454545,0.00000011,0.000000000004415477,6983776,2019-03-19 23:54:03,BTC,0.6265795,0.0,0.00000011,BTC,151921.20308941446,0.00032962,0.01107594,176
1,[],7,[],2019-03-19 23:54:05,0.0,0,0,6983777,2019-03-19 23:54:05,btc,410194.1220707422,5165332.30602,0,btc,44211081.97027345,0.05187134,0.0,178
0,[],22,[],2019-03-19 23:54:26,0.0,0,0,6983778,2019-03-19 23:54:26,,1.00242438,0.0,0,,57522.0,0.0,0.0,178
0,[],2,[],2019-01-20 23:28:34,0.0,0,0,6477001,2019-01-20 23:28:34,,0.0,0.0,0,,0.0,0.0,0.0,178
1,[],5,[],2019-03-19 23:54:27,0.0,0,0,6983779,2019-03-19 23:54:27,btc,0.0,0.05451526,0,btc,0.0,0.0,0.0,179
1,[],22,[],2019-03-19 23:54:33,3505928.0,0.00000001,0.00000000000040140700000000004,6983780,2019-03-19 23:54:33,BTC,5.64119724,0.0,0.00000001,BTC,17665669.489868753,0.00281251,0.03505928,179
0,[],23,[],2019-01-20 23:25:08,0.0,0,0,6476952,2019-01-20 23:25:08,,0.0,0.0,0,,0.0,0.0,0.0,179
1,[],17,[],2019-03-19 23:54:45,10504.725,0.0000001,0.00000000000401407,6983781,2019-03-19 23:54:45,btc,5.2010695838170005,0.0,0.0000001,btc,4994.45945,0.0,0.0010504725,180
1,[],22,[],2019-03-19 23:55:41,665504.7090909091,0.00000160,0.00000000006422512000000001,6983782,2019-03-19 23:55:41,BTC,38.00996914,0.0,0.00000160,"BTC,LTC",109245.09613087121,0.002556,0.57071238,180
1,[],26,[],2019-03-19 23:55:42,0.0,0.00000125,0.000000000050175875000000005,6983783,2019-03-19 23:55:42,btc,0.0,0.0,0.00000125,btc,0.0,0.0,0.0,180
,[],7,[],2018-11-20 22:58:01,562227.975654,0.00000085,0.000000000036176765,4862015,2018-11-20 22:58:01,btc,21836.6059674,2491.87645172,,btc,749999.041456,0.00211021,0.127565380455,183
,[],5,[],2019-01-10 08:11:41,0.0,0,0,6347036,2019-01-10 08:11:41,btc,82.15055501,0.00261,,btc,1.19002445,0.0,0.0,187
1,[],24,[],2019-03-19 23:55:42,0.0,0.000000000001,4.01407e-17,6983784,2019-03-19 23:55:42,btc,0.0,0.0,0.000000000001,btc,0.0,0.0,0.0,187
,[],17,[],2018-11-16 20:58:10,4062536.27273,0.00000001,0.000000000000550501,4708775,2018-11-16 20:58:10,btc,3.36492563466,0.195460381006,,"btc,eth",110697919.549,0.0,0.0157628953496,187
1,[],22,[],2019-03-18 18:17:00,13812.0,0.00000001,0.00000000000039819,6968124,2019-03-18 18:17:00,BTC,7.56699454,0.0,0.00000001,BTC,79361.7243344055,0.0,0.00013812,191
0,[],22,[],2019-03-19 23:56:49,0.0,0,0,6983785,2019-03-19 23:56:49,,0.0,0.0,0,,0.0,0.0,0.0,197
0,[],23,[],2019-01-20 23:31:41,0.0,0,0,6477079,2019-01-20 23:31:41,,0.0,0.0,0,,0.0,0.0,0.0,199
0,[],22,[],2019-03-19 23:57:07,0.0,0,0,6983786,2019-03-19 23:57:07,,5.2941966,0.0,0,,24038399.0,0.0,0.0,199
1,[],26,[],2019-03-19 23:57:07,0.0,0.00000000,0,6983787,2019-03-19 23:57:07,btc,0.0,129594.0,0.00000000,btc,0.0,0.0,0.0,199
0,[],2,[],2019-01-20 23:30:49,0.0,0,0,6477059,2019-01-20 23:30:49,,0.0,0.0,0,,0.0,0.0,0.0,201
1,[],4,[],2019-01-25 15:51:35,2084389.58565343,0.00000936,0.000000000333526752,6499557,2019-01-25 15:51:35,btc,2.0092503037378524,0.0,0.00000936,btc,160195.80207885,0.19272417,1.242687955921835,211
1,[],7,[],2019-03-19 23:57:12,4208868.86651095,0.000001069999999999999919816744131662034078544820658862590789794921875,0.000000000042950549,6983788,2019-03-19 23:57:12,btc,15476707.349979177,309800.827093,0.000001069999999999999919816744131662034078544820658862590789794921875,btc,13352705.05562461,0.0,3.367841597870293,212
1,[],5,[],2019-03-19 23:57:14,0.0,0,0,6983789,2019-03-19 23:57:14,btc,0.0,0.04375106,0,btc,0.0,0.0,0.0,213
1,[],24,[],2019-03-19 23:57:14,0.0,0.000000220000,0.000000000008830954,6983790,2019-03-19 23:57:14,btc,0.0,0.0,0.000000220000,btc,0.0,0.0,0.0,213
1,[],26,[],2019-03-19 23:57:15,0.0,0.00000040,0.000000000016056280000000002,6983791,2019-03-19 23:57:15,btc,0.0,0.0,0.00000040,btc,0.0,0.0,0.0,213
1,[],12,[],2019-01-25 02:44:32,207462.42853209,0.000001080000000000000035831255497387193287295303889550268650054931640625,0.000000000038610756000000006,6493050,2019-01-25 02:44:32,btc,85023.03793723314,0.0,0.000001080000000000000035831255497387193287295303889550268650054931640625,btc,43675.73520027,0.000146250909087,0.0348620860622024,213
1,[],22,[],2019-03-19 23:57:47,74456.0,0.00000001,0.00000000000040140700000000004,6983792,2019-03-19 23:57:47,BTC,2.32470803,0.0,0.00000001,BTC,750573.3373982582,0.00025049,0.00074456,216
1,[],27,[],2019-03-19 23:57:59,1233122.0,0.00000003,0.000000000001204221,6983793,2019-03-19 23:57:59,btc,316.9730370247724,0.0,0.00000003,"btc,ltc",239308.924324,0.0,0.033757640000074016,216
1,[],22,[],2019-03-19 23:58:18,210472.0,0.00000170,0.00000000006823919,6983794,2019-03-19 23:58:18,BTC,12543.57755998,0.0,0.00000170,BTC,410066.08593835315,0.1229102,0.20778477,217
1,[],7,[],2019-03-19 23:58:20,0.0,0,0,6983795,2019-03-19 23:58:20,btc,77969.38155952141,1450.0,0,btc,136810478.93791,1.45e-05,0.0,219
0,[],27,[],2019-03-19 23:58:26,0.0,0,0,6983796,2019-03-19 23:58:26,,0.0,0.0,0,,0.0,0.0,0.0,219
0.0000000000000051,[],28,[],2019-03-19 23:58:34,170813849.72,2.55102e-18,1.0239972851400001e-22,6983797,2019-03-19 23:58:34,doge,147882.12182513502,27093.0,0.00050020,"btc,doge",10030448.03261,0.0,1.725253976517327e-11,219
1,[],22,[],2019-03-19 23:58:54,400890.0,0.00000008,0.0000000000032112560000000003,6983798,2019-03-19 23:58:54,BTC,18.12597145,0.0,0.00000008,BTC,100266.74459740352,0.0,0.01882465,221
1,[],24,[],2019-03-19 23:58:55,0.0,0.000000200000,0.000000000008028140000000001,6983799,2019-03-19 23:58:55,btc,0.0,0.0,0.000000200000,btc,0.0,0.0,0.0,221
1,[],20,[],2019-03-19 23:58:57,46750604.2169,0.000000006,0.0000000000002408442,6983800,2019-03-19 23:58:57,btc,506.0561329385528,697342.7063,0.000000006,btc,18473169.4065,0.0087780791392,0.0638884705351,224
0,[],22,[],2019-03-19 23:59:28,0.0,0,0,6983801,2019-03-19 23:59:28,,0.0,0.0,0,,0.0,0.0,0.0,224
1,[],26,[],2019-03-19 23:59:28,0.0,0.00000022,0.000000000008830954,6983802,2019-03-19 23:59:28,btc,0.0,0.0,0.00000022,btc,0.0,0.0,0.0,231
1,[],26,[],2019-03-19 23:59:28,0.0,0.00000005,0.0000000000020070350000000002,6983803,2019-03-19 23:59:28,btc,0.0,0.0,0.00000005,btc,0.0,0.0,0.0,234
0.0000000003449278,[],27,[],2019-03-19 23:59:42,2000.0,3.449278e-18,1.3845643341460002e-22,6983804,2019-03-19 23:59:42,eth,0.01134836604,0.0,0.00000001,"btc,eth",11462.996,0.0,6.8985560000000005e-15,234
1,[],4,[],2019-03-19 23:59:43,974388.70715668,0.00000106,0.000000000042549142,6983805,2019-03-19 23:59:43,btc,4.483986457071242,0.0,0.00000106,btc,1036587.94720632,0.15081194,0.4120822219432804,236
1,[],24,[],2019-03-19 23:59:43,0.0,0.000000500000,0.00000000002007035,6983806,2019-03-19 23:59:43,btc,0.0,0.0,0.000000500000,btc,0.0,0.0,0.0,236
1,[],20,[],2019-03-19 23:59:46,227861768.9568,0.000000035,0.0000000000014049245,6983807,2019-03-19 23:59:46,btc,94.4141966609115,36770105.7375,0.000000035,btc,34236304.7911,1.4124743862981,0.6003696121724,237
0.0000000001480286,[],22,[],2019-03-20 00:00:28,751594.9,2.5164861999999998e-17,1.0101351760834001e-21,6983808,2019-03-20 00:00:28,LTC,1.20370855,0.0,0.00000017,LTC,18673.0,0.0,0.12541949,237
1,[],4,[],2019-03-20 00:00:30,10493236.07224914,0.00000039,0.000000000015654873,6983809,2019-03-20 00:00:30,btc,5.456780715397099,0.0,0.00000039,btc,8105100.44353845,0.22822252,3.009739337450894,238
1,[],5,[],2019-03-20 00:00:33,0.0,0,0,6983810,2019-03-20 00:00:33,btc,0.0,0.04433067,0,btc,0.0,0.0,0.0,238
0,[],22,[],2019-03-12 16:49:32,0.0,0,0,6914458,2019-03-12 16:49:32,,0.40415746,0.0,0,,526736.5639027493,0.0,0.0,249
0.0000000001480286,[],22,[],2019-03-20 00:01:05,48086691.666666664,4.440858e-18,1.7825914872060001e-22,6983811,2019-03-20 00:01:05,LTC,1.01521324,0.0,0.00000003,LTC,19395111.353636365,0.0,1.04160377,252
1,[],28,[],2019-03-20 00:01:15,1849204.661,0.00000071,0.000000000028499897,6983812,2019-03-20 00:01:15,btc,164753.63713776672,174661.11,0.00000071,btc,482030.6352,0.0,0.5588914855,256
1,[],22,[],2019-03-20 00:01:32,1283354.0,0.00000002,0.0000000000008028140000000001,6983813,2019-03-20 00:01:32,BTC,33.99507208,0.0,0.00000002,BTC,742071.2688697886,0.00124648,0.01513354,258
1,[],22,[],2019-03-13 00:07:30,47146.0,0.00000001,0.000000000000387233,6917028,2019-03-13 00:07:30,BTC,2.415167,0.0,0.00000001,BTC,157.0,0.0,0.00047146,259
1,[],5,[],2019-03-20 00:01:34,0.0,0,0,6983814,2019-03-20 00:01:34,btc,0.0,0.32243515,0,btc,0.0,0.0,0.0,264
1,[],20,[],2019-03-20 00:01:36,1271814.847,0.0000017,0.00000000006823919,6983815,2019-03-20 00:01:36,btc,4.7976034810835,4787.7046,0.0000017,btc,98326.1521,0.008957211886,0.024024421614,264
0,[],22,[],2019-03-20 00:01:57,0.0,0,0,6983816,2019-03-20 00:01:57,,8.75641439,0.0,0,,455745.2241309945,0.0,0.0,271
0,[],22,[],2019-03-20 00:02:05,0.0,0,0,6983817,2019-03-20 00:02:05,,111841.37121834,0.0,0,,14248217297.692,0.0,0.0,272
0.0000000000000051,[],28,[],2019-03-20 00:02:10,197006973790.671,3.672e-21,1.473966504e-25,6983818,2019-03-20 00:02:10,doge,146101320.22593078,4404825151.6358,0.00000072,doge,247926254244.0246,0.0,4.869565237380784e-10,272
0.0000000001480286,[],22,[],2019-03-20 00:04:21,189445.74,0.000000000000013322573999999999,5.347774461618e-19,6983819,2019-03-20 00:04:21,LTC,276.1961879,0.0,0.00009000,LTC,193137.27372169192,0.0,0.04811946,281
0,[],22,[],2019-03-20 00:06:47,312724.0,0,0,6983820,2019-03-20 00:06:47,,1.32520791,0.0,0,,429674.9105343139,0.0,0.00990918,286
0,[],22,[],2019-03-20 00:07:07,0.0,0,0,6983821,2019-03-20 00:07:07,,1044639.47241442,0.0,0,,766976285.0,0.0,0.0,294
