pairValue,buyBook,exchangeId,sellBook,updated,buyTotal,satoshiPrice,usdPrice,exchangeLogId,created,bestPair,sellTotalBtc,volume,pairPrice,activePairs,sellTotal,volumeBtc,buyTotalBtc,coinId
0,[],2,[],2019-01-20 23:28:45,0.0,0,0,6477011,2019-01-20 23:28:45,,0.0,0.0,0,,0.0,0.0,0.0,1
1,[],3,[],2019-03-02 10:19:24,30533.68091603806,0.012489830000000000376214615016579045914113521575927734375,0.000000475236782517,6826454,2019-03-02 10:19:24,btc,61.0836742071184,0.0,0.012489830000000000376214615016579045914113521575927734375,btc,23.144387976169003,0.0,0.22710159730620755,1
1,[],4,[],2019-03-02 10:19:25,208065.70931835,0.01260000,0.00000047942874,6826455,2019-03-02 10:19:25,btc,9.322669231143621,0.0,0.01260000,btc,271.65123561,0.94458574,3.1063531001483518,1
1,[],5,[],2019-03-02 10:19:29,0.0,0,0,6826456,2019-03-02 10:19:29,btc,0.0,0.05881348,0,btc,0.0,0.0,0.0,1
1,[],10,[],2019-03-02 10:19:32,414733.48531089,0.01055,0.000000401426445,6826457,2019-03-02 10:19:32,btc,6523.074533350172,1296.53324268,0.01055,btc,1177.55937533,0.0,6.100967390769258,1
1,[],12,[],2019-03-02 10:19:35,10499.27637819,0.01252999999999999947153384027842548675835132598876953125,0.00000047676524699999996,6826458,2019-03-02 10:19:35,btc,0.5138901158294,0.0,0.01252999999999999947153384027842548675835132598876953125,btc,31.52308952,0.1213809447265,0.4525382610823,1
1,[],20,[],2019-03-02 10:19:38,1151.0583,0.010500212,0.0000003995320165788,6826459,2019-03-02 10:19:38,btc,0.0662082325693,0.42,0.010500212,btc,3.0133,0.0046891326164,0.0899620500051,1
1,[],21,[],2019-03-02 10:19:39,2024.74867567,0.01253208999999999920249571517,0.000000476844771291,6826460,2019-03-02 10:19:39,btc,19.36678282321967,1554.0995828,0.0125320899999999992024957151670605526305735111236572265625,"btc,eth",2234.35244901,19.26746785291222,18.285100448316197,1
1,[],22,[],2019-03-02 10:19:44,0.006382215384615385,0.01300000,0.0000004946486999999999,6826461,2019-03-02 10:19:44,BTC,0.31439419,0.0,0.01300000,BTC,0.12751438772928525,0.0,7.978e-05,1
1,[],24,[],2019-03-02 10:19:44,0.0,0.000000000000,0,6826462,2019-03-02 10:19:44,btc,0.0,0.0,0.000000000000,btc,0.0,0.0,0.0,1
0.0,[],25,[],2019-03-02 10:19:45,0.0,0,0,6826463,2019-03-02 10:19:45,btc,14.818699998505481,400.23547375,0.0,btc,1145.124776,5.0671,0.0,1
1,[],26,[],2019-03-02 10:19:46,0.0,0,0,6826464,2019-03-02 10:19:46,,0.0,0.0,0,,0.0,0.0,0.0,1
1,[],28,[],2019-03-02 10:19:48,993.142,0.01323000,0.000000503400177,6826465,2019-03-02 10:19:48,btc,0.162839806,18874.25,0.01323000,btc,8.9,0.0,0.089302756,1
1,[],5,[],2019-03-02 10:19:49,0.0,0,0,6826466,2019-03-02 10:19:49,btc,0.0,0.00949387,0,btc,0.0,0.0,0.0,2
0,[],22,[],2019-03-02 10:19:52,0.0,0,0,6826467,2019-03-02 10:19:52,,0.0,0.0,0,,0.0,0.0,0.0,2
1,[],5,[],2019-03-02 10:19:55,0.0,0,0,6826468,2019-03-02 10:19:55,btc,0.0,1.10152127,0,btc,0.0,0.0,0.0,3
1,[],12,[],2019-03-02 10:19:56,13241239.9997045,0.000000177,0.0000000000067348323,6826469,2019-03-02 10:19:56,btc,924384.5649649731,0.0,0.000000177,btc,8124779.18065583,0.05593374778758024,0.706241697377823,3
0,[],28,[],2019-03-02 10:20:04,0.0,0,0,6826470,2019-03-02 10:20:04,,0.0,0.0,0,,0.0,0.0,0.0,3
0,[],2,[],2019-01-20 23:31:32,0.0,0,0,6477077,2019-01-20 23:31:32,,0.0,0.0,0,,0.0,0.0,0.0,4
1,[],4,[],2019-03-02 10:20:06,378418.74262061,0.00000033,0.000000000012556466999999999,6826471,2019-03-02 10:20:06,btc,31.987340114656288,0.0,0.00000033,btc,711488.43491406,0.0,0.0483507895458884,4
1,[],12,[],2019-03-02 09:20:16,1367060.18866667,0.00000003,0.0000000000011427809999999999,6826274,2019-03-02 09:20:16,btc,11013925.612257794,0.0,0.00000003,btc,1143872.32371984,0.004077703996004,0.0205238404400001,5
0,[],2,[],2019-01-20 23:31:51,0.0,0,0,6477087,2019-01-20 23:31:51,,0.0,0.0,0,,0.0,0.0,0.0,6
1,[],11,[],2019-03-02 10:20:08,4961818.5,0.00000002,0.0000000000007609979999999999,6826472,2019-03-02 10:20:08,btc,9568.044664252815,482490.0,0.00000002,btc,41579250.07452957,0.0,0.066711205,6
1,[],3,[],2019-03-02 10:20:08,1078.296102889327,0.0001510899999999999916699966462374504772014915943145751953125,0.000000005748959391,6826473,2019-03-02 10:20:08,btc,28.402034233092024,0.0,0.0001510899999999999916699966462374504772014915943145751953125,btc,243.122414578101,0.0,0.032847457816655636,7
1,[],4,[],2019-03-02 10:20:10,91339.43380122,0.00021319,0.000000008111858181,6826474,2019-03-02 10:20:10,btc,9.178905122240376,0.0,0.00021319,btc,31042.93959257,6.52584261,4.749572781944242,7
1,[],5,[],2019-03-02 10:20:12,0.0,0,0,6826475,2019-03-02 10:20:12,btc,0.0,2.19536846,0,btc,0.0,0.0,0.0,7
1,[],20,[],2019-02-20 02:16:17,39399275.8418,0.000000001,0.0000000000000390183,6728586,2019-02-20 02:16:17,btc,116.9737569154545,525.0,0.000000001,btc,56932965.8895,5.25e-07,0.0393992758418,8
0,[],2,[],2019-01-20 23:22:42,0.0,0,0,6476876,2019-01-20 23:22:42,,0.0,0.0,0,,0.0,0.0,0.0,9
0,[],23,[],2019-01-20 23:22:48,0.0,0,0,6476878,2019-01-20 23:22:48,,0.0,0.0,0,,0.0,0.0,0.0,9
1,[],1,[],2019-02-17 23:31:42,1822507.21,0.00000181000000000000003456111265232042484285557293333113193511962890625,0.000000000066086901,6701244,2019-02-17 23:31:42,btc,3.6990969245,17153386.5,0.00000181000000000000003456111265232042484285557293333113193511962890625,btc,1997391.71,31.11772986,3.2610482446,9
1,[],4,[],2019-03-02 10:20:16,1865985.12578363,0.00000165,0.000000000062782335,6826476,2019-03-02 10:20:16,btc,7.01951633533556,0.0,0.00000165,btc,3078309.39752812,1.51489771,0.5094373147630121,9
1,[],28,[],2019-03-02 10:20:17,47504.0,0.00000166,0.000000000063162834,6826477,2019-03-02 10:20:17,btc,2708.763406715895,3571680.0,0.00000166,btc,12476.4655,0.0,0.05012664,9
1,[],4,[],2019-02-17 11:22:43,4341674.27126056,0.00000002,0.0000000000007272960000000001,6696112,2019-02-17 11:22:43,btc,0.1997230937751353,0.0,0.00000002,btc,4109766.79808031,0.00215132,0.0479381022052112,10
0,[],2,[],2019-01-20 23:23:08,0.0,0,0,6476890,2019-01-20 23:23:08,,0.0,0.0,0,,0.0,0.0,0.0,12
1,[],4,[],2019-03-02 10:20:19,4845919.76995011,0.00000117,0.000000000044518382999999996,6826478,2019-03-02 10:20:19,btc,9.998008502323295,0.0,0.00000117,btc,5466046.31204875,0.88177254,1.983888492160863,12
1,[],5,[],2019-03-02 10:20:21,0.0,0,0,6826479,2019-03-02 10:20:21,btc,0.0,0.23749462,0,btc,0.0,0.0,0.0,12
0.0,[],25,[],2019-03-02 10:20:22,0.0,0,0,6826480,2019-03-02 10:20:22,,0.0,0.0,0.0,btc,0.0,0.0,0.0,12
1,[],4,[],2019-03-02 10:20:23,31913658.38534205,0.00000570,0.00000000021688443,6826481,2019-03-02 10:20:23,btc,3.06330415596556,0.0,0.00000570,btc,423162.23694026,0.36813967,0.6075876825014773,13
1,[],10,[],2019-03-02 10:20:25,397590.71554373,0.00000543,0.00000000020661095699999998,6826482,2019-03-02 10:20:25,btc,666802.6149442001,8742.35671606,0.00000543,btc,744733.38703486,0.0,0.2402857557579444,13
1,[],21,[],2019-03-02 10:20:26,908767.28874083,0.000005710000000000000387474340807,0.000000000217264929,6826483,2019-03-02 10:20:26,btc,5.785299710950875,452345.50119912,0.0000057100000000000003874743408072145456344514968805015087127685546875,btc,909053.63787812,2.60912541,4.826665190856919,13
1,[],4,[],2019-03-02 09:20:40,728616.30329976,0.00000157,0.000000000059805539,6826286,2019-03-02 09:20:40,btc,262.21043831478295,0.0,0.00000157,btc,872123.04223447,0.05886128,0.1872646387016195,14
1,[],12,[],2019-03-02 09:20:42,218038.5194367,0.000001349999999999999991849510168340220417348973569460213184356689453125,0.000000000051425145,6826287,2019-03-02 09:20:42,btc,5.290506197772528,0.0,0.000001349999999999999991849510168340220417348973569460213184356689453125,btc,31128.09057434,0.0022269832798528,0.027993769999875,14
0,[],17,[],2019-03-02 09:20:44,0.0,0,0,6826288,2019-03-02 09:20:44,btc,0.0,0.0,0,btc,0.0,0.0,0.0,14
1,[],26,[],2019-03-02 09:20:44,0.0,0.00000050,0.00000000001904635,6826289,2019-03-02 09:20:44,btc,0.0,0.0,0.00000050,btc,0.0,0.0,0.0,14
,[],12,[],2018-12-01 15:15:48,204241.84496,0.00000489,0.000000000202473384,5260204,2018-12-01 15:15:48,btc,49.5475654835,0.0,,btc,35763.2193806,0.0163153972027625,0.0203389899998,15
0,[],4,[],2019-03-02 10:22:26,0.0,0,0,6826484,2019-03-02 10:22:26,,0.0,0.0,0,,0.0,0.0,0.0,15
1,[],10,[],2019-03-02 09:20:50,786097.17279616,0.0000179,0.0000000006818593300000001,6826292,2019-03-02 09:20:50,btc,25.799242203439256,15246.8938616,0.0000179,btc,14388.43017094,0.0,0.1890663540576029,18
1,[],12,[],2019-03-02 09:20:51,193057.71341974,0.0000174999999999999984669381281054967303134617395699024200439453125,0.0000000006666222499999999,6826293,2019-03-02 09:20:51,btc,23.630438553724794,0.0,0.0000174999999999999984669381281054967303134617395699024200439453125,btc,1864.07352308,2.275e-06,0.0318914852713793,18
0,[],17,[],2019-03-02 09:20:53,0.0,0,0,6826294,2019-03-02 09:20:53,btc,0.0,0.0,0,btc,0.0,0.0,0.0,18
0,[],2,[],2019-01-20 23:23:38,0.0,0,0,6476906,2019-01-20 23:23:38,,0.0,0.0,0,,0.0,0.0,0.0,18
1,[],4,[],2019-03-02 10:22:30,26058.6548859,0.00001797,0.0000000006837567029999999,6826485,2019-03-02 10:22:30,btc,1.3477194665197558,0.0,0.00001797,btc,15283.43064344,0.03511708,0.0849966998718742,18
1,[],3,[],2019-03-02 09:20:54,118506.64575060255,0.0000200099999999999998462514583241755872222711332142353057861328125,0.000000000762234927,6826295,2019-03-02 09:20:54,btc,0.5053401800644072,3010.86985,0.0000200099999999999998462514583241755872222711332142353057861328125,btc,7948.096912413742,0.0,0.03372559709398505,19
1,[],4,[],2019-03-02 09:20:56,413619.70090854,0.00002017,0.000000000768329759,6826296,2019-03-02 09:20:56,btc,1.920586086170342,0.0,0.00002017,btc,64868.68846274,0.38809034,2.3248490595359934,19
1,[],5,[],2019-03-02 09:20:57,0.0,0,0,6826297,2019-03-02 09:20:57,btc,0.0,0.00113663,0,btc,0.0,0.0,0.0,19
1,[],12,[],2019-03-02 09:20:58,134039.9352518,0.00001821000000000000013946309385115540635524666868150234222412109375,0.000000000693668067,6826298,2019-03-02 09:20:58,btc,6.898757869043748,0.0,0.00001821000000000000013946309385115540635524666868150234222412109375,btc,467.19317902,0.00097764,0.108141670000016,19
0,[],27,[],2019-03-02 09:21:00,0.0,0,0,6826299,2019-03-02 09:21:00,,0.0,0.0,0,btc,0.0,0.0,0.0,19
0,[],2,[],2019-01-20 23:24:19,0.0,0,0,6476924,2019-01-20 23:24:19,,0.0,0.0,0,,0.0,0.0,0.0,19
1,[],4,[],2019-03-02 09:21:01,2800098.06930745,0.00000013,0.000000000004952051,6826300,2019-03-02 09:21:01,btc,7.378502889194436,0.0,0.00000013,btc,2855585.3982639,0.00194537,0.0790856264754801,20
0,[],17,[],2019-03-02 08:20:51,0.0,0,0,6825996,2019-03-02 08:20:51,btc,0.0,0.0,0,btc,0.0,0.0,0.0,21
1,[],4,[],2019-03-02 09:21:01,104030987.13737024,0.00000002,0.000000000000761854,6826301,2019-03-02 09:21:01,btc,1807.0446274209746,0.0,0.00000002,btc,55481842.86506001,0.000102,1.1683601866280453,21
1,[],12,[],2019-03-02 09:21:03,18207001.0,0.00000002,0.000000000000761854,6826302,2019-03-02 09:21:03,btc,670.8733402334847,0.0,0.00000002,btc,8127598.32857329,3e-05,0.23638026,21
1,[],12,[],2019-03-02 09:21:07,3020667467.531895,0.0000000002,0.000000000000007618540000000001,6826303,2019-03-02 09:21:07,btc,875865845044.3081,0.0,0.0000000002,btc,4946506723.705733,0.016388509840559444,0.31040577275318953,23
0.0000000003484631,[],27,[],2019-03-02 09:21:09,5780.0,3.484631e-18,1.327390032937e-22,6826304,2019-03-02 09:21:09,eth,13.542982656593411,610.0,0.00000001,eth,2165487.85514486,2.12562491e-15,2.0141167179999998e-14,23
1,[],4,[],2019-03-02 09:21:10,440277.53219794,0.00000050,0.00000000001904635,6826305,2019-03-02 09:21:10,btc,8.713842980834686,0.0,0.00000050,btc,1523521.22818909,0.00061717,0.1395570823067407,24
1,[],22,[],2019-03-02 09:21:14,11.76,0.00000100,0.0000000000380927,6826306,2019-03-02 09:21:14,BTC,7.415e-05,0.0,0.00000100,BTC,23.919354838709676,0.0,1.176e-05,24
0.0,[],25,[],2019-03-02 09:21:15,0.0,0,0,6826307,2019-03-02 09:21:15,,0.0,0.0,0.0,btc,0.0,0.0,0.0,24
1,[],4,[],2019-03-02 09:21:16,26578064.98088964,0.00000687,0.000000000261696849,6826308,2019-03-02 09:21:16,btc,166.78686161685619,0.0,0.00000687,btc,237187.03020713,0.10675974,0.4372076884471622,26
1,[],10,[],2019-03-02 09:21:18,689012.21335527,0.00000603,0.000000000229698981,6826309,2019-03-02 09:21:18,btc,26.125951425485606,3838.08190103,0.00000603,btc,14054.67408507,0.0,0.2284011632878983,26
0,[],2,[],2019-01-20 23:25:56,0.0,0,0,6476976,2019-01-20 23:25:56,,0.0,0.0,0,,0.0,0.0,0.0,26
1,[],3,[],2019-03-02 09:21:19,5529569.78933568,0.00000001,0.000000000000380927,6826310,2019-03-02 09:21:19,btc,2.105204350837623,19030.781,0.00000001,btc,17599728.13629621,0.0,0.0552956978933568,27
1,[],5,[],2019-03-02 09:21:21,0.0,0,0,6826311,2019-03-02 09:21:21,btc,0.0,2.731e-05,0,btc,0.0,0.0,0.0,27
1,[],11,[],2019-03-02 09:21:23,9470054.891515061,0.00000005,0.0000000000019046349999999998,6826312,2019-03-02 09:21:23,btc,67506.38088715188,21889.311987,0.00000005,btc,7980367.26084264,0.0,0.4414030388653851,27
1,[],4,[],2019-03-02 09:21:25,1522956617.672956,0.00000002,0.000000000000761854,6826313,2019-03-02 09:21:25,btc,2.8130431539976724,0.0,0.00000002,"btc,ltc",211394381.13275754,0.25397566,12.253999860163942,29
1,[],7,[],2019-03-02 09:21:26,35803322.2229483,0.00000002,0.000000000000761854,6826314,2019-03-02 09:21:26,btc,44462590.596701376,3597020.1197,0.00000002,btc,43920092.04673502,0.10764673,0.3615847609592529,29
1,[],4,[],2019-03-02 09:21:27,2196204.69875094,0.00000026,0.000000000009904102,6826315,2019-03-02 09:21:27,btc,2.34042252214881,0.0,0.00000026,btc,1566365.86644275,0.00013404,0.0942565325970632,30
0,[],17,[],2019-03-02 09:21:28,0.0,0,0,6826316,2019-03-02 09:21:28,btc,0.0,0.0,0,btc,0.0,0.0,0.0,30
1,[],4,[],2019-03-02 09:21:29,170427.49508229,0.00004820,0.00000000183606814,6826317,2019-03-02 09:21:29,btc,5.977827181427483,0.0,0.00004820,btc,72646.12430895,1.62012488,1.2644951902062376,31
1,[],21,[],2019-03-02 09:21:30,96391.09166958,0.00004780000000000000313091566562,0.0000000018208310600000002,6826318,2019-03-02 09:21:30,btc,3.2675386421120294,83779.81217816,0.0000478000000000000031309156656167402843493619002401828765869140625,btc,59470.00420872,4.04221885,3.052819458211307,31
0,[],2,[],2019-01-20 23:28:43,0.0,0,0,6477009,2019-01-20 23:28:43,,0.0,0.0,0,,0.0,0.0,0.0,32
1,[],4,[],2019-03-02 09:21:32,382612709.2960807,0.00000004,0.000000000001523708,6826319,2019-03-02 09:21:32,btc,11.424654738719756,0.0,0.00000004,"btc,ltc",203048163.0094309,0.41790069,8.537412133031447,33
1,[],12,[],2019-03-02 09:21:33,17331346.0,0.00000004,0.000000000001523708,6826320,2019-03-02 09:21:33,btc,35630706.40123139,0.0,0.00000004,btc,90251067.24880984,0.014368360639361,0.56090264,33
1,[],4,[],2019-03-02 09:21:34,117559034.59062757,0.00000001,0.000000000000380927,6826321,2019-03-02 09:21:34,btc,3.667407932397664,0.0,0.00000001,btc,101245559.70179135,0.01295741,1.1755903459062755,34
1,[],5,[],2019-03-02 09:21:35,0.0,0,0,6826322,2019-03-02 09:21:35,btc,0.0,0.01419509,0,btc,0.0,0.0,0.0,34
0.0000000001243926,[],4,[],2019-03-02 09:21:36,1859885240.7929611,2.487852e-18,9.47689998804e-23,6826323,2019-03-02 09:21:36,ltc,5.2867138928911053e-08,0.0,0.00000002,ltc,6942945429.6358795,0.0,2.670676531303731e-09,36
1,[],5,[],2019-03-02 09:21:37,0.0,0,0,6826324,2019-03-02 09:21:37,btc,0.0,0.0,0,btc,0.0,0.0,0.0,36
0.0000000003484631,[],27,[],2019-03-02 09:21:50,1090000.0,3.484631e-18,1.327390032937e-22,6826325,2019-03-02 09:21:50,eth,222.5997971062634,0.0,0.00000001,"ltc,eth",11163566.48751039,0.0,1.47231409e-12,36
0,[],17,[],2019-03-02 08:30:45,0.0,0,0,6826201,2019-03-02 08:30:45,btc,0.07464582808384612,0.0,0,btc,4105386.20243647,0.0,0.0,36
1,[],4,[],2019-03-02 09:21:51,241303.52289775,0.00000067,0.000000000025522109,6826326,2019-03-02 09:21:51,btc,19772.48026755543,0.0,0.00000067,btc,550214.42638178,0.03451529,0.1088649119883234,37
1,[],12,[],2019-03-02 09:21:52,631959.7254172,0.00000062,0.000000000023617474,6826327,2019-03-02 09:21:52,btc,1345.867176934925,0.0,0.00000062,btc,1012414.7942469401,0.0761240401295948,0.2033751235194774,37
1,[],17,[],2019-03-02 09:22:04,1752.74075282,0.00000025,0.000000000009523174999999999,6826328,2019-03-02 09:22:04,btc,0.055484923777095005,0.0,0.00000025,btc,1319.19918473,0.0,0.00043818518820499993,37
1,[],27,[],2019-03-02 09:22:06,14685.567,0.00000045,0.000000000017141715,6826329,2019-03-02 09:22:06,btc,25.82160105111233,0.0,0.00000045,btc,6804.86438508,0.0,0.00480032515,37
1,[],5,[],2019-03-02 09:22:07,0.0,0,0,6826330,2019-03-02 09:22:07,btc,0.0,0.03373335,0,btc,0.0,0.0,0.0,42
1,[],12,[],2019-03-02 09:22:09,253871.36098147,0.00000099,0.000000000037711773,6826331,2019-03-02 09:22:09,btc,94.64634998055588,0.0,0.00000099,btc,98060.7890622,0.0120138345696048,0.0601631055709645,42
0.0000000003484631,[],27,[],2019-03-02 09:22:11,2000.0,3.484631e-18,1.327390032937e-22,6826332,2019-03-02 09:22:11,eth,0.00315028,0.0,0.00000001,"btc,eth",11.007,0.0,6.969262e-15,42
1,[],5,[],2019-03-02 09:22:12,0.0,0,0,6826333,2019-03-02 09:22:12,btc,0.0,0.0002,0,btc,0.0,0.0,0.0,43
1,[],12,[],2019-03-02 09:22:13,1209361.0,0.00000001,0.000000000000380927,6826334,2019-03-02 09:22:13,btc,3569.074552336114,0.0,0.00000001,btc,11768494.65174823,0.0063702297702298,0.01209361,43
0,[],17,[],2019-03-02 07:28:57,0.0,0,0,6825835,2019-03-02 07:28:57,btc,0.0,0.0,0,btc,0.0,0.0,0.0,43
1,[],12,[],2019-03-02 09:22:25,653806.0,0.00000004,0.000000000001523708,6826335,2019-03-02 09:22:25,btc,11116042.727857757,0.0,0.00000004,btc,1102975.40261734,0.00055480995005,0.01555463,44
1,[],4,[],2019-03-02 09:22:26,290660017.11038655,0.00000002,0.000000000000761854,6826336,2019-03-02 09:22:26,btc,473.5886098718738,0.0,0.00000002,"btc,ltc",12232047.63698875,0.00051356,0.1969978707137144,49
0.0000000001243926,[],4,[],2019-03-02 09:22:27,249802086.12350333,1.243926e-18,4.73844999402e-23,6826337,2019-03-02 09:22:27,ltc,25.56813392689595,0.0,0.00000001,ltc,10078598300.79385,0.0,3.1073530978326503e-10,52
0.0000000001239831,[],22,[],2019-03-02 09:22:30,80845862.0,1.239831e-18,4.7228510333699996e-23,6826338,2019-03-02 09:22:30,XMR,4366.96996713,0.0,0.00000001,XMR,255350310.67882353,0.0,0.80845862,57
0.0000000003484631,[],27,[],2019-03-02 09:22:32,2000.0,3.484631e-18,1.327390032937e-22,6826339,2019-03-02 09:22:32,eth,0.0,0.0,0.00000001,"btc,eth",0.0,0.0,6.969262e-15,57
0.0000000001243926,[],4,[],2019-03-02 09:22:33,1145051547.9253895,4.975704e-18,1.895379997608e-22,6826340,2019-03-02 09:22:33,ltc,18.807185502616587,0.0,0.00000004,ltc,3900570703.1800942,0.0,3.326124647881938e-09,58
1,[],12,[],2019-03-02 09:22:35,1671276360.843957,0.0000000004,0.000000000000015237080000000002,6826341,2019-03-02 09:22:35,btc,224005480062.36224,0.0,0.0000000004,btc,3811400255.0203485,0.06290853557346496,0.5436564285011392,58
0.0000000001239831,[],22,[],2019-03-02 09:22:39,137438.0,1.239831e-18,4.7228510333699996e-23,6826342,2019-03-02 09:22:39,XMR,69.8835922,0.0,0.00000001,XMR,9887963.0,0.0,0.00137438,58
0,[],17,[],2019-03-02 08:31:34,0.0,0,0,6826215,2019-03-02 08:31:34,btc,1e+24,0.0,0,btc,49226522.0897055,0.0,0.0,58
1,[],5,[],2019-03-02 09:22:42,0.0,0,0,6826343,2019-03-02 09:22:42,btc,0.0,0.14849551,0,btc,0.0,0.0,0.0,61
1,[],22,[],2019-03-02 09:22:45,13788.5,0.00000012,0.000000000004571124,6826344,2019-03-02 09:22:45,BTC,1002.29597012,0.0,0.00000012,BTC,14947.700278135757,0.0,0.00155365,61
1,[],26,[],2019-03-02 09:22:45,0.0,0.00000800,0.0000000003047416,6826345,2019-03-02 09:22:45,btc,0.0,0.0,0.00000800,btc,0.0,0.0,0.0,61
1,[],27,[],2019-03-02 09:22:48,18037.3571,0.00000046,0.000000000017522642,6826346,2019-03-02 09:22:48,btc,7.76205105961638,0.0,0.00000046,"btc,eth",20757.11257617,0.0,0.007503127488930987,61
1,[],28,[],2019-03-02 09:22:54,13880.304,0.0000005,0.00000000001904635,6826347,2019-03-02 09:22:54,btc,2.056312978300105,764.0,0.0000005,btc,9730.59500005,0.0,0.00566391304,61
1,[],4,[],2019-03-02 09:22:55,1390372.19813749,0.00000280,0.00000000010665956,6826348,2019-03-02 09:22:55,btc,11.24642930940397,0.0,0.00000280,btc,798047.64554259,0.19168965,1.3206303566813142,67
0.0,[],25,[],2019-03-02 09:22:57,0.0,0,0,6826349,2019-03-02 09:22:57,,0.0,0.0,0.0,btc,0.0,0.0,0.0,67
1,[],12,[],2019-03-02 09:22:58,1806715.57200372,0.00000022,0.000000000008380394,6826350,2019-03-02 09:22:58,btc,11115899.05516403,0.0,0.00000022,btc,2199612.43426572,0.0642049390602718,0.0830889564411115,71
,[],5,[],2018-11-20 23:02:39,1.5e-07,0.00000005,0.000000000002128045,4862160,2018-11-20 23:02:39,btc,2.84511358,0.0,,btc,0.00036572,0.0,0.07381892,74
1,[],5,[],2019-03-02 09:22:59,0.0,0,0,6826351,2019-03-02 09:22:59,btc,0.0,0.0,0,btc,0.0,0.0,0.0,75
1,[],4,[],2019-03-02 09:23:01,16197735.251575,0.00000001,0.000000000000380927,6826352,2019-03-02 09:23:01,btc,11388.632703683814,0.0,0.00000001,btc,34464598.85416836,0.0,0.16197735251575,81
0,[],20,[],2019-01-25 09:30:31,0.0,0,0,6495923,2019-01-25 09:30:31,btc,0.0,0.0,0,btc,0.0,0.0,0.0,81
1,[],4,[],2019-03-02 09:23:03,28856.8389935,0.00007250,0.00000000276172075,6826353,2019-03-02 09:23:03,btc,17.751892036981623,0.0,0.00007250,btc,12727.69188659,0.02207171,0.212027534622834,82
1,[],21,[],2019-03-02 09:23:03,291416.25565652,0.00007375000000000000370363462121,0.0000000028093366250000003,6826354,2019-03-02 09:23:03,btc,2.036744690755794,1564.34938585,0.00007375000000000000370363462121048314656945876777172088623046875,btc,22394.06621336,0.11482005,4.408146649912166,82
0,[],17,[],2019-03-02 07:29:56,0.0,0,0,6825854,2019-03-02 07:29:56,btc,0.0447233088476774,0.0,0,btc,999127.19588126,0.0,0.0,84
0.0000000001243926,[],4,[],2019-03-02 09:23:05,121829570.012268,3.7317780000000004e-18,1.4215349982060002e-22,6826355,2019-03-02 09:23:05,ltc,1.7494931163371743,0.0,0.00000003,ltc,405346551.15852517,0.0,2.58173078732768e-10,85
,[],22,[],2018-11-20 23:09:34,3408.1,0.0000001,0.0000000000041895,4862324,2018-11-20 23:09:34,BTC,0.04624735,0.0,,BTC,4990.0,0.0,0.00033081,86
0,[],22,[],2019-02-22 12:52:35,0.0,0,0,6758847,2019-02-22 12:52:35,,2.0760781,0.0,0,,140622.94736842104,0.0,0.0,87
0,[],27,[],2019-02-22 12:52:37,0.0,0,0,6758848,2019-02-22 12:52:37,,0.0,0.0,0,btc,0.0,0.0,0.0,87
,[],2,[],2018-11-20 23:10:47,0.0,0,0,4862359,2018-11-20 23:10:47,,0.0,0.0,,,0.0,0.0,0.0,88
1,[],11,[],2019-03-02 09:23:07,92061.50086312,0.000139679999999999990799304239175171460374258458614349365234375,0.000000005320788336,6826356,2019-03-02 09:23:07,btc,608.6297462164447,94.82145245,0.000139679999999999990799304239175171460374258458614349365234375,btc,96030.85815271,0.0,6.10778986786856,89
0,[],2,[],2019-01-20 23:31:45,0.0,0,0,6477083,2019-01-20 23:31:45,,0.0,0.0,0,,0.0,0.0,0.0,91
1,[],12,[],2019-03-02 09:23:09,500984.25269613,0.00000159000000000000002334070436926793945531244389712810516357421875,0.000000000060567393,6826357,2019-03-02 09:23:09,btc,4.374969810450646,0.0,0.00000159000000000000002334070436926793945531244389712810516357421875,btc,62082.88925501,0.0104804785142309,0.1010554442998615,91
0,[],22,[],2019-03-02 09:23:12,0.0,0,0,6826358,2019-03-02 09:23:12,,3e-06,0.0,0,,1.0,0.0,0.0,91
0,[],17,[],2019-03-02 08:31:57,0.0,0,0,6826225,2019-03-02 08:31:57,btc,0.0,0.0,0,btc,0.0,0.0,0.0,91
0.0000000001243926,[],22,[],2019-03-02 09:23:16,1820000.0,6.2196300000000004e-18,2.36922499701e-22,6826359,2019-03-02 09:23:16,LTC,8.53121199,0.0,0.00000005,LTC,71989912.1,5.0254610400000003e-14,0.091,95
0.0000000001243926,[],4,[],2019-03-02 09:23:17,646641153.8479909,7.7123412e-17,2.9378389962924002e-21,6826360,2019-03-02 09:23:17,ltc,11.88570750246352,0.0,0.00000062,ltc,136844569.36895764,0.0,1.94192327696681e-09,96
1,[],12,[],2019-03-02 09:23:18,821.47400001,0.00000001,0.000000000000380927,6826361,2019-03-02 09:23:18,btc,255079.46687468787,0.0,0.00000001,btc,8740172.94636337,5.21004995e-06,8.214740000100001e-06,96
0,[],17,[],2019-03-02 08:32:09,0.0,0,0,6826230,2019-03-02 08:32:09,btc,0.0,0.0,0,btc,0.0,0.0,0.0,96
1,[],4,[],2019-03-02 09:23:19,1434839.23617377,0.00000028,0.000000000010665956,6826362,2019-03-02 09:23:19,btc,3.312463845677663,0.0,0.00000028,btc,2500952.24403557,0.08385993,0.1203129443503531,99
0,[],2,[],2019-01-20 23:23:55,0.0,0,0,6476914,2019-01-20 23:23:55,,0.0,0.0,0,,0.0,0.0,0.0,100
1,[],4,[],2019-03-02 09:23:20,334174.45842164,0.00004418,0.000000001682935486,6826363,2019-03-02 09:23:20,btc,12.139374188388441,0.0,0.00004418,btc,169443.84319157,1.69196783,2.271033253655515,100
1,[],22,[],2019-03-02 09:23:24,50000.0,0.00000001,0.000000000000380927,6826364,2019-03-02 09:23:24,BTC,23.49896609,0.0,0.00000001,BTC,10277.22,0.0,0.0005,101
1,[],4,[],2019-03-02 09:23:24,486631.52417989,0.00000088,0.000000000033521576,6826365,2019-03-02 09:23:24,btc,256.3041852013438,0.0,0.00000088,btc,494030.13331298,0.00331246,0.2515716523159424,103
1,[],12,[],2019-03-02 09:23:27,66889396.0,0.000000009,0.00000000000034283429999999997,6826366,2019-03-02 09:23:27,btc,137278946.6957571,0.0,0.000000009,btc,126290862.06233488,0.02240600506793247,0.251698551,105
1,[],27,[],2019-03-02 09:23:29,81803.89,0.00000001,0.000000000000380927,6826367,2019-03-02 09:23:29,btc,36.58422120075966,0.0,0.00000001,btc,531915.56793212,0.0,0.0008180389,105
1,[],22,[],2019-03-02 09:23:33,9328.0,0.00000001,0.000000000000380927,6826368,2019-03-02 09:23:33,BTC,51.10837004,0.0,0.00000001,BTC,470435.0,0.0,9.328e-05,107
1,[],26,[],2019-03-02 09:23:33,0.0,0.00000000,0,6826369,2019-03-02 09:23:33,btc,0.0,0.0,0.00000000,btc,0.0,0.0,0.0,107
1,[],5,[],2019-03-02 09:23:35,0.0,0,0,6826370,2019-03-02 09:23:35,btc,0.0,0.10005376,0,btc,0.0,0.0,0.0,112
1,[],22,[],2019-03-02 09:23:38,1966.0,0.00000001,0.000000000000380927,6826371,2019-03-02 09:23:38,BTC,2.81183288,0.0,0.00000001,BTC,808524.0833333334,0.0,1.966e-05,112
0.0000000003484631,[],27,[],2019-03-02 09:23:42,2000.0,3.484631e-18,1.327390032937e-22,6826372,2019-03-02 09:23:42,eth,1.35132491849924,0.0,0.00000001,"btc,eth",1328.641654,0.0,6.969262e-15,112
1,[],4,[],2019-03-02 09:23:43,1012071.15563377,0.00000202,0.00000000007694725400000001,6826373,2019-03-02 09:23:43,btc,7.775617018235156,0.0,0.00000202,btc,333846.98274582,0.14611501,0.7465690692385714,113
1,[],5,[],2019-03-02 09:23:46,0.0,0,0,6826374,2019-03-02 09:23:46,btc,0.0,0.0196357,0,btc,0.0,0.0,0.0,113
1,[],17,[],2019-03-02 06:28:58,152738.278,0.00000004,0.000000000001525696,6825494,2019-03-02 06:28:58,btc,1.33680302678,0.0,0.00000004,btc,50696.221,0.0,0.0022095311199999998,116
0,[],27,[],2019-03-02 09:23:49,0.0,0,0,6826375,2019-03-02 09:23:49,,0.0,0.0,0,btc,0.0,0.0,0.0,116
1,[],4,[],2019-03-02 09:23:50,98929.12557841,0.00002455,0.000000000935175785,6826376,2019-03-02 09:23:50,btc,28.745581031602168,0.0,0.00002455,btc,66943.92714086,0.52128504,1.360446071542727,120
1,[],7,[],2019-03-02 09:23:51,21317.53557108,0.00001760999999999999910782304268774822730847517959773540496826171875,0.000000000670812447,6826377,2019-03-02 09:23:51,btc,115751.20701551794,0.0,0.00001760999999999999910782304268774822730847517959773540496826171875,btc,56294.42255876,0.0,0.0543805652720505,120
1,[],20,[],2019-03-02 09:23:57,1487677.4795,0.000000036,0.0000000000013713372,6826378,2019-03-02 09:23:57,btc,32.2920523299844,994.4514,0.000000036,btc,949779.6857,3.87761046e-05,0.009737521801,125
1,[],22,[],2019-03-02 09:24:01,3053.0,0.00000001,0.000000000000380927,6826379,2019-03-02 09:24:01,BTC,0.01444887,0.0,0.00000001,BTC,296263.5111111111,0.0,3.053e-05,126
1,[],4,[],2019-03-02 09:24:04,155924.41427294,0.00001307,0.000000000497871589,6826380,2019-03-02 09:24:04,btc,6.42721348303189,0.0,0.00001307,btc,122961.60860868,0.26063045,0.4144102745813489,131
0,[],2,[],2019-01-20 23:25:46,0.0,0,0,6476969,2019-01-20 23:25:46,,0.0,0.0,0,,0.0,0.0,0.0,131
0,[],17,[],2019-03-02 07:22:08,0.0,0,0,6825688,2019-03-02 07:22:08,btc,0.0009561751951600001,0.0,0,btc,35.42829368,0.0,0.0,131
1,[],4,[],2019-03-02 09:24:05,4555.79256116,0.00016001,0.000000006095212927,6826381,2019-03-02 09:24:05,btc,1.6201280972730259,0.0,0.00016001,btc,238.12730989,0.0,0.0082138371764831,135
1,[],3,[],2019-03-02 09:24:06,1012209.8877684299,0.00000004,0.000000000001523708,6826382,2019-03-02 09:24:06,btc,0.11451951769984779,0.0,0.00000004,btc,606864.60876711,0.0,0.0325515181737019,136
1,[],4,[],2019-03-02 09:24:08,265056.35680097,0.00000166,0.000000000063233882,6826383,2019-03-02 09:24:08,btc,39.00289945715721,0.0,0.00000166,btc,596759.51517461,0.033333,0.0784388410112293,137
1,[],12,[],2019-03-02 09:24:09,321912.21781371,0.000001659999999999999988409336675043714848243325832299888134002685546875,0.000000000063233882,6826384,2019-03-02 09:24:09,btc,11807.60244634905,0.0,0.000001659999999999999988409336675043714848243325832299888134002685546875,btc,125765.13955294,0.0346896558480659,0.0666341000000017,137
1,[],4,[],2019-03-02 09:24:10,117001.99069473,0.00003866,0.000000001472663782,6826385,2019-03-02 09:24:10,btc,28.60027291547008,0.0,0.00003866,btc,37663.88320516,0.54200339,0.8976112936905346,142
1,[],5,[],2019-03-02 09:24:12,0.0,0,0,6826386,2019-03-02 09:24:12,btc,0.0,0.42490784,0,btc,0.0,0.0,0.0,142
1,[],17,[],2019-03-02 09:24:14,22967.386363640002,0.00000088,0.000000000033521576,6826387,2019-03-02 09:24:14,btc,20.06991335275119,0.0,0.00000088,btc,2746.079105,0.0,0.0104613000000032,142
1,[],20,[],2019-03-02 09:24:15,132676.6027,0.00002512,0.000000000956888624,6826388,2019-03-02 09:24:15,btc,0.3307314702549,3587.3787,0.00002512,btc,1955.529,0.133624090964,0.2168405367482,142
1,[],22,[],2019-03-02 09:24:20,1685.8988921568628,0.00004000,0.000000001523708,6826389,2019-03-02 09:24:20,BTC,3.00385504,0.0,0.00004000,BTC,891.218,0.0,0.00174536,142
0.0,[],25,[],2019-03-02 09:24:21,0.0,0,0,6826390,2019-03-02 09:24:21,,0.0,0.0,0.0,btc,0.0,0.0,0.0,142
1,[],28,[],2019-03-02 09:24:24,76100.0,0.00000817,0.000000000311217359,6826391,2019-03-02 09:24:24,btc,0.0669731472,1333.2359,0.00000817,btc,560.5893,0.0,0.0041072,142
0,[],22,[],2019-03-02 09:24:28,0.0,0,0,6826392,2019-03-02 09:24:28,,60.70572865,0.0,0,,694633617.3,0.0,0.0,143
0,[],22,[],2019-02-25 15:42:22,0.0,0,0,6783783,2019-02-25 15:42:22,,4.2131946,0.0,0,,2322156.0,0.0,0.0,146
,[],22,[],2018-11-20 23:01:11,0.0,0,0,4862114,2018-11-20 23:01:11,,2.56807021,0.0,,,61828.4988236,0.0,0.0,147
1,[],12,[],2019-03-02 09:24:29,222344.01141648,0.0000022900000000000000975435010541758629187825135886669158935546875,0.00000000008723228300000001,6826393,2019-03-02 09:24:29,btc,16.614166080024336,0.0,0.0000022900000000000000975435010541758629187825135886669158935546875,btc,117140.25034917,0.00035983195485,0.0324256731999865,148
1,[],4,[],2019-03-02 09:24:31,246056.52673192,0.00000032,0.000000000012189664,6826394,2019-03-02 09:24:31,btc,219.967446742935,0.0,0.00000032,btc,800822.7951546,0.0008,0.0583338765945086,152
0,[],22,[],2019-03-02 09:24:33,0.0,0,0,6826395,2019-03-02 09:24:33,,0.0,0.0,0,,0.0,0.0,0.0,152
1,[],5,[],2019-03-02 09:24:36,0.0,0,0,6826396,2019-03-02 09:24:36,btc,0.0,0.0,0,btc,0.0,0.0,0.0,153
,[],16,[],2019-01-11 15:38:59,0.0,0,0,6366141,2019-01-11 15:38:59,btc,0.0,0.0,,btc,0.0,0.0,0.0,155
0,[],23,[],2019-01-20 23:24:29,0.0,0,0,6476932,2019-01-20 23:24:29,,0.0,0.0,0,,0.0,0.0,0.0,156
0,[],22,[],2019-03-02 09:24:45,0.0,0,0,6826397,2019-03-02 09:24:45,,6.7463875,0.0,0,,4674391.242592593,0.0,0.0,156
1,[],22,[],2019-03-02 09:24:50,7073.8,0.00005300,0.0000000020189131,6826398,2019-03-02 09:24:50,BTC,1.80343699,0.0,0.00005300,BTC,899.6422341958436,0.0,0.00104336,157
0,[],22,[],2019-03-02 09:24:54,0.0,0,0,6826399,2019-03-02 09:24:54,,50175.67608608,0.0,0,,54079135.04179466,0.0,0.0,158
,[],17,[],2018-11-20 22:56:10,0.0,0,0,4861976,2018-11-20 22:56:10,btc,1.1265625,0.0,,btc,1000.0,0.0,0.0,159
,[],20,[],2018-11-20 22:56:12,0.0,0,0,4861977,2018-11-20 22:56:12,btc,11912.7940471,0.0,,btc,34413894.3617,0.0,0.0,159
1,[],12,[],2019-03-02 09:24:55,181691.68199691,0.000007089999999999999880334437818429904609729419462382793426513671875,0.000000000270077243,6826400,2019-03-02 09:24:55,btc,6.641541778925905,0.0,0.000007089999999999999880334437818429904609729419462382793426513671875,btc,13550.5431152,0.002961364714851,0.0937752374759713,168
1,[],17,[],2019-03-02 09:24:57,29784.95,0.000001,0.000000000038092699999999996,6826401,2019-03-02 09:24:57,btc,0.03026736251542,0.0,0.000001,btc,144.46171372,0.0,0.00716147,168
0,[],22,[],2019-03-02 09:25:00,0.0,0,0,6826402,2019-03-02 09:25:00,,1.1341504,0.0,0,,539283.174707144,0.0,0.0,169
1,[],22,[],2019-03-02 09:25:07,203600.0,0.00000002,0.000000000000761854,6826403,2019-03-02 09:25:07,BTC,13.2501524,0.0,0.00000002,BTC,144336.2939341018,0.0,0.002072,171
1,[],22,[],2019-03-02 09:25:12,928145.1666666666,0.00000004,0.000000000001523708,6826404,2019-03-02 09:25:12,BTC,2.1976194,0.0,0.00000004,BTC,242703.64055692567,0.00046785,0.02450837,173
1,[],5,[],2019-03-02 09:25:13,0.0,0,0,6826405,2019-03-02 09:25:13,btc,0.0,0.00362296,0,btc,0.0,0.0,0.0,175
1,[],22,[],2019-03-02 09:25:18,45904.0,0.0000003,0.00000000001142781,6826406,2019-03-02 09:25:18,BTC,0.52955903,0.0,0.0000003,BTC,143368.41384013777,0.0,0.0052148,176
1,[],7,[],2019-03-02 09:25:19,0.0,0,0,6826407,2019-03-02 09:25:19,btc,410932.5273358376,0.0,0,btc,117801559.31901672,0.0,0.0,178
0,[],22,[],2019-03-02 09:25:22,0.0,0,0,6826408,2019-03-02 09:25:22,,1.00242428,0.0,0,,57512.0,0.0,0.0,178
0,[],2,[],2019-01-20 23:28:34,0.0,0,0,6477001,2019-01-20 23:28:34,,0.0,0.0,0,,0.0,0.0,0.0,178
0,[],23,[],2019-01-20 23:25:08,0.0,0,0,6476952,2019-01-20 23:25:08,,0.0,0.0,0,,0.0,0.0,0.0,179
1,[],5,[],2019-03-02 09:25:25,0.0,0,0,6826409,2019-03-02 09:25:25,btc,0.0,0.06760353,0,btc,0.0,0.0,0.0,179
1,[],22,[],2019-03-02 09:25:30,6949180.5,0.00000002,0.000000000000761854,6826410,2019-03-02 09:25:30,BTC,5.66691177,0.0,0.00000002,"BTC,LTC",18277092.089868754,0.0,0.37392433,179
1,[],17,[],2019-03-02 09:25:33,10504.725,0.0000001,0.0000000000038092699999999996,6826411,2019-03-02 09:25:33,btc,5.201069583844355,0.0,0.0000001,btc,5033.45945,0.0,0.0010504725,180
1,[],22,[],2019-03-02 09:25:38,139712.75,0.0000006,0.00000000002285562,6826412,2019-03-02 09:25:38,BTC,0.20536198,0.0,0.0000006,"BTC,LTC",65463.44029170966,3e-05,0.00466985,180
1,[],26,[],2019-03-02 09:25:38,0.0,0.00000160,0.00000000006094832,6826413,2019-03-02 09:25:38,btc,0.0,0.0,0.00000160,btc,0.0,0.0,0.0,180
,[],7,[],2018-11-20 22:58:01,562227.975654,0.00000085,0.000000000036176765,4862015,2018-11-20 22:58:01,btc,21836.6059674,2491.87645172,,btc,749999.041456,0.00211021,0.127565380455,183
,[],5,[],2019-01-10 08:11:41,0.0,0,0,6347036,2019-01-10 08:11:41,btc,82.15055501,0.00261,,btc,1.19002445,0.0,0.0,187
,[],17,[],2018-11-16 20:58:10,4062536.27273,0.00000001,0.000000000000550501,4708775,2018-11-16 20:58:10,btc,3.36492563466,0.195460381006,,"btc,eth",110697919.549,0.0,0.0157628953496,187
1,[],24,[],2019-03-02 09:25:39,0.0,0.000000000001,3.80927e-17,6826414,2019-03-02 09:25:39,btc,0.0,0.0,0.000000000001,btc,0.0,0.0,0.0,187
0,[],22,[],2019-03-02 09:25:42,0.0,0,0,6826415,2019-03-02 09:25:42,,7.42841024,0.0,0,,79361.7243078683,0.0,0.0,191
0,[],22,[],2019-03-01 00:51:27,0.0,0,0,6814858,2019-03-01 00:51:27,,0.0,0.0,0,,0.0,0.0,0.0,197
0,[],23,[],2019-01-20 23:31:41,0.0,0,0,6477079,2019-01-20 23:31:41,,0.0,0.0,0,,0.0,0.0,0.0,199
0,[],22,[],2019-03-02 09:25:46,0.0,0,0,6826416,2019-03-02 09:25:46,,5.19477622,0.0,0,,21058553.0,0.0,0.0,199
1,[],26,[],2019-03-02 09:25:46,0.0,0.00000000,0,6826417,2019-03-02 09:25:46,btc,0.0,0.0,0.00000000,btc,0.0,0.0,0.0,199
0,[],17,[],2019-01-30 16:32:01,0.0,0,0,6540827,2019-01-30 16:32:01,btc,6.802544163788159,0.0,0,btc,105897.55575295,0.0,0.0,200
0,[],2,[],2019-01-20 23:30:49,0.0,0,0,6477059,2019-01-20 23:30:49,,0.0,0.0,0,,0.0,0.0,0.0,201
1,[],4,[],2019-01-25 15:51:35,2084389.58565343,0.00000936,0.000000000333526752,6499557,2019-01-25 15:51:35,btc,2.0092503037378524,0.0,0.00000936,btc,160195.80207885,0.19272417,1.242687955921835,211
1,[],7,[],2019-03-02 09:25:50,3042439.64732049,0.0000013299999999999999715787242504649867669286322779953479766845703125,0.000000000050663291,6826418,2019-03-02 09:25:50,btc,15476836.508299617,300384.577503,0.0000013299999999999999715787242504649867669286322779953479766845703125,btc,13295346.69495237,0.0,2.6909959334050324,212
1,[],12,[],2019-01-25 02:44:32,207462.42853209,0.000001080000000000000035831255497387193287295303889550268650054931640625,0.000000000038610756000000006,6493050,2019-01-25 02:44:32,btc,85023.03793723314,0.0,0.000001080000000000000035831255497387193287295303889550268650054931640625,btc,43675.73520027,0.000146250909087,0.0348620860622024,213
1,[],5,[],2019-03-02 09:27:51,0.0,0,0,6826419,2019-03-02 09:27:51,btc,0.0,0.10943705,0,btc,0.0,0.0,0.0,213
1,[],24,[],2019-03-02 09:27:51,0.0,0.000000120000,0.000000000004571124,6826420,2019-03-02 09:27:51,btc,0.0,0.0,0.000000120000,btc,0.0,0.0,0.0,213
1,[],26,[],2019-03-02 09:27:51,0.0,0.00000010,0.00000000000380927,6826421,2019-03-02 09:27:51,btc,0.0,0.0,0.00000010,btc,0.0,0.0,0.0,213
1,[],22,[],2019-03-02 09:27:56,29644.0,0.00000002,0.000000000000761854,6826422,2019-03-02 09:27:56,BTC,2.2376193,0.0,0.00000002,BTC,681875.3963726171,0.0010292,0.00030203,216
1,[],27,[],2019-03-02 09:27:59,1298602.0,0.00000003,0.000000000001142781,6826423,2019-03-02 09:27:59,btc,316.25858560644,0.0,0.00000003,"btc,ltc",237761.907,0.0,0.03377204000022391,216
1,[],22,[],2019-03-02 09:28:04,201970.06081954937,0.00000213,0.000000000081137451,6826424,2019-03-02 09:28:04,BTC,12673.4140037,0.0,0.00000213,BTC,374914.14977002144,0.06115811,0.2537237,217
1,[],7,[],2019-03-02 09:28:05,0.0,0,0,6826425,2019-03-02 09:28:05,btc,77969.77488735563,0.0,0,btc,137043486.5550253,0.0,0.0,219
0,[],27,[],2019-03-02 09:28:07,0.0,0,0,6826426,2019-03-02 09:28:07,,0.0205923249480942,0.0,0,btc,1427344.49480942,0.0,0.0,219
0.0000000000000052,[],28,[],2019-03-02 09:28:14,167530653.514,2.34e-18,8.9136918e-23,6826427,2019-03-02 09:28:14,doge,84026.79663427318,354014.0,0.00045000,"btc,doge",4864615.53751,0.0,9.09334222840524e-12,219
1,[],22,[],2019-03-02 09:28:18,319564.6666666667,0.00000005,0.000000000001904635,6826428,2019-03-02 09:28:18,BTC,3.01133216,0.0,0.00000005,BTC,314179.27041875874,2.25e-05,0.00896664,221
1,[],24,[],2019-03-02 09:28:18,0.0,0.000000200000,0.00000000000761854,6826429,2019-03-02 09:28:18,btc,0.0,0.0,0.000000200000,btc,0.0,0.0,0.0,221
1,[],20,[],2019-03-02 09:28:21,39837858.8503,0.000000001,0.0000000000000380927,6826430,2019-03-02 09:28:21,btc,48.2361381697325,963685.3843,0.000000001,btc,12984575.6067,0.0010167733482,0.0398378588503,224
0,[],22,[],2019-03-02 09:28:23,0.0,0,0,6826431,2019-03-02 09:28:23,,0.0,0.0,0,,0.0,0.0,0.0,224
1,[],26,[],2019-03-02 09:28:24,0.0,0.00000035,0.000000000013332445,6826432,2019-03-02 09:28:24,btc,0.0,0.0,0.00000035,btc,0.0,0.0,0.0,231
1,[],26,[],2019-03-02 09:28:25,0.0,0.00000006,0.000000000002285562,6826433,2019-03-02 09:28:25,btc,0.0,0.0,0.00000006,btc,0.0,0.0,0.0,234
0.0000000003484631,[],27,[],2019-03-02 09:28:27,2000.0,3.484631e-18,1.327390032937e-22,6826434,2019-03-02 09:28:27,eth,0.01134836604,0.0,0.00000001,"btc,eth",11462.996,0.0,6.969262e-15,234
1,[],4,[],2019-03-02 09:28:28,909920.43099816,0.00000078,0.000000000029712306,6826435,2019-03-02 09:28:28,btc,4.478764765740515,0.0,0.00000078,btc,1183663.55560457,0.0408741,0.281307121625928,236
1,[],24,[],2019-03-02 09:28:28,0.0,0.000000300000,0.00000000001142781,6826436,2019-03-02 09:28:28,btc,0.0,0.0,0.000000300000,btc,0.0,0.0,0.0,236
1,[],20,[],2019-03-02 09:28:30,72559876.5311,0.000000067,0.0000000000025522109000000002,6826437,2019-03-02 09:28:30,btc,9.9567548583797,21949982.1108,0.000000067,btc,39037830.8988,1.4341393772091,0.5205487746311,237
0.0000000001243926,[],22,[],2019-03-02 09:28:34,14400.0,1.2439260000000001e-17,4.73844999402e-22,6826438,2019-03-02 09:28:34,LTC,0.0413973,0.0,0.0000001,LTC,7239.0,0.0,0.00144,237
1,[],4,[],2019-03-02 09:28:34,7457845.83831947,0.00000033,0.000000000012570591,6826439,2019-03-02 09:28:34,btc,6.304633251461651,0.0,0.00000033,btc,9783422.61137231,0.41602678,1.743752160832852,238
1,[],5,[],2019-03-02 09:28:36,0.0,0,0,6826440,2019-03-02 09:28:36,btc,0.0,0.02472595,0,btc,0.0,0.0,0.0,238
0,[],22,[],2019-03-02 09:28:39,0.0,0,0,6826441,2019-03-02 09:28:39,,0.41339518,0.0,0,,316626.5639027493,0.0,0.0,249
0.0000000001243926,[],22,[],2019-03-02 09:28:43,86252235.66666667,4.975704e-18,1.895379997608e-22,6826442,2019-03-02 09:28:43,LTC,0.53061926,0.0,0.00000004,LTC,13215189.09,2.2262779967940003e-11,1.86496833,252
1,[],28,[],2019-03-02 09:28:49,2189610.078,0.00000027,0.000000000010285029,6826443,2019-03-02 09:28:49,btc,164725.851759018,133140.684,0.00000027,btc,2381125.1761,0.0,0.34366947432,256
1,[],22,[],2019-03-02 09:28:53,1053354.0,0.00000001,0.000000000000380927,6826444,2019-03-02 09:28:53,BTC,31.47160001,0.0,0.00000001,BTC,670687.0957866946,0.0,0.01053354,258
1,[],22,[],2019-03-02 09:29:25,48751.0,0.00000001,0.000000000000380927,6826445,2019-03-02 09:29:25,BTC,2.4175745,0.0,0.00000001,BTC,1762.0,0.0,0.00048751,259
1,[],5,[],2019-03-02 09:29:27,0.0,0,0,6826446,2019-03-02 09:29:27,btc,0.0,0.06658888,0,btc,0.0,0.0,0.0,264
1,[],20,[],2019-03-02 09:29:28,1215073.5584,0.00000175,0.000000000066662225,6826447,2019-03-02 09:29:28,btc,7.4625872431636,15064.1227,0.00000175,btc,108963.9901,0.0415748212448,0.0157160573065,264
0,[],22,[],2019-03-02 09:29:32,0.0,0,0,6826448,2019-03-02 09:29:32,,8.33280293,0.0,0,,421298.34411321935,0.0,0.0,271
0,[],22,[],2019-03-02 09:29:36,0.0,0,0,6826449,2019-03-02 09:29:36,,271.27267057,0.0,0,,14421806420.692,0.0,0.0,272
0.0000000000000052,[],28,[],2019-03-02 09:29:43,241855893899.905,5.668e-21,2.159094236e-25,6826450,2019-03-02 09:29:43,doge,35427532.7031403,13777480050.0,0.00000109,doge,184674768170.45248,0.0,7.256724997012538e-10,272
1,[],22,[],2019-03-02 09:29:49,114881.74,0.00000400,0.0000000001523708,6826451,2019-03-02 09:29:49,BTC,74.20234185,0.0,0.00000400,"BTC,LTC",8368.517743939856,0.01172131,0.04539191,281
1,[],22,[],2019-03-02 09:29:54,834733.5,0.00000002,0.000000000000761854,6826452,2019-03-02 09:29:54,BTC,1.332275,0.0,0.00000002,BTC,135600.33221218394,8.162e-05,0.01656255,286
0,[],22,[],2019-03-02 09:29:58,0.0,0,0,6826453,2019-03-02 09:29:58,,43635.53418966,0.0,0,,367483809.0,0.0,0.0,294
