pairValue,buyBook,exchangeId,sellBook,updated,buyTotal,satoshiPrice,usdPrice,exchangeLogId,created,bestPair,sellTotalBtc,volume,pairPrice,activePairs,sellTotal,volumeBtc,buyTotalBtc,coinId
1,[],3,[],2019-05-09 22:14:48,32365.406982358156,0.01048375000000000001332267629550187848508358001708984375,0.00000064377144275,7601006,2019-05-09 22:14:48,btc,3.3768348049114234,17.0071342634,0.01048375000000000001332267629550187848508358001708984375,btc,33.476347183663,0.0,0.57189928328402,1
1,[],4,[],2019-05-09 22:14:48,207772.29970981,0.01059005,0.00000065029896433,7601007,2019-05-09 22:14:48,btc,9.078233346967362,0.0,0.01059005,btc,417.10626969,5.21430378,0.6108947089674983,1
1,[],5,[],2019-05-09 22:14:51,0.0,0,0,7601008,2019-05-09 22:14:51,btc,0.0,0.26732448,0,btc,0.0,0.0,0.0,1
1,[],10,[],2019-05-09 22:14:53,184882.49803345,0.00921211,0.0000005656843539260001,7601009,2019-05-09 22:14:53,btc,6525.389028690171,1128.28751781,0.00921211,btc,1469.83028406,0.0,3.853894737857369,1
1,[],12,[],2019-05-09 22:14:56,76.76915546000001,0.010470000000000000139888101102769724093377590179443359375,0.000000642927102,7601010,2019-05-09 22:14:56,btc,0.1426065344041,0.0,0.010470000000000000139888101102769724093377590179443359375,btc,9.73376303,0.1899367717062,0.3117522390957,1
1,[],20,[],2019-05-09 22:14:58,975.4286,0.010710031,0.0000006576665896046,7601011,2019-05-09 22:14:58,btc,0.1206274483437,0.0,0.010710031,btc,8.708,0.0,0.1761686246688,1
1,[],21,[],2019-05-09 22:14:59,2017.34256885,0.01056671999999999993213872784,0.0000006488663483519999,7601012,2019-05-09 22:14:59,btc,19.096740917101823,6607.27427047,0.01056671999999999993213872784281193162314593791961669921875,"btc,eth",2128.67515928,69.3210247569596,14.825574921260195,1
0,[],22,[],2019-05-09 22:15:04,0.0,0,0,7601013,2019-05-09 22:15:04,,0.3163308,0.0,0,,0.2527518593615956,0.0,0.0,1
1,[],24,[],2019-05-09 22:15:05,0.0,0.000000000000,0,7601014,2019-05-09 22:15:05,btc,0.0,0.0,0.000000000000,btc,0.0,0.0,0.0,1
0.0,[],25,[],2019-05-09 22:15:05,0.0,0,0,7601015,2019-05-09 22:15:05,btc,9.102099999511879,713.69406465,0.0,btc,829.13453919,7.971,0.0,1
1,[],26,[],2019-05-09 22:15:07,0.0,0,0,7601016,2019-05-09 22:15:07,,0.0,0.0,0,,0.0,0.0,0.0,1
0,[],28,[],2019-05-09 22:15:08,0.0,0,0,7601017,2019-05-09 22:15:08,,0.0,0.0,0,,0.0,0.0,0.0,1
0,[],2,[],2019-01-20 23:28:45,0.0,0,0,6477011,2019-01-20 23:28:45,,0.0,0.0,0,,0.0,0.0,0.0,1
1,[],5,[],2019-05-09 22:15:10,0.0,0,0,7601018,2019-05-09 22:15:10,btc,0.0,0.00099168,0,btc,0.0,0.0,0.0,2
0,[],22,[],2019-05-09 22:15:12,0.0,0,0,7601019,2019-05-09 22:15:12,,0.0,0.0,0,,0.0,0.0,0.0,2
1,[],5,[],2019-05-09 22:15:15,0.0,0,0,7601020,2019-05-09 22:15:15,btc,0.0,0.03761047,0,btc,0.0,0.0,0.0,3
1,[],12,[],2019-05-09 22:15:16,2216269.13025,0.000000142,0.0000000000087197372,7601021,2019-05-09 22:15:16,btc,2714596.658153645,0.0,0.000000142,btc,4058231.41127524,0.06818859420547228,0.22774072549549998,3
0,[],28,[],2019-05-09 22:15:18,0.0,0,0,7601022,2019-05-09 22:15:18,,0.0,0.0,0,,0.0,0.0,0.0,3
0,[],2,[],2019-01-20 23:31:32,0.0,0,0,6477077,2019-01-20 23:31:32,,0.0,0.0,0,,0.0,0.0,0.0,4
1,[],4,[],2019-04-26 19:14:12,610911.70993152,0.00000026,0.000000000013566046,7471614,2019-04-26 19:14:12,btc,31.457742656463164,0.0,0.00000026,btc,718733.71307795,0.00142695,0.0638464483338706,4
0,[],12,[],2019-04-25 23:08:22,0.0,0,0,7459310,2019-04-25 23:08:22,btc,1111851.94727753,0.0,0,btc,953412.0,0.0,0.0,5
0,[],2,[],2019-01-20 23:31:51,0.0,0,0,6477087,2019-01-20 23:31:51,,0.0,0.0,0,,0.0,0.0,0.0,6
1,[],11,[],2019-05-09 22:15:20,5042415.307535999,0.00000001,0.000000000000614066,7601023,2019-05-09 22:15:20,btc,9576.545180128174,105000.0,0.00000001,btc,48635771.68653575,0.0,0.05042415307536,6
1,[],3,[],2019-05-09 22:15:21,11073.2809681303,0.000171919999999999993829657984889536237460561096668243408203125,0.000000010557022672,7601024,2019-05-09 22:15:21,btc,19.04472422329289,44.5889086243,0.000171919999999999993829657984889536237460561096668243408203125,btc,316.356650424214,0.0,0.029781556622317327,7
1,[],4,[],2019-05-09 22:15:22,33838.93335267,0.00015517,0.000000009528462122,7601025,2019-05-09 22:15:22,btc,7.838822145282163,0.0,0.00015517,btc,34181.22159619,3.75662285,2.273066082234952,7
1,[],5,[],2019-05-09 22:15:24,0.0,0,0,7601026,2019-05-09 22:15:24,btc,0.0,0.90125863,0,btc,0.0,0.0,0.0,7
1,[],20,[],2019-04-07 22:06:50,3201475.0482,0.000000001,0.000000000000051590000000000004,7213932,2019-04-07 22:06:50,btc,30.8005781811902,0.0,0.000000001,btc,23077405.3926,0.0,0.0032014750482,8
0,[],2,[],2019-01-20 23:22:42,0.0,0,0,6476876,2019-01-20 23:22:42,,0.0,0.0,0,,0.0,0.0,0.0,9
0,[],23,[],2019-01-20 23:22:48,0.0,0,0,6476878,2019-01-20 23:22:48,,0.0,0.0,0,,0.0,0.0,0.0,9
1,[],4,[],2019-05-09 22:15:27,21579001.12628211,0.00000078,0.000000000047897148,7601027,2019-05-09 22:15:27,btc,4.264199127580484,0.0,0.00000078,btc,3497349.93016737,0.73294742,0.7318407050828785,9
0,[],28,[],2019-05-09 22:15:28,0.0,0,0,7601028,2019-05-09 22:15:28,,0.0,0.0,0,,0.0,0.0,0.0,9
1,[],1,[],2019-02-17 23:31:42,1822507.21,0.00000181000000000000003456111265232042484285557293333113193511962890625,0.000000000066086901,6701244,2019-02-17 23:31:42,btc,3.6990969245,17153386.5,0.00000181000000000000003456111265232042484285557293333113193511962890625,btc,1997391.71,31.11772986,3.2610482446,9
1,[],4,[],2019-02-17 11:22:43,4341674.27126056,0.00000002,0.0000000000007272960000000001,6696112,2019-02-17 11:22:43,btc,0.1997230937751353,0.0,0.00000002,btc,4109766.79808031,0.00215132,0.0479381022052112,10
0,[],2,[],2019-01-20 23:23:08,0.0,0,0,6476890,2019-01-20 23:23:08,,0.0,0.0,0,,0.0,0.0,0.0,12
1,[],4,[],2019-05-09 22:15:30,8059370.1788374,0.00000083,0.000000000050967478,7601029,2019-05-09 22:15:30,btc,7.220165440894786,0.0,0.00000083,btc,5275006.94479972,0.91856146,2.8773434397414603,12
1,[],5,[],2019-05-09 22:15:31,0.0,0,0,7601030,2019-05-09 22:15:31,btc,0.0,0.0603718,0,btc,0.0,0.0,0.0,12
0.0,[],25,[],2019-05-09 22:15:33,0.0,0,0,7601031,2019-05-09 22:15:33,,0.0,0.0,0.0,btc,0.0,0.0,0.0,12
1,[],4,[],2019-05-09 22:15:33,31993427.84067561,0.00000573,0.000000000351859818,7601032,2019-05-09 22:15:33,btc,2.3617565777528924,0.0,0.00000573,btc,281604.1817894,0.92133733,0.8000822629182462,13
1,[],10,[],2019-05-09 22:15:36,1882435.9157263,0.00000593,0.000000000364141138,7601033,2019-05-09 22:15:36,btc,666793.5191051381,17790.0651948,0.00000593,btc,742444.45480624,0.0,0.9281448906248972,13
1,[],21,[],2019-05-09 22:15:37,4034521.87172506,0.000005800000000000000372813759031,0.00000000035615828000000003,7601034,2019-05-09 22:15:37,btc,3.9307161385257254,918965.95637237,0.000005800000000000000372813759030865554677802720107138156890869140625,btc,570407.79131865,5.53269648,19.22363901475878,13
1,[],4,[],2019-05-09 22:15:38,1065532.93775169,0.00000090,0.00000000005526594,7601035,2019-05-09 22:15:38,btc,6.354376606468129,0.0,0.00000090,btc,1275918.65688501,0.00904375,0.1922743381389798,14
1,[],12,[],2019-05-09 22:15:39,255033.00632038,0.00000085,0.000000000052195610000000004,7601036,2019-05-09 22:15:39,btc,0.11853234075641711,0.0,0.00000085,btc,14742.91059467,1.7e-06,0.0285528399999773,14
1,[],26,[],2019-05-09 22:15:40,0.0,0.00000050,0.0000000000307033,7601037,2019-05-09 22:15:40,btc,0.0,0.0,0.00000050,btc,0.0,0.0,0.0,14
0,[],17,[],2019-05-03 00:53:32,0.0,0,0,7558876,2019-05-03 00:53:32,btc,0.0,0.0,0,btc,0.0,0.0,0.0,14
0,[],4,[],2019-05-09 22:15:41,0.0,0,0,7601038,2019-05-09 22:15:41,,0.0,0.0,0,,0.0,0.0,0.0,15
,[],12,[],2018-12-01 15:15:48,204241.84496,0.00000489,0.000000000202473384,5260204,2018-12-01 15:15:48,btc,49.5475654835,0.0,,btc,35763.2193806,0.0163153972027625,0.0203389899998,15
0,[],2,[],2019-01-20 23:23:38,0.0,0,0,6476906,2019-01-20 23:23:38,,0.0,0.0,0,,0.0,0.0,0.0,18
1,[],4,[],2019-05-09 22:15:42,29843.32875192,0.00001280,0.00000000078600448,7601039,2019-05-09 22:15:42,btc,1.1169541002035417,0.0,0.00001280,btc,14841.34436439,0.02823052,0.0883097361593486,18
1,[],10,[],2019-05-09 22:15:44,167902.3825344,0.00001373,0.000000000843112618,7601040,2019-05-09 22:15:44,btc,15.42455136786036,3988.88450805,0.00001373,btc,11035.24307479,0.0,0.4960848066072175,18
1,[],12,[],2019-05-09 22:15:45,221727.49729308,0.00001340000000000000045241588253475129022262990474700927734375,0.00000000082284844,7601041,2019-05-09 22:15:45,btc,33215.3191243392,0.0,0.00001340000000000000045241588253475129022262990474700927734375,btc,1155.11548086,1.7423e-06,0.0122968455365749,18
0,[],17,[],2019-05-03 00:53:39,0.0,0,0,7558882,2019-05-03 00:53:39,btc,0.0,0.0,0,btc,0.0,0.0,0.0,18
0,[],2,[],2019-01-20 23:24:19,0.0,0,0,6476924,2019-01-20 23:24:19,,0.0,0.0,0,,0.0,0.0,0.0,19
1,[],3,[],2019-05-09 22:15:48,161213.07145191674,0.00001281999999999999922928838047564426005919813178479671478271484375,0.0000000007872326119999999,7601042,2019-05-09 22:15:48,btc,0.2646285904203563,877.526669329,0.00001281999999999999922928838047564426005919813178479671478271484375,btc,7252.566877867577,0.0,0.05782053371464528,19
1,[],4,[],2019-05-09 22:15:48,442722.21951421,0.00001437,0.000000000882412842,7601043,2019-05-09 22:15:48,btc,3.634388666750384,0.0,0.00001437,btc,119613.2048736,0.72369308,0.7532952233098805,19
1,[],5,[],2019-05-09 22:15:49,0.0,0,0,7601044,2019-05-09 22:15:49,btc,0.0,0.00037337,0,btc,0.0,0.0,0.0,19
1,[],12,[],2019-05-09 22:15:50,199367.76138576,0.0000124199999999999996709056093724399261191138066351413726806640625,0.000000000762669972,7601045,2019-05-09 22:15:50,btc,0.2981627797497385,0.0,0.0000124199999999999996709056093724399261191138066351413726806640625,btc,2936.49809387,0.0023411648104733,0.0844406799995782,19
1,[],27,[],2019-05-09 22:16:00,100.0,0.0000001,0.00000000000614066,7601046,2019-05-09 22:16:00,btc,0.0,0.0,0.0000001,btc,0.0,0.0,1e-05,19
0,[],4,[],2019-05-09 22:18:01,0.0,0,0,7601047,2019-05-09 22:18:01,,0.0,0.0,0,,0.0,0.00084166,0.0,20
1,[],4,[],2019-05-09 22:18:02,75175286.68118358,0.00000001,0.000000000000614066,7601048,2019-05-09 22:18:02,btc,39092.9102961975,0.0,0.00000001,btc,55973245.48986641,0.00125703,0.7517528668118358,21
1,[],12,[],2019-05-09 22:18:03,5284554.0,0.00000001,0.000000000000614066,7601049,2019-05-09 22:18:03,btc,2895.662019010819,0.0,0.00000001,btc,7236925.79820176,0.00052869,0.05284554,21
0,[],17,[],2019-05-03 00:53:51,0.0,0,0,7558891,2019-05-03 00:53:51,btc,0.0,0.0,0,btc,0.0,0.0,0.0,21
1,[],12,[],2019-05-09 22:18:05,8468843331.808,0.0000000005,0.000000000000030703300000000003,7601050,2019-05-09 22:18:05,btc,311119542273.7791,0.0,0.0000000005,btc,2762159104.2991056,0.13382136485314688,2.117946044904,23
0.0000000002749815,[],27,[],2019-05-09 22:18:18,13107997.0,5.4996299999999996e-18,3.37713579558e-22,7601051,2019-05-09 22:18:18,eth,10183.358293827245,1141584345.562,0.00000002,eth,4888585.631954,2.1974020300522484e-08,4.657415561874e-11,23
1,[],4,[],2019-05-09 22:20:18,799059.63017469,0.00000030,0.00000000001842198,7601052,2019-05-09 22:20:18,btc,14.036691185120699,0.0,0.00000030,btc,2061211.70292022,0.03210711,0.0724006548180004,24
1,[],22,[],2019-05-09 22:20:21,1021.76,0.00000100,0.0000000000614066,7601053,2019-05-09 22:20:21,BTC,7.415e-05,0.0,0.00000100,BTC,23.919354838709676,0.0,0.00011186,24
0.0,[],25,[],2019-05-09 22:20:23,0.0,0,0,7601054,2019-05-09 22:20:23,,0.0,0.0,0.0,btc,0.0,0.0,0.0,24
1,[],4,[],2019-05-09 22:20:24,26967059.84028944,0.00000485,0.00000000029782201,7601055,2019-05-09 22:20:24,btc,11.373732869232478,0.0,0.00000485,btc,324903.71148549,0.09826654,0.4889352992045188,26
1,[],10,[],2019-05-09 22:20:26,117435.88653299,0.00000852,0.000000000523184232,7601056,2019-05-09 22:20:26,btc,25.84985057597707,2387.76694106,0.00000852,btc,20006.96842861,0.0,0.0667422490146594,26
0,[],2,[],2019-01-20 23:25:56,0.0,0,0,6476976,2019-01-20 23:25:56,,0.0,0.0,0,,0.0,0.0,0.0,26
1,[],11,[],2019-04-30 04:16:17,7094566.83690364,0.00000006,0.000000000003115554,7518027,2019-04-30 04:16:17,btc,67504.138725751,6116.07566417,0.00000006,btc,6591680.7351637,0.0,0.38529422037817224,27
1,[],5,[],2019-04-26 09:47:06,0.0,0,0,7465326,2019-04-26 09:47:06,btc,0.0,0.0,0,btc,0.0,0.0,0.0,27
1,[],3,[],2019-04-28 02:38:55,141621.60361514,0.00000001,0.0000000000005253330000000001,7491060,2019-04-28 02:38:55,btc,2.501704004580372,921815.184511,0.00000001,btc,21091882.2176418,0.0,0.0014162160361513999,27
1,[],4,[],2019-05-09 22:20:26,1444542513.6402755,0.00000001,0.000000000000614066,7601057,2019-05-09 22:20:26,btc,5.282212786716698,0.0,0.00000001,"btc,ltc",288098897.3577403,0.16341974,9.280257079535811,29
1,[],7,[],2019-05-09 22:20:29,112859448.2164338,0.00000001,0.000000000000614066,7601058,2019-05-09 22:20:29,btc,46550610.55040742,352427.572428,0.00000001,btc,33596056.85117277,0.00704855,1.1285944821643379,29
0,[],17,[],2019-05-03 01:11:25,0.0,0,0,7559066,2019-05-03 01:11:25,btc,0.0,0.0,0,btc,0.0,0.0,0.0,30
1,[],4,[],2019-05-09 22:22:29,1866119.34475168,0.00000011,0.000000000006754726,7601059,2019-05-09 22:22:29,btc,2.8597220598757196,0.0,0.00000011,btc,2549138.94847338,0.00186616,0.0691563262179846,30
1,[],4,[],2019-05-09 22:22:31,280548.30569599,0.00005545,0.00000000340499597,7601060,2019-05-09 22:22:31,btc,6.250085529275394,0.0,0.00005545,btc,59767.10882047,0.72360356,0.8408348060947042,31
1,[],21,[],2019-05-09 22:22:32,71997.52033844001,0.00005459999999999999901155456339,0.0000000033528003599999998,7601061,2019-05-09 22:22:32,btc,4.392094609424355,299737.46157171,0.00005459999999999999901155456338841531760408543050289154052734375,btc,72071.87975562,16.52747399,3.422381325343572,31
0,[],2,[],2019-01-20 23:28:43,0.0,0,0,6477009,2019-01-20 23:28:43,,0.0,0.0,0,,0.0,0.0,0.0,32
0,[],4,[],2019-05-09 22:24:32,0.0,0,0,7601062,2019-05-09 22:24:32,,0.0,0.0,0,,0.0,0.0,0.0,33
1,[],12,[],2019-03-30 07:55:10,40641173.964,0.00000003,0.000000000001228359,7108785,2019-03-30 07:55:10,btc,4233210.82356125,0.0,0.00000003,btc,28378394.68333462,0.0126927883965248,0.90752895892,33
0,[],4,[],2019-05-09 22:24:33,0.0,0,0,7601063,2019-05-09 22:24:33,,3.9032667723295065,0.0,0,,153801161.71542788,0.00010059,0.0,34
1,[],5,[],2019-05-09 22:24:35,0.0,0,0,7601064,2019-05-09 22:24:35,btc,0.0,7e-05,0,btc,0.0,0.0,0.0,34
0.000000000133684,[],4,[],2019-05-02 18:17:45,3384239970.6360936,1.3368400000000002e-18,7.293946092400001e-23,7556428,2019-05-02 18:17:45,ltc,5.381102735485169e-08,0.0,0.00000001,ltc,6862894551.7408495,0.0,4.524187362345155e-09,36
1,[],5,[],2019-05-02 18:17:46,0.0,0,0,7556429,2019-05-02 18:17:46,btc,0.0,0.0,0,btc,0.0,0.0,0.0,36
0.0000000002926451,[],17,[],2019-05-02 18:17:47,200000.0,2.9264510000000002e-18,1.596703856561e-22,7556430,2019-05-02 18:17:47,eth,0.20942468735267253,0.0,0.00000001,"btc,eth",1018272.20243647,0.0,5.852902e-13,36
0.000000000133684,[],27,[],2019-05-02 18:17:55,7883196.008,1.3368400000000002e-18,7.293946092400001e-23,7556431,2019-05-02 18:17:55,ltc,25567.4086131264,0.0,0.00000001,"ltc,eth",21753551.64,0.0,1.0538571751334722e-11,36
1,[],17,[],2019-05-03 01:11:36,211752.74075282,0.00000025,0.000000000013700074999999998,7559074,2019-05-03 01:11:36,btc,0.055484923955058496,0.0,0.00000025,"btc,eth",1387.19918473,0.0,0.0005381851887916605,37
1,[],4,[],2019-05-09 22:24:37,334824.66601692,0.00000025,0.00000000001535165,7601065,2019-05-09 22:24:37,btc,19772.87309908578,0.0,0.00000025,btc,953748.37394371,0.02085156,0.0372077117128128,37
1,[],12,[],2019-05-09 22:24:38,1077715.02415149,0.00000024,0.000000000014737584,7601066,2019-05-09 22:24:38,btc,61604.97240909776,0.0,0.00000024,btc,576159.32971004,0.048622166496585,0.1020734021599946,37
1,[],27,[],2019-05-09 22:24:50,1600.0,0.00000015,0.00000000000921099,7601067,2019-05-09 22:24:50,btc,24.12824334291843,0.0,0.00000015,btc,5839.49448498,0.0,3e-05,37
1,[],5,[],2019-05-09 22:24:51,0.0,0,0,7601068,2019-05-09 22:24:51,btc,0.0,0.06069887,0,btc,0.0,0.0,0.0,42
1,[],12,[],2019-05-09 22:24:52,404642.48789045,0.00000251000000000000010876390933722834830632564262486994266510009765625,0.00000000015413056600000002,7601069,2019-05-09 22:24:52,btc,1222238.980689708,0.0,0.00000251000000000000010876390933722834830632564262486994266510009765625,btc,81373.66575013,0.4049958347348268,0.1502197098029286,42
1,[],27,[],2019-05-09 22:25:11,406.0,0.00000100,0.0000000000614066,7601070,2019-05-09 22:25:11,btc,1.26188489793465,0.0027843,0.00000100,"btc,eth",1317.3275157,7e-08,0.00010000000042776122,42
1,[],12,[],2019-03-13 09:13:29,1112112.0,0.00000001,0.000000000000386531,6919902,2019-03-13 09:13:29,btc,29058.00478931866,0.0,0.00000001,btc,5967681.93306694,9.99000999e-07,0.01112112,43
1,[],5,[],2019-04-26 22:38:52,0.0,0,0,7474154,2019-04-26 22:38:52,btc,0.0,0.02638891,0,btc,0.0,0.0,0.0,43
0,[],17,[],2019-04-26 22:38:53,0.0,0,0,7474155,2019-04-26 22:38:53,btc,0.0,0.0,0,btc,0.0,0.0,0.0,43
1,[],12,[],2019-03-05 01:54:08,639326.02,0.00000004,0.000000000001486676,6845775,2019-03-05 01:54:08,btc,11116042.728239931,0.0,0.00000004,btc,1103841.4595604,0.0003330765234764,0.014975410599999999,44
1,[],4,[],2019-05-09 22:25:12,131627836.57948934,0.00000001,0.000000000000614066,7601071,2019-05-09 22:25:12,btc,436.8395222846688,0.0,0.00000001,"btc,ltc",23260908.99584506,0.0001,0.2875419000852323,49
0.0000000001201054,[],4,[],2019-05-09 22:25:13,74502423.3765109,7.9269564e-17,4.8676744087224e-21,7601072,2019-05-09 22:25:13,ltc,21614.611545024298,0.0,0.00000066,ltc,104748447.55420867,0.00010578,1.6823758877288652e-09,52
0,[],22,[],2019-05-09 22:25:16,0.0,0,0,7601073,2019-05-09 22:25:16,,10289.62709543,0.0,0,,309505736.4566013,0.0,0.0,57
0.0000000002749815,[],27,[],2019-05-09 22:25:32,10000.0,2.7498149999999998e-18,1.68856789779e-22,7601074,2019-05-09 22:25:32,eth,0.0,0.0,0.00000001,"btc,eth",0.0,0.0,2.7498149999999998e-14,57
1,[],17,[],2019-05-03 01:12:09,1200000.0,0.0000000001,0.00000000000000548003,7559085,2019-05-03 01:12:09,btc,1e+24,0.0,0.0000000001,"btc,eth",39516342.31952568,0.0,0.00010000000058666061,58
0.0000000001201054,[],4,[],2019-05-09 22:25:33,1066092726.9232113,1.201054e-18,7.375264255640001e-23,7601075,2019-05-09 22:25:33,ltc,19.11026164523988,0.0,0.00000001,ltc,5658784502.23297,0.001,1.2804349340420308e-09,58
1,[],12,[],2019-05-09 22:25:34,1591160711.0,0.0000000001,0.00000000000000614066,7601076,2019-05-09 22:25:34,btc,11897162.86081474,0.0,0.0000000001,btc,4400641198.812188,0.000151169564435562,0.1591160711,58
0.00000000010503530000000001,[],22,[],2019-05-09 22:25:39,137323.0,1.050353e-18,6.449860652980001e-23,7601077,2019-05-09 22:25:39,XMR,69.17853806,0.0,0.00000001,XMR,9877401.6,1.3286965450000001e-15,0.00137323,58
1,[],5,[],2019-05-09 22:25:40,0.0,0,0,7601078,2019-05-09 22:25:40,btc,0.0,0.02076655,0,btc,0.0,0.0,0.0,61
1,[],22,[],2019-05-09 22:25:43,13613.833333333334,0.00000012,0.000000000007368792,7601079,2019-05-09 22:25:43,BTC,1002.29626883,0.0,0.00000012,BTC,15392.180177125656,0.0,0.00153269,61
1,[],26,[],2019-05-09 22:25:43,0.0,0.00000100,0.0000000000614066,7601080,2019-05-09 22:25:43,btc,0.0,0.0,0.00000100,btc,0.0,0.0,0.0,61
0.0000000002749815,[],27,[],2019-05-09 22:25:54,100000.0,2.7498149999999998e-18,1.68856789779e-22,7601081,2019-05-09 22:25:54,eth,1.9482732497246655,0.0,0.00000001,"btc,eth",13266.51663696,0.0,2.749815e-13,61
0,[],28,[],2019-05-09 22:25:55,0.0,0,0,7601082,2019-05-09 22:25:55,,0.0,0.0,0,,0.0,0.0,0.0,61
1,[],4,[],2019-05-09 22:25:57,1306054.3087418,0.00000104,0.000000000063862864,7601083,2019-05-09 22:25:57,btc,2.0229771762580238,0.0,0.00000104,btc,657456.71217936,0.05435813,0.8672458440577074,67
0.0,[],25,[],2019-05-09 22:25:58,0.0,0,0,7601084,2019-05-09 22:25:58,,0.0,0.0,0.0,btc,0.0,0.0,0.0,67
1,[],12,[],2019-05-09 22:25:59,1446320.895,0.00000014,0.000000000008596924000000001,7601085,2019-05-09 22:25:59,btc,55556348.25487337,0.0,0.00000014,btc,1523000.48354084,0.0038979389976718,0.0220208253,71
,[],5,[],2018-11-20 23:02:39,1.5e-07,0.00000005,0.000000000002128045,4862160,2018-11-20 23:02:39,btc,2.84511358,0.0,,btc,0.00036572,0.0,0.07381892,74
1,[],5,[],2019-05-09 22:26:00,0.0,0,0,7601086,2019-05-09 22:26:00,btc,0.0,0.02420925,0,btc,0.0,0.0,0.0,75
0,[],20,[],2019-01-25 09:30:31,0.0,0,0,6495923,2019-01-25 09:30:31,btc,0.0,0.0,0,btc,0.0,0.0,0.0,81
1,[],4,[],2019-05-09 22:26:02,78543.099,0.00000001,0.000000000000614066,7601087,2019-05-09 22:26:02,btc,133697.76764908098,0.0,0.00000001,btc,35132270.37523591,0.0001672,0.00078543099,81
1,[],4,[],2019-05-09 22:26:04,26460.59401134,0.00006887,0.000000004229072542,7601088,2019-05-09 22:26:04,btc,18.40865963613028,0.0,0.00006887,btc,22495.56318885,0.83820366,0.2422406819972295,82
1,[],21,[],2019-05-09 22:26:05,3258014.03696346,0.00006888000000000000459104976258,0.000000004229686608,7601089,2019-05-09 22:26:05,btc,3.017248593012873,21705.84453079,0.000068880000000000004591049762581178583786822855472564697265625,btc,38282.16988172,1.46235496,2.076701713606945,82
0,[],17,[],2019-03-25 22:42:34,0.0,0,0,7038780,2019-03-25 22:42:34,btc,0.0445064681804024,0.0,0,btc,995513.18476001,0.0,0.0,84
0.00000000013644,[],4,[],2019-05-01 19:17:39,299701867.376,1.3644e-18,7.259508504e-23,7542161,2019-05-01 19:17:39,ltc,1.6769037726995486,0.0,0.00000001,ltc,427823536.87452894,0.00010978,4.089132278478144e-10,85
,[],22,[],2018-11-20 23:09:34,3408.1,0.0000001,0.0000000000041895,4862324,2018-11-20 23:09:34,BTC,0.04624735,0.0,,BTC,4990.0,0.0,0.00033081,86
1,[],22,[],2019-05-09 22:26:08,89999.0,0.00000001,0.000000000000614066,7601090,2019-05-09 22:26:08,BTC,3.66432991,0.0,0.00000001,BTC,332904.29736842104,0.0,0.00089999,87
1,[],27,[],2019-05-09 22:26:19,10674.0,0.00000001,0.000000000000614066,7601091,2019-05-09 22:26:19,btc,4.960708560736,0.0,0.00000001,btc,10217.62841,0.0,0.00010674,87
,[],2,[],2018-11-20 23:10:47,0.0,0,0,4862359,2018-11-20 23:10:47,,0.0,0.0,,,0.0,0.0,0.0,88
1,[],11,[],2019-05-09 22:26:21,81528.08279258,0.000145119999999999992924826219820033657015301287174224853515625,0.000000008911325792,7601092,2019-05-09 22:26:21,btc,175.03487010868977,6781.967788,0.000145119999999999992924826219820033657015301287174224853515625,btc,178255.35143718,0.0,4.934371078853874,89
0,[],2,[],2019-01-20 23:31:45,0.0,0,0,6477083,2019-01-20 23:31:45,,0.0,0.0,0,,0.0,0.0,0.0,91
1,[],12,[],2019-05-09 22:01:47,422956.26910996,0.00000065,0.000000000039916175,7600927,2019-05-09 22:01:47,btc,89.7118181533075,0.0,0.00000065,btc,164732.89649123,0.0005166375886995,0.0409142689999658,91
0,[],17,[],2019-05-03 01:12:26,0.0,0,0,7559096,2019-05-03 01:12:26,btc,0.0,0.0,0,btc,0.0,0.0,0.0,91
1,[],22,[],2019-05-09 22:28:26,76014.0,0.0000008,0.00000000004912528,7601093,2019-05-09 22:28:26,BTC,0.1,0.0,0.0000008,"BTC,LTC",1.0,0.0,0.0017135,91
1,[],22,[],2019-04-09 20:17:52,374949.73333333334,0.00000015,0.000000000007771935,7235704,2019-04-09 20:17:52,BTC,6.87372503,0.0,0.00000015,"BTC,LTC",159980.01196797504,1.1e-05,0.80510266,95
0,[],17,[],2019-05-03 01:12:32,0.0,0,0,7559100,2019-05-03 01:12:32,btc,0.0,0.0,0,btc,0.0,0.0,0.0,96
0.0000000001201054,[],4,[],2019-05-09 22:28:27,557519551.931239,5.7650592e-17,3.5401268427072e-21,7601094,2019-05-09 22:28:27,ltc,11.388577297486066,0.0,0.00000048,ltc,137505643.49227157,0.01430417,1.7878932107360772e-09,96
1,[],12,[],2019-05-09 22:28:29,9912.95,0.00000001,0.000000000000614066,7601095,2019-05-09 22:28:29,btc,25054.262754123618,0.0,0.00000001,btc,6745293.18081917,0.0012417486513487,9.912950000000001e-05,96
1,[],4,[],2019-04-14 03:32:46,1039404.33283278,0.00000038,0.000000000019245518,7293458,2019-04-14 03:32:46,btc,4.170086055365747,0.0,0.00000038,btc,3097704.34561074,0.06260606,0.1859928211030784,99
0,[],2,[],2019-01-20 23:23:55,0.0,0,0,6476914,2019-01-20 23:23:55,,0.0,0.0,0,,0.0,0.0,0.0,100
1,[],4,[],2019-05-09 22:28:30,362568.27293361,0.00003436,0.000000002109930776,7601096,2019-05-09 22:28:30,btc,7.036522479216288,0.0,0.00003436,btc,122609.6096215,0.66462759,0.6339428835830999,100
1,[],22,[],2019-05-09 22:28:34,130000.0,0.00000001,0.000000000000614066,7601097,2019-05-09 22:28:34,BTC,24.83526409,0.0,0.00000001,BTC,11187.719,0.0,0.0013,101
1,[],4,[],2019-05-09 22:28:34,685399.70437872,0.00000680,0.00000000041756488,7601098,2019-05-09 22:28:34,btc,255.13386228304984,0.0,0.00000680,btc,371381.11802305,5.52795546,1.0848951419160904,103
1,[],12,[],2019-05-09 22:04:01,106468260.51291999,0.000000005,0.0000000000003070475,7600934,2019-05-09 22:04:01,btc,468525182.7074118,0.0,0.000000005,btc,108866560.47796524,0.00096562143340678,0.19703456871276,105
1,[],27,[],2019-05-09 22:30:47,11865.0,0.00000001,0.000000000000614066,7601099,2019-05-09 22:30:47,btc,0.0689357688051137,0.0,0.00000001,btc,864584.59450753,0.0,0.00011865,105
1,[],22,[],2019-04-21 00:17:26,21333.0,0.00000001,0.000000000000532493,7385819,2019-04-21 00:17:26,BTC,51.38182867,0.0,0.00000001,BTC,470435.0,0.0,0.00021333,107
1,[],26,[],2019-04-21 00:17:26,0.0,0.00000000,0,7385820,2019-04-21 00:17:26,btc,0.0,0.0,0.00000000,btc,0.0,0.0,0.0,107
1,[],5,[],2019-05-09 22:30:49,0.0,0,0,7601100,2019-05-09 22:30:49,btc,0.0,8.1e-07,0,btc,0.0,0.0,0.0,112
0,[],22,[],2019-05-09 22:30:51,0.0,0,0,7601101,2019-05-09 22:30:51,,2.79003697,0.0,0,,1380942.0833333333,0.0,0.0,112
1,[],27,[],2019-05-09 22:31:03,1.0,0.00000001,0.000000000000614066,7601102,2019-05-09 22:31:03,btc,1.25032588,0.0,0.00000001,"btc,eth",1819.0,0.0,1e-08,112
1,[],4,[],2019-05-09 22:31:04,340137.81635119,0.00000157,0.000000000096408362,7601103,2019-05-09 22:31:04,btc,5.218143393708672,0.0,0.00000157,btc,525104.79860649,0.09682103,0.2097820101113695,113
1,[],5,[],2019-05-09 22:31:05,0.0,0,0,7601104,2019-05-09 22:31:05,btc,0.0,0.0,0,btc,0.0,0.0,0.0,113
1,[],17,[],2019-04-26 02:17:47,162738.278,0.00000004,0.0000000000021069000000000002,7461287,2019-04-26 02:17:47,btc,1.3331140273775473,0.0,0.00000004,btc,51796.221,0.0,0.00230953112,116
0,[],27,[],2019-04-26 02:19:51,0.0,0,0,7461288,2019-04-26 02:19:51,,0.0,0.0,0,,0.0,0.0,0.0,116
1,[],4,[],2019-05-07 20:09:28,131822.85721655,0.00001022,0.00000000060230548,7572994,2019-05-07 20:09:28,btc,132.18460413545117,0.0,0.00001022,btc,268070.13193351,0.06918336,1.0489745103085106,120
1,[],7,[],2019-05-07 20:09:30,9501.79941055,0.000011699999999999999788190263583231853772304020822048187255859375,0.0000000006895277999999999,7572995,2019-05-07 20:09:30,btc,231185.88817567716,62.23644451,0.000011699999999999999788190263583231853772304020822048187255859375,btc,4076.97424313,0.00072692,0.018013380795019,120
1,[],20,[],2019-04-07 18:42:29,1914137.0852,0.000000035,0.0000000000017871910000000002,7211992,2019-04-07 18:42:29,btc,32.2497668025648,25528.85,0.000000035,btc,1001975.4986,0.00089350975,0.0152723574729,125
1,[],22,[],2019-05-09 22:31:09,110000.0,0.00000001,0.000000000000614066,7601105,2019-05-09 22:31:09,BTC,0.032061,0.0,0.00000001,BTC,299316.7611111111,0.0,0.0011,126
0,[],2,[],2019-01-20 23:25:46,0.0,0,0,6476969,2019-01-20 23:25:46,,0.0,0.0,0,,0.0,0.0,0.0,131
1,[],17,[],2019-05-03 01:13:10,10000.0,0.00000001,0.000000000000548003,7559115,2019-05-03 01:13:10,btc,0.0953976503951408,0.0,0.00000001,btc,5037.62507334,0.0,0.0001,131
1,[],4,[],2019-05-09 22:31:10,1856645.22722121,0.00000786,0.000000000482655876,7601106,2019-05-09 22:31:10,btc,3.424811483340869,0.0,0.00000786,btc,166222.9928645,0.20746938,0.3709362202066208,131
1,[],4,[],2019-05-09 22:33:11,4705.01461404,0.00012955,0.00000000795522503,7601107,2019-05-09 22:33:11,btc,6.010601651639178,0.0,0.00012955,btc,188.59067092,0.0,0.0074017379545049,135
1,[],3,[],2019-05-09 05:30:45,530498.0,0.00000001,0.000000000000609729,7590472,2019-05-09 05:30:45,btc,0.1029057631805504,129896.5,0.00000001,btc,1124104.34967245,0.0,0.00530498,136
1,[],4,[],2019-05-09 22:33:13,2852395.19114671,0.00000216,0.000000000132638256,7601108,2019-05-09 22:33:13,btc,319.7747204153288,0.0,0.00000216,btc,537614.263048,0.0110886,0.6815221030060482,137
1,[],12,[],2019-05-09 22:33:15,333191.54105083,0.0000019499999999999999646983772638719756287173368036746978759765625,0.00000000011974287,7601109,2019-05-09 22:33:15,btc,48520.49951323219,0.0,0.0000019499999999999999646983772638719756287173368036746978759765625,btc,40041.63478568,0.02241500946562,0.0409054557271265,137
1,[],17,[],2019-05-03 01:13:16,32967.38636364,0.00000088,0.000000000048224264,7559122,2019-05-03 01:13:16,btc,20.06976206696776,0.0,0.00000088,btc,2746.079105,0.0,0.0105613000000032,142
1,[],4,[],2019-05-09 22:33:15,70207.52550253,0.00003216,0.000000001974836256,7601110,2019-05-09 22:33:15,btc,5.085722368212553,0.0,0.00003216,btc,69630.08209658,0.24046869,0.3393033349238009,142
1,[],5,[],2019-05-09 22:33:17,0.0,0,0,7601111,2019-05-09 22:33:17,btc,0.0,0.01832264,0,btc,0.0,0.0,0.0,142
1,[],20,[],2019-05-09 22:33:20,167395.2226,0.00003401,0.000000002088438466,7601112,2019-05-09 22:33:20,btc,1.7087668617073,0.01,0.00003401,btc,8218.5398,3.401e-07,0.059750781803,142
1,[],22,[],2019-05-09 22:33:23,1370.0,0.00000200,0.0000000001228132,7601113,2019-05-09 22:33:23,BTC,3.2756588,0.0,0.00000200,BTC,1135.5948275773155,0.0,0.0003632,142
0.0,[],25,[],2019-05-09 22:33:24,0.0,0,0,7601114,2019-05-09 22:33:24,,0.0,0.0,0.0,btc,0.0,0.0,0.0,142
0,[],28,[],2019-05-09 22:33:26,0.0,0,0,7601115,2019-05-09 22:33:26,,0.0,0.0,0,,0.0,0.0,0.0,142
0,[],22,[],2019-05-09 22:33:28,0.0,0,0,7601116,2019-05-09 22:33:28,,66.66505393,0.0,0,,938775805.8,0.0,0.0,143
0,[],22,[],2019-02-25 15:42:22,0.0,0,0,6783783,2019-02-25 15:42:22,,4.2131946,0.0,0,,2322156.0,0.0,0.0,146
,[],22,[],2018-11-20 23:01:11,0.0,0,0,4862114,2018-11-20 23:01:11,,2.56807021,0.0,,,61828.4988236,0.0,0.0,147
1,[],12,[],2019-04-21 06:38:04,193091.5971266,0.00000071,0.000000000037635183,7388679,2019-04-21 06:38:04,btc,2.301232411611175,0.0,0.00000071,btc,9957.48302385,0.00023528,0.0313308199999888,148
1,[],4,[],2019-03-19 21:31:25,255810.0415942,0.00000029,0.000000000011615747,6982695,2019-03-19 21:31:25,btc,218.94922712414143,0.0,0.00000029,btc,793529.37642722,0.00117,0.0608347789473395,152
0,[],22,[],2019-03-19 21:31:27,0.0,0,0,6982696,2019-03-19 21:31:27,,0.0,0.0,0,,0.0,0.0,0.0,152
1,[],5,[],2019-04-26 09:36:59,0.0,0,0,7465040,2019-04-26 09:36:59,btc,0.0,0.0,0,btc,0.0,0.0,0.0,153
,[],16,[],2019-01-11 15:38:59,0.0,0,0,6366141,2019-01-11 15:38:59,btc,0.0,0.0,,btc,0.0,0.0,0.0,155
0,[],23,[],2019-01-20 23:24:29,0.0,0,0,6476932,2019-01-20 23:24:29,,0.0,0.0,0,,0.0,0.0,0.0,156
0,[],22,[],2019-05-09 22:33:32,0.0,0,0,7601117,2019-05-09 22:33:32,,6.80191271,0.0,0,,4673448.342592592,0.0,0.0,156
1,[],22,[],2019-05-09 22:33:35,7066.0,0.00000800,0.0000000004912528,7601118,2019-05-09 22:33:35,BTC,1.79802465,0.0,0.00000800,BTC,802.6461988741639,0.0,0.00062996,157
0,[],22,[],2019-05-07 22:25:46,0.0,0,0,7574238,2019-05-07 22:25:46,,50234.60468402,0.0,0,,54786159.03179465,0.0,0.0,158
,[],17,[],2018-11-20 22:56:10,0.0,0,0,4861976,2018-11-20 22:56:10,btc,1.1265625,0.0,,btc,1000.0,0.0,0.0,159
,[],20,[],2018-11-20 22:56:12,0.0,0,0,4861977,2018-11-20 22:56:12,btc,11912.7940471,0.0,,btc,34413894.3617,0.0,0.0,159
1,[],17,[],2019-05-03 01:13:36,42852.0,0.00000002,0.000000000001096006,7559132,2019-05-03 01:13:36,btc,0.04279856251542,0.0,0.00000002,btc,274.46171372,0.0,0.00052852,168
1,[],12,[],2019-05-09 22:33:37,264920.38761997,0.000003700000000000000150205368976141784287392511032521724700927734375,0.00000000022720442000000002,7601119,2019-05-09 22:33:37,btc,23.171086660650076,0.0,0.000003700000000000000150205368976141784287392511032521724700927734375,btc,11819.76716398,0.0043232821365401,0.045774584862912596,168
1,[],22,[],2019-05-07 03:57:18,743122.0,0.00000001,0.000000000000593596,7562020,2019-05-07 03:57:18,BTC,41.40912107,0.0,0.00000001,BTC,1593401.2737547632,0.00342649,0.00743122,169
1,[],22,[],2019-05-09 22:33:41,224990.0,0.00000012,0.000000000007368792,7601120,2019-05-09 22:33:41,BTC,26.86336359,0.0,0.00000012,BTC,440067.2820196788,0.001174,0.0042608,171
1,[],22,[],2019-05-09 22:33:45,355923.2,0.0000001,0.00000000000614066,7601121,2019-05-09 22:33:45,BTC,823.66878435,0.0,0.0000001,"BTC,LTC",676805.8088501493,0.0,0.01373235,173
1,[],5,[],2019-05-06 19:49:32,0.0,0,0,7559281,2019-05-06 19:49:32,btc,0.0,0.00023336,0,btc,0.0,0.0,0.0,175
1,[],22,[],2019-05-09 22:33:48,90671.0,0.00000001,0.000000000000614066,7601122,2019-05-09 22:33:48,BTC,394.0276142,0.0,0.00000001,BTC,136275.61833431243,0.0,0.00090671,176
0,[],2,[],2019-01-20 23:28:34,0.0,0,0,6477001,2019-01-20 23:28:34,,0.0,0.0,0,,0.0,0.0,0.0,178
1,[],7,[],2019-05-09 22:33:51,0.0,0,0,7601123,2019-05-09 22:33:51,btc,520274.25128862617,3300.0,0,btc,27727312.02979263,3.3e-05,0.0,178
0,[],22,[],2019-05-09 22:33:54,0.0,0,0,7601124,2019-05-09 22:33:54,,1.00242428,0.0,0,,57512.0,0.0,0.0,178
0,[],23,[],2019-01-20 23:25:08,0.0,0,0,6476952,2019-01-20 23:25:08,,0.0,0.0,0,,0.0,0.0,0.0,179
1,[],5,[],2019-05-09 22:33:55,0.0,0,0,7601125,2019-05-09 22:33:55,btc,0.0,0.05931491,0,btc,0.0,0.0,0.0,179
1,[],22,[],2019-05-09 22:33:58,3033618.0,0.00000001,0.000000000000614066,7601126,2019-05-09 22:33:58,BTC,5.33330023,0.0,0.00000001,BTC,14057698.411946677,5.87e-05,0.03033618,179
1,[],17,[],2019-05-03 01:13:56,20504.725000000002,0.0000001,0.00000000000548003,7559141,2019-05-03 01:13:56,btc,5.2010695838400265,0.0,0.0000001,btc,5033.45945,0.0,0.0011504725,180
1,[],22,[],2019-05-09 22:34:03,647901.9424768925,0.00000150,0.0000000000921099,7601127,2019-05-09 22:34:03,BTC,39.24789621,0.0,0.00000150,"BTC,LTC",37460.32494214489,0.00540284,0.5641043,180
1,[],26,[],2019-05-09 22:34:03,0.0,0.00000120,0.00000000007368792,7601128,2019-05-09 22:34:03,btc,0.0,0.0,0.00000120,btc,0.0,0.0,0.0,180
,[],7,[],2018-11-20 22:58:01,562227.975654,0.00000085,0.000000000036176765,4862015,2018-11-20 22:58:01,btc,21836.6059674,2491.87645172,,btc,749999.041456,0.00211021,0.127565380455,183
,[],5,[],2019-01-10 08:11:41,0.0,0,0,6347036,2019-01-10 08:11:41,btc,82.15055501,0.00261,,btc,1.19002445,0.0,0.0,187
1,[],24,[],2019-04-30 17:34:05,0.0,0.000000000014,7.396256000000001e-16,7526291,2019-04-30 17:34:05,btc,0.0,0.0,0.000000000014,btc,0.0,0.0,0.0,187
,[],17,[],2018-11-16 20:58:10,4062536.27273,0.00000001,0.000000000000550501,4708775,2018-11-16 20:58:10,btc,3.36492563466,0.195460381006,,"btc,eth",110697919.549,0.0,0.0157628953496,187
0,[],22,[],2019-04-25 02:54:07,0.0,0,0,7447896,2019-04-25 02:54:07,,7.54794454,0.0,0,,76361.7243344055,0.0,0.0,191
0,[],22,[],2019-05-09 22:34:08,0.0,0,0,7601129,2019-05-09 22:34:08,,0.0,0.0,0,,0.0,0.0,0.0,197
0,[],23,[],2019-01-20 23:31:41,0.0,0,0,6477079,2019-01-20 23:31:41,,0.0,0.0,0,,0.0,0.0,0.0,199
0.0000000001201054,[],22,[],2019-05-09 22:34:11,54733331.0,2.402108e-18,1.4750528511280001e-22,7601130,2019-05-09 22:34:11,LTC,18.75588347,0.0,0.00000002,LTC,35265414.0,0.0,0.64066281,199
1,[],26,[],2019-05-09 22:34:11,0.0,0.00000000,0,7601131,2019-05-09 22:34:11,btc,0.0,0.0,0.00000000,btc,0.0,0.0,0.0,199
0,[],2,[],2019-01-20 23:30:49,0.0,0,0,6477059,2019-01-20 23:30:49,,0.0,0.0,0,,0.0,0.0,0.0,201
1,[],4,[],2019-01-25 15:51:35,2084389.58565343,0.00000936,0.000000000333526752,6499557,2019-01-25 15:51:35,btc,2.0092503037378524,0.0,0.00000936,btc,160195.80207885,0.19272417,1.242687955921835,211
1,[],7,[],2019-05-09 22:34:14,14370431.78398843,0.00000089,0.000000000054651873999999996,7601132,2019-05-09 22:34:14,btc,15559118.241686769,94797.5533414,0.00000089,btc,11487233.93325422,0.0,1.5796877578192174,212
1,[],5,[],2019-05-07 13:02:51,0.0,0,0,7566706,2019-05-07 13:02:51,btc,0.0,0.43032184,0,btc,0.0,0.0,0.0,213
1,[],24,[],2019-05-07 13:02:52,0.0,0.000000050000,0.000000000002968865,7566707,2019-05-07 13:02:52,btc,0.0,0.0,0.000000050000,btc,0.0,0.0,0.0,213
1,[],26,[],2019-05-07 13:02:52,0.0,0.00000040,0.00000000002375092,7566708,2019-05-07 13:02:52,btc,0.0,0.0,0.00000040,btc,0.0,0.0,0.0,213
1,[],12,[],2019-01-25 02:44:32,207462.42853209,0.000001080000000000000035831255497387193287295303889550268650054931640625,0.000000000038610756000000006,6493050,2019-01-25 02:44:32,btc,85023.03793723314,0.0,0.000001080000000000000035831255497387193287295303889550268650054931640625,btc,43675.73520027,0.000146250909087,0.0348620860622024,213
0,[],22,[],2019-05-09 22:34:16,0.0,0,0,7601133,2019-05-09 22:34:16,,9.58044616,0.0,0,,2340817.094064925,0.0,0.0,216
1,[],27,[],2019-05-09 22:34:29,12631.0,0.00000001,0.000000000000614066,7601134,2019-05-09 22:34:29,btc,62.04899355203932,15965.0,0.00000001,"btc,ltc",221880.557308,0.00015965,0.00012631,216
1,[],22,[],2019-05-09 22:34:32,285168.0,0.00000100,0.0000000000614066,7601135,2019-05-09 22:34:32,BTC,12054.99038897,0.0,0.00000100,BTC,451547.646256785,0.0383442,0.03962808,217
1,[],7,[],2019-05-09 22:34:34,0.0,0,0,7601136,2019-05-09 22:34:34,btc,111302.55957245249,0.0,0,btc,136863796.67828158,0.0,0.0,219
0,[],27,[],2019-05-09 22:34:43,0.0,0,0,7601137,2019-05-09 22:34:43,,0.05960067,0.0,0,btc,1692528.0,0.0,0.0,219
0,[],28,[],2019-05-09 22:34:44,0.0,0,0,7601138,2019-05-09 22:34:44,,0.0,0.0,0,,0.0,0.0,0.0,219
1,[],22,[],2019-05-09 22:34:48,381170.0,0.00000004,0.000000000002456264,7601139,2019-05-09 22:34:48,BTC,56.7649867,0.0,0.00000004,BTC,131552.84827387411,0.0006812,0.0123008,221
1,[],24,[],2019-05-09 22:34:48,0.0,0.000000010000,0.000000000000614066,7601140,2019-05-09 22:34:48,btc,0.0,0.0,0.000000010000,btc,0.0,0.0,0.0,221
1,[],20,[],2019-05-09 22:34:50,17268228.4771,0.00000001,0.000000000000614066,7601141,2019-05-09 22:34:50,btc,100090.96791497048,2085760.282,0.00000001,btc,14826687.4791,0.0423161309467,0.0919227580478,224
0,[],22,[],2019-05-09 22:34:53,0.0,0,0,7601142,2019-05-09 22:34:53,,0.0,0.0,0,,0.0,0.0,0.0,224
1,[],26,[],2019-05-09 22:34:53,0.0,0.00000026,0.000000000015965716,7601143,2019-05-09 22:34:53,btc,0.0,0.0,0.00000026,btc,0.0,0.0,0.0,231
1,[],26,[],2019-05-09 22:34:53,0.0,0.00000005,0.00000000000307033,7601144,2019-05-09 22:34:53,btc,0.0,0.0,0.00000005,btc,0.0,0.0,0.0,234
0,[],27,[],2019-05-09 22:36:53,0.0,0,0,7601145,2019-05-09 22:36:53,,0.01134836604,0.0,0,btc,11462.996,0.0,0.0,234
1,[],4,[],2019-04-29 21:02:20,217188.93193785,0.00000080,0.00000000004151584,7514327,2019-04-29 21:02:20,btc,5.239800103892936,0.0,0.00000080,btc,797346.30008933,0.0,0.0590549781555679,236
1,[],24,[],2019-04-29 21:02:20,0.0,0.000000100000,0.00000000000518948,7514328,2019-04-29 21:02:20,btc,0.0,0.0,0.000000100000,btc,0.0,0.0,0.0,236
1,[],5,[],2019-05-06 20:53:15,0.0,0,0,7559637,2019-05-06 20:53:15,btc,0.0,0.20253514,0,btc,0.0,0.0,0.0,237
1,[],20,[],2019-05-06 20:53:18,38173217.6136,0.000000083,0.0000000000047460728,7559638,2019-05-06 20:53:18,btc,21342.514614200165,8832375.7238,0.000000083,btc,27701499.3386,0.7554403456107,1.3621107610479,237
1,[],22,[],2019-05-06 20:53:20,343938.0,0.00000009,0.000000000005146344,7559639,2019-05-06 20:53:20,BTC,1.20267422,0.0,0.00000009,BTC,17930.94871794872,0.0,0.01017442,237
1,[],4,[],2019-05-09 22:36:55,23833732.48928469,0.00000015,0.00000000000921099,7601146,2019-05-09 22:36:55,btc,3.365833039521224,0.0,0.00000015,btc,9192630.74604824,0.10281819,1.159856335562617,238
1,[],5,[],2019-05-09 22:36:56,0.0,0,0,7601147,2019-05-09 22:36:56,btc,0.0,0.00618256,0,btc,0.0,0.0,0.0,238
0,[],22,[],2019-03-12 16:49:32,0.0,0,0,6914458,2019-03-12 16:49:32,,0.40415746,0.0,0,,526736.5639027493,0.0,0.0,249
0,[],22,[],2019-05-09 22:36:59,0.0,0,0,7601148,2019-05-09 22:36:59,,4.07185431,0.0,0,,34094948.41407407,0.0,0.0,252
0,[],28,[],2019-05-09 22:37:01,0.0,0,0,7601149,2019-05-09 22:37:01,,0.0,0.0,0,,0.0,0.0,0.0,256
1,[],22,[],2019-05-09 22:37:04,1088993.5,0.00000002,0.000000000001228132,7601150,2019-05-09 22:37:04,BTC,21.88116616,0.0,0.00000002,BTC,522884.63333384093,0.0,0.01124633,258
1,[],22,[],2019-03-13 00:07:30,47146.0,0.00000001,0.000000000000387233,6917028,2019-03-13 00:07:30,BTC,2.415167,0.0,0.00000001,BTC,157.0,0.0,0.00047146,259
1,[],20,[],2019-05-09 22:37:09,1259693.8585,0.0000006,0.00000000003684396,7601152,2019-05-09 22:37:09,btc,4.9337708778169,0.0,0.0000006,btc,88763.2842,0.0,0.0188732207326,264
1,[],5,[],2019-05-09 22:37:06,0.0,0,0,7601151,2019-05-09 22:37:06,btc,0.0,0.00914653,0,btc,0.0,0.0,0.0,264
0,[],22,[],2019-04-12 17:57:27,0.0,0,0,7278186,2019-04-12 17:57:27,,66.37522201,0.0,0,,677842.4169881374,0.0,0.0,271
0,[],22,[],2019-05-09 22:37:11,0.0,0,0,7601153,2019-05-09 22:37:11,,33051802.3172899,0.0,0,,15696307799.7,0.0,0.0,272
0,[],28,[],2019-05-09 22:37:13,0.0,0,0,7601154,2019-05-09 22:37:13,,0.0,0.0,0,,0.0,0.0,0.0,272
1,[],22,[],2019-05-09 22:41:26,0.0,0.00000014,0.000000000008596924,7601155,2019-05-09 22:41:26,BTC,69.47,0.0,0.00000014,BTC,1450.0,0.0,0.0,281
1,[],22,[],2019-05-09 22:41:30,610218.1,0.00000002,0.000000000001228132,7601156,2019-05-09 22:41:30,BTC,536.91149312,0.0,0.00000002,"BTC,LTC",603354.1256135202,0.0006999,0.01735568,286
0,[],22,[],2019-05-09 22:41:33,0.0,0,0,7601157,2019-05-09 22:41:33,,7337892.75526966,0.0,0,,1388519262.7797825,0.0,0.0,294
