pairValue,buyBook,exchangeId,sellBook,updated,buyTotal,satoshiPrice,usdPrice,exchangeLogId,created,bestPair,sellTotalBtc,volume,pairPrice,activePairs,sellTotal,volumeBtc,buyTotalBtc,coinId
1,[],3,[],2019-03-07 23:15:05,30541.94067394706,0.01285894999999999920026194644151473767124116420745849609375,0.000000497359753995,6871840,2019-03-07 23:15:05,btc,61.23523607360541,3.47388436456,0.01285894999999999920026194644151473767124116420745849609375,btc,34.361125509465005,0.0,0.27432367538175845,1
1,[],4,[],2019-03-07 23:15:06,207892.30622146,0.01283254,0.000000496338265374,6871841,2019-03-07 23:15:06,btc,9.878191724084527,0.0,0.01283254,btc,310.58311074,2.57719275,2.849891497095692,1
1,[],5,[],2019-03-07 23:15:08,0.0,0,0,6871842,2019-03-07 23:15:08,btc,0.0,0.11491731,0,btc,0.0,0.0,0.0,1
1,[],10,[],2019-03-07 23:15:11,414585.36391864,0.01070847,0.00000041418327350699997,6871843,2019-03-07 23:15:11,btc,6522.213632492492,2001.06960906,0.01070847,btc,1103.2974524,0.0,5.397864495845516,1
1,[],20,[],2019-03-07 23:17:14,1152.1207,0.010500328,0.0000004061327364168,6871844,2019-03-07 23:17:14,btc,0.0537212229119,0.3915,0.010500328,btc,2.3871,0.0046697723592,0.1010809787131,1
1,[],21,[],2019-03-07 23:17:15,2126.49108001,0.01292588000000000070244254857,0.0000004999484792280001,6871845,2019-03-07 23:17:15,btc,24.26154147504216,7329.09414141,0.012925880000000000702442548572435043752193450927734375,"btc,eth",2558.19604095,92.55690594587384,18.393964694908764,1
1,[],22,[],2019-03-07 23:17:20,0.006382215384615385,0.01300000,0.0000005028153,6871846,2019-03-07 23:17:20,BTC,0.31439419,0.0,0.01300000,BTC,0.12751438772928525,0.0,7.978e-05,1
1,[],24,[],2019-03-07 23:17:20,0.0,0.000000000000,0,6871847,2019-03-07 23:17:20,btc,0.0,0.0,0.000000000000,btc,0.0,0.0,0.0,1
0.0,[],25,[],2019-03-07 23:17:21,0.0,0,0,6871848,2019-03-07 23:17:21,btc,16.3338999982894,333.50572773,0.0,btc,1228.34285469,4.3504,0.0,1
1,[],26,[],2019-03-07 23:17:30,0.0,0,0,6871849,2019-03-07 23:17:30,,0.0,0.0,0,,0.0,0.0,0.0,1
1,[],28,[],2019-03-07 23:17:32,993.142,0.01323000,0.000000511711263,6871850,2019-03-07 23:17:32,btc,0.147239806,18474.47,0.01323000,btc,7.9,0.0,0.089302756,1
1,[],12,[],2019-03-07 23:03:51,117.72578902,0.01290999999999999960087482264725622371770441532135009765625,0.000000500564594,6871646,2019-03-07 23:03:51,btc,0.3625878019192,0.0,0.01290999999999999960087482264725622371770441532135009765625,btc,25.25846933,0.0122481487211,0.4845983564797,1
0,[],2,[],2019-01-20 23:28:45,0.0,0,0,6477011,2019-01-20 23:28:45,,0.0,0.0,0,,0.0,0.0,0.0,1
1,[],5,[],2019-03-07 23:17:34,0.0,0,0,6871851,2019-03-07 23:17:34,btc,0.0,0.0067584,0,btc,0.0,0.0,0.0,2
0.00000000012751310000000001,[],22,[],2019-03-07 23:17:37,1148.0,1.4026441e-16,5.4251608764210004e-21,6871852,2019-03-07 23:17:37,XMR,21.01373823,0.0,0.00000110,XMR,14319.12581,0.0,0.00087635,2
1,[],5,[],2019-03-07 23:17:39,0.0,0,0,6871853,2019-03-07 23:17:39,btc,0.0,0.91692161,0,btc,0.0,0.0,0.0,3
1,[],12,[],2019-03-07 23:17:41,1971840.5415700001,0.000000176,0.0000000000068073455999999995,6871854,2019-03-07 23:17:41,btc,22810.247514966824,0.0,0.000000176,btc,1039571.92314776,0.07800791741756762,0.28675596211632,3
0,[],28,[],2019-03-07 23:17:42,0.0,0,0,6871855,2019-03-07 23:17:42,,0.0,0.0,0,,0.0,0.0,0.0,3
0,[],2,[],2019-01-20 23:31:32,0.0,0,0,6477077,2019-01-20 23:31:32,,0.0,0.0,0,,0.0,0.0,0.0,4
1,[],4,[],2019-03-07 23:17:43,399248.74566918,0.00000034,0.000000000013150554,6871856,2019-03-07 23:17:43,btc,32.25550523858344,0.0,0.00000034,btc,710397.77475616,0.0,0.0492385945714616,4
1,[],12,[],2019-03-07 23:17:43,370322.0,0.00000002,0.000000000000773562,6871857,2019-03-07 23:17:43,btc,631.55383067,0.0,0.00000002,btc,520237.0,0.00168826,0.00476618,5
0,[],2,[],2019-01-20 23:31:51,0.0,0,0,6477087,2019-01-20 23:31:51,,0.0,0.0,0,,0.0,0.0,0.0,6
1,[],11,[],2019-03-07 23:17:45,4853444.5,0.00000002,0.000000000000773562,6871858,2019-03-07 23:17:45,btc,9568.23120290766,279440.0,0.00000002,btc,42611702.90271394,0.0,0.064543725,6
1,[],3,[],2019-03-07 23:17:46,1083.837059638546,0.000153990000000000007950029523584589696838520467281341552734375,0.0000000059560406190000006,6871859,2019-03-07 23:17:46,btc,28.402034233092024,0.0,0.000153990000000000007950029523584589696838520467281341552734375,btc,243.122414578101,0.0,0.03372852855825695,7
1,[],4,[],2019-03-07 23:17:47,103394.34745939,0.00024899,0.000000009630460119,6871860,2019-03-07 23:17:47,btc,10.962608280386279,0.0,0.00024899,btc,34714.05355365,3.18705052,7.745546308266012,7
1,[],5,[],2019-03-07 23:19:47,0.0,0,0,6871861,2019-03-07 23:19:47,btc,0.0,0.20266516,0,btc,0.0,0.0,0.0,7
1,[],20,[],2019-02-20 02:16:17,39399275.8418,0.000000001,0.0000000000000390183,6728586,2019-02-20 02:16:17,btc,116.9737569154545,525.0,0.000000001,btc,56932965.8895,5.25e-07,0.0393992758418,8
1,[],4,[],2019-03-07 23:19:49,1338758.49875044,0.00000160,0.00000000006188496,6871862,2019-03-07 23:19:49,btc,5.216607895448115,0.0,0.00000160,btc,2586677.54690578,2.29654986,1.1332626659589042,9
1,[],28,[],2019-03-07 23:19:50,38863.15,0.00000166,0.000000000064205646,6871863,2019-03-07 23:19:50,btc,2708.761281370583,3486453.0,0.00000166,btc,11954.1497,0.0,0.035782829,9
0,[],2,[],2019-01-20 23:22:42,0.0,0,0,6476876,2019-01-20 23:22:42,,0.0,0.0,0,,0.0,0.0,0.0,9
0,[],23,[],2019-01-20 23:22:48,0.0,0,0,6476878,2019-01-20 23:22:48,,0.0,0.0,0,,0.0,0.0,0.0,9
1,[],1,[],2019-02-17 23:31:42,1822507.21,0.00000181000000000000003456111265232042484285557293333113193511962890625,0.000000000066086901,6701244,2019-02-17 23:31:42,btc,3.6990969245,17153386.5,0.00000181000000000000003456111265232042484285557293333113193511962890625,btc,1997391.71,31.11772986,3.2610482446,9
1,[],4,[],2019-02-17 11:22:43,4341674.27126056,0.00000002,0.0000000000007272960000000001,6696112,2019-02-17 11:22:43,btc,0.1997230937751353,0.0,0.00000002,btc,4109766.79808031,0.00215132,0.0479381022052112,10
1,[],4,[],2019-03-07 23:19:51,7016231.98459355,0.00000125,0.000000000048347625,6871864,2019-03-07 23:19:51,btc,12.845330270505169,0.0,0.00000125,btc,6291882.96631531,2.02158554,4.646359951345644,12
1,[],5,[],2019-03-07 23:19:53,0.0,0,0,6871865,2019-03-07 23:19:53,btc,0.0,0.34764171,0,btc,0.0,0.0,0.0,12
0.0,[],25,[],2019-03-07 23:19:54,0.0,0,0,6871866,2019-03-07 23:19:54,,0.0,0.0,0.0,btc,0.0,0.0,0.0,12
0,[],2,[],2019-01-20 23:23:08,0.0,0,0,6476890,2019-01-20 23:23:08,,0.0,0.0,0,,0.0,0.0,0.0,12
1,[],4,[],2019-03-07 23:19:55,31987181.46639317,0.00000585,0.000000000226266885,6871867,2019-03-07 23:19:55,btc,3.563877741995684,0.0,0.00000585,btc,472374.72207788,1.49022385,1.0892669414505731,13
1,[],21,[],2019-03-07 23:19:58,760658.37911624,0.000005820000000000000181326308135,0.00000000022510654200000002,6871868,2019-03-07 23:19:58,btc,5.972166727814691,1119707.00490149,0.000005820000000000000181326308135165703561142436228692531585693359375,btc,914317.62106074,6.69767017,4.136310634129613,13
1,[],10,[],2019-03-07 23:04:53,394183.48378801,0.00000582,0.00000000022566118800000001,6871671,2019-03-07 23:04:53,btc,666801.300663048,8867.41309984,0.00000582,btc,713269.91763291,0.0,0.2407252110291425,13
1,[],4,[],2019-03-07 23:19:59,708985.29079482,0.00000134,0.000000000051828654,6871869,2019-03-07 23:19:59,btc,6.52590298570911,0.0,0.00000134,btc,883173.25047577,0.02439854,0.158762962701391,14
1,[],12,[],2019-03-07 23:20:00,268480.66153846,0.000001300000000000000047051663780439678674838432925753295421600341796875,0.000000000050281530000000004,6871870,2019-03-07 23:20:00,btc,0.10035721281724999,0.0,0.000001300000000000000047051663780439678674838432925753295421600341796875,btc,7520.9682325,3.29283716204e-05,0.036443529999997996,14
0,[],17,[],2019-03-07 23:20:02,0.0,0,0,6871871,2019-03-07 23:20:02,btc,0.0,0.0,0,btc,0.0,0.0,0.0,14
1,[],26,[],2019-03-07 23:20:02,0.0,0.00000050,0.00000000001933905,6871872,2019-03-07 23:20:02,btc,0.0,0.0,0.00000050,btc,0.0,0.0,0.0,14
0,[],4,[],2019-03-07 23:20:03,0.0,0,0,6871873,2019-03-07 23:20:03,,0.0,0.0,0,,0.0,0.0,0.0,15
,[],12,[],2018-12-01 15:15:48,204241.84496,0.00000489,0.000000000202473384,5260204,2018-12-01 15:15:48,btc,49.5475654835,0.0,,btc,35763.2193806,0.0163153972027625,0.0203389899998,15
1,[],4,[],2019-03-07 23:20:04,23105.47205592,0.00001658,0.000000000641282898,6871874,2019-03-07 23:20:04,btc,4.18905685694572,0.0,0.00001658,btc,18594.087164,0.03885952,0.0325610607299296,18
1,[],10,[],2019-03-07 23:20:06,785188.4147852,0.00001725,0.000000000667197225,6871875,2019-03-07 23:20:06,btc,15.364533844989442,1350.10257273,0.00001725,btc,12087.27308659,0.0,0.1613877412484423,18
1,[],12,[],2019-03-07 23:20:07,373701.70961716,0.000014070000000000000813849855563208990361090400256216526031494140625,0.0000000005442008670000001,6871876,2019-03-07 23:20:07,btc,0.0069620605467601,0.0,0.000014070000000000000813849855563208990361090400256216526031494140625,btc,266.90206307,0.0066390556489022,0.0234642562831401,18
0,[],2,[],2019-01-20 23:23:38,0.0,0,0,6476906,2019-01-20 23:23:38,,0.0,0.0,0,,0.0,0.0,0.0,18
0,[],17,[],2019-03-07 23:05:24,0.0,0,0,6871680,2019-03-07 23:05:24,btc,0.0,0.0,0,btc,0.0,0.0,0.0,18
1,[],3,[],2019-03-07 23:20:19,117170.42046327467,0.0000174999999999999984669381281054967303134617395699024200439453125,0.00000000067686675,6871877,2019-03-07 23:20:19,btc,0.5015382396575088,0.03280961183,0.0000174999999999999984669381281054967303134617395699024200439453125,btc,8991.502040411617,0.0,0.013339816698753379,19
1,[],4,[],2019-03-07 23:20:19,288591.37738865,0.00001965,0.000000000760024665,6871878,2019-03-07 23:20:19,btc,3.403533687141117,0.0,0.00001965,btc,124424.84228911,0.52336967,2.905006818612499,19
1,[],5,[],2019-03-07 23:20:21,0.0,0,0,6871879,2019-03-07 23:20:21,btc,0.0,0.00070324,0,btc,0.0,0.0,0.0,19
1,[],12,[],2019-03-07 23:20:22,169851.99849767,0.000012109999999999999250829309238586262154058204032480716705322265625,0.0000000004683917909999999,6871880,2019-03-07 23:20:22,btc,0.2299648084528214,0.0,0.000012109999999999999250829309238586262154058204032480716705322265625,btc,358.27457877,0.00013572,0.0346984899999557,19
0,[],27,[],2019-03-07 23:20:25,0.0,0,0,6871881,2019-03-07 23:20:25,,0.0,0.0,0,btc,0.0,0.0,0.0,19
0,[],2,[],2019-01-20 23:24:19,0.0,0,0,6476924,2019-01-20 23:24:19,,0.0,0.0,0,,0.0,0.0,0.0,19
1,[],4,[],2019-03-07 23:20:25,2779123.70923423,0.00000012,0.000000000004641372,6871882,2019-03-07 23:20:25,btc,7.383042289760813,0.0,0.00000012,btc,2876583.25385408,0.0,0.0777767845064956,20
1,[],4,[],2019-03-07 23:20:26,103810793.72147027,0.00000002,0.000000000000773562,6871883,2019-03-07 23:20:26,btc,1841.963316175191,0.0,0.00000002,btc,54908374.6818267,0.02134227,1.1629563175500457,21
1,[],12,[],2019-03-07 23:20:27,1000236.0,0.00000001,0.000000000000386781,6871884,2019-03-07 23:20:27,btc,1245.5435753895404,0.0,0.00000001,btc,2375179.97702298,0.0027343804995004,0.01000236,21
0,[],17,[],2019-03-07 23:20:29,0.0,0,0,6871885,2019-03-07 23:20:29,btc,0.0,0.0,0,btc,0.0,0.0,0.0,21
1,[],12,[],2019-03-07 23:20:29,2338512524.0,0.0000000001,0.00000000000000386781,6871886,2019-03-07 23:20:29,btc,10145.280032236098,0.0,0.0000000001,btc,1281258560.9923966,0.000652734035864152,0.23385125240000001,23
0,[],27,[],2019-03-07 23:20:31,0.0,0,0,6871887,2019-03-07 23:20:31,,13.503256366593412,0.0,0,eth,1966931.35514486,0.0,0.0,23
1,[],4,[],2019-03-07 23:20:32,635885.38997717,0.00000043,0.000000000016631583,6871888,2019-03-07 23:20:32,btc,9.658940913428244,0.0,0.00000043,btc,1614211.60447404,0.02223189,0.1725758817590365,24
1,[],22,[],2019-03-07 23:20:36,11.76,0.00000100,0.0000000000386781,6871889,2019-03-07 23:20:36,BTC,7.415e-05,0.0,0.00000100,BTC,23.919354838709676,0.0,1.176e-05,24
0.0,[],25,[],2019-03-07 23:20:37,0.0,0,0,6871890,2019-03-07 23:20:37,,0.0,0.0,0.0,btc,0.0,0.0,0.0,24
1,[],4,[],2019-03-07 23:20:38,26578050.10551983,0.00000609,0.000000000235549629,6871891,2019-03-07 23:20:38,btc,59.04840251602823,0.0,0.00000609,btc,241841.18794584,0.09326326,0.437871629012282,26
1,[],10,[],2019-03-07 23:20:40,685341.76589746,0.00000603,0.000000000233228943,6871892,2019-03-07 23:20:40,btc,26.12766481347103,4736.28631504,0.00000603,btc,14118.59119631,0.0,0.2272417155496019,26
0,[],2,[],2019-01-20 23:25:56,0.0,0,0,6476976,2019-01-20 23:25:56,,0.0,0.0,0,,0.0,0.0,0.0,26
1,[],3,[],2019-03-07 23:20:42,10977341.88133568,0.00000001,0.000000000000386781,6871893,2019-03-07 23:20:42,btc,2.263603679415453,690310.446597,0.00000001,btc,17313694.20092981,0.0,0.1097734188133568,27
1,[],5,[],2019-03-07 23:20:43,0.0,0,0,6871894,2019-03-07 23:20:43,btc,0.0,0.00013914,0,btc,0.0,0.0,0.0,27
1,[],11,[],2019-03-07 23:20:45,9461840.38103613,0.00000005,0.0000000000019339049999999997,6871895,2019-03-07 23:20:45,btc,67506.32843704063,170.63047893,0.00000005,btc,7972152.75036371,0.0,0.44099231334143857,27
1,[],4,[],2019-03-07 23:20:46,2084628721.5535233,0.00000001,0.000000000000386781,6871896,2019-03-07 23:20:46,btc,3.023702365924568,0.0,0.00000001,"btc,ltc",205501980.0170676,2.04469417,9.385538568508075,29
1,[],7,[],2019-03-07 23:20:47,36240677.94748193,0.00000002,0.000000000000773562,6871897,2019-03-07 23:20:47,btc,44462588.02217545,79476.336963,0.00000002,btc,45740705.43752157,0.00159916,0.3813370207945805,29
1,[],4,[],2019-03-07 23:20:47,2343159.0446882,0.00000023,0.000000000008895963,6871898,2019-03-07 23:20:47,btc,2.4777276161998114,0.0,0.00000023,btc,1800160.77601445,0.02334765,0.1031374196119651,30
0,[],17,[],2019-03-07 23:20:59,0.0,0,0,6871899,2019-03-07 23:20:59,btc,0.0,0.0,0,btc,0.0,0.0,0.0,30
1,[],4,[],2019-03-07 23:21:00,427135.90363956,0.00006117,0.000000002365939377,6871900,2019-03-07 23:21:00,btc,8.52679633426975,0.0,0.00006117,btc,89527.53165919,0.86881967,2.4586618438341246,31
1,[],21,[],2019-03-07 23:21:00,68657.21777901,0.00006333000000000000521277465637,0.0000000024494840730000003,6871901,2019-03-07 23:21:00,btc,6.931756055543899,344144.6788166,0.000063330000000000005212774656371266246424056589603424072265625,btc,97820.50407175999,21.89160356,3.949391825201293,31
0,[],2,[],2019-01-20 23:28:43,0.0,0,0,6477009,2019-01-20 23:28:43,,0.0,0.0,0,,0.0,0.0,0.0,32
1,[],4,[],2019-03-07 23:21:01,425738005.1675608,0.00000004,0.000000000001547124,6871902,2019-03-07 23:21:01,btc,10.22685407163623,0.0,0.00000004,"btc,ltc",189623913.05950597,0.62136375,10.218845455665925,33
1,[],12,[],2019-03-07 23:21:02,20495748.87333337,0.00000004,0.000000000001547124,6871903,2019-03-07 23:21:02,btc,1111508.0291567952,0.0,0.00000004,btc,14931091.70429566,0.045708679490509,0.47313226196000147,33
1,[],4,[],2019-03-07 23:21:04,115597362.24475858,0.00000001,0.000000000000386781,6871904,2019-03-07 23:21:04,btc,3.5446417987138044,0.0,0.00000001,btc,101486443.1964667,0.05837944,1.1559736224475856,34
1,[],5,[],2019-03-07 23:21:06,0.0,0,0,6871905,2019-03-07 23:21:06,btc,0.0,0.04371096,0,btc,0.0,0.0,0.0,34
0.00000000014686879999999999,[],4,[],2019-03-07 23:21:07,974688311.7013334,1.468688e-18,5.68060613328e-23,6871906,2019-03-07 23:21:07,ltc,4.305194045390963e-08,0.0,0.00000001,ltc,6320584135.471238,0.0,1.431513027136008e-09,36
1,[],5,[],2019-03-07 23:21:08,0.0,0,0,6871907,2019-03-07 23:21:08,btc,0.0,0.0,0,btc,0.0,0.0,0.0,36
0,[],17,[],2019-03-07 23:21:10,0.0,0,0,6871908,2019-03-07 23:21:10,btc,0.0746458232965017,0.0,0,btc,4103573.70243647,0.0,0.0,36
0.00000000035398760000000005,[],27,[],2019-03-07 23:21:13,11290000.0,3.539876e-18,1.369156779156e-22,6871909,2019-03-07 23:21:13,eth,222.5593883364624,0.0,0.00000001,"ltc,eth",11165403.32426039,0.0,2.4208120616e-11,36
1,[],4,[],2019-03-07 23:21:13,232928.66642606,0.00000057,0.000000000022046517,6871910,2019-03-07 23:21:13,btc,19772.50578925111,0.0,0.00000057,btc,596869.62105646,0.0074744,0.0939022091398222,37
1,[],12,[],2019-03-07 23:21:14,425163.17723344,0.00000061,0.000000000023593641,6871911,2019-03-07 23:21:14,btc,11.762998484768596,0.0,0.00000061,btc,347827.87558705,0.0656623162776456,0.1308049463432418,37
1,[],27,[],2019-03-07 23:21:17,14685.567,0.00000045,0.000000000017405145,6871912,2019-03-07 23:21:17,btc,25.75216805411233,0.0,0.00000045,btc,6518.38138508,0.0,0.00480032515,37
1,[],17,[],2019-03-07 22:16:23,1752.74075282,0.00000025,0.0000000000097137,6871455,2019-03-07 22:16:23,btc,0.055484923777095005,0.0,0.00000025,btc,1319.19918473,0.0,0.00043818518820499993,37
1,[],5,[],2019-03-07 23:21:18,0.0,0,0,6871913,2019-03-07 23:21:18,btc,0.0,0.02636286,0,btc,0.0,0.0,0.0,42
1,[],12,[],2019-03-07 23:21:19,253943.52642683,0.000001129999999999999980629101885287735029805844533257186412811279296875,0.000000000043706253,6871914,2019-03-07 23:21:19,btc,0.2913578329585288,0.0,0.000001129999999999999980629101885287735029805844533257186412811279296875,btc,28900.30739984,0.0607978543883316,0.0186042744875745,42
0.00000000035398760000000005,[],27,[],2019-03-07 23:21:21,22000.0,3.539876e-17,1.3691567791560001e-21,6871915,2019-03-07 23:21:21,eth,0.00315028,0.0,0.0000001,"btc,eth",11.007,0.0,7.15054952e-13,42
1,[],5,[],2019-03-07 23:21:23,0.0,0,0,6871916,2019-03-07 23:21:23,btc,0.0,0.00021117,0,btc,0.0,0.0,0.0,43
1,[],12,[],2019-03-07 23:21:24,509121.0,0.00000001,0.000000000000386781,6871917,2019-03-07 23:21:24,btc,2.32121442999001,0.0,0.00000001,btc,4360308.4995005,5.114e-05,0.0050912100000000005,43
0,[],17,[],2019-03-07 23:21:26,0.0,0,0,6871918,2019-03-07 23:21:26,btc,0.0,0.0,0,btc,0.0,0.0,0.0,43
1,[],12,[],2019-03-05 01:54:08,639326.02,0.00000004,0.000000000001486676,6845775,2019-03-05 01:54:08,btc,11116042.728239931,0.0,0.00000004,btc,1103841.4595604,0.0003330765234764,0.014975410599999999,44
1,[],4,[],2019-03-07 23:21:27,300535143.0506492,0.00000004,0.000000000001547124,6871919,2019-03-07 23:21:27,btc,473.68449529911055,0.0,0.00000004,"btc,ltc",11800071.73598286,0.06387928,0.37126256453298245,49
0,[],4,[],2019-03-07 23:21:27,0.0,0,0,6871920,2019-03-07 23:21:27,,25.808545413977992,0.0,0,,9733644582.23965,0.0,0.0,52
0.00000000012751310000000001,[],22,[],2019-03-07 23:21:31,80845862.0,1.275131e-18,4.9319644331100003e-23,6871921,2019-03-07 23:21:31,XMR,4366.97466637,0.0,0.00000001,XMR,255820234.67882353,0.0,0.80845862,57
0.00000000035398760000000005,[],27,[],2019-03-07 23:21:33,2000.0,3.539876e-18,1.369156779156e-22,6871922,2019-03-07 23:21:33,eth,0.0,0.0,0.00000001,"btc,eth",0.0,0.0,7.079752e-15,57
0.00000000014686879999999999,[],4,[],2019-03-07 23:21:34,615626145.673,2.937376e-18,1.136121226656e-22,6871923,2019-03-07 23:21:34,ltc,18.80718964091521,0.0,0.00000002,ltc,4777500257.895821,0.0,1.3587874400610823e-09,58
1,[],12,[],2019-03-07 23:21:35,606577504.8425,0.0000000004,0.00000000000001547124,6871924,2019-03-07 23:21:35,btc,1121123.5702594055,0.0,0.0000000004,btc,1171274644.3986013,0.002997481944855135,0.196994612337,58
0,[],17,[],2019-03-07 23:21:46,0.0,0,0,6871925,2019-03-07 23:21:46,btc,1e+24,0.0,0,btc,49226522.0897055,0.0,0.0,58
0.00000000012751310000000001,[],22,[],2019-03-07 23:21:50,137438.0,1.275131e-18,4.9319644331100003e-23,6871926,2019-03-07 23:21:50,XMR,69.8835922,0.0,0.00000001,XMR,9887963.0,0.0,0.00137438,58
1,[],5,[],2019-03-07 23:21:51,0.0,0,0,6871927,2019-03-07 23:21:51,btc,0.0,0.0109711,0,btc,0.0,0.0,0.0,61
1,[],22,[],2019-03-07 23:21:56,13757.0,0.00000012,0.000000000004641372,6871928,2019-03-07 23:21:56,BTC,1002.2960049,0.0,0.00000012,BTC,14976.68361146909,3e-07,0.00154987,61
1,[],26,[],2019-03-07 23:21:56,0.0,0.00000800,0.0000000003094248,6871929,2019-03-07 23:21:56,btc,0.0,0.0,0.00000800,btc,0.0,0.0,0.0,61
1,[],27,[],2019-03-07 23:21:58,4411.22008,0.00000047,0.000000000018178707,6871930,2019-03-07 23:21:58,btc,2.898491041314132,0.0,0.00000047,"btc,eth",19485.01257617,0.0,0.0012437599595774545,61
1,[],28,[],2019-03-07 23:22:00,13880.304,0.0000005,0.00000000001933905,6871931,2019-03-07 23:22:00,btc,2.056312978300105,709.0,0.0000005,btc,9730.59500005,0.0,0.00566391304,61
1,[],4,[],2019-03-07 23:22:01,1291226.38349761,0.00000280,0.00000000010829868,6871932,2019-03-07 23:22:01,btc,9.090687430186165,0.0,0.00000280,btc,740826.26202795,0.12789124,1.0202269176798098,67
0.0,[],25,[],2019-03-07 23:22:02,0.0,0,0,6871933,2019-03-07 23:22:02,,0.0,0.0,0.0,btc,0.0,0.0,0.0,67
1,[],12,[],2019-03-07 23:22:03,473267.52563482,0.00000027,0.000000000010443087,6871934,2019-03-07 23:22:03,btc,15940.613748284564,0.0,0.00000027,btc,1038952.02190399,0.0139787181947944,0.0801409563804008,71
,[],5,[],2018-11-20 23:02:39,1.5e-07,0.00000005,0.000000000002128045,4862160,2018-11-20 23:02:39,btc,2.84511358,0.0,,btc,0.00036572,0.0,0.07381892,74
1,[],5,[],2019-03-07 23:22:05,0.0,0,0,6871935,2019-03-07 23:22:05,btc,0.0,0.0,0,btc,0.0,0.0,0.0,75
0,[],20,[],2019-01-25 09:30:31,0.0,0,0,6495923,2019-01-25 09:30:31,btc,0.0,0.0,0,btc,0.0,0.0,0.0,81
1,[],4,[],2019-03-07 23:07:33,13147768.81424166,0.00000001,0.00000000000038773400000000004,6871736,2019-03-07 23:07:33,btc,11388.985544584346,0.0,0.00000001,btc,40019471.49932191,0.0,0.1314776881424166,81
1,[],4,[],2019-03-07 23:22:06,27770.80594991,0.00007527,0.000000002911300587,6871936,2019-03-07 23:22:06,btc,18.096496742531933,0.0,0.00007527,btc,11994.37585832,0.07548396,0.1321004449986588,82
1,[],21,[],2019-03-07 23:22:07,768146.72055507,0.00007501999999999999662637917286,0.0000000029016310619999997,6871937,2019-03-07 23:22:07,btc,3.516602737727504,6570.4792346,0.00007501999999999999662637917285934463507146574556827545166015625,btc,42100.13033909,0.48245306,3.1272457445043904,82
0,[],17,[],2019-03-07 23:22:09,0.0,0,0,6871938,2019-03-07 23:22:09,btc,0.0447233088476774,0.0,0,btc,999127.19588126,0.0,0.0,84
0.00000000014686879999999999,[],4,[],2019-03-07 23:22:09,112201154.3024629,2.937376e-18,1.136121226656e-22,6871939,2019-03-07 23:22:09,ltc,1.7493646908648792,0.0,0.00000002,ltc,411662296.2436793,0.0,2.1423510883796012e-10,85
,[],22,[],2018-11-20 23:09:34,3408.1,0.0000001,0.0000000000041895,4862324,2018-11-20 23:09:34,BTC,0.04624735,0.0,,BTC,4990.0,0.0,0.00033081,86
1,[],22,[],2019-03-07 23:22:13,122000.0,0.00000003,0.000000000001160343,6871940,2019-03-07 23:22:13,BTC,2.078122,0.0,0.00000003,BTC,169918.94736842104,1.4e-05,0.00186,87
0,[],27,[],2019-03-07 23:22:15,0.0,0,0,6871941,2019-03-07 23:22:15,,0.0,0.0,0,btc,0.0,0.0,0.0,87
,[],2,[],2018-11-20 23:10:47,0.0,0,0,4862359,2018-11-20 23:10:47,,0.0,0.0,,,0.0,0.0,0.0,88
1,[],11,[],2019-03-07 23:22:17,95101.5585566,0.00014590999999999999044326959296569157231715507805347442626953125,0.0000000056435215709999995,6871942,2019-03-07 23:22:17,btc,606.9249981873048,1753.16132072,0.00014590999999999999044326959296569157231715507805347442626953125,btc,92789.26058133,0.0,6.569542759070868,89
0,[],2,[],2019-01-20 23:31:45,0.0,0,0,6477083,2019-01-20 23:31:45,,0.0,0.0,0,,0.0,0.0,0.0,91
1,[],12,[],2019-03-07 23:22:19,251886.83686717,0.000001570000000000000003069918451392705804892102605663239955902099609375,0.000000000060724617,6871943,2019-03-07 23:22:19,btc,61.60353039031836,0.0,0.000001570000000000000003069918451392705804892102605663239955902099609375,btc,107346.15144947,0.0136152601010229,0.0544081208996008,91
0,[],17,[],2019-03-07 23:22:20,0.0,0,0,6871944,2019-03-07 23:22:20,btc,0.0,0.0,0,btc,0.0,0.0,0.0,91
1,[],22,[],2019-03-07 23:22:24,65900.0,0.00000001,0.000000000000386781,6871945,2019-03-07 23:22:24,BTC,3e-06,0.0,0.00000001,BTC,1.0,0.0,0.000659,91
0.00000000014686879999999999,[],22,[],2019-03-07 23:22:28,1580418.0,7.34344e-18,2.84030306664e-22,6871946,2019-03-07 23:22:28,LTC,8.53121199,0.0,0.00000005,LTC,71989912.1,0.0,0.0790209,95
0.00000000014686879999999999,[],4,[],2019-03-07 23:22:29,640913691.5047666,9.546472e-17,3.692393986632e-21,6871947,2019-03-07 23:22:29,ltc,11.886285830779158,0.0,0.00000065,ltc,135439107.9791913,0.0,1.7468155092959475e-09,96
1,[],12,[],2019-03-07 23:22:30,9419.0,0.00000001,0.000000000000386781,6871948,2019-03-07 23:22:30,btc,10.57487076,0.0,0.00000001,btc,2009024.0,2.6e-07,9.419e-05,96
0,[],17,[],2019-03-07 23:22:32,0.0,0,0,6871949,2019-03-07 23:22:32,btc,0.0,0.0,0,btc,0.0,0.0,0.0,96
1,[],4,[],2019-03-07 23:22:33,1697866.09916562,0.00000023,0.000000000008895963,6871950,2019-03-07 23:22:33,btc,2.640922000099575,0.0,0.00000023,btc,2572227.6540557,0.01417543,0.1487449370470827,99
0,[],2,[],2019-01-20 23:23:55,0.0,0,0,6476914,2019-01-20 23:23:55,,0.0,0.0,0,,0.0,0.0,0.0,100
1,[],4,[],2019-03-07 23:22:34,293221.43926317,0.00003979,0.0000000015390015990000001,6871951,2019-03-07 23:22:34,btc,11.380154995379495,0.0,0.00003979,btc,159251.91409596,0.61366119,1.8641003931382103,100
1,[],22,[],2019-03-07 23:22:37,50000.0,0.00000001,0.000000000000386781,6871952,2019-03-07 23:22:37,BTC,23.49896609,0.0,0.00000001,BTC,10277.22,0.0,0.0005,101
1,[],4,[],2019-03-07 23:22:38,432470.73136744,0.00000083,0.000000000032102823,6871953,2019-03-07 23:22:38,btc,308.0303657670104,0.0,0.00000083,btc,486725.43639501,0.0036494,0.2109771370595122,103
1,[],12,[],2019-03-07 23:22:40,28409117.887000002,0.000000009,0.0000000000003481029,6871954,2019-03-07 23:22:40,btc,1113030.894592695,0.0,0.000000009,btc,52190060.43660636,0.0164754718921082,0.110488322983,105
1,[],27,[],2019-03-07 23:24:40,229397.89,0.00000001,0.000000000000386781,6871955,2019-03-07 23:24:40,btc,36.60591030491341,0.0,0.00000001,btc,1301440.23571724,0.0,0.0022939789,105
1,[],22,[],2019-03-07 23:24:43,9328.0,0.00000001,0.000000000000386781,6871956,2019-03-07 23:24:43,BTC,51.10837004,0.0,0.00000001,BTC,470435.0,0.0,9.328e-05,107
1,[],26,[],2019-03-07 23:24:44,0.0,0.00000000,0,6871957,2019-03-07 23:24:44,btc,0.0,0.0,0.00000000,btc,0.0,0.0,0.0,107
1,[],5,[],2019-03-07 23:24:45,0.0,0,0,6871958,2019-03-07 23:24:45,btc,0.0,0.01029262,0,btc,0.0,0.0,0.0,112
1,[],22,[],2019-03-07 23:24:59,1966.0,0.00000001,0.000000000000386781,6871959,2019-03-07 23:24:59,BTC,2.78273272,0.0,0.00000001,BTC,826524.0833333334,3.4e-07,1.966e-05,112
0.00000000035398760000000005,[],27,[],2019-03-07 23:25:02,2000.0,3.539876e-18,1.369156779156e-22,6871960,2019-03-07 23:25:02,eth,1.24892491849924,0.0,0.00000001,"btc,eth",1288.641654,0.0,7.079752e-15,112
1,[],4,[],2019-03-07 23:25:03,1345057.1356652,0.00000205,0.000000000079290105,6871961,2019-03-07 23:25:03,btc,4.928689765269401,0.0,0.00000205,btc,336939.58612435,0.03393264,1.1006070049801442,113
1,[],5,[],2019-03-07 23:25:04,0.0,0,0,6871962,2019-03-07 23:25:04,btc,0.0,0.00018191,0,btc,0.0,0.0,0.0,113
1,[],17,[],2019-03-07 23:25:06,152738.278,0.00000004,0.000000000001547124,6871963,2019-03-07 23:25:06,btc,1.33680302678,0.0,0.00000004,btc,50696.221,0.0,0.0022095311199999998,116
0,[],27,[],2019-03-07 23:25:08,0.0,0,0,6871964,2019-03-07 23:25:08,,0.0,0.0,0,btc,0.0,0.0,0.0,116
1,[],4,[],2019-03-07 23:25:09,77872.15293136,0.00002515,0.000000000972754215,6871965,2019-03-07 23:25:09,btc,27.67149320347369,0.0,0.00002515,btc,83983.46440012,0.2999831,1.2056262260172521,120
1,[],7,[],2019-03-07 23:25:12,21010.97648086,0.0000212500000000000015265566588595902430824935436248779296875,0.0000000008219096250000001,6871966,2019-03-07 23:25:12,btc,115646.94919545915,1.1652281,0.0000212500000000000015265566588595902430824935436248779296875,btc,36705.38404366,2.476e-05,0.0537978939138442,120
1,[],20,[],2019-03-07 23:25:15,3002345.3805,0.000000035,0.0000000000013537335,6871967,2019-03-07 23:25:15,btc,33.6156363984428,1589.5,0.000000035,btc,1008323.7699,5.56325e-05,0.0406402484044,125
1,[],22,[],2019-03-07 23:25:19,3053.0,0.00000001,0.000000000000386781,6871968,2019-03-07 23:25:19,BTC,0.01444887,0.0,0.00000001,BTC,296263.5111111111,0.0,3.053e-05,126
0,[],2,[],2019-01-20 23:25:46,0.0,0,0,6476969,2019-01-20 23:25:46,,0.0,0.0,0,,0.0,0.0,0.0,131
0,[],17,[],2019-03-07 22:21:07,0.0,0,0,6871511,2019-03-07 22:21:07,btc,0.0009561751951600001,0.0,0,btc,35.42829368,0.0,0.0,131
1,[],4,[],2019-03-07 23:11:00,149587.08494934,0.00001303,0.000000000505217402,6871769,2019-03-07 23:11:00,btc,3.655019347098592,0.0,0.00001303,btc,122082.35878653,0.09826639,0.6981369738012879,131
1,[],4,[],2019-03-07 23:25:19,4547.78635438,0.00016000,0.000000006188496,6871969,2019-03-07 23:25:19,btc,1.619389862073909,0.0,0.00016000,btc,239.25503526,0.00128,0.0068861669272871,135
1,[],3,[],2019-03-07 00:20:44,877702.73244099,0.00000004,0.00000000000154846,6863392,2019-03-07 00:20:44,btc,0.119366241821405,0.0,0.00000004,btc,760637.99421222,0.0,0.023771231960604298,136
1,[],4,[],2019-03-07 23:25:20,326675.24333988,0.00000170,0.00000000006575277,6871970,2019-03-07 23:25:20,btc,38.21093840089624,0.0,0.00000170,btc,512359.14835221,0.0752551,0.0876346572589167,137
1,[],12,[],2019-03-07 23:25:21,245226.11420377,0.000001650000000000000084153062122893640406573467771522700786590576171875,0.000000000063818865,6871971,2019-03-07 23:25:21,btc,4.058124158796358,0.0,0.000001650000000000000084153062122893640406573467771522700786590576171875,btc,3849.91933121,7.00469531e-06,0.0899436393158354,137
1,[],4,[],2019-03-07 23:25:22,11869.91117307,0.00003638,0.000000001407109278,6871972,2019-03-07 23:25:22,btc,28.564557844179287,0.0,0.00003638,btc,46798.84140065,0.14580737,0.2762127029628573,142
1,[],5,[],2019-03-07 23:25:24,0.0,0,0,6871973,2019-03-07 23:25:24,btc,0.0,0.32493842,0,btc,0.0,0.0,0.0,142
1,[],20,[],2019-03-07 23:25:37,135709.4305,0.000031,0.0000000011990211,6871974,2019-03-07 23:25:37,btc,0.4345050535352,1423.3239,0.000031,btc,4416.0357,0.063525400388,0.3110568973753,142
1,[],22,[],2019-03-07 23:25:40,1470.8988921568628,0.00004000,0.000000001547124,6871975,2019-03-07 23:25:40,BTC,3.00385504,0.0,0.00004000,BTC,891.218,0.0,0.0012358,142
0.0,[],25,[],2019-03-07 23:25:41,0.0,0,0,6871976,2019-03-07 23:25:41,,0.0,0.0,0.0,btc,0.0,0.0,0.0,142
1,[],28,[],2019-03-07 23:25:43,76124.0,0.00000820,0.00000000031716042,6871977,2019-03-07 23:25:43,btc,0.067100461059305,1047.0,0.00000820,btc,552.61077999,0.0,0.004304,142
1,[],17,[],2019-03-07 22:21:25,22967.386363640002,0.00000088,0.000000000034192224000000005,6871517,2019-03-07 22:21:25,btc,20.0699133484,0.0,0.00000088,btc,405.079105,0.0,0.0104613000000032,142
0,[],22,[],2019-03-07 23:25:46,0.0,0,0,6871978,2019-03-07 23:25:46,,62.13631169,0.0,0,,837691921.3,0.0,0.0,143
0,[],22,[],2019-02-25 15:42:22,0.0,0,0,6783783,2019-02-25 15:42:22,,4.2131946,0.0,0,,2322156.0,0.0,0.0,146
,[],22,[],2018-11-20 23:01:11,0.0,0,0,4862114,2018-11-20 23:01:11,,2.56807021,0.0,,,61828.4988236,0.0,0.0,147
1,[],12,[],2019-03-07 23:11:45,292970.90952018,0.0000016700000000000001044238480407688740569938090629875659942626953125,0.000000000064751578,6871780,2019-03-07 23:11:45,btc,1.5011124124764852,0.0,0.0000016700000000000001044238480407688740569938090629875659942626953125,btc,27991.52823024,0.0004515505570654,0.0242247599998788,148
1,[],4,[],2019-03-07 23:25:47,251574.86341834,0.00000029,0.000000000011216649,6871979,2019-03-07 23:25:47,btc,219.99867405989795,0.0,0.00000029,btc,840465.5176728,0.0,0.0598002236458012,152
0,[],22,[],2019-03-07 23:25:50,0.0,0,0,6871980,2019-03-07 23:25:50,,0.0,0.0,0,,0.0,0.0,0.0,152
1,[],5,[],2019-03-07 23:25:52,0.0,0,0,6871981,2019-03-07 23:25:52,btc,0.0,0.0,0,btc,0.0,0.0,0.0,153
,[],16,[],2019-01-11 15:38:59,0.0,0,0,6366141,2019-01-11 15:38:59,btc,0.0,0.0,,btc,0.0,0.0,0.0,155
0,[],23,[],2019-01-20 23:24:29,0.0,0,0,6476932,2019-01-20 23:24:29,,0.0,0.0,0,,0.0,0.0,0.0,156
0,[],22,[],2019-03-07 23:25:56,0.0,0,0,6871982,2019-03-07 23:25:56,,6.7463875,0.0,0,,4674391.242592593,0.0,0.0,156
1,[],22,[],2019-03-07 23:25:59,7073.8,0.00005300,0.0000000020499393,6871983,2019-03-07 23:25:59,BTC,1.80343699,0.0,0.00005300,BTC,899.6422341958436,0.0,0.00104336,157
0,[],22,[],2019-03-07 23:12:03,0.0,0,0,6871786,2019-03-07 23:12:03,,50175.67608608,0.0,0,,54079135.04179466,0.0,0.0,158
,[],17,[],2018-11-20 22:56:10,0.0,0,0,4861976,2018-11-20 22:56:10,btc,1.1265625,0.0,,btc,1000.0,0.0,0.0,159
,[],20,[],2018-11-20 22:56:12,0.0,0,0,4861977,2018-11-20 22:56:12,btc,11912.7940471,0.0,,btc,34413894.3617,0.0,0.0,159
1,[],12,[],2019-03-07 23:26:01,140471.184615,0.0000069099999999999999096556013711278865230269730091094970703125,0.000000000267265671,6871984,2019-03-07 23:26:01,btc,0.37191251313005763,0.0,0.0000069099999999999999096556013711278865230269730091094970703125,btc,7732.45542208,0.0067819378209061,0.0959828856294615,168
1,[],17,[],2019-03-07 23:26:12,29784.95,0.000001,0.0000000000386781,6871985,2019-03-07 23:26:12,btc,0.03026736251542,0.0,0.000001,btc,144.46171372,0.0,0.00716147,168
0,[],22,[],2019-03-07 13:06:36,0.0,0,0,6867364,2019-03-07 13:06:36,,1.1339604,0.0,0,,520283.17470714403,0.0,0.0,169
1,[],22,[],2019-03-07 23:26:16,303585.5,0.00000005,0.000000000001933905,6871986,2019-03-07 23:26:16,BTC,13.2504702,0.0,0.00000005,BTC,146216.2939341018,8.11e-06,0.00707171,171
1,[],22,[],2019-03-07 23:26:20,374087.42261904763,0.00000011,0.000000000004254591,6871987,2019-03-07 23:26:20,BTC,2.19126031,0.0,0.00000011,"BTC,LTC",263163.090679189,0.000338,0.02169784,173
1,[],5,[],2019-03-05 01:59:40,0.0,0,0,6845846,2019-03-05 01:59:40,btc,0.0,0.00384852,0,btc,0.0,0.0,0.0,175
1,[],22,[],2019-03-07 23:26:23,36500.0,0.00000021,0.000000000008122401,6871988,2019-03-07 23:26:23,BTC,0.54826403,0.0,0.00000021,BTC,138776.41384013777,0.0,0.00227,176
1,[],7,[],2019-03-07 23:26:24,0.0,0,0,6871989,2019-03-07 23:26:24,btc,410914.4951967229,0.0,0,btc,117143049.56236699,0.0,0.0,178
0,[],22,[],2019-03-07 23:26:27,0.0,0,0,6871990,2019-03-07 23:26:27,,1.00242438,0.0,0,,57522.0,0.0,0.0,178
0,[],2,[],2019-01-20 23:28:34,0.0,0,0,6477001,2019-01-20 23:28:34,,0.0,0.0,0,,0.0,0.0,0.0,178
0,[],23,[],2019-01-20 23:25:08,0.0,0,0,6476952,2019-01-20 23:25:08,,0.0,0.0,0,,0.0,0.0,0.0,179
1,[],5,[],2019-03-07 23:26:28,0.0,0,0,6871991,2019-03-07 23:26:28,btc,0.0,0.11676103,0,btc,0.0,0.0,0.0,179
1,[],22,[],2019-03-07 23:12:30,6946207.0,0.00000002,0.0000000000007754680000000001,6871795,2019-03-07 23:12:30,BTC,5.67356573,0.0,0.00000002,"BTC,LTC",18498890.756535422,2.975e-05,0.37386486,179
1,[],17,[],2019-03-07 23:12:42,10504.725,0.0000001,0.00000000000387734,6871796,2019-03-07 23:12:42,btc,5.2010695838170005,0.0,0.0000001,btc,4994.45945,0.0,0.0010504725,180
1,[],22,[],2019-03-07 23:12:46,292853.05454545456,0.00000095,0.00000000003683473,6871797,2019-03-07 23:12:46,BTC,0.25826383,0.0,0.00000095,"BTC,LTC",92696.73175619463,0.0023006202494104335,0.26053661,180
1,[],26,[],2019-03-07 23:12:47,0.0,0.00000125,0.00000000004846675,6871798,2019-03-07 23:12:47,btc,0.0,390.0,0.00000125,btc,0.0,0.0,0.0,180
,[],7,[],2018-11-20 22:58:01,562227.975654,0.00000085,0.000000000036176765,4862015,2018-11-20 22:58:01,btc,21836.6059674,2491.87645172,,btc,749999.041456,0.00211021,0.127565380455,183
,[],5,[],2019-01-10 08:11:41,0.0,0,0,6347036,2019-01-10 08:11:41,btc,82.15055501,0.00261,,btc,1.19002445,0.0,0.0,187
,[],17,[],2018-11-16 20:58:10,4062536.27273,0.00000001,0.000000000000550501,4708775,2018-11-16 20:58:10,btc,3.36492563466,0.195460381006,,"btc,eth",110697919.549,0.0,0.0157628953496,187
1,[],24,[],2019-03-07 23:12:47,0.0,0.000000000001,3.8773400000000004e-17,6871799,2019-03-07 23:12:47,btc,0.0,0.0,0.000000000001,btc,0.0,0.0,0.0,187
0,[],22,[],2019-03-07 23:26:42,0.0,0,0,6871997,2019-03-07 23:26:42,,7.54802454,0.0,0,,79361.7243344055,0.0,0.0,191
0,[],22,[],2019-03-07 23:12:56,0.0,0,0,6871801,2019-03-07 23:12:56,,0.0,0.0,0,,0.0,0.0,0.0,197
0,[],23,[],2019-01-20 23:31:41,0.0,0,0,6477079,2019-01-20 23:31:41,,0.0,0.0,0,,0.0,0.0,0.0,199
0,[],22,[],2019-03-07 23:26:45,0.0,0,0,6871998,2019-03-07 23:26:45,,5.19077022,0.0,0,,21057953.0,0.0,0.0,199
1,[],26,[],2019-03-07 23:26:45,0.0,0.00000000,0,6871999,2019-03-07 23:26:45,btc,0.0,129732.0,0.00000000,btc,0.0,0.0,0.0,199
0,[],17,[],2019-01-30 16:32:01,0.0,0,0,6540827,2019-01-30 16:32:01,btc,6.802544163788159,0.0,0,btc,105897.55575295,0.0,0.0,200
0,[],2,[],2019-01-20 23:30:49,0.0,0,0,6477059,2019-01-20 23:30:49,,0.0,0.0,0,,0.0,0.0,0.0,201
1,[],4,[],2019-01-25 15:51:35,2084389.58565343,0.00000936,0.000000000333526752,6499557,2019-01-25 15:51:35,btc,2.0092503037378524,0.0,0.00000936,btc,160195.80207885,0.19272417,1.242687955921835,211
1,[],7,[],2019-03-07 23:26:48,1915385.48317008,0.000001170000000000000021170673721038202330646527116186916828155517578125,0.000000000045253377,6872000,2019-03-07 23:26:48,btc,15476653.6820602,801990.654994,0.000001170000000000000021170673721038202330646527116186916828155517578125,btc,13156224.27926399,0.0,1.7469108452234767,212
1,[],12,[],2019-01-25 02:44:32,207462.42853209,0.000001080000000000000035831255497387193287295303889550268650054931640625,0.000000000038610756000000006,6493050,2019-01-25 02:44:32,btc,85023.03793723314,0.0,0.000001080000000000000035831255497387193287295303889550268650054931640625,btc,43675.73520027,0.000146250909087,0.0348620860622024,213
1,[],5,[],2019-03-07 23:26:49,0.0,0,0,6872001,2019-03-07 23:26:49,btc,0.0,0.17419901,0,btc,0.0,0.0,0.0,213
1,[],24,[],2019-03-07 23:26:49,0.0,0.000000120000,0.000000000004641372,6872002,2019-03-07 23:26:49,btc,0.0,0.0,0.000000120000,btc,0.0,0.0,0.0,213
1,[],26,[],2019-03-07 23:26:50,0.0,0.00000010,0.00000000000386781,6872003,2019-03-07 23:26:50,btc,0.0,0.0,0.00000010,btc,0.0,0.0,0.0,213
1,[],22,[],2019-03-07 23:13:08,73967.0,0.00000003,0.000000000001163202,6871808,2019-03-07 23:13:08,BTC,2.23599134,0.0,0.00000003,BTC,701743.3963726171,0.00025208,0.00163731,216
1,[],27,[],2019-03-07 23:13:10,1298602.0,0.00000003,0.000000000001163202,6871809,2019-03-07 23:13:10,btc,317.9846054547724,0.0,0.00000003,"btc,ltc",240763.990324,0.0,0.03377204000026422,216
1,[],22,[],2019-03-07 23:26:54,160586.32300942903,0.00000184,0.000000000071167704,6872004,2019-03-07 23:26:54,BTC,12673.3964821,0.0,0.00000184,BTC,388675.8856216486,0.06858853,0.17571671,217
1,[],7,[],2019-03-07 23:26:56,0.0,0,0,6872005,2019-03-07 23:26:56,btc,77969.39215740134,0.0,0,btc,136268679.67428493,0.0,0.0,219
0,[],27,[],2019-03-07 23:26:58,0.0,0,0,6872006,2019-03-07 23:26:58,,0.04027288,0.0,0,btc,2037233.0,0.0,0.0,219
0.0000000000000052,[],28,[],2019-03-07 23:27:05,168883579.283,5.772e-18,2.232499932e-22,6872007,2019-03-07 23:27:05,doge,84451.8501148375,15849.228,0.00111000,"btc,doge",3563815.34751,0.0,1.6274994272990233e-11,219
1,[],22,[],2019-03-07 23:13:23,543042.5,0.00000005,0.0000000000019386700000000003,6871814,2019-03-07 23:13:23,BTC,2.76226415,0.0,0.00000005,BTC,86245.27041875875,0.00054995,0.02357175,221
1,[],24,[],2019-03-07 23:13:23,0.0,0.000000200000,0.000000000007754680000000001,6871815,2019-03-07 23:13:23,btc,0.0,0.0,0.000000200000,btc,0.0,0.0,0.0,221
0,[],22,[],2019-03-07 23:13:28,0.0,0,0,6871817,2019-03-07 23:13:28,,0.0,0.0,0,,0.0,0.0,0.0,224
1,[],20,[],2019-03-07 23:27:11,39105329.5253,0.000000001,0.0000000000000386781,6872010,2019-03-07 23:27:11,btc,48.4427536687255,172770.0,0.000000001,btc,16154115.0042,0.00034554,0.0391053295253,224
1,[],26,[],2019-03-07 23:27:14,0.0,0.00000035,0.000000000013537335,6872012,2019-03-07 23:27:14,btc,0.0,0.0,0.00000035,btc,0.0,0.0,0.0,231
1,[],26,[],2019-03-07 23:27:14,0.0,0.00000005,0.000000000001933905,6872013,2019-03-07 23:27:14,btc,0.0,100.0,0.00000005,btc,0.0,0.0,0.0,234
0.00000000035398760000000005,[],27,[],2019-03-07 23:27:16,2000.0,3.539876e-18,1.369156779156e-22,6872014,2019-03-07 23:27:16,eth,0.01134836604,0.0,0.00000001,"btc,eth",11462.996,0.0,7.079752e-15,234
1,[],4,[],2019-03-07 23:27:17,820980.69557693,0.00000087,0.000000000033649947,6872015,2019-03-07 23:27:17,btc,4.756320983575435,0.0,0.00000087,btc,1243172.12372149,0.07031691,0.2326626708584131,236
1,[],24,[],2019-03-07 23:27:17,0.0,0.000000300000,0.00000000001160343,6872016,2019-03-07 23:27:17,btc,0.0,0.0,0.000000300000,btc,0.0,0.0,0.0,236
1,[],20,[],2019-03-07 23:27:19,167618886.4501,0.00000006,0.000000000002320686,6872017,2019-03-07 23:27:19,btc,13.9881525203333,1085182.4731,0.00000006,btc,40392581.8581,0.0658864124694,0.5777465021184,237
0.00000000014686879999999999,[],22,[],2019-03-07 23:27:22,751594.9,2.4967696e-17,9.657030426576e-22,6872018,2019-03-07 23:27:22,LTC,0.04119358,0.0,0.00000017,LTC,7239.2,0.0,0.12541949,237
1,[],5,[],2019-03-07 23:13:42,0.0,0,0,6871826,2019-03-07 23:13:42,btc,0.0,0.00358686,0,btc,0.0,0.0,0.0,238
1,[],4,[],2019-03-07 23:27:23,8988891.08175548,0.00000037,0.000000000014310897,6872019,2019-03-07 23:27:23,btc,8.907720798318167,0.0,0.00000037,btc,10270056.0333112,0.51540804,2.2810743302307017,238
0,[],22,[],2019-03-07 23:27:28,0.0,0,0,6872021,2019-03-07 23:27:28,,0.41504177,0.0,0,,481585.5639027493,0.0,0.0,249
0.0000000001467897,[],22,[],2019-03-07 23:13:48,49087204.666666664,5.871588e-18,2.276614301592e-22,6871828,2019-03-07 23:13:48,LTC,0.46597212,0.0,0.00000004,LTC,12463851.453636363,2.23072230740031e-10,1.18162429,252
1,[],28,[],2019-03-07 23:13:50,3494880.767,0.00000037,0.000000000014346158000000001,6871829,2019-03-07 23:13:50,btc,164734.2564955869,120063.361,0.00000037,btc,2916268.6607,0.0,0.6700312518,256
1,[],22,[],2019-03-07 23:13:53,1290561.0,0.00000003,0.000000000001163202,6871830,2019-03-07 23:13:53,BTC,31.45799429,0.0,0.00000003,BTC,719270.3791200279,6.5e-07,0.01764975,258
1,[],22,[],2019-03-07 23:14:06,48751.0,0.00000001,0.00000000000038773400000000004,6871831,2019-03-07 23:14:06,BTC,2.4175745,0.0,0.00000001,BTC,1762.0,0.0,0.00048751,259
1,[],5,[],2019-03-07 23:27:36,0.0,0,0,6872024,2019-03-07 23:27:36,btc,0.0,0.16789396,0,btc,0.0,0.0,0.0,264
1,[],20,[],2019-03-07 23:27:38,1252669.0865,0.00000191,0.000000000073875171,6872025,2019-03-07 23:27:38,btc,7.4724699858358,77878.4627,0.00000191,btc,108054.8283,0.1627337303445,0.0183140522617,264
0,[],22,[],2019-03-07 23:27:41,0.0,0,0,6872026,2019-03-07 23:27:41,,8.45833143,0.0,0,,464287.34411321935,0.0,0.0,271
0.0000000000000052,[],28,[],2019-03-07 23:14:21,243197203537.905,4.888e-21,1.8952437920000002e-25,6871836,2019-03-07 23:14:21,doge,37029427.42233569,11490136410.0,0.00000094,doge,242076110499.0003,0.0,7.241572495031298e-10,272
0,[],22,[],2019-03-07 23:27:44,0.0,0,0,6872027,2019-03-07 23:27:44,,266.25196304,0.0,0,,13937792667.692,0.0,0.0,272
1,[],22,[],2019-03-07 23:27:50,203116.74,0.00000095,0.000000000036744195,6872029,2019-03-07 23:27:50,BTC,74.45437649,0.0,0.00000095,"BTC,LTC",33883.48778575859,0.011383,0.07309162,281
1,[],22,[],2019-03-07 23:27:54,684903.4858299595,0.00000019,0.000000000007348839,6872030,2019-03-07 23:27:54,BTC,0.49813745,0.0,0.00000019,BTC,111309.4291007584,0.06829692,0.01845572,286
0,[],22,[],2019-03-07 23:27:57,0.0,0,0,6872031,2019-03-07 23:27:57,,43638.74003002,0.0,0,,691637845.0,0.0,0.0,294
