pairValue,buyBook,exchangeId,sellBook,updated,buyTotal,satoshiPrice,usdPrice,exchangeLogId,created,bestPair,sellTotalBtc,volume,pairPrice,activePairs,sellTotal,volumeBtc,buyTotalBtc,coinId
1,[],3,[],2019-07-03 01:57:54,31394.474848503,0.00805052000000000024526602970809108228422701358795166015625,0.000000911758422392,7790156,2019-07-03 01:57:54,btc,12.775426489795189,75.5455456677,0.00805052000000000024526602970809108228422701358795166015625,btc,37.739401321284,0.0,0.2527715839508405,1
1,[],4,[],2019-07-03 01:57:55,208238.08852538,0.00785241,0.000000889321553586,7790157,2019-07-03 01:57:55,btc,9.065734446836032,0.0,0.00785241,btc,404.51961351,7.09342265,0.5315725308569232,1
1,[],5,[],2019-07-03 01:57:57,0.0,0,0,7790158,2019-07-03 01:57:57,btc,0.0,0.03620358,0,btc,0.0,0.0,0.0,1
1,[],10,[],2019-07-03 01:58:00,246684.8600096,0.0029233,0.00000033107717218,7790159,2019-07-03 01:58:00,btc,6525.522575772909,1548.64998886,0.0029233,btc,1903.9068885,0.0,1.4717603657522669,1
1,[],12,[],2019-07-03 01:58:03,98.78115371,0.00787000000000000025923707624997405218891799449920654296875,0.000000891313702,7790160,2019-07-03 01:58:03,btc,0.6536602451293,0.0,0.00787000000000000025923707624997405218891799449920654296875,btc,29.71138601,2.090867497084,0.1514315100894,1
1,[],20,[],2019-07-03 01:58:05,928.9672,0.008250097,0.0000009343614356962,7790161,2019-07-03 01:58:05,btc,0.1432363681916,1.0794,0.008250097,btc,10.5338,0.0112175909809,0.1300855963235,1
1,[],21,[],2019-07-03 01:58:06,2468.00705548,0.007890430000000000360094176699,0.000000893627493478,7790162,2019-07-03 01:58:06,btc,7.663784142590722,6522.46620906,0.0078904300000000003600941766990217729471623897552490234375,"btc,eth",1359.02713213,49.46315056688456,13.57921343244999,1
1,[],22,[],2019-07-03 01:58:10,0.5199,0.00150000,0.0000001698819,7790163,2019-07-03 01:58:10,BTC,0.01681976,0.0,0.00150000,BTC,0.2717810146658512,0.0,0.00077189,1
1,[],24,[],2019-07-03 01:58:11,0.0,0.000000000000,0,7790164,2019-07-03 01:58:11,btc,0.0,0.0,0.000000000000,btc,0.0,0.0,0.0,1
0.0,[],25,[],2019-07-03 01:58:11,0.0,0,0,7790165,2019-07-03 01:58:11,btc,32.17709999886187,9121.99396572,0.0,btc,3914.13788648,73.34,0.0,1
1,[],26,[],2019-07-03 01:58:16,0.0,0,0,7790166,2019-07-03 01:58:16,,0.0,0.0,0,,0.0,0.0,0.0,1
1,[],28,[],2019-07-03 01:58:18,1039.924,0.00730000,0.00000082675858,7790167,2019-07-03 01:58:18,btc,0.373339197,122889.4049,0.00730000,btc,23.6711,0.0,0.268011296,1
0,[],2,[],2019-01-20 23:28:45,0.0,0,0,6477011,2019-01-20 23:28:45,,0.0,0.0,0,,0.0,0.0,0.0,1
1,[],5,[],2019-06-17 14:29:02,0.0,0,0,7740076,2019-06-17 14:29:02,btc,0.0,2.72e-05,0,btc,0.0,0.0,0.0,2
1,[],22,[],2019-06-17 14:29:06,11550.3,0.0000002,0.0000000000185828,7740077,2019-06-17 14:29:06,BTC,21.00897301,0.0,0.0000002,"BTC,XMR",20678.87287795317,1.754e-05,0.00143681,2
1,[],5,[],2019-06-03 14:48:58,0.0,0,0,7731126,2019-06-03 14:48:58,btc,0.0,0.05905545,0,btc,0.0,0.0,0.0,3
1,[],12,[],2019-06-03 14:48:59,3468623.70302,0.000000116,0.000000000009823402000000002,7731127,2019-06-03 14:48:59,btc,169531.0336573751,0.0,0.000000116,btc,2361209.62379607,0.041350953071,0.33764769154428,3
0,[],28,[],2019-06-03 14:49:00,0.0,0,0,7731128,2019-06-03 14:49:00,,0.0,0.0,0,,0.0,0.0,0.0,3
0,[],2,[],2019-01-20 23:31:32,0.0,0,0,6477077,2019-01-20 23:31:32,,0.0,0.0,0,,0.0,0.0,0.0,4
1,[],4,[],2019-05-18 21:29:50,562734.9206932,0.00000010,0.000000000007298720000000001,7650946,2019-05-18 21:29:50,btc,41.9347137769675,0.0,0.00000010,btc,1123702.32192634,0.00052462,0.029254593370966,4
0,[],12,[],2019-06-02 05:03:43,0.0,0,0,7724919,2019-06-02 05:03:43,btc,625.901992874995,0.0,0,btc,1211362.4995005,0.0,0.0,5
0,[],2,[],2019-01-20 23:31:51,0.0,0,0,6477087,2019-01-20 23:31:51,,0.0,0.0,0,,0.0,0.0,0.0,6
1,[],11,[],2019-07-03 01:58:20,4305910.27673599,0.00000001,0.000000000001132546,7790168,2019-07-03 01:58:20,btc,9583.61440324221,317319.0,0.00000001,btc,78212351.53970686,0.0,0.0430591027673599,6
1,[],3,[],2019-07-03 01:58:20,12672.758349631742,0.0000621899999999999991869004123401509787072427570819854736328125,0.000000007043303573999999,7790169,2019-07-03 01:58:20,btc,1026.2857700332668,627.29874475,0.0000621899999999999991869004123401509787072427570819854736328125,btc,379.049783394402,0.0,0.02144198856395677,7
1,[],4,[],2019-07-03 01:58:21,318718.48806189,0.00007361,0.000000008336671105999999,7790170,2019-07-03 01:58:21,btc,8.08853333894916,0.0,0.00007361,btc,51686.66934351,2.64430829,2.2314566661692625,7
1,[],5,[],2019-07-03 01:58:23,0.0,0,0,7790171,2019-07-03 01:58:23,btc,0.0,0.26595698,0,btc,0.0,0.0,0.0,7
1,[],20,[],2019-04-07 22:06:50,3201475.0482,0.000000001,0.000000000000051590000000000004,7213932,2019-04-07 22:06:50,btc,30.8005781811902,0.0,0.000000001,btc,23077405.3926,0.0,0.0032014750482,8
0,[],2,[],2019-01-20 23:22:42,0.0,0,0,6476876,2019-01-20 23:22:42,,0.0,0.0,0,,0.0,0.0,0.0,9
0,[],23,[],2019-01-20 23:22:48,0.0,0,0,6476878,2019-01-20 23:22:48,,0.0,0.0,0,,0.0,0.0,0.0,9
1,[],4,[],2019-07-03 01:58:25,1999581.18450858,0.00000040,0.00000000004530184,7790172,2019-07-03 01:58:25,btc,2.7970892011425263,0.0,0.00000040,btc,3039908.81003035,0.14574621,0.362727913182667,9
1,[],28,[],2019-07-03 01:58:27,20043.809,0.00000042,0.000000000047566931999999997,7790173,2019-07-03 01:58:27,btc,2708.79281520645,104507.0,0.00000042,btc,55180.794,0.0,0.00270157978,9
1,[],1,[],2019-02-17 23:31:42,1822507.21,0.00000181000000000000003456111265232042484285557293333113193511962890625,0.000000000066086901,6701244,2019-02-17 23:31:42,btc,3.6990969245,17153386.5,0.00000181000000000000003456111265232042484285557293333113193511962890625,btc,1997391.71,31.11772986,3.2610482446,9
1,[],4,[],2019-02-17 11:22:43,4341674.27126056,0.00000002,0.0000000000007272960000000001,6696112,2019-02-17 11:22:43,btc,0.1997230937751353,0.0,0.00000002,btc,4109766.79808031,0.00215132,0.0479381022052112,10
0,[],2,[],2019-01-20 23:23:08,0.0,0,0,6476890,2019-01-20 23:23:08,,0.0,0.0,0,,0.0,0.0,0.0,12
1,[],4,[],2019-07-03 01:58:28,7828617.58195535,0.00000025,0.000000000028313649999999997,7790174,2019-07-03 01:58:28,btc,7.615978613085239,0.0,0.00000025,btc,9317455.83610153,0.58690056,0.6383891070409076,12
1,[],5,[],2019-07-03 01:58:29,0.0,0,0,7790175,2019-07-03 01:58:29,btc,0.0,0.08200952,0,btc,0.0,0.0,0.0,12
0.0,[],25,[],2019-07-03 01:58:31,0.0,0,0,7790176,2019-07-03 01:58:31,,0.0,0.0,0.0,btc,0.0,0.0,0.0,12
1,[],4,[],2019-07-03 01:58:32,555233.67312994,0.00000259,0.000000000293329414,7790177,2019-07-03 01:58:32,btc,2.185225015017123,0.0,0.00000259,btc,410836.57426583,0.21175681,0.2889109640468931,13
1,[],21,[],2019-07-03 01:58:35,5463383.60463635,0.000002590000000000000189847053009,0.000000000293329414,7790178,2019-07-03 01:58:35,btc,2.2675377199149307,590911.15721348,0.00000259000000000000018984705300872928290800700779072940349578857421875,btc,636894.06819342,1.55947815,2.6868180325966193,13
1,[],10,[],2019-07-03 00:33:06,604935.57025367,0.0000025,0.00000000027917575000000005,7790011,2019-07-03 00:33:06,btc,666798.5420986293,12438.6114279,0.0000025,btc,1076534.96189356,0.0,0.2469679725125617,13
1,[],4,[],2019-07-03 01:58:36,1072302.48882797,0.00000032,0.000000000036241472,7790179,2019-07-03 01:58:36,btc,2.8474650800946493,0.0,0.00000032,btc,739821.31471104,0.05143235,0.0933127506067032,14
1,[],12,[],2019-07-03 01:58:37,206660.20530295,0.00000042,0.000000000047566931999999997,7790180,2019-07-03 01:58:37,btc,186.35476785649635,0.0,0.00000042,btc,36074.83695007,3.0275664e-05,0.0107021599999672,14
1,[],26,[],2019-07-03 02:00:37,0.0,0.00000050,0.000000000056627299999999995,7790181,2019-07-03 02:00:37,btc,0.0,0.0,0.00000050,btc,0.0,0.0,0.0,14
0,[],17,[],2019-05-03 00:53:32,0.0,0,0,7558876,2019-05-03 00:53:32,btc,0.0,0.0,0,btc,0.0,0.0,0.0,14
0,[],4,[],2019-07-03 02:00:38,0.0,0,0,7790182,2019-07-03 02:00:38,,0.0,0.0,0,,0.0,0.0,0.0,15
,[],12,[],2018-12-01 15:15:48,204241.84496,0.00000489,0.000000000202473384,5260204,2018-12-01 15:15:48,btc,49.5475654835,0.0,,btc,35763.2193806,0.0163153972027625,0.0203389899998,15
1,[],4,[],2019-07-03 02:00:40,33605.45973074,0.00000824,0.000000000933217904,7790183,2019-07-03 02:00:40,btc,2.374245507997596,0.0,0.00000824,btc,17873.18432614,0.04311859,0.059685034069536,18
1,[],10,[],2019-07-03 02:00:42,408399.42291459,0.00000818,0.0000000009264226279999999,7790184,2019-07-03 02:00:42,btc,15.056879448549264,2828.18520583,0.00000818,btc,18393.63918142,0.0,0.3259650386928215,18
1,[],12,[],2019-07-03 02:00:44,2171.59724697,0.0000080600000000000007575884364285911942715756595134735107421875,0.000000000912832076,7790185,2019-07-03 02:00:44,btc,0.528408466930301,0.0,0.0000080600000000000007575884364285911942715756595134735107421875,btc,1922.12839621,8.06e-08,0.0045287230669621,18
0,[],2,[],2019-01-20 23:23:38,0.0,0,0,6476906,2019-01-20 23:23:38,,0.0,0.0,0,,0.0,0.0,0.0,18
0,[],17,[],2019-05-03 00:53:39,0.0,0,0,7558882,2019-05-03 00:53:39,btc,0.0,0.0,0,btc,0.0,0.0,0.0,18
1,[],3,[],2019-07-03 02:02:44,162075.03094025,0.000008039999999999999255009992815690367251590942032635211944580078125,0.0000000009105669839999999,7790186,2019-07-03 02:02:44,btc,193.22196816124944,15936.0573282,0.000008039999999999999255009992815690367251590942032635211944580078125,btc,18970.118879280635,0.0,0.11023745949519931,19
1,[],4,[],2019-07-03 02:02:45,289884.89284353,0.00000630,0.0000000007135039799999999,7790187,2019-07-03 02:02:45,btc,2.900481064041539,0.0,0.00000630,btc,214941.02009552,0.15549859,1.1691952278222228,19
1,[],5,[],2019-07-03 02:02:47,0.0,0,0,7790188,2019-07-03 02:02:47,btc,0.0,0.0,0,btc,0.0,0.0,0.0,19
1,[],12,[],2019-07-03 02:02:49,107429.42509062,0.000005800000000000000372813759030865554677802720107138156890869140625,0.00000000065687668,7790189,2019-07-03 02:02:49,btc,0.3656940202532043,0.0,0.000005800000000000000372813759030865554677802720107138156890869140625,btc,3008.56634116,0.0,0.0102768599997838,19
0,[],27,[],2019-07-03 02:02:54,0.0,0,0,7790190,2019-07-03 02:02:54,,0.0,0.0,0,btc,0.0,0.0,0.0,19
0,[],2,[],2019-01-20 23:24:19,0.0,0,0,6476924,2019-01-20 23:24:19,,0.0,0.0,0,,0.0,0.0,0.0,19
1,[],4,[],2019-07-03 02:02:55,9925191.09278478,0.00000005,0.00000000000566273,7790191,2019-07-03 02:02:55,btc,5.160614082205169,0.0,0.00000005,btc,2226103.13343337,0.0,0.1102994166205056,20
0,[],4,[],2019-07-03 02:02:56,0.0,0,0,7790192,2019-07-03 02:02:56,,13630.874493644571,0.0,0,,166276624.1737067,0.0,0.0,21
0,[],12,[],2019-07-03 02:02:58,0.0,0,0,7790193,2019-07-03 02:02:58,btc,2602.9596942075027,0.0,0,btc,9905028.54845151,3.996e-08,0.0,21
0,[],17,[],2019-05-03 00:53:51,0.0,0,0,7558891,2019-05-03 00:53:51,btc,0.0,0.0,0,btc,0.0,0.0,0.0,21
1,[],12,[],2019-07-03 02:05:01,6253467829.864567,0.0000000006,0.00000000000006795276,7790194,2019-07-03 02:05:01,btc,1426620312755.411,0.0,0.0000000006,btc,3523065796.730402,0.146223914592,1.9771598821454834,23
0.000000000261698,[],27,[],2019-07-03 02:05:07,34752173.60039952,8.112638e-17,9.187935716347999e-21,7790195,2019-07-03 02:05:07,eth,1280.4833560192228,5104556.7062937,0.00000031,eth,4217574.5506114,4.1411420736084e-10,5.592460889280806e-10,23
1,[],4,[],2019-06-22 05:45:29,6100414.07522138,0.00000017,0.00000000001823352,7751732,2019-06-22 05:45:29,btc,10.22685272773715,0.0,0.00000017,btc,1790815.48208265,0.0,0.1345450262400025,24
0,[],22,[],2019-06-22 05:45:31,0.0,0,0,7751733,2019-06-22 05:45:31,,6.22e-05,0.0,0,,517.4264705882352,0.0,0.0,24
0.0,[],25,[],2019-06-22 05:45:32,0.0,0,0,7751734,2019-06-22 05:45:32,,0.0,0.0,0.0,btc,0.0,0.0,0.0,24
1,[],4,[],2019-07-03 02:05:08,26973241.49722189,0.00000360,0.00000000040771656,7790196,2019-07-03 02:05:08,btc,7.344230555087518,0.0,0.00000360,btc,200699.95885942,0.11768554,0.4932511056506411,26
1,[],10,[],2019-07-03 02:05:10,128701.99273798,0.0000046,0.00000000052097116,7790197,2019-07-03 02:05:10,btc,26.15781385259326,5068.25368759,0.0000046,btc,19877.13250604,0.0,0.0474473763599126,26
0,[],2,[],2019-01-20 23:25:56,0.0,0,0,6476976,2019-01-20 23:25:56,,0.0,0.0,0,,0.0,0.0,0.0,26
1,[],5,[],2019-04-26 09:47:06,0.0,0,0,7465326,2019-04-26 09:47:06,btc,0.0,0.0,0,btc,0.0,0.0,0.0,27
1,[],3,[],2019-06-17 14:30:26,13571825.64059417,0.00000001,0.00000000000092914,7740112,2019-06-17 14:30:26,btc,3.485049956644059,4264730.43754,0.00000001,btc,23500048.28518193,0.0,0.1357182564059417,27
1,[],11,[],2019-06-17 14:30:28,2031833.58157834,0.00000001,0.00000000000092914,7740113,2019-06-17 14:30:28,btc,67502.92060589766,32677.9652116,0.00000001,btc,6487362.95640949,0.0,0.0203183358157834,27
0.00000000010776940000000001,[],4,[],2019-07-03 02:05:12,475460792.8059889,8.190474400000001e-17,9.2760890198224e-21,7790198,2019-07-03 02:05:12,ltc,10.48502835474049,0.0,0.00000076,ltc,672861572.2623228,0.00093547,7.0164289615963046e-09,29
1,[],7,[],2019-07-03 02:05:13,0.0,0,0,7790199,2019-07-03 02:05:13,btc,46548272.65995731,1602.0,0,btc,50633012.20551066,1.602e-05,0.0,29
1,[],4,[],2019-07-03 02:05:14,15359002.5410687,0.00000004,0.000000000004530184,7790200,2019-07-03 02:05:14,btc,2.573393984778842,0.0,0.00000004,btc,2249253.14278687,0.00146198,0.1709152535133902,30
0,[],17,[],2019-05-03 01:11:25,0.0,0,0,7559066,2019-05-03 01:11:25,btc,0.0,0.0,0,btc,0.0,0.0,0.0,30
1,[],4,[],2019-07-03 02:07:16,229476.89948357,0.00003168,0.0000000035879057279999998,7790201,2019-07-03 02:07:16,btc,3.7196277967760274,0.0,0.00003168,btc,58451.72768154,0.3245368,0.6204089474097635,31
1,[],21,[],2019-07-03 02:07:17,341674.62510078,0.00003295000000000000131474692244,0.00000000373173907,7790202,2019-07-03 02:07:17,btc,4.192358916195224,209294.31587343,0.000032950000000000001314746922442822096854797564446926116943359375,btc,100233.60740513,7.34302049,3.291204102964191,31
0,[],2,[],2019-01-20 23:28:43,0.0,0,0,6477009,2019-01-20 23:28:43,,0.0,0.0,0,,0.0,0.0,0.0,32
0,[],4,[],2019-07-03 02:07:18,0.0,0,0,7790203,2019-07-03 02:07:18,,0.0,0.0,0,,0.0,0.0,0.0,33
1,[],12,[],2019-03-30 07:55:10,40641173.964,0.00000003,0.000000000001228359,7108785,2019-03-30 07:55:10,btc,4233210.82356125,0.0,0.00000003,btc,28378394.68333462,0.0126927883965248,0.90752895892,33
0.00000000010776940000000001,[],4,[],2019-07-03 02:07:20,148161628.1554576,5.3884700000000004e-17,6.10269014462e-21,7790204,2019-07-03 02:07:20,ltc,4.569281506643012,0.0,0.0000005,ltc,168683377.52494887,0.0,6.187381412246065e-10,34
1,[],5,[],2019-07-03 02:07:21,0.0,0,0,7790205,2019-07-03 02:07:21,btc,0.0,0.00161471,0,btc,0.0,0.0,0.0,34
0.0000000002926451,[],17,[],2019-05-02 18:17:47,200000.0,2.9264510000000002e-18,1.596703856561e-22,7556430,2019-05-02 18:17:47,eth,0.20942468735267253,0.0,0.00000001,"btc,eth",1018272.20243647,0.0,5.852902e-13,36
0.0000000001311821,[],4,[],2019-05-31 13:28:19,2417517744.0607657,1.311821e-18,1.105058333085e-22,7717483,2019-05-31 13:28:19,ltc,5.019900492391546e-08,0.0,0.00000001,ltc,7102398142.262129,0.0,3.171350544531538e-09,36
1,[],5,[],2019-05-31 13:28:21,0.0,0,0,7717484,2019-05-31 13:28:21,btc,0.0,0.0,0,btc,0.0,0.0,0.0,36
0.0000000003108179,[],27,[],2019-05-31 13:30:34,10388811.226876,6.216358000000001e-18,5.236566733830001e-22,7717485,2019-05-31 13:30:34,eth,1569.8708019850988,761866.634299,0.00000002,"ltc,eth",5084024.2511555,4.736034912207001e-12,3.3251980286483705e-11,36
1,[],4,[],2019-06-25 10:05:55,10747826.61931615,0.00000014,0.000000000015920562,7762320,2019-06-25 10:05:55,btc,19773.05513423956,0.0,0.00000014,btc,682946.14349671,0.0006293,0.1362851255028938,37
1,[],12,[],2019-06-25 10:05:57,4167862.54235103,0.00000013,0.000000000014783379,7762321,2019-06-25 10:05:57,btc,7.381091518261743,0.0,0.00000013,btc,1713444.53926904,0.016313049979,0.1478110147956336,37
1,[],27,[],2019-06-25 10:08:02,10970.0,0.00000019,0.000000000021606477,7762322,2019-06-25 10:08:02,btc,22.62970013895233,0.0,0.00000019,btc,4298.824295,0.0,0.00167419,37
1,[],17,[],2019-05-03 01:11:36,211752.74075282,0.00000025,0.000000000013700074999999998,7559074,2019-05-03 01:11:36,btc,0.055484923955058496,0.0,0.00000025,"btc,eth",1387.19918473,0.0,0.0005381851887916605,37
1,[],5,[],2019-07-03 02:07:22,0.0,0,0,7790206,2019-07-03 02:07:22,btc,0.0,0.19560096,0,btc,0.0,0.0,0.0,42
1,[],12,[],2019-07-03 02:07:23,194264.15842965,0.000001349999999999999991849510168340220417348973569460213184356689453125,0.00000000015289370999999998,7790207,2019-07-03 02:07:23,btc,525.2786325499956,0.0,0.000001349999999999999991849510168340220417348973569460213184356689453125,btc,146896.99627081,0.087008195532,0.04686912620351,42
1,[],27,[],2019-07-03 02:07:30,10300.0,0.00000003,0.0000000000033976379999999997,7790208,2019-07-03 02:07:30,btc,0.07600425,0.0,0.00000003,"btc,eth",18.0,0.0,0.000306,42
1,[],12,[],2019-03-13 09:13:29,1112112.0,0.00000001,0.000000000000386531,6919902,2019-03-13 09:13:29,btc,29058.00478931866,0.0,0.00000001,btc,5967681.93306694,9.99000999e-07,0.01112112,43
1,[],5,[],2019-04-26 22:38:52,0.0,0,0,7474154,2019-04-26 22:38:52,btc,0.0,0.02638891,0,btc,0.0,0.0,0.0,43
0,[],17,[],2019-04-26 22:38:53,0.0,0,0,7474155,2019-04-26 22:38:53,btc,0.0,0.0,0,btc,0.0,0.0,0.0,43
1,[],12,[],2019-03-05 01:54:08,639326.02,0.00000004,0.000000000001486676,6845775,2019-03-05 01:54:08,btc,11116042.728239931,0.0,0.00000004,btc,1103841.4595604,0.0003330765234764,0.014975410599999999,44
0.00000000010776940000000001,[],4,[],2019-07-03 02:07:30,109811208.90271801,4.6340842000000003e-17,5.2483135243732e-21,7790209,2019-07-03 02:07:30,ltc,2762.2223685781664,0.0,0.00000043,ltc,28239976.3879774,0.0,4.870575843209125e-10,49
0.00000000010776940000000001,[],4,[],2019-07-03 02:07:31,320641012.6355337,2.155388e-17,2.441076057848e-21,7790210,2019-07-03 02:07:31,ltc,28254.192127671824,0.0,0.0000002,ltc,195348944.1912648,0.0,2.0459751085230346e-09,52
0,[],22,[],2019-07-02 14:32:00,0.0,0,0,7788319,2019-07-02 14:32:00,,10289.80784133,0.0,0,,287058287.4566013,0.0,0.0,57
0,[],27,[],2019-07-02 14:32:07,0.0,0,0,7788320,2019-07-02 14:32:07,,0.0,0.0,0,"btc,eth",0.0,0.0,0.0,57
0,[],4,[],2019-07-03 02:07:32,0.0,0,0,7790211,2019-07-03 02:07:32,,19.719120918814667,0.0,0,,6107901353.982692,0.0,0.0,58
0,[],12,[],2019-07-03 02:07:33,0.0,0,0,7790212,2019-07-03 02:07:33,btc,654781711.1279439,0.0,0,btc,3775893220.7611957,4.329172e-06,0.0,58
0.0000000000786245,[],22,[],2019-07-03 02:09:37,126877.0,7.86245e-19,8.9045862977e-23,7790213,2019-07-03 02:09:37,XMR,68.17454206,0.0,0.00000001,XMR,9626402.6,0.0,0.00126877,58
1,[],17,[],2019-05-03 01:12:09,1200000.0,0.0000000001,0.00000000000000548003,7559085,2019-05-03 01:12:09,btc,1e+24,0.0,0.0000000001,"btc,eth",39516342.31952568,0.0,0.00010000000058666061,58
1,[],5,[],2019-06-17 14:31:27,0.0,0,0,7740135,2019-06-17 14:31:27,btc,0.0,0.00079154,0,btc,0.0,0.0,0.0,61
1,[],22,[],2019-06-17 14:31:30,13612.833333333334,0.00000012,0.00000000001114968,7740136,2019-06-17 14:31:30,BTC,1002.29123003,0.0,0.00000012,BTC,15014.200177125656,0.0,0.00153257,61
1,[],26,[],2019-06-17 14:31:30,0.0,0.00000050,0.000000000046457,7740137,2019-06-17 14:31:30,btc,0.0,0.0,0.00000050,btc,0.0,0.0,0.0,61
1,[],27,[],2019-06-17 14:31:36,8400.0,0.00000018,0.00000000001672452,7740138,2019-06-17 14:31:36,btc,1.9742539297246655,0.0,0.00000018,"btc,eth",10953.51663696,0.0,0.001512,61
0,[],28,[],2019-06-17 14:31:38,0.0,0,0,7740139,2019-06-17 14:31:38,,0.0,0.0,0,,0.0,0.0,0.0,61
1,[],4,[],2019-07-03 02:09:39,2322100.38027193,0.00000041,0.000000000046434386,7790214,2019-07-03 02:09:39,btc,3.1388698265794126,0.0,0.00000041,btc,1211411.06111184,0.11509289,0.2942770649112542,67
0.0,[],25,[],2019-07-03 02:09:42,0.0,0,0,7790215,2019-07-03 02:09:42,,0.0,0.0,0.0,btc,0.0,0.0,0.0,67
1,[],12,[],2019-06-02 06:23:14,910048.355,0.00000006,0.000000000005154929999999999,7725270,2019-06-02 06:23:14,btc,5.167005424215783,0.0,0.00000006,btc,738530.60239759,0.003159757462,0.0187188113,71
,[],5,[],2018-11-20 23:02:39,1.5e-07,0.00000005,0.000000000002128045,4862160,2018-11-20 23:02:39,btc,2.84511358,0.0,,btc,0.00036572,0.0,0.07381892,74
1,[],5,[],2019-07-03 02:09:43,0.0,0,0,7790216,2019-07-03 02:09:43,btc,0.0,0.00515438,0,btc,0.0,0.0,0.0,75
1,[],4,[],2019-06-04 03:25:15,715281.46076168,0.00000001,0.000000000000803619,7734085,2019-06-04 03:25:15,btc,581089.6218469425,0.0,0.00000001,btc,37692563.61091116,0.0,0.0071528146076168,81
0,[],20,[],2019-01-25 09:30:31,0.0,0,0,6495923,2019-01-25 09:30:31,btc,0.0,0.0,0,btc,0.0,0.0,0.0,81
1,[],4,[],2019-07-03 02:09:44,187252.98832738,0.00007100,0.0000000080410766,7790217,2019-07-03 02:09:44,btc,58.96512550514961,0.0,0.00007100,btc,125206.44074177,0.59812578,0.4385306251111208,82
1,[],21,[],2019-07-03 02:09:46,287366.57992774,0.00007250999999999999524706584264,0.000000008212091045999999,7790218,2019-07-03 02:09:46,btc,5.307080005470666,5297.19776182,0.00007250999999999999524706584264066577816265635192394256591796875,btc,53045.94983674,0.38696539,3.326481969926563,82
0,[],17,[],2019-03-25 22:42:34,0.0,0,0,7038780,2019-03-25 22:42:34,btc,0.0445064681804024,0.0,0,btc,995513.18476001,0.0,0.0,84
0.0000000001161485,[],4,[],2019-05-20 13:09:39,216715621.0206096,1.161485e-18,9.0533806701e-23,7657228,2019-05-20 13:09:39,ltc,1.6511566870244727,0.0,0.00000001,ltc,471032407.9048656,0.0,2.5171194308112273e-10,85
,[],22,[],2018-11-20 23:09:34,3408.1,0.0000001,0.0000000000041895,4862324,2018-11-20 23:09:34,BTC,0.04624735,0.0,,BTC,4990.0,0.0,0.00033081,86
1,[],22,[],2019-06-26 09:07:19,62694.0,0.00000005,0.0000000000063518149999999994,7766682,2019-06-26 09:07:19,BTC,1.85249053,0.0,0.00000005,BTC,287024.94736842107,0.0003,0.00062846,87
1,[],27,[],2019-06-26 09:07:25,361781.0,0.0000002,0.000000000025407259999999998,7766683,2019-06-26 09:07:25,btc,19.86923154858,99950.0,0.0000002,btc,548343.482,0.01999,0.01237888,87
,[],2,[],2018-11-20 23:10:47,0.0,0,0,4862359,2018-11-20 23:10:47,,0.0,0.0,,,0.0,0.0,0.0,88
1,[],11,[],2019-06-17 14:31:59,193715.3529613,0.000073310000000000001140094962881477158589405007660388946533203125,0.00000000681152534,7740147,2019-06-17 14:31:59,btc,168.35454702024953,5791.70569014,0.000073310000000000001140094962881477158589405007660388946533203125,btc,196971.41170107,0.0,1.1996165759440112,89
0,[],2,[],2019-01-20 23:31:45,0.0,0,0,6477083,2019-01-20 23:31:45,,0.0,0.0,0,,0.0,0.0,0.0,91
1,[],12,[],2019-07-03 02:09:47,398343.40285178,0.00000029,0.000000000032843833999999996,7790219,2019-07-03 02:09:47,btc,122.17462012312524,0.0,0.00000029,btc,295682.58866054,0.000328265378,0.0261958619538382,91
1,[],22,[],2019-07-03 02:11:52,75900.0,0.00000001,0.000000000001132546,7790220,2019-07-03 02:11:52,BTC,0.495,0.0,0.00000001,"BTC,LTC",4.95,0.0,0.001659,91
0,[],17,[],2019-05-03 01:12:26,0.0,0,0,7559096,2019-05-03 01:12:26,btc,0.0,0.0,0,btc,0.0,0.0,0.0,91
1,[],22,[],2019-07-03 02:11:57,94060.0,0.00000002,0.000000000002265092,7790221,2019-07-03 02:11:57,BTC,11.46046694,0.0,0.00000002,"BTC,LTC",341043.4683191416,0.0,0.0662712,95
0.00000000010776940000000001,[],4,[],2019-07-03 02:11:59,537294416.054819,2.6942350000000002e-17,3.05134507231e-21,7790222,2019-07-03 02:11:59,ltc,10.916296296282265,0.0,0.00000025,ltc,153908903.60553408,0.0,7.093001762455539e-10,96
0,[],12,[],2019-07-03 02:12:00,0.0,0,0,7790223,2019-07-03 02:12:00,btc,36.53971721651349,0.0,0,btc,9958979.65134864,1.998e-08,0.0,96
0,[],17,[],2019-05-03 01:12:32,0.0,0,0,7559100,2019-05-03 01:12:32,btc,0.0,0.0,0,btc,0.0,0.0,0.0,96
1,[],4,[],2019-04-14 03:32:46,1039404.33283278,0.00000038,0.000000000019245518,7293458,2019-04-14 03:32:46,btc,4.170086055365747,0.0,0.00000038,btc,3097704.34561074,0.06260606,0.1859928211030784,99
1,[],4,[],2019-07-03 01:50:45,184968.99264664,0.00001228,0.00000000139338704,7790115,2019-07-03 01:50:45,btc,8.290117521157878,0.0,0.00001228,btc,168960.87465304,0.27246403,0.4619256238109205,100
0,[],2,[],2019-01-20 23:23:55,0.0,0,0,6476914,2019-01-20 23:23:55,,0.0,0.0,0,,0.0,0.0,0.0,100
1,[],22,[],2019-06-05 06:30:35,150000.0,0.00000002,0.000000000001558192,7740007,2019-06-05 06:30:35,BTC,28.56386409,0.0,0.00000002,BTC,12787.719,0.0,0.0017,101
1,[],4,[],2019-07-03 01:50:45,449728.76805113,0.00000145,0.0000000001645286,7790116,2019-07-03 01:50:45,btc,882.2939145363383,0.0,0.00000145,btc,749754.46785879,0.01418825,0.0638439317718489,103
1,[],12,[],2019-06-17 14:32:14,179201505.10870332,0.000000005,0.00000000000046457,7740154,2019-06-17 14:32:14,btc,113577.79366343976,0.0,0.000000005,btc,79148141.67831126,0.019059029059,0.27280986350611003,105
1,[],27,[],2019-06-17 14:32:19,18306828.03496503,0.00000002,0.00000000000185828,7740155,2019-06-17 14:32:19,btc,180.7198218385489,1083.96503497,0.00000002,btc,276513.60142659,7.588e-05,0.3661365606993006,105
1,[],22,[],2019-04-21 00:17:26,21333.0,0.00000001,0.000000000000532493,7385819,2019-04-21 00:17:26,BTC,51.38182867,0.0,0.00000001,BTC,470435.0,0.0,0.00021333,107
1,[],26,[],2019-04-21 00:17:26,0.0,0.00000000,0,7385820,2019-04-21 00:17:26,btc,0.0,0.0,0.00000000,btc,0.0,0.0,0.0,107
1,[],5,[],2019-07-03 01:50:50,0.0,0,0,7790117,2019-07-03 01:50:50,btc,0.0,0.0,0,btc,0.0,0.0,0.0,112
0,[],22,[],2019-07-03 01:50:52,0.0,0,0,7790118,2019-07-03 01:50:52,,6.79500102,0.0,0,,3375892.0833333335,0.0,0.0,112
1,[],27,[],2019-07-03 01:50:59,1.0,0.00000001,0.00000000000113468,7790119,2019-07-03 01:50:59,btc,0.0,0.0,0.00000001,"btc,eth",0.0,0.0,1e-08,112
1,[],4,[],2019-07-03 01:51:00,995812.9791325,0.00000039,0.000000000044252519999999997,7790120,2019-07-03 01:51:00,btc,6.363355033423097,0.0,0.00000039,btc,995925.95429647,0.00512459,0.1205918374635036,113
1,[],5,[],2019-07-03 01:51:01,0.0,0,0,7790121,2019-07-03 01:51:01,btc,0.0,0.0,0,btc,0.0,0.0,0.0,113
1,[],17,[],2019-04-26 02:17:47,162738.278,0.00000004,0.0000000000021069000000000002,7461287,2019-04-26 02:17:47,btc,1.3331140273775473,0.0,0.00000004,btc,51796.221,0.0,0.00230953112,116
1,[],27,[],2019-05-22 05:13:01,210000.0,0.00000001,0.00000000000079145,7666372,2019-05-22 05:13:01,btc,3919.0005001478,0.0,0.00000001,btc,128660.871,0.0,0.0021,116
1,[],4,[],2019-05-21 22:31:11,138169.03963019,0.00000701,0.000000000558364025,7664793,2019-05-21 22:31:11,btc,150.95388250938234,0.0,0.00000701,btc,344631.17141974,0.07552974,0.4288357684941946,120
1,[],7,[],2019-05-21 22:31:12,3901.07750076,0.000010679999999999999389654892212320191902108490467071533203125,0.0000000008506887,7664794,2019-05-21 22:31:12,btc,231188.94669936574,0.0,0.000010679999999999999389654892212320191902108490467071533203125,btc,4133.83151364,0.0,0.0113888422364489,120
1,[],20,[],2019-04-07 18:42:29,1914137.0852,0.000000035,0.0000000000017871910000000002,7211992,2019-04-07 18:42:29,btc,32.2497668025648,25528.85,0.000000035,btc,1001975.4986,0.00089350975,0.0152723574729,125
1,[],22,[],2019-06-17 14:32:38,10000.0,0.00000001,0.00000000000092914,7740161,2019-06-17 14:32:38,BTC,0.032061,0.0,0.00000001,BTC,299316.7611111111,0.0,0.0001,126
0,[],2,[],2019-01-20 23:25:46,0.0,0,0,6476969,2019-01-20 23:25:46,,0.0,0.0,0,,0.0,0.0,0.0,131
1,[],17,[],2019-05-03 01:13:10,10000.0,0.00000001,0.000000000000548003,7559115,2019-05-03 01:13:10,btc,0.0953976503951408,0.0,0.00000001,btc,5037.62507334,0.0,0.0001,131
1,[],4,[],2019-07-01 04:28:32,590754.62293327,0.00000338,0.000000000376936248,7782890,2019-07-01 04:28:32,btc,2.8525130367360445,0.0,0.00000338,btc,192252.70961539,0.09127328,0.5629290691005338,131
1,[],4,[],2019-06-17 14:32:42,4848.49465417,0.00007919,0.00000000735785966,7740163,2019-06-17 14:32:42,btc,0.9905723729472744,0.0,0.00007919,btc,202.13055914,0.0,0.0061509344290166,135
1,[],3,[],2019-06-05 06:33:11,40600.27748212,0.00000001,0.000000000000779096,7740019,2019-06-05 06:33:11,btc,0.2308097808993716,2146378.52189,0.00000001,btc,2477992.76904676,0.0,0.0004060027748212,136
1,[],4,[],2019-07-03 01:51:03,297129.26014508,0.00000137,0.00000000015545116,7790122,2019-07-03 01:51:03,btc,112.55643336782059,0.0,0.00000137,btc,527696.39023895,0.01484217,0.2617318720950148,137
1,[],12,[],2019-07-03 01:51:04,67790.18231794,0.000001430000000000000072932653839841155019030338735319674015045166015625,0.00000000016225924,7790123,2019-07-03 01:51:04,btc,57.90307369520945,0.0,0.000001430000000000000072932653839841155019030338735319674015045166015625,btc,82371.41598678,0.0,0.0149520559999386,137
1,[],4,[],2019-07-03 01:51:05,387029.45348632,0.00001209,0.00000000137182812,7790124,2019-07-03 01:51:05,btc,11.820663438772547,0.0,0.00001209,btc,184903.46748164,0.95117683,0.4601425269251032,142
1,[],5,[],2019-07-03 01:51:06,0.0,0,0,7790125,2019-07-03 01:51:06,btc,0.0,0.03219549,0,btc,0.0,0.0,0.0,142
1,[],20,[],2019-07-03 01:53:08,112990.2943,0.000005948,0.000000000674907664,7790126,2019-07-03 01:53:08,btc,1.5682420697573,0.0,0.000005948,btc,9882.1432,0.0,0.0064236826654,142
1,[],22,[],2019-07-03 01:53:11,10820.0,0.00000600,0.0000000006808079999999999,7790127,2019-07-03 01:53:11,BTC,2.99759384,0.0,0.00000600,BTC,835.7198755539798,0.0,0.0053672,142
0.0,[],25,[],2019-07-03 01:53:14,0.0,0,0,7790128,2019-07-03 01:53:14,,0.0,0.0,0.0,btc,0.0,0.0,0.0,142
1,[],28,[],2019-07-03 01:53:34,76110.0,0.00001110,0.0000000012594948,7790129,2019-07-03 01:53:34,btc,0.438587390411,3404.0,0.00001110,btc,1381.1951,0.0,0.0042182,142
1,[],17,[],2019-05-03 01:13:16,32967.38636364,0.00000088,0.000000000048224264,7559122,2019-05-03 01:13:16,btc,20.06976206696776,0.0,0.00000088,btc,2746.079105,0.0,0.0105613000000032,142
0,[],22,[],2019-07-03 01:53:37,0.0,0,0,7790130,2019-07-03 01:53:37,,67.43964479,0.0,0,,716790536.7744589,0.0,0.0,143
0,[],22,[],2019-02-25 15:42:22,0.0,0,0,6783783,2019-02-25 15:42:22,,4.2131946,0.0,0,,2322156.0,0.0,0.0,146
,[],22,[],2018-11-20 23:01:11,0.0,0,0,4862114,2018-11-20 23:01:11,,2.56807021,0.0,,,61828.4988236,0.0,0.0,147
1,[],12,[],2019-04-21 06:38:04,193091.5971266,0.00000071,0.000000000037635183,7388679,2019-04-21 06:38:04,btc,2.301232411611175,0.0,0.00000071,btc,9957.48302385,0.00023528,0.0313308199999888,148
1,[],4,[],2019-03-19 21:31:25,255810.0415942,0.00000029,0.000000000011615747,6982695,2019-03-19 21:31:25,btc,218.94922712414143,0.0,0.00000029,btc,793529.37642722,0.00117,0.0608347789473395,152
0,[],22,[],2019-03-19 21:31:27,0.0,0,0,6982696,2019-03-19 21:31:27,,0.0,0.0,0,,0.0,0.0,0.0,152
1,[],5,[],2019-04-26 09:36:59,0.0,0,0,7465040,2019-04-26 09:36:59,btc,0.0,0.0,0,btc,0.0,0.0,0.0,153
,[],16,[],2019-01-11 15:38:59,0.0,0,0,6366141,2019-01-11 15:38:59,btc,0.0,0.0,,btc,0.0,0.0,0.0,155
0,[],23,[],2019-01-20 23:24:29,0.0,0,0,6476932,2019-01-20 23:24:29,,0.0,0.0,0,,0.0,0.0,0.0,156
0,[],22,[],2019-06-04 06:02:09,0.0,0,0,7734688,2019-06-04 06:02:09,,7.43375324,0.0,0,,5955762.942592593,0.0,0.0,156
1,[],22,[],2019-07-03 01:53:42,6996.0,0.00000001,0.00000000000113468,7790131,2019-07-03 01:53:42,BTC,1.7543039,0.0,0.00000001,BTC,57.0,0.0,6.996e-05,157
0,[],22,[],2019-05-21 23:40:32,0.0,0,0,7665049,2019-05-21 23:40:32,,50234.60468402,0.0,0,,54786159.03179465,0.0,0.0,158
,[],17,[],2018-11-20 22:56:10,0.0,0,0,4861976,2018-11-20 22:56:10,btc,1.1265625,0.0,,btc,1000.0,0.0,0.0,159
,[],20,[],2018-11-20 22:56:12,0.0,0,0,4861977,2018-11-20 22:56:12,btc,11912.7940471,0.0,,btc,34413894.3617,0.0,0.0,159
1,[],12,[],2019-05-24 02:51:20,9178.522006449999,0.00000191999999999999982841307998027158276954651228152215480804443359375,0.000000000151222656,7676256,2019-05-24 02:51:20,btc,149.80414728631675,0.0,0.00000191999999999999982841307998027158276954651228152215480804443359375,btc,1115.7451448499999,0.01783167678326,0.0120075778999181,168
1,[],17,[],2019-05-03 01:13:36,42852.0,0.00000002,0.000000000001096006,7559132,2019-05-03 01:13:36,btc,0.04279856251542,0.0,0.00000002,btc,274.46171372,0.0,0.00052852,168
1,[],22,[],2019-05-17 03:01:52,10.0,0.00000001,0.000000000000778341,7642059,2019-05-17 03:01:52,BTC,41.95893009,0.0,0.00000001,BTC,1753972.7737547632,0.0,1e-07,169
1,[],22,[],2019-05-30 08:38:18,202834.0,0.00000002,0.0000000000017416160000000001,7711049,2019-05-30 08:38:18,BTC,27.87002826,0.0,0.00000002,BTC,462189.5410507793,0.0,0.00211768,171
1,[],22,[],2019-05-29 08:05:18,349870.0,0.00000002,0.000000000001705894,7705265,2019-05-29 08:05:18,BTC,24.05907723,0.0,0.00000002,"BTC,LTC",1224285.4355616204,0.0,0.0039847,173
1,[],5,[],2019-07-03 01:53:44,0.0,0,0,7790132,2019-07-03 01:53:44,btc,0.0,0.01281833,0,btc,0.0,0.0,0.0,175
1,[],22,[],2019-06-17 14:33:12,90671.0,0.00000001,0.00000000000092914,7740175,2019-06-17 14:33:12,BTC,394.35459412,0.0,0.00000001,BTC,136275.61833431243,0.0,0.00090671,176
1,[],22,[],2019-07-03 01:53:48,30.0,0.00000001,0.00000000000113468,7790133,2019-07-03 01:53:48,BTC,1.00242428,0.0,0.00000001,BTC,57512.0,0.0,3e-07,178
1,[],7,[],2019-07-01 10:15:32,0.0,0,0,7783526,2019-07-01 10:15:32,btc,521516.2326888725,0.0,0,btc,26809253.73522063,0.0,0.0,178
0,[],2,[],2019-01-20 23:28:34,0.0,0,0,6477001,2019-01-20 23:28:34,,0.0,0.0,0,,0.0,0.0,0.0,178
1,[],5,[],2019-07-03 01:53:51,0.0,0,0,7790134,2019-07-03 01:53:51,btc,0.0,5e-06,0,btc,0.0,0.0,0.0,179
0,[],22,[],2019-07-03 01:53:53,0.0,0,0,7790135,2019-07-03 01:53:53,,9.36109844,0.0,0,,14660796.311946675,0.0,0.0,179
0,[],23,[],2019-01-20 23:25:08,0.0,0,0,6476952,2019-01-20 23:25:08,,0.0,0.0,0,,0.0,0.0,0.0,179
1,[],22,[],2019-07-03 01:55:58,751270.5363636364,0.00000037,0.000000000041983159999999995,7790136,2019-07-03 01:55:58,BTC,40.64466107,0.0,0.00000037,"BTC,LTC",197605.411571008,0.00191244,0.58808824,180
1,[],26,[],2019-07-03 01:55:58,0.0,0.00000010,0.0000000000113468,7790137,2019-07-03 01:55:58,btc,0.0,0.0,0.00000010,btc,0.0,0.0,0.0,180
1,[],17,[],2019-05-03 01:13:56,20504.725000000002,0.0000001,0.00000000000548003,7559141,2019-05-03 01:13:56,btc,5.2010695838400265,0.0,0.0000001,btc,5033.45945,0.0,0.0011504725,180
,[],7,[],2018-11-20 22:58:01,562227.975654,0.00000085,0.000000000036176765,4862015,2018-11-20 22:58:01,btc,21836.6059674,2491.87645172,,btc,749999.041456,0.00211021,0.127565380455,183
,[],5,[],2019-01-10 08:11:41,0.0,0,0,6347036,2019-01-10 08:11:41,btc,82.15055501,0.00261,,btc,1.19002445,0.0,0.0,187
,[],17,[],2018-11-16 20:58:10,4062536.27273,0.00000001,0.000000000000550501,4708775,2018-11-16 20:58:10,btc,3.36492563466,0.195460381006,,"btc,eth",110697919.549,0.0,0.0157628953496,187
1,[],24,[],2019-05-22 21:04:52,0.0,0.000000000014,0.0000000000000010960978,7670219,2019-05-22 21:04:52,btc,0.0,0.0,0.000000000014,btc,0.0,0.0,0.0,187
0,[],22,[],2019-04-25 02:54:07,0.0,0,0,7447896,2019-04-25 02:54:07,,7.54794454,0.0,0,,76361.7243344055,0.0,0.0,191
0,[],22,[],2019-06-17 14:33:34,0.0,0,0,7740182,2019-06-17 14:33:34,,0.0,0.0,0,,0.0,0.0,0.0,197
0,[],23,[],2019-01-20 23:31:41,0.0,0,0,6477079,2019-01-20 23:31:41,,0.0,0.0,0,,0.0,0.0,0.0,199
0,[],22,[],2019-07-03 01:56:01,0.0,0,0,7790138,2019-07-03 01:56:01,,10.58263174,0.0,0,,84280969.0,0.0,0.0,199
1,[],26,[],2019-07-03 01:56:01,0.0,0.00000000,0,7790139,2019-07-03 01:56:01,btc,0.0,0.0,0.00000000,btc,0.0,0.0,0.0,199
0,[],2,[],2019-01-20 23:30:49,0.0,0,0,6477059,2019-01-20 23:30:49,,0.0,0.0,0,,0.0,0.0,0.0,201
1,[],4,[],2019-01-25 15:51:35,2084389.58565343,0.00000936,0.000000000333526752,6499557,2019-01-25 15:51:35,btc,2.0092503037378524,0.0,0.00000936,btc,160195.80207885,0.19272417,1.242687955921835,211
1,[],7,[],2019-07-01 02:21:28,1170054124.6898527,0.00000018,0.000000000019815389999999997,7782694,2019-07-01 02:21:28,btc,1346735.6331920293,0.0,0.00000018,btc,5516233.71348162,0.0,11.954344045954047,212
1,[],12,[],2019-01-25 02:44:32,207462.42853209,0.000001080000000000000035831255497387193287295303889550268650054931640625,0.000000000038610756000000006,6493050,2019-01-25 02:44:32,btc,85023.03793723314,0.0,0.000001080000000000000035831255497387193287295303889550268650054931640625,btc,43675.73520027,0.000146250909087,0.0348620860622024,213
1,[],5,[],2019-05-30 00:07:46,0.0,0,0,7709357,2019-05-30 00:07:46,btc,0.0,0.06425239,0,btc,0.0,0.0,0.0,213
1,[],24,[],2019-05-30 00:07:46,0.0,0.000000399202,0.0000000000344859829346,7709358,2019-05-30 00:07:46,btc,0.0,0.0,0.000000399202,btc,0.0,0.0,0.0,213
1,[],26,[],2019-05-30 00:07:47,0.0,0.00000040,0.000000000034554919999999996,7709359,2019-05-30 00:07:47,btc,0.0,0.0,0.00000040,btc,0.0,0.0,0.0,213
0,[],22,[],2019-07-03 01:56:07,0.0,0,0,7790140,2019-07-03 01:56:07,,9.54523049,0.0,0,,3658586.2040649247,0.0,0.0,216
0,[],27,[],2019-07-03 01:56:14,0.0,0,0,7790141,2019-07-03 01:56:14,,1998.7971791893976,0.0,0,"btc,ltc",549178.29534794,0.0,0.0,216
1,[],22,[],2019-07-03 01:56:19,525513.3,0.0000002,0.0000000000226936,7790142,2019-07-03 01:56:19,BTC,12055.86536113,0.0,0.0000002,BTC,590944.099660349,0.00063484,0.03709044,217
0,[],27,[],2019-07-03 01:56:24,0.0,0,0,7790143,2019-07-03 01:56:24,,250.20642758069673,0.0,0,btc,46772.535837,0.0,0.0,219
0.0000000000000030619999999999997,[],28,[],2019-07-03 01:56:40,3312820234.054,6.913995999999999e-19,7.845172981279999e-23,7790144,2019-07-03 01:56:40,doge,125846.04510800431,7149.0,0.00022580,"btc,doge",120666781.230909,0.0,2.682583172262167e-11,219
1,[],7,[],2019-06-27 19:02:35,0.0,0,0,7772298,2019-06-27 19:02:35,btc,2123800.2774640615,0.0,0,btc,82333746.4752352,0.0,0.0,219
0,[],22,[],2019-06-26 23:36:41,0.0,0,0,7769178,2019-06-26 23:36:41,,56.75439223,0.0,0,,184664.6482738741,0.0,0.0,221
1,[],24,[],2019-06-26 23:36:41,0.0,0.000000030000,0.000000000003835668,7769179,2019-06-26 23:36:41,btc,0.0,0.0,0.000000030000,btc,0.0,0.0,0.0,221
1,[],20,[],2019-06-17 14:34:11,26882155.8301,0.000000003,0.000000000000278742,7740192,2019-06-17 14:34:11,btc,100050.81956632523,233521.3529,0.000000003,btc,38769742.8604,0.0007925640587,0.0306863532672,224
0,[],22,[],2019-06-17 14:34:13,0.0,0,0,7740193,2019-06-17 14:34:13,,0.0,0.0,0,,0.0,0.0,0.0,224
1,[],26,[],2019-07-03 01:56:41,0.0,0.00000022,0.00000000002496296,7790145,2019-07-03 01:56:41,btc,0.0,0.0,0.00000022,btc,0.0,0.0,0.0,231
1,[],26,[],2019-07-03 01:56:41,0.0,0.00000005,0.0000000000056734,7790146,2019-07-03 01:56:41,btc,0.0,0.0,0.00000005,btc,0.0,0.0,0.0,234
0.0000000002624827,[],27,[],2019-07-03 01:56:48,100.0,2.624827e-18,2.97833870036e-22,7790147,2019-07-03 01:56:48,eth,0.0,0.0,0.00000001,"btc,eth",0.0,0.0,2.6248270000000003e-16,234
1,[],4,[],2019-05-22 17:06:12,91780.56053785,0.00000078,0.000000000061977552,7669277,2019-05-22 17:06:12,btc,5.573372450018177,0.0,0.00000078,btc,729173.93529783,0.0,0.0307060663355679,236
1,[],24,[],2019-05-22 17:06:12,0.0,0.000000010000,0.000000000000794584,7669278,2019-05-22 17:06:12,btc,0.0,0.0,0.000000010000,btc,0.0,0.0,0.0,236
1,[],5,[],2019-07-03 01:56:49,0.0,0,0,7790148,2019-07-03 01:56:49,btc,0.0,0.3451335,0,btc,0.0,0.0,0.0,237
1,[],22,[],2019-07-03 01:56:55,2087097.0,0.00000003,0.0000000000034040399999999997,7790149,2019-07-03 01:56:55,BTC,1.20109922,0.0,0.00000003,"BTC,LTC",14430.948717948719,0.00091591,0.02685955,237
1,[],20,[],2019-07-03 00:31:36,128238828.7501,0.000000057,0.000000000006253071,7789981,2019-07-03 00:31:36,btc,548.9269686072013,10925001.3248,0.000000057,btc,43646774.7806,0.6363861602763,0.8575639278834,237
1,[],4,[],2019-07-03 01:56:57,27917525.947447,0.00000006,0.000000000006808079999999999,7790150,2019-07-03 01:56:57,btc,3.013424380017615,0.0,0.00000006,btc,14809782.70489719,0.24540492,0.45933080530234,238
1,[],5,[],2019-07-03 01:56:59,0.0,0,0,7790151,2019-07-03 01:56:59,btc,0.0,0.00593887,0,btc,0.0,0.0,0.0,238
0,[],22,[],2019-03-12 16:49:32,0.0,0,0,6914458,2019-03-12 16:49:32,,0.40415746,0.0,0,,526736.5639027493,0.0,0.0,249
0,[],22,[],2019-05-28 23:53:45,0.0,0,0,7703643,2019-05-28 23:53:45,,13.44714864,0.0,0,,43777534.3426455,0.0,0.0,252
1,[],28,[],2019-07-03 01:57:13,1008583.88,0.00000005,0.0000000000056734,7790152,2019-07-03 01:57:13,btc,3.54483652288,178628.8,0.00000005,btc,4979364.7334,0.0,0.032246389,256
1,[],22,[],2019-07-03 01:57:18,477443.0,0.00000001,0.00000000000113468,7790153,2019-07-03 01:57:18,BTC,31471.48537874,0.0,0.00000001,"BTC,LTC",1164536.0289488921,0.00019,0.00717443,258
1,[],22,[],2019-05-19 18:12:02,400.0,0.00000001,0.0000000000007957800000000001,7653905,2019-05-19 18:12:02,BTC,2.415167,0.0,0.00000001,BTC,157.0,0.0,4e-06,259
1,[],5,[],2019-07-02 14:44:15,0.0,0,0,7788374,2019-07-02 14:44:15,btc,0.0,0.02775788,0,btc,0.0,0.0,0.0,264
1,[],20,[],2019-07-02 14:44:17,953070.9962,0.000000178,0.000000000017956461999999998,7788375,2019-07-02 14:44:17,btc,1.1507330656826,14313.4023,0.000000178,btc,65222.866,0.0046947959544,0.0049363258649,264
0,[],22,[],2019-04-12 17:57:27,0.0,0,0,7278186,2019-04-12 17:57:27,,66.37522201,0.0,0,,677842.4169881374,0.0,0.0,271
0,[],22,[],2019-07-03 01:57:21,0.0,0,0,7790154,2019-07-03 01:57:21,,33050469.74148113,0.0,0,,14261527780.7,0.0,0.0,272
0.0000000000000030619999999999997,[],28,[],2019-07-03 01:57:32,344307884392.712,5.5116e-22,6.253902288e-26,7790155,2019-07-03 01:57:32,doge,338557432.74127364,150011111.0,0.00000018,doge,304900884868.3654,0.0,7.460863358930444e-11,272
1,[],22,[],2019-05-23 07:12:29,219930.0,0.00000004,0.000000000003048688,7671985,2019-05-23 07:12:29,BTC,426.77835217,0.0,0.00000004,BTC,248664.3325962929,0.0,0.00739728,281
1,[],22,[],2019-07-02 18:15:29,1409605.9,0.00000002,0.000000000002147082,7789011,2019-07-02 18:15:29,BTC,7.87630805,0.0,0.00000002,"BTC,LTC",1137979.797623037,0.00674692,0.02432534,286
0,[],22,[],2019-06-17 14:34:53,0.0,0,0,7740207,2019-06-17 14:34:53,,7337915.80475575,0.0,0,,2078527309.6797826,0.0,0.0,294
