pairValue,buyBook,exchangeId,sellBook,updated,buyTotal,satoshiPrice,usdPrice,exchangeLogId,created,bestPair,sellTotalBtc,volume,pairPrice,activePairs,sellTotal,volumeBtc,buyTotalBtc,coinId
1,[],3,[],2019-02-21 07:05:28,30556.111665636545,0.012800840000000000828972446242914884351193904876708984375,0.00000050645883418,6748796,2019-02-21 07:05:28,btc,61.08245750604141,0.188819750523,0.012800840000000000828972446242914884351193904876708984375,btc,22.804257390037,0.0,0.26582989709562527,1
1,[],4,[],2019-02-21 07:05:29,120067.06531654,0.01282845,0.000000507551210025,6748797,2019-02-21 07:05:29,btc,1.326380758700131,0.0,0.01282845,btc,93.83525322,0.98231111,1.2798906702459445,1
1,[],5,[],2019-02-21 07:05:31,0.0,0,0,6748798,2019-02-21 07:05:31,btc,0.0,0.29617734,0,btc,0.0,0.0,0.0,1
1,[],10,[],2019-02-21 07:05:34,414306.68097499,0.01137,0.00000044984836499999997,6748799,2019-02-21 07:05:34,btc,6523.35806530057,1779.12891868,0.01137,btc,1106.14726673,0.0,5.256838023147456,1
1,[],12,[],2019-02-21 07:05:36,10455.63040037,0.0128599999999999999034105968576113809831440448760986328125,0.00000050879947,6748800,2019-02-21 07:05:36,btc,0.2638269804708,0.0,0.0128599999999999999034105968576113809831440448760986328125,btc,13.31318497,0.1845634547695,0.586118557077,1
1,[],20,[],2019-02-21 07:05:38,1152.2108,0.0106,0.0000004193837,6748801,2019-02-21 07:05:38,btc,0.0589710786722,0.0,0.0106,btc,2.6451,0.0,0.1011845929543,1
1,[],21,[],2019-02-21 07:05:39,2690.40901151,0.01287213000000000072409189755,0.000000509279387385,6748802,2019-02-21 07:05:39,btc,23.647185337380325,7992.20311394,0.01287213000000000072409189755262559629045426845550537109375,"btc,eth",2458.54742583,87.66228198163299,26.122988624796537,1
1,[],22,[],2019-02-21 07:05:43,0.0163776,0.01300000,0.0000005143385,6748803,2019-02-21 07:05:43,BTC,0.31423927,0.0,0.01300000,BTC,0.11751954901960784,0.0,0.00020972,1
1,[],24,[],2019-02-21 07:05:44,0.0,0.000000000000,0,6748804,2019-02-21 07:05:44,btc,0.0,0.0,0.000000000000,btc,0.0,0.0,0.0,1
0.0,[],25,[],2019-02-21 07:05:45,0.0,0,0,6748805,2019-02-21 07:05:45,btc,26.681599997639697,1628.92307605,0.0,btc,2020.06052432,21.3206,0.0,1
1,[],26,[],2019-02-21 07:05:54,0.0,0,0,6748806,2019-02-21 07:05:54,,0.0,0.0,0,,0.0,0.0,0.0,1
1,[],28,[],2019-02-21 07:05:56,993.21,0.01323000,0.000000523438335,6748807,2019-02-21 07:05:56,btc,0.162839806,17594.55,0.01323000,btc,8.9,0.0,0.090071836,1
0,[],2,[],2019-01-20 23:28:45,0.0,0,0,6477011,2019-01-20 23:28:45,,0.0,0.0,0,,0.0,0.0,0.0,1
1,[],5,[],2019-02-21 07:05:57,0.0,0,0,6748808,2019-02-21 07:05:57,btc,0.0,0.03479686,0,btc,0.0,0.0,0.0,2
0.0000000001289375,[],22,[],2019-02-21 07:06:00,1148.0,1.4183125e-16,5.611482490625e-21,6748809,2019-02-21 07:06:00,XMR,21.01373823,0.0,0.00000110,XMR,14319.12581,0.0,0.00087635,2
1,[],5,[],2019-02-21 07:06:02,0.0,0,0,6748810,2019-02-21 07:06:02,btc,0.0,1.17980623,0,btc,0.0,0.0,0.0,3
1,[],12,[],2019-02-21 07:06:03,12740509.65635,0.000000178,0.000000000007042481,6748811,2019-02-21 07:06:03,btc,924397.6295036749,0.0,0.000000178,btc,8900856.0293566,0.03396080291177309,0.587849095427,3
0,[],28,[],2019-02-21 07:06:04,0.0,0,0,6748812,2019-02-21 07:06:04,,0.0,0.0,0,,0.0,0.0,0.0,3
0,[],2,[],2019-01-20 23:31:32,0.0,0,0,6477077,2019-01-20 23:31:32,,0.0,0.0,0,,0.0,0.0,0.0,4
1,[],4,[],2019-02-21 07:06:06,400333.88749235,0.00000032,0.00000000001266064,6748813,2019-02-21 07:06:06,btc,0.384385387488259,0.0,0.00000032,btc,337830.34099658,0.0,0.0547125982646265,4
1,[],12,[],2019-02-21 07:06:07,1288327.5219999999,0.00000003,0.000000000001186935,6748814,2019-02-21 07:06:07,btc,11013879.586186238,0.0,0.00000003,btc,1202925.24379976,0.001619545568112,0.01952567044,5
0,[],2,[],2019-01-20 23:31:51,0.0,0,0,6477087,2019-01-20 23:31:51,,0.0,0.0,0,,0.0,0.0,0.0,6
1,[],11,[],2019-02-21 07:06:08,2281052.967,0.00000002,0.00000000000079129,6748815,2019-02-21 07:06:08,btc,9432.807415064224,110000.533,0.00000002,btc,41565831.42047657,0.0,0.02863075434,6
1,[],3,[],2019-02-21 07:06:09,1091.956916111364,0.00015101000000000000598847360588905530676129274070262908935546875,0.000000005974635145,6748816,2019-02-21 07:06:09,btc,27.605796873748474,0.0,0.00015101000000000000598847360588905530676129274070262908935546875,btc,249.144760639695,0.0,0.03419747781770456,7
1,[],4,[],2019-02-21 07:06:10,14014.09748007,0.00022381,0.000000008854930745,6748817,2019-02-21 07:06:10,btc,2.3154816808890226,0.0,0.00022381,btc,9200.14188344,3.58813156,2.6903954302653363,7
1,[],5,[],2019-02-21 07:06:11,0.0,0,0,6748818,2019-02-21 07:06:11,btc,0.0,1.2604321,0,btc,0.0,0.0,0.0,7
1,[],20,[],2019-02-20 02:16:17,39399275.8418,0.000000001,0.0000000000000390183,6728586,2019-02-20 02:16:17,btc,116.9737569154545,525.0,0.000000001,btc,56932965.8895,5.25e-07,0.0393992758418,8
0,[],2,[],2019-01-20 23:22:42,0.0,0,0,6476876,2019-01-20 23:22:42,,0.0,0.0,0,,0.0,0.0,0.0,9
0,[],23,[],2019-01-20 23:22:48,0.0,0,0,6476878,2019-01-20 23:22:48,,0.0,0.0,0,,0.0,0.0,0.0,9
1,[],4,[],2019-02-21 07:06:12,384032.1854631,0.00000180,0.0000000000712161,6748819,2019-02-21 07:06:12,btc,0.6524952699535648,0.0,0.00000180,btc,351086.84236864,2.41223412,0.6426090332742402,9
1,[],28,[],2019-02-21 07:06:14,43948.0,0.00000175,0.00000000006923787499999999,6748820,2019-02-21 07:06:14,btc,2708.762412957195,3607254.0,0.00000175,btc,12356.2201,0.0,0.044282,9
1,[],1,[],2019-02-17 23:31:42,1822507.21,0.00000181000000000000003456111265232042484285557293333113193511962890625,0.000000000066086901,6701244,2019-02-17 23:31:42,btc,3.6990969245,17153386.5,0.00000181000000000000003456111265232042484285557293333113193511962890625,btc,1997391.71,31.11772986,3.2610482446,9
1,[],4,[],2019-02-17 11:22:43,4341674.27126056,0.00000002,0.0000000000007272960000000001,6696112,2019-02-17 11:22:43,btc,0.1997230937751353,0.0,0.00000002,btc,4109766.79808031,0.00215132,0.0479381022052112,10
0,[],2,[],2019-01-20 23:23:08,0.0,0,0,6476890,2019-01-20 23:23:08,,0.0,0.0,0,,0.0,0.0,0.0,12
1,[],4,[],2019-02-21 07:06:15,1720142.35228714,0.00000152,0.00000000006013804,6748821,2019-02-21 07:06:15,btc,2.8835595973423507,0.0,0.00000152,btc,1684574.79525872,6.15597108,2.5199054797546903,12
1,[],5,[],2019-02-21 07:06:16,0.0,0,0,6748822,2019-02-21 07:06:16,btc,0.0,0.73460568,0,btc,0.0,0.0,0.0,12
0.0,[],25,[],2019-02-21 07:06:17,0.0,0,0,6748823,2019-02-21 07:06:17,,0.0,0.0,0.0,btc,0.0,0.0,0.0,12
1,[],4,[],2019-02-21 07:06:18,1322929.67308281,0.00000588,0.00000000023263926,6748824,2019-02-21 07:06:18,btc,0.3870661423611493,0.0,0.00000588,btc,60133.88880146,0.97747066,1.4183198686442173,13
1,[],10,[],2019-02-21 07:06:21,507421.66233842,0.00000591,0.000000000233826195,6748825,2019-02-21 07:06:21,btc,666802.4636261755,5466.72892287,0.00000591,btc,722757.99219173,0.0,0.4420621322994929,13
1,[],21,[],2019-02-21 07:06:22,669058.01809391,0.000006039999999999999769030242791,0.00000000023896958,6748826,2019-02-21 07:06:22,btc,6.493423436430346,516798.26809043,0.00000603999999999999976903024279106801941452431492507457733154296875,btc,996239.49370546,3.18229019,3.743162374347294,13
0,[],17,[],2019-02-21 06:04:51,0.0,0,0,6748247,2019-02-21 06:04:51,btc,0.0,0.0,0,btc,0.0,0.0,0.0,14
1,[],4,[],2019-02-21 07:06:23,977014.82610501,0.00000133,0.000000000052620784999999996,6748827,2019-02-21 07:06:23,btc,0.1681196307147794,0.0,0.00000133,btc,98856.7258663,0.00859608,0.3911085151127488,14
1,[],12,[],2019-02-21 07:06:24,108124.2231405,0.000001239999999999999986239306026813977723577409051358699798583984375,0.00000000004905998,6748828,2019-02-21 07:06:24,btc,5.310972130940088,0.0,0.000001239999999999999986239306026813977723577409051358699798583984375,btc,33525.59724138,0.0,0.014197440000005,14
1,[],26,[],2019-02-21 07:06:34,0.0,0.00000050,0.00000000001978225,6748829,2019-02-21 07:06:34,btc,0.0,0.0,0.00000050,btc,0.0,0.0,0.0,14
0,[],4,[],2019-02-21 07:06:35,0.0,0,0,6748830,2019-02-21 07:06:35,,0.0,0.0,0,,0.0,0.0,0.0,15
,[],12,[],2018-12-01 15:15:48,204241.84496,0.00000489,0.000000000202473384,5260204,2018-12-01 15:15:48,btc,49.5475654835,0.0,,btc,35763.2193806,0.0163153972027625,0.0203389899998,15
0,[],2,[],2019-01-20 23:23:38,0.0,0,0,6476906,2019-01-20 23:23:38,,0.0,0.0,0,,0.0,0.0,0.0,18
1,[],4,[],2019-02-21 07:06:37,26283.03038088,0.00001813,0.000000000717304385,6748831,2019-02-21 07:06:37,btc,1.2172327610679998,0.0,0.00001813,btc,7163.34795106,0.0238367,0.08893817655186,18
1,[],10,[],2019-02-21 07:06:39,781329.96724406,0.00001875,0.000000000741834375,6748832,2019-02-21 07:06:39,btc,15.542550981472766,5883.76285723,0.00001875,btc,10849.37807742,0.0,0.1601653646484154,18
1,[],12,[],2019-02-21 07:06:40,199477.09195052998,0.00001800000000000000045601543374740316494353464804589748382568359375,0.000000000712161,6748833,2019-02-21 07:06:40,btc,21.979812010605137,0.0,0.00001800000000000000045601543374740316494353464804589748382568359375,btc,1745.35120256,5.31345e-06,0.036442900586102896,18
0,[],17,[],2019-02-21 07:06:42,0.0,0,0,6748834,2019-02-21 07:06:42,btc,0.0,0.0,0,btc,0.0,0.0,0.0,18
0,[],2,[],2019-01-20 23:24:19,0.0,0,0,6476924,2019-01-20 23:24:19,,0.0,0.0,0,,0.0,0.0,0.0,19
1,[],3,[],2019-02-21 07:06:43,120776.3141567528,0.00002203999999999999904500003200524815838434733450412750244140625,0.0000000008720015799999999,6748835,2019-02-21 07:06:43,btc,0.5139599539148473,495.567827131,0.00002203999999999999904500003200524815838434733450412750244140625,btc,7350.31721257002,0.0,0.07966178993169826,19
1,[],4,[],2019-02-21 07:06:44,303891.79373409,0.00002259,0.000000000893762055,6748836,2019-02-21 07:06:44,btc,0.5148145907390848,0.0,0.00002259,btc,20020.97557423,0.4961045,3.2895267638296115,19
1,[],5,[],2019-02-21 07:06:45,0.0,0,0,6748837,2019-02-21 07:06:45,btc,0.0,0.00012654,0,btc,0.0,0.0,0.0,19
1,[],12,[],2019-02-21 07:06:48,128844.0,0.00002245000000000000020170497216920324490274651907384395599365234375,0.000000000888223025,6748838,2019-02-21 07:06:48,btc,1.2823647853621285,0.0,0.00002245000000000000020170497216920324490274651907384395599365234375,btc,365.1508782,0.00017968,0.0306648,19
0,[],27,[],2019-02-21 07:06:50,0.0,0,0,6748839,2019-02-21 07:06:50,,0.0,0.0,0,btc,0.0,0.0,0.0,19
1,[],4,[],2019-02-21 07:06:51,8070160.95424551,0.00000013,0.0000000000051433849999999995,6748840,2019-02-21 07:06:51,btc,0.7491198104842316,0.0,0.00000013,btc,1601058.86471503,0.00079999,0.2584025451781454,20
1,[],4,[],2019-02-21 07:06:52,109302084.86437024,0.00000002,0.00000000000079129,6748841,2019-02-21 07:06:52,btc,0.5525681326446987,0.0,0.00000002,btc,15474325.2803107,0.01252598,1.2238821411680452,21
1,[],12,[],2019-02-21 07:06:53,18659048.0,0.00000002,0.00000000000079129,6748842,2019-02-21 07:06:53,btc,670.5909989434847,0.0,0.00000002,btc,8569411.32857329,0.0012019780219782,0.2454212,21
0,[],17,[],2019-02-21 07:06:55,0.0,0,0,6748843,2019-02-21 07:06:55,btc,0.0,0.0,0,btc,0.0,0.0,0.0,21
1,[],12,[],2019-02-21 07:06:56,3073241706.531895,0.0000000001,0.00000000000000395645,6748844,2019-02-21 07:06:56,btc,880865842891.6398,0.0,0.0000000001,btc,5104244205.026421,0.00962549877132941,0.3073241706531895,23
0,[],27,[],2019-02-21 07:06:59,0.0,0,0,6748845,2019-02-21 07:06:59,,1.3429826565934113,0.0,0,eth,1964879.85514486,0.0,0.0,23
1,[],4,[],2019-02-21 07:07:00,289807.84640705,0.00000064,0.00000000002532128,6748846,2019-02-21 07:07:00,btc,0.1777311407477744,0.0,0.00000064,btc,186503.37231812,0.009448,0.1443748618291102,24
1,[],22,[],2019-02-21 07:07:04,11.76,0.00000100,0.0000000000395645,6748847,2019-02-21 07:07:04,BTC,7.415e-05,0.0,0.00000100,BTC,23.919354838709676,0.0,1.176e-05,24
0.0,[],25,[],2019-02-21 07:07:05,0.0,0,0,6748848,2019-02-21 07:07:05,,0.0,0.0,0.0,btc,0.0,0.0,0.0,24
0,[],2,[],2019-01-20 23:25:56,0.0,0,0,6476976,2019-01-20 23:25:56,,0.0,0.0,0,,0.0,0.0,0.0,26
1,[],4,[],2019-02-21 07:07:06,26858410.12679664,0.00000600,0.00000000023738699999999997,6748849,2019-02-21 07:07:06,btc,0.5249380085314989,0.0,0.00000600,btc,44221.18417902,0.07670686,0.4359134049821487,26
1,[],10,[],2019-02-21 07:07:08,690608.6189267,0.00000542,0.00000000021443959,6748850,2019-02-21 07:07:08,btc,25.926993262252047,5731.10030394,0.00000542,btc,14342.38709063,0.0,0.2151014594354202,26
1,[],3,[],2019-02-21 07:07:09,6534777.70213569,0.00000001,0.000000000000395645,6748851,2019-02-21 07:07:09,btc,2.8266545168189467,760140.5,0.00000001,btc,17988397.38837931,0.0,0.0653477770213569,27
1,[],5,[],2019-02-21 07:07:11,0.0,0,0,6748852,2019-02-21 07:07:11,btc,0.0,0.00123124,0,btc,0.0,0.0,0.0,27
1,[],11,[],2019-02-21 07:07:13,9803584.35433359,0.00000005,0.0000000000019782249999999997,6748853,2019-02-21 07:07:13,btc,67506.53097482225,8080.0,0.00000005,btc,8171781.9463934,0.0,0.458287845339645,27
1,[],4,[],2019-02-21 07:07:14,528511568.93154037,0.00000001,0.000000000000395645,6748854,2019-02-21 07:07:14,btc,0.1892270772647601,0.0,0.00000001,"btc,ltc",23347462.95148973,5.90921682,3.4446869350473737,29
1,[],7,[],2019-02-21 07:07:15,35615557.81482174,0.00000002,0.00000000000079129,6748855,2019-02-21 07:07:15,btc,44465227.23999978,10023.9,0.00000002,btc,58762920.76923861,0.00020048,0.3562290250430144,29
0,[],17,[],2019-02-21 04:57:55,0.0,0,0,6747674,2019-02-21 04:57:55,btc,0.0,0.0,0,btc,0.0,0.0,0.0,30
1,[],4,[],2019-02-21 07:07:16,1482523.9794934,0.00000031,0.000000000012264995,6748856,2019-02-21 07:07:16,btc,0.2651379330463238,0.0,0.00000031,btc,508806.98918287,0.01865447,0.1184259737917603,30
1,[],4,[],2019-02-21 07:07:28,1144237.69000227,0.00005811,0.000000002299093095,6748857,2019-02-21 07:07:28,btc,1.5042994711635842,0.0,0.00005811,btc,22827.9848953,1.8368321,2.159316651833164,31
1,[],21,[],2019-02-21 07:07:29,28054.86803596,0.00005735999999999999969134065192,0.00000000226941972,6748858,2019-02-21 07:07:29,btc,2.8330718201112175,153986.90418696,0.0000573599999999999996913406519194467136912862770259380340576171875,btc,44889.21344347,8.96378444,1.4559443100100364,31
0,[],2,[],2019-01-20 23:28:43,0.0,0,0,6477009,2019-01-20 23:28:43,,0.0,0.0,0,,0.0,0.0,0.0,32
1,[],4,[],2019-02-21 06:58:54,172434823.74382576,0.00000004,0.0000000000015820120000000002,6748656,2019-02-21 06:58:54,btc,2.2493525136723767,0.0,0.00000004,"btc,ltc",54216520.96656832,0.722266,3.5396633386786225,33
1,[],12,[],2019-02-21 06:58:55,15118912.0,0.00000004,0.0000000000015820120000000002,6748657,2019-02-21 06:58:55,btc,35620492.58751118,0.0,0.00000004,btc,89490928.67632341,0.034899106883117,0.49387187,33
1,[],4,[],2019-02-21 07:07:30,129613656.41872509,0.00000001,0.000000000000395645,6748859,2019-02-21 07:07:30,btc,0.969687911788849,0.0,0.00000001,btc,40889691.62489838,0.00104107,1.2961365641872509,34
1,[],5,[],2019-02-21 07:07:32,0.0,0,0,6748860,2019-02-21 07:07:32,btc,0.0,0.00023436,0,btc,0.0,0.0,0.0,34
0.0000000001272239,[],4,[],2019-02-21 07:07:33,961443607.4743805,2.544478e-18,1.00670999831e-22,6748861,2019-02-21 07:07:33,ltc,9.25335102194086e-09,0.0,0.00000002,ltc,1726898616.4914825,0.0,1.9549347487417746e-09,36
1,[],5,[],2019-02-21 07:07:36,0.0,0,0,6748862,2019-02-21 07:07:36,btc,0.0,0.0001,0,btc,0.0,0.0,0.0,36
0,[],17,[],2019-02-21 07:07:37,0.0,0,0,6748863,2019-02-21 07:07:37,btc,0.07464582843090853,0.0,0,btc,4105386.20243647,0.0,0.0,36
0,[],27,[],2019-02-21 07:07:40,0.0,0,0,6748864,2019-02-21 07:07:40,,114.1676941557863,0.0,0,"ltc,eth",4107666.4875004,0.0,0.0,36
1,[],17,[],2019-02-21 06:15:40,1752.74075282,0.00000025,0.00000000000992105,6748468,2019-02-21 06:15:40,btc,0.055484923777095005,0.0,0.00000025,btc,1319.19918473,0.0,0.00043818518820499993,37
1,[],4,[],2019-02-21 07:07:41,299024.28764681,0.00000077,0.000000000030464665,6748865,2019-02-21 07:07:41,btc,0.2490508185603033,0.0,0.00000077,btc,189903.06798588,0.0158557,0.1428793503552923,37
1,[],12,[],2019-02-21 07:07:42,489334.15374397,0.00000072,0.00000000002848644,6748866,2019-02-21 07:07:42,btc,1363.1678675539242,0.0,0.00000072,btc,950898.94236728,0.2493179359069675,0.1311555082199134,37
1,[],27,[],2019-02-21 07:07:54,14752.0,0.00000045,0.000000000017804025,6748867,2019-02-21 07:07:54,btc,26.16582016954233,0.0,0.00000045,btc,6830.24738508,0.0,0.00483022,37
1,[],5,[],2019-02-21 07:07:56,0.0,0,0,6748868,2019-02-21 07:07:56,btc,0.0,0.06060578,0,btc,0.0,0.0,0.0,42
1,[],12,[],2019-02-21 07:07:57,133255.70038105999,0.00000076,0.00000000003006902,6748869,2019-02-21 07:07:57,btc,94.68437745572284,0.0,0.00000076,btc,104267.17844246,0.0036077600000011,0.0402761900000048,42
0,[],27,[],2019-02-21 07:07:59,0.0,0,0,6748870,2019-02-21 07:07:59,,0.00315028,0.0,0,"btc,eth",11.007,0.0,0.0,42
0,[],17,[],2019-02-21 06:06:07,0.0,0,0,6748289,2019-02-21 06:06:07,btc,0.0,0.0,0,btc,0.0,0.0,0.0,43
1,[],5,[],2019-02-21 07:08:00,0.0,0,0,6748871,2019-02-21 07:08:00,btc,0.0,0.18161947,0,btc,0.0,0.0,0.0,43
1,[],12,[],2019-02-21 07:08:00,3559332.0,0.00000002,0.00000000000079129,6748872,2019-02-21 07:08:00,btc,20007435.27450562,0.0,0.00000002,btc,38974196.24915084,9.890109891e-07,0.03559362,43
1,[],12,[],2019-02-21 07:08:13,694470.0,0.00000005,0.0000000000019782249999999997,6748873,2019-02-21 07:08:13,btc,11115177.726602757,0.0,0.00000005,btc,1077565.39762234,0.0003386750249752,0.01804238,44
1,[],4,[],2019-02-21 07:08:14,304401695.12117445,0.00000002,0.00000000000079129,6748874,2019-02-21 07:08:14,btc,0.1886795930160142,0.0,0.00000002,"btc,ltc",4555651.05245401,0.00070567,0.21780285784964742,49
0,[],4,[],2019-02-21 07:08:14,0.0,0,0,6748875,2019-02-21 07:08:14,,4.633523909745376,0.0,0,,4443264423.400503,0.0,0.0,52
0.0000000001289375,[],22,[],2019-02-21 07:08:18,88142979.0,1.2893750000000001e-18,5.1013477187500003e-23,6748876,2019-02-21 07:08:18,XMR,4366.33324183,0.0,0.00000001,XMR,248974057.67882353,0.0,0.88142979,57
0,[],27,[],2019-02-21 07:08:20,0.0,0,0,6748877,2019-02-21 07:08:20,,0.0,0.0,0,"btc,eth",0.0,0.0,0.0,57
0.0000000001272239,[],4,[],2019-02-21 07:08:21,718584289.6419872,3.816717e-18,1.510064997465e-22,6748878,2019-02-21 07:08:21,ltc,3.272109005963708,0.0,0.00000003,ltc,1421206219.6844804,0.0001,1.6267571870077949e-09,58
1,[],12,[],2019-02-21 07:08:22,1704064095.843957,0.0000000004,0.0000000000000158258,6748879,2019-02-21 07:08:22,btc,224005479420.91022,0.0,0.0000000004,btc,3836755579.227074,0.014015514360839166,0.5568061757011392,58
0,[],17,[],2019-02-21 07:08:24,0.0,0,0,6748880,2019-02-21 07:08:24,btc,1e+24,0.0,0,btc,41481695.95832568,0.0,0.0,58
0.0000000001289375,[],22,[],2019-02-21 07:08:33,137438.0,1.2893750000000001e-18,5.1013477187500003e-23,6748881,2019-02-21 07:08:33,XMR,69.8835922,0.0,0.00000001,XMR,9887963.0,0.0,0.00137438,58
1,[],5,[],2019-02-21 07:08:34,0.0,0,0,6748882,2019-02-21 07:08:34,btc,0.0,0.04049784,0,btc,0.0,0.0,0.0,61
1,[],22,[],2019-02-21 07:08:37,5149.5,0.00000011,0.000000000004352095,6748883,2019-02-21 07:08:37,BTC,1002.29597012,0.0,0.00000011,BTC,14947.700278135757,0.0,0.00051596,61
1,[],26,[],2019-02-21 07:08:37,0.0,0.00000800,0.000000000316516,6748884,2019-02-21 07:08:37,btc,0.0,0.0,0.00000800,btc,0.0,0.0,0.0,61
1,[],27,[],2019-02-21 07:08:39,4782.64,0.00000045,0.000000000017804025,6748885,2019-02-21 07:08:39,btc,2.9662721968330614,0.0,0.00000045,"btc,eth",19197.38399471,0.0,0.0009709972036302904,61
1,[],28,[],2019-02-21 07:08:42,13882.304,0.0000005,0.00000000001978225,6748886,2019-02-21 07:08:42,btc,2.056350085685105,808.0,0.0000005,btc,9766.52450005,0.0,0.00566491304,61
1,[],4,[],2019-02-21 06:59:40,724695.02062051,0.00000285,0.00000000011271835500000001,6748685,2019-02-21 06:59:40,btc,1.266976414864499,0.0,0.00000285,btc,294588.2887161,0.21150226,0.9187127018042035,67
0.0,[],25,[],2019-02-21 06:59:41,0.0,0,0,6748686,2019-02-21 06:59:41,,0.0,0.0,0.0,btc,0.0,0.0,0.0,67
1,[],12,[],2019-02-21 07:08:43,2992685.7697396,0.0000002,0.000000000007912899999999999,6748887,2019-02-21 07:08:43,btc,11115996.102543639,0.0,0.0000002,btc,1983982.6710868601,0.0027973749683674,0.1021030664411127,71
,[],5,[],2018-11-20 23:02:39,1.5e-07,0.00000005,0.000000000002128045,4862160,2018-11-20 23:02:39,btc,2.84511358,0.0,,btc,0.00036572,0.0,0.07381892,74
1,[],5,[],2019-02-21 07:08:44,0.0,0,0,6748888,2019-02-21 07:08:44,btc,0.0,0.0,0,btc,0.0,0.0,0.0,75
0,[],20,[],2019-01-25 09:30:31,0.0,0,0,6495923,2019-01-25 09:30:31,btc,0.0,0.0,0,btc,0.0,0.0,0.0,81
1,[],4,[],2019-02-21 07:08:45,17954943.30892337,0.00000001,0.000000000000395645,6748889,2019-02-21 07:08:45,btc,1.057482870144477,0.0,0.00000001,btc,18973443.84972994,0.0,0.1795494330892337,81
1,[],4,[],2019-02-21 07:08:48,33578.55635134,0.00007658,0.00000000302984941,6748890,2019-02-21 07:08:48,btc,1.2434645285345447,0.0,0.00007658,btc,10669.89264486,0.0027626,0.5312618877847499,82
1,[],21,[],2019-02-21 07:08:48,166044.56746581,0.00007765999999999999845508996676,0.00000000307257907,6748891,2019-02-21 07:08:48,btc,2.7732043018204755,5784.21569177,0.000077659999999999998455089966764575137858628295361995697021484375,btc,27379.10676389,0.46544364,3.1902747755320915,82
0,[],17,[],2019-02-20 09:25:39,0.0,0,0,6732736,2019-02-20 09:25:39,btc,0.0447233088476774,0.0,0,btc,999127.19588126,0.0,0.0,84
0.0000000001272239,[],4,[],2019-02-21 07:08:49,167373021.93125156,7.633434e-18,3.02012999493e-22,6748892,2019-02-21 07:08:49,ltc,0.19541526459994044,0.0,0.00000006,ltc,118238390.74015749,0.0,5.830946195056207e-10,85
,[],22,[],2018-11-20 23:09:34,3408.1,0.0000001,0.0000000000041895,4862324,2018-11-20 23:09:34,BTC,0.04624735,0.0,,BTC,4990.0,0.0,0.00033081,86
0,[],22,[],2019-02-21 07:08:53,0.0,0,0,6748893,2019-02-21 07:08:53,,2.0760781,0.0,0,,140622.94736842104,0.0,0.0,87
0,[],27,[],2019-02-21 07:08:55,0.0,0,0,6748894,2019-02-21 07:08:55,,0.0,0.0,0,btc,0.0,0.0,0.0,87
,[],2,[],2018-11-20 23:10:47,0.0,0,0,4862359,2018-11-20 23:10:47,,0.0,0.0,,,0.0,0.0,0.0,88
1,[],11,[],2019-02-21 07:08:56,96324.23525303,0.00014601999999999998769602271853074171303887851536273956298828125,0.00000000577720829,6748895,2019-02-21 07:08:56,btc,608.9632828402379,217.23518328,0.00014601999999999998769602271853074171303887851536273956298828125,btc,88653.15068393,0.0,6.546481145567556,89
0,[],2,[],2019-01-20 23:31:45,0.0,0,0,6477083,2019-01-20 23:31:45,,0.0,0.0,0,,0.0,0.0,0.0,91
1,[],12,[],2019-02-21 07:08:57,431148.94419499,0.000001769999999999999994019540816569957542014890350401401519775390625,0.00000000007002916499999999,6748896,2019-02-21 07:08:57,btc,4.298649072669484,0.0,0.000001769999999999999994019540816569957542014890350401401519775390625,btc,52824.6523838,0.0011823865699116,0.045800342399942996,91
0,[],17,[],2019-02-21 07:08:59,0.0,0,0,6748897,2019-02-21 07:08:59,btc,0.0,0.0,0,btc,0.0,0.0,0.0,91
0,[],22,[],2019-02-21 07:09:02,0.0,0,0,6748898,2019-02-21 07:09:02,,3.1e-06,0.0,0,,2.0,0.0,0.0,91
0.0000000001272239,[],22,[],2019-02-21 07:09:05,3506520.0,5.088956e-18,2.01341999662e-22,6748899,2019-02-21 07:09:05,LTC,8.54811591,0.0,0.00000004,LTC,72080461.1,0.0,0.1050108,95
0,[],17,[],2019-02-21 07:00:27,0.0,0,0,6748701,2019-02-21 07:00:27,btc,0.0,0.0,0,btc,0.0,0.0,0.0,96
0.0000000001272239,[],4,[],2019-02-21 07:09:06,139209896.75006026,9.2873447e-17,3.6744914938315e-21,6748900,2019-02-21 07:09:06,ltc,0.625636512984435,0.0,0.00000073,ltc,47770311.14818497,0.00223138,1.103632791954484e-09,96
1,[],12,[],2019-02-21 07:09:07,273116.0,0.00000001,0.000000000000395645,6748901,2019-02-21 07:09:07,btc,255075.89573259588,0.0,0.00000001,btc,8791002.84546427,0.001442429000999,0.0027311600000000003,96
1,[],4,[],2019-02-21 07:09:16,1386560.18447496,0.00000032,0.00000000001266064,6748902,2019-02-21 07:09:16,btc,0.4951607975286016,0.0,0.00000032,btc,878891.20515207,0.01767333,0.1321703223895303,99
0,[],2,[],2019-01-20 23:23:55,0.0,0,0,6476914,2019-01-20 23:23:55,,0.0,0.0,0,,0.0,0.0,0.0,100
1,[],4,[],2019-02-21 07:09:17,204476.83412911,0.00003621,0.0000000014326305449999999,6748903,2019-02-21 07:09:17,btc,0.9415515950853465,0.0,0.00003621,btc,23987.04174004,1.82043135,1.4532023727702152,100
1,[],22,[],2019-02-21 07:00:33,50000.0,0.00000001,0.00000000000039550300000000005,6748704,2019-02-21 07:00:33,BTC,23.49896609,0.0,0.00000001,BTC,10277.22,0.0,0.0005,101
1,[],4,[],2019-02-21 07:09:18,462096.56115024,0.00000085,0.000000000033629825,6748904,2019-02-21 07:09:18,btc,0.3969057203206473,0.0,0.00000085,btc,164781.84241294,0.01271612,0.2322458095900626,103
1,[],12,[],2019-02-21 07:09:21,58665038.0,0.000000014,0.000000000000553903,6748905,2019-02-21 07:09:21,btc,137279928.61593232,0.0,0.000000014,btc,118738995.48825464,0.02162254875224738,0.210662304,105
1,[],27,[],2019-02-21 07:09:23,470497.89,0.00000001,0.000000000000395645,6748906,2019-02-21 07:09:23,btc,0.1938898355560939,0.0,0.00000001,btc,289795.05581977,0.0,0.0047049789,105
1,[],22,[],2019-02-21 07:09:27,9328.0,0.00000001,0.000000000000395645,6748907,2019-02-21 07:09:27,BTC,51.11025004,0.0,0.00000001,BTC,493935.0,0.0,9.328e-05,107
1,[],26,[],2019-02-21 07:09:27,0.0,0.00000000,0,6748908,2019-02-21 07:09:27,btc,0.0,0.0,0.00000000,btc,0.0,0.0,0.0,107
1,[],5,[],2019-02-21 07:09:29,0.0,0,0,6748909,2019-02-21 07:09:29,btc,0.0,1.462e-05,0,btc,0.0,0.0,0.0,112
1,[],22,[],2019-02-21 07:09:32,1966.0,0.00000001,0.000000000000395645,6748910,2019-02-21 07:09:32,BTC,2.81183288,0.0,0.00000001,BTC,808524.0833333334,0.0,1.966e-05,112
0,[],27,[],2019-02-21 07:09:35,0.0,0,0,6748911,2019-02-21 07:09:35,,1.35132491849924,0.0,0,"btc,eth",1328.641654,0.0,0.0,112
1,[],4,[],2019-02-21 07:09:36,449185.91241428,0.00000310,0.00000000012264995,6748912,2019-02-21 07:09:36,btc,0.3151891453407548,0.0,0.00000310,btc,81158.64104044,0.01730363,0.1879701994679394,113
1,[],5,[],2019-02-21 07:09:36,0.0,0,0,6748913,2019-02-21 07:09:36,btc,0.0,0.00337655,0,btc,0.0,0.0,0.0,113
1,[],17,[],2019-02-21 05:13:51,152738.278,0.00000004,0.0000000000015840200000000002,6747936,2019-02-21 05:13:51,btc,1.33680302678,0.0,0.00000004,btc,50696.221,0.0,0.0022095311199999998,116
0,[],27,[],2019-02-21 07:09:39,0.0,0,0,6748914,2019-02-21 07:09:39,,0.0,0.0,0,btc,0.0,0.0,0.0,116
1,[],4,[],2019-02-21 07:09:40,22256.91333312,0.00003000,0.0000000011869349999999999,6748915,2019-02-21 07:09:40,btc,0.7275348712766962,0.0,0.00003000,btc,21314.17360041,0.70326368,0.4967458028378956,120
1,[],7,[],2019-02-21 07:09:42,17946.69963971,0.0000295399999999999983879735154790324713758309371769428253173828125,0.00000000116873533,6748916,2019-02-21 07:09:42,btc,115647.12782202652,89.35184728,0.0000295399999999999983879735154790324713758309371769428253173828125,btc,27774.677370190002,0.00267242,0.07348382509573731,120
1,[],20,[],2019-02-21 07:09:44,956527.6397,0.000000012,0.000000000000474774,6748917,2019-02-21 07:09:44,btc,31.9239877861223,116467.75,0.000000012,btc,1149876.605,0.0015913461102,0.0034788329072,125
1,[],22,[],2019-02-21 07:09:48,3053.0,0.00000001,0.000000000000395645,6748918,2019-02-21 07:09:48,BTC,0.01444887,0.0,0.00000001,BTC,296263.5111111111,0.0,3.053e-05,126
0,[],2,[],2019-01-20 23:25:46,0.0,0,0,6476969,2019-01-20 23:25:46,,0.0,0.0,0,,0.0,0.0,0.0,131
1,[],4,[],2019-02-21 07:09:49,109770.49076181,0.00001627,0.000000000643714415,6748919,2019-02-21 07:09:49,btc,0.7942849044287515,0.0,0.00001627,btc,40055.38774325,0.53509261,0.7811506049673231,131
0,[],17,[],2019-02-21 07:09:51,0.0,0,0,6748920,2019-02-21 07:09:51,btc,0.0009561751951600001,0.0,0,btc,35.42829368,0.0,0.0,131
1,[],4,[],2019-02-21 07:09:52,4557.79406394,0.00016554,0.0000000065495073299999995,6748921,2019-02-21 07:09:52,btc,1.6463901084720394,0.0,0.00016554,btc,334.44418488,0.0,0.0091182660847441,135
1,[],3,[],2019-02-21 07:09:52,1504192.97238508,0.00000005,0.0000000000019782249999999997,6748922,2019-02-21 07:09:52,btc,0.1325123247247742,23872.1666667,0.00000005,btc,568498.30008313,0.0,0.0552929817803677,136
1,[],4,[],2019-02-21 07:09:53,82308.89958214,0.00000150,0.00000000005934674999999999,6748923,2019-02-21 07:09:53,btc,0.1168162025769324,0.0,0.00000150,btc,56818.94334208,0.10643176,0.0688864846736532,137
1,[],12,[],2019-02-21 07:09:54,294338.32870495,0.000001529999999999999962528346615642238504051420022733509540557861328125,0.000000000060533685,6748924,2019-02-21 07:09:54,btc,11807.700464716145,0.0,0.000001529999999999999962528346615642238504051420022733509540557861328125,btc,157767.91382478,0.0031585956656131,0.0232745000023129,137
1,[],22,[],2019-02-21 07:10:12,1658.2794919373457,0.00005011,0.000000001982577095,6748928,2019-02-21 07:10:12,BTC,3.00424677,0.0,0.00005011,BTC,896.9785515239478,0.0,0.0052129,142
0.0,[],25,[],2019-02-21 07:10:13,0.0,0,0,6748929,2019-02-21 07:10:13,,0.0,0.0,0.0,btc,0.0,0.0,0.0,142
1,[],28,[],2019-02-21 07:10:15,76883.0,0.00004500,0.0000000017804025,6748930,2019-02-21 07:10:15,btc,0.060714749,718.0,0.00004500,btc,406.4319,0.0,0.0388422,142
1,[],17,[],2019-02-21 06:00:18,22967.386363640002,0.00000088,0.00000000003502268,6748147,2019-02-21 06:00:18,btc,20.0699133484,0.0,0.00000088,btc,405.079105,0.0,0.0104613000000032,142
1,[],4,[],2019-02-21 07:09:55,207555.627807,0.00004780,0.0000000018911831,6748925,2019-02-21 07:09:55,btc,1.5981857732309777,0.0,0.00004780,btc,26568.62039851,0.48379185,0.3932032789664165,142
1,[],5,[],2019-02-21 07:09:56,0.0,0,0,6748926,2019-02-21 07:09:56,btc,0.0,0.26333062,0,btc,0.0,0.0,0.0,142
1,[],20,[],2019-02-21 07:10:08,133738.7268,0.0000451,0.00000000178435895,6748927,2019-02-21 07:10:08,btc,0.5705263784914,10.0672,0.0000451,btc,4947.9927,0.00045403072,0.2475574409193,142
0,[],22,[],2019-02-21 07:10:17,0.0,0,0,6748931,2019-02-21 07:10:17,,61.30543376,0.0,0,,751463658.3,0.0,0.0,143
1,[],21,[],2019-02-21 07:01:45,24541485.39604158,0.00000025,0.000000000009887575,6748733,2019-02-21 07:01:45,btc,59.73040077584166,8708565.10001119,0.00000025,btc,106364250.13871603,2.18869429,3.168168795243117,145
0,[],22,[],2019-02-21 07:10:20,0.0,0,0,6748932,2019-02-21 07:10:20,,4.24946284,0.0,0,,1812156.0,0.0,0.0,146
,[],22,[],2018-11-20 23:01:11,0.0,0,0,4862114,2018-11-20 23:01:11,,2.56807021,0.0,,,61828.4988236,0.0,0.0,147
1,[],12,[],2019-02-21 07:10:22,8680856.12000625,0.00000287999999999999995437785678398245892140039359219372272491455078125,0.00000000011394576,6748933,2019-02-21 07:10:22,btc,16.564546875709055,0.0,0.00000287999999999999995437785678398245892140039359219372272491455078125,btc,118335.3460165,0.0,0.1106083279999905,148
1,[],4,[],2019-02-21 07:10:23,241613.36796929,0.00000029,0.000000000011473705,6748934,2019-02-21 07:10:23,btc,0.7777886537848293,0.0,0.00000029,btc,593167.18068715,0.0,0.0568147890840236,152
0,[],22,[],2019-02-21 07:10:25,0.0,0,0,6748935,2019-02-21 07:10:25,,0.0,0.0,0,,0.0,0.0,0.0,152
1,[],5,[],2019-02-21 07:10:26,0.0,0,0,6748936,2019-02-21 07:10:26,btc,0.0,0.00011,0,btc,0.0,0.0,0.0,153
,[],16,[],2019-01-11 15:38:59,0.0,0,0,6366141,2019-01-11 15:38:59,btc,0.0,0.0,,btc,0.0,0.0,0.0,155
0,[],22,[],2019-02-21 07:10:29,0.0,0,0,6748937,2019-02-21 07:10:29,,6.74608761,0.0,0,,4644402.242592593,0.0,0.0,156
0,[],23,[],2019-01-20 23:24:29,0.0,0,0,6476932,2019-01-20 23:24:29,,0.0,0.0,0,,0.0,0.0,0.0,156
1,[],22,[],2019-02-21 07:10:33,7073.8,0.00005300,0.0000000020969184999999998,6748938,2019-02-21 07:10:33,BTC,43.78801181,0.0,0.00005300,BTC,1067.5805334758436,0.0,0.00104336,157
0,[],22,[],2019-02-21 07:10:35,0.0,0,0,6748939,2019-02-21 07:10:35,,50175.68008609,0.0,0,,54479136.04179466,0.0,0.0,158
,[],17,[],2018-11-20 22:56:10,0.0,0,0,4861976,2018-11-20 22:56:10,btc,1.1265625,0.0,,btc,1000.0,0.0,0.0,159
,[],20,[],2018-11-20 22:56:12,0.0,0,0,4861977,2018-11-20 22:56:12,btc,11912.7940471,0.0,,btc,34413894.3617,0.0,0.0,159
1,[],12,[],2019-02-21 07:10:36,182974.53478252,0.0000069099999999999999096556013711278865230269730091094970703125,0.00000000027339069499999997,6748940,2019-02-21 07:10:36,btc,6.657280483837929,0.0,0.0000069099999999999999096556013711278865230269730091094970703125,btc,14477.025213750001,0.014865461581377,0.0982591638395435,168
1,[],17,[],2019-02-21 07:02:19,29784.95,0.000001,0.0000000000395503,6748743,2019-02-21 07:02:19,btc,0.03026736251542,0.0,0.000001,btc,144.46171372,0.0,0.00716147,168
0,[],22,[],2019-02-21 07:10:50,0.0,0,0,6748941,2019-02-21 07:10:50,,1.14674792,0.0,0,,778972.8900917594,0.0,0.0,169
1,[],22,[],2019-02-21 07:10:59,134800.0,0.00000032,0.00000000001266064,6748942,2019-02-21 07:10:59,BTC,13.25529322,0.0,0.00000032,BTC,150957.28134785083,0.00610099,0.021598,171
1,[],22,[],2019-02-21 07:11:03,211925.70833333334,0.00000008,0.00000000000316516,6748943,2019-02-21 07:11:03,BTC,2.67494612,0.0,0.00000008,BTC,287329.54113674373,8.093e-05,0.01172036,173
1,[],5,[],2019-02-21 07:11:04,0.0,0,0,6748944,2019-02-21 07:11:04,btc,0.0,0.01131091,0,btc,0.0,0.0,0.0,175
1,[],22,[],2019-02-21 07:11:08,45784.0,0.0000003,0.00000000001186935,6748945,2019-02-21 07:11:08,BTC,0.5289391,0.0,0.0000003,BTC,142708.91384013777,0.0,0.0052016,176
1,[],7,[],2019-02-21 07:11:10,0.0,0,0,6748946,2019-02-21 07:11:10,btc,410918.6314435938,1062692.30769,0,btc,114990502.7606976,0.01062692,0.0,178
0,[],22,[],2019-02-21 07:11:13,0.0,0,0,6748947,2019-02-21 07:11:13,,1.00242428,0.0,0,,57512.0,0.0,0.0,178
0,[],2,[],2019-01-20 23:28:34,0.0,0,0,6477001,2019-01-20 23:28:34,,0.0,0.0,0,,0.0,0.0,0.0,178
1,[],5,[],2019-02-21 07:11:14,0.0,0,0,6748948,2019-02-21 07:11:14,btc,0.0,0.0238982,0,btc,0.0,0.0,0.0,179
1,[],22,[],2019-02-21 07:11:18,7050947.0,0.00000002,0.00000000000079129,6748949,2019-02-21 07:11:18,BTC,5.48914188,0.0,0.00000002,"BTC,LTC",17362807.968656633,0.00614733,0.37595966,179
0,[],23,[],2019-01-20 23:25:08,0.0,0,0,6476952,2019-01-20 23:25:08,,0.0,0.0,0,,0.0,0.0,0.0,179
1,[],22,[],2019-02-21 07:11:33,159549.52,0.00000025,0.000000000009891125,6748950,2019-02-21 07:11:33,BTC,0.18627753,0.0,0.00000025,"BTC,LTC",53244.59095726243,1.397e-05,0.00469147,180
1,[],26,[],2019-02-21 07:11:34,0.0,0.00000100,0.0000000000395645,6748951,2019-02-21 07:11:34,btc,0.0,0.0,0.00000100,btc,0.0,0.0,0.0,180
1,[],17,[],2019-02-21 06:09:18,10504.725,0.0000001,0.00000000000398313,6748360,2019-02-21 06:09:18,btc,5.201069583846191,0.0,0.0000001,btc,5033.45945,0.0,0.0010504725,180
,[],7,[],2018-11-20 22:58:01,562227.975654,0.00000085,0.000000000036176765,4862015,2018-11-20 22:58:01,btc,21836.6059674,2491.87645172,,btc,749999.041456,0.00211021,0.127565380455,183
1,[],24,[],2019-02-21 07:11:34,0.0,0.000000000001,3.95645e-17,6748952,2019-02-21 07:11:34,btc,0.0,0.0,0.000000000001,btc,0.0,0.0,0.0,187
,[],5,[],2019-01-10 08:11:41,0.0,0,0,6347036,2019-01-10 08:11:41,btc,82.15055501,0.00261,,btc,1.19002445,0.0,0.0,187
,[],17,[],2018-11-16 20:58:10,4062536.27273,0.00000001,0.000000000000550501,4708775,2018-11-16 20:58:10,btc,3.36492563466,0.195460381006,,"btc,eth",110697919.549,0.0,0.0157628953496,187
0,[],22,[],2019-02-20 11:32:17,0.0,0,0,6734414,2019-02-20 11:32:17,,1.19374396,0.0,0,,16308.869534405507,0.0,0.0,191
0,[],22,[],2019-02-21 07:11:40,0.0,0,0,6748953,2019-02-21 07:11:40,,0.0,0.0,0,,0.0,0.0,0.0,197
0,[],23,[],2019-01-20 23:31:41,0.0,0,0,6477079,2019-01-20 23:31:41,,0.0,0.0,0,,0.0,0.0,0.0,199
0,[],22,[],2019-02-21 07:11:42,0.0,0,0,6748954,2019-02-21 07:11:42,,5.17330081,0.0,0,,21824453.0,0.0,0.0,199
1,[],26,[],2019-02-21 07:11:43,0.0,0.00000000,0,6748955,2019-02-21 07:11:43,btc,0.0,0.0,0.00000000,btc,0.0,0.0,0.0,199
0,[],17,[],2019-01-30 16:32:01,0.0,0,0,6540827,2019-01-30 16:32:01,btc,6.802544163788159,0.0,0,btc,105897.55575295,0.0,0.0,200
0,[],2,[],2019-01-20 23:30:49,0.0,0,0,6477059,2019-01-20 23:30:49,,0.0,0.0,0,,0.0,0.0,0.0,201
1,[],4,[],2019-01-25 15:51:35,2084389.58565343,0.00000936,0.000000000333526752,6499557,2019-01-25 15:51:35,btc,2.0092503037378524,0.0,0.00000936,btc,160195.80207885,0.19272417,1.242687955921835,211
1,[],7,[],2019-02-21 07:11:47,3697462.89972545,0.000001300000000000000047051663780439678674838432925753295421600341796875,0.00000000005143385,6748956,2019-02-21 07:11:47,btc,15475877.309928743,1301148.68427,0.000001300000000000000047051663780439678674838432925753295421600341796875,btc,13731032.04352057,1.78826331,2.518107424126299,212
1,[],5,[],2019-02-21 07:11:48,0.0,0,0,6748957,2019-02-21 07:11:48,btc,0.0,0.15897595,0,btc,0.0,0.0,0.0,213
1,[],24,[],2019-02-21 07:11:48,0.0,0.000000050000,0.000000000001978225,6748958,2019-02-21 07:11:48,btc,0.0,0.0,0.000000050000,btc,0.0,0.0,0.0,213
1,[],26,[],2019-02-21 07:11:48,0.0,0.00000009,0.000000000003560805,6748959,2019-02-21 07:11:48,btc,0.0,0.0,0.00000009,btc,0.0,0.0,0.0,213
1,[],12,[],2019-01-25 02:44:32,207462.42853209,0.000001080000000000000035831255497387193287295303889550268650054931640625,0.000000000038610756000000006,6493050,2019-01-25 02:44:32,btc,85023.03793723314,0.0,0.000001080000000000000035831255497387193287295303889550268650054931640625,btc,43675.73520027,0.000146250909087,0.0348620860622024,213
1,[],22,[],2019-02-21 07:03:38,80000.0,0.00000001,0.00000000000039550300000000005,6748763,2019-02-21 07:03:38,BTC,2.19671377,0.0,0.00000001,BTC,271112.59081706154,0.0,0.0008,216
1,[],27,[],2019-02-21 07:03:40,5217804.5615,0.00000008,0.0000000000031640240000000004,6748764,2019-02-21 07:03:40,btc,362.10028997418,21754.0,0.00000008,"btc,ltc",295029.241,0.00174032,0.05527756246,216
1,[],22,[],2019-02-21 07:11:51,172392.27078936592,0.00000194,0.00000000007675513,6748960,2019-02-21 07:11:51,BTC,12673.57318599,0.0,0.00000194,BTC,398665.7674048424,0.01749192,0.18485283,217
1,[],7,[],2019-02-21 07:11:53,0.0,0,0,6748961,2019-02-21 07:11:53,btc,77969.6156418105,0.0,0,btc,137055636.5050253,0.0,0.0,219
0,[],27,[],2019-02-21 07:11:55,0.0,0,0,6748962,2019-02-21 07:11:55,,0.0740438339680921,0.0,0,btc,1536429.20709513,0.0,0.0,219
0.0000000000000052,[],28,[],2019-02-21 07:11:58,168163313.092,4.316468e-18,1.7077889818599999e-22,6748963,2019-02-21 07:11:58,doge,83804.0320117675,44542.5966,0.00083009,"btc,doge",4733437.84751,0.0,1.146809490483488e-11,219
1,[],22,[],2019-02-21 07:12:01,233316.6,0.00000016,0.00000000000633032,6748964,2019-02-21 07:12:01,BTC,2.99220321,0.0,0.00000016,BTC,86125.27041875875,0.00194041,0.02585636,221
1,[],24,[],2019-02-21 07:12:01,0.0,0.000000180000,0.00000000000712161,6748965,2019-02-21 07:12:01,btc,0.0,0.0,0.000000180000,btc,0.0,0.0,0.0,221
1,[],20,[],2019-02-21 07:12:03,43244181.8578,0.000000001,0.0000000000000395645,6748966,2019-02-21 07:12:03,btc,47.9968636290187,877542.6823,0.000000001,btc,11147457.9984,0.0016136029071,0.0432441818578,224
0,[],22,[],2019-02-21 07:12:06,0.0,0,0,6748967,2019-02-21 07:12:06,,0.0,0.0,0,,0.0,0.0,0.0,224
1,[],26,[],2019-02-21 07:12:06,0.0,0.00000036,0.00000000001424322,6748968,2019-02-21 07:12:06,btc,0.0,0.0,0.00000036,btc,0.0,0.0,0.0,231
1,[],26,[],2019-02-21 07:12:07,0.0,0.00000006,0.00000000000237387,6748969,2019-02-21 07:12:07,btc,0.0,0.0,0.00000006,btc,0.0,0.0,0.0,234
0,[],27,[],2019-02-21 07:12:10,0.0,0,0,6748970,2019-02-21 07:12:10,,0.0113483662182,0.0,0,"btc,eth",11462.99618,0.0,0.0,234
0,[],22,[],2019-02-21 07:12:12,0.0,0,0,6748971,2019-02-21 07:12:12,,4.79787432,0.0,0,,108574057.81349206,0.0,0.0,235
1,[],4,[],2019-02-21 07:12:13,959438.64844454,0.00000081,0.000000000032047245,6748972,2019-02-21 07:12:13,btc,0.2820268612443403,0.0,0.00000081,btc,228968.92374505,0.0469067,0.3201357917559178,236
1,[],24,[],2019-02-21 07:12:13,0.0,0.000000020010,0.000000000000791685645,6748973,2019-02-21 07:12:13,btc,0.0,0.0,0.000000020010,btc,0.0,0.0,0.0,236
1,[],20,[],2019-02-21 07:12:15,66640393.4996,0.000000057,0.0000000000022551765,6748974,2019-02-21 07:12:15,btc,17.0479357876756,21877562.337,0.000000057,btc,44252200.0781,1.3980313085523,0.3274343788896,237
1,[],22,[],2019-02-21 07:12:19,116403.0,0.00000004,0.00000000000158258,6748975,2019-02-21 07:12:19,BTC,0.0405823,0.0,0.00000004,"BTC,LTC",3164.0,0.0,0.00482009,237
1,[],4,[],2019-02-21 07:12:20,4786934.48527143,0.00000033,0.000000000013056284999999999,6748976,2019-02-21 07:12:20,btc,0.4790968998644668,0.0,0.00000033,btc,1263564.29210241,0.11279158,1.5044618903422915,238
1,[],5,[],2019-02-21 07:12:21,0.0,0,0,6748977,2019-02-21 07:12:21,btc,0.0,0.14884216,0,btc,0.0,0.0,0.0,238
0,[],22,[],2019-02-20 05:29:38,0.0,0,0,6730663,2019-02-20 05:29:38,,27.41701007,0.0,0,,370860.0639027493,0.0,0.0,249
0.0000000001272239,[],22,[],2019-02-21 07:12:25,7021097.666666667,3.816717e-18,1.510064997465e-22,6748978,2019-02-21 07:12:25,LTC,0.56670218,0.0,0.00000003,LTC,15147487.09,0.0,0.20963595,252
1,[],28,[],2019-02-21 07:12:27,4391956.698,0.0000001,0.00000000000395645,6748979,2019-02-21 07:12:27,btc,164693.72223419085,33285.0,0.0000001,btc,1230574.0351,0.0,0.2663411375,256
1,[],22,[],2019-02-21 07:12:30,2473373.6666666665,0.00000003,0.000000000001186935,6748980,2019-02-21 07:12:30,BTC,31.40136946,0.0,0.00000003,BTC,455878.4505485993,0.0003,0.05305593,258
1,[],22,[],2019-02-21 07:12:33,49651.0,0.00000002,0.00000000000079129,6748981,2019-02-21 07:12:33,BTC,2.629917,0.0,0.00000002,BTC,1762.0,0.0,0.00050551,259
1,[],22,[],2019-02-21 07:12:38,11024.0,0.00000852,0.00000000033708954,6748982,2019-02-21 07:12:38,BTC,1398.83299987,0.0,0.00000852,"BTC,LTC",9257.775100648258,0.01573165,0.01460405,262
1,[],5,[],2019-02-21 07:12:40,0.0,0,0,6748983,2019-02-21 07:12:40,btc,0.0,0.07710232,0,btc,0.0,0.0,0.0,264
1,[],20,[],2019-02-21 07:12:42,1218074.2142,0.000001542,0.000000000061008459,6748984,2019-02-21 07:12:42,btc,7.6907461447308,42022.8967,0.000001542,btc,108368.5714,0.138504327263,0.0223226906085,264
1,[],22,[],2019-02-21 07:12:45,38414.0,0.00000001,0.000000000000395645,6748985,2019-02-21 07:12:45,BTC,8.4442135,0.0,0.00000001,BTC,427909.69136002666,7e-05,0.00038414,271
0,[],22,[],2019-02-21 07:12:48,0.0,0,0,6748986,2019-02-21 07:12:48,,390.78678703,0.0,0,,15707597515.9,0.0,0.0,272
0.0000000000000052,[],28,[],2019-02-21 07:12:51,222624587019.043,4.264e-21,1.68703028e-25,6748987,2019-02-21 07:12:51,doge,441025378.63992906,28634149586.047,0.00000082,doge,211707176693.85043,0.0,5.949400201989027e-10,272
1,[],22,[],2019-02-21 07:13:05,18265.695,0.00000420,0.00000000016617089999999998,6748988,2019-02-21 07:13:05,BTC,74.2262813,0.0,0.00000420,"BTC,LTC",4800.143827123463,4.2e-06,0.05558594,281
1,[],22,[],2019-02-21 07:13:10,10770.0,0.00000001,0.000000000000395645,6748989,2019-02-21 07:13:10,BTC,1.33362507,0.0,0.00000001,BTC,133809.28407983386,1.226e-05,0.0001077,286
0,[],22,[],2019-02-21 07:13:13,0.0,0,0,6748990,2019-02-21 07:13:13,,43633.13129399,0.0,0,,280194242.0,0.0,0.0,294
