pairValue,buyBook,exchangeId,sellBook,updated,buyTotal,satoshiPrice,usdPrice,exchangeLogId,created,bestPair,sellTotalBtc,volume,pairPrice,activePairs,sellTotal,volumeBtc,buyTotalBtc,coinId
1,[],10,[],2019-07-13 08:58:05,251434.9725798,0.00271069,0.00000031407274150500003,7812232,2019-07-13 08:58:05,btc,6515.317158446701,1686.04548878,0.00271069,btc,2002.66956917,0.0,1.2639712180673435,1
1,[],5,[],2019-07-06 00:27:44,0.0,0,0,7800775,2019-07-06 00:27:44,btc,0.0,0.00190933,0,btc,0.0,0.0,0.0,1
0,[],2,[],2019-01-20 23:28:45,0.0,0,0,6477011,2019-01-20 23:28:45,,0.0,0.0,0,,0.0,0.0,0.0,1
1,[],3,[],2019-07-15 17:39:13,32160.446903726926,0.0078563399999999998513100507580020348541438579559326171875,0.000000834902679408,7821794,2019-07-15 17:39:13,btc,9.306379180298627,71.6010642636,0.0078563399999999998513100507580020348541438579559326171875,btc,35.086127510545,0.0,0.21168692586656018,1
1,[],4,[],2019-07-15 17:39:14,208214.50287358,0.00770025,0.0000008183148078000001,7821795,2019-07-15 17:39:14,btc,11.588922200579836,0.0,0.00770025,btc,527.0406518,0.75999849,0.5338262467529549,1
1,[],12,[],2019-07-15 17:39:19,90.20169149,0.007720000000000000299482660892635976779274642467498779296875,0.0000008204136640000001,7821796,2019-07-15 17:39:19,btc,0.6373009825188,0.0,0.007720000000000000299482660892635976779274642467498779296875,btc,28.05829795,0.885376988799,0.1793699925772,1
1,[],20,[],2019-07-15 17:39:21,924.9458,0.007798054,0.0000008287085562448001,7821797,2019-07-15 17:39:21,btc,0.2226692246914,0.9302,0.007798054,btc,18.1448,0.0077874712728,0.1184970827738,1
1,[],21,[],2019-07-15 17:39:23,3126.34492748,0.007730019999999999773254710789,0.0000008214785014240001,7821798,2019-07-15 17:39:23,btc,8.94324783044135,2899.52236306,0.007730019999999999773254710788705779123120009899139404296875,"btc,eth",1499.2356877500001,21.149306571161528,19.96290283077466,1
1,[],22,[],2019-07-15 17:39:26,1.1399,0.00800000,0.0000008501696000000001,7821799,2019-07-15 17:39:26,BTC,0.01739824,0.0,0.00800000,BTC,0.3195712944891207,0.0,0.00213189,1
1,[],24,[],2019-07-15 17:39:27,0.0,0.000000000000,0,7821800,2019-07-15 17:39:27,btc,0.0,0.0,0.000000000000,btc,0.0,0.0,0.0,1
0.0,[],25,[],2019-07-15 17:39:28,0.0,0,0,7821801,2019-07-15 17:39:28,btc,22.79999999939106,12949.12387938,0.0,btc,2855.30453406,103.0,0.0,1
1,[],26,[],2019-07-15 17:39:30,0.0,0,0,7821802,2019-07-15 17:39:30,,0.0,0.0,0,,0.0,0.0,0.0,1
1,[],28,[],2019-07-15 17:39:38,1041.4,0.008120000000,0.0000008629221440000001,7821803,2019-07-15 17:39:38,btc,0.364618146,22151.8,0.008120000000,btc,23.2792,0.0,0.280306096,1
1,[],5,[],2019-07-06 00:28:14,0.0,0,0,7800785,2019-07-06 00:28:14,btc,0.0,0.00208797,0,btc,0.0,0.0,0.0,2
1,[],22,[],2019-07-15 17:39:42,11550.3,0.0000002,0.000000000021254240000000003,7821804,2019-07-15 17:39:42,BTC,21.00878619,0.0,0.0000002,"BTC,XMR",19931.59287795317,0.0,0.00143681,2
1,[],5,[],2019-06-03 14:48:58,0.0,0,0,7731126,2019-06-03 14:48:58,btc,0.0,0.05905545,0,btc,0.0,0.0,0.0,3
1,[],12,[],2019-07-15 17:39:45,3295460.4626,0.000000069,0.000000000007332712800000001,7821805,2019-07-15 17:39:45,btc,6944.6005957814195,0.0,0.000000069,btc,6713200.64876075,0.038986739373,0.1543362839194,3
0,[],28,[],2019-07-15 17:39:46,0.0,0,0,7821806,2019-07-15 17:39:46,,0.0,0.0,0,,0.0,0.0,0.0,3
0,[],2,[],2019-01-20 23:31:32,0.0,0,0,6477077,2019-01-20 23:31:32,,0.0,0.0,0,,0.0,0.0,0.0,4
1,[],4,[],2019-07-15 17:39:47,4524663.6443914,0.00000001,0.0000000000010627120000000002,7821807,2019-07-15 17:39:47,btc,51.8726787398384,0.0,0.00000001,btc,1306572.57573822,0.0,0.045246636443914,4
0,[],12,[],2019-07-10 21:32:46,0.0,0,0,7800866,2019-07-10 21:32:46,btc,641.7517620215584,0.0,0,btc,1208658.0779220702,0.0,0.0,5
0,[],2,[],2019-01-20 23:31:51,0.0,0,0,6477087,2019-01-20 23:31:51,,0.0,0.0,0,,0.0,0.0,0.0,6
1,[],11,[],2019-07-15 17:39:48,2069748.67673599,0.00000001,0.0000000000010627120000000002,7821808,2019-07-15 17:39:48,btc,9583.559593810252,420000.0,0.00000001,btc,78408032.80704153,0.0,0.0206974867673599,6
1,[],5,[],2019-07-06 00:28:21,0.0,0,0,7800789,2019-07-06 00:28:21,btc,0.0,0.38662001,0,btc,0.0,0.0,0.0,7
1,[],3,[],2019-07-15 17:39:49,12940.257187498166,0.00010862000000000000018811341373492496131802909076213836669921875,0.000000011543177744000002,7821809,2019-07-15 17:39:49,btc,2027.6425065207493,804.920324277,0.00010862000000000000018811341373492496131802909076213836669921875,btc,386.769788161607,0.0,0.04575112267240665,7
1,[],4,[],2019-07-15 17:39:50,329629.54727528,0.00011092,0.000000011787601504,7821810,2019-07-15 17:39:50,btc,12.849735477656221,0.0,0.00011092,btc,62951.91596563,1.63045066,3.92634387883767,7
1,[],20,[],2019-04-07 22:06:50,3201475.0482,0.000000001,0.000000000000051590000000000004,7213932,2019-04-07 22:06:50,btc,30.8005781811902,0.0,0.000000001,btc,23077405.3926,0.0,0.0032014750482,8
0,[],2,[],2019-01-20 23:22:42,0.0,0,0,6476876,2019-01-20 23:22:42,,0.0,0.0,0,,0.0,0.0,0.0,9
0,[],23,[],2019-01-20 23:22:48,0.0,0,0,6476878,2019-01-20 23:22:48,,0.0,0.0,0,,0.0,0.0,0.0,9
1,[],1,[],2019-02-17 23:31:42,1822507.21,0.00000181000000000000003456111265232042484285557293333113193511962890625,0.000000000066086901,6701244,2019-02-17 23:31:42,btc,3.6990969245,17153386.5,0.00000181000000000000003456111265232042484285557293333113193511962890625,btc,1997391.71,31.11772986,3.2610482446,9
1,[],4,[],2019-07-15 17:39:51,2488435.01484898,0.00000057,0.000000000060574584,7821811,2019-07-15 17:39:51,btc,3.4030029925978713,0.0,0.00000057,btc,2631234.08109632,0.26326406,0.6031859327439123,9
1,[],28,[],2019-07-15 17:39:59,144734.809,0.00000049,0.00000000005207288800000001,7821812,2019-07-15 17:39:59,btc,2708.7852197151,55374.0,0.00000049,btc,37061.367,0.0,0.03740016978,9
1,[],4,[],2019-02-17 11:22:43,4341674.27126056,0.00000002,0.0000000000007272960000000001,6696112,2019-02-17 11:22:43,btc,0.1997230937751353,0.0,0.00000002,btc,4109766.79808031,0.00215132,0.0479381022052112,10
1,[],5,[],2019-07-05 17:50:59,0.0,0,0,7799863,2019-07-05 17:50:59,btc,0.0,0.04857279,0,btc,0.0,0.0,0.0,12
0,[],2,[],2019-01-20 23:23:08,0.0,0,0,6476890,2019-01-20 23:23:08,,0.0,0.0,0,,0.0,0.0,0.0,12
1,[],4,[],2019-07-15 17:40:00,25692893.54920525,0.00000032,0.000000000034006784000000005,7821813,2019-07-15 17:40:00,btc,5.687976852559218,0.0,0.00000032,btc,7369058.73509092,0.79923354,2.3481665485128933,12
0.0,[],25,[],2019-07-15 17:40:02,0.0,0,0,7821814,2019-07-15 17:40:02,,0.0,0.0,0.0,btc,0.0,0.0,0.0,12
1,[],4,[],2019-07-15 17:40:04,627735.51982109,0.00000209,0.00000000022210680800000001,7821815,2019-07-15 17:40:04,btc,1.829482016456287,0.0,0.00000209,btc,384871.64769492,0.25729659,0.3698791540410405,13
1,[],10,[],2019-07-15 17:40:07,664573.09901279,0.0000019,0.00000000020191528000000003,7821816,2019-07-15 17:40:07,btc,666797.966810471,12919.2425969,0.0000019,btc,1052072.8674208,0.0,0.1130764472043769,13
1,[],21,[],2019-07-15 17:40:09,10485299.47679454,0.000002070000000000000086323092771,0.00000000021998138400000002,7821817,2019-07-15 17:40:09,btc,2.975079428393255,1313062.14560753,0.00000207000000000000008632309277112337753123938455246388912200927734375,btc,1078401.93838138,2.62794319,5.640179724682936,13
0,[],17,[],2019-05-03 00:53:32,0.0,0,0,7558876,2019-05-03 00:53:32,btc,0.0,0.0,0,btc,0.0,0.0,0.0,14
1,[],4,[],2019-07-15 17:40:10,1095900.49135122,0.00000063,0.000000000066950856,7821818,2019-07-15 17:40:10,btc,7.154869369711688,0.0,0.00000063,btc,2000994.36389794,0.09132611,0.1325352017038241,14
1,[],12,[],2019-07-15 17:40:10,238507.4113638,0.00000052,0.00000000005526102400000001,7821819,2019-07-15 17:40:10,btc,189.70644257287628,0.0,0.00000052,btc,60767.85612207,0.00546424289,0.015733656225919,14
1,[],26,[],2019-07-15 17:42:11,0.0,0.00000050,0.0000000000531356,7821820,2019-07-15 17:42:11,btc,0.0,0.0,0.00000050,btc,0.0,0.0,0.0,14
,[],12,[],2018-12-01 15:15:48,204241.84496,0.00000489,0.000000000202473384,5260204,2018-12-01 15:15:48,btc,49.5475654835,0.0,,btc,35763.2193806,0.0163153972027625,0.0203389899998,15
0,[],4,[],2019-07-15 17:42:12,0.0,0,0,7821821,2019-07-15 17:42:12,,0.0,0.0,0,,0.0,0.0,0.0,15
1,[],12,[],2019-07-15 17:42:16,3736.6023965,0.0000069800000000000000864824704904787466830384801141917705535888671875,0.0000000007417729760000001,7821824,2019-07-15 17:42:16,btc,0.5288887617143601,0.0,0.0000069800000000000000864824704904787466830384801141917705535888671875,btc,2017.45230919,7.5057362e-05,0.0082107910758275,18
0,[],2,[],2019-01-20 23:23:38,0.0,0,0,6476906,2019-01-20 23:23:38,,0.0,0.0,0,,0.0,0.0,0.0,18
0,[],17,[],2019-05-03 00:53:39,0.0,0,0,7558882,2019-05-03 00:53:39,btc,0.0,0.0,0,btc,0.0,0.0,0.0,18
1,[],4,[],2019-07-15 17:42:13,31866.27989828,0.00000780,0.0000000008289153600000001,7821822,2019-07-15 17:42:13,btc,2.3901533458195288,0.0,0.00000780,btc,18665.62599364,0.05258883,0.040136142445487,18
1,[],10,[],2019-07-15 17:42:15,371734.34672889,0.00000803,0.000000000853357736,7821823,2019-07-15 17:42:15,btc,15.23592757515633,2011.07538006,0.00000803,btc,25027.91362117,0.0,0.1300320897186718,18
1,[],3,[],2019-07-15 17:44:17,159629.86716260613,0.000007920000000000000403934698189889473951552645303308963775634765625,0.0000000008416679040000001,7821825,2019-07-15 17:44:17,btc,190.32967714728792,16672.454221,0.000007920000000000000403934698189889473951552645303308963775634765625,btc,18377.965188570633,0.0,0.09193489441274987,19
1,[],4,[],2019-07-15 17:44:18,315284.26809247,0.00000591,0.000000000628062792,7821826,2019-07-15 17:44:18,btc,2.5405939272939877,0.0,0.00000591,btc,192676.60489472,1.15303457,0.566095894906189,19
1,[],12,[],2019-07-15 17:44:20,107024.75779419,0.0000041899999999999996939275583029971272708280594088137149810791015625,0.000000000445276328,7821827,2019-07-15 17:44:20,btc,0.3680969260574548,0.0,0.0000041899999999999996939275583029971272708280594088137149810791015625,btc,3017.42994847,0.0,0.0089801059996979,19
0,[],27,[],2019-07-15 17:44:23,0.0,0,0,7821828,2019-07-15 17:44:23,,0.0,0.0,0,btc,0.0,0.0,0.0,19
0,[],2,[],2019-01-20 23:24:19,0.0,0,0,6476924,2019-01-20 23:24:19,,0.0,0.0,0,,0.0,0.0,0.0,19
1,[],5,[],2019-07-06 02:01:19,0.0,0,0,7800799,2019-07-06 02:01:19,btc,0.0,0.0,0,btc,0.0,0.0,0.0,19
1,[],4,[],2019-07-15 17:44:24,10109815.20478478,0.00000005,0.000000000005313560000000001,7821829,2019-07-15 17:44:24,btc,5.154892367544921,0.0,0.00000005,btc,2212540.08702876,0.0,0.1126456577405056,20
0,[],4,[],2019-07-15 17:44:25,0.0,0,0,7821830,2019-07-15 17:44:25,,54631.37727076294,0.0,0,,164576489.71072474,0.0,0.0,21
0,[],12,[],2019-07-15 17:44:27,0.0,0,0,7821831,2019-07-15 17:44:27,btc,2615.5409620323076,0.0,0,btc,11238504.02897099,9.190809e-06,0.0,21
0,[],17,[],2019-05-03 00:53:51,0.0,0,0,7558891,2019-05-03 00:53:51,btc,0.0,0.0,0,btc,0.0,0.0,0.0,21
1,[],12,[],2019-07-15 17:46:28,5695825316.392567,0.0000000011,0.00000000000011689832,7821832,2019-07-15 17:46:28,btc,1555660809041.3284,0.0,0.0000000011,btc,2722913099.5769367,1.713607772034,2.298422764725884,23
0.000000000218374,[],27,[],2019-07-15 17:46:34,78150398.33966026,4.585854e-17,4.873442076048e-21,7821833,2019-07-15 17:46:34,eth,1056.5213814896158,511606.05,0.00000021,eth,1516165.8012028,2.234429191254e-11,1.9494409896908238e-09,23
1,[],4,[],2019-07-15 17:46:35,5860812.04336881,0.00000018,0.000000000019128816,7821834,2019-07-15 17:46:35,btc,11.145109012052275,0.0,0.00000018,btc,1620817.2622087,0.01303549,0.1000361393141251,24
0,[],22,[],2019-07-15 17:46:38,0.0,0,0,7821835,2019-07-15 17:46:38,,0.0,0.0,0,,0.0,0.0,0.0,24
0.0,[],25,[],2019-07-15 17:46:40,0.0,0,0,7821836,2019-07-15 17:46:40,,0.0,0.0,0.0,btc,0.0,0.0,0.0,24
1,[],4,[],2019-07-15 17:46:41,26943357.00789721,0.00000283,0.000000000300747496,7821837,2019-07-15 17:46:41,btc,5.858694046938686,0.0,0.00000283,btc,194612.10511939,0.05482837,0.3779308085439409,26
1,[],10,[],2019-07-15 17:46:43,231496.47601316,0.00000252,0.000000000267803424,7821838,2019-07-15 17:46:43,btc,26.266436267948848,11290.8245007,0.00000252,btc,21820.63135168,0.0,0.0474115318334335,26
0,[],2,[],2019-01-20 23:25:56,0.0,0,0,6476976,2019-01-20 23:25:56,,0.0,0.0,0,,0.0,0.0,0.0,26
1,[],5,[],2019-04-26 09:47:06,0.0,0,0,7465326,2019-04-26 09:47:06,btc,0.0,0.0,0,btc,0.0,0.0,0.0,27
1,[],3,[],2019-06-17 14:30:26,13571825.64059417,0.00000001,0.00000000000092914,7740112,2019-06-17 14:30:26,btc,3.485049956644059,4264730.43754,0.00000001,btc,23500048.28518193,0.0,0.1357182564059417,27
1,[],11,[],2019-07-15 06:07:59,993045.80216525,0.00000001,0.000000000001021634,7819506,2019-07-15 06:07:59,btc,67502.92060589766,178.77941309,0.00000001,btc,6487362.95640949,0.0,0.0099304580216525,27
0.0000000000864505,[],4,[],2019-07-15 17:46:45,593195002.5250636,9.4231045e-17,1.0014046229404001e-20,7821839,2019-07-15 17:46:45,ltc,11.355797700653799,0.0,0.00000109,ltc,642708928.5532815,0.08693753,1.4292780390291238e-08,29
1,[],7,[],2019-07-15 17:46:48,0.0,0,0,7821840,2019-07-15 17:46:48,btc,1236880.8447829967,0.0,0,btc,37559791.84718177,0.0,0.0,29
1,[],4,[],2019-07-15 17:46:48,15135841.72757379,0.00000006,0.000000000006376272000000001,7821841,2019-07-15 17:46:48,btc,2.5708026539239883,0.0,0.00000006,btc,2188514.9831277,0.00039541,0.1645777272776771,30
0,[],17,[],2019-05-03 01:11:25,0.0,0,0,7559066,2019-05-03 01:11:25,btc,0.0,0.0,0,btc,0.0,0.0,0.0,30
1,[],4,[],2019-07-15 17:48:49,228596.84825115,0.00002591,0.0000000027534867920000004,7821842,2019-07-15 17:48:49,btc,3.1184138389024465,0.0,0.00002591,btc,56097.18028344,0.14650872,0.3418875558077566,31
1,[],21,[],2019-07-15 17:48:50,245814.88300113,0.00002710000000000000142065179065,0.0000000028799495200000005,7821843,2019-07-15 17:48:50,btc,6.204097943492489,42003.06077487,0.0000271000000000000014206517906512061699686455540359020233154296875,btc,167840.81565396,1.13293371,2.869361590007262,31
0,[],2,[],2019-01-20 23:28:43,0.0,0,0,6477009,2019-01-20 23:28:43,,0.0,0.0,0,,0.0,0.0,0.0,32
0,[],4,[],2019-07-15 17:48:51,0.0,0,0,7821844,2019-07-15 17:48:51,,0.0,0.0,0,,0.0,0.0,0.0,33
1,[],12,[],2019-03-30 07:55:10,40641173.964,0.00000003,0.000000000001228359,7108785,2019-03-30 07:55:10,btc,4233210.82356125,0.0,0.00000003,btc,28378394.68333462,0.0126927883965248,0.90752895892,33
0.0000000000864505,[],4,[],2019-07-15 17:48:53,66146629.42273802,3.0257675e-17,3.2155194314600004e-21,7821845,2019-07-15 17:48:53,ltc,4.148870736166531,0.0,0.00000035,ltc,170984508.32729155,0.0,6.808257861736801e-10,34
1,[],5,[],2019-07-06 02:03:46,0.0,0,0,7800811,2019-07-06 02:03:46,btc,0.0,0.0,0,btc,0.0,0.0,0.0,34
0,[],4,[],2019-07-11 00:07:02,0.0,0,0,7801420,2019-07-11 00:07:02,,3.68295914902898e-08,0.0,0,,6667385825.224262,0.0,0.0,36
0.0000000002385992,[],27,[],2019-07-11 00:09:09,11642390.307056,6.9193768e-17,8.4302504017872e-21,7801421,2019-07-11 00:09:09,eth,1120.18186,0.0,0.00000029,"ltc,eth",2270631.0,0.0,1.3601704595377105e-10,36
0.0000000002926451,[],17,[],2019-05-02 18:17:47,200000.0,2.9264510000000002e-18,1.596703856561e-22,7556430,2019-05-02 18:17:47,eth,0.20942468735267253,0.0,0.00000001,"btc,eth",1018272.20243647,0.0,5.852902e-13,36
1,[],5,[],2019-05-31 13:28:21,0.0,0,0,7717484,2019-05-31 13:28:21,btc,0.0,0.0,0,btc,0.0,0.0,0.0,36
1,[],4,[],2019-07-15 17:48:54,11049030.74833109,0.00000005,0.000000000005313560000000001,7821846,2019-07-15 17:48:54,btc,19772.143130320343,0.0,0.00000005,btc,752506.25626014,0.0,0.1273084537306471,37
1,[],12,[],2019-07-15 17:48:55,9395444.18957402,0.00000006,0.000000000006376272,7821847,2019-07-15 17:48:55,btc,135.92924107286407,0.0,0.00000006,btc,2961673.68782087,0.012183306922,0.1975751078387011,37
1,[],27,[],2019-07-15 17:50:59,10792.0,0.00000019,0.000000000020191528000000003,7821848,2019-07-15 17:50:59,btc,22.62000024371233,0.0,0.00000019,btc,4248.824835,0.0,0.00164037,37
1,[],17,[],2019-05-03 01:11:36,211752.74075282,0.00000025,0.000000000013700074999999998,7559074,2019-05-03 01:11:36,btc,0.055484923955058496,0.0,0.00000025,"btc,eth",1387.19918473,0.0,0.0005381851887916605,37
1,[],12,[],2019-07-15 17:51:01,190639.75126862,0.000001049999999999999899545958213786800428124479367397725582122802734375,0.00000000011158476,7821849,2019-07-15 17:51:01,btc,650.0951360351336,0.0,0.000001049999999999999899545958213786800428124479367397725582122802734375,btc,144721.65012836,0.04240830417,0.0412496092704327,42
1,[],27,[],2019-07-15 17:51:05,11.0,0.00000003,0.0000000000031881360000000003,7821850,2019-07-15 17:51:05,btc,0.07600425,0.0,0.00000003,"btc,eth",18.0,0.0,3.3e-07,42
1,[],5,[],2019-07-06 02:03:47,0.0,0,0,7800812,2019-07-06 02:03:47,btc,0.0,0.14382058,0,btc,0.0,0.0,0.0,42
1,[],12,[],2019-03-13 09:13:29,1112112.0,0.00000001,0.000000000000386531,6919902,2019-03-13 09:13:29,btc,29058.00478931866,0.0,0.00000001,btc,5967681.93306694,9.99000999e-07,0.01112112,43
1,[],5,[],2019-04-26 22:38:52,0.0,0,0,7474154,2019-04-26 22:38:52,btc,0.0,0.02638891,0,btc,0.0,0.0,0.0,43
0,[],17,[],2019-04-26 22:38:53,0.0,0,0,7474155,2019-04-26 22:38:53,btc,0.0,0.0,0,btc,0.0,0.0,0.0,43
1,[],12,[],2019-03-05 01:54:08,639326.02,0.00000004,0.000000000001486676,6845775,2019-03-05 01:54:08,btc,11116042.728239931,0.0,0.00000004,btc,1103841.4595604,0.0003330765234764,0.014975410599999999,44
0.0000000000864505,[],4,[],2019-07-15 17:53:07,117857605.6649515,2.074812e-17,2.204927610144e-21,7821851,2019-07-15 17:53:07,ltc,4098.499235659717,0.0,0.00000024,ltc,27513649.7673703,0.0001,4.476263303821644e-10,49
0.0000000000864505,[],4,[],2019-07-15 17:53:08,307440266.6859812,1.6425595e-17,1.745567691364e-21,7821852,2019-07-15 17:53:08,ltc,28621.062874603074,0.0,0.00000019,ltc,241143339.12113157,0.0,1.495823679550991e-09,52
0,[],22,[],2019-07-15 17:53:11,0.0,0,0,7821853,2019-07-15 17:53:11,,10289.83185391,0.0,0,,287184669.4566013,0.0,0.0,57
0,[],27,[],2019-07-15 17:53:15,0.0,0,0,7821854,2019-07-15 17:53:15,,0.0,0.0,0,"btc,eth",0.0,0.0,0.0,57
0,[],4,[],2019-07-15 17:53:15,0.0,0,0,7821855,2019-07-15 17:53:15,,19.722314532082837,0.0,0,,5976677562.44014,0.00088001,0.0,58
0,[],12,[],2019-07-15 17:53:18,0.0,0,0,7821856,2019-07-15 17:53:18,btc,671217859.8060663,0.0,0,btc,3557759549.199797,0.042084095803,0.0,58
0.0000000000780557,[],22,[],2019-07-15 17:55:21,126877.0,7.80557e-19,8.295072905840001e-23,7821857,2019-07-15 17:55:21,XMR,68.17454206,0.0,0.00000001,XMR,9626402.6,0.0,0.00126877,58
1,[],17,[],2019-05-03 01:12:09,1200000.0,0.0000000001,0.00000000000000548003,7559085,2019-05-03 01:12:09,btc,1e+24,0.0,0.0000000001,"btc,eth",39516342.31952568,0.0,0.00010000000058666061,58
0,[],22,[],2019-07-15 17:55:24,0.0,0,0,7821858,2019-07-15 17:55:24,,1000.95215461,0.0,0,,8934.866843792322,0.0,0.0,61
1,[],26,[],2019-07-15 17:55:24,0.0,0.00000013,0.000000000013815256000000002,7821859,2019-07-15 17:55:24,btc,0.0,0.0,0.00000013,btc,0.0,0.0,0.0,61
1,[],27,[],2019-07-15 17:55:29,8400.0,0.00000018,0.000000000019128816,7821860,2019-07-15 17:55:29,btc,1.97314195,0.0,0.00000018,"btc,eth",10936.9,0.0,0.001512,61
1,[],28,[],2019-07-15 17:55:31,40101.0,0.00000004,0.000000000004250848000000001,7821861,2019-07-15 17:55:31,btc,0.242436445415105,96.0,0.00000004,btc,9316.46650005,0.0,0.00100202,61
1,[],5,[],2019-06-17 14:31:27,0.0,0,0,7740135,2019-06-17 14:31:27,btc,0.0,0.00079154,0,btc,0.0,0.0,0.0,61
1,[],4,[],2019-07-15 17:55:33,4328170.79330284,0.00000039,0.000000000041445768,7821862,2019-07-15 17:55:33,btc,3.5058351281614053,0.0,0.00000039,btc,1398827.52426394,0.02608703,1.4340026135311743,67
0.0,[],25,[],2019-07-15 17:55:35,0.0,0,0,7821863,2019-07-15 17:55:35,,0.0,0.0,0.0,btc,0.0,0.0,0.0,67
1,[],12,[],2019-06-02 06:23:14,910048.355,0.00000006,0.000000000005154929999999999,7725270,2019-06-02 06:23:14,btc,5.167005424215783,0.0,0.00000006,btc,738530.60239759,0.003159757462,0.0187188113,71
,[],5,[],2018-11-20 23:02:39,1.5e-07,0.00000005,0.000000000002128045,4862160,2018-11-20 23:02:39,btc,2.84511358,0.0,,btc,0.00036572,0.0,0.07381892,74
1,[],5,[],2019-07-06 00:15:01,0.0,0,0,7800749,2019-07-06 00:15:01,btc,0.0,0.01883861,0,btc,0.0,0.0,0.0,75
0,[],4,[],2019-07-10 21:51:38,0.0,0,0,7800925,2019-07-10 21:51:38,,581890.2410093442,0.0,0,,38279594.33970312,0.0,0.0,81
0,[],20,[],2019-01-25 09:30:31,0.0,0,0,6495923,2019-01-25 09:30:31,btc,0.0,0.0,0,btc,0.0,0.0,0.0,81
1,[],4,[],2019-07-15 17:55:37,164572.84215632,0.00005925,0.000000006296568600000001,7821864,2019-07-15 17:55:37,btc,58.39156835078497,0.0,0.00005925,btc,124575.86300039,0.57215476,0.2519698739747999,82
1,[],21,[],2019-07-15 17:55:39,293248.83931053,0.00005963000000000000336850339289,0.000000006336951656000001,7821865,2019-07-15 17:55:39,btc,5.274138530353363,8120.43041031,0.0000596300000000000033685033928865237840000190772116184234619140625,btc,56747.43748785,0.50300887,1.7466194756683229,82
0,[],17,[],2019-03-25 22:42:34,0.0,0,0,7038780,2019-03-25 22:42:34,btc,0.0445064681804024,0.0,0,btc,995513.18476001,0.0,0.0,84
0,[],4,[],2019-07-15 17:55:40,0.0,0,0,7821866,2019-07-15 17:55:40,,1.6446425276892034,0.0,0,,601005173.3340665,0.0,0.0,85
,[],22,[],2018-11-20 23:09:34,3408.1,0.0000001,0.0000000000041895,4862324,2018-11-20 23:09:34,BTC,0.04624735,0.0,,BTC,4990.0,0.0,0.00033081,86
0,[],22,[],2019-07-15 17:55:43,0.0,0,0,7821867,2019-07-15 17:55:43,,1.87802138,0.0,0,,616186.447368421,0.0,0.0,87
1,[],27,[],2019-07-15 17:55:47,17841.0,0.00000005,0.000000000005313560000000001,7821868,2019-07-15 17:55:47,btc,6.250621422774,0.0,0.00000005,btc,300278.29336,0.0,0.00049205,87
,[],2,[],2018-11-20 23:10:47,0.0,0,0,4862359,2018-11-20 23:10:47,,0.0,0.0,,,0.0,0.0,0.0,88
1,[],11,[],2019-07-13 06:40:01,299353.97557583,0.0000369999999999999981139219007442164866006351076066493988037109375,0.0000000043049315,7811813,2019-07-13 06:40:01,btc,156.70253706438987,1923.2,0.0000369999999999999981139219007442164866006351076066493988037109375,btc,146186.36192325,0.0,0.8075395878505254,89
0,[],2,[],2019-01-20 23:31:45,0.0,0,0,6477083,2019-01-20 23:31:45,,0.0,0.0,0,,0.0,0.0,0.0,91
1,[],12,[],2019-07-15 17:55:48,442487.79348303,0.00000045,0.000000000047822040000000004,7821869,2019-07-15 17:55:48,btc,415.00131583965253,0.0,0.00000045,btc,236671.85584967,4.155844e-06,0.0391097000954706,91
1,[],22,[],2019-07-15 17:57:52,75900.0,0.00000001,0.0000000000010627120000000002,7821870,2019-07-15 17:57:52,BTC,0.495,0.0,0.00000001,"BTC,LTC",4.95,0.0,0.001659,91
0,[],17,[],2019-05-03 01:12:26,0.0,0,0,7559096,2019-05-03 01:12:26,btc,0.0,0.0,0,btc,0.0,0.0,0.0,91
1,[],22,[],2019-07-10 21:56:00,91614.0,0.00000002,0.000000000002352202,7800934,2019-07-10 21:56:00,BTC,11.8980079,0.0,0.00000002,"BTC,LTC",347503.789747713,0.0,0.06622228,95
0.0000000000864505,[],4,[],2019-07-15 17:57:53,562365937.677794,1.901911e-17,2.021183642632e-21,7821871,2019-07-15 17:57:53,ltc,11.650809873606732,0.0,0.00000022,ltc,174621950.29646632,0.0,6.230710017282345e-10,96
0,[],12,[],2019-07-15 17:57:54,0.0,0,0,7821872,2019-07-15 17:57:54,btc,38.02633287751249,0.0,0,btc,10917432.75124874,0.0,0.0,96
0,[],17,[],2019-05-03 01:12:32,0.0,0,0,7559100,2019-05-03 01:12:32,btc,0.0,0.0,0,btc,0.0,0.0,0.0,96
1,[],4,[],2019-04-14 03:32:46,1039404.33283278,0.00000038,0.000000000019245518,7293458,2019-04-14 03:32:46,btc,4.170086055365747,0.0,0.00000038,btc,3097704.34561074,0.06260606,0.1859928211030784,99
1,[],4,[],2019-07-15 17:59:55,204887.87880057,0.00001424,0.0000000015133018880000002,7821873,2019-07-15 17:59:55,btc,8.595533193670109,0.0,0.00001424,btc,170380.02381486,0.30335205,0.682754478298793,100
0,[],2,[],2019-01-20 23:23:55,0.0,0,0,6476914,2019-01-20 23:23:55,,0.0,0.0,0,,0.0,0.0,0.0,100
1,[],22,[],2019-07-15 17:59:58,146000.0,0.00000002,0.0000000000021254240000000003,7821874,2019-07-15 17:59:58,BTC,26.50623849,0.0,0.00000002,BTC,10383.92,0.0,0.00162,101
1,[],4,[],2019-07-15 17:59:59,535880.56079104,0.00000125,0.00000000013283900000000002,7821875,2019-07-15 17:59:59,btc,617.211240788714,0.0,0.00000125,btc,788667.26543919,0.0038471,0.0724724035666132,103
1,[],12,[],2019-07-15 18:00:02,62561204.05301303,0.000000004,0.0000000000004250848000000001,7821876,2019-07-15 18:00:02,btc,349456.3942866365,0.0,0.000000004,btc,111908204.65475525,0.004104214662,0.11873951821205213,105
1,[],27,[],2019-07-15 18:00:06,131091.90050008,0.00000003,0.0000000000031881360000000003,7821877,2019-07-15 18:00:06,btc,208.9479291019637,0.0,0.00000003,btc,646360.44359946,0.0,0.0020906345150027,105
1,[],22,[],2019-07-10 21:58:18,21333.0,0.00000001,0.000000000001176101,7800942,2019-07-10 21:58:18,BTC,51.38182867,0.0,0.00000001,BTC,470435.0,0.0,0.00021333,107
1,[],26,[],2019-07-10 21:58:18,0.0,0.00000000,0,7800943,2019-07-10 21:58:18,btc,0.0,0.0,0.00000000,btc,0.0,0.0,0.0,107
0,[],22,[],2019-07-15 18:00:10,0.0,0,0,7821878,2019-07-15 18:00:10,,6.79500102,0.0,0,,3375892.0833333335,0.0,0.0,112
1,[],27,[],2019-07-15 18:00:14,1.0,0.00000001,0.0000000000010627120000000002,7821879,2019-07-15 18:00:14,btc,0.0,0.0,0.00000001,"btc,eth",0.0,0.0,1e-08,112
1,[],5,[],2019-07-06 00:19:31,0.0,0,0,7800761,2019-07-06 00:19:31,btc,0.0,0.0,0,btc,0.0,0.0,0.0,112
1,[],4,[],2019-07-15 18:00:14,1120590.41398502,0.00000038,0.000000000040383056000000007,7821880,2019-07-15 18:00:14,btc,6.665871438934862,0.0,0.00000038,btc,1030575.03098803,0.00587448,0.0949149281017781,113
1,[],5,[],2019-07-06 00:19:43,0.0,0,0,7800765,2019-07-06 00:19:43,btc,0.0,0.0,0,btc,0.0,0.0,0.0,113
1,[],17,[],2019-04-26 02:17:47,162738.278,0.00000004,0.0000000000021069000000000002,7461287,2019-04-26 02:17:47,btc,1.3331140273775473,0.0,0.00000004,btc,51796.221,0.0,0.00230953112,116
1,[],27,[],2019-07-15 17:04:16,95525.16595526,0.00000001,0.000000000001063849,7821748,2019-07-15 17:04:16,btc,3918.96611809,0.0,0.00000001,btc,99557.69,0.0,0.0009552516595526,116
1,[],4,[],2019-07-15 17:04:17,1164396.17773089,0.00000197,0.000000000209578253,7821749,2019-07-15 17:04:17,btc,20.856715846192458,0.0,0.00000197,btc,293847.89949838,0.33854794,0.1613763792434971,120
1,[],7,[],2019-07-15 17:04:18,3817.43076753,0.0000075599999999999996155440780409850987098252517171204090118408203125,0.0000000008042698439999999,7821750,2019-07-15 17:04:18,btc,231270.02879834035,6.88637696,0.0000075599999999999996155440780409850987098252517171204090118408203125,btc,4245.08095057,5.171e-05,0.0094992709807344,120
1,[],20,[],2019-04-07 18:42:29,1914137.0852,0.000000035,0.0000000000017871910000000002,7211992,2019-04-07 18:42:29,btc,32.2497668025648,25528.85,0.000000035,btc,1001975.4986,0.00089350975,0.0152723574729,125
1,[],22,[],2019-06-17 14:32:38,10000.0,0.00000001,0.00000000000092914,7740161,2019-06-17 14:32:38,BTC,0.032061,0.0,0.00000001,BTC,299316.7611111111,0.0,0.0001,126
0,[],2,[],2019-01-20 23:25:46,0.0,0,0,6476969,2019-01-20 23:25:46,,0.0,0.0,0,,0.0,0.0,0.0,131
1,[],4,[],2019-07-15 17:04:20,336923.0171762,0.00000281,0.000000000298941569,7821751,2019-07-15 17:04:20,btc,2.6020874478460367,0.0,0.00000281,btc,240217.3614021,0.15320437,0.1895965606122051,131
1,[],17,[],2019-05-03 01:13:10,10000.0,0.00000001,0.000000000000548003,7559115,2019-05-03 01:13:10,btc,0.0953976503951408,0.0,0.00000001,btc,5037.62507334,0.0,0.0001,131
1,[],4,[],2019-07-15 17:06:21,4112.71224584,0.00007009,0.000000007456517641,7821752,2019-07-15 17:06:21,btc,0.5136319944164981,0.0,0.00007009,btc,259.27955961,0.0,0.005122304606756,135
1,[],3,[],2019-07-13 16:51:20,187.26592867,0.00000001,0.000000000001140965,7813490,2019-07-13 16:51:20,btc,419.77407087449336,1935513.62324,0.00000001,btc,3179086.72005867,0.0,1.8726592866999999e-06,136
1,[],4,[],2019-07-15 17:06:22,735154.67931632,0.00000101,0.000000000107448749,7821753,2019-07-15 17:06:22,btc,20.507558211367797,0.0,0.00000101,btc,595287.84762228,0.01598855,0.0750978115800219,137
1,[],12,[],2019-07-15 17:06:23,31803.003138519998,0.00000098,0.000000000104257202,7821754,2019-07-15 17:06:23,btc,25.495212375980746,0.0,0.00000098,btc,76592.01351402,0.00089970067,0.0050598959999884,137
1,[],4,[],2019-07-15 17:06:24,300070.36260595,0.00000711,0.000000000756396639,7821755,2019-07-15 17:06:24,btc,2.6035358931989943,0.0,0.00000711,btc,132184.24113594,0.18868875,0.260318197702938,142
1,[],20,[],2019-07-15 17:08:26,194154.3804,0.000005961,0.0000000006341603889,7821756,2019-07-15 17:08:26,btc,1.5858224545917,219.3397,0.000005961,btc,9885.6694,0.0013108094341,0.0019061553513,142
1,[],22,[],2019-07-15 17:08:30,10619.88,0.00000200,0.0000000002127698,7821757,2019-07-15 17:08:30,BTC,2.99759384,0.0,0.00000200,BTC,835.7198755539798,0.0,0.00416696,142
0.0,[],25,[],2019-07-15 17:08:33,0.0,0,0,7821758,2019-07-15 17:08:33,,0.0,0.0,0.0,btc,0.0,0.0,0.0,142
0,[],28,[],2019-07-15 17:08:34,0.0,0,0,7821759,2019-07-15 17:08:34,,0.0,0.0,0,,0.0,0.0,0.0,142
1,[],17,[],2019-05-03 01:13:16,32967.38636364,0.00000088,0.000000000048224264,7559122,2019-05-03 01:13:16,btc,20.06976206696776,0.0,0.00000088,btc,2746.079105,0.0,0.0105613000000032,142
1,[],5,[],2019-07-06 02:06:10,0.0,0,0,7800822,2019-07-06 02:06:10,btc,0.0,0.00140707,0,btc,0.0,0.0,0.0,142
0,[],22,[],2019-07-15 17:08:37,0.0,0,0,7821760,2019-07-15 17:08:37,,68.37063373,0.0,0,,760031684.3744589,0.0,0.0,143
0,[],22,[],2019-02-25 15:42:22,0.0,0,0,6783783,2019-02-25 15:42:22,,4.2131946,0.0,0,,2322156.0,0.0,0.0,146
,[],22,[],2018-11-20 23:01:11,0.0,0,0,4862114,2018-11-20 23:01:11,,2.56807021,0.0,,,61828.4988236,0.0,0.0,147
1,[],12,[],2019-04-21 06:38:04,193091.5971266,0.00000071,0.000000000037635183,7388679,2019-04-21 06:38:04,btc,2.301232411611175,0.0,0.00000071,btc,9957.48302385,0.00023528,0.0313308199999888,148
1,[],4,[],2019-03-19 21:31:25,255810.0415942,0.00000029,0.000000000011615747,6982695,2019-03-19 21:31:25,btc,218.94922712414143,0.0,0.00000029,btc,793529.37642722,0.00117,0.0608347789473395,152
0,[],22,[],2019-03-19 21:31:27,0.0,0,0,6982696,2019-03-19 21:31:27,,0.0,0.0,0,,0.0,0.0,0.0,152
1,[],5,[],2019-04-26 09:36:59,0.0,0,0,7465040,2019-04-26 09:36:59,btc,0.0,0.0,0,btc,0.0,0.0,0.0,153
,[],16,[],2019-01-11 15:38:59,0.0,0,0,6366141,2019-01-11 15:38:59,btc,0.0,0.0,,btc,0.0,0.0,0.0,155
0,[],23,[],2019-01-20 23:24:29,0.0,0,0,6476932,2019-01-20 23:24:29,,0.0,0.0,0,,0.0,0.0,0.0,156
0,[],22,[],2019-07-15 17:08:41,0.0,0,0,7821761,2019-07-15 17:08:41,,7.42843365,0.0,0,,5840816.592592592,0.0,0.0,156
1,[],22,[],2019-07-15 17:08:44,6996.0,0.00000001,0.000000000001063849,7821762,2019-07-15 17:08:44,BTC,1.7543039,0.0,0.00000001,BTC,57.0,0.0,6.996e-05,157
0,[],22,[],2019-07-15 17:08:47,0.0,0,0,7821763,2019-07-15 17:08:47,,50234.60468402,0.0,0,,54786159.03179465,0.0,0.0,158
,[],17,[],2018-11-20 22:56:10,0.0,0,0,4861976,2018-11-20 22:56:10,btc,1.1265625,0.0,,btc,1000.0,0.0,0.0,159
,[],20,[],2018-11-20 22:56:12,0.0,0,0,4861977,2018-11-20 22:56:12,btc,11912.7940471,0.0,,btc,34413894.3617,0.0,0.0,159
1,[],12,[],2019-07-10 22:05:17,232905.70345548,0.0000063199999999999996293047720141711209862478426657617092132568359375,0.000000000743295832,7800964,2019-07-10 22:05:17,btc,9.923963040252861,0.0,0.0000063199999999999996293047720141711209862478426657617092132568359375,btc,15215.45465465,0.0062861,0.033379940599723996,168
1,[],17,[],2019-05-03 01:13:36,42852.0,0.00000002,0.000000000001096006,7559132,2019-05-03 01:13:36,btc,0.04279856251542,0.0,0.00000002,btc,274.46171372,0.0,0.00052852,168
1,[],22,[],2019-05-17 03:01:52,10.0,0.00000001,0.000000000000778341,7642059,2019-05-17 03:01:52,BTC,41.95893009,0.0,0.00000001,BTC,1753972.7737547632,0.0,1e-07,169
1,[],22,[],2019-07-15 17:08:51,71275.0,0.00000001,0.000000000001063849,7821764,2019-07-15 17:08:51,BTC,27.84035552,0.0,0.00000001,"BTC,LTC",254841.9828070517,3.018e-05,0.00090275,171
1,[],22,[],2019-07-15 17:08:55,443402.0,0.00000001,0.000000000001063849,7821765,2019-07-15 17:08:55,BTC,21.25995863,0.0,0.00000001,"BTC,LTC",1441168.2469384319,0.00010415,0.00739604,173
1,[],5,[],2019-07-06 02:08:45,0.0,0,0,7800830,2019-07-06 02:08:45,btc,0.0,0.00700197,0,btc,0.0,0.0,0.0,175
1,[],22,[],2019-07-15 17:08:59,10000.0,0.00000001,0.000000000001063849,7821766,2019-07-15 17:08:59,BTC,393.97654772,0.0,0.00000001,BTC,136275.61833431243,0.0,0.0001,176
1,[],7,[],2019-07-01 10:15:32,0.0,0,0,7783526,2019-07-01 10:15:32,btc,521516.2326888725,0.0,0,btc,26809253.73522063,0.0,0.0,178
1,[],22,[],2019-07-15 17:09:04,30.0,0.00000001,0.000000000001063849,7821767,2019-07-15 17:09:04,BTC,1.00242428,0.0,0.00000001,BTC,57512.0,0.0,3e-07,178
0,[],2,[],2019-01-20 23:28:34,0.0,0,0,6477001,2019-01-20 23:28:34,,0.0,0.0,0,,0.0,0.0,0.0,178
1,[],5,[],2019-07-06 02:08:50,0.0,0,0,7800832,2019-07-06 02:08:50,btc,0.0,6.904e-05,0,btc,0.0,0.0,0.0,179
0,[],23,[],2019-01-20 23:25:08,0.0,0,0,6476952,2019-01-20 23:25:08,,0.0,0.0,0,,0.0,0.0,0.0,179
0,[],22,[],2019-07-15 17:09:07,0.0,0,0,7821768,2019-07-15 17:09:07,,9.35473504,0.0,0,,14838900.311946675,0.0,0.0,179
1,[],22,[],2019-07-15 17:11:11,728963.5988636364,0.00000038,0.000000000040426262,7821769,2019-07-15 17:11:11,BTC,40.59988188,0.0,0.00000038,"BTC,LTC",156049.4107012939,0.01103231,0.58016243,180
1,[],26,[],2019-07-15 17:11:11,0.0,0.00000010,0.00000000001063849,7821770,2019-07-15 17:11:11,btc,0.0,0.0,0.00000010,btc,0.0,0.0,0.0,180
1,[],17,[],2019-05-03 01:13:56,20504.725000000002,0.0000001,0.00000000000548003,7559141,2019-05-03 01:13:56,btc,5.2010695838400265,0.0,0.0000001,btc,5033.45945,0.0,0.0011504725,180
,[],7,[],2018-11-20 22:58:01,562227.975654,0.00000085,0.000000000036176765,4862015,2018-11-20 22:58:01,btc,21836.6059674,2491.87645172,,btc,749999.041456,0.00211021,0.127565380455,183
,[],5,[],2019-01-10 08:11:41,0.0,0,0,6347036,2019-01-10 08:11:41,btc,82.15055501,0.00261,,btc,1.19002445,0.0,0.0,187
,[],17,[],2018-11-16 20:58:10,4062536.27273,0.00000001,0.000000000000550501,4708775,2018-11-16 20:58:10,btc,3.36492563466,0.195460381006,,"btc,eth",110697919.549,0.0,0.0157628953496,187
1,[],24,[],2019-05-22 21:04:52,0.0,0.000000000014,0.0000000000000010960978,7670219,2019-05-22 21:04:52,btc,0.0,0.0,0.000000000014,btc,0.0,0.0,0.0,187
0,[],22,[],2019-07-13 22:02:15,0.0,0,0,7814314,2019-07-13 22:02:15,,7.54794454,0.0,0,,76361.7243344055,0.0,0.0,191
0,[],22,[],2019-06-17 14:33:34,0.0,0,0,7740182,2019-06-17 14:33:34,,0.0,0.0,0,,0.0,0.0,0.0,197
0,[],23,[],2019-01-20 23:31:41,0.0,0,0,6477079,2019-01-20 23:31:41,,0.0,0.0,0,,0.0,0.0,0.0,199
0,[],22,[],2019-07-15 17:11:15,0.0,0,0,7821771,2019-07-15 17:11:15,,10.5844317,0.0,0,,84460965.0,0.0,0.0,199
1,[],26,[],2019-07-15 17:11:15,0.0,0.00000000,0,7821772,2019-07-15 17:11:15,btc,0.0,0.0,0.00000000,btc,0.0,0.0,0.0,199
0,[],2,[],2019-01-20 23:30:49,0.0,0,0,6477059,2019-01-20 23:30:49,,0.0,0.0,0,,0.0,0.0,0.0,201
1,[],4,[],2019-01-25 15:51:35,2084389.58565343,0.00000936,0.000000000333526752,6499557,2019-01-25 15:51:35,btc,2.0092503037378524,0.0,0.00000936,btc,160195.80207885,0.19272417,1.242687955921835,211
1,[],7,[],2019-07-01 02:21:28,1170054124.6898527,0.00000018,0.000000000019815389999999997,7782694,2019-07-01 02:21:28,btc,1346735.6331920293,0.0,0.00000018,btc,5516233.71348162,0.0,11.954344045954047,212
1,[],12,[],2019-01-25 02:44:32,207462.42853209,0.000001080000000000000035831255497387193287295303889550268650054931640625,0.000000000038610756000000006,6493050,2019-01-25 02:44:32,btc,85023.03793723314,0.0,0.000001080000000000000035831255497387193287295303889550268650054931640625,btc,43675.73520027,0.000146250909087,0.0348620860622024,213
1,[],24,[],2019-07-14 17:01:36,0.0,0.000000200000,0.00000000002082346,7817375,2019-07-14 17:01:36,btc,0.0,0.0,0.000000200000,btc,0.0,0.0,0.0,213
1,[],26,[],2019-07-14 17:01:36,0.0,0.00000040,0.00000000004164692,7817376,2019-07-14 17:01:36,btc,0.0,0.0,0.00000040,btc,0.0,0.0,0.0,213
1,[],5,[],2019-05-30 00:07:46,0.0,0,0,7709357,2019-05-30 00:07:46,btc,0.0,0.06425239,0,btc,0.0,0.0,0.0,213
0,[],22,[],2019-07-15 17:11:20,0.0,0,0,7821773,2019-07-15 17:11:20,,9.54552254,0.0,0,,3658585.214064925,0.0,0.0,216
0,[],27,[],2019-07-15 17:11:25,0.0,0,0,7821774,2019-07-15 17:11:25,,174.1455070140976,0.0,0,"btc,ltc",469967.12534794,0.0,0.0,216
1,[],22,[],2019-07-15 17:11:28,1062890.0,0.00000005,0.000000000005319245,7821775,2019-07-15 17:11:28,BTC,12055.84531524,0.0,0.00000005,BTC,624125.9750633198,8.84e-06,0.02542791,217
1,[],7,[],2019-06-27 19:02:35,0.0,0,0,7772298,2019-06-27 19:02:35,btc,2123800.2774640615,0.0,0,btc,82333746.4752352,0.0,0.0,219
0,[],27,[],2019-07-15 17:11:32,0.0,0,0,7821776,2019-07-15 17:11:32,,250.20642758069673,0.0,0,btc,46772.535837,0.0,0.0,219
0,[],28,[],2019-07-15 17:11:33,0.0,0,0,7821777,2019-07-15 17:11:33,,0.0,0.0,0,,0.0,0.0,0.0,219
0,[],22,[],2019-07-15 17:11:36,0.0,0,0,7821778,2019-07-15 17:11:36,,57.73116496,0.0,0,,182427.70709740353,0.0,0.0,221
1,[],24,[],2019-07-15 17:11:36,0.0,0.000000010000,0.000000000001063849,7821779,2019-07-15 17:11:36,btc,0.0,0.0,0.000000010000,btc,0.0,0.0,0.0,221
1,[],20,[],2019-06-17 14:34:11,26882155.8301,0.000000003,0.000000000000278742,7740192,2019-06-17 14:34:11,btc,100050.81956632523,233521.3529,0.000000003,btc,38769742.8604,0.0007925640587,0.0306863532672,224
0,[],22,[],2019-06-17 14:34:13,0.0,0,0,7740193,2019-06-17 14:34:13,,0.0,0.0,0,,0.0,0.0,0.0,224
1,[],26,[],2019-07-15 17:11:36,0.0,0.00000022,0.000000000023404678,7821780,2019-07-15 17:11:36,btc,0.0,0.0,0.00000022,btc,0.0,0.0,0.0,231
1,[],26,[],2019-07-15 17:11:36,0.0,0.00000005,0.000000000005319245,7821781,2019-07-15 17:11:36,btc,0.0,0.0,0.00000005,btc,0.0,0.0,0.0,234
0.0000000002181117,[],27,[],2019-07-15 17:11:41,100.0,2.181117e-18,2.320379139333e-22,7821782,2019-07-15 17:11:41,eth,0.0,0.0,0.00000001,"btc,eth",0.0,0.0,2.1811170000000002e-16,234
1,[],4,[],2019-05-22 17:06:12,91780.56053785,0.00000078,0.000000000061977552,7669277,2019-05-22 17:06:12,btc,5.573372450018177,0.0,0.00000078,btc,729173.93529783,0.0,0.0307060663355679,236
1,[],24,[],2019-05-22 17:06:12,0.0,0.000000010000,0.000000000000794584,7669278,2019-05-22 17:06:12,btc,0.0,0.0,0.000000010000,btc,0.0,0.0,0.0,236
1,[],5,[],2019-07-06 02:11:21,0.0,0,0,7800842,2019-07-06 02:11:21,btc,0.0,0.10652887,0,btc,0.0,0.0,0.0,237
1,[],20,[],2019-07-15 17:11:43,142072765.6131,0.000000052,0.0000000000055320148,7821783,2019-07-15 17:11:43,btc,540.3036670447073,8098680.9714,0.000000052,btc,33889135.0101,0.408962149814,0.7479588662618,237
1,[],22,[],2019-07-15 17:11:47,2131868.0,0.00000004,0.000000000004255396,7821784,2019-07-15 17:11:47,BTC,1.20109922,0.0,0.00000004,"BTC,LTC",14430.948717948719,0.0,0.0281597,237
1,[],5,[],2019-07-06 02:11:32,0.0,0,0,7800846,2019-07-06 02:11:32,btc,0.0,0.05525444,0,btc,0.0,0.0,0.0,238
1,[],4,[],2019-07-15 17:11:48,24045927.36275622,0.00000004,0.000000000004255396,7821785,2019-07-15 17:11:48,btc,2.7212419095145255,0.0,0.00000004,btc,13411347.15110013,0.04771191,0.3666743487502485,238
0.00000000008660670000000001,[],22,[],2019-07-15 17:11:52,419253.0,8.660670000000001e-19,9.213645118830001e-23,7821786,2019-07-15 17:11:52,LTC,0.40428224,0.0,0.00000001,LTC,497363.0639027493,0.0,0.00419253,249
0,[],22,[],2019-07-15 17:11:55,0.0,0,0,7821787,2019-07-15 17:11:55,,13.44711564,0.0,0,,43776457.3426455,0.0,0.0,252
1,[],28,[],2019-07-15 17:11:56,1466626.0,0.00000003,0.000000000003191547,7821788,2019-07-15 17:11:56,btc,205.777381380793,370.66,0.00000003,btc,5436356.242,0.0,0.02441806,256
0.00000000008660670000000001,[],22,[],2019-07-15 17:12:01,1517.0,8.660670000000001e-19,9.213645118830001e-23,7821789,2019-07-15 17:12:01,LTC,31472.74811374,0.0,0.00000001,LTC,783636.028948892,0.0,1.517e-05,258
1,[],22,[],2019-05-19 18:12:02,400.0,0.00000001,0.0000000000007957800000000001,7653905,2019-05-19 18:12:02,BTC,2.415167,0.0,0.00000001,BTC,157.0,0.0,4e-06,259
1,[],5,[],2019-07-02 14:44:15,0.0,0,0,7788374,2019-07-02 14:44:15,btc,0.0,0.02775788,0,btc,0.0,0.0,0.0,264
1,[],20,[],2019-07-15 17:12:03,992493.9411,0.000000146,0.0000000000155321954,7821790,2019-07-15 17:12:03,btc,0.526052615672,2551.8235,0.000000146,btc,43174.7213,0.0012586330823,0.0062626523948,264
0,[],22,[],2019-04-12 17:57:27,0.0,0,0,7278186,2019-04-12 17:57:27,,66.37522201,0.0,0,,677842.4169881374,0.0,0.0,271
0,[],22,[],2019-07-15 17:12:07,0.0,0,0,7821791,2019-07-15 17:12:07,,33050469.74148113,0.0,0,,14261527780.7,0.0,0.0,272
0,[],28,[],2019-07-15 17:12:08,0.0,0,0,7821792,2019-07-15 17:12:08,,0.0,0.0,0,,0.0,0.0,0.0,272
1,[],22,[],2019-05-23 07:12:29,219930.0,0.00000004,0.000000000003048688,7671985,2019-05-23 07:12:29,BTC,426.77835217,0.0,0.00000004,BTC,248664.3325962929,0.0,0.00739728,281
1,[],22,[],2019-07-15 17:12:12,940697.9,0.00000002,0.000000000002127698,7821793,2019-07-15 17:12:12,BTC,6.83879134,0.0,0.00000002,"BTC,LTC",1148577.7620311212,4.066e-05,0.02445312,286
0,[],22,[],2019-07-12 21:46:03,0.0,0,0,7810176,2019-07-12 21:46:03,,7337942.20855518,0.0,0,,2077158967.6797826,0.0,0.0,294
