pairValue,buyBook,exchangeId,sellBook,updated,buyTotal,satoshiPrice,usdPrice,exchangeLogId,created,bestPair,sellTotalBtc,volume,pairPrice,activePairs,sellTotal,volumeBtc,buyTotalBtc,coinId
1,[],3,[],2019-06-22 12:07:52,31486.547136288835,0.0105033200000000000173816516735314507968723773956298828125,0.000001147839571220000064126126547,7752616,2019-06-22 12:07:52,btc,11.412028493555429,59.49143027,0.0105033200000000000173816516735314507968723773956298828125,btc,20.286949580573,0.0,0.3633872842230369,1
1,[],4,[],2019-06-22 12:07:52,353210.94326738,0.01044551,0.000001141521892085000061884105236,7752617,2019-06-22 12:07:52,btc,10.160984155413265,0.0,0.01044551,btc,518.25946396,1.50672072,0.7547188031377998,1
1,[],5,[],2019-06-22 12:07:55,0.0,0,0,7752618,2019-06-22 12:07:55,btc,0.0,0.01721653,0,btc,0.0,0.0,0.0,1
1,[],10,[],2019-06-22 12:07:57,308517.96851265,0.00413124,0.0000004514763665400001,7752619,2019-06-22 12:07:57,btc,6512.603262768485,1512.20095225,0.00413124,btc,1392.69658914,0.0,1.8323030005523222,1
1,[],12,[],2019-06-22 12:08:00,88.06301853000001,0.01048999999999999932498440102790482342243194580078125,0.000001146383914999999988379617673,7752620,2019-06-22 12:08:00,btc,0.31040541973089997,0.0,0.01048999999999999932498440102790482342243194580078125,btc,28.14792862,2.600458717819,0.2037074785761,1
1,[],20,[],2019-06-22 12:08:02,919.0412,0.01111001,0.000001214140777835000065820915207,7752621,2019-06-22 12:08:02,btc,0.1696275959363,0.6562,0.01111001,btc,12.5155,0.0074725621498,0.134365808142,1
1,[],21,[],2019-06-22 12:08:04,2010.52572318,0.01048567000000000075388140175,0.000001145910717445000144508830098,7752622,2019-06-22 12:08:04,btc,11.375149828873218,4035.8504701700003,0.01048567000000000075388140174936779658310115337371826171875,"btc,eth",1422.07483721,39.56729588031526,16.55021132210417,1
1,[],22,[],2019-06-22 12:08:08,0.0395979803020197,0.01000001,0.000001092836092835000059244754081,7752623,2019-06-22 12:08:08,BTC,0.01666796,0.0,0.01000001,BTC,0.25318100557485945,0.0,0.00021887,1
1,[],24,[],2019-06-22 12:08:09,0.0,0.000000000000,0,7752624,2019-06-22 12:08:09,btc,0.0,0.0,0.000000000000,btc,0.0,0.0,0.0,1
0.0,[],25,[],2019-06-22 12:08:09,0.0,0,0,7752625,2019-06-22 12:08:09,btc,28.29999999897338,16260.60274326,0.0,btc,2620.20822425,178.11,0.0,1
1,[],26,[],2019-06-22 12:08:13,0.0,0,0,7752626,2019-06-22 12:08:13,,0.0,0.0,0,,0.0,0.0,0.0,1
0,[],28,[],2019-06-22 12:08:14,0.0,0,0,7752627,2019-06-22 12:08:14,,0.0,0.0,0,,0.0,0.0,0.0,1
0,[],2,[],2019-01-20 23:28:45,0.0,0,0,6477011,2019-01-20 23:28:45,,0.0,0.0,0,,0.0,0.0,0.0,1
1,[],5,[],2019-06-17 14:29:02,0.0,0,0,7740076,2019-06-17 14:29:02,btc,0.0,2.72e-05,0,btc,0.0,0.0,0.0,2
1,[],22,[],2019-06-17 14:29:06,11550.3,0.0000002,0.0000000000185828,7740077,2019-06-17 14:29:06,BTC,21.00897301,0.0,0.0000002,"BTC,XMR",20678.87287795317,1.754e-05,0.00143681,2
1,[],5,[],2019-06-03 14:48:58,0.0,0,0,7731126,2019-06-03 14:48:58,btc,0.0,0.05905545,0,btc,0.0,0.0,0.0,3
1,[],12,[],2019-06-03 14:48:59,3468623.70302,0.000000116,0.000000000009823402000000002,7731127,2019-06-03 14:48:59,btc,169531.0336573751,0.0,0.000000116,btc,2361209.62379607,0.041350953071,0.33764769154428,3
0,[],28,[],2019-06-03 14:49:00,0.0,0,0,7731128,2019-06-03 14:49:00,,0.0,0.0,0,,0.0,0.0,0.0,3
0,[],2,[],2019-01-20 23:31:32,0.0,0,0,6477077,2019-01-20 23:31:32,,0.0,0.0,0,,0.0,0.0,0.0,4
1,[],4,[],2019-05-18 21:29:50,562734.9206932,0.00000010,0.000000000007298720000000001,7650946,2019-05-18 21:29:50,btc,41.9347137769675,0.0,0.00000010,btc,1123702.32192634,0.00052462,0.029254593370966,4
0,[],12,[],2019-06-02 05:03:43,0.0,0,0,7724919,2019-06-02 05:03:43,btc,625.901992874995,0.0,0,btc,1211362.4995005,0.0,0.0,5
0,[],2,[],2019-01-20 23:31:51,0.0,0,0,6477087,2019-01-20 23:31:51,,0.0,0.0,0,,0.0,0.0,0.0,6
1,[],11,[],2019-06-22 12:08:16,5365894.076736,0.00000002,0.0000000000021856700000000003,7752628,2019-06-22 12:08:16,btc,9583.528981907093,63333.333333,0.00000002,btc,73315312.62354945,0.0,0.06738688876736,6
1,[],3,[],2019-06-22 12:08:17,12631.485903510817,0.0000850100000000000009282852264647090123617090284824371337890625,0.000000009290190335,7752629,2019-06-22 12:08:17,btc,2027.8513816766176,515.769170628,0.0000850100000000000009282852264647090123617090284824371337890625,btc,400.465523645782,0.0,0.024373774611140868,7
1,[],4,[],2019-06-22 12:08:17,302323.32578576,0.00007901,0.000000008634489335,7752630,2019-06-22 12:08:17,btc,7.34409632914942,0.0,0.00007901,btc,55206.4413898,1.8188941,2.214990416784427,7
1,[],5,[],2019-06-22 12:08:18,0.0,0,0,7752631,2019-06-22 12:08:18,btc,0.0,0.30764335,0,btc,0.0,0.0,0.0,7
1,[],20,[],2019-04-07 22:06:50,3201475.0482,0.000000001,0.000000000000051590000000000004,7213932,2019-04-07 22:06:50,btc,30.8005781811902,0.0,0.000000001,btc,23077405.3926,0.0,0.0032014750482,8
0,[],2,[],2019-01-20 23:22:42,0.0,0,0,6476876,2019-01-20 23:22:42,,0.0,0.0,0,,0.0,0.0,0.0,9
0,[],23,[],2019-01-20 23:22:48,0.0,0,0,6476878,2019-01-20 23:22:48,,0.0,0.0,0,,0.0,0.0,0.0,9
1,[],4,[],2019-06-22 12:08:21,1437280.47092027,0.00000051,0.000000000055734585,7752632,2019-06-22 12:08:21,btc,2.864866250718156,0.0,0.00000051,btc,2959269.42437673,0.85409102,0.2578554326098187,9
0,[],28,[],2019-06-22 12:08:22,0.0,0,0,7752633,2019-06-22 12:08:22,,0.0,0.0,0,,0.0,0.0,0.0,9
1,[],1,[],2019-02-17 23:31:42,1822507.21,0.00000181000000000000003456111265232042484285557293333113193511962890625,0.000000000066086901,6701244,2019-02-17 23:31:42,btc,3.6990969245,17153386.5,0.00000181000000000000003456111265232042484285557293333113193511962890625,btc,1997391.71,31.11772986,3.2610482446,9
1,[],4,[],2019-02-17 11:22:43,4341674.27126056,0.00000002,0.0000000000007272960000000001,6696112,2019-02-17 11:22:43,btc,0.1997230937751353,0.0,0.00000002,btc,4109766.79808031,0.00215132,0.0479381022052112,10
0,[],2,[],2019-01-20 23:23:08,0.0,0,0,6476890,2019-01-20 23:23:08,,0.0,0.0,0,,0.0,0.0,0.0,12
1,[],4,[],2019-06-22 12:08:23,39234787.31355041,0.00000026,0.00000000002841371,7752634,2019-06-22 12:08:23,btc,7.650249386289917,0.0,0.00000026,btc,9860456.19066687,0.86749581,1.54142402576121,12
1,[],5,[],2019-06-22 12:08:24,0.0,0,0,7752635,2019-06-22 12:08:24,btc,0.0,0.05918089,0,btc,0.0,0.0,0.0,12
0.0,[],25,[],2019-06-22 12:08:25,0.0,0,0,7752636,2019-06-22 12:08:25,,0.0,0.0,0.0,btc,0.0,0.0,0.0,12
1,[],10,[],2019-06-22 09:14:08,605375.48761877,0.00000335,0.00000000036198492,7752243,2019-06-22 09:14:08,btc,666798.460496347,23757.1710286,0.00000335,btc,892496.84697391,0.0,0.2956311613203269,13
1,[],4,[],2019-06-22 12:08:26,475173.7114806,0.00000333,0.000000000363914055,7752637,2019-06-22 12:08:26,btc,1.8577558469372937,0.0,0.00000333,btc,299343.23655259,0.48811935,0.2475660623154234,13
1,[],21,[],2019-06-22 12:08:30,4311616.16715156,0.000003340000000000000208847696082,0.00000000036500689000000007,7752638,2019-06-22 12:08:30,btc,2.1032117912102195,493008.54936864,0.000003340000000000000208847696081537748113987618125975131988525390625,btc,487212.35049184,1.75849636,3.7045584319859377,13
1,[],4,[],2019-06-22 12:08:31,1324431.42449646,0.00000076,0.00000000008305546,7752639,2019-06-22 12:08:31,btc,3.229819833303048,0.0,0.00000076,btc,707657.05587828,0.53761528,0.33526505083957,14
1,[],12,[],2019-06-22 12:08:32,207046.10320902,0.0000006,0.0000000000655701,7752640,2019-06-22 12:08:32,btc,194.84511258030142,0.0,0.0000006,btc,26258.77455449,0.000560789396,0.0122141699999836,14
1,[],26,[],2019-06-22 12:10:32,0.0,0.00000050,0.00000000005464175,7752641,2019-06-22 12:10:32,btc,0.0,0.0,0.00000050,btc,0.0,0.0,0.0,14
0,[],17,[],2019-05-03 00:53:32,0.0,0,0,7558876,2019-05-03 00:53:32,btc,0.0,0.0,0,btc,0.0,0.0,0.0,14
,[],12,[],2018-12-01 15:15:48,204241.84496,0.00000489,0.000000000202473384,5260204,2018-12-01 15:15:48,btc,49.5475654835,0.0,,btc,35763.2193806,0.0163153972027625,0.0203389899998,15
0,[],4,[],2019-06-22 12:10:33,0.0,0,0,7752642,2019-06-22 12:10:33,,0.0,0.0,0,,0.0,0.0,0.0,15
0,[],2,[],2019-01-20 23:23:38,0.0,0,0,6476906,2019-01-20 23:23:38,,0.0,0.0,0,,0.0,0.0,0.0,18
1,[],4,[],2019-06-22 12:10:34,35522.80993751,0.00000964,0.0000000010534929400000001,7752643,2019-06-22 12:10:34,btc,2.4572395736172856,0.0,0.00000964,btc,17153.71328558,0.0335622,0.0829118206237011,18
1,[],10,[],2019-06-22 12:10:36,391964.93884016,0.00000969,0.0000000010589571150000001,7752644,2019-06-22 12:10:36,btc,14.872563159978641,3430.37056092,0.00000969,btc,9112.03171541,0.0,0.1828432184931539,18
1,[],12,[],2019-06-22 12:10:37,2954.05114278,0.0000105099999999999993232323303171682482570759020745754241943359375,0.000000001148569585,7752645,2019-06-22 12:10:37,btc,0.5375958851998509,0.0,0.0000105099999999999993232323303171682482570759020745754241943359375,btc,1963.33671369,0.000736552763,0.0076268696558674,18
0,[],17,[],2019-05-03 00:53:39,0.0,0,0,7558882,2019-05-03 00:53:39,btc,0.0,0.0,0,btc,0.0,0.0,0.0,18
0,[],2,[],2019-01-20 23:24:19,0.0,0,0,6476924,2019-01-20 23:24:19,,0.0,0.0,0,,0.0,0.0,0.0,19
1,[],3,[],2019-06-22 12:12:37,156116.08684896506,0.000008549999999999999454277678501146198186688707210123538970947265625,0.000000000934373925,7752646,2019-06-22 12:12:37,btc,193.1115413754876,14665.307159,0.000008549999999999999454277678501146198186688707210123538970947265625,btc,18562.262000948816,0.0,0.07615120812608837,19
1,[],4,[],2019-06-22 12:12:38,337759.75018871,0.00000851,0.000000000930002585,7752647,2019-06-22 12:12:38,btc,6.242275757062748,0.0,0.00000851,btc,267984.90969918,0.61004031,1.4332228868895454,19
1,[],5,[],2019-06-22 12:12:39,0.0,0,0,7752648,2019-06-22 12:12:39,btc,0.0,0.00947491,0,btc,0.0,0.0,0.0,19
1,[],12,[],2019-06-22 12:12:40,109034.19634137,0.0000070199999999999997035075686990790444497179123573005199432373046875,0.00000000076717017,7752649,2019-06-22 12:12:40,btc,0.3669971152866644,0.0,0.0000070199999999999997035075686990790444497179123573005199432373046875,btc,2973.67008334,0.0,0.0199174313763876,19
0,[],27,[],2019-06-22 12:12:46,0.0,0,0,7752650,2019-06-22 12:12:46,,0.0,0.0,0,btc,0.0,0.0,0.0,19
1,[],4,[],2019-06-22 12:12:47,10117097.23656777,0.00000005,0.000000000005464175,7752651,2019-06-22 12:12:47,btc,6.356671810743342,0.0,0.00000005,btc,2286607.6527402,0.0,0.1191747238096551,20
0,[],4,[],2019-06-22 12:12:49,0.0,0,0,7752652,2019-06-22 12:12:49,,5783.63110842884,0.0,0,,83493767.94349498,0.0,0.0,21
0,[],12,[],2019-06-22 12:12:50,0.0,0,0,7752653,2019-06-22 12:12:50,btc,2603.600259184875,0.0,0,btc,7299043.28571426,2.5974e-07,0.0,21
0,[],17,[],2019-05-03 00:53:51,0.0,0,0,7558891,2019-05-03 00:53:51,btc,0.0,0.0,0,btc,0.0,0.0,0.0,21
1,[],12,[],2019-06-22 12:14:52,6010659591.277,0.0000000004,0.000000000000043713400000000004,7752654,2019-06-22 12:14:52,btc,1428620268572.439,0.0,0.0000000004,btc,2683592296.4805193,0.029785267109,1.4798111598108004,23
0.0000000002820694,[],27,[],2019-06-22 12:14:57,63257310.0,8.462082e-18,9.247659382470001e-22,7752655,2019-06-22 12:14:57,eth,1045.9750928770804,5471.0,0.00000003,eth,6255122.24779221,4.6296050622e-14,2.55752612690788e-10,23
1,[],4,[],2019-06-22 05:45:29,6100414.07522138,0.00000017,0.00000000001823352,7751732,2019-06-22 05:45:29,btc,10.22685272773715,0.0,0.00000017,btc,1790815.48208265,0.0,0.1345450262400025,24
0,[],22,[],2019-06-22 05:45:31,0.0,0,0,7751733,2019-06-22 05:45:31,,6.22e-05,0.0,0,,517.4264705882352,0.0,0.0,24
0.0,[],25,[],2019-06-22 05:45:32,0.0,0,0,7751734,2019-06-22 05:45:32,,0.0,0.0,0.0,btc,0.0,0.0,0.0,24
0,[],2,[],2019-01-20 23:25:56,0.0,0,0,6476976,2019-01-20 23:25:56,,0.0,0.0,0,,0.0,0.0,0.0,26
1,[],4,[],2019-06-22 12:14:58,26941612.4676693,0.00000404,0.00000000044150534000000003,7752656,2019-06-22 12:14:58,btc,7.521352547850694,0.0,0.00000404,btc,205747.96074234,0.14784441,0.4615281127181812,26
1,[],10,[],2019-06-22 12:15:00,162952.21119503,0.00000401,0.000000000438226835,7752657,2019-06-22 12:15:00,btc,25.271628483064898,6291.8367961,0.00000401,btc,20297.64914673,0.0,0.0515718114829983,26
1,[],5,[],2019-04-26 09:47:06,0.0,0,0,7465326,2019-04-26 09:47:06,btc,0.0,0.0,0,btc,0.0,0.0,0.0,27
1,[],3,[],2019-06-17 14:30:26,13571825.64059417,0.00000001,0.00000000000092914,7740112,2019-06-17 14:30:26,btc,3.485049956644059,4264730.43754,0.00000001,btc,23500048.28518193,0.0,0.1357182564059417,27
1,[],11,[],2019-06-17 14:30:28,2031833.58157834,0.00000001,0.00000000000092914,7740113,2019-06-17 14:30:28,btc,67502.92060589766,32677.9652116,0.00000001,btc,6487362.95640949,0.0,0.0203183358157834,27
1,[],4,[],2019-06-22 12:15:01,899873574.3331403,0.00000001,0.0000000000010928350000000002,7752658,2019-06-22 12:15:01,btc,6.410660509664658,0.0,0.00000001,"btc,ltc",433437393.7105686,0.36985236,5.770406530813676,29
1,[],7,[],2019-06-22 12:15:04,88245545.39145988,0.00000001,0.0000000000010928350000000002,7752659,2019-06-22 12:15:04,btc,46548272.19341155,0.0,0.00000001,btc,36547169.3178204,0.0,0.8824554539145988,29
0,[],17,[],2019-05-03 01:11:25,0.0,0,0,7559066,2019-05-03 01:11:25,btc,0.0,0.0,0,btc,0.0,0.0,0.0,30
1,[],4,[],2019-06-22 12:15:04,15522975.90064791,0.00000005,0.000000000005464175,7752660,2019-06-22 12:15:04,btc,2.5886056297179203,0.0,0.00000005,btc,2237643.51667946,0.0,0.1731523644110231,30
1,[],4,[],2019-06-22 12:17:05,211871.61026051,0.00003785,0.000000004136380475,7752661,2019-06-22 12:17:05,btc,3.9677956104713,0.0,0.00003785,btc,58118.82084571,0.70039622,0.6376345875385632,31
1,[],21,[],2019-06-22 12:17:06,639858.58252684,0.00003796999999999999729711000485,0.000000004149494495,7752662,2019-06-22 12:17:06,btc,4.604275376805696,182814.71177547,0.0000379699999999999972971100048457770981258363462984561920166015625,btc,95399.19698208,7.7046608,3.819508186725903,31
0,[],2,[],2019-01-20 23:28:43,0.0,0,0,6477009,2019-01-20 23:28:43,,0.0,0.0,0,,0.0,0.0,0.0,32
1,[],12,[],2019-03-30 07:55:10,40641173.964,0.00000003,0.000000000001228359,7108785,2019-03-30 07:55:10,btc,4233210.82356125,0.0,0.00000003,btc,28378394.68333462,0.0126927883965248,0.90752895892,33
0,[],4,[],2019-06-22 12:17:07,0.0,0,0,7752663,2019-06-22 12:17:07,,0.0,0.0,0,,0.0,0.0,0.0,33
0.00000000012889060000000002,[],4,[],2019-06-22 12:17:09,150385210.9925782,6.960092400000001e-17,7.606232577954e-21,7752664,2019-06-22 12:17:09,ltc,4.299912499752954,0.0,0.00000054,ltc,161728434.77408725,0.00027889,9.90881438029328e-10,34
1,[],5,[],2019-06-22 12:17:10,0.0,0,0,7752665,2019-06-22 12:17:10,btc,0.0,0.03223649,0,btc,0.0,0.0,0.0,34
0.0000000002926451,[],17,[],2019-05-02 18:17:47,200000.0,2.9264510000000002e-18,1.596703856561e-22,7556430,2019-05-02 18:17:47,eth,0.20942468735267253,0.0,0.00000001,"btc,eth",1018272.20243647,0.0,5.852902e-13,36
0.0000000001311821,[],4,[],2019-05-31 13:28:19,2417517744.0607657,1.311821e-18,1.105058333085e-22,7717483,2019-05-31 13:28:19,ltc,5.019900492391546e-08,0.0,0.00000001,ltc,7102398142.262129,0.0,3.171350544531538e-09,36
1,[],5,[],2019-05-31 13:28:21,0.0,0,0,7717484,2019-05-31 13:28:21,btc,0.0,0.0,0,btc,0.0,0.0,0.0,36
0.0000000003108179,[],27,[],2019-05-31 13:30:34,10388811.226876,6.216358000000001e-18,5.236566733830001e-22,7717485,2019-05-31 13:30:34,eth,1569.8708019850988,761866.634299,0.00000002,"ltc,eth",5084024.2511555,4.736034912207001e-12,3.3251980286483705e-11,36
1,[],17,[],2019-05-03 01:11:36,211752.74075282,0.00000025,0.000000000013700074999999998,7559074,2019-05-03 01:11:36,btc,0.055484923955058496,0.0,0.00000025,"btc,eth",1387.19918473,0.0,0.0005381851887916605,37
1,[],4,[],2019-06-22 12:17:11,10349114.6535313,0.00000013,0.000000000014206855,7752666,2019-06-22 12:17:11,btc,19773.053349848542,0.0,0.00000013,btc,667251.71371273,0.01242068,0.1427965310594347,37
1,[],12,[],2019-06-22 12:17:12,4262907.54435103,0.00000013,0.000000000014206855,7752667,2019-06-22 12:17:12,btc,7.395760638709559,0.0,0.00000013,btc,1775825.59321511,0.029378322617,0.1616838350556336,37
1,[],27,[],2019-06-22 12:19:17,11304.0,0.00000019,0.000000000020763865,7752668,2019-06-22 12:19:17,btc,22.62970013895233,0.0,0.00000019,btc,4298.824295,0.0,0.00168776,37
1,[],5,[],2019-06-22 12:19:19,0.0,0,0,7752669,2019-06-22 12:19:19,btc,0.0,0.35106118,0,btc,0.0,0.0,0.0,42
1,[],12,[],2019-06-22 12:19:20,216453.1808318,0.0000020399999999999999500377954875229846720685600303113460540771484375,0.00000000022293834,7752670,2019-06-22 12:19:20,btc,477.11977419160127,0.0,0.0000020399999999999999500377954875229846720685600303113460540771484375,btc,126559.01810884,0.222787338116,0.08271040785782979,42
1,[],27,[],2019-06-22 12:19:26,1581.0,0.0000005,0.00000000005464175,7752671,2019-06-22 12:19:26,btc,0.07600425,0.0,0.0000005,"btc,eth",18.0,0.0,0.0005435000002963421,42
1,[],12,[],2019-03-13 09:13:29,1112112.0,0.00000001,0.000000000000386531,6919902,2019-03-13 09:13:29,btc,29058.00478931866,0.0,0.00000001,btc,5967681.93306694,9.99000999e-07,0.01112112,43
1,[],5,[],2019-04-26 22:38:52,0.0,0,0,7474154,2019-04-26 22:38:52,btc,0.0,0.02638891,0,btc,0.0,0.0,0.0,43
0,[],17,[],2019-04-26 22:38:53,0.0,0,0,7474155,2019-04-26 22:38:53,btc,0.0,0.0,0,btc,0.0,0.0,0.0,43
1,[],12,[],2019-03-05 01:54:08,639326.02,0.00000004,0.000000000001486676,6845775,2019-03-05 01:54:08,btc,11116042.728239931,0.0,0.00000004,btc,1103841.4595604,0.0003330765234764,0.014975410599999999,44
0.00000000012889060000000002,[],4,[],2019-06-22 12:19:26,106815136.6548873,4.8978428000000006e-17,5.352534036338001e-21,7752672,2019-06-22 12:19:26,ltc,1601.9071650487251,0.0,0.00000038,ltc,26087995.02896898,0.00299403,6.169238950354526e-10,49
0.00000000012889060000000002,[],4,[],2019-06-22 12:19:27,319228404.7491848,2.7067026000000002e-17,2.9579793358710005e-21,7752673,2019-06-22 12:19:27,ltc,27281.79134038361,0.0,0.00000021,ltc,181263319.30630267,0.0,2.518058532239304e-09,52
0,[],22,[],2019-06-22 12:19:30,0.0,0,0,7752674,2019-06-22 12:19:30,,10289.80784133,0.0,0,,287058287.4566013,0.0,0.0,57
0,[],27,[],2019-06-22 12:19:36,0.0,0,0,7752675,2019-06-22 12:19:36,,0.0,0.0,0,"btc,eth",0.0,0.0,0.0,57
1,[],17,[],2019-05-03 01:12:09,1200000.0,0.0000000001,0.00000000000000548003,7559085,2019-05-03 01:12:09,btc,1e+24,0.0,0.0000000001,"btc,eth",39516342.31952568,0.0,0.00010000000058666061,58
0,[],4,[],2019-06-22 12:19:37,0.0,0,0,7752676,2019-06-22 12:19:37,,19.716973541718236,0.0,0,,5712657275.547043,0.0,0.0,58
1,[],12,[],2019-06-22 12:19:38,565071173.1,0.0000000001,0.000000000000010928350000000001,7752677,2019-06-22 12:19:38,btc,34225830.78404413,0.0,0.0000000001,btc,2951924314.207749,0.025737561178,0.05650711731000001,58
0.000000000105741,[],22,[],2019-06-22 12:21:41,126877.0,1.05741e-18,1.1555746573500001e-22,7752678,2019-06-22 12:21:41,XMR,68.17454206,0.0,0.00000001,XMR,9626402.6,0.0,0.00126877,58
1,[],5,[],2019-06-17 14:31:27,0.0,0,0,7740135,2019-06-17 14:31:27,btc,0.0,0.00079154,0,btc,0.0,0.0,0.0,61
1,[],22,[],2019-06-17 14:31:30,13612.833333333334,0.00000012,0.00000000001114968,7740136,2019-06-17 14:31:30,BTC,1002.29123003,0.0,0.00000012,BTC,15014.200177125656,0.0,0.00153257,61
1,[],26,[],2019-06-17 14:31:30,0.0,0.00000050,0.000000000046457,7740137,2019-06-17 14:31:30,btc,0.0,0.0,0.00000050,btc,0.0,0.0,0.0,61
1,[],27,[],2019-06-17 14:31:36,8400.0,0.00000018,0.00000000001672452,7740138,2019-06-17 14:31:36,btc,1.9742539297246655,0.0,0.00000018,"btc,eth",10953.51663696,0.0,0.001512,61
0,[],28,[],2019-06-17 14:31:38,0.0,0,0,7740139,2019-06-17 14:31:38,,0.0,0.0,0,,0.0,0.0,0.0,61
1,[],4,[],2019-06-22 12:21:42,760217.67387034,0.00000075,0.000000000081962625,7752679,2019-06-22 12:21:42,btc,3.6873057895303916,0.0,0.00000075,btc,1296064.59346539,0.11137491,0.4123064828473071,67
0.0,[],25,[],2019-06-22 12:21:44,0.0,0,0,7752680,2019-06-22 12:21:44,,0.0,0.0,0.0,btc,0.0,0.0,0.0,67
1,[],12,[],2019-06-02 06:23:14,910048.355,0.00000006,0.000000000005154929999999999,7725270,2019-06-02 06:23:14,btc,5.167005424215783,0.0,0.00000006,btc,738530.60239759,0.003159757462,0.0187188113,71
,[],5,[],2018-11-20 23:02:39,1.5e-07,0.00000005,0.000000000002128045,4862160,2018-11-20 23:02:39,btc,2.84511358,0.0,,btc,0.00036572,0.0,0.07381892,74
1,[],5,[],2019-06-22 12:21:45,0.0,0,0,7752681,2019-06-22 12:21:45,btc,0.0,0.0085353,0,btc,0.0,0.0,0.0,75
1,[],4,[],2019-06-04 03:25:15,715281.46076168,0.00000001,0.000000000000803619,7734085,2019-06-04 03:25:15,btc,581089.6218469425,0.0,0.00000001,btc,37692563.61091116,0.0,0.0071528146076168,81
0,[],20,[],2019-01-25 09:30:31,0.0,0,0,6495923,2019-01-25 09:30:31,btc,0.0,0.0,0,btc,0.0,0.0,0.0,81
1,[],4,[],2019-06-22 12:21:46,226430.42292943,0.00009169,0.000000010020204115000001,7752682,2019-06-22 12:21:46,btc,57.36811612334018,0.0,0.00009169,btc,115989.43819289,0.59162369,0.3135309631745556,82
1,[],21,[],2019-06-22 12:21:47,75752.06792072,0.00008807999999999999694594993160,0.00000000962569068,7752683,2019-06-22 12:21:47,btc,7.876041296318333,37329.5677422,0.000088079999999999996945949931603792038004030473530292510986328125,btc,70860.0631458,3.49417668,4.289751364276099,82
0,[],17,[],2019-03-25 22:42:34,0.0,0,0,7038780,2019-03-25 22:42:34,btc,0.0445064681804024,0.0,0,btc,995513.18476001,0.0,0.0,84
0.0000000001161485,[],4,[],2019-05-20 13:09:39,216715621.0206096,1.161485e-18,9.0533806701e-23,7657228,2019-05-20 13:09:39,ltc,1.6511566870244727,0.0,0.00000001,ltc,471032407.9048656,0.0,2.5171194308112273e-10,85
,[],22,[],2018-11-20 23:09:34,3408.1,0.0000001,0.0000000000041895,4862324,2018-11-20 23:09:34,BTC,0.04624735,0.0,,BTC,4990.0,0.0,0.00033081,86
1,[],22,[],2019-06-22 12:21:51,117294.0,0.00000006,0.0000000000065570100000000006,7752684,2019-06-22 12:21:51,BTC,1.81020153,0.0,0.00000006,BTC,196224.94736842104,0.0,0.00390484,87
1,[],27,[],2019-06-22 12:21:57,269536.0,0.00000003,0.0000000000032785050000000003,7752685,2019-06-22 12:21:57,btc,2.00667544326,0.0,0.00000003,btc,547681.402,0.0,0.00708608,87
,[],2,[],2018-11-20 23:10:47,0.0,0,0,4862359,2018-11-20 23:10:47,,0.0,0.0,,,0.0,0.0,0.0,88
1,[],11,[],2019-06-17 14:31:59,193715.3529613,0.000073310000000000001140094962881477158589405007660388946533203125,0.00000000681152534,7740147,2019-06-17 14:31:59,btc,168.35454702024953,5791.70569014,0.000073310000000000001140094962881477158589405007660388946533203125,btc,196971.41170107,0.0,1.1996165759440112,89
0,[],2,[],2019-01-20 23:31:45,0.0,0,0,6477083,2019-01-20 23:31:45,,0.0,0.0,0,,0.0,0.0,0.0,91
1,[],12,[],2019-06-18 02:35:48,427715.74,0.00000015,0.000000000013911045000000001,7746087,2019-06-18 02:35:48,btc,116.61022144471085,0.0,0.00000015,btc,193315.55943968,0.000180759303,0.0129558314,91
1,[],22,[],2019-06-20 20:27:07,75910.0,0.00000002,0.000000000001914908,7746207,2019-06-20 20:27:07,BTC,0.49565371,0.0,0.00000002,"BTC,LTC",6.384990670617935,0.0,0.0016592,91
0,[],17,[],2019-05-03 01:12:26,0.0,0,0,7559096,2019-05-03 01:12:26,btc,0.0,0.0,0,btc,0.0,0.0,0.0,91
1,[],22,[],2019-06-22 12:22:00,106655.66666666667,0.00000003,0.0000000000032785050000000003,7752686,2019-06-22 12:22:00,BTC,11.34817936,0.0,0.00000003,"BTC,LTC",299418.0280038263,0.0,0.06917967,95
0,[],17,[],2019-05-03 01:12:32,0.0,0,0,7559100,2019-05-03 01:12:32,btc,0.0,0.0,0,btc,0.0,0.0,0.0,96
0.00000000012889060000000002,[],4,[],2019-06-22 12:22:01,539479693.6081345,2.7067026000000002e-17,2.9579793358710005e-21,7752687,2019-06-22 12:22:01,ltc,11.33021244242287,0.0,0.00000021,ltc,156641651.81923681,0.0,8.478922205366342e-10,96
0,[],12,[],2019-06-22 12:22:02,0.0,0,0,7752688,2019-06-22 12:22:02,btc,36.47432269859141,0.0,0,btc,9846623.85914086,0.0,0.0,96
1,[],4,[],2019-04-14 03:32:46,1039404.33283278,0.00000038,0.000000000019245518,7293458,2019-04-14 03:32:46,btc,4.170086055365747,0.0,0.00000038,btc,3097704.34561074,0.06260606,0.1859928211030784,99
0,[],2,[],2019-01-20 23:23:55,0.0,0,0,6476914,2019-01-20 23:23:55,,0.0,0.0,0,,0.0,0.0,0.0,100
1,[],4,[],2019-06-22 12:24:03,254555.39779905,0.00001380,0.0000000015081123,7752689,2019-06-22 12:24:03,btc,6.98992861697901,0.0,0.00001380,btc,156887.06772605,0.37268031,0.3085070464420413,100
1,[],22,[],2019-06-05 06:30:35,150000.0,0.00000002,0.000000000001558192,7740007,2019-06-05 06:30:35,BTC,28.56386409,0.0,0.00000002,BTC,12787.719,0.0,0.0017,101
1,[],4,[],2019-06-22 12:24:04,441625.17498269,0.00000150,0.00000000016392525,7752690,2019-06-22 12:24:04,btc,561.3916807114737,0.0,0.00000150,btc,710881.85469963,0.07801574,0.0808034096356887,103
1,[],12,[],2019-06-17 14:32:14,179201505.10870332,0.000000005,0.00000000000046457,7740154,2019-06-17 14:32:14,btc,113577.79366343976,0.0,0.000000005,btc,79148141.67831126,0.019059029059,0.27280986350611003,105
1,[],27,[],2019-06-17 14:32:19,18306828.03496503,0.00000002,0.00000000000185828,7740155,2019-06-17 14:32:19,btc,180.7198218385489,1083.96503497,0.00000002,btc,276513.60142659,7.588e-05,0.3661365606993006,105
1,[],22,[],2019-04-21 00:17:26,21333.0,0.00000001,0.000000000000532493,7385819,2019-04-21 00:17:26,BTC,51.38182867,0.0,0.00000001,BTC,470435.0,0.0,0.00021333,107
1,[],26,[],2019-04-21 00:17:26,0.0,0.00000000,0,7385820,2019-04-21 00:17:26,btc,0.0,0.0,0.00000000,btc,0.0,0.0,0.0,107
1,[],5,[],2019-06-22 12:24:07,0.0,0,0,7752691,2019-06-22 12:24:07,btc,0.0,0.0,0,btc,0.0,0.0,0.0,112
0,[],22,[],2019-06-22 12:24:09,0.0,0,0,7752692,2019-06-22 12:24:09,,6.79500102,0.0,0,,3375892.0833333335,0.0,0.0,112
1,[],27,[],2019-06-22 12:24:16,1.0,0.00000001,0.0000000000010928350000000002,7752693,2019-06-22 12:24:16,btc,1.14885,0.0,0.00000001,"btc,eth",39.0,0.0,1e-08,112
1,[],4,[],2019-06-22 12:24:17,1005431.00582158,0.00000059,0.000000000064477265,7752694,2019-06-22 12:24:17,btc,4.744104967971657,0.0,0.00000059,btc,793502.09783654,0.04110728,0.2022071447292922,113
1,[],5,[],2019-06-22 12:24:18,0.0,0,0,7752695,2019-06-22 12:24:18,btc,0.0,0.0,0,btc,0.0,0.0,0.0,113
1,[],17,[],2019-04-26 02:17:47,162738.278,0.00000004,0.0000000000021069000000000002,7461287,2019-04-26 02:17:47,btc,1.3331140273775473,0.0,0.00000004,btc,51796.221,0.0,0.00230953112,116
1,[],27,[],2019-05-22 05:13:01,210000.0,0.00000001,0.00000000000079145,7666372,2019-05-22 05:13:01,btc,3919.0005001478,0.0,0.00000001,btc,128660.871,0.0,0.0021,116
1,[],4,[],2019-05-21 22:31:11,138169.03963019,0.00000701,0.000000000558364025,7664793,2019-05-21 22:31:11,btc,150.95388250938234,0.0,0.00000701,btc,344631.17141974,0.07552974,0.4288357684941946,120
1,[],7,[],2019-05-21 22:31:12,3901.07750076,0.000010679999999999999389654892212320191902108490467071533203125,0.0000000008506887,7664794,2019-05-21 22:31:12,btc,231188.94669936574,0.0,0.000010679999999999999389654892212320191902108490467071533203125,btc,4133.83151364,0.0,0.0113888422364489,120
1,[],20,[],2019-04-07 18:42:29,1914137.0852,0.000000035,0.0000000000017871910000000002,7211992,2019-04-07 18:42:29,btc,32.2497668025648,25528.85,0.000000035,btc,1001975.4986,0.00089350975,0.0152723574729,125
1,[],22,[],2019-06-17 14:32:38,10000.0,0.00000001,0.00000000000092914,7740161,2019-06-17 14:32:38,BTC,0.032061,0.0,0.00000001,BTC,299316.7611111111,0.0,0.0001,126
0,[],2,[],2019-01-20 23:25:46,0.0,0,0,6476969,2019-01-20 23:25:46,,0.0,0.0,0,,0.0,0.0,0.0,131
1,[],17,[],2019-05-03 01:13:10,10000.0,0.00000001,0.000000000000548003,7559115,2019-05-03 01:13:10,btc,0.0953976503951408,0.0,0.00000001,btc,5037.62507334,0.0,0.0001,131
1,[],4,[],2019-06-22 12:24:19,2938934.26528626,0.00000380,0.0000000004152773,7752696,2019-06-22 12:24:19,btc,2.3460507202947176,0.0,0.00000380,btc,171975.39138703,0.13914188,0.4789006235846935,131
1,[],4,[],2019-06-17 14:32:42,4848.49465417,0.00007919,0.00000000735785966,7740163,2019-06-17 14:32:42,btc,0.9905723729472744,0.0,0.00007919,btc,202.13055914,0.0,0.0061509344290166,135
1,[],3,[],2019-06-05 06:33:11,40600.27748212,0.00000001,0.000000000000779096,7740019,2019-06-05 06:33:11,btc,0.2308097808993716,2146378.52189,0.00000001,btc,2477992.76904676,0.0,0.0004060027748212,136
1,[],4,[],2019-06-22 12:26:20,344839.47136502,0.00000170,0.00000000018578195,7752697,2019-06-22 12:26:20,btc,110.30746331442968,0.0,0.00000170,btc,586761.38416916,0.01756773,0.4889867433663699,137
1,[],12,[],2019-06-22 12:26:22,66522.21916853,0.00000154999999999999998279913253351747215447176131419837474822998046875,0.00000000016938942500000002,7752698,2019-06-22 12:26:22,btc,79.71312826842971,0.0,0.00000154999999999999998279913253351747215447176131419837474822998046875,btc,81717.92097078,0.00240126,0.0144824499999725,137
1,[],20,[],2019-06-22 11:34:33,267685.8279,0.0000161,0.00000000175864003,7752551,2019-06-22 11:34:33,btc,1.6059780429371,49.8243,0.0000161,btc,9785.9727,0.000802304178,0.0185814618883,142
1,[],22,[],2019-06-22 11:34:36,10715.0,0.00001299,0.000000001418927577,7752552,2019-06-22 11:34:36,BTC,2.99759384,0.0,0.00001299,BTC,835.7198755539798,0.0,0.00540125,142
0.0,[],25,[],2019-06-22 11:34:37,0.0,0,0,7752553,2019-06-22 11:34:37,,0.0,0.0,0.0,btc,0.0,0.0,0.0,142
0,[],28,[],2019-06-22 11:34:38,0.0,0,0,7752554,2019-06-22 11:34:38,,0.0,0.0,0,,0.0,0.0,0.0,142
1,[],17,[],2019-05-03 01:13:16,32967.38636364,0.00000088,0.000000000048224264,7559122,2019-05-03 01:13:16,btc,20.06976206696776,0.0,0.00000088,btc,2746.079105,0.0,0.0105613000000032,142
1,[],4,[],2019-06-22 12:26:23,281105.99744133,0.00001460,0.0000000015955391000000002,7752699,2019-06-22 12:26:23,btc,9.54842816597997,0.0,0.00001460,btc,161701.74388856,0.38453591,0.4256514806800078,142
1,[],5,[],2019-06-22 12:26:24,0.0,0,0,7752700,2019-06-22 12:26:24,btc,0.0,0.03150216,0,btc,0.0,0.0,0.0,142
0,[],22,[],2019-06-22 11:34:41,0.0,0,0,7752555,2019-06-22 11:34:41,,1635.98618676,0.0,0,,788450755.3,0.0,0.0,143
0,[],22,[],2019-02-25 15:42:22,0.0,0,0,6783783,2019-02-25 15:42:22,,4.2131946,0.0,0,,2322156.0,0.0,0.0,146
,[],22,[],2018-11-20 23:01:11,0.0,0,0,4862114,2018-11-20 23:01:11,,2.56807021,0.0,,,61828.4988236,0.0,0.0,147
1,[],12,[],2019-04-21 06:38:04,193091.5971266,0.00000071,0.000000000037635183,7388679,2019-04-21 06:38:04,btc,2.301232411611175,0.0,0.00000071,btc,9957.48302385,0.00023528,0.0313308199999888,148
1,[],4,[],2019-03-19 21:31:25,255810.0415942,0.00000029,0.000000000011615747,6982695,2019-03-19 21:31:25,btc,218.94922712414143,0.0,0.00000029,btc,793529.37642722,0.00117,0.0608347789473395,152
0,[],22,[],2019-03-19 21:31:27,0.0,0,0,6982696,2019-03-19 21:31:27,,0.0,0.0,0,,0.0,0.0,0.0,152
1,[],5,[],2019-04-26 09:36:59,0.0,0,0,7465040,2019-04-26 09:36:59,btc,0.0,0.0,0,btc,0.0,0.0,0.0,153
,[],16,[],2019-01-11 15:38:59,0.0,0,0,6366141,2019-01-11 15:38:59,btc,0.0,0.0,,btc,0.0,0.0,0.0,155
0,[],23,[],2019-01-20 23:24:29,0.0,0,0,6476932,2019-01-20 23:24:29,,0.0,0.0,0,,0.0,0.0,0.0,156
0,[],22,[],2019-06-04 06:02:09,0.0,0,0,7734688,2019-06-04 06:02:09,,7.43375324,0.0,0,,5955762.942592593,0.0,0.0,156
1,[],22,[],2019-06-22 12:28:39,6996.0,0.00000001,0.0000000000010928350000000002,7752706,2019-06-22 12:28:39,BTC,1.7543039,0.0,0.00000001,BTC,57.0,0.0,6.996e-05,157
0,[],22,[],2019-05-21 23:40:32,0.0,0,0,7665049,2019-05-21 23:40:32,,50234.60468402,0.0,0,,54786159.03179465,0.0,0.0,158
,[],17,[],2018-11-20 22:56:10,0.0,0,0,4861976,2018-11-20 22:56:10,btc,1.1265625,0.0,,btc,1000.0,0.0,0.0,159
,[],20,[],2018-11-20 22:56:12,0.0,0,0,4861977,2018-11-20 22:56:12,btc,11912.7940471,0.0,,btc,34413894.3617,0.0,0.0,159
1,[],12,[],2019-05-24 02:51:20,9178.522006449999,0.00000191999999999999982841307998027158276954651228152215480804443359375,0.000000000151222656,7676256,2019-05-24 02:51:20,btc,149.80414728631675,0.0,0.00000191999999999999982841307998027158276954651228152215480804443359375,btc,1115.7451448499999,0.01783167678326,0.0120075778999181,168
1,[],17,[],2019-05-03 01:13:36,42852.0,0.00000002,0.000000000001096006,7559132,2019-05-03 01:13:36,btc,0.04279856251542,0.0,0.00000002,btc,274.46171372,0.0,0.00052852,168
1,[],22,[],2019-05-17 03:01:52,10.0,0.00000001,0.000000000000778341,7642059,2019-05-17 03:01:52,BTC,41.95893009,0.0,0.00000001,BTC,1753972.7737547632,0.0,1e-07,169
1,[],22,[],2019-05-30 08:38:18,202834.0,0.00000002,0.0000000000017416160000000001,7711049,2019-05-30 08:38:18,BTC,27.87002826,0.0,0.00000002,BTC,462189.5410507793,0.0,0.00211768,171
1,[],22,[],2019-05-29 08:05:18,349870.0,0.00000002,0.000000000001705894,7705265,2019-05-29 08:05:18,BTC,24.05907723,0.0,0.00000002,"BTC,LTC",1224285.4355616204,0.0,0.0039847,173
1,[],5,[],2019-06-22 12:28:41,0.0,0,0,7752707,2019-06-22 12:28:41,btc,0.0,0.05793925,0,btc,0.0,0.0,0.0,175
1,[],22,[],2019-06-17 14:33:12,90671.0,0.00000001,0.00000000000092914,7740175,2019-06-17 14:33:12,BTC,394.35459412,0.0,0.00000001,BTC,136275.61833431243,0.0,0.00090671,176
1,[],7,[],2019-06-22 12:28:42,0.0,0,0,7752708,2019-06-22 12:28:42,btc,522272.5934960441,0.0,0,btc,27814215.172186088,0.0,0.0,178
0,[],22,[],2019-06-22 12:28:44,0.0,0,0,7752709,2019-06-22 12:28:44,,1.00242428,0.0,0,,57512.0,0.0,0.0,178
0,[],2,[],2019-01-20 23:28:34,0.0,0,0,6477001,2019-01-20 23:28:34,,0.0,0.0,0,,0.0,0.0,0.0,178
1,[],5,[],2019-06-22 12:28:45,0.0,0,0,7752710,2019-06-22 12:28:45,btc,0.0,0.00761053,0,btc,0.0,0.0,0.0,179
0,[],22,[],2019-06-22 12:28:48,0.0,0,0,7752711,2019-06-22 12:28:48,,5.17403917,0.0,0,,13450788.311946675,0.0,0.0,179
0,[],23,[],2019-01-20 23:25:08,0.0,0,0,6476952,2019-01-20 23:25:08,,0.0,0.0,0,,0.0,0.0,0.0,179
1,[],22,[],2019-06-22 11:36:58,718616.7070953437,0.00000041,0.000000000044785243,7752562,2019-06-22 11:36:58,BTC,40.59605845,0.0,0.00000041,"BTC,LTC",152972.62502857723,0.0077827,0.56518477,180
1,[],26,[],2019-06-22 11:36:58,0.0,0.00000010,0.00000000001092323,7752563,2019-06-22 11:36:58,btc,0.0,0.0,0.00000010,btc,0.0,0.0,0.0,180
1,[],17,[],2019-05-03 01:13:56,20504.725000000002,0.0000001,0.00000000000548003,7559141,2019-05-03 01:13:56,btc,5.2010695838400265,0.0,0.0000001,btc,5033.45945,0.0,0.0011504725,180
,[],7,[],2018-11-20 22:58:01,562227.975654,0.00000085,0.000000000036176765,4862015,2018-11-20 22:58:01,btc,21836.6059674,2491.87645172,,btc,749999.041456,0.00211021,0.127565380455,183
,[],5,[],2019-01-10 08:11:41,0.0,0,0,6347036,2019-01-10 08:11:41,btc,82.15055501,0.00261,,btc,1.19002445,0.0,0.0,187
,[],17,[],2018-11-16 20:58:10,4062536.27273,0.00000001,0.000000000000550501,4708775,2018-11-16 20:58:10,btc,3.36492563466,0.195460381006,,"btc,eth",110697919.549,0.0,0.0157628953496,187
1,[],24,[],2019-05-22 21:04:52,0.0,0.000000000014,0.0000000000000010960978,7670219,2019-05-22 21:04:52,btc,0.0,0.0,0.000000000014,btc,0.0,0.0,0.0,187
0,[],22,[],2019-04-25 02:54:07,0.0,0,0,7447896,2019-04-25 02:54:07,,7.54794454,0.0,0,,76361.7243344055,0.0,0.0,191
0,[],22,[],2019-06-17 14:33:34,0.0,0,0,7740182,2019-06-17 14:33:34,,0.0,0.0,0,,0.0,0.0,0.0,197
0,[],23,[],2019-01-20 23:31:41,0.0,0,0,6477079,2019-01-20 23:31:41,,0.0,0.0,0,,0.0,0.0,0.0,199
0,[],22,[],2019-06-22 11:37:01,0.0,0,0,7752564,2019-06-22 11:37:01,,10.58263174,0.0,0,,84280969.0,0.0,0.0,199
1,[],26,[],2019-06-22 11:37:01,0.0,0.00000000,0,7752565,2019-06-22 11:37:01,btc,0.0,0.0,0.00000000,btc,0.0,0.0,0.0,199
0,[],2,[],2019-01-20 23:30:49,0.0,0,0,6477059,2019-01-20 23:30:49,,0.0,0.0,0,,0.0,0.0,0.0,201
1,[],4,[],2019-01-25 15:51:35,2084389.58565343,0.00000936,0.000000000333526752,6499557,2019-01-25 15:51:35,btc,2.0092503037378524,0.0,0.00000936,btc,160195.80207885,0.19272417,1.242687955921835,211
1,[],7,[],2019-06-22 11:37:04,1170054124.6898527,0.00000018,0.000000000019661814,7752566,2019-06-22 11:37:04,btc,1346840.2653139164,0.0,0.00000018,btc,6166479.26464841,0.0,11.954344045954047,212
1,[],12,[],2019-01-25 02:44:32,207462.42853209,0.000001080000000000000035831255497387193287295303889550268650054931640625,0.000000000038610756000000006,6493050,2019-01-25 02:44:32,btc,85023.03793723314,0.0,0.000001080000000000000035831255497387193287295303889550268650054931640625,btc,43675.73520027,0.000146250909087,0.0348620860622024,213
1,[],5,[],2019-05-30 00:07:46,0.0,0,0,7709357,2019-05-30 00:07:46,btc,0.0,0.06425239,0,btc,0.0,0.0,0.0,213
1,[],24,[],2019-05-30 00:07:46,0.0,0.000000399202,0.0000000000344859829346,7709358,2019-05-30 00:07:46,btc,0.0,0.0,0.000000399202,btc,0.0,0.0,0.0,213
1,[],26,[],2019-05-30 00:07:47,0.0,0.00000040,0.000000000034554919999999996,7709359,2019-05-30 00:07:47,btc,0.0,0.0,0.00000040,btc,0.0,0.0,0.0,213
0,[],22,[],2019-06-22 11:37:07,0.0,0,0,7752567,2019-06-22 11:37:07,,9.56923849,0.0,0,,3661587.2040649247,0.0,0.0,216
0,[],27,[],2019-06-22 11:37:17,0.0,0,0,7752568,2019-06-22 11:37:17,,95.90980551917752,0.0,0,"btc,ltc",641824.407688,0.0,0.0,216
1,[],22,[],2019-06-22 11:37:20,472369.3852813853,0.00000029,0.000000000031677367,7752569,2019-06-22 11:37:20,BTC,12055.91857075,0.0,0.00000029,BTC,505153.4678921843,0.00274983,0.02883042,217
1,[],7,[],2019-06-22 11:37:23,0.0,0,0,7752570,2019-06-22 11:37:23,btc,1234862.069144521,0.0,0,btc,89337195.01569474,0.0,0.0,219
0,[],27,[],2019-06-22 11:37:29,0.0,0,0,7752571,2019-06-22 11:37:29,,250.36597143533322,0.0,0,btc,7934668.36581025,0.0,0.0,219
0,[],28,[],2019-06-22 11:39:30,0.0,0,0,7752572,2019-06-22 11:39:30,,0.0,0.0,0,,0.0,0.0,0.0,219
1,[],22,[],2019-05-23 16:41:05,172069.0,0.00000004,0.0000000000031167080000000004,7674065,2019-05-23 16:41:05,BTC,56.76466137,0.0,0.00000004,BTC,127061.6482738741,0.0,0.00393676,221
1,[],24,[],2019-05-23 16:41:05,0.0,0.000000010000,0.0000000000007791770000000001,7674066,2019-05-23 16:41:05,btc,0.0,0.0,0.000000010000,btc,0.0,0.0,0.0,221
1,[],20,[],2019-06-17 14:34:11,26882155.8301,0.000000003,0.000000000000278742,7740192,2019-06-17 14:34:11,btc,100050.81956632523,233521.3529,0.000000003,btc,38769742.8604,0.0007925640587,0.0306863532672,224
0,[],22,[],2019-06-17 14:34:13,0.0,0,0,7740193,2019-06-17 14:34:13,,0.0,0.0,0,,0.0,0.0,0.0,224
1,[],26,[],2019-06-22 11:39:31,0.0,0.00000022,0.000000000024031106,7752573,2019-06-22 11:39:31,btc,0.0,0.0,0.00000022,btc,0.0,0.0,0.0,231
1,[],26,[],2019-06-22 11:39:31,0.0,0.00000005,0.000000000005461615,7752574,2019-06-22 11:39:31,btc,0.0,0.0,0.00000005,btc,0.0,0.0,0.0,234
0.0000000002813827,[],27,[],2019-06-22 11:39:37,100.0,2.813827e-18,3.073607950121e-22,7752575,2019-06-22 11:39:37,eth,0.0,0.0,0.00000001,"btc,eth",0.0,0.0,2.813827e-16,234
1,[],4,[],2019-05-22 17:06:12,91780.56053785,0.00000078,0.000000000061977552,7669277,2019-05-22 17:06:12,btc,5.573372450018177,0.0,0.00000078,btc,729173.93529783,0.0,0.0307060663355679,236
1,[],24,[],2019-05-22 17:06:12,0.0,0.000000010000,0.000000000000794584,7669278,2019-05-22 17:06:12,btc,0.0,0.0,0.000000010000,btc,0.0,0.0,0.0,236
1,[],5,[],2019-06-22 11:39:38,0.0,0,0,7752576,2019-06-22 11:39:38,btc,0.0,3.19812436,0,btc,0.0,0.0,0.0,237
1,[],20,[],2019-06-22 11:39:40,49803960.3725,0.000000093,0.0000000000101586039,7752577,2019-06-22 11:39:40,btc,8172549.412533141,33710720.189,0.000000093,btc,39473139.6441,3.3681918469261,1.1231181931548,237
1,[],22,[],2019-06-22 11:39:44,2084614.0,0.00000004,0.000000000004369292,7752578,2019-06-22 11:39:44,BTC,1.20112207,0.0,0.00000004,"BTC,LTC",14507.148717948718,0.0,0.02587451,237
1,[],4,[],2019-06-22 11:39:45,42249791.98770192,0.00000007,0.000000000007646260999999999,7752579,2019-06-22 11:39:45,btc,2.6361335303044973,0.0,0.00000007,btc,12224112.34603165,0.05734544,0.8909395692911328,238
1,[],5,[],2019-06-22 11:39:46,0.0,0,0,7752580,2019-06-22 11:39:46,btc,0.0,0.00031789,0,btc,0.0,0.0,0.0,238
0,[],22,[],2019-03-12 16:49:32,0.0,0,0,6914458,2019-03-12 16:49:32,,0.40415746,0.0,0,,526736.5639027493,0.0,0.0,249
0,[],22,[],2019-05-28 23:53:45,0.0,0,0,7703643,2019-05-28 23:53:45,,13.44714864,0.0,0,,43777534.3426455,0.0,0.0,252
0,[],28,[],2019-06-22 11:39:47,0.0,0,0,7752581,2019-06-22 11:39:47,,0.0,0.0,0,,0.0,0.0,0.0,256
1,[],22,[],2019-06-22 11:39:50,569233.0,0.00000001,0.000000000001092323,7752582,2019-06-22 11:39:50,BTC,31464.57209943,0.0,0.00000001,BTC,1031813.2230878276,3.836e-05,0.00569233,258
1,[],22,[],2019-05-19 18:12:02,400.0,0.00000001,0.0000000000007957800000000001,7653905,2019-05-19 18:12:02,BTC,2.415167,0.0,0.00000001,BTC,157.0,0.0,4e-06,259
1,[],20,[],2019-06-22 10:38:09,910711.0362,0.000000421,0.0000000000457640472,7752462,2019-06-22 10:38:09,btc,1.0151949712636,25478.2931,0.000000421,btc,62959.9021,0.015569544255,0.0073877341116,264
1,[],5,[],2019-06-22 11:39:53,0.0,0,0,7752583,2019-06-22 11:39:53,btc,0.0,0.04286948,0,btc,0.0,0.0,0.0,264
0,[],22,[],2019-04-12 17:57:27,0.0,0,0,7278186,2019-04-12 17:57:27,,66.37522201,0.0,0,,677842.4169881374,0.0,0.0,271
0,[],22,[],2019-06-22 11:39:57,0.0,0,0,7752584,2019-06-22 11:39:57,,33050469.74148113,0.0,0,,14261527780.7,0.0,0.0,272
0,[],28,[],2019-06-22 11:39:58,0.0,0,0,7752585,2019-06-22 11:39:58,,0.0,0.0,0,,0.0,0.0,0.0,272
1,[],22,[],2019-05-23 07:12:29,219930.0,0.00000004,0.000000000003048688,7671985,2019-05-23 07:12:29,BTC,426.77835217,0.0,0.00000004,BTC,248664.3325962929,0.0,0.00739728,281
1,[],22,[],2019-06-22 11:40:04,26374.1,0.00000002,0.000000000002184646,7752586,2019-06-22 11:40:04,BTC,2.67895761,0.0,0.00000002,"BTC,LTC",1078668.9093393278,0.00033404,0.0047786,286
0,[],22,[],2019-06-17 14:34:53,0.0,0,0,7740207,2019-06-17 14:34:53,,7337915.80475575,0.0,0,,2078527309.6797826,0.0,0.0,294
