pairValue,buyBook,exchangeId,sellBook,updated,buyTotal,satoshiPrice,usdPrice,exchangeLogId,created,bestPair,sellTotalBtc,volume,pairPrice,activePairs,sellTotal,volumeBtc,buyTotalBtc,coinId
1,[],3,[],2019-02-01 19:49:30,122.216168732451,0.01269679999999999940596406844406374148093163967132568359375,0.00000044101826928,6560520,2019-02-01 19:49:30,btc,106.99918080376726,0.181195819608,0.01269679999999999940596406844406374148093163967132568359375,btc,13.433509117324,0.0,0.3525946622132473,1
1,[],4,[],2019-02-01 19:49:30,25075.58738104,0.01256600,0.00000043647498360000004,6560521,2019-02-01 19:49:30,btc,0.8971130971590934,0.0,0.01256600,btc,67.17699677,0.33113338,1.2078025934654695,1
1,[],5,[],2019-02-01 19:49:33,0.22741875,0.01260001,0.000000437656307346,6560522,2019-02-01 19:49:33,btc,14578.4272724,0.04654948,0.01260001,btc,35555556.26533338,0.0,1.42596266,1
1,[],10,[],2019-02-01 19:49:35,272777.47416626,0.012,0.0000004168152,6560523,2019-02-01 19:49:35,btc,6536.9598239555535,921.70105083,0.012,btc,971.15965556,0.0,5.548075590428434,1
1,[],12,[],2019-02-01 19:49:38,10421.9684703,0.01255000000000000039135361618036768049933016300201416015625,0.00000043591923,6560524,2019-02-01 19:49:38,btc,0.6271816693131,0.0,0.01255000000000000039135361618036768049933016300201416015625,btc,43.43371009,0.7257578272685,0.1755295602098,1
1,[],20,[],2019-02-01 19:49:39,1352.3885,0.01051,0.00000036506064600000003,6560525,2019-02-01 19:49:39,btc,0.0572229104203,0.0,0.01051,btc,2.5381,0.0,0.1042679482251,1
1,[],21,[],2019-02-01 19:49:40,2392.54121107,0.01250981999999999962069896497,0.000000434523593772,6560526,2019-02-01 19:49:40,btc,16.134684915408197,5798.410733629999,0.01250981999999999962069896497496301890350878238677978515625,"btc,eth",1770.6400303799999,70.39195036761141,22.61741464353267,1
1,[],22,[],2019-02-01 19:49:44,0.0263776,0.01350000,0.0000004689171,6560527,2019-02-01 19:49:44,BTC,0.31397231,0.0,0.01350000,BTC,0.10124366666666666,0.0,0.00034472,1
1,[],24,[],2019-02-01 19:49:45,0.0,0.000000000000,0,6560528,2019-02-01 19:49:45,btc,0.0,0.0,0.000000000000,btc,0.0,0.0,0.0,1
0.0,[],25,[],2019-02-01 19:49:46,0.0,0,0,6560529,2019-02-01 19:49:46,btc,19.942199997549814,701.85980091,0.0,btc,1524.42832951,8.88,0.0,1
1,[],26,[],2019-02-01 19:51:07,0.0,0,0,6560530,2019-02-01 19:51:07,,0.0,0.0,0,,0.0,0.0,0.0,1
1,[],28,[],2019-02-01 19:51:09,987.9,0.01131000,0.000000392848326,6560531,2019-02-01 19:51:09,btc,0.162839806,17440.65,0.01131000,btc,8.9,0.0,0.024551096,1
0,[],2,[],2019-01-20 23:28:45,0.0,0,0,6477011,2019-01-20 23:28:45,,0.0,0.0,0,,0.0,0.0,0.0,1
1,[],5,[],2019-02-01 19:51:10,1.789e-05,0.00000066,0.000000000022924836,6560532,2019-02-01 19:51:10,btc,0.15270896,0.03001935,0.00000066,btc,7.078e-05,0.0,0.45335065,2
0,[],22,[],2019-02-01 19:51:13,0.0,0,0,6560533,2019-02-01 19:51:13,,0.0,0.0,0,,0.0,0.0,0.0,2
1,[],5,[],2019-02-01 19:51:14,1.42e-06,0.00000017,0.000000000005904882,6560534,2019-02-01 19:51:14,btc,3.84459725,0.31273646,0.00000017,btc,2.267e-05,0.0,3.47024105,3
1,[],12,[],2019-02-01 19:51:15,12225029.09562902,0.000000166,0.0000000000057659436,6560535,2019-02-01 19:51:15,btc,921349.3603136176,0.0,0.000000166,btc,7985651.62710324,0.058032159280173,0.505878332400853,3
0,[],28,[],2019-02-01 19:51:16,0.0,0,0,6560536,2019-02-01 19:51:16,,0.0,0.0,0,,0.0,0.0,0.0,3
0,[],2,[],2019-01-20 23:31:32,0.0,0,0,6477077,2019-01-20 23:31:32,,0.0,0.0,0,,0.0,0.0,0.0,4
1,[],4,[],2019-02-01 19:51:17,400448.98195861,0.00000035,0.00000000001215711,6560537,2019-02-01 19:51:17,btc,0.3988524353667568,0.0,0.00000035,btc,331261.60471303,0.00281198,0.0533696217348703,4
1,[],12,[],2019-02-01 19:51:19,1704129.74422222,0.0000001,0.00000000000347346,6560538,2019-02-01 19:51:19,btc,11014980.058254503,0.0,0.0000001,btc,835746.96308049,0.053183962157945,0.0392667704399998,5
1,[],11,[],2019-02-01 19:51:21,4108955.5,0.00000001,0.00000000000034734600000000004,6560539,2019-02-01 19:51:21,btc,9433.351919680315,392365.0,0.00000001,btc,41630125.45717939,0.0,0.041089555,6
0,[],2,[],2019-01-20 23:31:51,0.0,0,0,6477087,2019-01-20 23:31:51,,0.0,0.0,0,,0.0,0.0,0.0,6
1,[],3,[],2019-02-01 19:51:22,1069.652384675756,0.000150559999999999995050348200464895853656344115734100341796875,0.000000005229641376,6560540,2019-02-01 19:51:22,btc,28.510202753279106,0.0,0.000150559999999999995050348200464895853656344115734100341796875,btc,234.145665820227,0.0,0.030997767816609203,7
1,[],4,[],2019-02-01 19:51:22,28398.70737519,0.00017674,0.0000000061389932040000005,6560541,2019-02-01 19:51:22,btc,2.654720441706331,0.0,0.00017674,btc,13313.79430923,3.43155574,4.469223995919922,7
1,[],5,[],2019-02-01 19:51:23,0.00526828,0.00017033,0.000000005916344418,6560542,2019-02-01 19:51:23,btc,1.11726561,0.30662237,0.00017033,btc,0.01104134,0.0,1.64486999,7
1,[],20,[],2019-02-01 19:51:25,62771509.8802,0.000000001,0.0000000000000347346,6560543,2019-02-01 19:51:25,btc,136.3892062542774,0.0,0.000000001,btc,29825029.7669,0.0,0.0627715098802,8
1,[],1,[],2019-02-01 19:51:26,811907.46,0.000001940000000000000060442102711721901187047478742897510528564453125,0.000000000067385124,6560544,2019-02-01 19:51:26,btc,7.0503491595,20520608.97,0.000001940000000000000060442102711721901187047478742897510528564453125,btc,3553973.38,38.0238391,1.5613776711,9
1,[],4,[],2019-02-01 19:51:26,511428.50349551,0.00000192,0.00000000006669043200000001,6560545,2019-02-01 19:51:26,btc,0.9209247672090115,0.0,0.00000192,btc,465612.03763527,1.03573831,0.8266772698067018,9
1,[],28,[],2019-02-01 19:51:28,34500.0,0.00000165,0.000000000057312090000000005,6560546,2019-02-01 19:51:28,btc,2708.75028702,3521332.0,0.00000165,btc,7642.68,0.0,0.02854,9
0,[],2,[],2019-01-20 23:22:42,0.0,0,0,6476876,2019-01-20 23:22:42,,0.0,0.0,0,,0.0,0.0,0.0,9
0,[],23,[],2019-01-20 23:22:48,0.0,0,0,6476878,2019-01-20 23:22:48,,0.0,0.0,0,,0.0,0.0,0.0,9
1,[],4,[],2019-02-01 19:51:29,7515436.37826053,0.00000002,0.000000000000694692,6560547,2019-02-01 19:51:29,btc,0.2016722631640986,0.0,0.00000002,btc,4035993.99941361,0.0,0.0821381318652106,10
1,[],4,[],2019-02-01 19:43:42,4248071.25926323,0.00000136,0.00000000004721716,6560345,2019-02-01 19:43:42,btc,1.1142954119886987,0.0,0.00000136,btc,780020.50603045,1.41773854,2.4906569536258005,12
1,[],5,[],2019-02-01 19:43:44,1.354e-05,0.00000133,0.000000000046175605,6560346,2019-02-01 19:43:44,btc,0.49750723,0.3885835,0.00000133,btc,0.00011897,0.0,0.24433179,12
0,[],2,[],2019-01-20 23:23:08,0.0,0,0,6476890,2019-01-20 23:23:08,,0.0,0.0,0,,0.0,0.0,0.0,12
0.0,[],25,[],2019-02-01 19:43:45,0.0,0,0,6560347,2019-02-01 19:43:45,,0.0,0.0,0.0,btc,0.0,0.0,0.0,12
1,[],4,[],2019-02-01 19:51:30,321307.88961395,0.00000636,0.00000000022091205600000001,6560548,2019-02-01 19:51:30,btc,0.4745565141241046,0.0,0.00000636,btc,68863.59330444,0.86656261,1.4089410015010602,13
1,[],21,[],2019-02-01 19:51:33,1076987.94255812,0.000006309999999999999725048497462,0.000000000219175326,6560549,2019-02-01 19:51:33,btc,5.966314928982702,469666.47384701,0.0000063099999999999997250484974620210465445779846049845218658447265625,btc,839750.71404282,3.04608182,5.450934697752157,13
1,[],10,[],2019-02-01 19:24:13,561342.31207675,0.00000624,0.000000000217135776,6560226,2019-02-01 19:24:13,btc,666809.5564940079,8486.45854146,0.00000624,btc,726075.64061483,0.0,0.7947561601365045,13
1,[],4,[],2019-02-01 19:51:34,1095673.22114801,0.00000170,0.00000000005904882,6560550,2019-02-01 19:51:34,btc,0.1158940633855199,0.0,0.00000170,btc,51836.8415785,0.08863436,0.3807248451028506,14
1,[],12,[],2019-02-01 19:51:35,86847.42857143,0.00000137000000000000001212029608621545406776931486092507839202880859375,0.000000000047586402000000004,6560551,2019-02-01 19:51:35,btc,1.7848201777191792,0.0,0.00000137000000000000001212029608621545406776931486092507839202880859375,btc,37415.01291797,0.0015616419871328,0.0104774200000016,14
0,[],17,[],2019-02-01 19:51:37,0.0,0,0,6560552,2019-02-01 19:51:37,btc,0.0,0.0,0,btc,0.0,0.0,0.0,14
1,[],26,[],2019-02-01 19:51:37,0.0,0,0,6560553,2019-02-01 19:51:37,,0.0,0.0,0,,0.0,0.0,0.0,14
0,[],4,[],2019-02-01 19:51:38,0.0,0,0,6560554,2019-02-01 19:51:38,,0.0,0.0,0,,0.0,0.0,0.0,15
,[],12,[],2018-12-01 15:15:48,204241.84496,0.00000489,0.000000000202473384,5260204,2018-12-01 15:15:48,btc,49.5475654835,0.0,,btc,35763.2193806,0.0163153972027625,0.0203389899998,15
1,[],4,[],2019-02-01 19:51:39,23643.98347855,0.00001788,0.000000000621054648,6560555,2019-02-01 19:51:39,btc,1.234440200759489,0.0,0.00001788,btc,7810.6012157,0.03612034,0.0562491385590004,18
1,[],10,[],2019-02-01 19:51:41,391838.87922656,0.00001627,0.0000000005651319419999999,6560556,2019-02-01 19:51:41,btc,15.542164898013986,13312.9970901,0.00001627,btc,10246.64660723,0.0,0.2097806767580098,18
1,[],12,[],2019-02-01 19:51:43,200561.37937615998,0.0000176000000000000008976326626441988310034503228962421417236328125,0.00000000061132896,6560557,2019-02-01 19:51:43,btc,0.1841159091874025,0.0,0.0000176000000000000008976326626441988310034503228962421417236328125,btc,1626.89904917,0.0,0.0134171560004541,18
0,[],17,[],2019-02-01 19:51:44,0.0,0,0,6560558,2019-02-01 19:51:44,btc,0.0,0.0,0,btc,0.0,0.0,0.0,18
0,[],2,[],2019-01-20 23:23:38,0.0,0,0,6476906,2019-01-20 23:23:38,,0.0,0.0,0,,0.0,0.0,0.0,18
1,[],3,[],2019-02-01 19:51:45,108630.2152140883,0.00002600999999999999999825660290664330887011601589620113372802734375,0.000000000903446946,6560559,2019-02-01 19:51:45,btc,0.4696805102118361,58.0259966007,0.00002600999999999999999825660290664330887011601589620113372802734375,btc,5275.009832565921,0.0,0.09625628493181745,19
1,[],4,[],2019-02-01 19:51:45,57662.93438419,0.00003201,0.000000001111854546,6560560,2019-02-01 19:51:45,btc,0.4239897834240947,0.0,0.00003201,btc,11863.0373915,0.53712558,0.9800187905688691,19
1,[],5,[],2019-02-01 19:51:46,0.00040703,0.00003155,0.00000000109587663,6560561,2019-02-01 19:51:46,btc,0.31613202,0.00072587,0.00003155,btc,0.00350827,0.0,0.23889636,19
1,[],12,[],2019-02-01 19:51:47,133614.58579882,0.000027039999999999998606982354321104367045336402952671051025390625,0.000000000939223584,6560562,2019-02-01 19:51:47,btc,1.9915751999290223,0.0,0.000027039999999999998606982354321104367045336402952671051025390625,btc,453.27457877,0.0005314985016975,0.0323704600000928,19
0,[],27,[],2019-02-01 19:51:49,0.0,0,0,6560563,2019-02-01 19:51:49,,0.0,0.0,0,btc,0.0,0.0,0.0,19
0,[],2,[],2019-01-20 23:24:19,0.0,0,0,6476924,2019-01-20 23:24:19,,0.0,0.0,0,,0.0,0.0,0.0,19
1,[],4,[],2019-02-01 19:51:50,9014587.35985938,0.00000014,0.000000000004862844,6560564,2019-02-01 19:51:50,btc,0.8119940963808697,0.0,0.00000014,btc,1597393.93239221,0.0,0.3455227171115698,20
1,[],4,[],2019-02-01 19:51:50,118638626.87822224,0.00000002,0.000000000000694692,6560565,2019-02-01 19:51:50,btc,0.6490064295986204,0.0,0.00000002,btc,16574667.94360579,0.01530547,1.382552121774285,21
1,[],12,[],2019-02-01 19:51:52,18802779.0,0.00000002,0.0000000000006946920000000001,6560566,2019-02-01 19:51:52,btc,668.0412868135277,0.0,0.00000002,btc,8451312.66333932,0.0115294895104895,0.2489921,21
0,[],17,[],2019-02-01 19:51:53,0.0,0,0,6560567,2019-02-01 19:51:53,btc,0.0,0.0,0,btc,0.0,0.0,0.0,21
1,[],12,[],2019-02-01 19:51:54,2466851489.531895,0.0000000001,0.0000000000000034734600000000002,6560568,2019-02-01 19:51:54,btc,1729404715475.8154,0.0,0.0000000001,btc,5028253646.497734,0.00955396192127872,0.24668514895318952,23
0,[],27,[],2019-02-01 19:51:56,0.0,0,0,6560569,2019-02-01 19:51:56,,0.424699,0.0,0,eth,424699.0,0.0,0.0,23
0,[],4,[],2019-02-01 19:53:56,0.0,0,0,6560570,2019-02-01 19:53:56,,0.0,0.0,0,,0.0,0.00296848,0.0,24
1,[],22,[],2019-02-01 19:54:00,11.76,0.00000100,0.0000000000347346,6560571,2019-02-01 19:54:00,BTC,7.415e-05,0.0,0.00000100,BTC,23.919354838709676,0.0,1.176e-05,24
0.0,[],25,[],2019-02-01 19:54:02,0.0,0,0,6560572,2019-02-01 19:54:02,,0.0,0.0,0.0,btc,0.0,0.0,0.0,24
1,[],4,[],2019-02-01 19:54:03,27066396.87157096,0.00000636,0.00000000022091205600000001,6560573,2019-02-01 19:54:03,btc,0.2436039657385119,0.0,0.00000636,btc,24431.39879128,0.06882448,0.4239089525026753,26
1,[],10,[],2019-02-01 19:54:05,726237.02956436,0.00000663,0.000000000230290398,6560574,2019-02-01 19:54:05,btc,27.983523816561405,583.1767273,0.00000663,btc,13249.47153674,0.0,0.2094012133969746,26
0,[],2,[],2019-01-20 23:25:56,0.0,0,0,6476976,2019-01-20 23:25:56,,0.0,0.0,0,,0.0,0.0,0.0,26
1,[],3,[],2019-02-01 19:54:05,9509255.98763636,0.00000002,0.0000000000006946920000000001,6560575,2019-02-01 19:54:05,btc,2.280473792751911,716984.217882,0.00000002,btc,15537217.59918527,0.0,0.1148164993642129,27
1,[],5,[],2019-02-01 19:54:07,3e-08,0.00000002,0.000000000000694692,6560576,2019-02-01 19:54:07,btc,1.52013812,0.03327098,0.00000002,btc,4.69e-05,0.0,0.13282842,27
1,[],11,[],2019-02-01 19:54:09,10615374.41182718,0.00000005,0.00000000000173673,6560577,2019-02-01 19:54:09,btc,370.5931920764931,1000.0,0.00000005,btc,8220964.80991447,0.0,0.4936394994767663,27
1,[],4,[],2019-02-01 19:54:11,192167460.66096923,0.00000003,0.0000000000010420380000000001,6560578,2019-02-01 19:54:11,btc,4.0377637781254325,0.0,0.00000003,"btc,ltc",142243573.1935898,0.1949003,2.6453391065529885,29
1,[],7,[],2019-02-01 19:54:12,39517470.3157019,0.00000003,0.000000000001042038,6560579,2019-02-01 19:54:12,btc,44465206.20502026,1115830.03007,0.00000003,btc,40576477.69985822,0.0339749,0.7174839922616735,29
1,[],4,[],2019-02-01 19:54:13,1384658.69083412,0.00000027,0.000000000009378342,6560580,2019-02-01 19:54:13,btc,0.2772918480371489,0.0,0.00000027,btc,568311.6256136,0.03300312,0.0831572640206064,30
0,[],17,[],2019-02-01 19:54:14,0.0,0,0,6560581,2019-02-01 19:54:14,btc,0.0,0.0,0,btc,0.0,0.0,0.0,30
1,[],4,[],2019-02-01 19:54:15,1137024.2979455,0.00007450,0.0000000025877277000000002,6560582,2019-02-01 19:54:15,btc,2.0538979595915254,0.0,0.00007450,btc,23428.27707386,0.92037732,2.5575537781447646,31
1,[],21,[],2019-02-01 19:54:16,49736.1914915,0.00007553000000000000360191043658,0.0000000026235043380000003,6560583,2019-02-01 19:54:16,btc,2.8385994588385817,103680.48694415,0.00007553000000000000360191043657920317855314351618289947509765625,btc,34632.66599901,7.86124822,3.4318759788235895,31
0,[],2,[],2019-01-20 23:28:43,0.0,0,0,6477009,2019-01-20 23:28:43,,0.0,0.0,0,,0.0,0.0,0.0,32
1,[],4,[],2019-02-01 19:44:32,142559415.0295004,0.00000005,0.000000000001735925,6560384,2019-02-01 19:44:32,btc,3.061042648952033,0.0,0.00000005,"btc,ltc",48741760.54136946,0.42562457,2.0489545666169864,33
1,[],12,[],2019-02-01 19:44:33,19613917.0,0.00000006,0.00000000000208311,6560385,2019-02-01 19:44:33,btc,17261782.11792462,0.0,0.00000006,btc,87957405.0689309,0.0297420236363639,0.74923451,33
1,[],4,[],2019-02-01 19:54:17,109179547.47515793,0.00000001,0.000000000000347346,6560584,2019-02-01 19:54:17,btc,0.7487347251646508,0.0,0.00000001,btc,24961843.80548836,0.07641994,1.0917954747515792,34
1,[],5,[],2019-02-01 19:54:18,3e-08,0.00000002,0.000000000000694692,6560585,2019-02-01 19:54:18,btc,3.96122741,0.07961898,0.00000002,btc,1.394e-05,0.0,0.78205164,34
0.0000000000950166,[],4,[],2019-02-01 19:54:20,1620255615.9782064,3.800664e-18,1.3201454377440002e-22,6560586,2019-02-01 19:54:20,ltc,8.14952667880846e-09,0.0,0.00000004,ltc,1654859770.981073,0.0,2.8406864623435677e-09,36
1,[],5,[],2019-02-01 19:54:21,0.0,0,0,6560587,2019-02-01 19:54:21,btc,203.09561006,0.0,0,btc,1.295e-05,0.0,0.0,36
0,[],17,[],2019-02-01 19:54:22,0.0,0,0,6560588,2019-02-01 19:54:22,btc,0.08200904469603211,0.0,0,btc,4841707.91583647,0.0,0.0,36
0.0000000000950166,[],27,[],2019-02-01 19:54:25,2000000.0,1.900332e-18,6.600727188720001e-23,6560589,2019-02-01 19:54:25,ltc,447.7310973004,0.0,0.00000002,"ltc,eth",3711879.16,0.0,2.850498e-12,36
1,[],4,[],2019-02-01 19:54:27,490727.77499868,0.00000158,0.000000000054880668,6560590,2019-02-01 19:54:27,btc,0.3641035837936811,0.0,0.00000158,btc,188745.33585838,0.09407444,0.4802866344568105,37
1,[],12,[],2019-02-01 19:54:29,507793.36064188,0.00000154000000000000007854285798136739771280190325342118740081787109375,0.000000000053491284000000005,6560591,2019-02-01 19:54:29,btc,1337.5412374126013,0.0,0.00000154000000000000007854285798136739771280190325342118740081787109375,btc,688702.11659524,0.265334245124954,0.4302621563532209,37
1,[],17,[],2019-02-01 19:54:30,1752.74075282,0.00000025,0.00000000000868365,6560592,2019-02-01 19:54:30,btc,0.05548731396380193,0.0,0.00000025,btc,1388.79251806,0.0,0.00043818518820499993,37
1,[],27,[],2019-02-01 19:54:32,16843.0,0.00000046,0.000000000015977916,6560593,2019-02-01 19:54:32,btc,24.45584702489649,0.0,0.00000046,btc,5279.81438508,0.0,0.00561124,37
1,[],5,[],2019-02-01 19:54:34,1.191e-05,0.00000087,0.000000000030219102,6560594,2019-02-01 19:54:34,btc,0.10865704,0.04403464,0.00000087,btc,0.00010587,0.0,0.04545082,42
1,[],12,[],2019-02-01 19:54:34,153892.69221338,0.0000011500000000000000008998878031629686802261858247220516204833984375,0.00000000003994479,6560595,2019-02-01 19:54:34,btc,85.09620737495419,0.0,0.0000011500000000000000008998878031629686802261858247220516204833984375,btc,56498.79149325,0.0598660762084144,0.054708405999996296,42
0,[],27,[],2019-02-01 19:54:36,0.0,0,0,6560596,2019-02-01 19:54:36,,0.00315028,0.0,0,"btc,eth",11.007,0.0,0.0,42
1,[],5,[],2019-02-01 19:44:53,6e-08,0.00000003,0.000000000001041555,6560399,2019-02-01 19:44:53,btc,6.10271066,0.0,0.00000003,btc,1.425e-05,0.0,0.53368313,43
1,[],12,[],2019-02-01 19:44:54,6545118.0,0.00000002,0.00000000000069437,6560400,2019-02-01 19:44:54,btc,20007456.464662522,0.0,0.00000002,btc,38831663.74765234,0.0,0.06548279,43
0,[],17,[],2019-02-01 19:44:55,0.0,0,0,6560401,2019-02-01 19:44:55,btc,0.0,0.0,0,btc,0.0,0.0,0.0,43
1,[],12,[],2019-02-01 19:54:38,908726.0,0.00000009,0.000000000003126114,6560597,2019-02-01 19:54:38,btc,11115205.98808344,0.0,0.00000009,btc,987402.49750248,0.021238689680326,0.02880263,44
1,[],4,[],2019-02-01 19:54:39,261238740.3031924,0.00000003,0.0000000000010420380000000001,6560598,2019-02-01 19:54:39,btc,0.1815938248206985,0.0,0.00000003,"btc,ltc",3731798.20244636,0.00555552,0.5486446155646868,49
0.0000000000950166,[],4,[],2019-02-01 19:54:39,4498766543.761704,1.900332e-18,6.600727188720001e-23,6560599,2019-02-01 19:54:39,ltc,4.994394634746932,0.0,0.00000002,ltc,2176774445.767643,0.0,4.386928215739112e-09,52
0,[],22,[],2019-02-01 19:54:42,0.0,0,0,6560600,2019-02-01 19:54:42,,3693.709799,0.0,0,,259802666.90882352,0.0,0.0,57
0,[],27,[],2019-02-01 19:54:44,0.0,0,0,6560601,2019-02-01 19:54:44,,0.0,0.0,0,"btc,eth",0.0,0.0,0.0,57
0.0000000000950166,[],4,[],2019-02-01 19:54:44,1342360441.3789012,5.700996e-18,1.9802181566160002e-22,6560602,2019-02-01 19:54:44,ltc,3.3101653416490304,0.0,0.00000006,ltc,1030119123.114723,0.00062181,6.136522076098707e-09,58
1,[],12,[],2019-02-01 19:54:45,2286325409.282997,0.0000000006,0.00000000000002084076,6560603,2019-02-01 19:54:45,btc,685179811991.9009,0.0,0.0000000006,btc,3198407869.33976,0.03701162277062938,0.8826262905645632,58
0.0000000001243325,[],22,[],2019-02-01 19:56:49,137438.0,1.243325e-18,4.3186396545e-23,6560604,2019-02-01 19:56:49,XMR,69.8835922,0.0,0.00000001,XMR,9887963.0,0.0,0.00137438,58
0,[],17,[],2019-02-01 19:45:06,0.0,0,0,6560409,2019-02-01 19:45:06,btc,1e+24,0.0,0,btc,41616695.95832568,0.0,0.0,58
1,[],5,[],2019-02-01 19:56:50,6.94e-06,0.00000060,0.000000000020840760000000002,6560605,2019-02-01 19:56:50,btc,0.4590668,0.01050979,0.00000060,btc,0.00013158,0.0,0.09143303,61
1,[],22,[],2019-02-01 19:57:05,5111.5,0.00000011,0.000000000003820806,6560606,2019-02-01 19:57:05,BTC,1002.29606732,0.0,0.00000011,BTC,15028.700278135757,0.0,0.00051178,61
1,[],26,[],2019-02-01 19:57:05,0.0,0,0,6560607,2019-02-01 19:57:05,,0.0,0.0,0,,0.0,0.0,0.0,61
0,[],27,[],2019-02-01 19:57:07,0.0,0,0,6560608,2019-02-01 19:57:07,,0.1550356,0.0,0,"btc,eth",155.72848,0.0,0.0,61
1,[],28,[],2019-02-01 19:57:12,6898.304,0.00000130,0.00000000004515498,6560609,2019-02-01 19:57:12,btc,2.064424118300105,809.0,0.00000130,btc,11198.17500005,0.0,0.00218011304,61
1,[],4,[],2019-02-01 19:45:20,1268083.20064172,0.00000169,0.000000000058674265,6560416,2019-02-01 19:45:20,btc,0.66430592151547,0.0,0.00000169,btc,245488.24466132,0.12834085,0.8979502937427283,67
0.0,[],25,[],2019-02-01 19:45:21,0.0,0,0,6560417,2019-02-01 19:45:21,,0.0,0.0,0.0,btc,0.0,0.0,0.0,67
1,[],12,[],2019-02-01 19:57:13,3100819.68300001,0.0000001,0.00000000000347346,6560610,2019-02-01 19:57:13,btc,16893709.22570856,0.0,0.0000001,btc,2195069.49110886,0.000480200139861,0.0850049328411122,71
,[],5,[],2018-11-20 23:02:39,1.5e-07,0.00000005,0.000000000002128045,4862160,2018-11-20 23:02:39,btc,2.84511358,0.0,,btc,0.00036572,0.0,0.07381892,74
1,[],5,[],2019-01-25 15:53:51,3.303e-05,0.00000156,0.000000000055588884,6499610,2019-01-25 15:53:51,btc,1.42844212,0.0,0.00000156,btc,0.00015937,0.0,0.49487621,75
1,[],4,[],2019-02-01 19:57:15,70986551.36292337,0.00000001,0.000000000000347346,6560611,2019-02-01 19:57:15,btc,0.8204662712247847,0.0,0.00000001,btc,15308970.37745218,0.00299418,0.7098655136292337,81
0,[],20,[],2019-01-25 09:30:31,0.0,0,0,6495923,2019-01-25 09:30:31,btc,0.0,0.0,0,btc,0.0,0.0,0.0,81
1,[],4,[],2019-02-01 19:57:17,23749.76628742,0.00007500,0.000000002605095,6560612,2019-02-01 19:57:17,btc,0.9294658552919552,0.0,0.00007500,btc,8526.51961054,0.00288535,0.0869574747184711,82
1,[],21,[],2019-02-01 19:57:17,87914.05429781,0.00007524999999999999950647117108,0.00000000261377865,6560613,2019-02-01 19:57:17,btc,3.668589837410166,2124.23748545,0.000075249999999999999506471171084598381639807485044002532958984375,btc,41750.2566364,0.16198032,4.5670000110515225,82
0,[],17,[],2019-02-01 19:57:19,0.0,0,0,6560614,2019-02-01 19:57:19,btc,0.0447233088476774,0.0,0,btc,999127.19588126,0.0,0.0,84
0.0000000000950166,[],4,[],2019-02-01 19:57:20,179939084.3644931,1.3302324000000001e-17,4.620509032104001e-22,6560615,2019-02-01 19:57:20,ltc,0.197541824896943,0.0,0.00000014,ltc,69910341.09266268,0.0,1.2678789661873671e-09,85
,[],22,[],2018-11-20 23:09:34,3408.1,0.0000001,0.0000000000041895,4862324,2018-11-20 23:09:34,BTC,0.04624735,0.0,,BTC,4990.0,0.0,0.00033081,86
0,[],22,[],2019-02-01 19:57:22,0.0,0,0,6560616,2019-02-01 19:57:22,,2.07810912,0.0,0,,154826.94736842104,0.0,0.0,87
0,[],27,[],2019-02-01 19:57:24,0.0,0,0,6560617,2019-02-01 19:57:24,,0.0,0.0,0,btc,0.0,0.0,0.0,87
,[],2,[],2018-11-20 23:10:47,0.0,0,0,4862359,2018-11-20 23:10:47,,0.0,0.0,,,0.0,0.0,0.0,88
1,[],11,[],2019-02-01 19:57:26,106310.25496656,0.0001865799999999999923827598280468009761534631252288818359375,0.000000006480781668,6560618,2019-02-01 19:57:26,btc,235.66732906581902,409.9,0.0001865799999999999923827598280468009761534631252288818359375,btc,185021.39558278,0.0,8.235723092903614,89
0,[],2,[],2019-01-20 23:31:45,0.0,0,0,6477083,2019-01-20 23:31:45,,0.0,0.0,0,,0.0,0.0,0.0,91
1,[],12,[],2019-02-01 19:57:27,516440.24512856,0.0000031800000000000000466814087385358789106248877942562103271484375,0.00000000011045602800000001,6560619,2019-02-01 19:57:27,btc,4.609446327341522,0.0,0.0000031800000000000000466814087385358789106248877942562103271484375,btc,24269.49415164,0.0279041026096674,0.1468907239835638,91
0,[],17,[],2019-02-01 19:57:29,0.0,0,0,6560620,2019-02-01 19:57:29,btc,0.0,0.0,0,btc,0.0,0.0,0.0,91
0.0000000000950166,[],22,[],2019-02-01 19:57:32,27704795.57142857,6.6511620000000005e-18,2.3102545160520004e-22,6560621,2019-02-01 19:57:32,LTC,8.48382787,0.0,0.00000007,LTC,73749658.1,3.94997308524e-13,1.42417449,95
0.0000000000950166,[],4,[],2019-02-01 19:57:33,132648333.55904996,9.7867098e-17,3.3993745021908006e-21,6560622,2019-02-01 19:57:33,ltc,1.3655568838698535,0.0,0.00000103,ltc,68392725.05868109,0.00135613,6.947090884647059e-10,96
1,[],12,[],2019-02-01 19:57:34,334134.0,0.00000001,0.00000000000034734600000000004,6560623,2019-02-01 19:57:34,btc,255063.39983932563,0.0,0.00000001,btc,7838364.33297676,0.00877774,0.00334134,96
0,[],17,[],2019-02-01 19:57:36,0.0,0,0,6560624,2019-02-01 19:57:36,btc,0.0,0.0,0,btc,0.0,0.0,0.0,96
1,[],4,[],2019-01-28 01:29:03,1472892.19429314,0.00000039,0.000000000013841295,6517118,2019-01-28 01:29:03,btc,0.30363706505258,0.0,0.00000039,btc,473598.41813208,0.02260545,0.1322524391209234,99
1,[],4,[],2019-02-01 19:57:36,69613.04162214,0.00004848,0.000000001683933408,6560625,2019-02-01 19:57:36,btc,0.9426656357149411,0.0,0.00004848,btc,15860.33109946,4.30064502,2.657128529833027,100
0,[],2,[],2019-01-20 23:23:55,0.0,0,0,6476914,2019-01-20 23:23:55,,0.0,0.0,0,,0.0,0.0,0.0,100
1,[],22,[],2019-02-01 19:45:56,50000.0,0.00000001,0.000000000000347185,6560434,2019-02-01 19:45:56,BTC,23.50383609,0.0,0.00000001,BTC,11277.22,0.0,0.0005,101
1,[],4,[],2019-02-01 19:57:37,97965.13289166,0.00000086,0.000000000029871756,6560626,2019-02-01 19:57:37,btc,0.3973214616634098,0.0,0.00000086,btc,148081.15082468,0.00961657,0.0494581536090844,103
1,[],12,[],2019-02-01 19:57:40,78964940.968,0.000000016,0.0000000000005557536000000001,6560627,2019-02-01 19:57:40,btc,9138279304.284262,0.0,0.000000016,btc,150414093.3397627,0.15716033573068347,0.498408395512,105
1,[],27,[],2019-02-01 19:57:42,26305.89,0.00000002,0.000000000000694692,6560628,2019-02-01 19:57:42,btc,0.6918890613760939,0.0,0.00000002,btc,652681.93781977,0.0,0.0002632889,105
0,[],22,[],2019-02-01 19:57:44,0.0,0,0,6560629,2019-02-01 19:57:44,,1.07253299,0.0,0,,94300.0,0.0,0.0,107
1,[],26,[],2019-02-01 19:57:45,0.0,0,0,6560630,2019-02-01 19:57:45,,0.0,0.0,0,,0.0,0.0,0.0,107
1,[],5,[],2019-02-01 19:57:46,1e-08,0.00000001,0.000000000000347346,6560631,2019-02-01 19:57:46,btc,3.16568525,0.0969307,0.00000001,btc,1.512e-05,0.0,0.06639291,112
1,[],22,[],2019-02-01 19:57:49,1966.0,0.00000001,0.000000000000347346,6560632,2019-02-01 19:57:49,BTC,2.84243449,0.0,0.00000001,BTC,977103.5833333334,0.0,1.966e-05,112
0.00000000030775,[],27,[],2019-02-01 19:57:51,500000.0,3.0775e-18,1.068957315e-22,6560633,2019-02-01 19:57:51,eth,1.25356065,0.0,0.00000001,"btc,eth",1328.0,0.0,1.53875e-12,112
1,[],4,[],2019-02-01 19:57:52,475585.58844291,0.00000394,0.000000000136854324,6560634,2019-02-01 19:57:52,btc,0.5404090665438362,0.0,0.00000394,btc,95547.5507855,0.1362872,0.2768934382721401,113
1,[],5,[],2019-02-01 19:57:53,2.707e-05,0.00000366,0.000000000127128636,6560635,2019-02-01 19:57:53,btc,2.11178282,0.0021892,0.00000366,btc,0.00275666,0.0,0.2020857,113
1,[],17,[],2019-02-01 19:57:55,212548.72400000002,0.00000004,0.0000000000013893840000000002,6560636,2019-02-01 19:57:55,btc,1.3368030274028613,0.00083281104,0.00000004,btc,51896.221,0.0,0.00460194896,116
0,[],27,[],2019-02-01 19:57:57,0.0,0,0,6560637,2019-02-01 19:57:57,,0.0,0.0,0,btc,0.0,0.0,0.0,116
1,[],4,[],2019-02-01 19:57:57,16629.99179063,0.00001851,0.000000000642937446,6560638,2019-02-01 19:57:57,btc,0.0822884041903893,0.0,0.00001851,btc,3753.38159669,0.08881039,0.2459453871961472,120
1,[],7,[],2019-02-01 19:57:58,2171.6909783,0.00001805000000000000167136270101675421528852893970906734466552734375,0.00000000062695953,6560639,2019-02-01 19:57:58,btc,90.07841026176355,1.46021706,0.00001805000000000000167136270101675421528852893970906734466552734375,btc,22384.75278941,2.636e-05,0.0208300696194752,120
1,[],20,[],2019-02-01 19:58:00,1607251.0096,0.000000013,0.0000000000004515498,6560640,2019-02-01 19:58:00,btc,33.7489478021123,0.0,0.000000013,btc,1074645.1507,0.0,0.0088351098642,125
1,[],22,[],2019-02-01 19:58:04,3053.0,0.00000001,0.000000000000347346,6560641,2019-02-01 19:58:04,BTC,0.01444889,0.0,0.00000001,BTC,296264.5111111111,0.0,3.053e-05,126
1,[],4,[],2019-02-01 19:58:05,100125.92958058,0.00001495,0.00000000051928227,6560642,2019-02-01 19:58:05,btc,0.5827310953725192,0.0,0.00001495,btc,29825.71451487,0.34795753,0.7107067758023211,131
0,[],17,[],2019-02-01 19:58:07,0.0,0,0,6560643,2019-02-01 19:58:07,btc,0.0008451375975800001,0.0,0,btc,30.89614684,0.0,0.0,131
0,[],2,[],2019-01-20 23:25:46,0.0,0,0,6476969,2019-01-20 23:25:46,,0.0,0.0,0,,0.0,0.0,0.0,131
1,[],4,[],2019-02-01 19:58:07,4614.57700292,0.00016003,0.0000000055585780380000005,6560644,2019-02-01 19:58:07,btc,1.6404547638994442,0.0,0.00016003,btc,302.35845559,0.00040005,0.0118639733699494,135
1,[],3,[],2019-02-01 19:58:08,1854356.22518509,0.00000008,0.0000000000027787680000000003,6560645,2019-02-01 19:58:08,btc,0.1685557201148478,7379.06111112,0.00000008,btc,399446.27963658,0.0,0.066505707337035,136
1,[],4,[],2019-02-01 19:58:10,95904.54389571,0.00000208,0.000000000072247968,6560646,2019-02-01 19:58:10,btc,0.4558015659502086,0.0,0.00000208,btc,171494.86612727,0.18917125,0.1345316839049163,137
1,[],12,[],2019-02-01 19:58:11,306939.75216043,0.000002120000000000000031120939159023919273749925196170806884765625,0.000000000073637352,6560647,2019-02-01 19:58:11,btc,11982.846300211839,0.0,0.000002120000000000000031120939159023919273749925196170806884765625,btc,125343.53903814,0.1546345880975141,0.048235190034656004,137
1,[],5,[],2019-02-01 19:58:12,0.00118207,0.00004000,0.000000001389384,6560648,2019-02-01 19:58:12,btc,7.63384727,3.74781721,0.00004000,btc,0.00627071,0.0,1.70818525,142
1,[],17,[],2019-02-01 19:58:14,12500.0,0.0000001,0.00000000000347346,6560649,2019-02-01 19:58:14,btc,20.260986025842815,0.0,0.0000001,btc,5932.0,0.0,0.00125,142
1,[],20,[],2019-02-01 19:58:15,149901.2692,0.000035092,0.0000000012189065832,6560650,2019-02-01 19:58:15,btc,2.8042903962253,5.0,0.000035092,btc,12101.5227,0.000206695,0.2554763798978,142
1,[],22,[],2019-02-01 19:58:19,990.0,0.00001880,0.00000000065301048,6560651,2019-02-01 19:58:19,BTC,3.00453575,0.0,0.00001880,BTC,900.098,0.0,0.00022106,142
0.0,[],25,[],2019-02-01 19:58:20,0.0,0,0,6560652,2019-02-01 19:58:20,,0.0,0.0,0.0,btc,0.0,0.0,0.0,142
1,[],28,[],2019-02-01 19:58:23,78610.0,0.00002500,0.000000000868365,6560653,2019-02-01 19:58:23,btc,0.03619767585,1053.0,0.00002500,btc,722.8325,0.0,0.0293237,142
0,[],22,[],2019-01-28 18:33:43,0.0,0,0,6521842,2019-01-28 18:33:43,,61.27958297,0.0,0,,815366265.8,0.0,0.0,143
1,[],21,[],2019-02-01 19:58:24,32959950.72788775,0.00000027,0.000000000009378342,6560654,2019-02-01 19:58:24,btc,51.56931517286553,3484226.81037245,0.00000027,btc,88820433.71397589,0.95815049,4.9454366777085195,145
0,[],22,[],2019-02-01 19:58:26,0.0,0,0,6560655,2019-02-01 19:58:26,,4.55410384,0.0,0,,1496760.5,0.0,0.0,146
,[],22,[],2018-11-20 23:01:11,0.0,0,0,4862114,2018-11-20 23:01:11,,2.56807021,0.0,,,61828.4988236,0.0,0.0,147
1,[],12,[],2019-02-01 19:19:08,8691356.9772126,0.00000319999999999999985519395784283602779396460391581058502197265625,0.00000000011117152,6560139,2019-02-01 19:19:08,btc,16.566477682925782,0.0,0.00000319999999999999985519395784283602779396460391581058502197265625,btc,112360.71991547,0.0023325412164879,0.1243715899999952,148
1,[],4,[],2019-02-01 19:58:27,209342.6407835,0.00000027,0.000000000009378342,6560656,2019-02-01 19:58:27,btc,0.6883241417512619,0.0,0.00000027,btc,503150.08636268,0.00026329,0.0421574567042101,152
0,[],22,[],2019-02-01 19:58:30,0.0,0,0,6560657,2019-02-01 19:58:30,,0.0,0.0,0,,0.0,0.0,0.0,152
1,[],5,[],2019-02-01 19:58:31,0.0,0,0,6560658,2019-02-01 19:58:31,btc,4.41264381,0.0,0,btc,0.00161275,0.0,0.0,153
,[],16,[],2019-01-11 15:38:59,0.0,0,0,6366141,2019-01-11 15:38:59,btc,0.0,0.0,,btc,0.0,0.0,0.0,155
0,[],23,[],2019-01-20 23:24:29,0.0,0,0,6476932,2019-01-20 23:24:29,,0.0,0.0,0,,0.0,0.0,0.0,156
0,[],22,[],2019-02-01 19:58:35,0.0,0,0,6560659,2019-02-01 19:58:35,,6.73310957,0.0,0,,4562882.742592593,0.0,0.0,156
1,[],22,[],2019-02-01 19:58:38,7906.0,0.00000801,0.000000000278224146,6560660,2019-02-01 19:58:38,BTC,43.78801181,0.0,0.00000801,BTC,1067.5805334758436,0.0,0.00743836,157
0,[],22,[],2019-02-01 19:58:41,0.0,0,0,6560661,2019-02-01 19:58:41,,50175.6753658,0.0,0,,54007107.04179466,0.0,0.0,158
,[],17,[],2018-11-20 22:56:10,0.0,0,0,4861976,2018-11-20 22:56:10,btc,1.1265625,0.0,,btc,1000.0,0.0,0.0,159
,[],20,[],2018-11-20 22:56:12,0.0,0,0,4861977,2018-11-20 22:56:12,btc,11912.7940471,0.0,,btc,34413894.3617,0.0,0.0,159
1,[],12,[],2019-02-01 19:58:42,189381.20269327,0.000008019999999999999446497443711390218368251225911080837249755859375,0.000000000278571492,6560662,2019-02-01 19:58:42,btc,6.688848411376554,0.0,0.000008019999999999999446497443711390218368251225911080837249755859375,btc,14902.586489,0.0046763775,0.0894371218000254,168
1,[],17,[],2019-02-01 19:58:43,29784.95,0.000001,0.0000000000347346,6560663,2019-02-01 19:58:43,btc,0.0353989844335,0.0,0.000001,btc,196.82520268,0.0,0.00716147,168
0,[],22,[],2019-02-01 19:47:13,0.0,0,0,6560473,2019-02-01 19:47:13,,1.13380276,0.0,0,,689102.5537281231,0.0,0.0,169
1,[],22,[],2019-02-01 19:58:47,74718.8,0.0000004,0.00000000001389384,6560664,2019-02-01 19:58:47,BTC,10.27826521,0.0,0.0000004,BTC,82350.17254258478,0.00553674,0.01342354,171
1,[],22,[],2019-02-01 19:58:50,158599.0,0.0000001,0.00000000000347346,6560665,2019-02-01 19:58:50,BTC,2.61906129,0.0,0.0000001,BTC,242507.56065318,0.00261706,0.00769999,173
1,[],5,[],2019-02-01 19:58:53,4.4e-05,0.00000390,0.00000000013546494,6560666,2019-02-01 19:58:53,btc,0.42351833,0.0089564,0.00000390,btc,0.00034345,0.0,0.69827272,175
1,[],22,[],2019-02-01 19:58:56,147101.25714285715,0.00000039,0.000000000013546494,6560667,2019-02-01 19:58:56,BTC,0.6250375,0.0,0.00000039,BTC,161012.17417750834,0.00517251,0.01684037,176
1,[],7,[],2019-02-01 19:58:58,0.0,0,0,6560668,2019-02-01 19:58:58,btc,10965.659150693702,1118.88111887,0,btc,122977465.68292761,1.119e-05,0.0,178
0,[],22,[],2019-02-01 19:59:00,0.0,0,0,6560669,2019-02-01 19:59:00,,1.00242428,0.0,0,,57512.0,0.0,0.0,178
0,[],2,[],2019-01-20 23:28:34,0.0,0,0,6477001,2019-01-20 23:28:34,,0.0,0.0,0,,0.0,0.0,0.0,178
0,[],23,[],2019-01-20 23:25:08,0.0,0,0,6476952,2019-01-20 23:25:08,,0.0,0.0,0,,0.0,0.0,0.0,179
1,[],5,[],2019-02-01 19:59:03,3e-08,0.00000002,0.000000000000694692,6560670,2019-02-01 19:59:03,btc,17.24133474,0.22316515,0.00000002,btc,2.088e-05,0.0,1.26745453,179
1,[],22,[],2019-02-01 19:59:07,7842183.0,0.00000003,0.0000000000010420380000000001,6560671,2019-02-01 19:59:07,BTC,5.47629698,0.0,0.00000003,"BTC,LTC",17032733.401989967,0.000378,0.38978517,179
1,[],17,[],2019-02-01 19:59:08,10504.725,0.0000001,0.00000000000347346,6560672,2019-02-01 19:59:08,btc,5.206877489877109,0.0,0.0000001,btc,7465.6174587,0.0,0.0010504725,180
1,[],22,[],2019-02-01 19:59:13,8515.4,0.0000001,0.00000000000347346,6560673,2019-02-01 19:59:13,BTC,0.09633436,0.0,0.0000001,"BTC,LTC",16823.80336569223,0.0,0.00085154,180
1,[],26,[],2019-02-01 19:59:13,0.0,0,0,6560674,2019-02-01 19:59:13,,0.0,0.0,0,,0.0,0.0,0.0,180
,[],7,[],2018-11-20 22:58:01,562227.975654,0.00000085,0.000000000036176765,4862015,2018-11-20 22:58:01,btc,21836.6059674,2491.87645172,,btc,749999.041456,0.00211021,0.127565380455,183
,[],5,[],2019-01-10 08:11:41,0.0,0,0,6347036,2019-01-10 08:11:41,btc,82.15055501,0.00261,,btc,1.19002445,0.0,0.0,187
1,[],24,[],2019-02-01 19:59:13,0.0,0.000000000001,3.4734600000000003e-17,6560675,2019-02-01 19:59:13,btc,0.0,0.0,0.000000000001,btc,0.0,0.0,0.0,187
,[],17,[],2018-11-16 20:58:10,4062536.27273,0.00000001,0.000000000000550501,4708775,2018-11-16 20:58:10,btc,3.36492563466,0.195460381006,,"btc,eth",110697919.549,0.0,0.0157628953496,187
0,[],22,[],2019-02-01 19:59:16,0.0,0,0,6560676,2019-02-01 19:59:16,,1.19382741,0.0,0,,13380.036201072173,0.0,0.0,191
0,[],22,[],2019-01-29 02:57:02,0.0,0,0,6524994,2019-01-29 02:57:02,,0.0,0.0,0,,0.0,0.0,0.0,197
0,[],23,[],2019-01-20 23:31:41,0.0,0,0,6477079,2019-01-20 23:31:41,,0.0,0.0,0,,0.0,0.0,0.0,199
1,[],26,[],2019-02-01 19:59:16,0.0,0,0,6560677,2019-02-01 19:59:16,,0.0,0.0,0,,0.0,0.0,0.0,199
0,[],17,[],2019-01-30 16:32:01,0.0,0,0,6540827,2019-01-30 16:32:01,btc,6.802544163788159,0.0,0,btc,105897.55575295,0.0,0.0,200
0,[],2,[],2019-01-20 23:30:49,0.0,0,0,6477059,2019-01-20 23:30:49,,0.0,0.0,0,,0.0,0.0,0.0,201
1,[],4,[],2019-01-25 15:51:35,2084389.58565343,0.00000936,0.000000000333526752,6499557,2019-01-25 15:51:35,btc,2.0092503037378524,0.0,0.00000936,btc,160195.80207885,0.19272417,1.242687955921835,211
1,[],7,[],2019-02-01 19:59:19,22552720.017631378,0.0000013299999999999999715787242504649867669286322779953479766845703125,0.000000000046197018000000003,6560678,2019-02-01 19:59:19,btc,16567794.730529737,1453016.0671,0.0000013299999999999999715787242504649867669286322779953479766845703125,btc,12773813.82789138,0.0,7.752709671190932,212
1,[],12,[],2019-01-25 02:44:32,207462.42853209,0.000001080000000000000035831255497387193287295303889550268650054931640625,0.000000000038610756000000006,6493050,2019-01-25 02:44:32,btc,85023.03793723314,0.0,0.000001080000000000000035831255497387193287295303889550268650054931640625,btc,43675.73520027,0.000146250909087,0.0348620860622024,213
1,[],5,[],2019-02-01 19:47:49,5.19e-06,0.00000035,0.000000000012151475,6560489,2019-02-01 19:47:49,btc,1.015032,0.22019536,0.00000035,btc,3.204e-05,0.0,0.2834106,213
1,[],24,[],2019-02-01 19:47:49,0.0,0.000000050000,0.000000000001735925,6560490,2019-02-01 19:47:49,btc,0.0,0.0,0.000000050000,btc,0.0,0.0,0.0,213
1,[],26,[],2019-02-01 19:47:49,0.0,0,0,6560491,2019-02-01 19:47:49,,0.0,0.0,0,,0.0,0.0,0.0,213
1,[],22,[],2019-02-01 19:59:23,276400.0,0.00000002,0.000000000000694692,6560679,2019-02-01 19:59:23,BTC,70.20243801,0.0,0.00000002,BTC,241693.63137942314,0.00024,0.004714,216
1,[],27,[],2019-02-01 19:59:25,5094545.0,0.0000001,0.00000000000347346,6560680,2019-02-01 19:59:25,btc,313.97459420316,0.0,0.0000001,"btc,ltc",267019.13411,0.0,0.0537135,216
1,[],22,[],2019-02-01 19:59:28,328988.5301038225,0.00000277,0.000000000096214842,6560681,2019-02-01 19:59:28,BTC,12677.72883777,0.0,0.00000277,BTC,437722.452992478,0.02872576,0.52904073,217
1,[],7,[],2019-02-01 19:59:29,0.0,0,0,6560682,2019-02-01 19:59:29,btc,302.57931663911063,0.0,0,btc,134740320.6214003,0.0,0.0,219
0,[],27,[],2019-02-01 19:59:30,0.0,0,0,6560683,2019-02-01 19:59:30,,0.0741038339680918,0.0,0,btc,1542429.2070951,0.0,0.0,219
0.0000000000000055,[],28,[],2019-02-01 19:59:32,205345375.686,5.5055000000000005e-18,1.9123134030000003e-22,6560684,2019-02-01 19:59:32,doge,88554.0318717675,14371.0,0.00100100,"btc,doge",4969437.84751,0.0,3.0080312654889425e-11,219
1,[],22,[],2019-02-01 19:59:36,203501.0,0.00000055,0.00000000001910403,6560685,2019-02-01 19:59:36,BTC,2.39211741,0.0,0.00000055,BTC,33805.55212317522,0.0,0.02055738,221
1,[],24,[],2019-02-01 19:59:36,0.0,0.000000100000,0.00000000000347346,6560686,2019-02-01 19:59:36,btc,0.0,435.83775,0.000000100000,btc,0.0,0.00021792,0.0,221
1,[],26,[],2019-02-01 19:59:36,0.0,0,0,6560687,2019-02-01 19:59:36,,0.0,0.0,0,,0.0,0.0,0.0,231
1,[],26,[],2019-02-01 19:48:22,0.0,0,0,6560501,2019-02-01 19:48:22,,0.0,0.0,0,,0.0,0.0,0.0,234
0,[],27,[],2019-02-01 19:48:26,0.0,0,0,6560502,2019-02-01 19:48:26,,0.0113483662182,0.0,0,"btc,eth",11462.99618,0.0,0.0,234
0.0000000000950166,[],22,[],2019-02-01 19:59:40,8720000.0,9.50166e-19,3.3003635943600005e-23,6560688,2019-02-01 19:59:40,LTC,3.57314439,0.0,0.00000001,LTC,94891979.68217893,4.8835833928560005e-12,0.0872,235
1,[],4,[],2019-02-01 19:59:41,722689.80583462,0.00000073,0.000000000025356258000000002,6560689,2019-02-01 19:59:41,btc,0.1554863785393807,0.0,0.00000073,btc,135221.25623806,0.04131062,0.1558712015583069,236
1,[],24,[],2019-02-01 19:59:41,0.0,0.000000010000,0.000000000000347346,6560690,2019-02-01 19:59:41,btc,0.0,0.0,0.000000010000,btc,0.0,0.0,0.0,236
1,[],20,[],2019-02-01 19:59:43,12102508.9958,0.00000006,0.0000000000020840760000000003,6560691,2019-02-01 19:59:43,btc,14.4699676005006,27103557.6206,0.00000006,btc,26337411.1839,1.7544513783201,0.3543051721232,237
1,[],22,[],2019-02-01 19:59:46,10000.0,0.00000001,0.000000000000347346,6560692,2019-02-01 19:59:46,BTC,0.04144357,0.0,0.00000001,BTC,10254.2,0.0,0.0001,237
1,[],4,[],2019-02-01 19:48:37,3665351.31973574,0.00000033,0.000000000011457105,6560508,2019-02-01 19:48:37,btc,0.4003161024570579,0.0,0.00000033,btc,1115629.62195501,0.2664072,1.10117587899412,238
1,[],5,[],2019-02-01 19:48:38,4.29e-06,0.00000033,0.000000000011457105,6560509,2019-02-01 19:48:38,btc,0.78864213,0.00065749,0.00000033,btc,2.957e-05,0.0,0.37224806,238
1,[],22,[],2019-02-01 19:59:50,257468.0,0.00000004,0.000000000001389384,6560693,2019-02-01 19:59:50,BTC,15.4130398,0.0,0.00000004,BTC,277242.0139027493,9.209e-05,0.00829884,249
0.0000000000950166,[],22,[],2019-02-01 19:59:54,4179658.0,3.800664e-18,1.3201454377440002e-22,6560694,2019-02-01 19:59:54,LTC,0.80669199,0.0,0.00000004,LTC,14605861.015,8.87120585568e-13,0.12455864,252
1,[],28,[],2019-02-01 19:59:55,2289298.428,0.00000008,0.000000000002778768,6560695,2019-02-01 19:59:55,btc,164692.29364341125,107221.14,0.00000008,btc,796648.6695,0.0,0.07612174624,256
1,[],22,[],2019-02-01 20:00:00,111070.57142857143,0.00000008,0.000000000002778768,6560696,2019-02-01 20:00:00,BTC,35605.5639614,0.0,0.00000008,BTC,503576.43279209774,0.00072282,0.00323503,258
1,[],22,[],2019-01-26 20:58:41,368451.0,0.00000001,0.000000000000356135,6510120,2019-01-26 20:58:41,BTC,2.642917,0.0,0.00000001,"BTC,LTC",1862.0,0.0,0.02488451,259
1,[],22,[],2019-02-01 20:00:06,2299.8434677419355,0.00000800,0.0000000002778768,6560697,2019-02-01 20:00:06,BTC,4.68960145,0.0,0.00000800,BTC,6366.988399675977,4.234e-05,0.01602867,262
1,[],5,[],2019-02-01 20:00:08,6.31e-05,0.00000355,0.00000000012330783,6560698,2019-02-01 20:00:08,btc,1.31791367,0.56037793,0.00000355,btc,0.0010287,0.0,0.24004324,264
1,[],20,[],2019-02-01 20:00:10,1174781.8409,0.000003841,0.0000000001334155986,6560699,2019-02-01 20:00:10,btc,5.0367678000944,26635.1651,0.000003841,btc,98213.8028,0.1093584680853,0.0326549087847,264
1,[],22,[],2019-02-01 20:00:13,143431.0,0.00000002,0.000000000000694692,6560700,2019-02-01 20:00:13,BTC,8.65643669,0.0,0.00000002,BTC,330779.0934647885,0.0,0.00237099,271
0,[],22,[],2019-02-01 20:00:16,0.0,0,0,6560701,2019-02-01 20:00:16,,365.48564614,0.0,0,,14203859303.9,0.0,0.0,272
0.0000000000000055,[],28,[],2019-02-01 20:00:17,214487684198.014,7.425000000000001e-21,2.5790440500000003e-25,6560702,2019-02-01 20:00:17,doge,75059328.19845273,16754323231.01,0.00000135,doge,176259117306.662,0.0,6.879104938267208e-10,272
