pairValue,buyBook,exchangeId,sellBook,updated,buyTotal,satoshiPrice,usdPrice,exchangeLogId,created,bestPair,sellTotalBtc,volume,pairPrice,activePairs,sellTotal,volumeBtc,buyTotalBtc,coinId
1,[],5,[],2019-05-28 09:37:16,0.0,0,0,7699970,2019-05-28 09:37:16,btc,0.0,0.00370555,0,btc,0.0,0.0,0.0,1
1,[],3,[],2019-05-28 10:10:39,69.61220618885,0.0107249900000000002175948310423336806707084178924560546875,0.0000009318772211160001,7700127,2019-05-28 10:10:39,btc,34.7703167084937,47.8521282516,0.0107249900000000002175948310423336806707084178924560546875,btc,24.05473374741,0.0,0.3171586812575029,1
1,[],4,[],2019-05-28 10:10:41,207675.72472408,0.01094601,0.000000951081295284,7700128,2019-05-28 10:10:41,btc,8.041976486130261,0.0,0.01094601,btc,332.42246791,2.43830673,0.5309395066524674,1
1,[],10,[],2019-05-28 10:12:43,309955.56343922,0.00720113,0.000000625694663892,7700129,2019-05-28 10:12:43,btc,6521.42323688734,1890.43255826,0.00720113,btc,1339.75780241,0.0,2.431640275206487,1
1,[],12,[],2019-05-28 10:12:46,79.52306499,0.01111000000000000008382183835919931880198419094085693359375,0.0000009653301240000001,7700130,2019-05-28 10:12:46,btc,0.2229569624476,0.0,0.01111000000000000008382183835919931880198419094085693359375,btc,19.08397096,0.112037046681,0.3362419030902,1
1,[],20,[],2019-05-28 10:12:50,973.0155,0.010262851,0.0000008917227028284001,7700131,2019-05-28 10:12:50,btc,0.5004177412745,0.0,0.010262851,btc,41.6349,0.0,0.1089655470612,1
1,[],21,[],2019-05-28 10:12:51,2074.99110134,0.01114377000000000075830008939,0.000000968264345268,7700132,2019-05-28 10:12:51,btc,11.023579162717649,4751.236955769999,0.0111437700000000007583000893873759196139872074127197265625,"btc,eth",1406.20482504,47.74460017970994,18.372298528025198,1
1,[],22,[],2019-05-28 10:12:54,0.0025666666666666667,0.00900000,0.0000007819956,7700133,2019-05-28 10:12:54,BTC,0.31629903,0.0,0.00900000,BTC,0.2505752479991019,0.0,2.31e-05,1
1,[],24,[],2019-05-28 10:12:56,0.0,0.000000000000,0,7700134,2019-05-28 10:12:56,btc,0.0,0.0,0.000000000000,btc,0.0,0.0,0.0,1
0.0,[],25,[],2019-05-28 10:12:57,0.0,0,0,7700135,2019-05-28 10:12:57,btc,23.164999998661877,2390.25257185,0.0,btc,1986.22775518,26.115,0.0,1
1,[],26,[],2019-05-28 10:13:00,0.0,0,0,7700136,2019-05-28 10:13:00,,0.0,0.0,0,,0.0,0.0,0.0,1
0,[],28,[],2019-05-28 10:13:02,0.0,0,0,7700137,2019-05-28 10:13:02,,0.0,363958.1522,0,,0.0,0.0,0.0,1
0,[],2,[],2019-01-20 23:28:45,0.0,0,0,6477011,2019-01-20 23:28:45,,0.0,0.0,0,,0.0,0.0,0.0,1
1,[],5,[],2019-05-28 10:13:06,0.0,0,0,7700138,2019-05-28 10:13:06,btc,0.0,0.00044261,0,btc,0.0,0.0,0.0,2
1,[],22,[],2019-05-28 10:13:09,11638.0,0.0000002,0.00000000001737768,7700139,2019-05-28 10:13:09,BTC,21.00897301,0.0,0.0000002,"BTC,XMR",20678.87287795317,0.0,0.00145435,2
1,[],5,[],2019-05-28 10:13:11,0.0,0,0,7700140,2019-05-28 10:13:11,btc,0.0,0.18388663,0,btc,0.0,0.0,0.0,3
1,[],12,[],2019-05-28 10:13:12,2561611.9674262,0.000000105,0.000000000009123282000000001,7700141,2019-05-28 10:13:12,btc,4527.140775093449,0.0,0.000000105,btc,3073905.73326794,0.172329268667,0.2099799507632048,3
0,[],28,[],2019-05-28 10:13:13,0.0,0,0,7700142,2019-05-28 10:13:13,,0.0,0.0,0,,0.0,0.0,0.0,3
0,[],2,[],2019-01-20 23:31:32,0.0,0,0,6477077,2019-01-20 23:31:32,,0.0,0.0,0,,0.0,0.0,0.0,4
1,[],4,[],2019-05-18 21:29:50,562734.9206932,0.00000010,0.000000000007298720000000001,7650946,2019-05-18 21:29:50,btc,41.9347137769675,0.0,0.00000010,btc,1123702.32192634,0.00052462,0.029254593370966,4
0,[],12,[],2019-05-28 07:58:33,0.0,0,0,7699507,2019-05-28 07:58:33,btc,0.415868044995005,0.0,0,btc,1049061.4995005,0.0,0.0,5
0,[],2,[],2019-01-20 23:31:51,0.0,0,0,6477087,2019-01-20 23:31:51,,0.0,0.0,0,,0.0,0.0,0.0,6
1,[],11,[],2019-05-28 10:13:14,5895948.776736,0.00000002,0.000000000001737768,7700143,2019-05-28 10:13:14,btc,9578.966502573321,3429798.0,0.00000002,btc,66335821.93465396,0.0,0.06232796276736,6
1,[],3,[],2019-05-28 10:13:15,1125.728536243792,0.0000888800000000000028389790518446034184307791292667388916015625,0.000000007722640992000001,7700144,2019-05-28 10:13:15,btc,0.050748685913312636,176.533509258,0.0000888800000000000028389790518446034184307791292667388916015625,btc,174.093433613764,0.0,0.026124392743386786,7
1,[],4,[],2019-05-28 10:13:16,337799.39115727,0.00008258,0.0000000071752440720000006,7700145,2019-05-28 10:13:16,btc,9.033593384099863,0.0,0.00008258,btc,55936.23757588,2.75754763,2.6731961213736213,7
1,[],5,[],2019-05-28 10:13:19,0.0,0,0,7700146,2019-05-28 10:13:19,btc,0.0,0.54703709,0,btc,0.0,0.0,0.0,7
1,[],20,[],2019-04-07 22:06:50,3201475.0482,0.000000001,0.000000000000051590000000000004,7213932,2019-04-07 22:06:50,btc,30.8005781811902,0.0,0.000000001,btc,23077405.3926,0.0,0.0032014750482,8
0,[],2,[],2019-01-20 23:22:42,0.0,0,0,6476876,2019-01-20 23:22:42,,0.0,0.0,0,,0.0,0.0,0.0,9
0,[],23,[],2019-01-20 23:22:48,0.0,0,0,6476878,2019-01-20 23:22:48,,0.0,0.0,0,,0.0,0.0,0.0,9
0,[],4,[],2019-05-28 10:15:21,0.0,0,0,7700147,2019-05-28 10:15:21,,0.0,0.0,0,,0.0,0.30472771,0.0,9
0,[],28,[],2019-05-28 10:15:23,0.0,0,0,7700148,2019-05-28 10:15:23,,0.0,3510124.0,0,,0.0,0.0,0.0,9
1,[],1,[],2019-02-17 23:31:42,1822507.21,0.00000181000000000000003456111265232042484285557293333113193511962890625,0.000000000066086901,6701244,2019-02-17 23:31:42,btc,3.6990969245,17153386.5,0.00000181000000000000003456111265232042484285557293333113193511962890625,btc,1997391.71,31.11772986,3.2610482446,9
1,[],4,[],2019-02-17 11:22:43,4341674.27126056,0.00000002,0.0000000000007272960000000001,6696112,2019-02-17 11:22:43,btc,0.1997230937751353,0.0,0.00000002,btc,4109766.79808031,0.00215132,0.0479381022052112,10
0,[],2,[],2019-01-20 23:23:08,0.0,0,0,6476890,2019-01-20 23:23:08,,0.0,0.0,0,,0.0,0.0,0.0,12
1,[],4,[],2019-05-28 10:15:25,8508102.29167452,0.00000050,0.0000000000434442,7700149,2019-05-28 10:15:25,btc,4.828525710379623,0.0,0.00000050,btc,5111880.24565179,0.76926286,1.5037536255684267,12
1,[],5,[],2019-05-28 10:15:27,0.0,0,0,7700150,2019-05-28 10:15:27,btc,0.0,0.12514917,0,btc,0.0,0.0,0.0,12
0.0,[],25,[],2019-05-28 10:15:29,0.0,0,0,7700151,2019-05-28 10:15:29,,0.0,0.0,0.0,btc,0.0,0.0,0.0,12
1,[],10,[],2019-05-28 09:39:29,651269.64727135,0.00000575,0.0000000005008077500000001,7699995,2019-05-28 09:39:29,btc,666803.2960930008,10461.1576579,0.00000575,btc,867138.47144701,0.0,0.2482591173214652,13
1,[],4,[],2019-05-28 10:15:29,333864.38151528,0.00000569,0.0000000004943949960000001,7700152,2019-05-28 10:15:29,btc,1.9532033995531715,0.0,0.00000569,btc,243412.11089707,0.30989923,0.5074659733742763,13
1,[],21,[],2019-05-28 10:15:34,2111783.25158141,0.000005830000000000000085582582687,0.000000000506559372,7700153,2019-05-28 10:15:34,btc,2.5996104863489538,796345.68812252,0.00000583000000000000008558258268731577800281229428946971893310546875,btc,402093.80806441,4.65918753,8.956606879488463,13
1,[],4,[],2019-05-28 10:15:34,803833.79228194,0.00000079,0.00000000006864183600000001,7700154,2019-05-28 10:15:34,btc,6.029742306687521,0.0,0.00000079,btc,861077.12498421,0.00733818,0.0553758616855314,14
1,[],12,[],2019-05-28 10:15:35,135960.77009361,0.00000077,0.000000000066904068,7700155,2019-05-28 10:15:35,btc,14.134568798920276,0.0,0.00000077,btc,21543.71741965,0.0,0.015280239999963299,14
1,[],26,[],2019-05-28 10:17:36,0.0,0.00000050,0.0000000000434442,7700156,2019-05-28 10:17:36,btc,0.0,0.0,0.00000050,btc,0.0,0.0,0.0,14
0,[],17,[],2019-05-03 00:53:32,0.0,0,0,7558876,2019-05-03 00:53:32,btc,0.0,0.0,0,btc,0.0,0.0,0.0,14
,[],12,[],2018-12-01 15:15:48,204241.84496,0.00000489,0.000000000202473384,5260204,2018-12-01 15:15:48,btc,49.5475654835,0.0,,btc,35763.2193806,0.0163153972027625,0.0203389899998,15
0,[],4,[],2019-05-28 10:17:37,0.0,0,0,7700157,2019-05-28 10:17:37,,0.0,0.0,0,,0.0,0.0,0.0,15
0,[],2,[],2019-01-20 23:23:38,0.0,0,0,6476906,2019-01-20 23:23:38,,0.0,0.0,0,,0.0,0.0,0.0,18
1,[],4,[],2019-05-28 10:17:39,34855.76604191,0.00001121,0.000000000974018964,7700158,2019-05-28 10:17:39,btc,0.9689957006656206,0.0,0.00001121,btc,10877.46351015,0.03454339,0.0827016289255083,18
1,[],10,[],2019-05-28 10:17:41,486839.40169726,0.0000115,0.0000000009992166,7700159,2019-05-28 10:17:41,btc,15.344137432019318,50932.752634,0.0000115,btc,13471.80157007,0.0,0.0760375059097275,18
1,[],12,[],2019-05-28 10:17:42,7440.56676904,0.000011800000000000000524818903613333276325647602789103984832763671875,0.00000000102528312,7700160,2019-05-28 10:17:42,btc,0.3988610125938156,0.0,0.000011800000000000000524818903613333276325647602789103984832763671875,btc,1255.93459134,4.72696e-05,0.0121157836409563,18
0,[],17,[],2019-05-03 00:53:39,0.0,0,0,7558882,2019-05-03 00:53:39,btc,0.0,0.0,0,btc,0.0,0.0,0.0,18
0,[],2,[],2019-01-20 23:24:19,0.0,0,0,6476924,2019-01-20 23:24:19,,0.0,0.0,0,,0.0,0.0,0.0,19
1,[],3,[],2019-05-28 10:19:42,149068.24235819906,0.000008209999999999999321432554710842310896623530425131320953369140625,0.000000000713353764,7700161,2019-05-28 10:19:42,btc,0.12502074909227734,3754.77071591,0.000008209999999999999321432554710842310896623530425131320953369140625,btc,3585.91641638062,0.0,0.0492625139659318,19
1,[],4,[],2019-05-28 10:19:43,592399.82326596,0.00000837,0.000000000727255908,7700162,2019-05-28 10:19:43,btc,3.5926752459756517,0.0,0.00000837,btc,163360.89270666,0.26469291,0.6422806618086165,19
1,[],5,[],2019-05-28 10:19:45,0.0,0,0,7700163,2019-05-28 10:19:45,btc,0.0,0.00010395,0,btc,0.0,0.0,0.0,19
1,[],12,[],2019-05-28 10:19:46,15587.97548129,0.000007109999999999999688846986922730053493069135583937168121337890625,0.000000000617776524,7700164,2019-05-28 10:19:46,btc,0.0590455445948587,0.0,0.000007109999999999999688846986922730053493069135583937168121337890625,btc,2092.39552447,0.002141891859,0.029160869999715698,19
0,[],27,[],2019-05-28 10:19:55,0.0,0,0,7700165,2019-05-28 10:19:55,,0.0,0.0,0,btc,0.0,0.0,0.0,19
1,[],4,[],2019-05-28 10:19:55,10062076.88478525,0.00000007,0.0000000000060821880000000004,7700166,2019-05-28 10:19:55,btc,6.411239436602338,0.0,0.00000007,btc,2322306.93095912,0.0,0.1174938176872809,20
1,[],4,[],2019-05-28 10:19:56,72531683.2473748,0.00000001,0.000000000000868884,7700167,2019-05-28 10:19:56,btc,1768.0897419398937,0.0,0.00000001,btc,66738003.11973631,0.0015,0.7253168324737481,21
1,[],12,[],2019-05-28 10:19:57,2452691.0,0.00000001,0.000000000000868884,7700168,2019-05-28 10:19:57,btc,1010.9711310128372,0.0,0.00000001,btc,5961337.6413586205,0.002355368711,0.02452691,21
0,[],17,[],2019-05-03 00:53:51,0.0,0,0,7558891,2019-05-03 00:53:51,btc,0.0,0.0,0,btc,0.0,0.0,0.0,21
1,[],12,[],2019-05-28 10:22:00,4682910737.0,0.0000000003,0.00000000000002606652,7700169,2019-05-28 10:22:00,btc,708147273.171389,0.0,0.0000000003,btc,2625899010.7202797,0.095139245446,0.9475057526,23
0.0000000003096766,[],27,[],2019-05-28 10:22:24,86250466.12137862,9.290298e-18,8.072191287432e-22,7700170,2019-05-28 10:22:24,eth,1172.9953952228,462442412.6408592,0.00000003,eth,8251394.028,4.296227821512308e-09,4.2781317629906355e-10,23
1,[],4,[],2019-05-28 10:22:26,1846989.99489256,0.00000019,0.000000000016508796,7700171,2019-05-28 10:22:26,btc,13.475305637318256,0.0,0.00000019,btc,2120510.84364109,0.01394389,0.0569321463024623,24
1,[],22,[],2019-05-28 10:22:31,21.76,0.00000100,0.0000000000868884,7700172,2019-05-28 10:22:31,BTC,7.415e-05,0.0,0.00000100,BTC,23.919354838709676,0.0,1.186e-05,24
0.0,[],25,[],2019-05-28 10:22:32,0.0,0,0,7700173,2019-05-28 10:22:32,,0.0,0.0,0.0,btc,0.0,0.0,0.0,24
0,[],2,[],2019-01-20 23:25:56,0.0,0,0,6476976,2019-01-20 23:25:56,,0.0,0.0,0,,0.0,0.0,0.0,26
1,[],4,[],2019-05-28 10:22:33,290826.55946862,0.00000420,0.00000000036493128,7700174,2019-05-28 10:22:33,btc,9.917398577957742,0.0,0.00000420,btc,254801.70853299,0.13631806,0.1089512026065168,26
1,[],10,[],2019-05-28 10:22:36,148624.15605003,0.00000353,0.000000000306716052,7700175,2019-05-28 10:22:36,btc,25.508796565360964,6911.59125577,0.00000353,btc,22959.22772884,0.0,0.030326936329306,26
1,[],5,[],2019-04-26 09:47:06,0.0,0,0,7465326,2019-04-26 09:47:06,btc,0.0,0.0,0,btc,0.0,0.0,0.0,27
1,[],3,[],2019-05-28 10:22:37,10520797.60144003,0.00000001,0.000000000000868884,7700176,2019-05-28 10:22:37,btc,3.319215788664055,4925879.53413,0.00000001,btc,24187451.02979519,0.0,0.1052079760144003,27
1,[],11,[],2019-05-28 10:22:38,1070969.08157834,0.00000002,0.000000000001737768,7700177,2019-05-28 10:22:38,btc,67503.03934773499,19676.5543251,0.00000002,btc,6639861.32608848,0.0,0.0107207058157834,27
1,[],4,[],2019-05-28 10:22:40,1142624805.4728827,0.00000001,0.000000000000868884,7700178,2019-05-28 10:22:40,btc,4.89052711147577,0.0,0.00000001,"btc,ltc",300679515.54313475,0.08988765,7.821613373004443,29
1,[],7,[],2019-05-28 10:22:43,86565332.30740812,0.00000001,0.000000000000868884,7700179,2019-05-28 10:22:43,btc,46548272.11110343,0.0,0.00000001,btc,35038980.27398593,0.0,0.8656533230740813,29
0,[],17,[],2019-05-03 01:11:25,0.0,0,0,7559066,2019-05-03 01:11:25,btc,0.0,0.0,0,btc,0.0,0.0,0.0,30
1,[],4,[],2019-05-28 10:22:44,15161814.27217546,0.00000006,0.000000000005213304,7700180,2019-05-28 10:22:44,btc,2.6931596225518586,0.0,0.00000006,btc,2121866.96538939,0.00010668,0.1658492359941774,30
1,[],4,[],2019-05-28 10:24:45,115639.86253075,0.00004908,0.000000004264482672,7700181,2019-05-28 10:24:45,btc,3.4749906972262887,0.0,0.00004908,btc,42317.71652441,1.7314385,0.6089306474317747,31
1,[],21,[],2019-05-28 10:24:46,105073.72410544001,0.00004881000000000000193112886793,0.000000004241022804,7700182,2019-05-28 10:24:46,btc,4.951797410586253,571857.85954445,0.000048810000000000001931128867926901193641242571175098419189453125,btc,92318.62207992,27.10181886,4.276991821819521,31
0,[],2,[],2019-01-20 23:28:43,0.0,0,0,6477009,2019-01-20 23:28:43,,0.0,0.0,0,,0.0,0.0,0.0,32
1,[],12,[],2019-03-30 07:55:10,40641173.964,0.00000003,0.000000000001228359,7108785,2019-03-30 07:55:10,btc,4233210.82356125,0.0,0.00000003,btc,28378394.68333462,0.0126927883965248,0.90752895892,33
0,[],4,[],2019-05-28 10:24:48,0.0,0,0,7700183,2019-05-28 10:24:48,,0.0,0.0,0,,0.0,0.0,0.0,33
0.0000000001309662,[],4,[],2019-05-28 10:24:49,510164034.23328835,1.5715944e-17,1.3655332286496001e-21,7700184,2019-05-28 10:24:49,ltc,3.5077653919684577,0.0,0.00000012,ltc,155815751.6585306,0.0,1.992059126468964e-09,34
1,[],5,[],2019-05-28 10:24:50,0.0,0,0,7700185,2019-05-28 10:24:50,btc,0.0,2.593e-05,0,btc,0.0,0.0,0.0,34
0.0000000002926451,[],17,[],2019-05-02 18:17:47,200000.0,2.9264510000000002e-18,1.596703856561e-22,7556430,2019-05-02 18:17:47,eth,0.20942468735267253,0.0,0.00000001,"btc,eth",1018272.20243647,0.0,5.852902e-13,36
0.0000000001309662,[],4,[],2019-05-28 10:26:51,80740056.16077778,1.309662e-18,1.137944357208e-22,7700186,2019-05-28 10:26:51,ltc,5.008486555915915e-08,0.0,0.00000001,ltc,7087906061.087266,0.0,1.0574218343163655e-10,36
1,[],5,[],2019-05-28 10:26:52,0.0,0,0,7700187,2019-05-28 10:26:52,btc,0.0,0.0,0,btc,0.0,0.0,0.0,36
0.0000000003096766,[],27,[],2019-05-28 10:29:00,19275417.0,9.290298e-18,8.072191287432e-22,7700188,2019-05-28 10:29:00,eth,1670.59537168,504259241.6,0.00000003,"ltc,eth",5475577.0,4.68471862433735e-09,1.03547709544214e-10,36
1,[],17,[],2019-05-03 01:11:36,211752.74075282,0.00000025,0.000000000013700074999999998,7559074,2019-05-03 01:11:36,btc,0.055484923955058496,0.0,0.00000025,"btc,eth",1387.19918473,0.0,0.0005381851887916605,37
1,[],4,[],2019-05-28 10:29:01,9956778.63087131,0.00000018,0.000000000015639912,7700189,2019-05-28 10:29:01,btc,19772.58652924222,0.0,0.00000018,btc,749403.83310403,0.00686651,0.1378619329263104,37
1,[],12,[],2019-05-28 10:29:02,4034130.33528572,0.00000019,0.000000000016508796000000003,7700190,2019-05-28 10:29:02,btc,8.157264715358604,0.0,0.00000019,btc,904870.88012882,0.036098333398,0.1925206504442866,37
1,[],27,[],2019-05-28 10:31:10,1600.0,0.00000015,0.00000000001303326,7700191,2019-05-28 10:31:10,btc,24.11463822903233,0.0,0.00000015,btc,5792.59438508,0.0,3e-05,37
1,[],5,[],2019-05-28 10:31:11,0.0,0,0,7700192,2019-05-28 10:31:11,btc,0.0,0.00018908,0,btc,0.0,0.0,0.0,42
1,[],12,[],2019-05-28 10:31:13,133469.1696817,0.00000094,0.00000000008167509600000001,7700193,2019-05-28 10:31:13,btc,24.75832281829768,0.0,0.00000094,btc,71055.72600759,0.014538472999,0.0456436399999646,42
1,[],27,[],2019-05-28 10:31:21,506.0,0.00000002,0.000000000001737768,7700194,2019-05-28 10:31:21,btc,0.39085425,0.0,0.00000002,"btc,eth",735.0,0.0,6.000000325346236e-06,42
1,[],12,[],2019-03-13 09:13:29,1112112.0,0.00000001,0.000000000000386531,6919902,2019-03-13 09:13:29,btc,29058.00478931866,0.0,0.00000001,btc,5967681.93306694,9.99000999e-07,0.01112112,43
1,[],5,[],2019-04-26 22:38:52,0.0,0,0,7474154,2019-04-26 22:38:52,btc,0.0,0.02638891,0,btc,0.0,0.0,0.0,43
0,[],17,[],2019-04-26 22:38:53,0.0,0,0,7474155,2019-04-26 22:38:53,btc,0.0,0.0,0,btc,0.0,0.0,0.0,43
1,[],12,[],2019-03-05 01:54:08,639326.02,0.00000004,0.000000000001486676,6845775,2019-03-05 01:54:08,btc,11116042.728239931,0.0,0.00000004,btc,1103841.4595604,0.0003330765234764,0.014975410599999999,44
1,[],4,[],2019-05-28 10:31:22,114726123.9822598,0.00000001,0.000000000000868884,7700195,2019-05-28 10:31:22,btc,291324.22254155186,0.0,0.00000001,"btc,ltc",27236384.70187069,0.00447292,0.08419050373567381,49
0.0000000001309662,[],4,[],2019-05-28 10:31:23,136367836.71375978,3.7980198e-17,3.3000386359032e-21,7700196,2019-05-28 10:31:23,ltc,22050.151287138044,0.0,0.00000029,ltc,158708557.4420744,0.0,7.513881631680099e-10,52
0,[],22,[],2019-05-28 10:31:26,0.0,0,0,7700197,2019-05-28 10:31:26,,10289.55991011,0.0,0,,308568058.4566013,0.0,0.0,57
0,[],27,[],2019-05-28 10:31:34,0.0,0,0,7700198,2019-05-28 10:31:34,,0.0,0.0,0,"btc,eth",0.0,0.0,0.0,57
1,[],17,[],2019-05-03 01:12:09,1200000.0,0.0000000001,0.00000000000000548003,7559085,2019-05-03 01:12:09,btc,1e+24,0.0,0.0000000001,"btc,eth",39516342.31952568,0.0,0.00010000000058666061,58
0.0000000001309662,[],4,[],2019-05-28 10:31:34,2693628841.494031,1.309662e-18,1.137944357208e-22,7700199,2019-05-28 10:31:34,ltc,19.26387151042934,0.0,0.00000001,ltc,5780746102.343987,0.0,3.5277433358087557e-09,58
1,[],12,[],2019-05-28 10:31:35,1099612657.0,0.0000000001,0.000000000000008688840000000001,7700200,2019-05-28 10:31:35,btc,2179627.2319986126,0.0,0.0000000001,btc,2489251723.1348653,0.085809086099,0.1099612657,58
0.00000000011157300000000001,[],22,[],2019-05-28 10:33:38,126877.0,1.11573e-18,9.694399453200001e-23,7700201,2019-05-28 10:33:38,XMR,68.17454206,0.0,0.00000001,XMR,9626402.6,0.0,0.00126877,58
1,[],5,[],2019-05-28 10:33:40,0.0,0,0,7700202,2019-05-28 10:33:40,btc,0.0,0.00264605,0,btc,0.0,0.0,0.0,61
1,[],22,[],2019-05-28 10:33:44,13613.833333333334,0.00000012,0.000000000010426608,7700203,2019-05-28 10:33:44,BTC,1002.29590883,0.0,0.00000012,BTC,15092.180177125656,0.0,0.00153269,61
1,[],26,[],2019-05-28 10:33:44,0.0,0.00000050,0.0000000000434442,7700204,2019-05-28 10:33:44,btc,0.0,0.0,0.00000050,btc,0.0,0.0,0.0,61
1,[],27,[],2019-05-28 10:33:51,15549.0,0.0000002,0.00000000001737768,7700205,2019-05-28 10:33:51,btc,1.9582485601246655,0.0,0.0000002,"btc,eth",11379.41563696,0.0,0.00288918,61
0,[],28,[],2019-05-28 10:33:53,0.0,0,0,7700206,2019-05-28 10:33:53,,0.0,719.0,0,,0.0,0.0,0.0,61
1,[],4,[],2019-05-28 10:33:54,980289.67567688,0.00000080,0.00000000006951072,7700207,2019-05-28 10:33:54,btc,2.5602504675736535,0.0,0.00000080,btc,836593.82054579,0.09269563,0.5644263245200805,67
0.0,[],25,[],2019-05-28 10:33:56,0.0,0,0,7700208,2019-05-28 10:33:56,,0.0,0.0,0.0,btc,0.0,0.0,0.0,67
1,[],12,[],2019-05-28 10:33:58,805098.0,0.00000005,0.00000000000434442,7700209,2019-05-28 10:33:58,btc,5.167187631738259,0.0,0.00000005,btc,766996.78321675,0.000105702249,0.01728606,71
,[],5,[],2018-11-20 23:02:39,1.5e-07,0.00000005,0.000000000002128045,4862160,2018-11-20 23:02:39,btc,2.84511358,0.0,,btc,0.00036572,0.0,0.07381892,74
1,[],5,[],2019-05-28 10:34:00,0.0,0,0,7700210,2019-05-28 10:34:00,btc,0.0,0.06649165,0,btc,0.0,0.0,0.0,75
0,[],4,[],2019-05-25 21:33:44,0.0,0,0,7686249,2019-05-25 21:33:44,,133656.37989170782,0.0,0,,33439209.5909442,0.0,0.0,81
0,[],20,[],2019-01-25 09:30:31,0.0,0,0,6495923,2019-01-25 09:30:31,btc,0.0,0.0,0,btc,0.0,0.0,0.0,81
1,[],4,[],2019-05-28 10:34:01,36025.76872536,0.00015003,0.000000013035866652,7700211,2019-05-28 10:34:01,btc,21.37639074886776,0.0,0.00015003,btc,14616.31004032,4.4779413,1.3044670021204539,82
1,[],21,[],2019-05-28 10:34:02,134410.06790159,0.0001751099999999999954746615627,0.000000015215027724000002,7700212,2019-05-28 10:34:02,btc,17.536603699942862,432951.10778203,0.00017510999999999999547466156268882286894950084388256072998046875,btc,71126.27230292,66.85198412,12.406722147044345,82
0,[],17,[],2019-03-25 22:42:34,0.0,0,0,7038780,2019-03-25 22:42:34,btc,0.0445064681804024,0.0,0,btc,995513.18476001,0.0,0.0,84
0.0000000001161485,[],4,[],2019-05-20 13:09:39,216715621.0206096,1.161485e-18,9.0533806701e-23,7657228,2019-05-20 13:09:39,ltc,1.6511566870244727,0.0,0.00000001,ltc,471032407.9048656,0.0,2.5171194308112273e-10,85
,[],22,[],2018-11-20 23:09:34,3408.1,0.0000001,0.0000000000041895,4862324,2018-11-20 23:09:34,BTC,0.04624735,0.0,,BTC,4990.0,0.0,0.00033081,86
1,[],22,[],2019-05-28 10:34:05,65156.0,0.00000001,0.000000000000868884,7700213,2019-05-28 10:34:05,BTC,1.45608405,0.0,0.00000001,BTC,314587.29736842104,0.0,0.00065156,87
0,[],27,[],2019-05-28 10:34:12,0.0,0,0,7700214,2019-05-28 10:34:12,,4.962566382816,0.0,0,btc,66120.49241,0.0,0.0,87
,[],2,[],2018-11-20 23:10:47,0.0,0,0,4862359,2018-11-20 23:10:47,,0.0,0.0,,,0.0,0.0,0.0,88
1,[],11,[],2019-05-28 10:34:14,97342.30789364,0.000085019999999999995750343817491057052393443882465362548828125,0.000000007387251768,7700215,2019-05-28 10:34:14,btc,184.49186616763453,558.7896,0.000085019999999999995750343817491057052393443882465362548828125,btc,225761.31327369,0.0,3.2291952266321724,89
0,[],2,[],2019-01-20 23:31:45,0.0,0,0,6477083,2019-01-20 23:31:45,,0.0,0.0,0,,0.0,0.0,0.0,91
0,[],17,[],2019-05-03 01:12:26,0.0,0,0,7559096,2019-05-03 01:12:26,btc,0.0,0.0,0,btc,0.0,0.0,0.0,91
1,[],12,[],2019-05-28 10:34:15,200094.51830684,0.00000031,0.000000000026935404,7700216,2019-05-28 10:34:15,btc,87.63754524042282,0.0,0.00000031,btc,103993.69555554,0.0021399957,0.0106491119999895,91
1,[],22,[],2019-05-28 10:36:20,75910.55,0.0000002,0.00000000001737768,7700217,2019-05-28 10:36:20,BTC,0.495,0.0,0.0000002,"BTC,LTC",4.95,0.0,0.00165931,91
1,[],22,[],2019-04-09 20:17:52,374949.73333333334,0.00000015,0.000000000007771935,7235704,2019-04-09 20:17:52,BTC,6.87372503,0.0,0.00000015,"BTC,LTC",159980.01196797504,1.1e-05,0.80510266,95
0,[],17,[],2019-05-03 01:12:32,0.0,0,0,7559100,2019-05-03 01:12:32,btc,0.0,0.0,0,btc,0.0,0.0,0.0,96
0.0000000001309662,[],4,[],2019-05-28 10:36:21,557512780.7665288,3.0122226e-17,2.6172720215784002e-21,7700218,2019-05-28 10:36:21,ltc,11.58132106114646,0.0,0.00000023,ltc,177942252.28068942,0.0,1.1648935718604314e-09,96
0,[],12,[],2019-05-28 10:36:23,0.0,0,0,7700219,2019-05-28 10:36:23,btc,10.510150110379621,0.0,0,btc,7826058.03796204,0.0,0.0,96
1,[],4,[],2019-04-14 03:32:46,1039404.33283278,0.00000038,0.000000000019245518,7293458,2019-04-14 03:32:46,btc,4.170086055365747,0.0,0.00000038,btc,3097704.34561074,0.06260606,0.1859928211030784,99
0,[],2,[],2019-01-20 23:23:55,0.0,0,0,6476914,2019-01-20 23:23:55,,0.0,0.0,0,,0.0,0.0,0.0,100
1,[],4,[],2019-05-28 10:38:24,204565.66435106,0.00001700,0.0000000014771028,7700220,2019-05-28 10:38:24,btc,6.997338765974297,0.0,0.00001700,btc,135377.91329531,0.54545911,0.3527448567309576,100
1,[],22,[],2019-05-28 10:38:27,150000.0,0.00000002,0.000000000001737768,7700221,2019-05-28 10:38:27,BTC,24.83526409,0.0,0.00000002,BTC,11187.719,0.0,0.0017,101
1,[],4,[],2019-05-28 10:38:29,536486.4891354,0.00000159,0.000000000138152556,7700222,2019-05-28 10:38:29,btc,362.44636586342267,0.0,0.00000159,btc,616088.8565749,0.00832857,0.1732275434100805,103
0,[],27,[],2019-05-28 10:38:37,0.0,0,0,7700224,2019-05-28 10:38:37,,0.2570835520459794,168024.66656843,0,btc,547051.57828866,0.01344197,0.0,105
1,[],12,[],2019-05-28 10:38:31,139650689.83268034,0.000000004,0.00000000000034755360000000003,7700223,2019-05-28 10:38:31,btc,2379.9737766751923,0.0,0.000000004,btc,57669500.832395196,0.009425404883,0.1683738793307214,105
1,[],22,[],2019-04-21 00:17:26,21333.0,0.00000001,0.000000000000532493,7385819,2019-04-21 00:17:26,BTC,51.38182867,0.0,0.00000001,BTC,470435.0,0.0,0.00021333,107
1,[],26,[],2019-04-21 00:17:26,0.0,0.00000000,0,7385820,2019-04-21 00:17:26,btc,0.0,0.0,0.00000000,btc,0.0,0.0,0.0,107
1,[],5,[],2019-05-28 10:38:39,0.0,0,0,7700225,2019-05-28 10:38:39,btc,0.0,5e-07,0,btc,0.0,0.0,0.0,112
0,[],22,[],2019-05-28 10:38:42,0.0,0,0,7700226,2019-05-28 10:38:42,,2.79635781,0.0,0,,3274992.0833333335,0.0,0.0,112
1,[],27,[],2019-05-28 10:38:52,1.0,0.00000001,0.000000000000868884,7700227,2019-05-28 10:38:52,btc,1.15032588,0.0,0.00000001,"btc,eth",1818.0,0.0,1e-08,112
1,[],4,[],2019-05-28 10:38:54,190572.25732581,0.00000081,0.000000000070379604,7700228,2019-05-28 10:38:54,btc,4.341908568009778,0.0,0.00000081,btc,555194.14276226,0.00883959,0.1043743582433662,113
1,[],5,[],2019-05-28 10:38:55,0.0,0,0,7700229,2019-05-28 10:38:55,btc,0.0,0.0,0,btc,0.0,0.0,0.0,113
1,[],17,[],2019-04-26 02:17:47,162738.278,0.00000004,0.0000000000021069000000000002,7461287,2019-04-26 02:17:47,btc,1.3331140273775473,0.0,0.00000004,btc,51796.221,0.0,0.00230953112,116
1,[],27,[],2019-05-22 05:13:01,210000.0,0.00000001,0.00000000000079145,7666372,2019-05-22 05:13:01,btc,3919.0005001478,0.0,0.00000001,btc,128660.871,0.0,0.0021,116
1,[],4,[],2019-05-21 22:31:11,138169.03963019,0.00000701,0.000000000558364025,7664793,2019-05-21 22:31:11,btc,150.95388250938234,0.0,0.00000701,btc,344631.17141974,0.07552974,0.4288357684941946,120
1,[],7,[],2019-05-21 22:31:12,3901.07750076,0.000010679999999999999389654892212320191902108490467071533203125,0.0000000008506887,7664794,2019-05-21 22:31:12,btc,231188.94669936574,0.0,0.000010679999999999999389654892212320191902108490467071533203125,btc,4133.83151364,0.0,0.0113888422364489,120
1,[],20,[],2019-04-07 18:42:29,1914137.0852,0.000000035,0.0000000000017871910000000002,7211992,2019-04-07 18:42:29,btc,32.2497668025648,25528.85,0.000000035,btc,1001975.4986,0.00089350975,0.0152723574729,125
1,[],22,[],2019-05-28 10:38:58,10000.0,0.00000001,0.000000000000868884,7700230,2019-05-28 10:38:58,BTC,0.032061,0.0,0.00000001,BTC,299316.7611111111,0.0,0.0001,126
1,[],4,[],2019-05-28 10:39:00,243016.78809161,0.00000718,0.000000000623858712,7700231,2019-05-28 10:39:00,btc,5.074185088057143,0.0,0.00000718,btc,166639.90947861,0.2408628,0.4790172191207141,131
0,[],2,[],2019-01-20 23:25:46,0.0,0,0,6476969,2019-01-20 23:25:46,,0.0,0.0,0,,0.0,0.0,0.0,131
1,[],17,[],2019-05-03 01:13:10,10000.0,0.00000001,0.000000000000548003,7559115,2019-05-03 01:13:10,btc,0.0953976503951408,0.0,0.00000001,btc,5037.62507334,0.0,0.0001,131
1,[],4,[],2019-05-28 10:41:00,4750.03649759,0.00007919,0.000000006880692396,7700232,2019-05-28 10:41:00,btc,5.032344763021183,0.0,0.00007919,btc,202.13055914,0.0,0.0069632248090909,135
1,[],3,[],2019-05-28 07:09:25,397612.63331819,0.00000001,0.0000000000008722100000000001,7699275,2019-05-28 07:09:25,btc,0.2370955237081139,1051497.18998,0.00000001,btc,1968970.7281389,0.0,0.0039761263331819004,136
1,[],4,[],2019-05-28 10:41:01,2473212.51117748,0.00000191,0.000000000165956844,7700233,2019-05-28 10:41:01,btc,107.4221191953167,0.0,0.00000191,btc,481589.73601714,0.05032818,0.6279978555674647,137
1,[],12,[],2019-05-28 10:41:02,88177.87350844,0.00000181999999999999993881738720447049928452543099410831928253173828125,0.000000000158136888,7700234,2019-05-28 10:41:02,btc,57.780292739873865,0.0,0.00000181999999999999993881738720447049928452543099410831928253173828125,btc,49255.60942518,0.003522976377,0.0167052199999292,137
1,[],4,[],2019-05-28 10:41:03,45093.52736259,0.00001953,0.000000001696930452,7700235,2019-05-28 10:41:03,btc,9.086837587033397,0.0,0.00001953,btc,130355.52057795,1.12915991,0.1458525874908299,142
1,[],5,[],2019-05-28 10:41:04,0.0,0,0,7700236,2019-05-28 10:41:04,btc,0.0,0.01883302,0,btc,0.0,0.0,0.0,142
1,[],20,[],2019-05-28 10:43:06,208920.5579,0.00001422,0.000000001235553048,7700237,2019-05-28 10:43:06,btc,1.6084605148654,560.976,0.00001422,btc,9969.0955,0.007984502491,0.0169295730023,142
1,[],22,[],2019-05-28 10:43:10,11028.645,0.00001000,0.000000000868884,7700238,2019-05-28 10:43:10,BTC,3.2754788,0.0,0.00001000,BTC,1133.9993657797618,0.0,0.00745365,142
0.0,[],25,[],2019-05-28 10:43:12,0.0,0,0,7700239,2019-05-28 10:43:12,,0.0,0.0,0.0,btc,0.0,0.0,0.0,142
0,[],28,[],2019-05-28 10:43:14,0.0,0,0,7700240,2019-05-28 10:43:14,,0.0,0.0,0,,0.0,0.0,0.0,142
1,[],17,[],2019-05-03 01:13:16,32967.38636364,0.00000088,0.000000000048224264,7559122,2019-05-03 01:13:16,btc,20.06976206696776,0.0,0.00000088,btc,2746.079105,0.0,0.0105613000000032,142
0,[],22,[],2019-05-28 10:43:16,0.0,0,0,7700241,2019-05-28 10:43:16,,65.51518676,0.0,0,,839924755.3,0.0,0.0,143
0,[],22,[],2019-02-25 15:42:22,0.0,0,0,6783783,2019-02-25 15:42:22,,4.2131946,0.0,0,,2322156.0,0.0,0.0,146
,[],22,[],2018-11-20 23:01:11,0.0,0,0,4862114,2018-11-20 23:01:11,,2.56807021,0.0,,,61828.4988236,0.0,0.0,147
1,[],12,[],2019-04-21 06:38:04,193091.5971266,0.00000071,0.000000000037635183,7388679,2019-04-21 06:38:04,btc,2.301232411611175,0.0,0.00000071,btc,9957.48302385,0.00023528,0.0313308199999888,148
1,[],4,[],2019-03-19 21:31:25,255810.0415942,0.00000029,0.000000000011615747,6982695,2019-03-19 21:31:25,btc,218.94922712414143,0.0,0.00000029,btc,793529.37642722,0.00117,0.0608347789473395,152
0,[],22,[],2019-03-19 21:31:27,0.0,0,0,6982696,2019-03-19 21:31:27,,0.0,0.0,0,,0.0,0.0,0.0,152
1,[],5,[],2019-04-26 09:36:59,0.0,0,0,7465040,2019-04-26 09:36:59,btc,0.0,0.0,0,btc,0.0,0.0,0.0,153
,[],16,[],2019-01-11 15:38:59,0.0,0,0,6366141,2019-01-11 15:38:59,btc,0.0,0.0,,btc,0.0,0.0,0.0,155
0,[],22,[],2019-05-28 10:45:21,0.0,0,0,7700242,2019-05-28 10:45:21,,7.44455324,0.0,0,,5955762.942592593,0.0,0.0,156
0,[],23,[],2019-01-20 23:24:29,0.0,0,0,6476932,2019-01-20 23:24:29,,0.0,0.0,0,,0.0,0.0,0.0,156
1,[],22,[],2019-05-28 10:45:24,7066.0,0.00000800,0.0000000006951072,7700243,2019-05-28 10:45:24,BTC,1.79802465,0.0,0.00000800,BTC,802.6461988741639,0.0,0.00062996,157
0,[],22,[],2019-05-21 23:40:32,0.0,0,0,7665049,2019-05-21 23:40:32,,50234.60468402,0.0,0,,54786159.03179465,0.0,0.0,158
,[],17,[],2018-11-20 22:56:10,0.0,0,0,4861976,2018-11-20 22:56:10,btc,1.1265625,0.0,,btc,1000.0,0.0,0.0,159
,[],20,[],2018-11-20 22:56:12,0.0,0,0,4861977,2018-11-20 22:56:12,btc,11912.7940471,0.0,,btc,34413894.3617,0.0,0.0,159
1,[],12,[],2019-05-24 02:51:20,9178.522006449999,0.00000191999999999999982841307998027158276954651228152215480804443359375,0.000000000151222656,7676256,2019-05-24 02:51:20,btc,149.80414728631675,0.0,0.00000191999999999999982841307998027158276954651228152215480804443359375,btc,1115.7451448499999,0.01783167678326,0.0120075778999181,168
1,[],17,[],2019-05-03 01:13:36,42852.0,0.00000002,0.000000000001096006,7559132,2019-05-03 01:13:36,btc,0.04279856251542,0.0,0.00000002,btc,274.46171372,0.0,0.00052852,168
1,[],22,[],2019-05-17 03:01:52,10.0,0.00000001,0.000000000000778341,7642059,2019-05-17 03:01:52,BTC,41.95893009,0.0,0.00000001,BTC,1753972.7737547632,0.0,1e-07,169
1,[],22,[],2019-05-28 10:45:27,203664.0,0.00000002,0.000000000001737768,7700244,2019-05-28 10:45:27,BTC,27.86991876,0.0,0.00000002,BTC,461817.9785507793,0.0,0.00213428,171
1,[],22,[],2019-05-28 10:45:31,349870.0,0.00000002,0.000000000001737768,7700245,2019-05-28 10:45:31,BTC,24.05844626,0.0,0.00000002,"BTC,LTC",1218736.4355616204,0.0,0.0039847,173
1,[],5,[],2019-05-28 10:45:33,0.0,0,0,7700246,2019-05-28 10:45:33,btc,0.0,0.01332315,0,btc,0.0,0.0,0.0,175
1,[],22,[],2019-05-28 10:45:38,90671.0,0.00000001,0.000000000000868884,7700247,2019-05-28 10:45:38,BTC,394.35459412,0.0,0.00000001,BTC,136275.61833431243,0.0,0.00090671,176
1,[],7,[],2019-05-28 10:45:42,0.0,0,0,7700248,2019-05-28 10:45:42,btc,522274.2532042936,0.0,0,btc,26538783.34310775,0.0,0.0,178
0,[],22,[],2019-05-28 10:45:44,0.0,0,0,7700249,2019-05-28 10:45:44,,1.00242428,0.0,0,,57512.0,0.0,0.0,178
0,[],2,[],2019-01-20 23:28:34,0.0,0,0,6477001,2019-01-20 23:28:34,,0.0,0.0,0,,0.0,0.0,0.0,178
1,[],5,[],2019-05-28 10:45:46,0.0,0,0,7700250,2019-05-28 10:45:46,btc,0.0,0.02292339,0,btc,0.0,0.0,0.0,179
0,[],22,[],2019-05-28 10:45:50,0.0,0,0,7700251,2019-05-28 10:45:50,,5.31458491,0.0,0,,13434087.311946675,0.0,0.0,179
0,[],23,[],2019-01-20 23:25:08,0.0,0,0,6476952,2019-01-20 23:25:08,,0.0,0.0,0,,0.0,0.0,0.0,179
1,[],22,[],2019-05-28 10:47:54,665977.9606446358,0.00000110,0.00000000009557724,7700252,2019-05-28 10:47:54,BTC,39.19536411,0.0,0.00000110,"BTC,LTC",149206.16518321863,0.02189763,0.56458663,180
1,[],26,[],2019-05-28 10:47:54,0.0,0.00000010,0.00000000000868884,7700253,2019-05-28 10:47:54,btc,0.0,50.0,0.00000010,btc,0.0,0.0,0.0,180
1,[],17,[],2019-05-03 01:13:56,20504.725000000002,0.0000001,0.00000000000548003,7559141,2019-05-03 01:13:56,btc,5.2010695838400265,0.0,0.0000001,btc,5033.45945,0.0,0.0011504725,180
,[],7,[],2018-11-20 22:58:01,562227.975654,0.00000085,0.000000000036176765,4862015,2018-11-20 22:58:01,btc,21836.6059674,2491.87645172,,btc,749999.041456,0.00211021,0.127565380455,183
,[],5,[],2019-01-10 08:11:41,0.0,0,0,6347036,2019-01-10 08:11:41,btc,82.15055501,0.00261,,btc,1.19002445,0.0,0.0,187
,[],17,[],2018-11-16 20:58:10,4062536.27273,0.00000001,0.000000000000550501,4708775,2018-11-16 20:58:10,btc,3.36492563466,0.195460381006,,"btc,eth",110697919.549,0.0,0.0157628953496,187
1,[],24,[],2019-05-22 21:04:52,0.0,0.000000000014,0.0000000000000010960978,7670219,2019-05-22 21:04:52,btc,0.0,0.0,0.000000000014,btc,0.0,0.0,0.0,187
0,[],22,[],2019-04-25 02:54:07,0.0,0,0,7447896,2019-04-25 02:54:07,,7.54794454,0.0,0,,76361.7243344055,0.0,0.0,191
0,[],22,[],2019-05-28 10:48:00,0.0,0,0,7700254,2019-05-28 10:48:00,,0.0,0.0,0,,0.0,0.0,0.0,197
0,[],23,[],2019-01-20 23:31:41,0.0,0,0,6477079,2019-01-20 23:31:41,,0.0,0.0,0,,0.0,0.0,0.0,199
0,[],22,[],2019-05-28 10:48:03,0.0,0,0,7700255,2019-05-28 10:48:03,,10.9548544,0.0,0,,99450037.0,0.0,0.0,199
1,[],26,[],2019-05-28 10:48:04,0.0,0.00000000,0,7700256,2019-05-28 10:48:04,btc,0.0,0.0,0.00000000,btc,0.0,0.0,0.0,199
0,[],2,[],2019-01-20 23:30:49,0.0,0,0,6477059,2019-01-20 23:30:49,,0.0,0.0,0,,0.0,0.0,0.0,201
1,[],4,[],2019-01-25 15:51:35,2084389.58565343,0.00000936,0.000000000333526752,6499557,2019-01-25 15:51:35,btc,2.0092503037378524,0.0,0.00000936,btc,160195.80207885,0.19272417,1.242687955921835,211
1,[],7,[],2019-05-28 10:48:08,1172408550.3180206,0.00000056,0.000000000048657504000000003,7700257,2019-05-28 10:48:08,btc,15202333.760645835,937657.060316,0.00000056,btc,8767529.98728036,0.0,13.192418735377577,212
1,[],5,[],2019-05-28 10:48:11,0.0,0,0,7700258,2019-05-28 10:48:11,btc,0.0,0.09047631,0,btc,0.0,0.0,0.0,213
1,[],24,[],2019-05-28 10:48:11,0.0,0.000000399202,0.0000000000346860230568,7700259,2019-05-28 10:48:11,btc,0.0,433.54035,0.000000399202,btc,0.0,0.00017307,0.0,213
1,[],26,[],2019-05-28 10:48:11,0.0,0.00000040,0.00000000003475536,7700260,2019-05-28 10:48:11,btc,0.0,0.0,0.00000040,btc,0.0,0.0,0.0,213
1,[],12,[],2019-01-25 02:44:32,207462.42853209,0.000001080000000000000035831255497387193287295303889550268650054931640625,0.000000000038610756000000006,6493050,2019-01-25 02:44:32,btc,85023.03793723314,0.0,0.000001080000000000000035831255497387193287295303889550268650054931640625,btc,43675.73520027,0.000146250909087,0.0348620860622024,213
0,[],22,[],2019-05-28 10:48:15,0.0,0,0,7700261,2019-05-28 10:48:15,,9.61445386,0.0,0,,3661587.094064925,0.0,0.0,216
0,[],27,[],2019-05-28 10:48:27,0.0,0,0,7700262,2019-05-28 10:48:27,,70.5882095580052,0.0,0,"btc,ltc",398836.40768,0.0,0.0,216
1,[],22,[],2019-05-28 10:48:30,569597.65625,0.00000033,0.000000000028673172000000002,7700263,2019-05-28 10:48:30,BTC,12054.75364412,0.0,0.00000033,BTC,408868.93767707155,0.03055813,0.04773955,217
1,[],7,[],2019-05-28 10:48:33,0.0,0,0,7700264,2019-05-28 10:48:33,btc,1234863.9718009047,0.0,0,btc,160745512.9208393,0.0,0.0,219
0,[],27,[],2019-05-28 10:48:39,0.0,0,0,7700265,2019-05-28 10:48:39,,0.464099290112,5310828.0337,0,btc,3855173.8407,0.42486624,0.0,219
0,[],28,[],2019-05-28 10:48:41,0.0,0,0,7700266,2019-05-28 10:48:41,,0.0,4850178.3878,0,,0.0,0.0,0.0,219
1,[],22,[],2019-05-23 16:41:05,172069.0,0.00000004,0.0000000000031167080000000004,7674065,2019-05-23 16:41:05,BTC,56.76466137,0.0,0.00000004,BTC,127061.6482738741,0.0,0.00393676,221
1,[],24,[],2019-05-23 16:41:05,0.0,0.000000010000,0.0000000000007791770000000001,7674066,2019-05-23 16:41:05,btc,0.0,0.0,0.000000010000,btc,0.0,0.0,0.0,221
1,[],20,[],2019-05-28 10:48:45,6879470.5336,0.000000002,0.00000000000017377680000000001,7700267,2019-05-28 10:48:45,btc,100050.73323706037,621847.6958,0.000000002,btc,40126973.658,0.001254266575,0.0069783785336,224
0,[],22,[],2019-05-28 10:48:47,0.0,0,0,7700268,2019-05-28 10:48:47,,0.0,0.0,0,,0.0,0.0,0.0,224
1,[],26,[],2019-05-28 10:48:47,0.0,0.00000026,0.000000000022590984000000002,7700269,2019-05-28 10:48:47,btc,0.0,0.0,0.00000026,btc,0.0,0.0,0.0,231
1,[],26,[],2019-05-28 10:48:48,0.0,0.00000006,0.000000000005213304,7700270,2019-05-28 10:48:48,btc,0.0,100.0,0.00000006,btc,0.0,0.0,0.0,234
0,[],27,[],2019-05-28 10:48:56,0.0,0,0,7700271,2019-05-28 10:48:56,,0.01134836604,0.0,0,"btc,eth",11462.996,0.0,0.0,234
1,[],4,[],2019-05-22 17:06:12,91780.56053785,0.00000078,0.000000000061977552,7669277,2019-05-22 17:06:12,btc,5.573372450018177,0.0,0.00000078,btc,729173.93529783,0.0,0.0307060663355679,236
1,[],24,[],2019-05-22 17:06:12,0.0,0.000000010000,0.000000000000794584,7669278,2019-05-22 17:06:12,btc,0.0,0.0,0.000000010000,btc,0.0,0.0,0.0,236
1,[],5,[],2019-05-28 10:48:57,0.0,0,0,7700272,2019-05-28 10:48:57,btc,0.0,0.05908003,0,btc,0.0,0.0,0.0,237
1,[],22,[],2019-05-28 10:49:03,288100.0,0.00000003,0.000000000002606652,7700273,2019-05-28 10:49:03,BTC,1.20267422,0.0,0.00000003,"BTC,LTC",17930.94871794872,0.0,0.007541,237
1,[],20,[],2019-05-28 10:08:57,120283863.4233,0.000000037,0.0000000000032225890000000005,7700114,2019-05-28 10:08:57,btc,58794.2245785126,10502272.8612,0.000000037,btc,44206130.125,0.4084126123236,0.4458701449551,237
1,[],4,[],2019-05-28 10:49:05,26821458.65790652,0.00000012,0.000000000010426608,7700274,2019-05-28 10:49:05,btc,2.9055678396978424,0.0,0.00000012,btc,8858564.5819151,0.06706669,0.5464386218520765,238
1,[],5,[],2019-05-28 10:49:06,0.0,0,0,7700275,2019-05-28 10:49:06,btc,0.0,0.04872738,0,btc,0.0,0.0,0.0,238
0,[],22,[],2019-03-12 16:49:32,0.0,0,0,6914458,2019-03-12 16:49:32,,0.40415746,0.0,0,,526736.5639027493,0.0,0.0,249
0,[],22,[],2019-05-28 10:49:09,0.0,0,0,7700276,2019-05-28 10:49:09,,13.44714864,0.0,0,,43777534.3426455,0.0,0.0,252
0,[],28,[],2019-05-28 10:49:11,0.0,0,0,7700277,2019-05-28 10:49:11,,0.0,304751.065,0,,0.0,0.0,0.0,256
1,[],22,[],2019-05-28 10:49:15,1039321.0,0.00000001,0.000000000000868884,7700278,2019-05-28 10:49:15,BTC,21.85885958,0.0,0.00000001,BTC,542925.7509808998,0.00012308,0.01039321,258
1,[],22,[],2019-05-19 18:12:02,400.0,0.00000001,0.0000000000007957800000000001,7653905,2019-05-19 18:12:02,BTC,2.415167,0.0,0.00000001,BTC,157.0,0.0,4e-06,259
1,[],5,[],2019-05-28 10:49:16,0.0,0,0,7700279,2019-05-28 10:49:16,btc,0.0,0.10323313,0,btc,0.0,0.0,0.0,264
1,[],20,[],2019-05-28 10:49:18,980215.6101,0.000000142,0.000000000012338152800000001,7700280,2019-05-28 10:49:18,btc,0.9781749883409,74578.8207,0.000000142,btc,52160.9707,0.042689059308,0.0109761547767,264
0,[],22,[],2019-04-12 17:57:27,0.0,0,0,7278186,2019-04-12 17:57:27,,66.37522201,0.0,0,,677842.4169881374,0.0,0.0,271
0,[],22,[],2019-05-28 10:09:49,0.0,0,0,7700123,2019-05-28 10:09:49,,33050470.74998113,0.0,0,,14361377780.7,0.0,0.0,272
0,[],28,[],2019-05-28 10:09:51,0.0,0,0,7700124,2019-05-28 10:09:51,,0.0,41041727177.1442,0,,0.0,0.0,0.0,272
1,[],22,[],2019-05-23 07:12:29,219930.0,0.00000004,0.000000000003048688,7671985,2019-05-23 07:12:29,BTC,426.77835217,0.0,0.00000004,BTC,248664.3325962929,0.0,0.00739728,281
1,[],22,[],2019-05-28 10:49:23,228391.1,0.00000004,0.000000000003475536,7700281,2019-05-28 10:49:23,BTC,31.63331449,0.0,0.00000004,"BTC,LTC",1219762.4291012324,0.00116524,0.00866849,286
0,[],22,[],2019-05-28 10:49:26,0.0,0,0,7700282,2019-05-28 10:49:26,,7337904.96568486,0.0,0,,2004620112.6797826,0.0,0.0,294
