pairValue,buyBook,exchangeId,sellBook,updated,buyTotal,satoshiPrice,usdPrice,exchangeLogId,created,bestPair,sellTotalBtc,volume,pairPrice,activePairs,sellTotal,volumeBtc,buyTotalBtc,coinId
1,[],3,[],2019-02-18 14:15:19,30565.264850411946,0.01294556000000000005323297358472700580023229122161865234375,0.000000495312660272,6708277,2019-02-18 14:15:19,btc,107.06333347825161,0.005229058084,0.01294556000000000005323297358472700580023229122161865234375,btc,21.274948058051002,0.0,0.3688732093648015,1
1,[],4,[],2019-02-18 14:15:20,98.73649094,0.01313326,0.000000502494287512,6708278,2019-02-18 14:15:20,btc,0.8340641269087558,0.0,0.01313326,btc,59.33577859,0.90582198,1.207608889688249,1
1,[],5,[],2019-02-18 14:15:23,0.0,0,0,6708279,2019-02-18 14:15:23,btc,0.0,0.00762684,0,btc,0.0,0.0,0.0,1
1,[],10,[],2019-02-18 14:15:26,415362.16768539,0.00954692,0.000000365276615504,6708280,2019-02-18 14:15:26,btc,6526.8495021971075,1616.05576352,0.00954692,btc,1184.43333518,0.0,4.087960539688016,1
1,[],12,[],2019-02-18 14:15:28,10444.15961671,0.01299999999999999940325512426397835952229797840118408203125,0.0000004973956,6708281,2019-02-18 14:15:28,btc,0.31737779727050003,0.0,0.01299999999999999940325512426397835952229797840118408203125,btc,17.24863872,1.2520976666479,0.4453741297243,1
1,[],20,[],2019-02-18 14:15:30,1152.9273,0.010500212,0.0000004017507113744,6708282,2019-02-18 14:15:30,btc,0.0588401269655,0.0,0.010500212,btc,2.6354,0.0,0.1086609348315,1
1,[],21,[],2019-02-18 14:15:31,2336.8423578,0.01301784999999999921371784950,0.00000049807856242,6708283,2019-02-18 14:15:31,btc,24.01416163504125,3469.20289941,0.01301784999999999921371784949997163494117558002471923828125,"btc,eth",2203.22416101,41.615147317272225,23.973880016006657,1
1,[],22,[],2019-02-18 14:15:35,0.0163776,0.01300000,0.0000004973956,6708284,2019-02-18 14:15:35,BTC,0.31407927,0.0,0.01300000,BTC,0.10751954901960785,0.0,0.00020972,1
1,[],24,[],2019-02-18 14:15:36,0.0,0.000000000000,0,6708285,2019-02-18 14:15:36,btc,0.0,0.0,0.000000000000,btc,0.0,0.0,0.0,1
0.0,[],25,[],2019-02-18 14:15:37,0.0,0,0,6708286,2019-02-18 14:15:37,btc,22.787599997554963,1660.92100467,0.0,btc,1701.82577809,21.7057,0.0,1
1,[],26,[],2019-02-18 14:16:03,0.0,0,0,6708287,2019-02-18 14:16:03,,0.0,0.0,0,,0.0,0.0,0.0,1
1,[],28,[],2019-02-18 14:16:05,992.968,0.01231000,0.000000470995372,6708288,2019-02-18 14:16:05,btc,0.162839806,18273.6,0.01231000,btc,8.9,0.0,0.086870176,1
0,[],2,[],2019-01-20 23:28:45,0.0,0,0,6477011,2019-01-20 23:28:45,,0.0,0.0,0,,0.0,0.0,0.0,1
1,[],5,[],2019-02-18 14:16:06,0.0,0,0,6708289,2019-02-18 14:16:06,btc,0.0,0.00662326,0,btc,0.0,0.0,0.0,2
0.0000000001289486,[],22,[],2019-02-18 14:16:10,1148.0,1.4184346e-16,5.427100991752e-21,6708290,2019-02-18 14:16:10,XMR,21.01373823,0.0,0.00000110,XMR,14319.12581,0.0,0.00087635,2
1,[],5,[],2019-02-18 14:16:11,0.0,0,0,6708291,2019-02-18 14:16:11,btc,0.0,0.02488033,0,btc,0.0,0.0,0.0,3
1,[],12,[],2019-02-18 14:16:12,12364570.4789395,0.000000168,0.0000000000064278816,6708292,2019-02-18 14:16:12,btc,923821.1367031861,0.0,0.000000168,btc,9132631.26951197,0.24202582537191683,0.4905202152905716,3
0,[],28,[],2019-02-18 14:16:14,0.0,0,0,6708293,2019-02-18 14:16:14,,0.0,0.0,0,,0.0,0.0,0.0,3
0,[],2,[],2019-01-20 23:31:32,0.0,0,0,6477077,2019-01-20 23:31:32,,0.0,0.0,0,,0.0,0.0,0.0,4
1,[],4,[],2019-02-18 14:16:15,400705.04836527,0.00000032,0.000000000012243584,6708294,2019-02-18 14:16:15,btc,0.3843001729051422,0.0,0.00000032,btc,337830.34099658,0.0,0.0548027983140441,4
1,[],12,[],2019-02-18 14:07:20,1364161.18866667,0.00000003,0.0000000000011443499999999999,6708118,2019-02-18 14:07:20,btc,11113878.263403386,0.0,0.00000003,btc,1200442.19484872,0.00187444,0.0220505104400001,5
0,[],2,[],2019-01-20 23:31:51,0.0,0,0,6477087,2019-01-20 23:31:51,,0.0,0.0,0,,0.0,0.0,0.0,6
1,[],11,[],2019-02-18 14:16:17,1381209.5,0.00000002,0.000000000000765224,6708295,2019-02-18 14:16:17,btc,9433.306063620637,10000.0,0.00000002,btc,40264064.15478057,0.0,0.019133885,6
1,[],3,[],2019-02-18 14:16:18,1095.912675861364,0.00015134999999999999256879157361055376895819790661334991455078125,0.00000000579083262,6708296,2019-02-18 14:16:18,btc,27.605796873748474,0.0,0.00015134999999999999256879157361055376895819790661334991455078125,btc,249.144760639695,0.0,0.03479752361823446,7
1,[],4,[],2019-02-18 14:16:19,13251.35303416,0.00022888,0.000000008757223456,6708297,2019-02-18 14:16:19,btc,3.452572126811754,0.0,0.00022888,btc,13600.6138751,3.58668108,2.5540076210625426,7
1,[],5,[],2019-02-18 14:16:19,0.0,0,0,6708298,2019-02-18 14:16:19,btc,0.0,0.78834894,0,btc,0.0,0.0,0.0,7
1,[],20,[],2019-02-18 11:47:40,39399800.8418,0.000000001,0.000000000000037350500000000005,6706529,2019-02-18 11:47:40,btc,116.9737581404545,0.0,0.000000001,btc,56932990.8895,0.0,0.0393998008418,8
1,[],4,[],2019-02-18 14:16:21,179162.5124041,0.00000175,0.0000000000669571,6708299,2019-02-18 14:16:21,btc,0.6476961515073701,0.0,0.00000175,btc,345348.55703437,2.08850478,0.2737564077487293,9
1,[],28,[],2019-02-18 14:16:23,43300.0,0.00000166,0.000000000063513592,6708300,2019-02-18 14:16:23,btc,2709.14647568,3611457.72,0.00000166,btc,204372.91,0.0,0.043148,9
0,[],2,[],2019-01-20 23:22:42,0.0,0,0,6476876,2019-01-20 23:22:42,,0.0,0.0,0,,0.0,0.0,0.0,9
0,[],23,[],2019-01-20 23:22:48,0.0,0,0,6476878,2019-01-20 23:22:48,,0.0,0.0,0,,0.0,0.0,0.0,9
1,[],1,[],2019-02-17 23:31:42,1822507.21,0.00000181000000000000003456111265232042484285557293333113193511962890625,0.000000000066086901,6701244,2019-02-17 23:31:42,btc,3.6990969245,17153386.5,0.00000181000000000000003456111265232042484285557293333113193511962890625,btc,1997391.71,31.11772986,3.2610482446,9
1,[],4,[],2019-02-17 11:22:43,4341674.27126056,0.00000002,0.0000000000007272960000000001,6696112,2019-02-17 11:22:43,btc,0.1997230937751353,0.0,0.00000002,btc,4109766.79808031,0.00215132,0.0479381022052112,10
1,[],4,[],2019-02-18 14:16:24,725397.7246431,0.00000161,0.000000000061600532,6708301,2019-02-18 14:16:24,btc,2.086827797157151,0.0,0.00000161,btc,1237680.0571213,3.09457962,1.113811367867624,12
1,[],5,[],2019-02-18 14:16:25,0.0,0,0,6708302,2019-02-18 14:16:25,btc,0.0,0.49220072,0,btc,0.0,0.0,0.0,12
0.0,[],25,[],2019-02-18 14:16:27,0.0,0,0,6708303,2019-02-18 14:16:27,,0.0,0.0,0.0,btc,0.0,0.0,0.0,12
0,[],2,[],2019-01-20 23:23:08,0.0,0,0,6476890,2019-01-20 23:23:08,,0.0,0.0,0,,0.0,0.0,0.0,12
1,[],4,[],2019-02-18 14:16:27,1436259.93051118,0.00000606,0.000000000231862872,6708304,2019-02-18 14:16:27,btc,0.7557068849051517,0.0,0.00000606,btc,110317.92354512,0.33709903,2.1054165254058614,13
1,[],10,[],2019-02-18 14:16:31,457158.93656445,0.00000601,0.000000000229949812,6708305,2019-02-18 14:16:31,btc,666802.4811760976,5969.3898803,0.00000601,btc,724845.35630976,0.0,0.3955605422474166,13
1,[],21,[],2019-02-18 14:16:32,750023.87778348,0.000006170000000000000218427706478,0.000000000236071604,6708306,2019-02-18 14:16:32,btc,10.700544001112915,1189101.10084053,0.00000617000000000000021842770647761966529287747107446193695068359375,btc,1532395.63133828,7.25764019,4.19950736509828,13
1,[],4,[],2019-02-18 14:16:33,973471.04502563,0.00000133,0.000000000050887396,6708307,2019-02-18 14:16:33,btc,0.1011508950123171,0.0,0.00000133,btc,57586.28687427,0.01606052,0.3946544200695989,14
1,[],12,[],2019-02-18 14:16:34,86286.4263925,0.000001260000000000000006510091944689211373997750342823565006256103515625,0.000000000048209112,6708308,2019-02-18 14:16:34,btc,5.30693342626373,0.0,0.000001260000000000000006510091944689211373997750342823565006256103515625,btc,31517.002997,0.0007318696577485,0.010263999999965,14
0,[],17,[],2019-02-18 14:16:36,0.0,0,0,6708309,2019-02-18 14:16:36,btc,0.0,0.0,0,btc,0.0,0.0,0.0,14
1,[],26,[],2019-02-18 14:16:36,0.0,0.00000050,0.0000000000191306,6708310,2019-02-18 14:16:36,btc,0.0,0.0,0.00000050,btc,0.0,0.0,0.0,14
0,[],4,[],2019-02-18 14:16:37,0.0,0,0,6708311,2019-02-18 14:16:37,,0.0,0.0,0,,0.0,0.0,0.0,15
,[],12,[],2018-12-01 15:15:48,204241.84496,0.00000489,0.000000000202473384,5260204,2018-12-01 15:15:48,btc,49.5475654835,0.0,,btc,35763.2193806,0.0163153972027625,0.0203389899998,15
1,[],4,[],2019-02-18 14:16:40,28167.80726896,0.00001855,0.00000000070974526,6708312,2019-02-18 14:16:40,btc,1.2096227534203552,0.0,0.00001855,btc,6762.78033719,0.03224779,0.1221744100669624,18
1,[],10,[],2019-02-18 14:16:43,784620.76737205,0.00001933,0.0000000007395889959999999,6708313,2019-02-18 14:16:43,btc,15.52855627012604,17016.5702282,0.00001933,btc,10157.8423192,0.0,0.2260494144824672,18
1,[],12,[],2019-02-18 14:16:45,204431.7739339,0.0000177300000000000013470301263307504768818034790456295013427734375,0.0000000006783710760000001,6708314,2019-02-18 14:16:45,btc,21.911193837121623,0.0,0.0000177300000000000013470301263307504768818034790456295013427734375,btc,1814.87487713,0.00204981975509,0.0345545998396988,18
0,[],17,[],2019-02-18 14:16:56,0.0,0,0,6708315,2019-02-18 14:16:56,btc,0.0,0.0,0,btc,0.0,0.0,0.0,18
0,[],2,[],2019-01-20 23:23:38,0.0,0,0,6476906,2019-01-20 23:23:38,,0.0,0.0,0,,0.0,0.0,0.0,18
1,[],3,[],2019-02-18 14:16:57,123796.2774051166,0.0000231399999999999986775855997933604157879017293453216552734375,0.0000000008853641679999999,6708316,2019-02-18 14:16:57,btc,0.5458625999427664,29.8912871105,0.0000231399999999999986775855997933604157879017293453216552734375,btc,7110.107464235501,0.0,0.1486660462591062,19
1,[],4,[],2019-02-18 14:16:58,323277.85255832,0.00002380,0.00000000091061656,6708317,2019-02-18 14:16:58,btc,0.2022777291939645,0.0,0.00002380,btc,7608.76081311,0.52029959,3.4487300084275847,19
1,[],5,[],2019-02-18 14:17:00,0.0,0,0,6708318,2019-02-18 14:17:00,btc,0.0,0.005168,0,btc,0.0,0.0,0.0,19
1,[],12,[],2019-02-18 14:17:01,134813.46014971,0.00002271000000000000110049989954230653665945283137261867523193359375,0.000000000868911852,6708319,2019-02-18 14:17:01,btc,0.029524341865600802,0.0,0.00002271000000000000110049989954230653665945283137261867523193359375,btc,292.66393647,0.0,0.0327016599999141,19
0,[],27,[],2019-02-18 14:17:04,0.0,0,0,6708320,2019-02-18 14:17:04,,0.0,0.0,0,btc,0.0,0.0,0.0,19
0,[],2,[],2019-01-20 23:24:19,0.0,0,0,6476924,2019-01-20 23:24:19,,0.0,0.0,0,,0.0,0.0,0.0,19
1,[],4,[],2019-02-18 14:17:05,8073339.77783351,0.00000015,0.00000000000573918,6708321,2019-02-18 14:17:05,btc,0.7483254850397547,0.0,0.00000015,btc,1596183.29804811,0.00205832,0.2590475804794153,20
1,[],4,[],2019-02-18 14:17:06,110831872.1666164,0.00000002,0.000000000000765224,6708322,2019-02-18 14:17:06,btc,0.4052000963908996,0.0,0.00000002,btc,11921192.93946572,0.01313368,1.2544778872129683,21
1,[],12,[],2019-02-18 14:17:07,18391683.0,0.00000002,0.000000000000765224,6708323,2019-02-18 14:17:07,btc,669.7087783817494,0.0,0.00000002,btc,8580697.27073194,0.00034862997003,0.24005394,21
0,[],17,[],2019-02-18 12:10:26,0.0,0,0,6706930,2019-02-18 12:10:26,btc,0.0,0.0,0,btc,0.0,0.0,0.0,21
1,[],12,[],2019-02-18 14:17:19,2762110551.043896,0.0000000002,0.00000000000000765224,6708324,2019-02-18 14:17:19,btc,880864730551.8406,0.0,0.0000000002,btc,4219037381.2262254,0.024901662056543455,0.2800356193555898,23
0,[],27,[],2019-02-18 14:17:22,0.0,0,0,6708325,2019-02-18 14:17:22,,1.3429826565934113,0.0,0,eth,1964879.85514486,0.0,0.0,23
1,[],4,[],2019-02-18 14:17:23,314113.4963389,0.00000066,0.000000000025252392,6708326,2019-02-18 14:17:23,btc,0.1631815439646121,0.0,0.00000066,btc,172045.98245914,0.02934829,0.15899660187593,24
1,[],22,[],2019-02-18 14:17:27,11.76,0.00000100,0.0000000000382612,6708327,2019-02-18 14:17:27,BTC,7.415e-05,0.0,0.00000100,BTC,23.919354838709676,0.0,1.176e-05,24
0.0,[],25,[],2019-02-18 14:17:28,0.0,0,0,6708328,2019-02-18 14:17:28,,0.0,0.0,0.0,btc,0.0,0.0,0.0,24
1,[],4,[],2019-02-18 14:17:29,22018022.91857171,0.00000580,0.00000000022191496,6708329,2019-02-18 14:17:29,btc,0.5211555834815016,0.0,0.00000580,btc,42569.48026492,0.14194699,0.3848004672796729,26
1,[],10,[],2019-02-18 14:17:31,682874.19163166,0.0000054,0.00000000020661048,6708330,2019-02-18 14:17:31,btc,25.927272136924913,275.07855722,0.0000054,btc,14351.41452713,0.0,0.2128385226438311,26
0,[],2,[],2019-01-20 23:25:56,0.0,0,0,6476976,2019-01-20 23:25:56,,0.0,0.0,0,,0.0,0.0,0.0,26
1,[],3,[],2019-02-18 14:17:32,5834257.70213569,0.00000001,0.000000000000382612,6708331,2019-02-18 14:17:32,btc,2.696715656509302,175106.257,0.00000001,btc,17029718.30434958,0.0,0.058342577021356895,27
1,[],5,[],2019-02-18 14:17:32,0.0,0,0,6708332,2019-02-18 14:17:32,btc,0.0,0.0024325,0,btc,0.0,0.0,0.0,27
1,[],11,[],2019-02-18 14:17:34,9803584.35433359,0.00000005,0.00000000000191306,6708333,2019-02-18 14:17:34,btc,67506.53097482225,8080.0,0.00000005,btc,8171781.9463934,0.0,0.458287845339645,27
1,[],4,[],2019-02-18 14:17:35,604573035.2576107,0.00000002,0.000000000000765224,6708334,2019-02-18 14:17:35,btc,0.22532635902267953,0.0,0.00000002,"btc,ltc",19279521.60321442,0.1831632,8.17581175880521,29
1,[],7,[],2019-02-18 14:17:37,28331222.78473078,0.00000002,0.000000000000765224,6708335,2019-02-18 14:17:37,btc,44465227.26101561,45216.8501875,0.00000002,btc,56331257.24733038,0.0,0.41177753124638994,29
1,[],4,[],2019-02-18 14:17:37,1455887.93872752,0.00000030,0.00000000001147836,6708336,2019-02-18 14:17:37,btc,0.2574270852659756,0.0,0.00000030,btc,524953.21192523,0.01174159,0.1091031319438889,30
0,[],17,[],2019-02-18 14:17:40,0.0,0,0,6708337,2019-02-18 14:17:40,btc,0.0,0.0,0,btc,0.0,0.0,0.0,30
1,[],4,[],2019-02-18 14:17:40,1144387.07639094,0.00006303,0.000000002411603436,6708338,2019-02-18 14:17:40,btc,0.6215696094013885,0.0,0.00006303,btc,9093.28062161,1.84909292,1.920711529111144,31
1,[],21,[],2019-02-18 14:17:41,66470.71331097,0.00006284999999999999625594632180,0.0000000024047164199999997,6708339,2019-02-18 14:17:41,btc,2.5554716178478794,139085.94040507,0.000062849999999999996255946321799257248130743391811847686767578125,btc,38857.2014018,8.64883107,3.8312591090473753,31
0,[],2,[],2019-01-20 23:28:43,0.0,0,0,6477009,2019-01-20 23:28:43,,0.0,0.0,0,,0.0,0.0,0.0,32
1,[],4,[],2019-02-18 14:17:43,132720151.5173246,0.00000004,0.000000000001530448,6708340,2019-02-18 14:17:43,btc,4.187312850539362,0.0,0.00000004,"btc,ltc",85815247.85819814,0.98070122,2.1520158178681044,33
1,[],12,[],2019-02-18 14:17:44,14672373.225,0.00000005,0.00000000000191306,6708341,2019-02-18 14:17:44,btc,34508971.12695103,0.0,0.00000005,btc,88918241.41658317,0.0023812149850162,0.47695552125,33
1,[],4,[],2019-02-18 14:17:45,134152316.03263935,0.00000001,0.000000000000382612,6708342,2019-02-18 14:17:45,btc,1.009841519596579,0.0,0.00000001,btc,42452532.23878488,0.00354792,1.3415231603263935,34
1,[],5,[],2019-02-18 14:17:46,0.0,0,0,6708343,2019-02-18 14:17:46,btc,0.0,0.33468353,0,btc,0.0,0.0,0.0,34
0,[],17,[],2019-02-18 13:57:40,0.0,0,0,6707968,2019-02-18 13:57:40,btc,0.14155809932333913,0.0,0,btc,10796613.27743647,0.0,0.0,36
0.00000000012139580000000002,[],4,[],2019-02-18 14:17:48,911458576.2315063,2.4279160000000003e-18,9.289497965920001e-23,6708344,2019-02-18 14:17:48,ltc,1.006536105479375e-08,0.0,0.00000002,ltc,1993649782.1110816,0.0,1.6531550269765528e-09,36
1,[],5,[],2019-02-18 14:17:49,0.0,0,0,6708345,2019-02-18 14:17:49,btc,0.0,0.0,0,btc,0.0,0.0,0.0,36
0.0000000003786865,[],27,[],2019-02-18 14:17:53,262000.0,3.7868649999999996e-18,1.4488999913799998e-22,6708346,2019-02-18 14:17:53,eth,113.82128944818679,0.0,0.00000001,"ltc,eth",3757762.7424504,0.0,9.9215863e-13,36
1,[],4,[],2019-02-18 14:17:54,481355.85283813,0.00000077,0.000000000029461124,6708347,2019-02-18 14:17:54,btc,0.2489149150854393,0.0,0.00000077,btc,193037.30525463,0.2813116,0.2008618070190275,37
1,[],12,[],2019-02-18 14:17:55,682302.92150947,0.00000083,0.000000000031756796,6708348,2019-02-18 14:17:55,btc,1364.1089506888743,0.0,0.00000083,btc,783721.76864389,0.0747563275581374,0.2529720184292208,37
1,[],17,[],2019-02-18 14:17:57,1752.74075282,0.00000025,0.0000000000095653,6708349,2019-02-18 14:17:57,btc,0.0554849240068441,0.0,0.00000025,btc,1387.19918473,0.0,0.00043818518820499993,37
1,[],27,[],2019-02-18 14:18:01,14752.0,0.00000045,0.00000000001721754,6708350,2019-02-18 14:18:01,btc,26.25770832162233,0.0,0.00000045,btc,6830.24738508,0.0,0.00483022,37
1,[],5,[],2019-02-18 14:18:02,0.0,0,0,6708351,2019-02-18 14:18:02,btc,0.0,0.10188971,0,btc,0.0,0.0,0.0,42
1,[],12,[],2019-02-18 14:18:04,133981.64936912,0.00000091,0.000000000034817692,6708352,2019-02-18 14:18:04,btc,93.60805701685098,0.0,0.00000091,btc,90011.20504743,0.000430459090911,0.0412582999999977,42
0,[],27,[],2019-02-18 14:18:08,0.0,0,0,6708353,2019-02-18 14:18:08,,0.00315028,0.0,0,"btc,eth",11.007,0.0,0.0,42
1,[],5,[],2019-02-18 14:18:09,0.0,0,0,6708354,2019-02-18 14:18:09,btc,0.0,0.0,0,btc,0.0,0.0,0.0,43
1,[],12,[],2019-02-18 14:18:12,4206332.0,0.00000002,0.000000000000765224,6708355,2019-02-18 14:18:12,btc,20007435.274336576,0.0,0.00000002,btc,38970228.21718281,0.0008390094605394,0.04314388,43
0,[],17,[],2019-02-18 14:18:15,0.0,0,0,6708356,2019-02-18 14:18:15,btc,0.0,0.0,0,btc,0.0,0.0,0.0,43
1,[],12,[],2019-02-18 14:18:16,697894.0,0.00000004,0.000000000001530448,6708357,2019-02-18 14:18:16,btc,11115167.402481452,0.0,0.00000004,btc,1013037.31470526,0.0011977594005995,0.01789969,44
1,[],4,[],2019-02-18 14:18:17,324980949.8930303,0.00000002,0.000000000000765224,6708358,2019-02-18 14:18:17,btc,0.1903207849386604,0.0,0.00000002,"btc,ltc",4619421.45245401,0.00215554,0.426729755999109,49
0,[],4,[],2019-02-18 14:18:18,0.0,0,0,6708359,2019-02-18 14:18:18,,4.645173507988263,0.0,0,,3525626008.194359,0.0,0.0,52
0,[],22,[],2019-02-18 14:18:21,0.0,0,0,6708360,2019-02-18 14:18:21,,4368.07440295,0.0,0,,262751443.67882353,0.0,0.0,57
0,[],27,[],2019-02-18 14:18:26,0.0,0,0,6708361,2019-02-18 14:18:26,,0.0,0.0,0,"btc,eth",0.0,0.0,0.0,57
0.00000000012139580000000002,[],4,[],2019-02-18 14:18:27,770334397.4185741,4.8558320000000006e-18,1.8578995931840001e-22,6708362,2019-02-18 14:18:27,ltc,3.2722090027501753,0.0,0.00000004,ltc,932841023.9884205,0.0,1.8109049423375366e-09,58
1,[],12,[],2019-02-18 14:18:28,1757983992.843957,0.0000000005,0.000000000000019130600000000002,6708363,2019-02-18 14:18:28,btc,224005480191.24777,0.0,0.0000000005,btc,3708168514.2682076,0.020662844535888163,0.5940814227011392,58
0,[],17,[],2019-02-18 14:18:30,0.0,0,0,6708364,2019-02-18 14:18:30,btc,1e+24,0.0,0,btc,41401875.8285055,0.0,0.0,58
0.0000000001289486,[],22,[],2019-02-18 14:18:33,137438.0,1.289486e-18,4.93372817432e-23,6708365,2019-02-18 14:18:33,XMR,69.8835922,0.0,0.00000001,XMR,9887963.0,0.0,0.00137438,58
1,[],5,[],2019-02-18 14:18:35,0.0,0,0,6708366,2019-02-18 14:18:35,btc,0.0,0.00731506,0,btc,0.0,0.0,0.0,61
1,[],22,[],2019-02-18 14:18:39,5149.5,0.00000011,0.000000000004208732,6708367,2019-02-18 14:18:39,BTC,1002.29597012,0.0,0.00000011,BTC,14947.700278135757,0.0,0.00051596,61
1,[],26,[],2019-02-18 14:18:39,0.0,0.00000800,0.0000000003060896,6708368,2019-02-18 14:18:39,btc,0.0,0.0,0.00000800,btc,0.0,0.0,0.0,61
1,[],27,[],2019-02-18 14:18:42,13182.64,0.00000045,0.00000000001721754,6708369,2019-02-18 14:18:42,btc,2.99027150222073,0.0,0.00000045,"btc,eth",18963.38399471,0.0,0.0009709972055560883,61
1,[],28,[],2019-02-18 14:18:44,13882.304,0.0000005,0.0000000000191306,6708370,2019-02-18 14:18:44,btc,2.062488404235105,825.0,0.0000005,btc,15611.87550005,0.0,0.00566491304,61
1,[],4,[],2019-02-18 13:46:35,504248.32834427,0.00000332,0.00000000012582600800000002,6707795,2019-02-18 13:46:35,btc,1.1990473490863056,0.0,0.00000332,btc,273869.94927324,0.7979651,1.028978931761883,67
0.0,[],25,[],2019-02-18 13:46:36,0.0,0,0,6707796,2019-02-18 13:46:36,,0.0,0.0,0.0,btc,0.0,0.0,0.0,67
1,[],12,[],2019-02-18 14:18:46,2926710.4253492,0.00000014,0.000000000005356568,6708371,2019-02-18 14:18:46,btc,11115995.90425289,0.0,0.00000014,btc,1893638.59926134,0.0033514415478654,0.0882761864411106,71
,[],5,[],2018-11-20 23:02:39,1.5e-07,0.00000005,0.000000000002128045,4862160,2018-11-20 23:02:39,btc,2.84511358,0.0,,btc,0.00036572,0.0,0.07381892,74
1,[],5,[],2019-02-18 14:09:59,0.0,0,0,6708185,2019-02-18 14:09:59,btc,0.0,0.0,0,btc,0.0,0.0,0.0,75
1,[],4,[],2019-02-18 14:18:47,29738604.75692337,0.00000001,0.000000000000382612,6708372,2019-02-18 14:18:47,btc,0.8634517537739842,0.0,0.00000001,btc,15391342.79181637,0.0,0.2973860475692337,81
0,[],20,[],2019-01-25 09:30:31,0.0,0,0,6495923,2019-01-25 09:30:31,btc,0.0,0.0,0,btc,0.0,0.0,0.0,81
1,[],4,[],2019-02-18 14:18:49,28623.80061804,0.00007495,0.0000000028676769399999998,6708373,2019-02-18 14:18:49,btc,1.2964112756096744,0.0,0.00007495,btc,10946.88596563,0.0095619,0.1934729326419006,82
1,[],21,[],2019-02-18 14:18:49,162890.72551355,0.00007975000000000000046750797678,0.0000000030513307,6708374,2019-02-18 14:18:49,btc,2.6526674880488046,6429.14980904,0.000079750000000000000467507976775749511944013647735118865966796875,btc,26000.72111718,0.51084635,2.911922840593785,82
0,[],17,[],2019-02-18 14:18:51,0.0,0,0,6708375,2019-02-18 14:18:51,btc,0.0447233088476774,0.0,0,btc,999127.19588126,0.0,0.0,84
0.00000000012139580000000002,[],4,[],2019-02-18 14:18:52,165763614.34750786,8.497706000000001e-18,3.251324288072e-22,6708376,2019-02-18 14:18:52,ltc,0.19541526446525312,0.0,0.00000007,ltc,99476548.3467596,0.00027536,7.997989095965876e-10,85
,[],22,[],2018-11-20 23:09:34,3408.1,0.0000001,0.0000000000041895,4862324,2018-11-20 23:09:34,BTC,0.04624735,0.0,,BTC,4990.0,0.0,0.00033081,86
0,[],22,[],2019-02-18 14:18:55,0.0,0,0,6708377,2019-02-18 14:18:55,,2.0760781,0.0,0,,140622.94736842104,0.0,0.0,87
0,[],27,[],2019-02-18 14:18:58,0.0,0,0,6708378,2019-02-18 14:18:58,,0.0,0.0,0,btc,0.0,0.0,0.0,87
,[],2,[],2018-11-20 23:10:47,0.0,0,0,4862359,2018-11-20 23:10:47,,0.0,0.0,,,0.0,0.0,0.0,88
1,[],11,[],2019-02-18 14:19:00,96062.68305046,0.000143329999999999998204491813424965584999881684780120849609375,0.000000005483977796,6708379,2019-02-18 14:19:00,btc,609.9631227852858,482.099,0.000143329999999999998204491813424965584999881684780120849609375,btc,93897.89928474,0.0,6.437587450899164,89
0,[],2,[],2019-01-20 23:31:45,0.0,0,0,6477083,2019-01-20 23:31:45,,0.0,0.0,0,,0.0,0.0,0.0,91
1,[],12,[],2019-02-18 14:19:01,436671.34729883,0.000001870000000000000095373470405946125794116596807725727558135986328125,0.00000000007154844400000001,6708380,2019-02-18 14:19:01,btc,4.1731879981951305,0.0,0.000001870000000000000095373470405946125794116596807725727558135986328125,btc,48700.52743096,0.003032838,0.0574402650000013,91
0,[],17,[],2019-02-18 14:19:02,0.0,0,0,6708381,2019-02-18 14:19:02,btc,0.0,0.0,0,btc,0.0,0.0,0.0,91
0.00000000012139580000000002,[],22,[],2019-02-18 14:19:07,3511520.0,4.8558320000000006e-18,1.8578995931840001e-22,6708382,2019-02-18 14:19:07,LTC,9.13211897,0.0,0.00000004,LTC,72065348.1,4.83873947136e-12,0.1052108,95
0,[],17,[],2019-02-18 14:00:39,0.0,0,0,6708004,2019-02-18 14:00:39,btc,0.0,0.0,0,btc,0.0,0.0,0.0,96
0.00000000012139580000000002,[],4,[],2019-02-18 14:19:07,135699355.73219255,9.4688724e-17,3.6229042067088e-21,6708383,2019-02-18 14:19:07,ltc,0.6279169439906849,0.0,0.00000078,ltc,36490584.91343962,0.00127007,1.1588159179032692e-09,96
1,[],12,[],2019-02-18 14:19:08,257655.0,0.00000001,0.000000000000382612,6708384,2019-02-18 14:19:08,btc,255074.72067415336,0.0,0.00000001,btc,8790772.71959015,0.0004137866833166,0.00257655,96
1,[],4,[],2019-02-18 14:19:10,1494395.1873054,0.00000033,0.000000000012626196,6708385,2019-02-18 14:19:10,btc,0.3394439860550817,0.0,0.00000033,btc,656049.5593186,0.10605643,0.166886851084208,99
0,[],2,[],2019-01-20 23:23:55,0.0,0,0,6476914,2019-01-20 23:23:55,,0.0,0.0,0,,0.0,0.0,0.0,100
1,[],4,[],2019-02-18 14:19:11,194608.27564522,0.00003946,0.000000001509786952,6708386,2019-02-18 14:19:11,btc,0.9769214570091717,0.0,0.00003946,btc,22268.12966998,0.65318282,1.1556836400141557,100
1,[],22,[],2019-02-18 14:19:15,50000.0,0.00000001,0.000000000000382612,6708387,2019-02-18 14:19:15,BTC,23.49896609,0.0,0.00000001,BTC,10277.22,0.0,0.0005,101
1,[],4,[],2019-02-18 14:19:15,417976.71682594,0.00000094,0.000000000035965527999999997,6708388,2019-02-18 14:19:15,btc,0.4026168866679414,0.0,0.00000094,btc,161432.1263976,0.03140983,0.210959420495615,103
1,[],12,[],2019-02-18 14:19:18,40627400.0,0.000000015,0.0000000000005739179999999999,6708389,2019-02-18 14:19:18,btc,137278912.85532418,0.0,0.000000015,btc,126222918.81604475,0.0452218003492292,0.122982044,105
1,[],27,[],2019-02-18 14:19:21,3997411.89,0.00000001,0.000000000000382612,6708390,2019-02-18 14:19:21,btc,0.2583299431492299,0.0,0.00000001,btc,303168.20460553,0.0,0.0399741189,105
1,[],22,[],2019-02-18 14:19:25,9328.0,0.00000001,0.000000000000382612,6708391,2019-02-18 14:19:25,BTC,51.10825004,0.0,0.00000001,BTC,468935.0,0.0,9.328e-05,107
1,[],26,[],2019-02-18 14:19:25,0.0,0.00000000,0,6708392,2019-02-18 14:19:25,btc,0.0,0.0,0.00000000,btc,0.0,0.0,0.0,107
1,[],5,[],2019-02-18 14:19:26,0.0,0,0,6708393,2019-02-18 14:19:26,btc,0.0,1.239e-05,0,btc,0.0,0.0,0.0,112
1,[],22,[],2019-02-18 14:19:29,1966.0,0.00000001,0.000000000000382612,6708394,2019-02-18 14:19:29,BTC,2.81183288,0.0,0.00000001,BTC,808524.0833333334,0.0,1.966e-05,112
0,[],27,[],2019-02-18 14:19:33,0.0,0,0,6708395,2019-02-18 14:19:33,,1.35132491849924,0.0,0,"btc,eth",1328.641654,0.0,0.0,112
1,[],4,[],2019-02-18 14:19:34,476507.49522841,0.00000319,0.000000000122053228,6708396,2019-02-18 14:19:34,btc,0.2992334909342438,0.0,0.00000319,btc,73727.08555247,0.14951623,0.2679581626009513,113
1,[],5,[],2019-02-18 14:19:35,0.0,0,0,6708397,2019-02-18 14:19:35,btc,0.0,7.32e-05,0,btc,0.0,0.0,0.0,113
1,[],17,[],2019-02-18 14:01:41,152738.278,0.00000004,0.000000000001528572,6708018,2019-02-18 14:01:41,btc,1.3368030275505345,0.0,0.00000004,btc,51896.221,0.0,0.0022095311199999998,116
0,[],27,[],2019-02-18 14:19:48,0.0,0,0,6708398,2019-02-18 14:19:48,,0.0,0.0,0,btc,0.0,0.0,0.0,116
1,[],4,[],2019-02-18 14:19:49,32832.88470606,0.00003085,0.00000000118035802,6708399,2019-02-18 14:19:49,btc,0.8748502145005365,0.0,0.00003085,btc,25361.08937195,1.52153905,0.789896204623755,120
1,[],7,[],2019-02-18 14:19:51,18220.39995169,0.0000300600000000000001855633702252390548892435617744922637939453125,0.000000001150131672,6708400,2019-02-18 14:19:51,btc,115647.13811311152,8.09163374,0.0000300600000000000001855633702252390548892435617744922637939453125,btc,27876.74678351,0.0002666,0.0768221663037289,120
1,[],20,[],2019-02-18 14:19:54,1076585.3897,0.000000017,0.0000000000006504404,6708401,2019-02-18 14:19:54,btc,31.909198496025,0.0,0.000000017,btc,1141978.7853,0.0,0.0051311490174,125
1,[],22,[],2019-02-18 14:19:57,3053.0,0.00000001,0.000000000000382612,6708402,2019-02-18 14:19:57,BTC,0.01444887,0.0,0.00000001,BTC,296263.5111111111,0.0,3.053e-05,126
0,[],2,[],2019-01-20 23:25:46,0.0,0,0,6476969,2019-01-20 23:25:46,,0.0,0.0,0,,0.0,0.0,0.0,131
1,[],4,[],2019-02-18 14:19:58,120681.31330975,0.00001778,0.000000000680284136,6708403,2019-02-18 14:19:58,btc,0.9243536991581638,0.0,0.00001778,btc,44133.21685115,0.40441527,0.9501582256424361,131
0,[],17,[],2019-02-18 14:20:10,0.0,0,0,6708404,2019-02-18 14:20:10,btc,0.0009561751951600001,0.0,0,btc,35.42829368,0.0,0.0,131
1,[],4,[],2019-02-18 14:20:11,4559.32759769,0.00016090,0.00000000615622708,6708405,2019-02-18 14:20:11,btc,1.642035329786246,0.0,0.00016090,btc,307.87409808,0.00010658,0.0093066866463251,135
1,[],3,[],2019-02-18 14:20:12,1693271.03905174,0.00000005,0.00000000000191306,6708406,2019-02-18 14:20:12,btc,0.1273763531211645,12690.0,0.00000005,btc,522595.71602916997,0.0,0.0610753317803675,136
1,[],4,[],2019-02-18 14:20:12,55853.83772314,0.00000178,0.000000000068104936,6708407,2019-02-18 14:20:12,btc,0.1202828540214946,0.0,0.00000178,btc,56492.23300006,0.12313535,0.0668185383750864,137
1,[],12,[],2019-02-18 14:20:14,295886.90937527,0.000001769999999999999994019540816569957542014890350401401519775390625,0.000000000067722324,6708408,2019-02-18 14:20:14,btc,11981.702107810732,0.0,0.000001769999999999999994019540816569957542014890350401401519775390625,btc,157971.15676263,0.0011331270095241,0.0256548898320147,137
1,[],4,[],2019-02-18 14:20:15,114618.96700783,0.00005017,0.000000001919564404,6708409,2019-02-18 14:20:15,btc,0.6759473996903451,0.0,0.00005017,btc,10462.82033533,0.64272526,0.4404486036443282,142
1,[],5,[],2019-02-18 14:20:16,0.0,0,0,6708410,2019-02-18 14:20:16,btc,0.0,0.52774029,0,btc,0.0,0.0,0.0,142
1,[],20,[],2019-02-18 14:20:30,133753.1305,0.000033861,0.0000000012955624932,6708411,2019-02-18 14:20:30,btc,0.3322788504994,0.0,0.000033861,btc,2928.3501,0.0,0.2475165510569,142
1,[],22,[],2019-02-18 14:20:35,1613.354305200341,0.00003220,0.00000000123201064,6708412,2019-02-18 14:20:35,BTC,3.0070065,0.0,0.00003220,BTC,896.9784641392417,0.0,0.0018856,142
0.0,[],25,[],2019-02-18 14:20:36,0.0,0,0,6708413,2019-02-18 14:20:36,,0.0,0.0,0.0,btc,0.0,0.0,0.0,142
1,[],28,[],2019-02-18 14:20:39,77743.0,0.00004500,0.000000001721754,6708414,2019-02-18 14:20:39,btc,0.057100837,1995.0,0.00004500,btc,356.4989,0.0,0.0519372,142
1,[],17,[],2019-02-18 14:11:28,22967.386363640002,0.00000088,0.000000000033567600000000004,6708218,2019-02-18 14:11:28,btc,20.0699133484,0.0,0.00000088,btc,405.079105,0.0,0.0104613000000032,142
0,[],22,[],2019-02-18 14:20:42,0.0,0,0,6708415,2019-02-18 14:20:42,,67.48874799,0.0,0,,840795081.3,0.0,0.0,143
1,[],21,[],2019-02-18 14:20:43,33450692.29895103,0.00000026,0.000000000009947912,6708416,2019-02-18 14:20:43,btc,62.850359939661814,10096279.78382445,0.00000026,btc,97999020.73536964,2.68031351,4.908627808591818,145
0,[],22,[],2019-02-18 14:20:46,0.0,0,0,6708417,2019-02-18 14:20:46,,4.24946284,0.0,0,,1812156.0,0.0,0.0,146
,[],22,[],2018-11-20 23:01:11,0.0,0,0,4862114,2018-11-20 23:01:11,,2.56807021,0.0,,,61828.4988236,0.0,0.0,147
1,[],12,[],2019-02-18 14:20:47,8679426.07965243,0.00000279999999999999987329471311248152431971902842633426189422607421875,0.00000000010713135999999999,6708418,2019-02-18 14:20:47,btc,16.584152209551622,0.0,0.00000279999999999999987329471311248152431971902842633426189422607421875,btc,122592.2162754,0.0007799203321568,0.1082447480000103,148
1,[],4,[],2019-02-18 14:20:48,252439.56402332,0.00000030,0.00000000001147836,6708419,2019-02-18 14:20:48,btc,0.7859837689206473,0.0,0.00000030,btc,594188.21898097,0.0,0.0600404256786116,152
0,[],22,[],2019-02-18 14:20:51,0.0,0,0,6708420,2019-02-18 14:20:51,,0.0,0.0,0,,0.0,0.0,0.0,152
1,[],5,[],2019-02-18 14:20:52,0.0,0,0,6708421,2019-02-18 14:20:52,btc,0.0,0.0,0,btc,0.0,0.0,0.0,153
,[],16,[],2019-01-11 15:38:59,0.0,0,0,6366141,2019-01-11 15:38:59,btc,0.0,0.0,,btc,0.0,0.0,0.0,155
0,[],23,[],2019-01-20 23:24:29,0.0,0,0,6476932,2019-01-20 23:24:29,,0.0,0.0,0,,0.0,0.0,0.0,156
0,[],22,[],2019-02-18 14:20:57,0.0,0,0,6708422,2019-02-18 14:20:57,,6.74608761,0.0,0,,4644402.242592593,0.0,0.0,156
1,[],22,[],2019-02-18 14:21:01,7073.8,0.00005300,0.0000000020278436,6708423,2019-02-18 14:21:01,BTC,43.78801181,0.0,0.00005300,BTC,1067.5805334758436,0.0,0.00104336,157
0,[],22,[],2019-02-18 14:21:04,0.0,0,0,6708424,2019-02-18 14:21:04,,50175.68008609,0.0,0,,54479136.04179466,0.0,0.0,158
,[],17,[],2018-11-20 22:56:10,0.0,0,0,4861976,2018-11-20 22:56:10,btc,1.1265625,0.0,,btc,1000.0,0.0,0.0,159
,[],20,[],2018-11-20 22:56:12,0.0,0,0,4861977,2018-11-20 22:56:12,btc,11912.7940471,0.0,,btc,34413894.3617,0.0,0.0,159
1,[],17,[],2019-02-18 14:03:11,29784.95,0.000001,0.0000000000382143,6708047,2019-02-18 14:03:11,btc,0.03026736251542,0.0,0.000001,btc,144.46171372,0.0,0.00716147,168
1,[],12,[],2019-02-18 14:21:05,188388.03050967,0.00000709999999999999978459071237057997905139927752315998077392578125,0.00000000027165452,6708425,2019-02-18 14:21:05,btc,6.657400119661009,0.0,0.00000709999999999999978459071237057997905139927752315998077392578125,btc,14477.21569509,0.0057936737657922,0.0928546662060667,168
1,[],22,[],2019-02-18 14:21:09,100.0,0.00000001,0.000000000000382612,6708426,2019-02-18 14:21:09,BTC,1.14470145,0.0,0.00000001,BTC,603735.7234250928,0.00298632,1e-06,169
1,[],22,[],2019-02-18 14:21:13,178276.0,0.0000002,0.00000000000765224,6708427,2019-02-18 14:21:13,BTC,13.29113608,0.0,0.0000002,BTC,162571.99720342385,0.00071552,0.02486036,171
1,[],22,[],2019-02-18 14:21:17,172095.83333333334,0.00000006,0.000000000002295672,6708428,2019-02-18 14:21:17,BTC,2.66174,0.0,0.00000006,BTC,263220.8369928231,0.00377032,0.0086508,173
1,[],5,[],2019-02-18 14:21:19,0.0,0,0,6708429,2019-02-18 14:21:19,btc,0.0,0.00661344,0,btc,0.0,0.0,0.0,175
1,[],22,[],2019-02-18 14:21:22,52430.0,0.0000003,0.00000000001147836,6708430,2019-02-18 14:21:22,BTC,0.53079598,0.0,0.0000003,BTC,143403.40970790636,0.0,0.0055426,176
0,[],2,[],2019-01-20 23:28:34,0.0,0,0,6477001,2019-01-20 23:28:34,,0.0,0.0,0,,0.0,0.0,0.0,178
1,[],7,[],2019-02-18 14:21:25,0.0,0,0,6708431,2019-02-18 14:21:25,btc,410918.63489866455,1108.89110889,0,btc,115828955.16222881,1.109e-05,0.0,178
0,[],22,[],2019-02-18 14:21:27,0.0,0,0,6708432,2019-02-18 14:21:27,,1.00242428,0.0,0,,57512.0,0.0,0.0,178
0,[],23,[],2019-01-20 23:25:08,0.0,0,0,6476952,2019-01-20 23:25:08,,0.0,0.0,0,,0.0,0.0,0.0,179
1,[],5,[],2019-02-18 14:21:28,0.0,0,0,6708433,2019-02-18 14:21:28,btc,0.0,0.03557442,0,btc,0.0,0.0,0.0,179
1,[],22,[],2019-02-18 14:21:34,7779285.0,0.00000002,0.000000000000765224,6708434,2019-02-18 14:21:34,BTC,5.50797558,0.0,0.00000002,"BTC,LTC",17857364.676989965,0.0,0.38284554,179
1,[],17,[],2019-02-18 12:56:30,10504.725,0.0000001,0.0000000000037532499999999996,6707478,2019-02-18 12:56:30,btc,5.201913593537743,0.0,0.0000001,btc,5466.1328087,0.0,0.0010504725,180
1,[],22,[],2019-02-18 14:21:39,128805.4,0.0000001,0.00000000000382612,6708435,2019-02-18 14:21:39,BTC,0.13661574,0.0,0.0000001,"BTC,LTC",27300.93696464199,0.00097698,0.00132544,180
1,[],26,[],2019-02-18 14:21:39,0.0,0.00000100,0.0000000000382612,6708436,2019-02-18 14:21:39,btc,0.0,0.0,0.00000100,btc,0.0,0.0,0.0,180
,[],7,[],2018-11-20 22:58:01,562227.975654,0.00000085,0.000000000036176765,4862015,2018-11-20 22:58:01,btc,21836.6059674,2491.87645172,,btc,749999.041456,0.00211021,0.127565380455,183
,[],5,[],2019-01-10 08:11:41,0.0,0,0,6347036,2019-01-10 08:11:41,btc,82.15055501,0.00261,,btc,1.19002445,0.0,0.0,187
,[],17,[],2018-11-16 20:58:10,4062536.27273,0.00000001,0.000000000000550501,4708775,2018-11-16 20:58:10,btc,3.36492563466,0.195460381006,,"btc,eth",110697919.549,0.0,0.0157628953496,187
1,[],24,[],2019-02-18 14:21:39,0.0,0.000000000001,3.82612e-17,6708437,2019-02-18 14:21:39,btc,0.0,0.0,0.000000000001,btc,0.0,0.0,0.0,187
0,[],22,[],2019-02-18 14:21:42,0.0,0,0,6708438,2019-02-18 14:21:42,,1.19374426,0.0,0,,16338.869534405507,0.0,0.0,191
0,[],22,[],2019-02-18 14:21:48,0.0,0,0,6708439,2019-02-18 14:21:48,,0.0,0.0,0,,0.0,0.0,0.0,197
0,[],23,[],2019-01-20 23:31:41,0.0,0,0,6477079,2019-01-20 23:31:41,,0.0,0.0,0,,0.0,0.0,0.0,199
0,[],22,[],2019-02-18 14:21:52,0.0,0,0,6708440,2019-02-18 14:21:52,,5.17192327,0.0,0,,21801494.0,0.0,0.0,199
1,[],26,[],2019-02-18 14:21:52,0.0,0.00000000,0,6708441,2019-02-18 14:21:52,btc,0.0,633856.0,0.00000000,btc,0.0,0.0,0.0,199
0,[],17,[],2019-01-30 16:32:01,0.0,0,0,6540827,2019-01-30 16:32:01,btc,6.802544163788159,0.0,0,btc,105897.55575295,0.0,0.0,200
0,[],2,[],2019-01-20 23:30:49,0.0,0,0,6477059,2019-01-20 23:30:49,,0.0,0.0,0,,0.0,0.0,0.0,201
1,[],4,[],2019-01-25 15:51:35,2084389.58565343,0.00000936,0.000000000333526752,6499557,2019-01-25 15:51:35,btc,2.0092503037378524,0.0,0.00000936,btc,160195.80207885,0.19272417,1.242687955921835,211
1,[],7,[],2019-02-18 14:04:02,5240440.73126919,0.00000145999999999999999745971430986646311112053808756172657012939453125,0.000000000055792877999999996,6708064,2019-02-18 14:04:02,btc,15475863.774888176,846145.856043,0.00000145999999999999999745971430986646311112053808756172657012939453125,btc,12419441.16012368,1.23558631,3.78441153059903,212
1,[],12,[],2019-01-25 02:44:32,207462.42853209,0.000001080000000000000035831255497387193287295303889550268650054931640625,0.000000000038610756000000006,6493050,2019-01-25 02:44:32,btc,85023.03793723314,0.0,0.000001080000000000000035831255497387193287295303889550268650054931640625,btc,43675.73520027,0.000146250909087,0.0348620860622024,213
1,[],5,[],2019-02-18 14:21:55,0.0,0,0,6708442,2019-02-18 14:21:55,btc,0.0,0.239866,0,btc,0.0,0.0,0.0,213
1,[],24,[],2019-02-18 14:21:55,0.0,0.000000050000,0.00000000000191306,6708443,2019-02-18 14:21:55,btc,0.0,0.0,0.000000050000,btc,0.0,0.0,0.0,213
1,[],26,[],2019-02-18 14:21:55,0.0,0.00000009,0.0000000000034435079999999998,6708444,2019-02-18 14:21:55,btc,0.0,0.0,0.00000009,btc,0.0,0.0,0.0,213
0,[],22,[],2019-02-18 14:21:58,0.0,0,0,6708445,2019-02-18 14:21:58,,2.19551377,0.0,0,,211112.59081706151,0.0,0.0,216
1,[],27,[],2019-02-18 14:22:07,5204157.5615,0.00000006,0.000000000002295672,6708446,2019-02-18 14:22:07,btc,362.0745472606,200.0,0.00000006,"btc,ltc",264161.775,2e-05,0.05478726246,216
1,[],22,[],2019-02-18 14:22:10,191469.22052495697,0.00000190,0.00000000007269628,6708447,2019-02-18 14:22:10,BTC,12676.75775219,0.0,0.00000190,BTC,389270.4100647315,0.05582627,0.21938999,217
1,[],7,[],2019-02-18 14:22:13,0.0,0,0,6708448,2019-02-18 14:22:13,btc,77969.6156418105,0.0,0,btc,137055636.5050253,0.0,0.0,219
0,[],27,[],2019-02-18 14:22:16,0.0,0,0,6708449,2019-02-18 14:22:16,,5.341833788316972,0.0,0,btc,1599140.99226595,0.0,0.0,219
0.0000000000000054,[],28,[],2019-02-18 14:22:18,168566769.653,2.4301080000000002e-18,9.297884820960001e-23,6708450,2019-02-18 14:22:18,doge,84047.8870939895,14328.0,0.00045002,"btc,doge",4762557.44411,0.0,1.1924395374754351e-11,219
1,[],22,[],2019-02-18 14:22:21,244332.6,0.00000014,0.000000000005356568,6708451,2019-02-18 14:22:21,BTC,3.03110627,0.0,0.00000014,BTC,124292.57041875875,0.0,0.02641796,221
1,[],24,[],2019-02-18 14:22:22,0.0,0.000000170000,0.000000000006504404,6708452,2019-02-18 14:22:22,btc,0.0,0.0,0.000000170000,btc,0.0,0.0,0.0,221
1,[],20,[],2019-02-18 14:22:23,49269322.3415,0.000000002,0.0000000000000765224,6708453,2019-02-18 14:22:23,btc,47.9783305350875,240256.0808,0.000000002,btc,10158214.059,0.0007107393782,0.0501226281053,224
0,[],22,[],2019-02-18 14:22:26,0.0,0,0,6708454,2019-02-18 14:22:26,,0.0,0.0,0,,0.0,0.0,0.0,224
1,[],26,[],2019-02-18 14:22:26,0.0,0.00000033,0.000000000012626196,6708455,2019-02-18 14:22:26,btc,0.0,0.0,0.00000033,btc,0.0,0.0,0.0,231
1,[],26,[],2019-02-18 14:22:26,0.0,0.00000006,0.000000000002295672,6708456,2019-02-18 14:22:26,btc,0.0,100.0,0.00000006,btc,0.0,0.0,0.0,234
0,[],27,[],2019-02-18 14:22:30,0.0,0,0,6708457,2019-02-18 14:22:30,,0.0113483662182,0.0,0,"btc,eth",11462.99618,0.0,0.0,234
0,[],22,[],2019-02-18 14:22:41,0.0,0,0,6708458,2019-02-18 14:22:41,,3.02211091,0.0,0,,107455782.06349206,0.0,0.0,235
1,[],4,[],2019-02-18 14:22:42,1062354.493919,0.00000081,0.000000000030991572,6708459,2019-02-18 14:22:42,btc,0.412990686451994,0.0,0.00000081,btc,308543.92389197,0.06710668,0.3976441275620192,236
1,[],24,[],2019-02-18 14:22:42,0.0,0.000000020010,0.000000000000765606612,6708460,2019-02-18 14:22:42,btc,0.0,0.0,0.000000020010,btc,0.0,0.0,0.0,236
1,[],20,[],2019-02-18 14:22:45,76461282.9914,0.000000082,0.0000000000031374184,6708461,2019-02-18 14:22:45,btc,15.9434489073388,32434486.7182,0.000000082,btc,33958934.6497,2.5959874412463,1.0830281822369,237
1,[],22,[],2019-02-18 14:22:49,116403.0,0.00000004,0.000000000001530448,6708462,2019-02-18 14:22:49,BTC,0.0405823,0.0,0.00000004,"BTC,LTC",3164.0,0.0,0.00482009,237
1,[],4,[],2019-02-18 14:22:50,5951269.7718398,0.00000034,0.000000000013008808,6708463,2019-02-18 14:22:50,btc,0.5566230286648444,0.0,0.00000034,btc,1497292.87313166,0.13598533,1.84661955469256,238
1,[],5,[],2019-02-18 14:22:51,0.0,0,0,6708464,2019-02-18 14:22:51,btc,0.0,0.02163628,0,btc,0.0,0.0,0.0,238
0,[],22,[],2019-02-18 14:14:03,0.0,0,0,6708266,2019-02-18 14:14:03,,27.41701007,0.0,0,,370860.0639027493,0.0,0.0,249
0.00000000012139580000000002,[],22,[],2019-02-18 14:22:54,7021097.666666667,3.641874e-18,1.3934246948880002e-22,6708465,2019-02-18 14:22:54,LTC,0.56670218,0.0,0.00000003,LTC,15147487.09,1.700148179e-14,0.20963595,252
1,[],28,[],2019-02-18 14:22:56,4391956.698,0.0000001,0.00000000000382612,6708466,2019-02-18 14:22:56,btc,164693.69249005214,17085.3,0.0000001,btc,1044622.2751,0.0,0.2663411375,256
1,[],22,[],2019-02-18 14:14:22,1494873.6666666667,0.00000003,0.00000000000114435,6708269,2019-02-18 14:14:22,BTC,30.15819933,0.0,0.00000003,BTC,397613.92423192423,0.0003,0.04370093,258
1,[],22,[],2019-02-18 14:05:52,49651.0,0.00000002,0.000000000000764286,6708092,2019-02-18 14:05:52,BTC,2.629917,0.0,0.00000002,BTC,1762.0,0.0,0.00050551,259
1,[],22,[],2019-02-18 14:23:01,10860.0,0.00001220,0.00000000046678664,6708467,2019-02-18 14:23:01,BTC,1293.01600525,0.0,0.00001220,"BTC,LTC",5548.552122422949,0.00935328,0.01101865,262
1,[],5,[],2019-02-18 14:14:27,0.0,0,0,6708271,2019-02-18 14:14:27,btc,0.0,0.03402239,0,btc,0.0,0.0,0.0,264
1,[],20,[],2019-02-18 14:14:29,1216702.5177,0.000001211,0.000000000046193595,6708272,2019-02-18 14:14:29,btc,8.5956554058419,75432.7828,0.000001211,btc,142004.4736,0.205842602258,0.0187251514994,264
1,[],22,[],2019-02-18 14:23:05,62163.5,0.00000002,0.000000000000765224,6708468,2019-02-18 14:23:05,BTC,8.50078806,0.0,0.00000002,BTC,408009.1588548506,0.00022886,0.00074564,271
0,[],22,[],2019-02-18 14:23:08,0.0,0,0,6708469,2019-02-18 14:23:08,,385.44178703,0.0,0,,15173097515.9,0.0,0.0,272
0.0000000000000054,[],28,[],2019-02-18 14:23:10,217070613274.711,4.4280000000000004e-21,1.694205936e-25,6708470,2019-02-18 14:23:10,doge,441790910.7663863,32951842805.9992,0.00000082,doge,209774259925.1365,0.0,5.99165533730177e-10,272
1,[],22,[],2019-02-18 14:23:15,19026.916,0.00000500,0.000000000191306,6708471,2019-02-18 14:23:15,BTC,74.21380431,0.0,0.00000500,"BTC,LTC",4146.287704275735,0.05557571,0.04999812,281
