pairValue,buyBook,exchangeId,sellBook,updated,buyTotal,satoshiPrice,usdPrice,exchangeLogId,created,bestPair,sellTotalBtc,volume,pairPrice,activePairs,sellTotal,volumeBtc,buyTotalBtc,coinId
1,[],3,[],2019-07-02 13:19:29,31391.1703635054,0.00836000999999999931666661012741315062157809734344482421875,0.00000084151024659,7788102,2019-07-02 13:19:29,btc,9.26007825745702,80.3500980733,0.00836000999999999931666661012741315062157809734344482421875,btc,36.16819186602,0.0,0.23722193126261823,1
1,[],4,[],2019-07-02 13:19:30,208532.60290954,0.00840000,0.0000008455356,7788103,2019-07-02 13:19:30,btc,7.751622882970834,0.0,0.00840000,btc,357.11339738,7.63075385,2.994653538998327,1
1,[],5,[],2019-07-02 13:19:32,0.0,0,0,7788104,2019-07-02 13:19:32,btc,0.0,0.01298923,0,btc,0.0,0.0,0.0,1
1,[],10,[],2019-07-02 13:19:34,246604.88864418,0.00316,0.00000031808244,7788105,2019-07-02 13:19:34,btc,6525.618073476084,1140.17314064,0.00316,btc,1937.91272486,0.0,1.4322712805548812,1
1,[],12,[],2019-07-02 13:19:37,101.2781152,0.0083499999999999997835065101980944746173918247222900390625,0.0000008405026499999999,7788106,2019-07-02 13:19:37,btc,0.6439005003632999,0.0,0.0083499999999999997835065101980944746173918247222900390625,btc,27.47994547,2.140748943366,0.1825051050546,1
1,[],20,[],2019-07-02 13:19:39,928.5121,0.008250076,0.000000830444400084,7788107,2019-07-02 13:19:39,btc,0.1464177471521,0.9819,0.008250076,btc,10.8232,0.0097218710426,0.1300173576607,1
1,[],21,[],2019-07-02 13:19:40,2361.29942282,0.008377970000000000208584260974,0.00000084331808223,7788108,2019-07-02 13:19:40,btc,12.18817702312146,4149.18775549,0.00837797000000000020858426097447591018863022327423095703125,"btc,eth",2024.75073039,32.70637468278241,13.389756746497815,1
1,[],22,[],2019-07-02 13:19:44,1.5199,0.00850000,0.0000008556015,7788109,2019-07-02 13:19:44,BTC,0.01667896,0.0,0.00850000,BTC,0.2541810146658512,0.0,0.00927189,1
1,[],24,[],2019-07-02 13:19:45,0.0,0.000000000000,0,7788110,2019-07-02 13:19:45,btc,0.0,0.0,0.000000000000,btc,0.0,0.0,0.0,1
0.0,[],25,[],2019-07-02 13:19:46,0.0,0,0,7788111,2019-07-02 13:19:46,btc,46.17709999901518,3395.51714669,0.0,btc,5326.80613397,28.402,0.0,1
1,[],26,[],2019-07-02 13:19:49,0.0,0,0,7788112,2019-07-02 13:19:49,,0.0,0.0,0,,0.0,0.0,0.0,1
0,[],28,[],2019-07-02 13:22:05,0.0,0,0,7788113,2019-07-02 13:22:05,,0.0,119349.3,0,,0.0,0.0,0.0,1
0,[],2,[],2019-01-20 23:28:45,0.0,0,0,6477011,2019-01-20 23:28:45,,0.0,0.0,0,,0.0,0.0,0.0,1
1,[],5,[],2019-06-17 14:29:02,0.0,0,0,7740076,2019-06-17 14:29:02,btc,0.0,2.72e-05,0,btc,0.0,0.0,0.0,2
1,[],22,[],2019-06-17 14:29:06,11550.3,0.0000002,0.0000000000185828,7740077,2019-06-17 14:29:06,BTC,21.00897301,0.0,0.0000002,"BTC,XMR",20678.87287795317,1.754e-05,0.00143681,2
1,[],5,[],2019-06-03 14:48:58,0.0,0,0,7731126,2019-06-03 14:48:58,btc,0.0,0.05905545,0,btc,0.0,0.0,0.0,3
1,[],12,[],2019-06-03 14:48:59,3468623.70302,0.000000116,0.000000000009823402000000002,7731127,2019-06-03 14:48:59,btc,169531.0336573751,0.0,0.000000116,btc,2361209.62379607,0.041350953071,0.33764769154428,3
0,[],28,[],2019-06-03 14:49:00,0.0,0,0,7731128,2019-06-03 14:49:00,,0.0,0.0,0,,0.0,0.0,0.0,3
0,[],2,[],2019-01-20 23:31:32,0.0,0,0,6477077,2019-01-20 23:31:32,,0.0,0.0,0,,0.0,0.0,0.0,4
1,[],4,[],2019-05-18 21:29:50,562734.9206932,0.00000010,0.000000000007298720000000001,7650946,2019-05-18 21:29:50,btc,41.9347137769675,0.0,0.00000010,btc,1123702.32192634,0.00052462,0.029254593370966,4
0,[],12,[],2019-06-02 05:03:43,0.0,0,0,7724919,2019-06-02 05:03:43,btc,625.901992874995,0.0,0,btc,1211362.4995005,0.0,0.0,5
0,[],2,[],2019-01-20 23:31:51,0.0,0,0,6477087,2019-01-20 23:31:51,,0.0,0.0,0,,0.0,0.0,0.0,6
1,[],11,[],2019-07-02 13:22:07,4305910.27673599,0.00000001,0.00000000000100659,7788114,2019-07-02 13:22:07,btc,9583.620749622212,3293000.0,0.00000001,btc,78529670.53970686,0.0,0.0430591027673599,6
1,[],3,[],2019-07-02 13:22:08,13520.108943330237,0.000060409999999999999288624596971430946723558008670806884765625,0.00000000608081019,7788115,2019-07-02 13:22:08,btc,1026.2880899072638,627.29874475,0.000060409999999999999288624596971430946723558008670806884765625,btc,381.631643874402,0.0,0.02132110943887979,7
1,[],4,[],2019-07-02 13:22:08,318107.84224074,0.00007451,0.00000000750010209,7788116,2019-07-02 13:22:08,btc,7.273787076282196,0.0,0.00007451,btc,50546.30870285,1.95666527,2.1606220549207027,7
1,[],5,[],2019-07-02 13:22:10,0.0,0,0,7788117,2019-07-02 13:22:10,btc,0.0,0.15555538,0,btc,0.0,0.0,0.0,7
1,[],20,[],2019-04-07 22:06:50,3201475.0482,0.000000001,0.000000000000051590000000000004,7213932,2019-04-07 22:06:50,btc,30.8005781811902,0.0,0.000000001,btc,23077405.3926,0.0,0.0032014750482,8
0,[],2,[],2019-01-20 23:22:42,0.0,0,0,6476876,2019-01-20 23:22:42,,0.0,0.0,0,,0.0,0.0,0.0,9
0,[],23,[],2019-01-20 23:22:48,0.0,0,0,6476878,2019-01-20 23:22:48,,0.0,0.0,0,,0.0,0.0,0.0,9
1,[],4,[],2019-07-02 13:22:12,2203822.97212655,0.00000041,0.000000000041270189999999997,7788118,2019-07-02 13:22:12,btc,2.8535733909328043,0.0,0.00000041,btc,3165297.05709601,0.30388446,0.4421139566570538,9
0,[],28,[],2019-07-02 13:24:33,0.0,0,0,7788119,2019-07-02 13:24:33,,0.0,115096.0,0,,0.0,0.0,0.0,9
1,[],1,[],2019-02-17 23:31:42,1822507.21,0.00000181000000000000003456111265232042484285557293333113193511962890625,0.000000000066086901,6701244,2019-02-17 23:31:42,btc,3.6990969245,17153386.5,0.00000181000000000000003456111265232042484285557293333113193511962890625,btc,1997391.71,31.11772986,3.2610482446,9
1,[],4,[],2019-02-17 11:22:43,4341674.27126056,0.00000002,0.0000000000007272960000000001,6696112,2019-02-17 11:22:43,btc,0.1997230937751353,0.0,0.00000002,btc,4109766.79808031,0.00215132,0.0479381022052112,10
1,[],4,[],2019-07-02 13:24:34,6892708.4866961,0.00000027,0.00000000002717793,7788120,2019-07-02 13:24:34,btc,7.77820864683837,0.0,0.00000027,btc,9612713.06017998,0.49145076,0.7361375653797857,12
1,[],5,[],2019-07-02 13:24:36,0.0,0,0,7788121,2019-07-02 13:24:36,btc,0.0,0.0150289,0,btc,0.0,0.0,0.0,12
0,[],2,[],2019-01-20 23:23:08,0.0,0,0,6476890,2019-01-20 23:23:08,,0.0,0.0,0,,0.0,0.0,0.0,12
0.0,[],25,[],2019-07-02 13:24:38,0.0,0,0,7788122,2019-07-02 13:24:38,,0.0,0.0,0.0,btc,0.0,0.0,0.0,12
1,[],4,[],2019-07-02 13:24:39,519028.17721844,0.00000265,0.00000000026674635,7788123,2019-07-02 13:24:39,btc,2.1100537846887937,0.0,0.00000265,btc,395096.79921031,0.20799342,0.2225653478612739,13
1,[],21,[],2019-07-02 13:24:43,7361100.6081758095,0.000002619999999999999902615876665,0.00000000026372658,7788124,2019-07-02 13:24:43,btc,2.7090138566173594,952637.79012485,0.00000261999999999999990261587666517950623301658197306096553802490234375,btc,735449.38948746,2.49608948,3.5684710926365653,13
1,[],10,[],2019-07-02 11:26:13,610398.47902331,0.00000252,0.00000000024956568,7787893,2019-07-02 11:26:13,btc,666798.5404308012,10962.5018,0.00000252,btc,1075958.13312418,0.0,0.2621437498026248,13
1,[],4,[],2019-07-02 13:24:44,1005588.71744486,0.00000039,0.00000000003925701,7788125,2019-07-02 13:24:44,btc,2.854916147780444,0.0,0.00000039,btc,737622.79732784,0.00631693,0.1065916356599009,14
1,[],12,[],2019-07-02 13:24:46,197434.35403717,0.00000035,0.00000000003523065,7788126,2019-07-02 13:24:46,btc,286.4307181822322,0.0,0.00000035,btc,36436.83295408,0.000982246402,0.0075068599999667,14
1,[],26,[],2019-07-02 13:26:46,0.0,0.00000050,0.0000000000503295,7788127,2019-07-02 13:26:46,btc,0.0,0.0,0.00000050,btc,0.0,0.0,0.0,14
0,[],17,[],2019-05-03 00:53:32,0.0,0,0,7558876,2019-05-03 00:53:32,btc,0.0,0.0,0,btc,0.0,0.0,0.0,14
0,[],4,[],2019-07-02 13:26:47,0.0,0,0,7788128,2019-07-02 13:26:47,,0.0,0.0,0,,0.0,0.0,0.0,15
,[],12,[],2018-12-01 15:15:48,204241.84496,0.00000489,0.000000000202473384,5260204,2018-12-01 15:15:48,btc,49.5475654835,0.0,,btc,35763.2193806,0.0163153972027625,0.0203389899998,15
1,[],4,[],2019-07-02 13:26:48,33209.87415364,0.00000860,0.0000000008656674,7788129,2019-07-02 13:26:48,btc,2.37264012667855,0.0,0.00000860,btc,17640.18851805,0.05368438,0.0565487322736105,18
1,[],10,[],2019-07-02 13:26:50,426147.90340316,0.00000815,0.00000000082037085,7788130,2019-07-02 13:26:50,btc,15.05512790858486,3326.73041361,0.00000815,btc,18195.89160137,0.0,0.3961295390959014,18
1,[],12,[],2019-07-02 13:26:52,2174.31388761,0.00000802999999999999935075371826354029280992108397185802459716796875,0.0000000008082917699999999,7788131,2019-07-02 13:26:52,btc,0.528407895099301,0.0,0.00000802999999999999935075371826354029280992108397185802459716796875,btc,1922.07839621,3.6045e-07,0.0045408399989191,18
0,[],2,[],2019-01-20 23:23:38,0.0,0,0,6476906,2019-01-20 23:23:38,,0.0,0.0,0,,0.0,0.0,0.0,18
0,[],17,[],2019-05-03 00:53:39,0.0,0,0,7558882,2019-05-03 00:53:39,btc,0.0,0.0,0,btc,0.0,0.0,0.0,18
1,[],3,[],2019-07-02 13:28:53,160503.582918326,0.00000802999999999999935075371826354029280992108397185802459716796875,0.0000000008082917699999999,7788132,2019-07-02 13:28:53,btc,190.30841059649438,15936.0573282,0.00000802999999999999935075371826354029280992108397185802459716796875,btc,18068.744213580634,0.0,0.10691063134456462,19
1,[],4,[],2019-07-02 13:28:54,297977.57434689,0.00000674,0.00000000067844166,7788133,2019-07-02 13:28:54,btc,2.725570367423617,0.0,0.00000674,btc,189415.01402618,0.68536313,1.2182835806170702,19
1,[],5,[],2019-07-02 13:28:55,0.0,0,0,7788134,2019-07-02 13:28:55,btc,0.0,0.0,0,btc,0.0,0.0,0.0,19
1,[],12,[],2019-07-02 13:28:56,107443.81173515,0.000005800000000000000372813759030865554677802720107138156890869140625,0.0000000005838222,7788135,2019-07-02 13:28:56,btc,0.3675868720326846,0.0,0.000005800000000000000372813759030865554677802720107138156890869140625,btc,2996.00084615,0.0,0.0103133579997887,19
0,[],27,[],2019-07-02 13:29:02,0.0,0,0,7788136,2019-07-02 13:29:02,,0.0,0.0,0,btc,0.0,0.0,0.0,19
0,[],2,[],2019-01-20 23:24:19,0.0,0,0,6476924,2019-01-20 23:24:19,,0.0,0.0,0,,0.0,0.0,0.0,19
1,[],4,[],2019-07-02 13:29:03,9925191.09278478,0.00000005,0.00000000000503295,7788137,2019-07-02 13:29:03,btc,5.162858526649613,0.0,0.00000005,btc,2244806.83713707,0.0,0.1102994166205056,20
0,[],4,[],2019-07-02 13:29:04,0.0,0,0,7788138,2019-07-02 13:29:04,,13630.873913937572,0.0,0,,166213653.47370672,0.0,0.0,21
0,[],12,[],2019-07-02 13:29:05,0.0,0,0,7788139,2019-07-02 13:29:05,btc,2602.9596942075027,0.0,0,btc,9905028.54845151,3.996e-08,0.0,21
0,[],17,[],2019-05-03 00:53:51,0.0,0,0,7558891,2019-05-03 00:53:51,btc,0.0,0.0,0,btc,0.0,0.0,0.0,21
1,[],12,[],2019-07-02 13:31:06,6119137027.864567,0.0000000006,0.0000000000000603954,7788140,2019-07-02 13:31:06,btc,1426620312890.662,0.0,0.0000000006,btc,3042290076.4326997,0.215901406973,1.8965611053454834,23
0.0000000002799221,[],27,[],2019-07-02 13:31:12,34380857.01298692,8.6775851e-17,8.734770385809e-21,7788141,2019-07-02 13:31:12,eth,1280.12129885,18257336.49350649,0.00000031,eth,4165119.466,1.584295910381251e-09,5.682088778885675e-10,23
1,[],4,[],2019-06-22 05:45:29,6100414.07522138,0.00000017,0.00000000001823352,7751732,2019-06-22 05:45:29,btc,10.22685272773715,0.0,0.00000017,btc,1790815.48208265,0.0,0.1345450262400025,24
0,[],22,[],2019-06-22 05:45:31,0.0,0,0,7751733,2019-06-22 05:45:31,,6.22e-05,0.0,0,,517.4264705882352,0.0,0.0,24
0.0,[],25,[],2019-06-22 05:45:32,0.0,0,0,7751734,2019-06-22 05:45:32,,0.0,0.0,0.0,btc,0.0,0.0,0.0,24
1,[],4,[],2019-07-02 13:31:14,26934318.39925165,0.00000343,0.00000000034526037,7788142,2019-07-02 13:31:14,btc,7.390358172683254,0.0,0.00000343,btc,200094.15652319,0.08124495,0.3618409752801526,26
1,[],10,[],2019-07-02 13:31:16,128682.50713159,0.00000461,0.00000000046403798999999997,7788143,2019-07-02 13:31:16,btc,26.157704986368486,5208.21705169,0.00000461,btc,19877.09180117,0.0,0.0474253680753434,26
0,[],2,[],2019-01-20 23:25:56,0.0,0,0,6476976,2019-01-20 23:25:56,,0.0,0.0,0,,0.0,0.0,0.0,26
1,[],5,[],2019-04-26 09:47:06,0.0,0,0,7465326,2019-04-26 09:47:06,btc,0.0,0.0,0,btc,0.0,0.0,0.0,27
1,[],3,[],2019-06-17 14:30:26,13571825.64059417,0.00000001,0.00000000000092914,7740112,2019-06-17 14:30:26,btc,3.485049956644059,4264730.43754,0.00000001,btc,23500048.28518193,0.0,0.1357182564059417,27
1,[],11,[],2019-06-17 14:30:28,2031833.58157834,0.00000001,0.00000000000092914,7740113,2019-06-17 14:30:28,btc,67502.92060589766,32677.9652116,0.00000001,btc,6487362.95640949,0.0,0.0203183358157834,27
0.0000000001154959,[],4,[],2019-07-02 13:31:18,486999490.9301785,8.2002089e-17,8.254248276651e-21,7788144,2019-07-02 13:31:18,ltc,10.553285990560555,0.0,0.00000071,ltc,670983470.3259783,0.00475681,5.896576317207987e-09,29
1,[],7,[],2019-07-02 13:31:20,0.0,0,0,7788145,2019-07-02 13:31:20,btc,46548272.658414505,231235.0,0,btc,50488731.35551066,0.00231235,0.0,29
1,[],4,[],2019-07-02 13:31:21,15219231.6630687,0.00000004,0.00000000000402636,7788146,2019-07-02 13:31:21,btc,2.574271176878842,0.0,0.00000004,btc,2263873.01112021,0.0,0.1661378746867236,30
0,[],17,[],2019-05-03 01:11:25,0.0,0,0,7559066,2019-05-03 01:11:25,btc,0.0,0.0,0,btc,0.0,0.0,0.0,30
1,[],4,[],2019-07-02 13:33:22,235302.69144121,0.00003205,0.00000000322612095,7788147,2019-07-02 13:33:22,btc,4.220743549009407,0.0,0.00003205,btc,66834.07900177,0.35087015,0.6834779493729665,31
1,[],21,[],2019-07-02 13:33:23,221037.35132148,0.00003365999999999999959914009917,0.0000000033881819399999997,7788148,2019-07-02 13:33:23,btc,6.200572217572179,117300.04096601,0.00003365999999999999959914009917127941662329249083995819091796875,btc,145127.84696071,3.8373717,2.978900613324671,31
0,[],2,[],2019-01-20 23:28:43,0.0,0,0,6477009,2019-01-20 23:28:43,,0.0,0.0,0,,0.0,0.0,0.0,32
0,[],4,[],2019-07-02 13:33:25,0.0,0,0,7788149,2019-07-02 13:33:25,,0.0,0.0,0,,0.0,0.0,0.0,33
1,[],12,[],2019-03-30 07:55:10,40641173.964,0.00000003,0.000000000001228359,7108785,2019-03-30 07:55:10,btc,4233210.82356125,0.0,0.00000003,btc,28378394.68333462,0.0126927883965248,0.90752895892,33
0.0000000001154959,[],4,[],2019-07-02 13:33:26,148580438.23871723,5.774795e-17,5.81285089905e-21,7788150,2019-07-02 13:33:26,ltc,4.569281508462336,0.0,0.0000005,ltc,168457328.51569885,0.0,6.862346258393509e-10,34
1,[],5,[],2019-07-02 13:33:27,0.0,0,0,7788151,2019-07-02 13:33:27,btc,0.0,0.0,0,btc,0.0,0.0,0.0,34
0.0000000002926451,[],17,[],2019-05-02 18:17:47,200000.0,2.9264510000000002e-18,1.596703856561e-22,7556430,2019-05-02 18:17:47,eth,0.20942468735267253,0.0,0.00000001,"btc,eth",1018272.20243647,0.0,5.852902e-13,36
0.0000000001311821,[],4,[],2019-05-31 13:28:19,2417517744.0607657,1.311821e-18,1.105058333085e-22,7717483,2019-05-31 13:28:19,ltc,5.019900492391546e-08,0.0,0.00000001,ltc,7102398142.262129,0.0,3.171350544531538e-09,36
1,[],5,[],2019-05-31 13:28:21,0.0,0,0,7717484,2019-05-31 13:28:21,btc,0.0,0.0,0,btc,0.0,0.0,0.0,36
0.0000000003108179,[],27,[],2019-05-31 13:30:34,10388811.226876,6.216358000000001e-18,5.236566733830001e-22,7717485,2019-05-31 13:30:34,eth,1569.8708019850988,761866.634299,0.00000002,"ltc,eth",5084024.2511555,4.736034912207001e-12,3.3251980286483705e-11,36
1,[],4,[],2019-06-25 10:05:55,10747826.61931615,0.00000014,0.000000000015920562,7762320,2019-06-25 10:05:55,btc,19773.05513423956,0.0,0.00000014,btc,682946.14349671,0.0006293,0.1362851255028938,37
1,[],12,[],2019-06-25 10:05:57,4167862.54235103,0.00000013,0.000000000014783379,7762321,2019-06-25 10:05:57,btc,7.381091518261743,0.0,0.00000013,btc,1713444.53926904,0.016313049979,0.1478110147956336,37
1,[],27,[],2019-06-25 10:08:02,10970.0,0.00000019,0.000000000021606477,7762322,2019-06-25 10:08:02,btc,22.62970013895233,0.0,0.00000019,btc,4298.824295,0.0,0.00167419,37
1,[],17,[],2019-05-03 01:11:36,211752.74075282,0.00000025,0.000000000013700074999999998,7559074,2019-05-03 01:11:36,btc,0.055484923955058496,0.0,0.00000025,"btc,eth",1387.19918473,0.0,0.0005381851887916605,37
1,[],5,[],2019-07-02 13:33:28,0.0,0,0,7788152,2019-07-02 13:33:28,btc,0.0,0.19646241,0,btc,0.0,0.0,0.0,42
1,[],12,[],2019-07-02 13:33:30,190390.79838604,0.0000013200000000000000673224496983149123252587742172181606292724609375,0.00000000013286988,7788153,2019-07-02 13:33:30,btc,525.2738728432312,0.0,0.0000013200000000000000673224496983149123252587742172181606292724609375,btc,143915.88182812,0.045715613194,0.0448283161402307,42
1,[],27,[],2019-07-02 13:33:38,10300.0,0.00000003,0.0000000000030197699999999998,7788154,2019-07-02 13:33:38,btc,0.07600425,0.0,0.00000003,"btc,eth",18.0,0.0,0.000306,42
1,[],12,[],2019-03-13 09:13:29,1112112.0,0.00000001,0.000000000000386531,6919902,2019-03-13 09:13:29,btc,29058.00478931866,0.0,0.00000001,btc,5967681.93306694,9.99000999e-07,0.01112112,43
1,[],5,[],2019-04-26 22:38:52,0.0,0,0,7474154,2019-04-26 22:38:52,btc,0.0,0.02638891,0,btc,0.0,0.0,0.0,43
0,[],17,[],2019-04-26 22:38:53,0.0,0,0,7474155,2019-04-26 22:38:53,btc,0.0,0.0,0,btc,0.0,0.0,0.0,43
1,[],12,[],2019-03-05 01:54:08,639326.02,0.00000004,0.000000000001486676,6845775,2019-03-05 01:54:08,btc,11116042.728239931,0.0,0.00000004,btc,1103841.4595604,0.0003330765234764,0.014975410599999999,44
0.0000000001154959,[],4,[],2019-07-02 13:33:39,109907815.42477383,4.9663237e-17,4.999051773183e-21,7788155,2019-07-02 13:33:39,ltc,2762.2198093721113,0.0,0.00000043,ltc,28245869.2879774,0.0,5.25411901123783e-10,49
0.0000000001154959,[],4,[],2019-07-02 13:33:41,316519943.0298657,2.3099180000000002e-17,2.32514035962e-21,7788156,2019-07-02 13:33:41,ltc,28254.19212773936,0.0,0.0000002,ltc,196136902.885281,0.0,2.101221584359717e-09,52
0,[],22,[],2019-07-02 13:33:44,0.0,0,0,7788157,2019-07-02 13:33:44,,10289.80784133,0.0,0,,287058287.4566013,0.0,0.0,57
0,[],27,[],2019-07-02 13:33:52,0.0,0,0,7788158,2019-07-02 13:33:52,,0.0,0.0,0,"btc,eth",0.0,0.0,0.0,57
0,[],4,[],2019-07-02 13:33:53,0.0,0,0,7788159,2019-07-02 13:33:53,,19.719141240133027,0.0,0,,6107909452.982692,0.000499,0.0,58
0,[],12,[],2019-07-02 13:33:54,0.0,0,0,7788160,2019-07-02 13:33:54,btc,654782204.5452423,0.0,0,btc,3767366303.93702,0.000945297803,0.0,58
0.00000000008355170000000001,[],22,[],2019-07-02 13:35:57,126877.0,8.355170000000001e-19,8.410230570300001e-23,7788161,2019-07-02 13:35:57,XMR,68.17454206,0.0,0.00000001,XMR,9626402.6,0.0,0.00126877,58
1,[],17,[],2019-05-03 01:12:09,1200000.0,0.0000000001,0.00000000000000548003,7559085,2019-05-03 01:12:09,btc,1e+24,0.0,0.0000000001,"btc,eth",39516342.31952568,0.0,0.00010000000058666061,58
1,[],5,[],2019-06-17 14:31:27,0.0,0,0,7740135,2019-06-17 14:31:27,btc,0.0,0.00079154,0,btc,0.0,0.0,0.0,61
1,[],22,[],2019-06-17 14:31:30,13612.833333333334,0.00000012,0.00000000001114968,7740136,2019-06-17 14:31:30,BTC,1002.29123003,0.0,0.00000012,BTC,15014.200177125656,0.0,0.00153257,61
1,[],26,[],2019-06-17 14:31:30,0.0,0.00000050,0.000000000046457,7740137,2019-06-17 14:31:30,btc,0.0,0.0,0.00000050,btc,0.0,0.0,0.0,61
1,[],27,[],2019-06-17 14:31:36,8400.0,0.00000018,0.00000000001672452,7740138,2019-06-17 14:31:36,btc,1.9742539297246655,0.0,0.00000018,"btc,eth",10953.51663696,0.0,0.001512,61
0,[],28,[],2019-06-17 14:31:38,0.0,0,0,7740139,2019-06-17 14:31:38,,0.0,0.0,0,,0.0,0.0,0.0,61
1,[],4,[],2019-07-02 13:35:58,2862743.5820363,0.00000041,0.000000000041270189999999997,7788162,2019-07-02 13:35:58,btc,3.204645679188129,0.0,0.00000041,btc,1181674.25992541,0.12364388,0.3186052555175007,67
0.0,[],25,[],2019-07-02 13:36:00,0.0,0,0,7788163,2019-07-02 13:36:00,,0.0,0.0,0.0,btc,0.0,0.0,0.0,67
1,[],12,[],2019-06-02 06:23:14,910048.355,0.00000006,0.000000000005154929999999999,7725270,2019-06-02 06:23:14,btc,5.167005424215783,0.0,0.00000006,btc,738530.60239759,0.003159757462,0.0187188113,71
,[],5,[],2018-11-20 23:02:39,1.5e-07,0.00000005,0.000000000002128045,4862160,2018-11-20 23:02:39,btc,2.84511358,0.0,,btc,0.00036572,0.0,0.07381892,74
1,[],5,[],2019-07-02 13:36:01,0.0,0,0,7788164,2019-07-02 13:36:01,btc,0.0,0.00253169,0,btc,0.0,0.0,0.0,75
1,[],4,[],2019-06-04 03:25:15,715281.46076168,0.00000001,0.000000000000803619,7734085,2019-06-04 03:25:15,btc,581089.6218469425,0.0,0.00000001,btc,37692563.61091116,0.0,0.0071528146076168,81
0,[],20,[],2019-01-25 09:30:31,0.0,0,0,6495923,2019-01-25 09:30:31,btc,0.0,0.0,0,btc,0.0,0.0,0.0,81
1,[],4,[],2019-07-02 13:36:02,185722.7716466,0.00006601,0.00000000664450059,7788165,2019-07-02 13:36:02,btc,59.02921544253533,0.0,0.00006601,btc,126152.75316665,0.57879703,0.3396115063925223,82
1,[],21,[],2019-07-02 13:36:03,319446.51215583,0.00007050000000000000602122518512,0.0000000070964595,7788166,2019-07-02 13:36:03,btc,4.697530460324139,5193.88372379,0.00007050000000000000602122518511549742470378987491130828857421875,btc,49379.26905743,0.36612,3.631084835012181,82
0,[],17,[],2019-03-25 22:42:34,0.0,0,0,7038780,2019-03-25 22:42:34,btc,0.0445064681804024,0.0,0,btc,995513.18476001,0.0,0.0,84
0.0000000001161485,[],4,[],2019-05-20 13:09:39,216715621.0206096,1.161485e-18,9.0533806701e-23,7657228,2019-05-20 13:09:39,ltc,1.6511566870244727,0.0,0.00000001,ltc,471032407.9048656,0.0,2.5171194308112273e-10,85
,[],22,[],2018-11-20 23:09:34,3408.1,0.0000001,0.0000000000041895,4862324,2018-11-20 23:09:34,BTC,0.04624735,0.0,,BTC,4990.0,0.0,0.00033081,86
1,[],22,[],2019-06-26 09:07:19,62694.0,0.00000005,0.0000000000063518149999999994,7766682,2019-06-26 09:07:19,BTC,1.85249053,0.0,0.00000005,BTC,287024.94736842107,0.0003,0.00062846,87
1,[],27,[],2019-06-26 09:07:25,361781.0,0.0000002,0.000000000025407259999999998,7766683,2019-06-26 09:07:25,btc,19.86923154858,99950.0,0.0000002,btc,548343.482,0.01999,0.01237888,87
,[],2,[],2018-11-20 23:10:47,0.0,0,0,4862359,2018-11-20 23:10:47,,0.0,0.0,,,0.0,0.0,0.0,88
1,[],11,[],2019-06-17 14:31:59,193715.3529613,0.000073310000000000001140094962881477158589405007660388946533203125,0.00000000681152534,7740147,2019-06-17 14:31:59,btc,168.35454702024953,5791.70569014,0.000073310000000000001140094962881477158589405007660388946533203125,btc,196971.41170107,0.0,1.1996165759440112,89
0,[],2,[],2019-01-20 23:31:45,0.0,0,0,6477083,2019-01-20 23:31:45,,0.0,0.0,0,,0.0,0.0,0.0,91
1,[],12,[],2019-07-02 13:36:04,397738.47415543,0.00000028,0.00000000002818452,7788167,2019-07-02 13:36:04,btc,122.17367303169355,0.0,0.00000028,btc,295685.96528392,0.000327117326,0.0260273699538344,91
1,[],22,[],2019-07-02 13:38:09,75900.0,0.00000001,0.00000000000100659,7788168,2019-07-02 13:38:09,BTC,0.495,0.0,0.00000001,"BTC,LTC",4.95,0.0,0.001659,91
0,[],17,[],2019-05-03 01:12:26,0.0,0,0,7559096,2019-05-03 01:12:26,btc,0.0,0.0,0,btc,0.0,0.0,0.0,91
1,[],22,[],2019-07-02 13:38:13,94060.0,0.00000002,0.00000000000201318,7788169,2019-07-02 13:38:13,BTC,11.46046694,0.0,0.00000002,"BTC,LTC",341043.4683191416,0.0,0.0662712,95
0.0000000001154959,[],4,[],2019-07-02 13:38:15,537294416.054819,2.8873975e-17,2.906425449525e-21,7788170,2019-07-02 13:38:15,ltc,10.916296297463244,0.0,0.00000025,ltc,153908903.60553408,0.0,7.601532738016437e-10,96
0,[],12,[],2019-07-02 13:38:15,0.0,0,0,7788171,2019-07-02 13:38:15,btc,36.53971696651349,0.0,0,btc,9958954.65134864,1.998e-08,0.0,96
0,[],17,[],2019-05-03 01:12:32,0.0,0,0,7559100,2019-05-03 01:12:32,btc,0.0,0.0,0,btc,0.0,0.0,0.0,96
1,[],4,[],2019-04-14 03:32:46,1039404.33283278,0.00000038,0.000000000019245518,7293458,2019-04-14 03:32:46,btc,4.170086055365747,0.0,0.00000038,btc,3097704.34561074,0.06260606,0.1859928211030784,99
0,[],2,[],2019-01-20 23:23:55,0.0,0,0,6476914,2019-01-20 23:23:55,,0.0,0.0,0,,0.0,0.0,0.0,100
1,[],4,[],2019-07-02 13:40:16,186142.485982,0.00001232,0.00000000124011888,7788172,2019-07-02 13:40:16,btc,8.284028142479148,0.0,0.00001232,btc,169244.2333519,0.20450798,0.4714009049693207,100
1,[],22,[],2019-06-05 06:30:35,150000.0,0.00000002,0.000000000001558192,7740007,2019-06-05 06:30:35,BTC,28.56386409,0.0,0.00000002,BTC,12787.719,0.0,0.0017,101
1,[],4,[],2019-07-02 13:40:17,446837.59631587,0.00000140,0.0000000001409226,7788173,2019-07-02 13:40:17,btc,882.6392463534804,0.0,0.00000140,btc,750571.4185272,0.01945278,0.0595892157701213,103
1,[],12,[],2019-06-17 14:32:14,179201505.10870332,0.000000005,0.00000000000046457,7740154,2019-06-17 14:32:14,btc,113577.79366343976,0.0,0.000000005,btc,79148141.67831126,0.019059029059,0.27280986350611003,105
1,[],27,[],2019-06-17 14:32:19,18306828.03496503,0.00000002,0.00000000000185828,7740155,2019-06-17 14:32:19,btc,180.7198218385489,1083.96503497,0.00000002,btc,276513.60142659,7.588e-05,0.3661365606993006,105
1,[],22,[],2019-04-21 00:17:26,21333.0,0.00000001,0.000000000000532493,7385819,2019-04-21 00:17:26,BTC,51.38182867,0.0,0.00000001,BTC,470435.0,0.0,0.00021333,107
1,[],26,[],2019-04-21 00:17:26,0.0,0.00000000,0,7385820,2019-04-21 00:17:26,btc,0.0,0.0,0.00000000,btc,0.0,0.0,0.0,107
1,[],5,[],2019-07-02 13:40:20,0.0,0,0,7788174,2019-07-02 13:40:20,btc,0.0,0.0,0,btc,0.0,0.0,0.0,112
0,[],22,[],2019-07-02 13:40:23,0.0,0,0,7788175,2019-07-02 13:40:23,,6.79500102,0.0,0,,3375892.0833333335,0.0,0.0,112
1,[],27,[],2019-07-02 13:40:30,1.0,0.00000001,0.00000000000100659,7788176,2019-07-02 13:40:30,btc,0.0,0.0,0.00000001,"btc,eth",0.0,0.0,1e-08,112
1,[],4,[],2019-07-02 13:40:31,998636.29868467,0.00000037,0.00000000003724383,7788177,2019-07-02 13:40:31,btc,6.362188020415164,0.0,0.00000037,btc,997187.82458641,0.00391699,0.120321245460006,113
1,[],5,[],2019-07-02 13:40:32,0.0,0,0,7788178,2019-07-02 13:40:32,btc,0.0,0.00252136,0,btc,0.0,0.0,0.0,113
1,[],17,[],2019-04-26 02:17:47,162738.278,0.00000004,0.0000000000021069000000000002,7461287,2019-04-26 02:17:47,btc,1.3331140273775473,0.0,0.00000004,btc,51796.221,0.0,0.00230953112,116
1,[],27,[],2019-05-22 05:13:01,210000.0,0.00000001,0.00000000000079145,7666372,2019-05-22 05:13:01,btc,3919.0005001478,0.0,0.00000001,btc,128660.871,0.0,0.0021,116
1,[],4,[],2019-05-21 22:31:11,138169.03963019,0.00000701,0.000000000558364025,7664793,2019-05-21 22:31:11,btc,150.95388250938234,0.0,0.00000701,btc,344631.17141974,0.07552974,0.4288357684941946,120
1,[],7,[],2019-05-21 22:31:12,3901.07750076,0.000010679999999999999389654892212320191902108490467071533203125,0.0000000008506887,7664794,2019-05-21 22:31:12,btc,231188.94669936574,0.0,0.000010679999999999999389654892212320191902108490467071533203125,btc,4133.83151364,0.0,0.0113888422364489,120
1,[],20,[],2019-04-07 18:42:29,1914137.0852,0.000000035,0.0000000000017871910000000002,7211992,2019-04-07 18:42:29,btc,32.2497668025648,25528.85,0.000000035,btc,1001975.4986,0.00089350975,0.0152723574729,125
1,[],22,[],2019-06-17 14:32:38,10000.0,0.00000001,0.00000000000092914,7740161,2019-06-17 14:32:38,BTC,0.032061,0.0,0.00000001,BTC,299316.7611111111,0.0,0.0001,126
0,[],2,[],2019-01-20 23:25:46,0.0,0,0,6476969,2019-01-20 23:25:46,,0.0,0.0,0,,0.0,0.0,0.0,131
1,[],17,[],2019-05-03 01:13:10,10000.0,0.00000001,0.000000000000548003,7559115,2019-05-03 01:13:10,btc,0.0953976503951408,0.0,0.00000001,btc,5037.62507334,0.0,0.0001,131
1,[],4,[],2019-07-01 04:28:32,590754.62293327,0.00000338,0.000000000376936248,7782890,2019-07-01 04:28:32,btc,2.8525130367360445,0.0,0.00000338,btc,192252.70961539,0.09127328,0.5629290691005338,131
1,[],4,[],2019-06-17 14:32:42,4848.49465417,0.00007919,0.00000000735785966,7740163,2019-06-17 14:32:42,btc,0.9905723729472744,0.0,0.00007919,btc,202.13055914,0.0,0.0061509344290166,135
1,[],3,[],2019-06-05 06:33:11,40600.27748212,0.00000001,0.000000000000779096,7740019,2019-06-05 06:33:11,btc,0.2308097808993716,2146378.52189,0.00000001,btc,2477992.76904676,0.0,0.0004060027748212,136
1,[],4,[],2019-07-02 13:40:33,237648.30582997,0.00000142,0.00000000014293578,7788179,2019-07-02 13:40:33,btc,112.54903163403931,0.0,0.00000142,btc,523838.86935622,0.01402254,0.2054981914886782,137
1,[],12,[],2019-07-02 13:40:35,67727.84858817,0.00000141999999999999995691814247411599581027985550463199615478515625,0.00000000014293578,7788180,2019-07-02 13:40:35,btc,57.90305440665983,0.0,0.00000141999999999999995691814247411599581027985550463199615478515625,btc,82371.41598678,1.42e-06,0.0149154179999447,137
1,[],4,[],2019-07-02 13:40:36,368874.14501838,0.00000871,0.0000000008767398899999999,7788181,2019-07-02 13:40:36,btc,5.842326230348759,0.0,0.00000871,btc,173452.18239632,0.09018469,0.3034779312990387,142
1,[],5,[],2019-07-02 13:40:38,0.0,0,0,7788182,2019-07-02 13:40:38,btc,0.0,0.00202826,0,btc,0.0,0.0,0.0,142
1,[],20,[],2019-07-02 13:42:39,112951.4289,0.000005948,0.000000000598719732,7788183,2019-07-02 13:42:39,btc,1.5694548244685,0.0,0.000005948,btc,9983.8451,0.0,0.0061936828619,142
1,[],22,[],2019-07-02 13:42:43,10820.0,0.00000600,0.000000000603954,7788184,2019-07-02 13:42:43,BTC,2.99759384,0.0,0.00000600,BTC,835.7198755539798,0.0,0.0053672,142
0.0,[],25,[],2019-07-02 13:42:45,0.0,0,0,7788185,2019-07-02 13:42:45,,0.0,0.0,0.0,btc,0.0,0.0,0.0,142
1,[],28,[],2019-07-02 13:42:58,76110.0,0.00001110,0.0000000011173149,7788186,2019-07-02 13:42:58,btc,0.438587390411,2076.0,0.00001110,btc,1381.1951,0.0,0.0042182,142
1,[],17,[],2019-05-03 01:13:16,32967.38636364,0.00000088,0.000000000048224264,7559122,2019-05-03 01:13:16,btc,20.06976206696776,0.0,0.00000088,btc,2746.079105,0.0,0.0105613000000032,142
0,[],22,[],2019-07-02 13:43:01,0.0,0,0,7788187,2019-07-02 13:43:01,,67.43964479,0.0,0,,716790536.7744589,0.0,0.0,143
0,[],22,[],2019-02-25 15:42:22,0.0,0,0,6783783,2019-02-25 15:42:22,,4.2131946,0.0,0,,2322156.0,0.0,0.0,146
,[],22,[],2018-11-20 23:01:11,0.0,0,0,4862114,2018-11-20 23:01:11,,2.56807021,0.0,,,61828.4988236,0.0,0.0,147
1,[],12,[],2019-04-21 06:38:04,193091.5971266,0.00000071,0.000000000037635183,7388679,2019-04-21 06:38:04,btc,2.301232411611175,0.0,0.00000071,btc,9957.48302385,0.00023528,0.0313308199999888,148
1,[],4,[],2019-03-19 21:31:25,255810.0415942,0.00000029,0.000000000011615747,6982695,2019-03-19 21:31:25,btc,218.94922712414143,0.0,0.00000029,btc,793529.37642722,0.00117,0.0608347789473395,152
0,[],22,[],2019-03-19 21:31:27,0.0,0,0,6982696,2019-03-19 21:31:27,,0.0,0.0,0,,0.0,0.0,0.0,152
1,[],5,[],2019-04-26 09:36:59,0.0,0,0,7465040,2019-04-26 09:36:59,btc,0.0,0.0,0,btc,0.0,0.0,0.0,153
,[],16,[],2019-01-11 15:38:59,0.0,0,0,6366141,2019-01-11 15:38:59,btc,0.0,0.0,,btc,0.0,0.0,0.0,155
0,[],23,[],2019-01-20 23:24:29,0.0,0,0,6476932,2019-01-20 23:24:29,,0.0,0.0,0,,0.0,0.0,0.0,156
0,[],22,[],2019-06-04 06:02:09,0.0,0,0,7734688,2019-06-04 06:02:09,,7.43375324,0.0,0,,5955762.942592593,0.0,0.0,156
1,[],22,[],2019-07-02 13:43:05,6996.0,0.00000001,0.00000000000100659,7788188,2019-07-02 13:43:05,BTC,1.7543039,0.0,0.00000001,BTC,57.0,0.0,6.996e-05,157
0,[],22,[],2019-05-21 23:40:32,0.0,0,0,7665049,2019-05-21 23:40:32,,50234.60468402,0.0,0,,54786159.03179465,0.0,0.0,158
,[],17,[],2018-11-20 22:56:10,0.0,0,0,4861976,2018-11-20 22:56:10,btc,1.1265625,0.0,,btc,1000.0,0.0,0.0,159
,[],20,[],2018-11-20 22:56:12,0.0,0,0,4861977,2018-11-20 22:56:12,btc,11912.7940471,0.0,,btc,34413894.3617,0.0,0.0,159
1,[],12,[],2019-05-24 02:51:20,9178.522006449999,0.00000191999999999999982841307998027158276954651228152215480804443359375,0.000000000151222656,7676256,2019-05-24 02:51:20,btc,149.80414728631675,0.0,0.00000191999999999999982841307998027158276954651228152215480804443359375,btc,1115.7451448499999,0.01783167678326,0.0120075778999181,168
1,[],17,[],2019-05-03 01:13:36,42852.0,0.00000002,0.000000000001096006,7559132,2019-05-03 01:13:36,btc,0.04279856251542,0.0,0.00000002,btc,274.46171372,0.0,0.00052852,168
1,[],22,[],2019-05-17 03:01:52,10.0,0.00000001,0.000000000000778341,7642059,2019-05-17 03:01:52,BTC,41.95893009,0.0,0.00000001,BTC,1753972.7737547632,0.0,1e-07,169
1,[],22,[],2019-05-30 08:38:18,202834.0,0.00000002,0.0000000000017416160000000001,7711049,2019-05-30 08:38:18,BTC,27.87002826,0.0,0.00000002,BTC,462189.5410507793,0.0,0.00211768,171
1,[],22,[],2019-05-29 08:05:18,349870.0,0.00000002,0.000000000001705894,7705265,2019-05-29 08:05:18,BTC,24.05907723,0.0,0.00000002,"BTC,LTC",1224285.4355616204,0.0,0.0039847,173
1,[],5,[],2019-07-02 13:43:11,0.0,0,0,7788189,2019-07-02 13:43:11,btc,0.0,0.00155456,0,btc,0.0,0.0,0.0,175
1,[],22,[],2019-06-17 14:33:12,90671.0,0.00000001,0.00000000000092914,7740175,2019-06-17 14:33:12,BTC,394.35459412,0.0,0.00000001,BTC,136275.61833431243,0.0,0.00090671,176
1,[],7,[],2019-07-01 10:15:32,0.0,0,0,7783526,2019-07-01 10:15:32,btc,521516.2326888725,0.0,0,btc,26809253.73522063,0.0,0.0,178
1,[],22,[],2019-07-02 13:43:19,30.0,0.00000001,0.00000000000100659,7788190,2019-07-02 13:43:19,BTC,1.00242428,0.0,0.00000001,BTC,57512.0,0.0,3e-07,178
0,[],2,[],2019-01-20 23:28:34,0.0,0,0,6477001,2019-01-20 23:28:34,,0.0,0.0,0,,0.0,0.0,0.0,178
0,[],23,[],2019-01-20 23:25:08,0.0,0,0,6476952,2019-01-20 23:25:08,,0.0,0.0,0,,0.0,0.0,0.0,179
1,[],5,[],2019-07-02 13:44:12,0.0,0,0,7788191,2019-07-02 13:44:12,btc,0.0,5e-06,0,btc,0.0,0.0,0.0,179
0,[],22,[],2019-07-02 13:44:54,0.0,0,0,7788192,2019-07-02 13:44:54,,0.13579989,0.0,0,,40572.0,0.0,0.0,179
1,[],22,[],2019-07-02 13:47:40,644155.5363636364,0.00000037,0.00000000003724383,7788193,2019-07-02 13:47:40,BTC,1.495,0.0,0.00000037,BTC,2300.0,0.00223129,0.55885569,180
1,[],26,[],2019-07-02 13:47:40,0.0,0.00000010,0.0000000000100659,7788194,2019-07-02 13:47:40,btc,0.0,0.0,0.00000010,btc,0.0,0.0,0.0,180
1,[],17,[],2019-05-03 01:13:56,20504.725000000002,0.0000001,0.00000000000548003,7559141,2019-05-03 01:13:56,btc,5.2010695838400265,0.0,0.0000001,btc,5033.45945,0.0,0.0011504725,180
,[],7,[],2018-11-20 22:58:01,562227.975654,0.00000085,0.000000000036176765,4862015,2018-11-20 22:58:01,btc,21836.6059674,2491.87645172,,btc,749999.041456,0.00211021,0.127565380455,183
,[],5,[],2019-01-10 08:11:41,0.0,0,0,6347036,2019-01-10 08:11:41,btc,82.15055501,0.00261,,btc,1.19002445,0.0,0.0,187
,[],17,[],2018-11-16 20:58:10,4062536.27273,0.00000001,0.000000000000550501,4708775,2018-11-16 20:58:10,btc,3.36492563466,0.195460381006,,"btc,eth",110697919.549,0.0,0.0157628953496,187
1,[],24,[],2019-05-22 21:04:52,0.0,0.000000000014,0.0000000000000010960978,7670219,2019-05-22 21:04:52,btc,0.0,0.0,0.000000000014,btc,0.0,0.0,0.0,187
0,[],22,[],2019-04-25 02:54:07,0.0,0,0,7447896,2019-04-25 02:54:07,,7.54794454,0.0,0,,76361.7243344055,0.0,0.0,191
0,[],22,[],2019-06-17 14:33:34,0.0,0,0,7740182,2019-06-17 14:33:34,,0.0,0.0,0,,0.0,0.0,0.0,197
0,[],23,[],2019-01-20 23:31:41,0.0,0,0,6477079,2019-01-20 23:31:41,,0.0,0.0,0,,0.0,0.0,0.0,199
0,[],22,[],2019-07-02 13:48:46,0.0,0,0,7788195,2019-07-02 13:48:46,,9.84207842,0.0,0,,64964846.0,0.0,0.0,199
1,[],26,[],2019-07-02 13:48:46,0.0,0.00000000,0,7788196,2019-07-02 13:48:46,btc,0.0,0.0,0.00000000,btc,0.0,0.0,0.0,199
0,[],2,[],2019-01-20 23:30:49,0.0,0,0,6477059,2019-01-20 23:30:49,,0.0,0.0,0,,0.0,0.0,0.0,201
1,[],4,[],2019-01-25 15:51:35,2084389.58565343,0.00000936,0.000000000333526752,6499557,2019-01-25 15:51:35,btc,2.0092503037378524,0.0,0.00000936,btc,160195.80207885,0.19272417,1.242687955921835,211
1,[],7,[],2019-07-01 02:21:28,1170054124.6898527,0.00000018,0.000000000019815389999999997,7782694,2019-07-01 02:21:28,btc,1346735.6331920293,0.0,0.00000018,btc,5516233.71348162,0.0,11.954344045954047,212
1,[],12,[],2019-01-25 02:44:32,207462.42853209,0.000001080000000000000035831255497387193287295303889550268650054931640625,0.000000000038610756000000006,6493050,2019-01-25 02:44:32,btc,85023.03793723314,0.0,0.000001080000000000000035831255497387193287295303889550268650054931640625,btc,43675.73520027,0.000146250909087,0.0348620860622024,213
1,[],5,[],2019-05-30 00:07:46,0.0,0,0,7709357,2019-05-30 00:07:46,btc,0.0,0.06425239,0,btc,0.0,0.0,0.0,213
1,[],24,[],2019-05-30 00:07:46,0.0,0.000000399202,0.0000000000344859829346,7709358,2019-05-30 00:07:46,btc,0.0,0.0,0.000000399202,btc,0.0,0.0,0.0,213
1,[],26,[],2019-05-30 00:07:47,0.0,0.00000040,0.000000000034554919999999996,7709359,2019-05-30 00:07:47,btc,0.0,0.0,0.00000040,btc,0.0,0.0,0.0,213
0,[],22,[],2019-07-02 13:55:47,0.0,0,0,7788197,2019-07-02 13:55:47,,7.74511039,0.0,0,,3656571.1040649246,0.0,0.0,216
0,[],27,[],2019-07-02 13:56:12,0.0,0,0,7788198,2019-07-02 13:56:12,,0.0,0.0,0,,0.0,0.0,0.0,216
0,[],22,[],2019-07-02 13:57:19,526115.4,0,0,7788199,2019-07-02 13:57:19,,12055.86536113,0.0,0,,590944.099660349,0.0,0.03721086,217
1,[],7,[],2019-06-27 19:02:35,0.0,0,0,7772298,2019-06-27 19:02:35,btc,2123800.2774640615,0.0,0,btc,82333746.4752352,0.0,0.0,219
0,[],27,[],2019-07-02 14:00:45,0.0,0,0,7788200,2019-07-02 14:00:45,,0.0,0.0,0,,0.0,0.0,0.0,219
0.000000000000003058,[],28,[],2019-07-02 14:01:02,3312820234.054,6.904964e-19,6.95046771276e-23,7788201,2019-07-02 14:01:02,doge,125846.04510800431,6866.0,0.00022580,"btc,doge",120666781.230909,0.0,2.6790788180201527e-11,219
0,[],22,[],2019-06-26 23:36:41,0.0,0,0,7769178,2019-06-26 23:36:41,,56.75439223,0.0,0,,184664.6482738741,0.0,0.0,221
1,[],24,[],2019-06-26 23:36:41,0.0,0.000000030000,0.000000000003835668,7769179,2019-06-26 23:36:41,btc,0.0,0.0,0.000000030000,btc,0.0,0.0,0.0,221
1,[],20,[],2019-06-17 14:34:11,26882155.8301,0.000000003,0.000000000000278742,7740192,2019-06-17 14:34:11,btc,100050.81956632523,233521.3529,0.000000003,btc,38769742.8604,0.0007925640587,0.0306863532672,224
0,[],22,[],2019-06-17 14:34:13,0.0,0,0,7740193,2019-06-17 14:34:13,,0.0,0.0,0,,0.0,0.0,0.0,224
1,[],26,[],2019-07-02 14:01:02,0.0,0.00000022,0.00000000002214498,7788202,2019-07-02 14:01:02,btc,0.0,0.0,0.00000022,btc,0.0,0.0,0.0,231
1,[],26,[],2019-07-02 14:01:03,0.0,0.00000005,0.00000000000503295,7788203,2019-07-02 14:01:03,btc,0.0,0.0,0.00000005,btc,0.0,0.0,0.0,234
0,[],27,[],2019-07-02 14:01:25,0.0,0,0,7788204,2019-07-02 14:01:25,,0.0,0.0,0,,0.0,0.0,0.0,234
1,[],4,[],2019-05-22 17:06:12,91780.56053785,0.00000078,0.000000000061977552,7669277,2019-05-22 17:06:12,btc,5.573372450018177,0.0,0.00000078,btc,729173.93529783,0.0,0.0307060663355679,236
1,[],24,[],2019-05-22 17:06:12,0.0,0.000000010000,0.000000000000794584,7669278,2019-05-22 17:06:12,btc,0.0,0.0,0.000000010000,btc,0.0,0.0,0.0,236
1,[],5,[],2019-07-02 12:45:21,0.0,0,0,7788090,2019-07-02 12:45:21,btc,0.0,0.37470506,0,btc,0.0,0.0,0.0,237
1,[],20,[],2019-07-02 12:45:23,127473244.0618,0.00000006,0.00000000000606678,7788091,2019-07-02 12:45:23,btc,548.9207562155505,13021785.4637,0.00000006,btc,43541575.9105,0.7464427142367,0.8095393865137,237
1,[],22,[],2019-07-02 12:45:27,2107871.0,0.00000005,0.000000000005055649999999999,7788092,2019-07-02 12:45:27,BTC,1.20109922,0.0,0.00000005,"BTC,LTC",14430.948717948719,0.0025999,0.02777546,237
1,[],4,[],2019-07-02 12:45:28,26240920.01825162,0.00000004,0.00000000000404452,7788093,2019-07-02 12:45:28,btc,2.815276942502941,0.0,0.00000004,btc,13803891.57566564,0.18931757,0.4035039570700644,238
1,[],5,[],2019-07-02 12:45:30,0.0,0,0,7788094,2019-07-02 12:45:30,btc,0.0,0.02152246,0,btc,0.0,0.0,0.0,238
0,[],22,[],2019-03-12 16:49:32,0.0,0,0,6914458,2019-03-12 16:49:32,,0.40415746,0.0,0,,526736.5639027493,0.0,0.0,249
0,[],22,[],2019-05-28 23:53:45,0.0,0,0,7703643,2019-05-28 23:53:45,,13.44714864,0.0,0,,43777534.3426455,0.0,0.0,252
1,[],28,[],2019-07-02 12:45:37,1008583.88,0.00000005,0.000000000005055649999999999,7788095,2019-07-02 12:45:37,btc,3.54741974408,109892.4,0.00000005,btc,4991295.5534,0.0,0.032246389,256
1,[],22,[],2019-07-02 12:45:41,481444.0,0.00000001,0.00000000000101113,7788096,2019-07-02 12:45:41,BTC,31471.48537874,0.0,0.00000001,"BTC,LTC",1164536.0289488921,0.00015,0.00721444,258
1,[],22,[],2019-05-19 18:12:02,400.0,0.00000001,0.0000000000007957800000000001,7653905,2019-05-19 18:12:02,BTC,2.415167,0.0,0.00000001,BTC,157.0,0.0,4e-06,259
1,[],5,[],2019-07-02 12:45:42,0.0,0,0,7788097,2019-07-02 12:45:42,btc,0.0,0.02775788,0,btc,0.0,0.0,0.0,264
1,[],20,[],2019-07-02 12:45:44,953241.5605,0.000000178,0.000000000017998114,7788098,2019-07-02 12:45:44,btc,1.1507330656826,14313.4023,0.000000178,btc,65222.866,0.0046947959544,0.0049563258647,264
0,[],22,[],2019-04-12 17:57:27,0.0,0,0,7278186,2019-04-12 17:57:27,,66.37522201,0.0,0,,677842.4169881374,0.0,0.0,271
0,[],22,[],2019-07-02 12:45:48,0.0,0,0,7788099,2019-07-02 12:45:48,,33050469.74148113,0.0,0,,14261527780.7,0.0,0.0,272
0.000000000000003069,[],28,[],2019-07-02 12:45:54,382107684394.712,5.524199999999999e-22,5.585684346e-26,7788100,2019-07-02 12:45:54,doge,282952085.4912692,7236131277.8121,0.00000018,doge,330200884852.3654,0.0,8.992465214535558e-11,272
1,[],22,[],2019-05-23 07:12:29,219930.0,0.00000004,0.000000000003048688,7671985,2019-05-23 07:12:29,BTC,426.77835217,0.0,0.00000004,BTC,248664.3325962929,0.0,0.00739728,281
1,[],22,[],2019-07-02 12:45:59,1368947.4,0.00000002,0.00000000000202226,7788101,2019-07-02 12:45:59,BTC,7.87612365,0.0,0.00000002,"BTC,LTC",1134291.797623037,0.00669886,0.02394278,286
0,[],22,[],2019-06-17 14:34:53,0.0,0,0,7740207,2019-06-17 14:34:53,,7337915.80475575,0.0,0,,2078527309.6797826,0.0,0.0,294
