pairValue,buyBook,exchangeId,sellBook,updated,buyTotal,satoshiPrice,usdPrice,exchangeLogId,created,bestPair,sellTotalBtc,volume,pairPrice,activePairs,sellTotal,volumeBtc,buyTotalBtc,coinId
1,[],3,[],2019-02-27 20:18:14,30538.75664583606,0.01264970999999999977381204274706760770641267299652099609375,0.000000481838838639,6805384,2019-02-27 20:18:14,btc,61.11289004377776,0.000149206496,0.01264970999999999977381204274706760770641267299652099609375,btc,25.229420883059,0.0,0.2933525101129843,1
1,[],4,[],2019-02-27 20:18:16,303086.72728454,0.01279260,0.00000048728164734,6805385,2019-02-27 20:18:16,btc,9.1545474537769,0.0,0.01279260,btc,258.71350212,0.52728607,2.794067422581206,1
1,[],5,[],2019-02-27 20:18:17,0.0,0,0,6805386,2019-02-27 20:18:17,btc,0.0,0.12654508,0,btc,0.0,0.0,0.0,1
1,[],10,[],2019-02-27 20:18:20,414620.04695719,0.0107251,0.00000040852871159,6805387,2019-02-27 20:18:20,btc,6521.008384591482,1840.07355722,0.0107251,btc,993.10743114,0.0,5.3672843063623565,1
1,[],12,[],2019-02-27 20:18:23,10422.10805615,0.01265999999999999937883021772222491563297808170318603515625,0.000000482230794,6805388,2019-02-27 20:18:23,btc,0.544183984408,0.0,0.01265999999999999937883021772222491563297808170318603515625,btc,33.67167862,0.3396650241236,0.1700650232977,1
1,[],20,[],2019-02-27 20:18:25,1150.0464,0.01051,0.00000040033535900000005,6805389,2019-02-27 20:18:25,btc,0.0662082325693,0.0268,0.01051,btc,3.0133,0.00033768,0.0875490456215,1
1,[],21,[],2019-02-27 20:18:26,2046.23260285,0.01270137999999999996181276884,0.000000483806995442,6805390,2019-02-27 20:18:26,btc,24.156087521725336,2215.38108246,0.01270137999999999996181276884499311563558876514434814453125,"btc,eth",2398.75879967,25.69843985268867,21.662005666544204,1
1,[],22,[],2019-02-27 20:18:30,0.0163776,0.01300000,0.0000004951817,6805391,2019-02-27 20:18:30,BTC,0.31423927,0.0,0.01300000,BTC,0.11751954901960784,0.0,0.00020972,1
1,[],24,[],2019-02-27 20:18:31,0.0,0.000000000000,0,6805392,2019-02-27 20:18:31,btc,0.0,0.0,0.000000000000,btc,0.0,0.0,0.0,1
0.0,[],25,[],2019-02-27 20:18:32,0.0,0,0,6805393,2019-02-27 20:18:32,btc,29.129599997685904,3151.03738349,0.0,btc,2236.86339011,40.3485,0.0,1
1,[],26,[],2019-02-27 20:18:32,0.0,0,0,6805394,2019-02-27 20:18:32,,0.0,0.0,0,,0.0,0.0,0.0,1
1,[],28,[],2019-02-27 20:18:34,993.142,0.01323000,0.000000503942607,6805395,2019-02-27 20:18:34,btc,0.162839806,9177.2,0.01323000,btc,8.9,0.0,0.089302756,1
0,[],2,[],2019-01-20 23:28:45,0.0,0,0,6477011,2019-01-20 23:28:45,,0.0,0.0,0,,0.0,0.0,0.0,1
1,[],5,[],2019-02-27 20:25:46,0.0,0,0,6805578,2019-02-27 20:25:46,btc,0.0,0.00034086,0,btc,0.0,0.0,0.0,2
0.0000000001268113,[],22,[],2019-02-27 20:25:49,1148.0,1.3949243e-16,5.3124297041200006e-21,6805579,2019-02-27 20:25:49,XMR,21.01373823,0.0,0.00000110,XMR,14319.12581,0.0,0.00087635,2
1,[],5,[],2019-02-27 20:25:51,0.0,0,0,6805580,2019-02-27 20:25:51,btc,0.0,0.2423726,0,btc,0.0,0.0,0.0,3
1,[],12,[],2019-02-27 20:25:52,13660404.784138,0.000000174,0.0000000000066266160000000004,6805581,2019-02-27 20:25:52,btc,924396.2493417705,0.0,0.000000174,btc,8196603.33797139,0.02784943664189521,0.726572169766874,3
0,[],28,[],2019-02-27 20:25:53,0.0,0,0,6805582,2019-02-27 20:25:53,,0.0,0.0,0,,0.0,0.0,0.0,3
0,[],2,[],2019-01-20 23:31:32,0.0,0,0,6477077,2019-01-20 23:31:32,,0.0,0.0,0,,0.0,0.0,0.0,4
1,[],4,[],2019-02-27 20:25:54,411618.65443734,0.00000033,0.00000000001256772,6805583,2019-02-27 20:25:54,btc,32.00332084987005,0.0,0.00000033,btc,713718.98823302,0.00075548,0.0584717308328429,4
1,[],12,[],2019-02-22 14:50:14,1367032.5219999999,0.00000003,0.000000000001190475,6759350,2019-02-22 14:50:14,btc,11013869.583570713,0.0,0.00000003,btc,1211697.32371984,0.00024567976024,0.02065290044,5
0,[],2,[],2019-01-20 23:31:51,0.0,0,0,6477087,2019-01-20 23:31:51,,0.0,0.0,0,,0.0,0.0,0.0,6
1,[],11,[],2019-02-27 20:25:56,4272596.5,0.00000001,0.00000000000038084,6805584,2019-02-27 20:25:56,btc,9432.767848832815,110000.0,0.00000001,btc,41834017.57452957,0.0,0.042725965,6
1,[],3,[],2019-02-27 20:25:57,1085.537475048359,0.0001510600000000000072038208731584063571062870323657989501953125,0.0000000057529690400000005,6805585,2019-02-27 20:25:57,btc,26.3363151709563,0.0,0.0001510600000000000072038208731584063571062870323657989501953125,btc,247.537822229004,0.0,0.03339742781632559,7
1,[],4,[],2019-02-27 20:25:58,100423.20721175,0.00023525,0.000000008959261,6805586,2019-02-27 20:25:58,btc,10.77854324869466,0.0,0.00023525,btc,35398.0684498,1.8332227,5.755531367673589,7
1,[],5,[],2019-02-27 20:25:59,0.0,0,0,6805587,2019-02-27 20:25:59,btc,0.0,0.71702534,0,btc,0.0,0.0,0.0,7
1,[],20,[],2019-02-20 02:16:17,39399275.8418,0.000000001,0.0000000000000390183,6728586,2019-02-20 02:16:17,btc,116.9737569154545,525.0,0.000000001,btc,56932965.8895,5.25e-07,0.0393992758418,8
0,[],2,[],2019-01-20 23:22:42,0.0,0,0,6476876,2019-01-20 23:22:42,,0.0,0.0,0,,0.0,0.0,0.0,9
0,[],23,[],2019-01-20 23:22:48,0.0,0,0,6476878,2019-01-20 23:22:48,,0.0,0.0,0,,0.0,0.0,0.0,9
1,[],4,[],2019-02-27 20:26:01,1979457.30366858,0.00000180,0.0000000000685512,6805588,2019-02-27 20:26:01,btc,6.7720756369705235,0.0,0.00000180,btc,2682733.55227202,2.62256916,0.7782068827421457,9
1,[],28,[],2019-02-27 20:26:03,58847.853,0.00000181,0.00000000006893204,6805589,2019-02-27 20:26:03,btc,2708.762682539512,1887905.51,0.00000181,btc,12195.0788,0.0,0.07114681393,9
1,[],1,[],2019-02-17 23:31:42,1822507.21,0.00000181000000000000003456111265232042484285557293333113193511962890625,0.000000000066086901,6701244,2019-02-17 23:31:42,btc,3.6990969245,17153386.5,0.00000181000000000000003456111265232042484285557293333113193511962890625,btc,1997391.71,31.11772986,3.2610482446,9
1,[],4,[],2019-02-17 11:22:43,4341674.27126056,0.00000002,0.0000000000007272960000000001,6696112,2019-02-17 11:22:43,btc,0.1997230937751353,0.0,0.00000002,btc,4109766.79808031,0.00215132,0.0479381022052112,10
1,[],4,[],2019-02-27 20:26:04,4543928.03741623,0.00000124,0.000000000047224160000000003,6805590,2019-02-27 20:26:04,btc,9.98270747816206,0.0,0.00000124,btc,5239088.79287248,1.91877694,2.9353757575376336,12
1,[],5,[],2019-02-27 20:26:05,0.0,0,0,6805591,2019-02-27 20:26:05,btc,0.0,0.41288961,0,btc,0.0,0.0,0.0,12
0.0,[],25,[],2019-02-27 20:26:06,0.0,0,0,6805592,2019-02-27 20:26:06,,0.0,0.0,0.0,btc,0.0,0.0,0.0,12
0,[],2,[],2019-01-20 23:23:08,0.0,0,0,6476890,2019-01-20 23:23:08,,0.0,0.0,0,,0.0,0.0,0.0,12
1,[],4,[],2019-02-27 20:26:07,32990265.00883656,0.00000549,0.00000000020908116000000001,6805593,2019-02-27 20:26:07,btc,3.0688617744789437,0.0,0.00000549,btc,427750.47599611,0.58336112,0.9577314290692373,13
1,[],21,[],2019-02-27 20:26:10,954355.01369918,0.000005620000000000000402134922584,0.00000000021403208000000002,6805594,2019-02-27 20:26:10,btc,6.127626783037808,548758.85332157,0.00000562000000000000040213492258356353659110027365386486053466796875,btc,970634.13524651,3.12320879,5.056662114729201,13
1,[],10,[],2019-02-27 20:10:24,475202.22916438,0.0000053,0.00000000020199784000000002,6805217,2019-02-27 20:10:24,btc,666802.6131258062,9829.42471831,0.0000053,btc,743486.99028685,0.0,0.2810204821664715,13
1,[],4,[],2019-02-27 20:26:11,699300.96164032,0.00000126,0.00000000004798584,6805595,2019-02-27 20:26:11,btc,11.889108453849135,0.0,0.00000126,btc,902260.50477253,0.02841218,0.1453190159700193,14
1,[],12,[],2019-02-27 20:26:12,217265.91304348,0.000001120000000000000076372827333137660588135986472479999065399169921875,0.000000000042654080000000006,6805596,2019-02-27 20:26:12,btc,5.294297632059277,0.0,0.000001120000000000000076372827333137660588135986472479999065399169921875,btc,33863.19873547,0.0,0.0232142600000004,14
1,[],26,[],2019-02-27 20:26:24,0.0,0.00000050,0.000000000019042,6805597,2019-02-27 20:26:24,btc,0.0,0.0,0.00000050,btc,0.0,0.0,0.0,14
0,[],17,[],2019-02-27 20:19:12,0.0,0,0,6805415,2019-02-27 20:19:12,btc,0.0,0.0,0,btc,0.0,0.0,0.0,14
0,[],4,[],2019-02-27 20:26:25,0.0,0,0,6805598,2019-02-27 20:26:25,,0.0,0.0,0,,0.0,0.0,0.0,15
,[],12,[],2018-12-01 15:15:48,204241.84496,0.00000489,0.000000000202473384,5260204,2018-12-01 15:15:48,btc,49.5475654835,0.0,,btc,35763.2193806,0.0163153972027625,0.0203389899998,15
1,[],4,[],2019-02-27 20:26:27,25830.77538632,0.00001779,0.0000000006775143600000001,6805599,2019-02-27 20:26:27,btc,1.2231259039275368,0.0,0.00001779,btc,8955.88635902,0.00992857,0.0807843845907955,18
1,[],10,[],2019-02-27 20:26:29,782789.05974433,0.000018,0.0000000006855120000000001,6805600,2019-02-27 20:26:29,btc,16.631510566425256,8598.77894091,0.000018,btc,14799.1934472,0.0,0.1309821155182657,18
1,[],12,[],2019-02-27 20:26:30,193477.22128043,0.00001894000000000000162050060870111423128037131391465663909912109375,0.0000000007213109600000001,6805601,2019-02-27 20:26:30,btc,23.630669898833084,0.0,0.00001894000000000000162050060870111423128037131391465663909912109375,btc,1872.34034875,0.0003219546139979,0.0329112715447513,18
0,[],17,[],2019-02-27 20:26:31,0.0,0,0,6805602,2019-02-27 20:26:31,btc,0.0,0.0,0,btc,0.0,0.0,0.0,18
0,[],2,[],2019-01-20 23:23:38,0.0,0,0,6476906,2019-01-20 23:23:38,,0.0,0.0,0,,0.0,0.0,0.0,18
1,[],3,[],2019-02-27 20:26:32,118406.70530712341,0.0000200099999999999998462514583241755872222711332142353057861328125,0.0000000007620608400000001,6805603,2019-02-27 20:26:32,btc,0.5286560728341213,0.0,0.0000200099999999999998462514583241755872222711332142353057861328125,btc,9053.568872553742,0.0,0.03196798859881744,19
1,[],4,[],2019-02-27 20:26:33,469323.00273194,0.00002000,0.00000000076168,6805604,2019-02-27 20:26:33,btc,2.1795381135535945,0.0,0.00002000,btc,75786.07178238,0.42738269,2.339361213884195,19
1,[],5,[],2019-02-27 20:26:34,0.0,0,0,6805605,2019-02-27 20:26:34,btc,0.0,0.00419604,0,btc,0.0,0.0,0.0,19
1,[],12,[],2019-02-27 20:26:36,135330.26718081,0.000019239999999999998748188845265616464530467055737972259521484375,0.00000000073273616,6805606,2019-02-27 20:26:36,btc,6.897479994886322,0.0,0.000019239999999999998748188845265616464530467055737972259521484375,btc,396.76220934,0.0009196403598136,0.10968587999999399,19
0,[],27,[],2019-02-27 20:26:38,0.0,0,0,6805607,2019-02-27 20:26:38,,0.0,0.0,0,btc,0.0,0.0,0.0,19
0,[],2,[],2019-01-20 23:24:19,0.0,0,0,6476924,2019-01-20 23:24:19,,0.0,0.0,0,,0.0,0.0,0.0,19
1,[],4,[],2019-02-27 20:26:39,2817409.12717412,0.00000013,0.00000000000495092,6805608,2019-02-27 20:26:39,btc,7.374816604530555,0.0,0.00000013,btc,2840199.57892104,0.00075541,0.0813360639981472,20
0,[],17,[],2019-02-27 19:17:54,0.0,0,0,6805050,2019-02-27 19:17:54,btc,0.0,0.0,0,btc,0.0,0.0,0.0,21
1,[],4,[],2019-02-27 20:26:40,104036087.13737024,0.00000002,0.00000000000076168,6805609,2019-02-27 20:26:40,btc,1807.0295702933147,0.0,0.00000002,btc,54975780.27639335,0.0,1.1684621866280451,21
1,[],12,[],2019-02-27 20:26:41,18207066.0,0.00000002,0.00000000000076168,6805610,2019-02-27 20:26:41,btc,670.3733702334847,0.0,0.00000002,btc,8127598.32857329,0.0088062,0.23638156000000002,21
1,[],12,[],2019-02-27 20:26:53,3085895584.6808996,0.0000000002,0.0000000000000076168,6805611,2019-02-27 20:26:53,btc,875865843154.8969,0.0,0.0000000002,btc,4897284545.020418,0.03941437755044955,0.32345039618299043,23
0.00000000035369570000000005,[],27,[],2019-02-27 20:26:55,2000.0,3.536957000000001e-18,1.3470147038800003e-22,6805612,2019-02-27 20:26:55,eth,1.3829826565934114,0.0,0.00000001,eth,2164879.85514486,0.0,7.073914000000001e-15,23
1,[],4,[],2019-02-27 20:26:56,485964.53550821,0.00000057,0.00000000002170788,6805613,2019-02-27 20:26:56,btc,8.859081127131004,0.0,0.00000057,btc,1515242.0735201,0.0091849,0.1581850914846623,24
1,[],22,[],2019-02-27 20:27:00,11.76,0.00000100,0.000000000038084,6805614,2019-02-27 20:27:00,BTC,7.415e-05,0.0,0.00000100,BTC,23.919354838709676,0.0,1.176e-05,24
0.0,[],25,[],2019-02-27 20:27:02,0.0,0,0,6805615,2019-02-27 20:27:02,,0.0,0.0,0.0,btc,0.0,0.0,0.0,24
1,[],4,[],2019-02-27 20:27:02,28468894.45793613,0.00000529,0.00000000020146436,6805616,2019-02-27 20:27:02,btc,167.5123433695831,0.0,0.00000529,btc,263764.14245199,0.16773548,0.4038072346854512,26
1,[],10,[],2019-02-27 20:27:05,694359.08522783,0.0000064,0.0000000002437376,6805617,2019-02-27 20:27:05,btc,26.126941756028387,4794.64033758,0.0000064,btc,14188.3211924,0.0,0.2412250225459464,26
0,[],2,[],2019-01-20 23:25:56,0.0,0,0,6476976,2019-01-20 23:25:56,,0.0,0.0,0,,0.0,0.0,0.0,26
1,[],3,[],2019-02-27 20:27:05,6199961.70213569,0.00000001,0.00000000000038084,6805618,2019-02-27 20:27:05,btc,2.2663380247489533,1605.0,0.00000001,btc,17671163.51502257,0.0,0.061999617021356895,27
1,[],5,[],2019-02-27 20:27:08,0.0,0,0,6805619,2019-02-27 20:27:08,btc,0.0,0.0,0,btc,0.0,0.0,0.0,27
1,[],11,[],2019-02-27 20:27:09,9491944.20350207,0.00000005,0.0000000000019042,6805620,2019-02-27 20:27:09,btc,67506.40605986067,169525.403564,0.00000005,btc,8002256.57282965,0.0,0.44249750446473557,27
1,[],4,[],2019-02-27 20:27:10,1520025865.136526,0.00000002,0.00000000000076168,6805621,2019-02-27 20:27:10,btc,6.435680715546706,0.0,0.00000002,"btc,ltc",378513733.5039414,0.47852238,12.26999649760984,29
1,[],7,[],2019-02-27 20:27:11,47476687.7215207,0.00000002,0.00000000000076168,6805622,2019-02-27 20:27:11,btc,44462590.77108844,0.0,0.00000002,btc,47195656.62159347,0.0,0.6189312873043272,29
1,[],4,[],2019-02-27 20:27:12,1434054.82702191,0.00000027,0.00000000001028268,6805623,2019-02-27 20:27:12,btc,2.3250589185433985,0.0,0.00000027,btc,1547810.21739257,0.00851413,0.0953905411995588,30
0,[],17,[],2019-02-27 20:20:14,0.0,0,0,6805443,2019-02-27 20:20:14,btc,0.0,0.0,0,btc,0.0,0.0,0.0,30
1,[],4,[],2019-02-27 20:27:24,1112330.0655203,0.00005015,0.0000000019099126,6805624,2019-02-27 20:27:24,btc,6.286582119270462,0.0,0.00005015,btc,75408.45241743,0.63210584,0.8844093780805202,31
1,[],21,[],2019-02-27 20:27:24,63451.10970332,0.00005113000000000000004737529813,0.00000000194723492,6805625,2019-02-27 20:27:24,btc,1.8927269547947623,76236.42474629,0.0000511300000000000000473752981289266017483896575868129730224609375,btc,33618.04411317,3.99035285,2.096348597151872,31
0,[],2,[],2019-01-20 23:28:43,0.0,0,0,6477009,2019-01-20 23:28:43,,0.0,0.0,0,,0.0,0.0,0.0,32
1,[],4,[],2019-02-27 20:27:25,387485863.9456695,0.00000004,0.00000000000152336,6805626,2019-02-27 20:27:25,btc,12.332390701877424,0.0,0.00000004,"btc,ltc",214675806.09975716,0.90547636,8.88771306358246,33
1,[],12,[],2019-02-27 20:27:26,16708236.0,0.00000004,0.00000000000152336,6805627,2019-02-27 20:27:26,btc,35630551.58681241,0.0,0.00000004,btc,90513354.24181683,0.0073176862737265,0.53862117,33
1,[],4,[],2019-02-27 20:27:27,124583947.51462756,0.00000001,0.00000000000038084,6805628,2019-02-27 20:27:27,btc,4.033076752377997,0.0,0.00000001,btc,101124595.75888368,0.01453946,1.2458394751462756,34
1,[],5,[],2019-02-27 20:27:29,0.0,0,0,6805629,2019-02-27 20:27:29,btc,0.0,0.19820756,0,btc,0.0,0.0,0.0,34
0,[],17,[],2019-02-27 20:11:42,0.0,0,0,6805255,2019-02-27 20:11:42,btc,0.07464582821489181,0.0,0,btc,4105386.20243647,0.0,0.0,36
0.0000000001173013,[],4,[],2019-02-27 20:27:30,2241143975.0963335,2.346026e-18,8.934605418400001e-23,6805630,2019-02-27 20:27:30,ltc,3.6730605003353214e-08,0.0,0.00000002,ltc,5463187286.696258,0.0,4.345993957253863e-09,36
1,[],5,[],2019-02-27 20:27:31,0.0,0,0,6805631,2019-02-27 20:27:31,btc,0.0,0.0,0,btc,0.0,0.0,0.0,36
0.00000000035369570000000005,[],27,[],2019-02-27 20:27:35,1000000.0,3.536957000000001e-18,1.3470147038800003e-22,6805632,2019-02-27 20:27:35,eth,222.5997971062634,0.0,0.00000001,"ltc,eth",11163566.48751039,0.0,1.177740888e-12,36
1,[],17,[],2019-02-27 20:11:48,1752.74075282,0.00000025,0.0000000000095282,6805259,2019-02-27 20:11:48,btc,0.055484923777095005,0.0,0.00000025,btc,1319.19918473,0.0,0.00043818518820499993,37
1,[],4,[],2019-02-27 20:20:31,205368.41126269,0.00000057,0.000000000021711813,6805453,2019-02-27 20:20:31,btc,19772.495194608706,0.0,0.00000057,btc,571934.91493572,0.12635516,0.0846801772472037,37
1,[],12,[],2019-02-27 20:20:32,474051.44458165,0.0000006,0.00000000002285454,6805454,2019-02-27 20:20:32,btc,1344.776167369961,0.0,0.0000006,btc,965457.33904843,0.1461162738730616,0.1170422800000005,37
1,[],27,[],2019-02-27 20:20:35,14685.567,0.00000045,0.000000000017140905,6805455,2019-02-27 20:20:35,btc,25.82160393111233,0.0,0.00000045,btc,6804.86438508,0.0,0.00480032515,37
1,[],5,[],2019-02-27 20:27:36,0.0,0,0,6805633,2019-02-27 20:27:36,btc,0.0,0.05748002,0,btc,0.0,0.0,0.0,42
1,[],12,[],2019-02-27 20:27:37,240599.79936153,0.00000092,0.00000000003503728,6805634,2019-02-27 20:27:37,btc,94.70780143074579,0.0,0.00000092,btc,112663.43562287,0.0028205847470758,0.0470717300000007,42
0.00000000035369570000000005,[],27,[],2019-02-27 20:27:40,2000.0,3.536957000000001e-18,1.3470147038800003e-22,6805635,2019-02-27 20:27:40,eth,0.00315028,0.0,0.00000001,"btc,eth",11.007,0.0,7.073914000000001e-15,42
1,[],5,[],2019-02-27 20:20:42,0.0,0,0,6805459,2019-02-27 20:20:42,btc,0.0,0.06480484,0,btc,0.0,0.0,0.0,43
1,[],12,[],2019-02-27 20:20:43,1793328.0,0.00000001,0.000000000000380909,6805460,2019-02-27 20:20:43,btc,3569.7540853045352,0.0,0.00000001,btc,12101070.57282716,5.1998001998e-05,0.01793328,43
0,[],17,[],2019-02-27 20:20:44,0.0,0,0,6805461,2019-02-27 20:20:44,btc,0.0,0.0,0,btc,0.0,0.0,0.0,43
1,[],12,[],2019-02-27 20:20:45,650629.0,0.00000004,0.000000000001523636,6805462,2019-02-27 20:20:45,btc,11116042.727795307,0.0,0.00000004,btc,1102349.40161834,0.000235048201798,0.01600708,44
1,[],4,[],2019-02-27 20:27:41,290535312.8652898,0.00000002,0.00000000000076168,6805636,2019-02-27 20:27:41,btc,473.6052132207522,0.0,0.00000002,"btc,ltc",12169289.70365541,0.00313839,0.19871801464778915,49
0.0000000001173013,[],4,[],2019-02-27 20:27:42,75899925.19445343,1.173013e-18,4.4673027092000004e-23,6805637,2019-02-27 20:27:42,ltc,25.475336667562644,0.0,0.00000001,ltc,10240772169.218313,0.0,8.903159895212142e-11,52
0.0000000001268113,[],22,[],2019-02-27 20:27:46,80845862.0,1.268113e-18,4.829481549200001e-23,6805638,2019-02-27 20:27:46,XMR,4366.96996713,0.0,0.00000001,XMR,255350310.67882353,0.0,0.80845862,57
0.00000000035369570000000005,[],27,[],2019-02-27 20:27:48,2000.0,3.536957000000001e-18,1.3470147038800003e-22,6805639,2019-02-27 20:27:48,eth,0.0,0.0,0.00000001,"btc,eth",0.0,0.0,7.073914000000001e-15,57
0.0000000001173013,[],4,[],2019-02-27 20:27:50,1051792431.046227,3.519039e-18,1.3401908127600002e-22,6805640,2019-02-27 20:27:50,ltc,18.80745101473311,0.0,0.00000003,ltc,4094862440.6891255,0.0001,2.5390853817923294e-09,58
1,[],12,[],2019-02-27 20:27:51,1638451734.843957,0.0000000004,0.0000000000000152336,6805641,2019-02-27 20:27:51,btc,224005479731.24075,0.0,0.0000000004,btc,3773899592.171304,0.11802435410129873,0.5285385784011392,58
0,[],17,[],2019-02-27 20:27:53,0.0,0,0,6805642,2019-02-27 20:27:53,btc,1e+24,0.0,0,btc,49306342.21952568,0.0,0.0,58
0.0000000001268113,[],22,[],2019-02-27 20:27:58,137438.0,1.268113e-18,4.829481549200001e-23,6805643,2019-02-27 20:27:58,XMR,69.8835922,0.0,0.00000001,XMR,9887963.0,0.0,0.00137438,58
1,[],5,[],2019-02-27 20:28:00,0.0,0,0,6805644,2019-02-27 20:28:00,btc,0.0,0.82209285,0,btc,0.0,0.0,0.0,61
1,[],22,[],2019-02-27 20:28:04,5149.5,0.00000011,0.0000000000041892400000000004,6805645,2019-02-27 20:28:04,BTC,1002.29597012,0.0,0.00000011,BTC,14947.700278135757,0.0,0.00051596,61
1,[],26,[],2019-02-27 20:28:04,0.0,0.00000800,0.000000000304672,6805646,2019-02-27 20:28:04,btc,0.0,0.0,0.00000800,btc,0.0,0.0,0.0,61
1,[],27,[],2019-02-27 20:28:07,4096.686,0.00000055,0.0000000000209462,6805647,2019-02-27 20:28:07,btc,7.785539968616269,283.432,0.00000055,"btc,eth",20547.11199471,4.912196620740001e-13,0.00026559750631606325,61
1,[],28,[],2019-02-27 20:28:09,13880.304,0.0000005,0.000000000019042,6805648,2019-02-27 20:28:09,btc,2.056291378300105,411.0,0.0000005,btc,9710.59500005,0.0,0.00566391304,61
1,[],4,[],2019-02-27 20:28:09,1407703.15712743,0.00000278,0.00000000010587352000000001,6805649,2019-02-27 20:28:09,btc,11.19696549071665,0.0,0.00000278,btc,787117.18168368,0.19643712,1.2862625004415338,67
0.0,[],25,[],2019-02-27 20:28:11,0.0,0,0,6805650,2019-02-27 20:28:11,,0.0,0.0,0.0,btc,0.0,0.0,0.0,67
1,[],12,[],2019-02-27 20:21:23,1661858.18307686,0.00000021,0.000000000007999089,6805478,2019-02-27 20:21:23,btc,11115998.98500896,0.0,0.00000021,btc,2127126.01015293,0.0008999845454548,0.0626456664411119,71
,[],5,[],2018-11-20 23:02:39,1.5e-07,0.00000005,0.000000000002128045,4862160,2018-11-20 23:02:39,btc,2.84511358,0.0,,btc,0.00036572,0.0,0.07381892,74
1,[],5,[],2019-02-27 20:21:25,0.0,0,0,6805479,2019-02-27 20:21:25,btc,0.0,0.0,0,btc,0.0,0.0,0.0,75
0,[],20,[],2019-01-25 09:30:31,0.0,0,0,6495923,2019-01-25 09:30:31,btc,0.0,0.0,0,btc,0.0,0.0,0.0,81
1,[],4,[],2019-02-27 17:45:25,16180270.251575,0.00000001,0.000000000000381135,6804209,2019-02-27 17:45:25,btc,11388.6318068588,0.0,0.00000001,btc,34456445.8995017,0.0,0.16180270251575,81
1,[],4,[],2019-02-27 20:28:12,28704.31302751,0.00007572,0.00000000288372048,6805651,2019-02-27 20:28:12,btc,17.74228936648379,0.0,0.00007572,btc,12602.16918212,0.02249932,0.1404282170535261,82
1,[],21,[],2019-02-27 20:28:12,40143.36409379,0.00007456000000000000441872233248,0.00000000283954304,6805652,2019-02-27 20:28:12,btc,2.2060668228938587,7749.99525547,0.000074560000000000004418722332477642567027942277491092681884765625,btc,23870.9843517,0.58393364,2.0783607670398667,82
0,[],17,[],2019-02-27 19:19:18,0.0,0,0,6805098,2019-02-27 19:19:18,btc,0.0447233088476774,0.0,0,btc,999127.19588126,0.0,0.0,84
0.0000000001173013,[],4,[],2019-02-27 20:28:14,120994272.22852346,3.519039e-18,1.3401908127600002e-22,6805653,2019-02-27 20:28:14,ltc,1.7828321017437163,0.0,0.00000003,ltc,398989431.81102496,0.0,2.2143807733091333e-10,85
,[],22,[],2018-11-20 23:09:34,3408.1,0.0000001,0.0000000000041895,4862324,2018-11-20 23:09:34,BTC,0.04624735,0.0,,BTC,4990.0,0.0,0.00033081,86
0,[],22,[],2019-02-22 12:52:35,0.0,0,0,6758847,2019-02-22 12:52:35,,2.0760781,0.0,0,,140622.94736842104,0.0,0.0,87
0,[],27,[],2019-02-22 12:52:37,0.0,0,0,6758848,2019-02-22 12:52:37,,0.0,0.0,0,btc,0.0,0.0,0.0,87
,[],2,[],2018-11-20 23:10:47,0.0,0,0,4862359,2018-11-20 23:10:47,,0.0,0.0,,,0.0,0.0,0.0,88
1,[],11,[],2019-02-27 20:28:16,90046.94083721,0.00014001000000000000966261792800793273272574879229068756103515625,0.000000005332140840000001,6805654,2019-02-27 20:28:16,btc,609.4612086554016,1940.33840007,0.00014001000000000000966261792800793273272574879229068756103515625,btc,97588.78206309,0.0,5.826056743200251,89
0,[],2,[],2019-01-20 23:31:45,0.0,0,0,6477083,2019-01-20 23:31:45,,0.0,0.0,0,,0.0,0.0,0.0,91
1,[],12,[],2019-02-27 20:28:17,465641.20681909,0.000001700000000000000028950908510794182149084008415229618549346923828125,0.0000000000647428,6805655,2019-02-27 20:28:17,btc,4.357352037829135,0.0,0.000001700000000000000028950908510794182149084008415229618549346923828125,btc,58472.94192172,0.0250510879458027,0.0783629519938161,91
0,[],17,[],2019-02-27 20:28:18,0.0,0,0,6805656,2019-02-27 20:28:18,btc,0.0,0.0,0,btc,0.0,0.0,0.0,91
0,[],22,[],2019-02-27 20:28:21,0.0,0,0,6805657,2019-02-27 20:28:21,,3.1e-06,0.0,0,,2.0,0.0,0.0,91
0.0000000001173013,[],22,[],2019-02-27 20:28:25,2791021.0,4.692052e-18,1.7869210836800002e-22,6805658,2019-02-27 20:28:25,LTC,8.53161599,0.0,0.00000004,LTC,71994962.1,0.0,0.09164084,95
0.0000000001173013,[],4,[],2019-02-27 20:28:25,645972172.9471544,7.1553793e-17,2.725054652612e-21,6805659,2019-02-27 20:28:25,ltc,11.885841601435857,0.0,0.00000061,ltc,136557832.4339142,0.0,1.7850190505212843e-09,96
0,[],12,[],2019-02-27 20:28:26,0.0,0,0,6805660,2019-02-27 20:28:26,btc,255078.11232237465,0.0,0,btc,8739592.62268705,6.99300699e-08,0.0,96
0,[],17,[],2019-02-27 20:28:28,0.0,0,0,6805661,2019-02-27 20:28:28,btc,0.0,0.0,0,btc,0.0,0.0,0.0,96
1,[],4,[],2019-02-27 20:21:57,1376752.91377129,0.00000030,0.00000000001142727,6805491,2019-02-27 20:21:57,btc,3.0410887977364722,0.0,0.00000030,btc,2429539.24973713,0.00406563,0.1064318194661219,99
0,[],2,[],2019-01-20 23:23:55,0.0,0,0,6476914,2019-01-20 23:23:55,,0.0,0.0,0,,0.0,0.0,0.0,100
1,[],4,[],2019-02-27 20:28:29,146800.92091281,0.00004870,0.0000000018546908000000002,6805662,2019-02-27 20:28:29,btc,11.947560522912381,0.0,0.00004870,btc,160364.71469571,4.01074903,2.9541027315798756,100
1,[],22,[],2019-02-27 20:28:33,50000.0,0.00000001,0.00000000000038084,6805663,2019-02-27 20:28:33,BTC,23.49896609,0.0,0.00000001,BTC,10277.22,0.0,0.0005,101
1,[],4,[],2019-02-27 20:28:34,488057.81472113,0.00000095,0.0000000000361798,6805664,2019-02-27 20:28:34,btc,256.29644553535803,0.0,0.00000095,btc,484224.6433131,0.01287625,0.2540125021104999,103
1,[],12,[],2019-02-27 20:28:37,61058391.9,0.00000001,0.00000000000038084,6805665,2019-02-27 20:28:37,btc,137278920.9184386,0.0,0.00000001,btc,121760720.20089936,0.09966659015012488,0.19913999100000002,105
1,[],27,[],2019-02-27 20:28:39,81803.89,0.00000001,0.00000000000038084,6805666,2019-02-27 20:28:39,btc,36.58422120075966,44007.0,0.00000001,btc,531915.56793212,0.00044007,0.0008180389,105
1,[],22,[],2019-02-27 20:28:42,9328.0,0.00000001,0.00000000000038084,6805667,2019-02-27 20:28:42,BTC,51.10837004,0.0,0.00000001,BTC,470435.0,0.0,9.328e-05,107
1,[],26,[],2019-02-27 20:28:42,0.0,0.00000000,0,6805668,2019-02-27 20:28:42,btc,0.0,0.0,0.00000000,btc,0.0,0.0,0.0,107
1,[],5,[],2019-02-27 20:28:44,0.0,0,0,6805669,2019-02-27 20:28:44,btc,0.0,0.00114634,0,btc,0.0,0.0,0.0,112
1,[],22,[],2019-02-27 20:28:48,1966.0,0.00000001,0.00000000000038084,6805670,2019-02-27 20:28:48,BTC,2.81183288,0.0,0.00000001,BTC,808524.0833333334,0.0,1.966e-05,112
0.00000000035369570000000005,[],27,[],2019-02-27 20:28:51,2000.0,3.536957000000001e-18,1.3470147038800003e-22,6805671,2019-02-27 20:28:51,eth,1.35132491849924,0.0,0.00000001,"btc,eth",1328.641654,0.0,7.073914000000001e-15,112
1,[],4,[],2019-02-27 20:28:52,460006.98529842,0.00000285,0.00000000010853940000000001,6805672,2019-02-27 20:28:52,btc,84.98025035228768,0.0,0.00000285,btc,321635.54054503,0.20445559,0.1757137497372387,113
1,[],5,[],2019-02-27 20:28:53,0.0,0,0,6805673,2019-02-27 20:28:53,btc,0.0,0.14621003,0,btc,0.0,0.0,0.0,113
1,[],17,[],2019-02-27 20:22:27,152738.278,0.00000004,0.000000000001523636,6805504,2019-02-27 20:22:27,btc,1.3368030274973473,0.0,0.00000004,btc,51896.221,0.0,0.0022095311199999998,116
0,[],27,[],2019-02-27 20:29:05,0.0,0,0,6805674,2019-02-27 20:29:05,,0.0,0.0,0,btc,0.0,0.0,0.0,116
1,[],4,[],2019-02-27 20:29:06,293026.80433578,0.00002378,0.00000000090563752,6805675,2019-02-27 20:29:06,btc,29.803071970138703,0.0,0.00002378,btc,92824.11503007,2.65155161,2.0887791340466983,120
1,[],7,[],2019-02-27 20:29:07,15739.63842602,0.0000176800000000000001316828590613994265368091873824596405029296875,0.0000000006733251200000001,6805676,2019-02-27 20:29:07,btc,115647.74526196791,436.66984926,0.0000176800000000000001316828590613994265368091873824596405029296875,btc,56553.171165960004,0.01012479,0.0515556791719464,120
1,[],20,[],2019-02-27 20:29:10,1504281.7809,0.000000043,0.000000000001637612,6805677,2019-02-27 20:29:10,btc,32.2905633481174,16860.1226,0.000000043,btc,940087.816,0.001166299082,0.0103513594862,125
1,[],22,[],2019-02-27 20:22:39,3053.0,0.00000001,0.000000000000380909,6805509,2019-02-27 20:22:39,BTC,0.01444887,0.0,0.00000001,BTC,296263.5111111111,0.0,3.053e-05,126
0,[],17,[],2019-02-27 19:20:45,0.0,0,0,6805124,2019-02-27 19:20:45,btc,0.0009561751951600001,0.0,0,btc,35.42829368,0.0,0.0,131
0,[],2,[],2019-01-20 23:25:46,0.0,0,0,6476969,2019-01-20 23:25:46,,0.0,0.0,0,,0.0,0.0,0.0,131
1,[],4,[],2019-02-27 20:29:11,2647490.28322693,0.00001377,0.00000000052441668,6805678,2019-02-27 20:29:11,btc,10.15413271519638,0.0,0.00001377,btc,129290.19355273,0.10910879,0.6097271307878606,131
1,[],4,[],2019-02-27 20:29:23,4552.57774687,0.00016000,0.00000000609344,6805679,2019-02-27 20:29:23,btc,1.6206512467946308,0.0,0.00016000,btc,241.14413892,0.00100995,0.0076997996903556,135
1,[],3,[],2019-02-27 20:29:24,1051233.88776843,0.00000004,0.00000000000152336,6805680,2019-02-27 20:29:24,btc,0.6347065129087458,6809.27908333,0.00000004,btc,2354775.75112032,0.0,0.0335870781737019,136
1,[],4,[],2019-02-27 20:29:25,266042.28994609,0.00000181,0.00000000006893204,6805681,2019-02-27 20:29:25,btc,38.98320088386361,0.0,0.00000181,btc,579107.52861045,0.05469981,0.0804409080092999,137
1,[],12,[],2019-02-27 20:29:26,325310.71535119,0.000001749999999999999973748754898694723891594549058936536312103271484375,0.000000000066647,6805682,2019-02-27 20:29:26,btc,11807.59831093635,0.0,0.000001749999999999999973748754898694723891594549058936536312103271484375,btc,123583.78364659,0.0377291010441968,0.0729952589557954,137
1,[],4,[],2019-02-27 20:22:45,109568.12937215,0.00003003,0.0000000011438697270000001,6805514,2019-02-27 20:22:45,btc,28.99638507024449,0.0,0.00003003,btc,43413.38669421,0.17680984,0.363472924541472,142
1,[],5,[],2019-02-27 20:22:46,0.0,0,0,6805515,2019-02-27 20:22:46,btc,0.0,0.4470544,0,btc,0.0,0.0,0.0,142
1,[],17,[],2019-02-27 20:22:57,22967.386363640002,0.00000088,0.000000000033519992000000006,6805516,2019-02-27 20:22:57,btc,20.0699133484,0.0,0.00000088,btc,405.079105,0.0,0.0104613000000032,142
1,[],20,[],2019-02-27 20:22:59,132983.4368,0.00002512,0.000000000956843408,6805517,2019-02-27 20:22:59,btc,0.2959780152176,85.3112,0.00002512,btc,1210.0616,0.0028431616712,0.2264655211907,142
1,[],22,[],2019-02-27 20:23:03,1685.8988921568628,0.00004000,0.000000001523636,6805518,2019-02-27 20:23:03,BTC,3.00385504,0.0,0.00004000,BTC,891.218,0.0,0.00174536,142
0.0,[],25,[],2019-02-27 20:23:04,0.0,0,0,6805519,2019-02-27 20:23:04,,0.0,0.0,0.0,btc,0.0,0.0,0.0,142
1,[],28,[],2019-02-27 20:23:06,76600.0,0.00004400,0.0000000016759996,6805520,2019-02-27 20:23:06,btc,0.0639742472,1263.99,0.00004400,btc,500.6113,0.0,0.0261072,142
0,[],22,[],2019-02-27 20:29:28,0.0,0,0,6805683,2019-02-27 20:29:28,,60.80280694,0.0,0,,704341446.3,0.0,0.0,143
0,[],22,[],2019-02-25 15:42:22,0.0,0,0,6783783,2019-02-25 15:42:22,,4.2131946,0.0,0,,2322156.0,0.0,0.0,146
,[],22,[],2018-11-20 23:01:11,0.0,0,0,4862114,2018-11-20 23:01:11,,2.56807021,0.0,,,61828.4988236,0.0,0.0,147
1,[],12,[],2019-02-27 20:23:10,220197.92452831,0.00000250000000000000020450763478507827386465578456409275531768798828125,0.00000000009522725000000002,6805522,2019-02-27 20:23:10,btc,16.61244476912658,0.0,0.00000250000000000000020450763478507827386465578456409275531768798828125,btc,116809.24335616,0.0068886131968238,0.0283166200000129,148
1,[],4,[],2019-02-27 20:23:11,249085.26225639,0.00000032,0.000000000012189088,6805523,2019-02-27 20:23:11,btc,219.9675075930915,0.0,0.00000032,btc,800822.7951546,0.0,0.0593538765629442,152
0,[],22,[],2019-02-27 20:23:14,0.0,0,0,6805524,2019-02-27 20:23:14,,0.0,0.0,0,,0.0,0.0,0.0,152
1,[],5,[],2019-02-27 20:23:15,0.0,0,0,6805525,2019-02-27 20:23:15,btc,0.0,0.0,0,btc,0.0,0.0,0.0,153
,[],16,[],2019-01-11 15:38:59,0.0,0,0,6366141,2019-01-11 15:38:59,btc,0.0,0.0,,btc,0.0,0.0,0.0,155
0,[],23,[],2019-01-20 23:24:29,0.0,0,0,6476932,2019-01-20 23:24:29,,0.0,0.0,0,,0.0,0.0,0.0,156
0,[],22,[],2019-02-27 20:29:32,0.0,0,0,6805684,2019-02-27 20:29:32,,6.74829967,0.0,0,,4646626.747643097,0.0,0.0,156
1,[],22,[],2019-02-27 20:29:36,7073.8,0.00005300,0.000000002018452,6805685,2019-02-27 20:29:36,BTC,1.80343699,0.0,0.00005300,BTC,899.6422341958436,0.0,0.00104336,157
0,[],22,[],2019-02-27 20:29:38,0.0,0,0,6805686,2019-02-27 20:29:38,,50175.68008609,0.0,0,,54479136.04179466,0.0,0.0,158
,[],17,[],2018-11-20 22:56:10,0.0,0,0,4861976,2018-11-20 22:56:10,btc,1.1265625,0.0,,btc,1000.0,0.0,0.0,159
,[],20,[],2018-11-20 22:56:12,0.0,0,0,4861977,2018-11-20 22:56:12,btc,11912.7940471,0.0,,btc,34413894.3617,0.0,0.0,159
1,[],12,[],2019-02-27 20:29:39,181377.84256417,0.00000802999999999999935075371826354029280992108397185802459716796875,0.00000000030581452,6805687,2019-02-27 20:29:39,btc,6.64305279579849,0.0,0.00000802999999999999935075371826354029280992108397185802459716796875,btc,13705.27413222,0.001392399,0.0910606344558207,168
1,[],17,[],2019-02-27 20:29:51,29784.95,0.000001,0.000000000038084,6805688,2019-02-27 20:29:51,btc,0.03026736251542,0.0,0.000001,btc,144.46171372,0.0,0.00716147,168
0,[],22,[],2019-02-27 20:23:26,0.0,0,0,6805529,2019-02-27 20:23:26,,1.1339604,0.0,0,,520283.17470714403,0.0,0.0,169
1,[],22,[],2019-02-27 20:23:30,203600.0,0.00000002,0.000000000000761818,6805530,2019-02-27 20:23:30,BTC,13.2501524,0.0,0.00000002,BTC,144336.2939341018,0.0,0.002072,171
1,[],22,[],2019-02-27 20:23:34,471833.75,0.00000004,0.000000000001523636,6805531,2019-02-27 20:23:34,BTC,2.19732001,0.0,0.00000004,BTC,241503.87773641286,2.4e-06,0.01711843,173
1,[],5,[],2019-02-27 20:29:52,0.0,0,0,6805689,2019-02-27 20:29:52,btc,0.0,0.18400403,0,btc,0.0,0.0,0.0,175
1,[],22,[],2019-02-27 20:29:56,45904.0,0.0000003,0.000000000011425200000000001,6805690,2019-02-27 20:29:56,BTC,0.52955903,0.0,0.0000003,BTC,143368.41384013777,0.0,0.0052148,176
1,[],7,[],2019-02-27 20:23:42,0.0,0,0,6805534,2019-02-27 20:23:42,btc,410932.5281358376,0.0,0,btc,117881559.31901672,0.0,0.0,178
0,[],22,[],2019-02-27 20:23:45,0.0,0,0,6805535,2019-02-27 20:23:45,,1.00242428,0.0,0,,57512.0,0.0,0.0,178
0,[],2,[],2019-01-20 23:28:34,0.0,0,0,6477001,2019-01-20 23:28:34,,0.0,0.0,0,,0.0,0.0,0.0,178
1,[],5,[],2019-02-27 20:23:46,0.0,0,0,6805536,2019-02-27 20:23:46,btc,0.0,0.02658832,0,btc,0.0,0.0,0.0,179
1,[],22,[],2019-02-27 20:23:50,7046871.666666667,0.00000003,0.000000000001142727,6805537,2019-02-27 20:23:50,BTC,5.63366894,0.0,0.00000003,"BTC,LTC",17147700.756535422,7.41e-06,0.38128759,179
0,[],23,[],2019-01-20 23:25:08,0.0,0,0,6476952,2019-01-20 23:25:08,,0.0,0.0,0,,0.0,0.0,0.0,179
1,[],17,[],2019-02-27 20:23:52,10504.725,0.0000001,0.00000000000380909,6805538,2019-02-27 20:23:52,btc,5.2010695838448235,0.0,0.0000001,btc,5033.45945,0.0,0.0010504725,180
1,[],22,[],2019-02-27 20:23:58,134055.4,0.00000155,0.000000000059040895,6805539,2019-02-27 20:23:58,BTC,0.22054163,0.0,0.00000155,"BTC,LTC",70950.16940664877,0.00122356,0.00274294,180
1,[],26,[],2019-02-27 20:23:58,0.0,0.00000160,0.00000000006094544,6805540,2019-02-27 20:23:58,btc,0.0,0.0,0.00000160,btc,0.0,0.0,0.0,180
,[],7,[],2018-11-20 22:58:01,562227.975654,0.00000085,0.000000000036176765,4862015,2018-11-20 22:58:01,btc,21836.6059674,2491.87645172,,btc,749999.041456,0.00211021,0.127565380455,183
,[],5,[],2019-01-10 08:11:41,0.0,0,0,6347036,2019-01-10 08:11:41,btc,82.15055501,0.00261,,btc,1.19002445,0.0,0.0,187
1,[],24,[],2019-02-27 20:23:58,0.0,0.000000000001,3.8090900000000004e-17,6805541,2019-02-27 20:23:58,btc,0.0,0.0,0.000000000001,btc,0.0,0.0,0.0,187
,[],17,[],2018-11-16 20:58:10,4062536.27273,0.00000001,0.000000000000550501,4708775,2018-11-16 20:58:10,btc,3.36492563466,0.195460381006,,"btc,eth",110697919.549,0.0,0.0157628953496,187
0,[],22,[],2019-02-27 04:05:17,0.0,0,0,6799309,2019-02-27 04:05:17,,1.19374396,0.0,0,,16308.869534405507,0.0,0.0,191
0,[],22,[],2019-02-27 20:24:04,0.0,0,0,6805542,2019-02-27 20:24:04,,0.0,0.0,0,,0.0,0.0,0.0,197
0,[],23,[],2019-01-20 23:31:41,0.0,0,0,6477079,2019-01-20 23:31:41,,0.0,0.0,0,,0.0,0.0,0.0,199
0,[],22,[],2019-02-27 20:30:00,0.0,0,0,6805691,2019-02-27 20:30:00,,5.19477622,0.0,0,,21058553.0,0.0,0.0,199
1,[],26,[],2019-02-27 20:30:00,0.0,0.00000000,0,6805692,2019-02-27 20:30:00,btc,0.0,0.0,0.00000000,btc,0.0,0.0,0.0,199
0,[],17,[],2019-01-30 16:32:01,0.0,0,0,6540827,2019-01-30 16:32:01,btc,6.802544163788159,0.0,0,btc,105897.55575295,0.0,0.0,200
0,[],2,[],2019-01-20 23:30:49,0.0,0,0,6477059,2019-01-20 23:30:49,,0.0,0.0,0,,0.0,0.0,0.0,201
1,[],4,[],2019-01-25 15:51:35,2084389.58565343,0.00000936,0.000000000333526752,6499557,2019-01-25 15:51:35,btc,2.0092503037378524,0.0,0.00000936,btc,160195.80207885,0.19272417,1.242687955921835,211
1,[],7,[],2019-02-27 20:24:11,2506551.37900593,0.000001359999999999999896105784720490294859018831630237400531768798828125,0.000000000051803623999999996,6805545,2019-02-27 20:24:11,btc,15476655.444503138,338449.735695,0.000001359999999999999896105784720490294859018831630237400531768798828125,btc,12984158.80130294,0.0,2.536960483355028,212
1,[],5,[],2019-02-27 20:24:12,0.0,0,0,6805546,2019-02-27 20:24:12,btc,0.0,0.16567637,0,btc,0.0,0.0,0.0,213
1,[],24,[],2019-02-27 20:24:12,0.0,0.000000110000,0.000000000004189999,6805547,2019-02-27 20:24:12,btc,0.0,0.0,0.000000110000,btc,0.0,0.0,0.0,213
1,[],26,[],2019-02-27 20:24:12,0.0,0.00000010,0.00000000000380909,6805548,2019-02-27 20:24:12,btc,0.0,0.0,0.00000010,btc,0.0,0.0,0.0,213
1,[],12,[],2019-01-25 02:44:32,207462.42853209,0.000001080000000000000035831255497387193287295303889550268650054931640625,0.000000000038610756000000006,6493050,2019-01-25 02:44:32,btc,85023.03793723314,0.0,0.000001080000000000000035831255497387193287295303889550268650054931640625,btc,43675.73520027,0.000146250909087,0.0348620860622024,213
1,[],22,[],2019-02-27 20:24:16,29544.0,0.00000002,0.000000000000761818,6805549,2019-02-27 20:24:16,BTC,2.22899412,0.0,0.00000002,BTC,531026.3963726171,0.000868,0.00030003,216
1,[],27,[],2019-02-27 20:24:19,6251251.005988,0.00000007,0.000000000002666363,6805550,2019-02-27 20:24:19,btc,316.33345711644,480.0,0.00000007,"btc,ltc",234898.901,5.76e-05,0.03395747043098204,216
1,[],22,[],2019-02-27 20:24:24,245147.002186885,0.00000225,0.00000000008570452500000001,6805551,2019-02-27 20:24:24,BTC,12673.660745,0.0,0.00000225,BTC,386939.86950989376,0.01930316,0.34778904,217
1,[],7,[],2019-02-27 20:24:25,0.0,0,0,6805552,2019-02-27 20:24:25,btc,77969.77488735563,0.0,0,btc,137043486.5550253,0.0,0.0,219
0,[],27,[],2019-02-27 20:24:29,0.0,0,0,6805553,2019-02-27 20:24:29,,0.0740438339680921,0.0,0,btc,1536429.20709513,0.0,0.0,219
0.0000000000000052,[],28,[],2019-02-27 20:24:31,167609414.732,2.3404680000000002e-18,8.91505325412e-23,6805554,2019-02-27 20:24:31,doge,83883.3352434475,14493.768,0.00045009,"btc,doge",4823713.77951,0.0,9.277680338775264e-12,219
1,[],22,[],2019-02-27 20:24:36,240665.0,0.00000002,0.000000000000761818,6805555,2019-02-27 20:24:36,BTC,3.01323916,0.0,0.00000002,BTC,129679.27041875875,0.0,0.00440665,221
1,[],24,[],2019-02-27 20:24:36,0.0,0.000000200000,0.00000000000761818,6805556,2019-02-27 20:24:36,btc,0.0,0.0,0.000000200000,btc,0.0,0.0,0.0,221
1,[],20,[],2019-02-27 20:16:52,40748456.2707,0.000000001,0.0000000000000381128,6805360,2019-02-27 20:16:52,btc,48.2376264230632,0.0,0.000000001,btc,13444908.9689,0.0,0.0407484562707,224
0,[],22,[],2019-02-27 20:16:55,0.0,0,0,6805361,2019-02-27 20:16:55,,0.0,0.0,0,,0.0,0.0,0.0,224
1,[],26,[],2019-02-27 20:24:36,0.0,0.00000035,0.000000000013331815000000002,6805557,2019-02-27 20:24:36,btc,0.0,0.0,0.00000035,btc,0.0,0.0,0.0,231
1,[],26,[],2019-02-27 20:24:36,0.0,0.00000006,0.000000000002285454,6805558,2019-02-27 20:24:36,btc,0.0,100.0,0.00000006,btc,0.0,0.0,0.0,234
0.00000000035443460000000006,[],27,[],2019-02-27 20:24:39,2000.0,3.544346e-18,1.3500732905140002e-22,6805559,2019-02-27 20:24:39,eth,0.0113483662182,0.0,0.00000001,"btc,eth",11462.99618,0.0,7.088692000000001e-15,234
1,[],4,[],2019-02-27 20:24:40,952963.15720288,0.00000074,0.000000000028187266,6805560,2019-02-27 20:24:40,btc,4.355043224395272,0.0,0.00000074,btc,1083842.05493613,0.03350121,0.2566731943942727,236
1,[],24,[],2019-02-27 20:24:40,0.0,0.000000300000,0.00000000001142727,6805561,2019-02-27 20:24:40,btc,0.0,0.0,0.000000300000,btc,0.0,0.0,0.0,236
1,[],20,[],2019-02-27 20:24:42,152311516.472,0.000000066,0.0000000000025139994,6805562,2019-02-27 20:24:42,btc,10.2301089164345,23550867.2122,0.000000066,btc,38522939.5379,1.6335532718405,0.5821981174301,237
0.0000000001172821,[],22,[],2019-02-27 20:24:46,14400.0,1.172821e-17,4.46738074289e-22,6805563,2019-02-27 20:24:46,LTC,0.0405823,0.0,0.0000001,LTC,3164.0,0.0,0.00144,237
1,[],4,[],2019-02-27 20:24:46,7292986.2171965,0.00000034,0.000000000012950906,6805564,2019-02-27 20:24:46,btc,6.2529676848574995,0.0,0.00000034,btc,9769561.56323901,0.20565458,1.6111103537015632,238
1,[],5,[],2019-02-27 20:24:48,0.0,0,0,6805565,2019-02-27 20:24:48,btc,0.0,0.02400903,0,btc,0.0,0.0,0.0,238
0,[],22,[],2019-02-27 20:30:06,0.0,0,0,6805693,2019-02-27 20:30:06,,0.41356282,0.0,0,,316008.5639027493,0.0,0.0,249
0.0000000001172821,[],22,[],2019-02-27 20:24:52,7121097.666666667,3.518463e-18,1.340214222867e-22,6805566,2019-02-27 20:24:52,LTC,0.50278055,0.0,0.00000003,LTC,18440678.09,3.532869933164e-12,0.21263595,252
1,[],28,[],2019-02-27 20:24:53,4567665.434,0.00000022,0.000000000008379998,6805567,2019-02-27 20:24:53,btc,164706.69072751133,101977.443,0.00000022,btc,2053675.0669,0.0,0.38159691954,256
1,[],22,[],2019-02-27 20:30:10,1065354.0,0.00000002,0.00000000000076168,6805694,2019-02-27 20:30:10,BTC,31.47160001,0.0,0.00000002,BTC,670687.0957866946,2.8e-05,0.01073444,258
1,[],22,[],2019-02-27 20:25:02,48751.0,0.00000001,0.000000000000380909,6805569,2019-02-27 20:25:02,BTC,2.4175745,0.0,0.00000001,BTC,1762.0,0.0,0.00048751,259
1,[],5,[],2019-02-27 20:25:03,0.0,0,0,6805570,2019-02-27 20:25:03,btc,0.0,0.3736427,0,btc,0.0,0.0,0.0,264
1,[],20,[],2019-02-27 20:25:05,1224768.9205,0.000002212,0.0000000000842570708,6805571,2019-02-27 20:25:05,btc,7.210552943923,102242.8779,0.000002212,btc,84171.0432,0.3229568268952,0.0284670692881,264
0,[],22,[],2019-02-27 20:25:08,0.0,0,0,6805572,2019-02-27 20:25:08,,8.43394624,0.0,0,,430841.8107878143,0.0,0.0,271
0,[],22,[],2019-02-27 20:30:13,0.0,0,0,6805695,2019-02-27 20:30:13,,259.44095859,0.0,0,,14406783063.9,0.0,0.0,272
0.0000000000000052,[],28,[],2019-02-27 20:30:14,233252947588.701,4.472e-21,1.70311648e-25,6805696,2019-02-27 20:30:14,doge,21988806.506650273,16150219031.02,0.00000086,doge,240100718135.9798,0.0,6.600472104192652e-10,272
1,[],22,[],2019-02-27 20:25:18,116506.74,0.00000350,0.00000000013331815000000002,6805575,2019-02-27 20:25:18,BTC,74.32244185,0.0,0.00000350,"BTC,LTC",8380.527743939856,0.0,0.04833823,281
1,[],22,[],2019-02-27 20:25:22,944798.3333333334,0.00000003,0.000000000001142727,6805576,2019-02-27 20:25:22,BTC,1.33224124,0.0,0.00000003,BTC,134474.99887885063,0.00012047,0.02807971,286
0,[],22,[],2019-02-27 20:25:25,0.0,0,0,6805577,2019-02-27 20:25:25,,43634.51001853,0.0,0,,418066696.0,0.0,0.0,294
