pairValue,buyBook,exchangeId,sellBook,updated,buyTotal,satoshiPrice,usdPrice,exchangeLogId,created,bestPair,sellTotalBtc,volume,pairPrice,activePairs,sellTotal,volumeBtc,buyTotalBtc,coinId
1,[],3,[],2019-05-09 11:30:35,32375.490819937237,0.011241859999999999353281765479550813324749469757080078125,0.000000680347249526,7593769,2019-05-09 11:30:35,btc,8.630862734060956,15.1348843863,0.011241859999999999353281765479550813324749469757080078125,btc,23.942863531583,0.0,0.5853508435772482,1
1,[],4,[],2019-05-09 11:30:36,207758.38065705,0.01110178,0.000000671869733998,7593770,2019-05-09 11:30:36,btc,8.779889391840184,0.0,0.01110178,btc,390.94967008,5.96356812,0.4749118970242566,1
1,[],5,[],2019-05-09 11:30:38,0.0,0,0,7593771,2019-05-09 11:30:38,btc,0.0,0.46416746,0,btc,0.0,0.0,0.0,1
1,[],10,[],2019-05-09 11:30:41,184916.62148318,0.0091746,0.00000055523853486,7593772,2019-05-09 11:30:41,btc,6525.143407098604,1059.65126021,0.0091746,btc,1459.72423381,0.0,3.9404019915194164,1
1,[],12,[],2019-05-09 11:30:43,74.85761495,0.01101000000000000068889338677990963333286345005035400390625,0.0000006663152910000001,7593773,2019-05-09 11:30:43,btc,0.15381454702140002,0.0,0.01101000000000000068889338677990963333286345005035400390625,btc,10.46821169,0.0806975157018,0.309782435729,1
1,[],20,[],2019-05-09 11:30:45,975.4192,0.010710031,0.0000006481614370921,7593774,2019-05-09 11:30:45,btc,0.1205012735269,0.0,0.010710031,btc,8.6977,0.0,0.1760680337074,1
1,[],21,[],2019-05-09 11:30:47,1778.25881146,0.01106170000000000069872996278,0.00000066944412847,7593775,2019-05-09 11:30:47,btc,21.000107636535017,2506.41356146,0.011061700000000000698729962778088520281016826629638671875,"btc,eth",2399.20350776,24.953216231584356,13.04316012983156,1
0,[],22,[],2019-05-09 11:30:50,0.0,0,0,7593776,2019-05-09 11:30:50,,0.3163308,0.0,0,,0.2527518593615956,0.0,0.0,1
1,[],24,[],2019-05-09 11:30:50,0.0,0.000000000000,0,7593777,2019-05-09 11:30:50,btc,0.0,0.0,0.000000000000,btc,0.0,0.0,0.0,1
0.0,[],25,[],2019-05-09 11:30:51,0.0,0,0,7593778,2019-05-09 11:30:51,btc,12.649999999495336,411.23193295,0.0,btc,1123.14726593,4.701,0.0,1
1,[],26,[],2019-05-09 11:30:53,0.0,0,0,7593779,2019-05-09 11:30:53,,0.0,0.0,0,,0.0,0.0,0.0,1
1,[],28,[],2019-05-09 11:30:55,987.9,0.01131000,0.000000684471021,7593780,2019-05-09 11:30:55,btc,0.160832048,352311.2198,0.01131000,btc,8.7307,0.0,0.024551096,1
0,[],2,[],2019-01-20 23:28:45,0.0,0,0,6477011,2019-01-20 23:28:45,,0.0,0.0,0,,0.0,0.0,0.0,1
1,[],5,[],2019-05-09 11:30:57,0.0,0,0,7593781,2019-05-09 11:30:57,btc,0.0,0.00097175,0,btc,0.0,0.0,0.0,2
1,[],22,[],2019-05-09 11:31:01,9148.0,0.00000001,0.000000000000605191,7593782,2019-05-09 11:31:01,BTC,21.00846647,0.0,0.00000001,"BTC,XMR",24148.96059725142,0.0,0.00095635,2
1,[],5,[],2019-05-09 11:31:02,0.0,0,0,7593783,2019-05-09 11:31:02,btc,0.0,0.52044274,0,btc,0.0,0.0,0.0,3
1,[],12,[],2019-05-09 11:31:03,2371810.78064685,0.000000147,0.0000000000088963077,7593784,2019-05-09 11:31:03,btc,2714596.6290185126,0.0,0.000000147,btc,4032669.32811725,0.1085379094149436,0.24770061627746695,3
0,[],28,[],2019-05-09 11:31:04,0.0,0,0,7593785,2019-05-09 11:31:04,,0.0,0.0,0,,0.0,0.0,0.0,3
0,[],2,[],2019-01-20 23:31:32,0.0,0,0,6477077,2019-01-20 23:31:32,,0.0,0.0,0,,0.0,0.0,0.0,4
1,[],4,[],2019-04-26 19:14:12,610911.70993152,0.00000026,0.000000000013566046,7471614,2019-04-26 19:14:12,btc,31.457742656463164,0.0,0.00000026,btc,718733.71307795,0.00142695,0.0638464483338706,4
0,[],12,[],2019-04-25 23:08:22,0.0,0,0,7459310,2019-04-25 23:08:22,btc,1111851.94727753,0.0,0,btc,953412.0,0.0,0.0,5
0,[],2,[],2019-01-20 23:31:51,0.0,0,0,6477087,2019-01-20 23:31:51,,0.0,0.0,0,,0.0,0.0,0.0,6
1,[],11,[],2019-05-09 11:31:06,5042415.307535999,0.00000001,0.000000000000605191,7593786,2019-05-09 11:31:06,btc,9576.528282469495,105000.0,0.00000001,btc,47790888.75253575,0.0,0.05042415307536,6
1,[],3,[],2019-05-09 11:31:06,11075.5686395603,0.00017143999999999999842535680638633266426040790975093841552734375,0.000000010375394504,7593787,2019-05-09 11:31:06,btc,19.044348183043077,42.9438395808,0.00017143999999999999842535680638633266426040790975093841552734375,btc,314.713226454214,0.0,0.030134076621716025,7
1,[],4,[],2019-05-09 11:31:07,38207.38656998,0.00016603,0.000000010047986173,7593788,2019-05-09 11:31:07,btc,7.978514847736513,0.0,0.00016603,btc,34771.23283798,3.31013798,2.952909465394792,7
1,[],5,[],2019-05-09 11:31:09,0.0,0,0,7593789,2019-05-09 11:31:09,btc,0.0,0.59583947,0,btc,0.0,0.0,0.0,7
1,[],20,[],2019-04-07 22:06:50,3201475.0482,0.000000001,0.000000000000051590000000000004,7213932,2019-04-07 22:06:50,btc,30.8005781811902,0.0,0.000000001,btc,23077405.3926,0.0,0.0032014750482,8
1,[],4,[],2019-05-09 11:31:11,21500030.62780223,0.00000078,0.000000000047204898,7593790,2019-05-09 11:31:11,btc,4.017583553056534,0.0,0.00000078,btc,3164599.04351604,0.4431596,0.667694927947317,9
1,[],28,[],2019-05-09 11:31:12,18055.0,0.00000021,0.000000000012709011,7593791,2019-05-09 11:31:12,btc,2708.774353000864,3609271.686,0.00000021,btc,24560.2792,0.0,0.00186155,9
0,[],2,[],2019-01-20 23:22:42,0.0,0,0,6476876,2019-01-20 23:22:42,,0.0,0.0,0,,0.0,0.0,0.0,9
0,[],23,[],2019-01-20 23:22:48,0.0,0,0,6476878,2019-01-20 23:22:48,,0.0,0.0,0,,0.0,0.0,0.0,9
1,[],1,[],2019-02-17 23:31:42,1822507.21,0.00000181000000000000003456111265232042484285557293333113193511962890625,0.000000000066086901,6701244,2019-02-17 23:31:42,btc,3.6990969245,17153386.5,0.00000181000000000000003456111265232042484285557293333113193511962890625,btc,1997391.71,31.11772986,3.2610482446,9
1,[],4,[],2019-02-17 11:22:43,4341674.27126056,0.00000002,0.0000000000007272960000000001,6696112,2019-02-17 11:22:43,btc,0.1997230937751353,0.0,0.00000002,btc,4109766.79808031,0.00215132,0.0479381022052112,10
1,[],4,[],2019-05-09 11:31:13,8301269.31656115,0.00000086,0.000000000052046426,7593792,2019-05-09 11:31:13,btc,6.961964750962536,0.0,0.00000086,btc,4974825.72621497,1.10512755,3.0845013766857763,12
1,[],5,[],2019-05-09 11:31:14,0.0,0,0,7593793,2019-05-09 11:31:14,btc,0.0,0.08529626,0,btc,0.0,0.0,0.0,12
0.0,[],25,[],2019-05-09 11:31:15,0.0,0,0,7593794,2019-05-09 11:31:15,,0.0,0.0,0.0,btc,0.0,0.0,0.0,12
0,[],2,[],2019-01-20 23:23:08,0.0,0,0,6476890,2019-01-20 23:23:08,,0.0,0.0,0,,0.0,0.0,0.0,12
1,[],4,[],2019-05-09 11:31:16,31996863.9594809,0.00000617,0.000000000373402847,7593795,2019-05-09 11:31:16,btc,2.2985702880106063,0.0,0.00000617,btc,269901.52946067,0.88524085,0.8364668132324875,13
1,[],21,[],2019-05-09 11:31:19,3987729.92188591,0.000006109999999999999945857111910,0.00000000036977170099999997,7593796,2019-05-09 11:31:19,btc,4.016419772035685,861643.45035949,0.0000061099999999999999458571119104188795745358220301568508148193359375,btc,556904.13044248,5.42948426,18.942089062277375,13
1,[],10,[],2019-05-09 09:22:35,534451.29781945,0.00000625,0.00000000037956750000000004,7592537,2019-05-09 09:22:35,btc,666793.5657020421,6471.36733864,0.00000625,btc,743439.56163999,0.0,0.4235192741283202,13
1,[],4,[],2019-05-09 11:31:20,1064777.41677411,0.00000090,0.00000000005446719,7593797,2019-05-09 11:31:20,btc,6.351258767493661,0.0,0.00000090,btc,1274628.34182267,0.01160809,0.1916384703373466,14
1,[],12,[],2019-05-09 11:31:20,254967.81927582,0.00000085,0.000000000051441235,7593798,2019-05-09 11:31:20,btc,0.1182439032232874,0.0,0.00000085,btc,14579.91059467,0.0011548468531507,0.0285428399999678,14
1,[],26,[],2019-05-09 11:31:21,0.0,0.00000050,0.00000000003025955,7593799,2019-05-09 11:31:21,btc,0.0,0.0,0.00000050,btc,0.0,0.0,0.0,14
0,[],17,[],2019-05-03 00:53:32,0.0,0,0,7558876,2019-05-03 00:53:32,btc,0.0,0.0,0,btc,0.0,0.0,0.0,14
0,[],4,[],2019-05-09 11:31:22,0.0,0,0,7593800,2019-05-09 11:31:22,,0.0,0.0,0,,0.0,0.0,0.0,15
,[],12,[],2018-12-01 15:15:48,204241.84496,0.00000489,0.000000000202473384,5260204,2018-12-01 15:15:48,btc,49.5475654835,0.0,,btc,35763.2193806,0.0163153972027625,0.0203389899998,15
1,[],4,[],2019-05-09 11:31:23,29936.66812958,0.00001273,0.0000000007704081429999999,7593801,2019-05-09 11:31:23,btc,1.1084796254494655,0.0,0.00001273,btc,14176.7816163,0.02592516,0.0893193155544779,18
1,[],10,[],2019-05-09 11:31:25,168289.36188584,0.00001374,0.0000000008315324340000001,7593802,2019-05-09 11:31:25,btc,15.90153299696213,4117.72902952,0.00001374,btc,35751.64307479,0.0,0.5020956040710629,18
1,[],12,[],2019-05-09 11:31:26,221971.85099955,0.000013410000000000000356672157086901364664299762807786464691162109375,0.0000000008115611310000001,7593803,2019-05-09 11:31:26,btc,33215.319805519466,0.0,0.000013410000000000000356672157086901364664299762807786464691162109375,btc,1201.04048086,4.023e-07,0.0127677832365622,18
0,[],2,[],2019-01-20 23:23:38,0.0,0,0,6476906,2019-01-20 23:23:38,,0.0,0.0,0,,0.0,0.0,0.0,18
0,[],17,[],2019-05-03 00:53:39,0.0,0,0,7558882,2019-05-03 00:53:39,btc,0.0,0.0,0,btc,0.0,0.0,0.0,18
1,[],3,[],2019-05-09 11:31:27,158171.69666588257,0.000012109999999999999250829309238586262154058204032480716705322265625,0.0000000007328863009999999,7593804,2019-05-09 11:31:27,btc,0.2646159774516037,877.526669329,0.000012109999999999999250829309238586262154058204032480716705322265625,btc,7252.566877867577,0.0,0.053499223714600475,19
1,[],4,[],2019-05-09 11:31:28,476542.5616022,0.00001586,0.000000000959832926,7593805,2019-05-09 11:31:28,btc,3.9634171735865027,0.0,0.00001586,btc,131543.94924233,0.29362562,1.322393693812396,19
1,[],5,[],2019-05-09 11:31:29,0.0,0,0,7593806,2019-05-09 11:31:29,btc,0.0,0.00039159,0,btc,0.0,0.0,0.0,19
1,[],12,[],2019-05-09 11:31:31,199688.77065911,0.000013070000000000000223827033296597477374234586022794246673583984375,0.000000000790984637,7593807,2019-05-09 11:31:31,btc,0.2956494586016147,0.0,0.000013070000000000000223827033296597477374234586022794246673583984375,btc,2936.49809387,0.0023734725028133,0.0884259699995685,19
1,[],27,[],2019-05-09 11:31:42,100.0,0.0000001,0.00000000000605191,7593808,2019-05-09 11:31:42,btc,0.0,0.0,0.0000001,btc,0.0,0.0,1e-05,19
0,[],2,[],2019-01-20 23:24:19,0.0,0,0,6476924,2019-01-20 23:24:19,,0.0,0.0,0,,0.0,0.0,0.0,19
1,[],4,[],2019-05-09 11:31:43,1882886.5639782,0.00000010,0.00000000000605191,7593809,2019-05-09 11:31:43,btc,5.278198518963886,0.0,0.00000010,btc,2270853.61928751,0.00084166,0.0656393342347632,20
1,[],4,[],2019-05-09 11:31:43,75202889.98118357,0.00000001,0.000000000000605191,7593810,2019-05-09 11:31:43,btc,39164.3925693245,0.0,0.00000001,btc,55373627.28986641,0.00098099,0.7520288998118358,21
1,[],12,[],2019-05-09 11:31:44,5289036.0,0.00000001,0.000000000000605191,7593811,2019-05-09 11:31:44,btc,2895.662019010819,0.0,0.00000001,btc,7236925.79820176,0.00052219001998,0.052890360000000004,21
0,[],17,[],2019-05-03 00:53:51,0.0,0,0,7558891,2019-05-03 00:53:51,btc,0.0,0.0,0,btc,0.0,0.0,0.0,21
1,[],12,[],2019-05-09 11:31:46,8742796491.808,0.0000000005,0.00000000000003025955,7593812,2019-05-09 11:31:46,btc,311119461490.2396,0.0,0.0000000005,btc,2837197978.826578,0.1273734800444556,2.216686786504,23
0.00000000028045710000000004,[],27,[],2019-05-09 11:31:57,11710427.0,5.609142000000001e-18,3.394602256122e-22,7593813,2019-05-09 11:31:57,eth,10182.604614466512,1096689183.0,0.00000002,eth,3760023.6944,6.151485357310986e-09,4.0587591651453004e-11,23
1,[],4,[],2019-05-09 11:31:58,812018.30190106,0.00000034,0.000000000020576494,7593814,2019-05-09 11:31:58,btc,14.048241291223258,0.0,0.00000034,btc,2081937.06468929,0.03715049,0.091456015457998,24
1,[],22,[],2019-05-09 11:32:01,1021.76,0.00000100,0.0000000000605191,7593815,2019-05-09 11:32:01,BTC,7.415e-05,0.0,0.00000100,BTC,23.919354838709676,0.0,0.00011186,24
0.0,[],25,[],2019-05-09 11:32:02,0.0,0,0,7593816,2019-05-09 11:32:02,,0.0,0.0,0.0,btc,0.0,0.0,0.0,24
1,[],4,[],2019-05-09 11:32:03,26983844.1983953,0.00000483,0.000000000292307253,7593817,2019-05-09 11:32:03,btc,11.56759319131335,0.0,0.00000483,btc,321097.02698291,0.1043463,0.5625705762592609,26
1,[],10,[],2019-05-09 11:32:04,117437.63030523,0.00000852,0.000000000515622732,7593818,2019-05-09 11:32:04,btc,25.847087399052544,3083.43036441,0.00000852,btc,19810.09342861,0.0,0.0667520490146482,26
0,[],2,[],2019-01-20 23:25:56,0.0,0,0,6476976,2019-01-20 23:25:56,,0.0,0.0,0,,0.0,0.0,0.0,26
1,[],11,[],2019-04-30 04:16:17,7094566.83690364,0.00000006,0.000000000003115554,7518027,2019-04-30 04:16:17,btc,67504.138725751,6116.07566417,0.00000006,btc,6591680.7351637,0.0,0.38529422037817224,27
1,[],5,[],2019-04-26 09:47:06,0.0,0,0,7465326,2019-04-26 09:47:06,btc,0.0,0.0,0,btc,0.0,0.0,0.0,27
1,[],3,[],2019-04-28 02:38:55,141621.60361514,0.00000001,0.0000000000005253330000000001,7491060,2019-04-28 02:38:55,btc,2.501704004580372,921815.184511,0.00000001,btc,21091882.2176418,0.0,0.0014162160361513999,27
1,[],4,[],2019-05-09 11:32:05,1478439048.490063,0.00000001,0.000000000000605191,7593819,2019-05-09 11:32:05,btc,5.248948166105306,0.0,0.00000001,"btc,ltc",301950502.04827034,0.4444769,9.158556569469617,29
1,[],7,[],2019-05-09 11:32:06,112859448.2164338,0.00000001,0.000000000000605191,7593820,2019-05-09 11:32:06,btc,46550610.5330642,131000.0,0.00000001,btc,33147330.11948326,0.00262,1.1285944821643379,29
1,[],4,[],2019-05-09 11:32:07,1697308.8709739,0.00000013,0.000000000007867483,7593821,2019-05-09 11:32:07,btc,2.8598006376534983,0.0,0.00000013,btc,2549119.44847338,0.01687489,0.0545988749446512,30
0,[],17,[],2019-05-03 01:11:25,0.0,0,0,7559066,2019-05-03 01:11:25,btc,0.0,0.0,0,btc,0.0,0.0,0.0,30
1,[],4,[],2019-05-09 11:32:08,216241.44359756,0.00005510,0.00000000333460241,7593822,2019-05-09 11:32:08,btc,6.287798285197705,0.0,0.00005510,btc,59606.71024053,0.97144645,0.6345151801533201,31
1,[],21,[],2019-05-09 11:32:09,100080.58862358,0.00005537000000000000010961717645,0.000000003350942567,7593823,2019-05-09 11:32:09,btc,4.144877455417881,272493.79952494,0.0000553700000000000001096171764469744402958895079791545867919921875,btc,68344.73278298,16.13638127,4.193146609661338,31
0,[],2,[],2019-01-20 23:28:43,0.0,0,0,6477009,2019-01-20 23:28:43,,0.0,0.0,0,,0.0,0.0,0.0,32
1,[],12,[],2019-03-30 07:55:10,40641173.964,0.00000003,0.000000000001228359,7108785,2019-03-30 07:55:10,btc,4233210.82356125,0.0,0.00000003,btc,28378394.68333462,0.0126927883965248,0.90752895892,33
0,[],4,[],2019-05-09 11:23:38,0.0,0,0,7593682,2019-05-09 11:23:38,,0.0,0.0,0,,0.0,0.0,0.0,33
1,[],4,[],2019-05-09 11:32:10,10291.376,0.00000001,0.000000000000605191,7593824,2019-05-09 11:32:10,btc,3.9057967773295066,0.0,0.00000001,btc,153826162.21542788,0.0,0.00010291376,34
1,[],5,[],2019-05-09 11:32:11,0.0,0,0,7593825,2019-05-09 11:32:11,btc,0.0,0.00143204,0,btc,0.0,0.0,0.0,34
0.000000000133684,[],4,[],2019-05-02 18:17:45,3384239970.6360936,1.3368400000000002e-18,7.293946092400001e-23,7556428,2019-05-02 18:17:45,ltc,5.381102735485169e-08,0.0,0.00000001,ltc,6862894551.7408495,0.0,4.524187362345155e-09,36
1,[],5,[],2019-05-02 18:17:46,0.0,0,0,7556429,2019-05-02 18:17:46,btc,0.0,0.0,0,btc,0.0,0.0,0.0,36
0.0000000002926451,[],17,[],2019-05-02 18:17:47,200000.0,2.9264510000000002e-18,1.596703856561e-22,7556430,2019-05-02 18:17:47,eth,0.20942468735267253,0.0,0.00000001,"btc,eth",1018272.20243647,0.0,5.852902e-13,36
0.000000000133684,[],27,[],2019-05-02 18:17:55,7883196.008,1.3368400000000002e-18,7.293946092400001e-23,7556431,2019-05-02 18:17:55,ltc,25567.4086131264,0.0,0.00000001,"ltc,eth",21753551.64,0.0,1.0538571751334722e-11,36
1,[],4,[],2019-05-09 11:32:12,396247.24530933,0.00000025,0.000000000015129775,7593826,2019-05-09 11:32:12,btc,19772.889815148264,0.0,0.00000025,btc,979661.84686836,0.00546736,0.0525347988970265,37
1,[],12,[],2019-05-09 11:32:12,1089034.50112392,0.00000025,0.000000000015129775,7593827,2019-05-09 11:32:12,btc,61604.96634576472,0.0,0.00000025,btc,554559.82621353,0.0439980908711651,0.1130889335794938,37
1,[],27,[],2019-05-09 11:32:31,1600.0,0.00000015,0.000000000009077865,7593828,2019-05-09 11:32:31,btc,24.12824334291843,0.0,0.00000015,btc,5839.49448498,0.0,3e-05,37
1,[],17,[],2019-05-03 01:11:36,211752.74075282,0.00000025,0.000000000013700074999999998,7559074,2019-05-03 01:11:36,btc,0.055484923955058496,0.0,0.00000025,"btc,eth",1387.19918473,0.0,0.0005381851887916605,37
1,[],5,[],2019-05-09 11:32:32,0.0,0,0,7593829,2019-05-09 11:32:32,btc,0.0,0.04495761,0,btc,0.0,0.0,0.0,42
1,[],12,[],2019-05-09 11:32:34,386314.04793266,0.00000250000000000000020450763478507827386465578456409275531768798828125,0.00000000015129775000000002,7593830,2019-05-09 11:32:34,btc,1222238.8938438075,0.0,0.00000250000000000000020450763478507827386465578456409275531768798828125,btc,83773.31721137,0.3466974761411857,0.1208573737933482,42
1,[],27,[],2019-05-09 11:32:50,506.0,0.00000100,0.0000000000605191,7593831,2019-05-09 11:32:50,btc,1.80904801871465,0.0027843,0.00000100,"btc,eth",2429.32652545,7e-08,0.00010000000057959264,42
1,[],12,[],2019-03-13 09:13:29,1112112.0,0.00000001,0.000000000000386531,6919902,2019-03-13 09:13:29,btc,29058.00478931866,0.0,0.00000001,btc,5967681.93306694,9.99000999e-07,0.01112112,43
1,[],5,[],2019-04-26 22:38:52,0.0,0,0,7474154,2019-04-26 22:38:52,btc,0.0,0.02638891,0,btc,0.0,0.0,0.0,43
0,[],17,[],2019-04-26 22:38:53,0.0,0,0,7474155,2019-04-26 22:38:53,btc,0.0,0.0,0,btc,0.0,0.0,0.0,43
1,[],12,[],2019-03-05 01:54:08,639326.02,0.00000004,0.000000000001486676,6845775,2019-03-05 01:54:08,btc,11116042.728239931,0.0,0.00000004,btc,1103841.4595604,0.0003330765234764,0.014975410599999999,44
1,[],4,[],2019-05-09 11:32:51,131627836.57948934,0.00000001,0.000000000000605191,7593832,2019-05-09 11:32:51,btc,436.83952228886477,0.0,0.00000001,"btc,ltc",23260908.99584506,0.0012775,0.287541900091885,49
0.0000000001214897,[],4,[],2019-05-09 11:32:52,76548326.41526745,8.1398099e-17,4.9261396931909005e-21,7593833,2019-05-09 11:32:52,ltc,21614.607115143033,0.0,0.00000067,ltc,99193792.16376683,0.0,1.8018210674751978e-09,52
0,[],22,[],2019-05-09 09:14:26,0.0,0,0,7592425,2019-05-09 09:14:26,,10304.87709543,0.0,0,,310505736.4566013,0.0,0.0,57
0.00000000028145030000000004,[],27,[],2019-05-09 09:14:34,10000.0,2.8145030000000004e-18,1.707499865537e-22,7592426,2019-05-09 09:14:34,eth,0.0,0.0,0.00000001,"btc,eth",0.0,0.0,2.814503e-14,57
0.0000000001214897,[],4,[],2019-05-09 11:32:52,1071903079.1705447,1.2148970000000001e-18,7.35244730327e-23,7593834,2019-05-09 11:32:52,ltc,19.11126190994889,0.0,0.00000001,ltc,5659881293.76897,0.0,1.3022518351750574e-09,58
1,[],12,[],2019-05-09 11:32:54,1591270747.0,0.0000000001,0.00000000000000605191,7593835,2019-05-09 11:32:54,btc,11897162.852260297,0.0,0.0000000001,btc,4372425206.033966,0.000388080982517476,0.1591270747,58
0.00000000010936710000000001,[],22,[],2019-05-09 11:32:58,137438.0,1.0936710000000001e-18,6.61879846161e-23,7593836,2019-05-09 11:32:58,XMR,69.17854956,0.0,0.00000001,XMR,9877516.6,0.0,0.00137438,58
1,[],17,[],2019-05-03 01:12:09,1200000.0,0.0000000001,0.00000000000000548003,7559085,2019-05-03 01:12:09,btc,1e+24,0.0,0.0000000001,"btc,eth",39516342.31952568,0.0,0.00010000000058666061,58
1,[],5,[],2019-05-09 11:32:59,0.0,0,0,7593837,2019-05-09 11:32:59,btc,0.0,0.00706612,0,btc,0.0,0.0,0.0,61
1,[],22,[],2019-05-09 11:33:02,13613.833333333334,0.00000012,0.000000000007262292,7593838,2019-05-09 11:33:02,BTC,1002.29626883,0.0,0.00000012,BTC,15392.180177125656,0.0,0.00153269,61
1,[],26,[],2019-05-09 11:33:02,0.0,0.00000100,0.0000000000605191,7593839,2019-05-09 11:33:02,btc,0.0,0.0,0.00000100,btc,0.0,0.0,0.0,61
0.00000000028045710000000004,[],27,[],2019-05-09 11:33:17,100000.0,2.8045710000000004e-18,1.697301128061e-22,7593840,2019-05-09 11:33:17,eth,1.9482732497246655,0.0,0.00000001,"btc,eth",13266.51663696,0.0,2.8045710000000004e-13,61
1,[],28,[],2019-05-09 11:33:19,1039.304,0.00000008,0.000000000004841528,7593841,2019-05-09 11:33:19,btc,2.056501795415105,839.0,0.00000008,btc,10022.46650005,0.0,2.439304e-05,61
1,[],4,[],2019-05-09 11:33:20,1332277.86299556,0.00000101,0.000000000061124291,7593842,2019-05-09 11:33:20,btc,1.9739535711674476,0.0,0.00000101,btc,646979.85092792,0.04943754,0.8883955114348435,67
0.0,[],25,[],2019-05-09 11:33:21,0.0,0,0,7593843,2019-05-09 11:33:21,,0.0,0.0,0.0,btc,0.0,0.0,0.0,67
1,[],12,[],2019-05-09 11:33:23,636712.33333333,0.00000016,0.000000000009683056,7593844,2019-05-09 11:33:23,btc,55556348.253087096,0.0,0.00000016,btc,1508230.08493944,0.0045288997102915,0.0232444599999996,71
,[],5,[],2018-11-20 23:02:39,1.5e-07,0.00000005,0.000000000002128045,4862160,2018-11-20 23:02:39,btc,2.84511358,0.0,,btc,0.00036572,0.0,0.07381892,74
1,[],5,[],2019-05-09 11:33:24,0.0,0,0,7593845,2019-05-09 11:33:24,btc,0.0,0.00684053,0,btc,0.0,0.0,0.0,75
1,[],4,[],2019-05-09 11:33:24,78543.099,0.00000001,0.000000000000605191,7593846,2019-05-09 11:33:24,btc,133697.76764908098,0.0,0.00000001,btc,35132270.37523591,0.0001672,0.00078543099,81
0,[],20,[],2019-01-25 09:30:31,0.0,0,0,6495923,2019-01-25 09:30:31,btc,0.0,0.0,0,btc,0.0,0.0,0.0,81
1,[],4,[],2019-05-09 11:24:38,26487.89769746,0.00006792,0.0000000041189268960000004,7593704,2019-05-09 11:24:38,btc,18.79577188018552,0.0,0.00006792,btc,27867.67293318,0.55156787,0.2338999978146927,82
1,[],21,[],2019-05-09 11:24:39,3254036.06318507,0.00006697999999999999906543507455,0.000000004061921724,7593705,2019-05-09 11:24:39,btc,3.328713384607291,17428.20702027,0.000066979999999999999065435074552254945956519804894924163818359375,btc,43334.28222672,1.14689547,1.8141606996831516,82
0,[],17,[],2019-03-25 22:42:34,0.0,0,0,7038780,2019-03-25 22:42:34,btc,0.0445064681804024,0.0,0,btc,995513.18476001,0.0,0.0,84
0.00000000013644,[],4,[],2019-05-01 19:17:39,299701867.376,1.3644e-18,7.259508504e-23,7542161,2019-05-01 19:17:39,ltc,1.6769037726995486,0.0,0.00000001,ltc,427823536.87452894,0.00010978,4.089132278478144e-10,85
,[],22,[],2018-11-20 23:09:34,3408.1,0.0000001,0.0000000000041895,4862324,2018-11-20 23:09:34,BTC,0.04624735,0.0,,BTC,4990.0,0.0,0.00033081,86
1,[],22,[],2019-05-09 11:33:28,89999.0,0.00000001,0.000000000000605191,7593847,2019-05-09 11:33:28,BTC,3.66432991,0.0,0.00000001,BTC,332904.29736842104,0.0,0.00089999,87
1,[],27,[],2019-05-09 11:33:35,10674.0,0.00000001,0.000000000000605191,7593848,2019-05-09 11:33:35,btc,4.960708560736,0.0,0.00000001,btc,10217.62841,0.0,0.00010674,87
,[],2,[],2018-11-20 23:10:47,0.0,0,0,4862359,2018-11-20 23:10:47,,0.0,0.0,,,0.0,0.0,0.0,88
1,[],11,[],2019-05-09 11:33:37,90338.87662546,0.000145009999999999995672073094254983516293577849864959716796875,0.000000008775874691,7593849,2019-05-09 11:33:37,btc,171.5560769507148,156.89091872,0.000145009999999999995672073094254983516293577849864959716796875,btc,175415.06585249,0.0,6.098998463657963,89
0,[],2,[],2019-01-20 23:31:45,0.0,0,0,6477083,2019-01-20 23:31:45,,0.0,0.0,0,,0.0,0.0,0.0,91
0,[],17,[],2019-05-03 01:12:26,0.0,0,0,7559096,2019-05-03 01:12:26,btc,0.0,0.0,0,btc,0.0,0.0,0.0,91
1,[],12,[],2019-05-09 11:24:57,430332.45573459,0.00000065,0.00000000003941847,7593709,2019-05-09 11:24:57,btc,89.71224060660656,0.0,0.00000065,btc,165396.82899308,0.0029464595843096,0.0412314311999849,91
1,[],22,[],2019-05-09 11:25:05,76014.0,0.0000008,0.000000000048515040000000004,7593710,2019-05-09 11:25:05,BTC,0.1,0.0,0.0000008,"BTC,LTC",1.0,0.0,0.0017135,91
1,[],22,[],2019-04-09 20:17:52,374949.73333333334,0.00000015,0.000000000007771935,7235704,2019-04-09 20:17:52,BTC,6.87372503,0.0,0.00000015,"BTC,LTC",159980.01196797504,1.1e-05,0.80510266,95
0.0000000001214897,[],4,[],2019-05-09 11:33:39,553446643.0804448,8.625768700000001e-17,5.2202375853217e-21,7593850,2019-05-09 11:33:39,ltc,11.344139723523412,0.0,0.00000071,ltc,134007162.97005849,0.01430417,1.7536542671628741e-09,96
0,[],12,[],2019-05-09 11:33:39,0.0,0,0,7593851,2019-05-09 11:33:39,btc,25054.263254513615,0.0,0,btc,6795308.18081917,0.0010592883016983,0.0,96
0,[],17,[],2019-05-03 01:12:32,0.0,0,0,7559100,2019-05-03 01:12:32,btc,0.0,0.0,0,btc,0.0,0.0,0.0,96
1,[],4,[],2019-04-14 03:32:46,1039404.33283278,0.00000038,0.000000000019245518,7293458,2019-04-14 03:32:46,btc,4.170086055365747,0.0,0.00000038,btc,3097704.34561074,0.06260606,0.1859928211030784,99
0,[],2,[],2019-01-20 23:23:55,0.0,0,0,6476914,2019-01-20 23:23:55,,0.0,0.0,0,,0.0,0.0,0.0,100
1,[],4,[],2019-05-09 11:33:42,371599.31354167,0.00003416,0.000000002067332456,7593852,2019-05-09 11:33:42,btc,6.899839817155505,0.0,0.00003416,btc,120099.33419119,0.38465717,0.9420237392756191,100
1,[],22,[],2019-05-09 11:33:45,130000.0,0.00000001,0.000000000000605191,7593853,2019-05-09 11:33:45,BTC,24.83526409,0.0,0.00000001,BTC,11187.719,0.0,0.0013,101
1,[],4,[],2019-05-09 11:33:46,600249.99954065,0.00000473,0.000000000286255343,7593854,2019-05-09 11:33:46,btc,252.03666350649286,0.0,0.00000473,btc,428611.97741997,1.07945175,0.6512161654446764,103
1,[],12,[],2019-05-09 11:33:48,108526379.51292,0.000000005,0.0000000000003025955,7593855,2019-05-09 11:33:48,btc,468525213.3107091,0.0,0.000000005,btc,108644738.22977424,0.03162250670552533,0.20467964171276,105
1,[],27,[],2019-05-09 11:33:56,11865.0,0.00000001,0.000000000000605191,7593856,2019-05-09 11:33:56,btc,0.0689357688051137,111.0,0.00000001,btc,864584.59450753,1.11e-06,0.00011865,105
1,[],22,[],2019-04-21 00:17:26,21333.0,0.00000001,0.000000000000532493,7385819,2019-04-21 00:17:26,BTC,51.38182867,0.0,0.00000001,BTC,470435.0,0.0,0.00021333,107
1,[],26,[],2019-04-21 00:17:26,0.0,0.00000000,0,7385820,2019-04-21 00:17:26,btc,0.0,0.0,0.00000000,btc,0.0,0.0,0.0,107
1,[],5,[],2019-05-09 11:33:57,0.0,0,0,7593857,2019-05-09 11:33:57,btc,0.0,4e-07,0,btc,0.0,0.0,0.0,112
0,[],22,[],2019-05-09 11:34:01,0.0,0,0,7593858,2019-05-09 11:34:01,,2.79003697,0.0,0,,1380942.0833333333,0.0,0.0,112
1,[],27,[],2019-05-09 11:34:11,1.0,0.00000001,0.000000000000605191,7593859,2019-05-09 11:34:11,btc,1.25032588,0.0,0.00000001,"btc,eth",1819.0,0.0,1e-08,112
1,[],4,[],2019-05-09 11:34:12,331884.24615114,0.00000144,0.000000000087147504,7593860,2019-05-09 11:34:12,btc,4.784343870420741,0.0,0.00000144,btc,521478.06331018,0.10316458,0.1964343844444204,113
1,[],5,[],2019-05-09 11:34:13,0.0,0,0,7593861,2019-05-09 11:34:13,btc,0.0,0.00098395,0,btc,0.0,0.0,0.0,113
1,[],17,[],2019-04-26 02:17:47,162738.278,0.00000004,0.0000000000021069000000000002,7461287,2019-04-26 02:17:47,btc,1.3331140273775473,0.0,0.00000004,btc,51796.221,0.0,0.00230953112,116
0,[],27,[],2019-04-26 02:19:51,0.0,0,0,7461288,2019-04-26 02:19:51,,0.0,0.0,0,,0.0,0.0,0.0,116
1,[],4,[],2019-05-07 20:09:28,131822.85721655,0.00001022,0.00000000060230548,7572994,2019-05-07 20:09:28,btc,132.18460413545117,0.0,0.00001022,btc,268070.13193351,0.06918336,1.0489745103085106,120
1,[],7,[],2019-05-07 20:09:30,9501.79941055,0.000011699999999999999788190263583231853772304020822048187255859375,0.0000000006895277999999999,7572995,2019-05-07 20:09:30,btc,231185.88817567716,62.23644451,0.000011699999999999999788190263583231853772304020822048187255859375,btc,4076.97424313,0.00072692,0.018013380795019,120
1,[],20,[],2019-04-07 18:42:29,1914137.0852,0.000000035,0.0000000000017871910000000002,7211992,2019-04-07 18:42:29,btc,32.2497668025648,25528.85,0.000000035,btc,1001975.4986,0.00089350975,0.0152723574729,125
1,[],22,[],2019-05-09 11:34:16,110000.0,0.00000001,0.000000000000605191,7593862,2019-05-09 11:34:16,BTC,0.032061,0.0,0.00000001,BTC,299316.7611111111,0.0,0.0011,126
1,[],4,[],2019-05-09 11:17:29,1859345.45804643,0.00000805,0.000000000487991,7593583,2019-05-09 11:17:29,btc,3.3416536518551494,0.0,0.00000805,btc,163861.86859675,0.15753737,0.4042785873401756,131
0,[],2,[],2019-01-20 23:25:46,0.0,0,0,6476969,2019-01-20 23:25:46,,0.0,0.0,0,,0.0,0.0,0.0,131
1,[],17,[],2019-05-03 01:13:10,10000.0,0.00000001,0.000000000000548003,7559115,2019-05-03 01:13:10,btc,0.0953976503951408,0.0,0.00000001,btc,5037.62507334,0.0,0.0001,131
1,[],4,[],2019-05-09 11:34:17,4705.20814577,0.00012919,0.000000007818462529,7593863,2019-05-09 11:34:17,btc,6.0114989071774,0.0,0.00012919,btc,191.61415747,0.0,0.0074217379593396,135
1,[],3,[],2019-05-09 05:30:45,530498.0,0.00000001,0.000000000000609729,7590472,2019-05-09 05:30:45,btc,0.1029057631805504,129896.5,0.00000001,btc,1124104.34967245,0.0,0.00530498,136
1,[],4,[],2019-05-09 11:34:19,3527220.25666903,0.00000217,0.000000000131326447,7593864,2019-05-09 11:34:19,btc,319.76336254959773,0.0,0.00000217,btc,534249.66286204,0.00415687,0.7092617709609925,137
1,[],12,[],2019-05-09 11:34:20,331015.40922048,0.00000207000000000000008632309277112337753123938455246388912200927734375,0.000000000125274537,7593865,2019-05-09 11:34:20,btc,48520.49531114084,0.0,0.00000207000000000000008632309277112337753123938455246388912200927734375,btc,39034.21595661,0.0044429851928639,0.0374989299999195,137
1,[],4,[],2019-05-09 11:34:21,46898.75987199,0.00003552,0.000000002149638432,7593866,2019-05-09 11:34:21,btc,7.4504455496983075,0.0,0.00003552,btc,90813.52888855,0.52629961,0.2996682116110121,142
1,[],5,[],2019-05-09 11:34:23,0.0,0,0,7593867,2019-05-09 11:34:23,btc,0.0,0.16894274,0,btc,0.0,0.0,0.0,142
1,[],20,[],2019-05-09 11:34:25,167392.1613,0.00003401,0.000000002058254591,7593868,2019-05-09 11:34:25,btc,1.7087669988938,0.01,0.00003401,btc,8218.5398,3.401e-07,0.059650777821,142
1,[],22,[],2019-05-09 11:34:28,1370.0,0.00000200,0.0000000001210382,7593869,2019-05-09 11:34:28,BTC,3.2756588,0.0,0.00000200,BTC,1135.5948275773155,0.0,0.0003632,142
0.0,[],25,[],2019-05-09 11:34:29,0.0,0,0,7593870,2019-05-09 11:34:29,,0.0,0.0,0.0,btc,0.0,0.0,0.0,142
1,[],28,[],2019-05-09 11:34:32,79102.0,0.00003311,0.000000002003787401,7593871,2019-05-09 11:34:32,btc,0.0607226924,232981.0,0.00003311,btc,586.87303,0.0,0.07347342,142
1,[],17,[],2019-05-03 01:13:16,32967.38636364,0.00000088,0.000000000048224264,7559122,2019-05-03 01:13:16,btc,20.06976206696776,0.0,0.00000088,btc,2746.079105,0.0,0.0105613000000032,142
0,[],22,[],2019-05-09 11:34:35,0.0,0,0,7593872,2019-05-09 11:34:35,,66.66505393,0.0,0,,938775805.8,0.0,0.0,143
0,[],22,[],2019-02-25 15:42:22,0.0,0,0,6783783,2019-02-25 15:42:22,,4.2131946,0.0,0,,2322156.0,0.0,0.0,146
,[],22,[],2018-11-20 23:01:11,0.0,0,0,4862114,2018-11-20 23:01:11,,2.56807021,0.0,,,61828.4988236,0.0,0.0,147
1,[],12,[],2019-04-21 06:38:04,193091.5971266,0.00000071,0.000000000037635183,7388679,2019-04-21 06:38:04,btc,2.301232411611175,0.0,0.00000071,btc,9957.48302385,0.00023528,0.0313308199999888,148
1,[],4,[],2019-03-19 21:31:25,255810.0415942,0.00000029,0.000000000011615747,6982695,2019-03-19 21:31:25,btc,218.94922712414143,0.0,0.00000029,btc,793529.37642722,0.00117,0.0608347789473395,152
0,[],22,[],2019-03-19 21:31:27,0.0,0,0,6982696,2019-03-19 21:31:27,,0.0,0.0,0,,0.0,0.0,0.0,152
1,[],5,[],2019-04-26 09:36:59,0.0,0,0,7465040,2019-04-26 09:36:59,btc,0.0,0.0,0,btc,0.0,0.0,0.0,153
,[],16,[],2019-01-11 15:38:59,0.0,0,0,6366141,2019-01-11 15:38:59,btc,0.0,0.0,,btc,0.0,0.0,0.0,155
0,[],23,[],2019-01-20 23:24:29,0.0,0,0,6476932,2019-01-20 23:24:29,,0.0,0.0,0,,0.0,0.0,0.0,156
0,[],22,[],2019-05-09 11:34:39,0.0,0,0,7593873,2019-05-09 11:34:39,,6.80191271,0.0,0,,4673448.342592592,0.0,0.0,156
1,[],22,[],2019-05-09 11:34:42,7066.0,0.00000800,0.0000000004841528,7593874,2019-05-09 11:34:42,BTC,1.79802465,0.0,0.00000800,BTC,802.6461988741639,0.0,0.00062996,157
0,[],22,[],2019-05-07 22:25:46,0.0,0,0,7574238,2019-05-07 22:25:46,,50234.60468402,0.0,0,,54786159.03179465,0.0,0.0,158
,[],17,[],2018-11-20 22:56:10,0.0,0,0,4861976,2018-11-20 22:56:10,btc,1.1265625,0.0,,btc,1000.0,0.0,0.0,159
,[],20,[],2018-11-20 22:56:12,0.0,0,0,4861977,2018-11-20 22:56:12,btc,11912.7940471,0.0,,btc,34413894.3617,0.0,0.0,159
1,[],12,[],2019-05-09 11:34:45,262872.93227441,0.00000391999999999999973790930363204410014077438972890377044677734375,0.000000000237234872,7593875,2019-05-09 11:34:45,btc,23.169640551954654,0.0,0.00000391999999999999973790930363204410014077438972890377044677734375,btc,11507.35731562,0.002064806894234,0.0468182438629701,168
1,[],17,[],2019-05-03 01:13:36,42852.0,0.00000002,0.000000000001096006,7559132,2019-05-03 01:13:36,btc,0.04279856251542,0.0,0.00000002,btc,274.46171372,0.0,0.00052852,168
1,[],22,[],2019-05-07 03:57:18,743122.0,0.00000001,0.000000000000593596,7562020,2019-05-07 03:57:18,BTC,41.40912107,0.0,0.00000001,BTC,1593401.2737547632,0.00342649,0.00743122,169
1,[],22,[],2019-05-09 11:34:49,224990.0,0.00000015,0.000000000009077865,7593876,2019-05-09 11:34:49,BTC,26.86512485,0.0,0.00000015,BTC,443023.58201967884,0.00111956,0.0042908,171
1,[],22,[],2019-05-09 11:34:53,355923.2,0.0000001,0.00000000000605191,7593877,2019-05-09 11:34:53,BTC,823.66864624,0.0,0.0000001,"BTC,LTC",676062.8676736787,0.00016159,0.01373235,173
1,[],5,[],2019-05-06 19:49:32,0.0,0,0,7559281,2019-05-06 19:49:32,btc,0.0,0.00023336,0,btc,0.0,0.0,0.0,175
1,[],22,[],2019-05-09 11:28:28,90671.0,0.00000001,0.000000000000606438,7593737,2019-05-09 11:28:28,BTC,394.0276142,0.0,0.00000001,BTC,136275.61833431243,0.0,0.00090671,176
1,[],7,[],2019-05-09 11:34:54,0.0,0,0,7593878,2019-05-09 11:34:54,btc,520269.8385845969,53304.995005,0,btc,26493269.09811364,0.0,0.0,178
0,[],22,[],2019-05-09 11:34:57,0.0,0,0,7593879,2019-05-09 11:34:57,,1.00242428,0.0,0,,57512.0,0.0,0.0,178
0,[],2,[],2019-01-20 23:28:34,0.0,0,0,6477001,2019-01-20 23:28:34,,0.0,0.0,0,,0.0,0.0,0.0,178
0,[],23,[],2019-01-20 23:25:08,0.0,0,0,6476952,2019-01-20 23:25:08,,0.0,0.0,0,,0.0,0.0,0.0,179
1,[],5,[],2019-05-09 11:34:58,0.0,0,0,7593880,2019-05-09 11:34:58,btc,0.0,0.00935347,0,btc,0.0,0.0,0.0,179
1,[],22,[],2019-05-09 11:35:02,3039488.0,0.00000001,0.000000000000605191,7593881,2019-05-09 11:35:02,BTC,5.33219583,0.0,0.00000001,BTC,14002478.411946677,0.0,0.03039488,179
1,[],22,[],2019-05-09 11:35:08,647570.221048321,0.00000140,0.00000000008472674,7593882,2019-05-09 11:35:08,BTC,39.27040097,0.0,0.00000140,"BTC,LTC",46842.83904470899,0.24872437,0.56348989,180
1,[],26,[],2019-05-09 11:35:08,0.0,0.00000120,0.00000000007262292,7593883,2019-05-09 11:35:08,btc,0.0,0.0,0.00000120,btc,0.0,0.0,0.0,180
1,[],17,[],2019-05-03 01:13:56,20504.725000000002,0.0000001,0.00000000000548003,7559141,2019-05-03 01:13:56,btc,5.2010695838400265,0.0,0.0000001,btc,5033.45945,0.0,0.0011504725,180
,[],7,[],2018-11-20 22:58:01,562227.975654,0.00000085,0.000000000036176765,4862015,2018-11-20 22:58:01,btc,21836.6059674,2491.87645172,,btc,749999.041456,0.00211021,0.127565380455,183
,[],5,[],2019-01-10 08:11:41,0.0,0,0,6347036,2019-01-10 08:11:41,btc,82.15055501,0.00261,,btc,1.19002445,0.0,0.0,187
1,[],24,[],2019-04-30 17:34:05,0.0,0.000000000014,7.396256000000001e-16,7526291,2019-04-30 17:34:05,btc,0.0,0.0,0.000000000014,btc,0.0,0.0,0.0,187
,[],17,[],2018-11-16 20:58:10,4062536.27273,0.00000001,0.000000000000550501,4708775,2018-11-16 20:58:10,btc,3.36492563466,0.195460381006,,"btc,eth",110697919.549,0.0,0.0157628953496,187
0,[],22,[],2019-04-25 02:54:07,0.0,0,0,7447896,2019-04-25 02:54:07,,7.54794454,0.0,0,,76361.7243344055,0.0,0.0,191
0,[],22,[],2019-05-09 11:35:13,0.0,0,0,7593884,2019-05-09 11:35:13,,0.0,0.0,0,,0.0,0.0,0.0,197
0,[],23,[],2019-01-20 23:31:41,0.0,0,0,6477079,2019-01-20 23:31:41,,0.0,0.0,0,,0.0,0.0,0.0,199
0.0000000001222751,[],22,[],2019-05-09 09:26:22,54733331.0,2.445502e-18,1.485172928616e-22,7592633,2019-05-09 09:26:22,LTC,18.75588347,0.0,0.00000002,LTC,35265414.0,2.445502e-15,0.64066281,199
1,[],26,[],2019-05-09 09:26:22,0.0,0.00000000,0,7592634,2019-05-09 09:26:22,btc,0.0,0.0,0.00000000,btc,0.0,0.0,0.0,199
0,[],2,[],2019-01-20 23:30:49,0.0,0,0,6477059,2019-01-20 23:30:49,,0.0,0.0,0,,0.0,0.0,0.0,201
1,[],4,[],2019-01-25 15:51:35,2084389.58565343,0.00000936,0.000000000333526752,6499557,2019-01-25 15:51:35,btc,2.0092503037378524,0.0,0.00000936,btc,160195.80207885,0.19272417,1.242687955921835,211
1,[],7,[],2019-05-09 11:35:16,14411346.63012444,0.00000088,0.000000000053256808000000004,7593885,2019-05-09 11:35:16,btc,15559118.306036355,111962.97784,0.00000088,btc,11517221.61449122,0.0,1.6153135155106393,212
1,[],5,[],2019-05-07 13:02:51,0.0,0,0,7566706,2019-05-07 13:02:51,btc,0.0,0.43032184,0,btc,0.0,0.0,0.0,213
1,[],24,[],2019-05-07 13:02:52,0.0,0.000000050000,0.000000000002968865,7566707,2019-05-07 13:02:52,btc,0.0,0.0,0.000000050000,btc,0.0,0.0,0.0,213
1,[],26,[],2019-05-07 13:02:52,0.0,0.00000040,0.00000000002375092,7566708,2019-05-07 13:02:52,btc,0.0,0.0,0.00000040,btc,0.0,0.0,0.0,213
1,[],12,[],2019-01-25 02:44:32,207462.42853209,0.000001080000000000000035831255497387193287295303889550268650054931640625,0.000000000038610756000000006,6493050,2019-01-25 02:44:32,btc,85023.03793723314,0.0,0.000001080000000000000035831255497387193287295303889550268650054931640625,btc,43675.73520027,0.000146250909087,0.0348620860622024,213
0,[],22,[],2019-05-09 11:41:59,0.0,0,0,7594030,2019-05-09 11:41:59,,9.58044616,0.0,0,,2340817.094064925,0.0,0.0,216
1,[],27,[],2019-05-09 11:35:33,24000.0,0.00000001,0.000000000000605191,7593887,2019-05-09 11:35:33,btc,62.4184592844,6596.0,0.00000001,"btc,ltc",171868.275,6.596e-05,0.00024,216
1,[],22,[],2019-05-09 11:35:36,301372.51629223034,0.00000131,0.000000000079280021,7593888,2019-05-09 11:35:36,BTC,12055.05380163,0.0,0.00000131,BTC,464489.78366136516,0.02184877,0.06719375,217
1,[],7,[],2019-05-09 11:35:38,0.0,0,0,7593889,2019-05-09 11:35:38,btc,111302.55947335159,0.0,0,btc,136862970.83745575,0.0,0.0,219
0,[],27,[],2019-05-09 11:35:48,0.0,0,0,7593890,2019-05-09 11:35:48,,0.05960067,0.0,0,btc,1692528.0,0.0,0.0,219
0.0000000000000042000000000000004,[],28,[],2019-05-09 11:35:49,487474352.014,2.52e-18,1.52508132e-22,7593891,2019-05-09 11:35:49,doge,3650114.047479546,71796.0031,0.00060000,"btc,doge",45126614.3083,0.0,2.2720721171216124e-11,219
1,[],22,[],2019-05-09 11:35:52,381170.0,0.00000004,0.000000000002420764,7593892,2019-05-09 11:35:52,BTC,56.7649867,0.0,0.00000004,BTC,131552.84827387411,0.0006812,0.0123008,221
1,[],24,[],2019-05-09 11:35:52,0.0,0.000000010000,0.000000000000605191,7593893,2019-05-09 11:35:52,btc,0.0,0.0,0.000000010000,btc,0.0,0.0,0.0,221
1,[],20,[],2019-05-09 08:18:32,17121599.6171,0.000000009,0.0000000000005486976,7591760,2019-05-09 08:18:32,btc,100092.86816326622,341887.8181,0.000000009,btc,23102075.9048,0.0032607659991,0.0905423812478,224
0,[],22,[],2019-05-09 08:18:35,0.0,0,0,7591761,2019-05-09 08:18:35,,0.0,0.0,0,,0.0,0.0,0.0,224
1,[],26,[],2019-05-09 11:35:53,0.0,0.00000026,0.000000000015734966,7593894,2019-05-09 11:35:53,btc,0.0,0.0,0.00000026,btc,0.0,0.0,0.0,231
1,[],26,[],2019-05-09 11:35:53,0.0,0.00000005,0.000000000003025955,7593895,2019-05-09 11:35:53,btc,0.0,0.0,0.00000005,btc,0.0,0.0,0.0,234
0.00000000028045710000000004,[],27,[],2019-05-09 11:36:07,10000.0,2.8045710000000004e-18,1.697301128061e-22,7593896,2019-05-09 11:36:07,eth,0.01134836604,0.0,0.00000001,"btc,eth",11462.996,0.0,2.8045710000000003e-14,234
1,[],4,[],2019-04-29 21:02:20,217188.93193785,0.00000080,0.00000000004151584,7514327,2019-04-29 21:02:20,btc,5.239800103892936,0.0,0.00000080,btc,797346.30008933,0.0,0.0590549781555679,236
1,[],24,[],2019-04-29 21:02:20,0.0,0.000000100000,0.00000000000518948,7514328,2019-04-29 21:02:20,btc,0.0,0.0,0.000000100000,btc,0.0,0.0,0.0,236
1,[],5,[],2019-05-06 20:53:15,0.0,0,0,7559637,2019-05-06 20:53:15,btc,0.0,0.20253514,0,btc,0.0,0.0,0.0,237
1,[],20,[],2019-05-06 20:53:18,38173217.6136,0.000000083,0.0000000000047460728,7559638,2019-05-06 20:53:18,btc,21342.514614200165,8832375.7238,0.000000083,btc,27701499.3386,0.7554403456107,1.3621107610479,237
1,[],22,[],2019-05-06 20:53:20,343938.0,0.00000009,0.000000000005146344,7559639,2019-05-06 20:53:20,BTC,1.20267422,0.0,0.00000009,BTC,17930.94871794872,0.0,0.01017442,237
1,[],4,[],2019-05-09 11:29:34,22657515.70825661,0.00000015,0.00000000000909657,7593757,2019-05-09 11:29:34,btc,3.3484399599109937,0.0,0.00000015,btc,9111982.69361996,0.15537426,0.9850301796256378,238
1,[],5,[],2019-05-09 11:29:36,0.0,0,0,7593758,2019-05-09 11:29:36,btc,0.0,0.00275467,0,btc,0.0,0.0,0.0,238
0,[],22,[],2019-03-12 16:49:32,0.0,0,0,6914458,2019-03-12 16:49:32,,0.40415746,0.0,0,,526736.5639027493,0.0,0.0,249
0,[],22,[],2019-05-09 11:36:10,0.0,0,0,7593897,2019-05-09 11:36:10,,4.07185431,0.0,0,,34094948.41407407,0.0,0.0,252
1,[],28,[],2019-05-09 11:29:41,41561158.199,0.00000035,0.00000000002122533,7593760,2019-05-09 11:29:41,btc,43891.78701095172,231206.33,0.00000035,btc,2852683.0565,0.0,0.6037740771,256
1,[],22,[],2019-05-09 11:36:12,1088993.5,0.00000002,0.000000000001210382,7593898,2019-05-09 11:36:12,BTC,21.88116616,0.0,0.00000002,BTC,522884.63333384093,0.0,0.01124633,258
1,[],22,[],2019-03-13 00:07:30,47146.0,0.00000001,0.000000000000387233,6917028,2019-03-13 00:07:30,BTC,2.415167,0.0,0.00000001,BTC,157.0,0.0,0.00047146,259
1,[],5,[],2019-05-09 11:36:13,0.0,0,0,7593899,2019-05-09 11:36:13,btc,0.0,0.03194314,0,btc,0.0,0.0,0.0,264
1,[],20,[],2019-05-09 11:36:15,1290226.1033,0.0000006,0.00000000003631146,7593900,2019-05-09 11:36:15,btc,4.9338388659269,67513.776,0.0000006,btc,88763.2842,0.0831061496523,0.0220775064366,264
0,[],22,[],2019-04-12 17:57:27,0.0,0,0,7278186,2019-04-12 17:57:27,,66.37522201,0.0,0,,677842.4169881374,0.0,0.0,271
0,[],22,[],2019-05-09 11:36:18,0.0,0,0,7593901,2019-05-09 11:36:18,,33051802.3172899,0.0,0,,15696307799.7,0.0,0.0,272
0.0000000000000042000000000000004,[],28,[],2019-05-09 11:36:20,402489000665.5,9.66e-22,5.84614506e-26,7593902,2019-05-09 11:36:20,doge,26559982.4383969,36326069580.621,0.00000023,doge,366203946337.407,0.0,2.58314213644158e-10,272
1,[],22,[],2019-05-09 11:43:15,171499.7,0.00000014,0.000000000008483524,7594050,2019-05-09 11:43:15,BTC,427.42495672,0.0,0.00000014,BTC,249705.37764460206,0.0,0.00967418,281
1,[],22,[],2019-05-09 11:43:19,610237.6,0.00000002,0.000000000001211932,7594051,2019-05-09 11:43:19,BTC,536.91149331,0.0,0.00000002,"BTC,LTC",604060.6256135202,0.0010068,0.01735607,286
0,[],22,[],2019-05-09 11:43:22,0.0,0,0,7594052,2019-05-09 11:43:22,,7337892.52539188,0.0,0,,1359122927.2797825,0.0,0.0,294
