pairValue,buyBook,exchangeId,sellBook,updated,buyTotal,satoshiPrice,usdPrice,exchangeLogId,created,bestPair,sellTotalBtc,volume,pairPrice,activePairs,sellTotal,volumeBtc,buyTotalBtc,coinId
1,[],3,[],2019-05-24 14:25:16,1210.779168974269,0.0102525499999999991640464713782421313226222991943359375,0.0000008187071276999999,7678859,2019-05-24 14:25:16,btc,3.2861685053433205,66.6882838861,0.0102525499999999991640464713782421313226222991943359375,btc,27.040924619228,0.0,0.15969608226225473,1
1,[],4,[],2019-05-24 14:25:17,207681.13132871,0.01069210,0.0000008538069534,7678860,2019-05-24 14:25:17,btc,8.659890291575783,0.0,0.01069210,btc,383.00507456,0.79676276,0.5936965668415733,1
1,[],5,[],2019-05-24 14:25:19,0.0,0,0,7678861,2019-05-24 14:25:19,btc,0.0,0.00750585,0,btc,0.0,0.0,0.0,1
1,[],10,[],2019-05-24 14:25:21,255912.55032397,0.007114,0.0000005680813559999999,7678862,2019-05-24 14:25:21,btc,6522.456111708187,1620.20405221,0.007114,btc,1386.38554552,0.0,2.4348230610742783,1
1,[],12,[],2019-05-24 14:25:24,61.57603858,0.01068999999999999984956478016329128877259790897369384765625,0.00000085363926,7678863,2019-05-24 14:25:24,btc,0.22470780930519998,0.0,0.01068999999999999984956478016329128877259790897369384765625,btc,19.88696255,1.1855728599343,0.2751965289175,1
1,[],20,[],2019-05-24 14:25:25,972.971,0.0102628,0.0000008195256312,7678864,2019-05-24 14:25:25,btc,0.2198263253268,0.4648,0.0102628,btc,16.8167,0.0050739636736,0.1004242198675,1
1,[],21,[],2019-05-24 14:25:27,1898.0146324,0.01073099999999999921984628060,0.0000008569132739999999,7678865,2019-05-24 14:25:27,btc,11.071588051273412,2932.11664382,0.01073099999999999921984628059590249904431402683258056640625,"btc,eth",1417.18000158,29.921875847387295,15.657246890463727,1
1,[],22,[],2019-05-24 14:25:32,0.0025666666666666667,0.00900000,0.000000718686,7678866,2019-05-24 14:25:32,BTC,0.31629903,0.0,0.00900000,BTC,0.2505752479991019,0.0,2.31e-05,1
1,[],24,[],2019-05-24 14:25:32,0.0,0.000000000000,0,7678867,2019-05-24 14:25:32,btc,0.0,0.0,0.000000000000,btc,0.0,0.0,0.0,1
0.0,[],25,[],2019-05-24 14:25:33,0.0,0,0,7678868,2019-05-24 14:25:33,btc,9.849999999400541,6932.14187502,0.0,btc,900.94130471,75.34,0.0,1
1,[],26,[],2019-05-24 14:25:35,0.0,0,0,7678869,2019-05-24 14:25:35,,0.0,0.0,0,,0.0,0.0,0.0,1
0,[],28,[],2019-05-24 14:25:44,0.0,0,0,7678870,2019-05-24 14:25:44,,0.0,355083.5414,0,,0.0,0.0,0.0,1
0,[],2,[],2019-01-20 23:28:45,0.0,0,0,6477011,2019-01-20 23:28:45,,0.0,0.0,0,,0.0,0.0,0.0,1
1,[],5,[],2019-05-24 14:25:46,0.0,0,0,7678871,2019-05-24 14:25:46,btc,0.0,0.0,0,btc,0.0,0.0,0.0,2
1,[],22,[],2019-05-24 14:25:51,11638.0,0.0000002,0.0000000000159708,7678872,2019-05-24 14:25:51,BTC,21.00897301,0.0,0.0000002,"BTC,XMR",20678.87287795317,0.0,0.00145435,2
1,[],5,[],2019-05-24 14:25:54,0.0,0,0,7678873,2019-05-24 14:25:54,btc,0.0,0.00852607,0,btc,0.0,0.0,0.0,3
1,[],12,[],2019-05-24 14:25:55,1828195.69276,0.000000119,0.000000000009502626,7678874,2019-05-24 14:25:55,btc,4655.547970113887,0.0,0.000000119,btc,3084688.5756592,0.12244582187648503,0.16930377143844,3
0,[],28,[],2019-05-24 14:25:56,0.0,0,0,7678875,2019-05-24 14:25:56,,0.0,0.0,0,,0.0,0.0,0.0,3
0,[],2,[],2019-01-20 23:31:32,0.0,0,0,6477077,2019-01-20 23:31:32,,0.0,0.0,0,,0.0,0.0,0.0,4
1,[],4,[],2019-05-18 21:29:50,562734.9206932,0.00000010,0.000000000007298720000000001,7650946,2019-05-18 21:29:50,btc,41.9347137769675,0.0,0.00000010,btc,1123702.32192634,0.00052462,0.029254593370966,4
0,[],12,[],2019-05-24 08:56:14,0.0,0,0,7677305,2019-05-24 08:56:14,btc,0.385896894995005,0.0,0,btc,951410.4995005,4.995004995e-06,0.0,5
0,[],2,[],2019-01-20 23:31:51,0.0,0,0,6477087,2019-01-20 23:31:51,,0.0,0.0,0,,0.0,0.0,0.0,6
1,[],11,[],2019-05-24 14:25:57,7800289.776736,0.00000002,0.0000000000015970799999999999,7678876,2019-05-24 14:25:57,btc,9578.940922251575,94999.999998,0.00000002,btc,68008384.28119668,0.0,0.10437137276736,6
1,[],3,[],2019-05-24 14:25:58,12561.402455723792,0.00010526000000000000525295085207488909873063676059246063232421875,0.00000000840543204,7678877,2019-05-24 14:25:58,btc,0.15395045045046243,134.140045119,0.00010526000000000000525295085207488909873063676059246063232421875,btc,239.154387673764,0.0,0.02434113114466005,7
1,[],4,[],2019-05-24 14:25:59,64587.73106533,0.00010351,0.00000000826568754,7678878,2019-05-24 14:25:59,btc,8.740154034228224,0.0,0.00010351,btc,49585.51150924,1.57828273,3.4077464206514896,7
1,[],5,[],2019-05-24 14:26:00,0.0,0,0,7678879,2019-05-24 14:26:00,btc,0.0,0.11158412,0,btc,0.0,0.0,0.0,7
1,[],20,[],2019-04-07 22:06:50,3201475.0482,0.000000001,0.000000000000051590000000000004,7213932,2019-04-07 22:06:50,btc,30.8005781811902,0.0,0.000000001,btc,23077405.3926,0.0,0.0032014750482,8
0,[],2,[],2019-01-20 23:22:42,0.0,0,0,6476876,2019-01-20 23:22:42,,0.0,0.0,0,,0.0,0.0,0.0,9
0,[],23,[],2019-01-20 23:22:48,0.0,0,0,6476878,2019-01-20 23:22:48,,0.0,0.0,0,,0.0,0.0,0.0,9
1,[],4,[],2019-05-24 14:26:03,21138025.00240311,0.00000054,0.00000000004312116,7678880,2019-05-24 14:26:03,btc,4.078731208757131,0.0,0.00000054,btc,3599030.10579922,0.30477626,0.766526345316136,9
0,[],28,[],2019-05-24 14:26:12,0.0,0,0,7678881,2019-05-24 14:26:12,,0.0,3483111.43,0,,0.0,0.0,0.0,9
1,[],1,[],2019-02-17 23:31:42,1822507.21,0.00000181000000000000003456111265232042484285557293333113193511962890625,0.000000000066086901,6701244,2019-02-17 23:31:42,btc,3.6990969245,17153386.5,0.00000181000000000000003456111265232042484285557293333113193511962890625,btc,1997391.71,31.11772986,3.2610482446,9
1,[],4,[],2019-02-17 11:22:43,4341674.27126056,0.00000002,0.0000000000007272960000000001,6696112,2019-02-17 11:22:43,btc,0.1997230937751353,0.0,0.00000002,btc,4109766.79808031,0.00215132,0.0479381022052112,10
0,[],2,[],2019-01-20 23:23:08,0.0,0,0,6476890,2019-01-20 23:23:08,,0.0,0.0,0,,0.0,0.0,0.0,12
1,[],4,[],2019-05-24 14:26:13,4667193.77363756,0.00000069,0.00000000005509926,7678882,2019-05-24 14:26:13,btc,4.742821578551021,0.0,0.00000069,btc,4311065.67429127,0.60062536,1.536050411510662,12
1,[],5,[],2019-05-24 14:26:14,0.0,0,0,7678883,2019-05-24 14:26:14,btc,0.0,0.0397895,0,btc,0.0,0.0,0.0,12
0.0,[],25,[],2019-05-24 14:26:15,0.0,0,0,7678884,2019-05-24 14:26:15,,0.0,0.0,0.0,btc,0.0,0.0,0.0,12
1,[],4,[],2019-05-24 14:26:16,363989.85229803,0.00000620,0.0000000004950948,7678885,2019-05-24 14:26:16,btc,2.124952366878479,0.0,0.00000620,btc,255866.88703441,0.43272003,0.6229140398627359,13
1,[],10,[],2019-05-24 14:26:20,572238.95622052,0.00000614,0.00000000049030356,7678886,2019-05-24 14:26:20,btc,666802.6519080027,8202.04408706,0.00000614,btc,850294.09415932,0.0,0.3042397604888919,13
1,[],21,[],2019-05-24 14:26:21,1217266.51553226,0.000006229999999999999643965353791,0.0000000004974904199999999,7678887,2019-05-24 14:26:21,btc,5.365677583593837,683518.67625367,0.00000622999999999999964396535379052011194289661943912506103515625,btc,749586.56986002,4.3979725,5.505450199467544,13
1,[],4,[],2019-05-24 14:26:22,915096.86526782,0.00000075,0.0000000000598905,7678888,2019-05-24 14:26:22,btc,4.197100456121651,0.0,0.00000075,btc,816103.55509412,0.01085971,0.1328379295769684,14
1,[],12,[],2019-05-24 14:26:24,134311.89776131,0.00000064,0.000000000051106559999999997,7678889,2019-05-24 14:26:24,btc,14.132334107350761,0.0,0.00000064,btc,19897.9208331,0.0,0.0146282299999903,14
1,[],26,[],2019-05-24 14:28:24,0.0,0.00000050,0.000000000039927,7678890,2019-05-24 14:28:24,btc,0.0,0.0,0.00000050,btc,0.0,0.0,0.0,14
0,[],17,[],2019-05-03 00:53:32,0.0,0,0,7558876,2019-05-03 00:53:32,btc,0.0,0.0,0,btc,0.0,0.0,0.0,14
0,[],4,[],2019-05-24 14:28:25,0.0,0,0,7678891,2019-05-24 14:28:25,,0.0,0.0,0,,0.0,0.0,0.0,15
,[],12,[],2018-12-01 15:15:48,204241.84496,0.00000489,0.000000000202473384,5260204,2018-12-01 15:15:48,btc,49.5475654835,0.0,,btc,35763.2193806,0.0163153972027625,0.0203389899998,15
0,[],2,[],2019-01-20 23:23:38,0.0,0,0,6476906,2019-01-20 23:23:38,,0.0,0.0,0,,0.0,0.0,0.0,18
1,[],4,[],2019-05-24 14:28:27,37742.57167109,0.00001250,0.000000000998175,7678892,2019-05-24 14:28:27,btc,1.0865636281158642,0.0,0.00001250,btc,17614.82403163,0.02452031,0.1131541810610381,18
1,[],10,[],2019-05-24 14:28:28,307624.15248813,0.00001205,0.0000000009622407,7678893,2019-05-24 14:28:28,btc,15.304266879120812,2313.93035908,0.00001205,btc,10414.00479573,0.0,0.0732260552937354,18
1,[],12,[],2019-05-24 14:28:29,7056.45721405,0.000010910000000000000575680995928973260333805228583514690399169921875,0.00000000087120714,7678894,2019-05-24 14:28:29,btc,0.0209034815911551,0.0,0.000010910000000000000575680995928973260333805228583514690399169921875,btc,1147.429485,5.434e-07,0.0111531231168601,18
0,[],17,[],2019-05-03 00:53:39,0.0,0,0,7558882,2019-05-03 00:53:39,btc,0.0,0.0,0,btc,0.0,0.0,0.0,18
1,[],3,[],2019-05-24 13:57:44,155724.43535747076,0.000007459999999999999725948385265184015224804170429706573486328125,0.000000000594617204,7678736,2019-05-24 13:57:44,btc,0.24222001447858696,3654.77071591,0.000007459999999999999725948385265184015224804170429706573486328125,btc,5413.239736731293,0.0,0.0451241282055984,19
1,[],4,[],2019-05-24 13:57:46,175135.67924019,0.00000913,0.000000000727728562,7678737,2019-05-24 13:57:46,btc,3.7351596255388224,0.0,0.00000913,btc,164628.47205902,0.33901407,0.7946805766249929,19
1,[],5,[],2019-05-24 13:57:48,0.0,0,0,7678738,2019-05-24 13:57:48,btc,0.0,0.00011855,0,btc,0.0,0.0,0.0,19
1,[],12,[],2019-05-24 13:57:49,14605.02120578,0.000007040000000000000359053065057679532401380129158496856689453125,0.000000000561140096,7678739,2019-05-24 13:57:49,btc,0.0540745395549083,0.0,0.000007040000000000000359053065057679532401380129158496856689453125,btc,1848.36689479,0.00097348,0.0236221599996452,19
0,[],27,[],2019-05-24 13:57:55,0.0,0,0,7678740,2019-05-24 13:57:55,,0.0,0.0,0,btc,0.0,0.0,0.0,19
0,[],2,[],2019-01-20 23:24:19,0.0,0,0,6476924,2019-01-20 23:24:19,,0.0,0.0,0,,0.0,0.0,0.0,19
1,[],4,[],2019-05-24 13:57:57,10228410.21811859,0.00000007,0.000000000005579518,7678741,2019-05-24 13:57:57,btc,6.4307072950777595,0.0,0.00000007,btc,2332215.60836933,0.00012031,0.1274738176872813,20
1,[],4,[],2019-05-24 13:57:58,73048218.52337481,0.00000001,0.000000000000797074,7678742,2019-05-24 13:57:58,btc,1892.6316292238937,0.0,0.00000001,btc,63839682.01973631,0.00093398,0.7304821852337481,21
1,[],12,[],2019-05-24 13:58:00,1510421.0,0.00000001,0.000000000000797074,7678743,2019-05-24 13:58:00,btc,1007.7437481215285,0.0,0.00000001,btc,2574805.07592407,1.18884715286e-05,0.01510421,21
0,[],17,[],2019-05-03 00:53:51,0.0,0,0,7558891,2019-05-03 00:53:51,btc,0.0,0.0,0,btc,0.0,0.0,0.0,21
1,[],12,[],2019-05-24 14:00:01,6183722093.0,0.0000000004,0.00000000000003188296,7678744,2019-05-24 14:00:01,btc,856716.2527611176,0.0,0.0000000004,btc,2361902365.3796206,0.08938119492067936,1.2376728456000001,23
0.00000000031422390000000003,[],27,[],2019-05-24 14:00:13,75226658.0,6.284478000000001e-18,5.009194017372e-22,7678745,2019-05-24 14:00:13,eth,1171.075657922596,434036142.4008016,0.00000002,eth,44203400.7051984,2.727690588746115e-09,2.9820299963968203e-10,23
1,[],4,[],2019-05-24 14:00:14,1845234.96765797,0.00000017,0.000000000013550258,7678746,2019-05-24 14:00:14,btc,13.442318618092232,0.0,0.00000017,btc,2048672.19184948,0.00247888,0.0551069229789345,24
1,[],22,[],2019-05-24 14:00:17,21.76,0.00000100,0.0000000000797074,7678747,2019-05-24 14:00:17,BTC,7.415e-05,0.0,0.00000100,BTC,23.919354838709676,0.0,1.186e-05,24
0.0,[],25,[],2019-05-24 14:00:19,0.0,0,0,7678748,2019-05-24 14:00:19,,0.0,0.0,0.0,btc,0.0,0.0,0.0,24
1,[],4,[],2019-05-24 14:00:21,314662.17348558,0.00000465,0.00000000037063941,7678749,2019-05-24 14:00:21,btc,10.818343980835397,0.0,0.00000465,btc,270588.65378956,0.13589508,0.198052023599473,26
1,[],10,[],2019-05-24 14:00:23,160744.57920723,0.00000451,0.000000000359480374,7678750,2019-05-24 14:00:23,btc,25.50849791823154,4863.96308093,0.00000451,btc,22204.46121967,0.0,0.0348666826521696,26
0,[],2,[],2019-01-20 23:25:56,0.0,0,0,6476976,2019-01-20 23:25:56,,0.0,0.0,0,,0.0,0.0,0.0,26
1,[],3,[],2019-05-24 14:00:25,6950047.12200389,0.00000001,0.000000000000797074,7678751,2019-05-24 14:00:25,btc,3.3219520704887358,4624955.07489,0.00000001,btc,24190653.89462733,0.0,0.0695004712200389,27
1,[],11,[],2019-05-24 14:00:26,1069867.58157834,0.00000001,0.000000000000797074,7678752,2019-05-24 14:00:26,btc,67503.038056662,12744.4184217,0.00000001,btc,6639900.67919713,0.0,0.0106986758157834,27
1,[],5,[],2019-04-26 09:47:06,0.0,0,0,7465326,2019-04-26 09:47:06,btc,0.0,0.0,0,btc,0.0,0.0,0.0,27
1,[],4,[],2019-05-24 14:00:27,1216019324.0741503,0.00000001,0.000000000000797074,7678753,2019-05-24 14:00:27,btc,4.484224430368921,0.0,0.00000001,"btc,ltc",293374882.4866813,0.08725878,8.356789998835875,29
1,[],7,[],2019-05-24 14:00:28,86948504.84157395,0.00000001,0.000000000000797074,7678754,2019-05-24 14:00:28,btc,46548272.134555474,0.0,0.00000001,btc,35302501.71484167,0.0,0.8694850484157396,29
1,[],4,[],2019-05-24 14:00:29,15278240.39472901,0.00000006,0.000000000004782444,7678755,2019-05-24 14:00:29,btc,2.6460269358623174,0.0,0.00000006,btc,2139838.34093183,0.004204,0.1719015549813904,30
0,[],17,[],2019-05-03 01:11:25,0.0,0,0,7559066,2019-05-03 01:11:25,btc,0.0,0.0,0,btc,0.0,0.0,0.0,30
1,[],4,[],2019-05-24 14:02:33,115187.27481352,0.00004853,0.000000003868200122,7678756,2019-05-24 14:02:33,btc,3.625303576697285,0.0,0.00004853,btc,45433.12682903,0.29308726,0.3665282123302791,31
1,[],21,[],2019-05-24 14:02:34,119247.47761421,0.00004842000000000000058293647687,0.000000003859432308,7678757,2019-05-24 14:02:34,btc,6.459294998897735,138984.40822364,0.00004842000000000000058293647686724625600618310272693634033203125,btc,120332.11931812,6.92823093,3.4656365761063017,31
0,[],2,[],2019-01-20 23:28:43,0.0,0,0,6477009,2019-01-20 23:28:43,,0.0,0.0,0,,0.0,0.0,0.0,32
0,[],4,[],2019-05-24 14:02:35,0.0,0,0,7678758,2019-05-24 14:02:35,,0.0,0.0,0,,0.0,0.0,0.0,33
1,[],12,[],2019-03-30 07:55:10,40641173.964,0.00000003,0.000000000001228359,7108785,2019-03-30 07:55:10,btc,4233210.82356125,0.0,0.00000003,btc,28378394.68333462,0.0126927883965248,0.90752895892,33
0.0000000001234731,[],4,[],2019-05-24 14:02:36,500827556.3443241,2.8398813e-17,2.2635955473162002e-21,7678759,2019-05-24 14:02:36,ltc,3.5068723046813552,0.0,0.00000023,ltc,156164284.88972443,0.0,1.7335174695827202e-09,34
1,[],5,[],2019-05-24 14:02:38,0.0,0,0,7678760,2019-05-24 14:02:38,btc,0.0,0.0,0,btc,0.0,0.0,0.0,34
0.00000000011350529999999999,[],4,[],2019-05-24 06:42:22,13738200.57311783,1.1350529999999999e-18,8.87933801052e-23,7676720,2019-05-24 06:42:22,ltc,4.112179235979599e-08,0.0,0.00000001,ltc,7493227762.067634,0.0,1.559358577511911e-11,36
1,[],5,[],2019-05-24 06:42:23,0.0,0,0,7676721,2019-05-24 06:42:23,btc,0.0,3.33e-05,0,btc,0.0,0.0,0.0,36
0.0000000003110992,[],27,[],2019-05-24 06:44:34,127377081.004,6.221984e-18,4.867358531456e-22,7676722,2019-05-24 06:44:34,eth,1671.29985018,2541553559.163999,0.00000002,"ltc,eth",17425469.0,1.1266162551801756e-08,4.5585376694244823e-10,36
0.0000000002926451,[],17,[],2019-05-02 18:17:47,200000.0,2.9264510000000002e-18,1.596703856561e-22,7556430,2019-05-02 18:17:47,eth,0.20942468735267253,0.0,0.00000001,"btc,eth",1018272.20243647,0.0,5.852902e-13,36
1,[],4,[],2019-05-24 14:02:39,10086821.26891843,0.00000017,0.000000000013550258,7678761,2019-05-24 14:02:39,btc,19772.59556746031,0.0,0.00000017,btc,787543.48121193,0.00289041,0.1489409985401559,37
1,[],12,[],2019-05-24 14:02:39,3592655.52500001,0.00000017,0.000000000013550257999999998,7678762,2019-05-24 14:02:39,btc,6.172574568617086,0.0,0.00000017,btc,929487.45287644,0.0241173624475536,0.1771074192500017,37
1,[],27,[],2019-05-24 14:04:46,1600.0,0.00000015,0.00000000001195611,7678763,2019-05-24 14:04:46,btc,24.12156123602533,0.0,0.00000015,btc,5842.04443503,0.0,3e-05,37
1,[],17,[],2019-05-03 01:11:36,211752.74075282,0.00000025,0.000000000013700074999999998,7559074,2019-05-03 01:11:36,btc,0.055484923955058496,0.0,0.00000025,"btc,eth",1387.19918473,0.0,0.0005381851887916605,37
1,[],5,[],2019-05-24 14:04:47,0.0,0,0,7678764,2019-05-24 14:04:47,btc,0.0,0.00196295,0,btc,0.0,0.0,0.0,42
1,[],12,[],2019-05-24 14:04:48,42855.79924075,0.00000101000000000000007076262319161141789436442195437848567962646484375,0.000000000080504474,7678765,2019-05-24 14:04:48,btc,24.471012995427106,0.0,0.00000101000000000000007076262319161141789436442195437848567962646484375,btc,50077.85510899,0.0134658251251656,0.0276383399999688,42
1,[],27,[],2019-05-24 14:04:58,806.0,0.00000100,0.0000000000797074,7678766,2019-05-24 14:04:58,btc,0.5699845831768,0.0,0.00000100,"btc,eth",1183.4448157,0.0,0.0002060000004888067,42
1,[],12,[],2019-03-13 09:13:29,1112112.0,0.00000001,0.000000000000386531,6919902,2019-03-13 09:13:29,btc,29058.00478931866,0.0,0.00000001,btc,5967681.93306694,9.99000999e-07,0.01112112,43
1,[],5,[],2019-04-26 22:38:52,0.0,0,0,7474154,2019-04-26 22:38:52,btc,0.0,0.02638891,0,btc,0.0,0.0,0.0,43
0,[],17,[],2019-04-26 22:38:53,0.0,0,0,7474155,2019-04-26 22:38:53,btc,0.0,0.0,0,btc,0.0,0.0,0.0,43
1,[],12,[],2019-03-05 01:54:08,639326.02,0.00000004,0.000000000001486676,6845775,2019-03-05 01:54:08,btc,11116042.728239931,0.0,0.00000004,btc,1103841.4595604,0.0003330765234764,0.014975410599999999,44
1,[],4,[],2019-05-24 14:04:59,115909052.36728849,0.00000001,0.000000000000797074,7678767,2019-05-24 14:04:59,btc,291324.1746055643,0.0,0.00000001,"btc,ltc",24755513.70369327,0.01522593,0.09252413020368985,49
0.0000000001234731,[],4,[],2019-05-24 14:05:00,165905346.76149088,2.3459889e-17,1.8699267564786e-21,7678768,2019-05-24 14:05:00,ltc,21909.462360331116,0.0,0.00000019,ltc,153184775.0340167,0.0,8.037593186772204e-10,52
0,[],22,[],2019-05-24 14:05:05,0.0,0,0,7678769,2019-05-24 14:05:05,,10289.55991011,0.0,0,,308568058.4566013,0.0,0.0,57
0,[],27,[],2019-05-24 14:05:25,0.0,0,0,7678770,2019-05-24 14:05:25,,0.0,0.0,0,"btc,eth",0.0,0.0,0.0,57
0.0000000001234731,[],4,[],2019-05-24 14:05:27,2922863405.991031,1.2347310000000001e-18,9.84171977094e-23,7678771,2019-05-24 14:05:27,ltc,19.263870077237225,0.0,0.00000001,ltc,6016416700.223398,0.0,3.608950056142712e-09,58
1,[],12,[],2019-05-24 14:05:29,1205036948.0,0.0000000001,0.00000000000000797074,7678772,2019-05-24 14:05:29,btc,801859.3798697108,0.0,0.0000000001,btc,2155797413.762238,0.023693329186513484,0.1205036948,58
0.0000000001074868,[],22,[],2019-05-24 14:07:32,126877.0,1.074868e-18,8.56749336232e-23,7678773,2019-05-24 14:07:32,XMR,68.17454206,0.0,0.00000001,XMR,9626402.6,0.0,0.00126877,58
1,[],17,[],2019-05-03 01:12:09,1200000.0,0.0000000001,0.00000000000000548003,7559085,2019-05-03 01:12:09,btc,1e+24,0.0,0.0000000001,"btc,eth",39516342.31952568,0.0,0.00010000000058666061,58
1,[],5,[],2019-05-24 14:07:34,0.0,0,0,7678774,2019-05-24 14:07:34,btc,0.0,0.00015091,0,btc,0.0,0.0,0.0,61
1,[],22,[],2019-05-24 14:07:37,13613.833333333334,0.00000012,0.000000000009564888,7678775,2019-05-24 14:07:37,BTC,1002.29590883,0.0,0.00000012,BTC,15092.180177125656,0.0,0.00153269,61
1,[],26,[],2019-05-24 14:07:37,0.0,0.00000050,0.0000000000398537,7678776,2019-05-24 14:07:37,btc,0.0,0.0,0.00000050,btc,0.0,0.0,0.0,61
1,[],27,[],2019-05-24 14:07:44,111669.22,0.0000002,0.00000000001594148,7678777,2019-05-24 14:07:44,btc,1.9658957697246655,1118.669,0.0000002,"btc,eth",12107.41663696,0.00044747,0.002287464000314224,61
0,[],28,[],2019-05-24 14:08:09,0.0,0,0,7678778,2019-05-24 14:08:09,,0.0,699.0,0,,0.0,0.0,0.0,61
1,[],4,[],2019-05-24 14:08:10,1162587.59245171,0.00000081,0.000000000064562994,7678779,2019-05-24 14:08:10,btc,2.511025253169489,0.0,0.00000081,btc,835051.07688707,0.0606917,0.6946770997799884,67
0.0,[],25,[],2019-05-24 14:08:11,0.0,0,0,7678780,2019-05-24 14:08:11,,0.0,0.0,0.0,btc,0.0,0.0,0.0,67
1,[],12,[],2019-05-24 14:08:12,848483.0,0.00000007,0.0000000000055795180000000005,7678781,2019-05-24 14:08:12,btc,3.8116712185014974,0.0,0.00000007,btc,749167.09390608,0.0002088692007992,0.02224226,71
,[],5,[],2018-11-20 23:02:39,1.5e-07,0.00000005,0.000000000002128045,4862160,2018-11-20 23:02:39,btc,2.84511358,0.0,,btc,0.00036572,0.0,0.07381892,74
1,[],5,[],2019-05-24 14:08:14,0.0,0,0,7678782,2019-05-24 14:08:14,btc,0.0,0.03465639,0,btc,0.0,0.0,0.0,75
0,[],4,[],2019-05-24 14:08:16,0.0,0,0,7678783,2019-05-24 14:08:16,,133656.87703970782,0.0,0,,33424209.5909442,0.0,0.0,81
0,[],20,[],2019-01-25 09:30:31,0.0,0,0,6495923,2019-01-25 09:30:31,btc,0.0,0.0,0,btc,0.0,0.0,0.0,81
1,[],4,[],2019-05-24 14:08:18,26308.05318625,0.00006119,0.000000004877295806,7678784,2019-05-24 14:08:18,btc,18.798694613119896,0.0,0.00006119,btc,29449.45016959,0.00507869,0.3566718018037928,82
1,[],21,[],2019-05-24 14:08:21,60024.63050754,0.00006119999999999999680706797012,0.00000000487809288,7678785,2019-05-24 14:08:21,btc,3.72356999946275,6858.57988786,0.00006119999999999999680706797011708886202541179955005645751953125,btc,50510.84214635,0.41686477,1.5442892509285373,82
0,[],17,[],2019-03-25 22:42:34,0.0,0,0,7038780,2019-03-25 22:42:34,btc,0.0445064681804024,0.0,0,btc,995513.18476001,0.0,0.0,84
0.0000000001161485,[],4,[],2019-05-20 13:09:39,216715621.0206096,1.161485e-18,9.0533806701e-23,7657228,2019-05-20 13:09:39,ltc,1.6511566870244727,0.0,0.00000001,ltc,471032407.9048656,0.0,2.5171194308112273e-10,85
,[],22,[],2018-11-20 23:09:34,3408.1,0.0000001,0.0000000000041895,4862324,2018-11-20 23:09:34,BTC,0.04624735,0.0,,BTC,4990.0,0.0,0.00033081,86
1,[],22,[],2019-05-24 14:08:24,65156.0,0.00000001,0.000000000000797074,7678786,2019-05-24 14:08:24,BTC,1.45608405,0.0,0.00000001,BTC,314587.29736842104,0.00020843,0.00065156,87
0,[],27,[],2019-05-24 14:08:34,0.0,0,0,7678787,2019-05-24 14:08:34,,4.962152382816,0.0,0,btc,45420.49241,0.0,0.0,87
,[],2,[],2018-11-20 23:10:47,0.0,0,0,4862359,2018-11-20 23:10:47,,0.0,0.0,,,0.0,0.0,0.0,88
1,[],11,[],2019-05-24 14:08:36,74618.11932534,0.000112419999999999997686815633723966811885475181043148040771484375,0.000000008960705908,7678788,2019-05-24 14:08:36,btc,180.65102522683642,377.76746881,0.000112419999999999997686815633723966811885475181043148040771484375,btc,202237.64535452,0.0,4.692252166543385,89
0,[],2,[],2019-01-20 23:31:45,0.0,0,0,6477083,2019-01-20 23:31:45,,0.0,0.0,0,,0.0,0.0,0.0,91
1,[],12,[],2019-05-24 14:08:37,192515.49919026002,0.0000004,0.00000000003188296,7678789,2019-05-24 14:08:37,btc,86.6827075036124,0.0,0.0000004,btc,50786.21550345,0.0006443091678288,0.023761727099991102,91
1,[],22,[],2019-05-24 14:10:41,75910.55,0.0000002,0.00000000001594148,7678790,2019-05-24 14:10:41,BTC,0.495,0.0,0.0000002,"BTC,LTC",4.95,0.0,0.00165931,91
0,[],17,[],2019-05-03 01:12:26,0.0,0,0,7559096,2019-05-03 01:12:26,btc,0.0,0.0,0,btc,0.0,0.0,0.0,91
1,[],22,[],2019-04-09 20:17:52,374949.73333333334,0.00000015,0.000000000007771935,7235704,2019-04-09 20:17:52,BTC,6.87372503,0.0,0.00000015,"BTC,LTC",159980.01196797504,1.1e-05,0.80510266,95
0.0000000001234731,[],4,[],2019-05-24 14:10:43,541609780.1829063,5.0623971000000005e-17,4.0351051060854e-21,7678791,2019-05-24 14:10:43,ltc,11.368627145484663,0.0,0.00000041,ltc,150368876.78141758,0.00014948,8.811565359723486e-10,96
0,[],12,[],2019-05-24 14:10:44,0.0,0,0,7678792,2019-05-24 14:10:44,btc,10.40931611,0.0,0,btc,7388627.0,0.0,0.0,96
0,[],17,[],2019-05-03 01:12:32,0.0,0,0,7559100,2019-05-03 01:12:32,btc,0.0,0.0,0,btc,0.0,0.0,0.0,96
1,[],4,[],2019-04-14 03:32:46,1039404.33283278,0.00000038,0.000000000019245518,7293458,2019-04-14 03:32:46,btc,4.170086055365747,0.0,0.00000038,btc,3097704.34561074,0.06260606,0.1859928211030784,99
1,[],4,[],2019-05-24 14:12:45,183950.31346615,0.00002259,0.000000001800590166,7678793,2019-05-24 14:12:45,btc,7.022249603131247,0.0,0.00002259,btc,138935.71123272,0.16338303,0.597968370897106,100
0,[],2,[],2019-01-20 23:23:55,0.0,0,0,6476914,2019-01-20 23:23:55,,0.0,0.0,0,,0.0,0.0,0.0,100
1,[],22,[],2019-05-24 14:12:48,150000.0,0.00000002,0.000000000001594148,7678794,2019-05-24 14:12:48,BTC,24.83526409,0.0,0.00000002,BTC,11187.719,0.0,0.0017,101
1,[],4,[],2019-05-24 14:12:49,573730.55070242,0.00000183,0.000000000145864542,7678795,2019-05-24 14:12:49,btc,362.4757502680863,0.0,0.00000183,btc,614147.44629539,0.02553253,0.2253434114494289,103
1,[],12,[],2019-05-24 14:12:53,28122099.0,0.000000004,0.00000000000031882960000000004,7678796,2019-05-24 14:12:53,btc,552.5811570103845,0.0,0.000000004,btc,45548340.47078919,0.02996945864139849,0.052138153,105
0,[],27,[],2019-05-24 14:13:01,0.0,0,0,7678797,2019-05-24 14:13:01,,0.2585948473531397,0.0,0,btc,622853.35947933,0.0,0.0,105
1,[],22,[],2019-04-21 00:17:26,21333.0,0.00000001,0.000000000000532493,7385819,2019-04-21 00:17:26,BTC,51.38182867,0.0,0.00000001,BTC,470435.0,0.0,0.00021333,107
1,[],26,[],2019-04-21 00:17:26,0.0,0.00000000,0,7385820,2019-04-21 00:17:26,btc,0.0,0.0,0.00000000,btc,0.0,0.0,0.0,107
1,[],5,[],2019-05-24 14:13:02,0.0,0,0,7678798,2019-05-24 14:13:02,btc,0.0,0.0,0,btc,0.0,0.0,0.0,112
0,[],22,[],2019-05-24 14:13:05,0.0,0,0,7678799,2019-05-24 14:13:05,,2.79635781,0.0,0,,3274992.0833333335,0.0,0.0,112
1,[],27,[],2019-05-24 14:13:16,1.0,0.00000001,0.000000000000797074,7678800,2019-05-24 14:13:16,btc,1.15032588,0.0,0.00000001,"btc,eth",1818.0,0.0,1e-08,112
1,[],4,[],2019-05-24 14:13:16,606494.41855287,0.00000106,0.000000000084489844,7678801,2019-05-24 14:13:16,btc,5.134674055409483,0.0,0.00000106,btc,604744.24254373,0.03986572,0.3512755077603371,113
1,[],5,[],2019-05-24 14:13:18,0.0,0,0,7678802,2019-05-24 14:13:18,btc,0.0,0.0,0,btc,0.0,0.0,0.0,113
1,[],17,[],2019-04-26 02:17:47,162738.278,0.00000004,0.0000000000021069000000000002,7461287,2019-04-26 02:17:47,btc,1.3331140273775473,0.0,0.00000004,btc,51796.221,0.0,0.00230953112,116
1,[],27,[],2019-05-22 05:13:01,210000.0,0.00000001,0.00000000000079145,7666372,2019-05-22 05:13:01,btc,3919.0005001478,0.0,0.00000001,btc,128660.871,0.0,0.0021,116
1,[],4,[],2019-05-21 22:31:11,138169.03963019,0.00000701,0.000000000558364025,7664793,2019-05-21 22:31:11,btc,150.95388250938234,0.0,0.00000701,btc,344631.17141974,0.07552974,0.4288357684941946,120
1,[],7,[],2019-05-21 22:31:12,3901.07750076,0.000010679999999999999389654892212320191902108490467071533203125,0.0000000008506887,7664794,2019-05-21 22:31:12,btc,231188.94669936574,0.0,0.000010679999999999999389654892212320191902108490467071533203125,btc,4133.83151364,0.0,0.0113888422364489,120
1,[],20,[],2019-04-07 18:42:29,1914137.0852,0.000000035,0.0000000000017871910000000002,7211992,2019-04-07 18:42:29,btc,32.2497668025648,25528.85,0.000000035,btc,1001975.4986,0.00089350975,0.0152723574729,125
1,[],22,[],2019-05-24 14:13:21,10000.0,0.00000001,0.000000000000797074,7678803,2019-05-24 14:13:21,BTC,0.032061,0.0,0.00000001,BTC,299316.7611111111,0.0,0.0001,126
1,[],4,[],2019-05-24 14:13:23,1870291.94983485,0.00000555,0.00000000044237607,7678804,2019-05-24 14:13:23,btc,3.259061106676408,0.0,0.00000555,btc,178200.55858606,0.09230591,0.450297565805277,131
0,[],2,[],2019-01-20 23:25:46,0.0,0,0,6476969,2019-01-20 23:25:46,,0.0,0.0,0,,0.0,0.0,0.0,131
1,[],17,[],2019-05-03 01:13:10,10000.0,0.00000001,0.000000000000548003,7559115,2019-05-03 01:13:10,btc,0.0953976503951408,0.0,0.00000001,btc,5037.62507334,0.0,0.0001,131
1,[],4,[],2019-05-24 14:15:25,4758.26596103,0.00007917,0.000000006310434858,7678805,2019-05-24 14:15:25,btc,5.03281906892728,0.0,0.00007917,btc,202.13055914,0.00013581,0.008388795589672,135
1,[],3,[],2019-05-24 14:15:26,444944.0025,0.00000002,0.000000000001594148,7678806,2019-05-24 14:15:26,btc,0.2327222558976859,987045.907254,0.00000002,btc,1825043.86832647,0.0,0.004565470025,136
1,[],4,[],2019-05-24 14:15:28,2439605.36271269,0.00000187,0.000000000149052838,7678807,2019-05-24 14:15:28,btc,106.76590059809179,0.0,0.00000187,btc,444806.01098626,0.01512181,0.509450986569207,137
1,[],12,[],2019-05-24 14:15:29,70642.96396396,0.00000110999999999999996035831596741250137938550324179232120513916015625,0.00000000008847521399999999,7678808,2019-05-24 14:15:29,btc,57.6761292103056,0.0,0.00000110999999999999996035831596741250137938550324179232120513916015625,btc,46162.66919332,0.0029738605882949,0.0059567399999956,137
1,[],4,[],2019-05-24 14:15:30,93905.19714654,0.00001670,0.00000000133111358,7678809,2019-05-24 14:15:30,btc,10.024792940863259,0.0,0.00001670,btc,161297.47621946,0.41361392,0.9971790541916608,142
1,[],5,[],2019-05-24 14:15:31,0.0,0,0,7678810,2019-05-24 14:15:31,btc,0.0,0.00228992,0,btc,0.0,0.0,0.0,142
1,[],20,[],2019-05-24 14:17:32,219659.3502,0.000015001,0.0000000011956907074,7678811,2019-05-24 14:17:32,btc,1.6080377318084,0.02,0.000015001,btc,9788.8796,3e-07,0.0261383759003,142
1,[],22,[],2019-05-24 14:17:36,11028.645,0.00001000,0.000000000797074,7678812,2019-05-24 14:17:36,BTC,3.2754788,0.0,0.00001000,BTC,1133.9993657797618,0.0,0.00745365,142
0.0,[],25,[],2019-05-24 14:17:39,0.0,0,0,7678813,2019-05-24 14:17:39,,0.0,0.0,0.0,btc,0.0,0.0,0.0,142
0,[],28,[],2019-05-24 14:17:56,0.0,0,0,7678814,2019-05-24 14:17:56,,0.0,0.021,0,,0.0,0.0,0.0,142
1,[],17,[],2019-05-03 01:13:16,32967.38636364,0.00000088,0.000000000048224264,7559122,2019-05-03 01:13:16,btc,20.06976206696776,0.0,0.00000088,btc,2746.079105,0.0,0.0105613000000032,142
0,[],22,[],2019-05-24 14:18:00,0.0,0,0,7678815,2019-05-24 14:18:00,,65.7671051,0.0,0,,846980922.8,0.0,0.0,143
0,[],22,[],2019-02-25 15:42:22,0.0,0,0,6783783,2019-02-25 15:42:22,,4.2131946,0.0,0,,2322156.0,0.0,0.0,146
,[],22,[],2018-11-20 23:01:11,0.0,0,0,4862114,2018-11-20 23:01:11,,2.56807021,0.0,,,61828.4988236,0.0,0.0,147
1,[],12,[],2019-04-21 06:38:04,193091.5971266,0.00000071,0.000000000037635183,7388679,2019-04-21 06:38:04,btc,2.301232411611175,0.0,0.00000071,btc,9957.48302385,0.00023528,0.0313308199999888,148
1,[],4,[],2019-03-19 21:31:25,255810.0415942,0.00000029,0.000000000011615747,6982695,2019-03-19 21:31:25,btc,218.94922712414143,0.0,0.00000029,btc,793529.37642722,0.00117,0.0608347789473395,152
0,[],22,[],2019-03-19 21:31:27,0.0,0,0,6982696,2019-03-19 21:31:27,,0.0,0.0,0,,0.0,0.0,0.0,152
1,[],5,[],2019-04-26 09:36:59,0.0,0,0,7465040,2019-04-26 09:36:59,btc,0.0,0.0,0,btc,0.0,0.0,0.0,153
,[],16,[],2019-01-11 15:38:59,0.0,0,0,6366141,2019-01-11 15:38:59,btc,0.0,0.0,,btc,0.0,0.0,0.0,155
0,[],22,[],2019-05-24 14:18:03,0.0,0,0,7678816,2019-05-24 14:18:03,,6.80425924,0.0,0,,4675174.942592593,0.0,0.0,156
0,[],23,[],2019-01-20 23:24:29,0.0,0,0,6476932,2019-01-20 23:24:29,,0.0,0.0,0,,0.0,0.0,0.0,156
1,[],22,[],2019-05-24 14:18:07,7066.0,0.00000800,0.0000000006376592,7678817,2019-05-24 14:18:07,BTC,1.79802465,0.0,0.00000800,BTC,802.6461988741639,0.0,0.00062996,157
0,[],22,[],2019-05-21 23:40:32,0.0,0,0,7665049,2019-05-21 23:40:32,,50234.60468402,0.0,0,,54786159.03179465,0.0,0.0,158
,[],17,[],2018-11-20 22:56:10,0.0,0,0,4861976,2018-11-20 22:56:10,btc,1.1265625,0.0,,btc,1000.0,0.0,0.0,159
,[],20,[],2018-11-20 22:56:12,0.0,0,0,4861977,2018-11-20 22:56:12,btc,11912.7940471,0.0,,btc,34413894.3617,0.0,0.0,159
1,[],12,[],2019-05-24 02:51:20,9178.522006449999,0.00000191999999999999982841307998027158276954651228152215480804443359375,0.000000000151222656,7676256,2019-05-24 02:51:20,btc,149.80414728631675,0.0,0.00000191999999999999982841307998027158276954651228152215480804443359375,btc,1115.7451448499999,0.01783167678326,0.0120075778999181,168
1,[],17,[],2019-05-03 01:13:36,42852.0,0.00000002,0.000000000001096006,7559132,2019-05-03 01:13:36,btc,0.04279856251542,0.0,0.00000002,btc,274.46171372,0.0,0.00052852,168
1,[],22,[],2019-05-17 03:01:52,10.0,0.00000001,0.000000000000778341,7642059,2019-05-17 03:01:52,BTC,41.95893009,0.0,0.00000001,BTC,1753972.7737547632,0.0,1e-07,169
1,[],22,[],2019-05-24 14:18:10,208163.8,0.00000005,0.00000000000398537,7678818,2019-05-24 14:18:10,BTC,27.86184979,0.0,0.00000005,BTC,453085.494285045,4.4e-07,0.00241439,171
1,[],22,[],2019-05-24 14:18:14,389395.0,0.00000002,0.000000000001594148,7678819,2019-05-24 14:18:14,BTC,24.3997339,0.0,0.00000002,"BTC,LTC",1038934.9936183414,0.0,0.0054799,173
1,[],5,[],2019-05-24 14:18:16,0.0,0,0,7678820,2019-05-24 14:18:16,btc,0.0,0.01212878,0,btc,0.0,0.0,0.0,175
1,[],22,[],2019-05-24 14:18:21,90671.0,0.00000001,0.000000000000797074,7678821,2019-05-24 14:18:21,BTC,394.35459412,0.0,0.00000001,BTC,136275.61833431243,0.0,0.00090671,176
1,[],7,[],2019-05-24 14:18:22,0.0,0,0,7678822,2019-05-24 14:18:22,btc,522274.2791391546,0.0,0,btc,28605057.255866,0.0,0.0,178
0,[],22,[],2019-05-24 14:18:24,0.0,0,0,7678823,2019-05-24 14:18:24,,1.00242428,0.0,0,,57512.0,0.0,0.0,178
0,[],2,[],2019-01-20 23:28:34,0.0,0,0,6477001,2019-01-20 23:28:34,,0.0,0.0,0,,0.0,0.0,0.0,178
1,[],5,[],2019-05-24 14:18:25,0.0,0,0,7678824,2019-05-24 14:18:25,btc,0.0,0.05280901,0,btc,0.0,0.0,0.0,179
1,[],22,[],2019-05-24 14:18:28,351000.0,0.00000001,0.000000000000797074,7678825,2019-05-24 14:18:28,BTC,5.31370491,0.0,0.00000001,BTC,13346087.311946675,0.000399,0.00351,179
0,[],23,[],2019-01-20 23:25:08,0.0,0,0,6476952,2019-01-20 23:25:08,,0.0,0.0,0,,0.0,0.0,0.0,179
1,[],22,[],2019-05-24 14:20:32,654774.2982683983,0.00000022,0.000000000017535628,7678826,2019-05-24 14:20:32,BTC,39.28017844,0.0,0.00000022,"BTC,LTC",144244.15222064138,0.0071402,0.5531451,180
1,[],26,[],2019-05-24 14:20:33,0.0,0.00000010,0.00000000000797074,7678827,2019-05-24 14:20:33,btc,0.0,1750.0,0.00000010,btc,0.0,0.0,0.0,180
1,[],17,[],2019-05-03 01:13:56,20504.725000000002,0.0000001,0.00000000000548003,7559141,2019-05-03 01:13:56,btc,5.2010695838400265,0.0,0.0000001,btc,5033.45945,0.0,0.0011504725,180
,[],7,[],2018-11-20 22:58:01,562227.975654,0.00000085,0.000000000036176765,4862015,2018-11-20 22:58:01,btc,21836.6059674,2491.87645172,,btc,749999.041456,0.00211021,0.127565380455,183
,[],5,[],2019-01-10 08:11:41,0.0,0,0,6347036,2019-01-10 08:11:41,btc,82.15055501,0.00261,,btc,1.19002445,0.0,0.0,187
,[],17,[],2018-11-16 20:58:10,4062536.27273,0.00000001,0.000000000000550501,4708775,2018-11-16 20:58:10,btc,3.36492563466,0.195460381006,,"btc,eth",110697919.549,0.0,0.0157628953496,187
1,[],24,[],2019-05-22 21:04:52,0.0,0.000000000014,0.0000000000000010960978,7670219,2019-05-22 21:04:52,btc,0.0,0.0,0.000000000014,btc,0.0,0.0,0.0,187
0,[],22,[],2019-04-25 02:54:07,0.0,0,0,7447896,2019-04-25 02:54:07,,7.54794454,0.0,0,,76361.7243344055,0.0,0.0,191
0,[],22,[],2019-05-24 14:20:37,0.0,0,0,7678828,2019-05-24 14:20:37,,0.0,0.0,0,,0.0,0.0,0.0,197
0,[],23,[],2019-01-20 23:31:41,0.0,0,0,6477079,2019-01-20 23:31:41,,0.0,0.0,0,,0.0,0.0,0.0,199
0,[],22,[],2019-05-24 14:20:40,0.0,0,0,7678829,2019-05-24 14:20:40,,10.26020274,0.0,0,,87004504.0,0.0,0.0,199
1,[],26,[],2019-05-24 14:20:40,0.0,0.00000000,0,7678830,2019-05-24 14:20:40,btc,0.0,0.0,0.00000000,btc,0.0,0.0,0.0,199
0,[],2,[],2019-01-20 23:30:49,0.0,0,0,6477059,2019-01-20 23:30:49,,0.0,0.0,0,,0.0,0.0,0.0,201
1,[],4,[],2019-01-25 15:51:35,2084389.58565343,0.00000936,0.000000000333526752,6499557,2019-01-25 15:51:35,btc,2.0092503037378524,0.0,0.00000936,btc,160195.80207885,0.19272417,1.242687955921835,211
1,[],7,[],2019-05-24 14:20:45,25829527.64238199,0.0000003,0.00000000002391222,7678831,2019-05-24 14:20:45,btc,15200498.739814088,1982730.64177,0.0000003,btc,8960054.135007929,0.0,2.23933213577076,212
1,[],5,[],2019-05-24 14:20:46,0.0,0,0,7678832,2019-05-24 14:20:46,btc,0.0,0.06786473,0,btc,0.0,0.0,0.0,213
1,[],24,[],2019-05-24 14:20:46,0.0,0.000000090000,0.000000000007173666,7678833,2019-05-24 14:20:46,btc,0.0,0.0,0.000000090000,btc,0.0,0.0,0.0,213
1,[],26,[],2019-05-24 14:20:47,0.0,0.00000040,0.00000000003188296,7678834,2019-05-24 14:20:47,btc,0.0,0.0,0.00000040,btc,0.0,0.0,0.0,213
1,[],12,[],2019-01-25 02:44:32,207462.42853209,0.000001080000000000000035831255497387193287295303889550268650054931640625,0.000000000038610756000000006,6493050,2019-01-25 02:44:32,btc,85023.03793723314,0.0,0.000001080000000000000035831255497387193287295303889550268650054931640625,btc,43675.73520027,0.000146250909087,0.0348620860622024,213
0,[],22,[],2019-05-24 14:20:50,0.0,0,0,7678835,2019-05-24 14:20:50,,9.61445386,0.0,0,,3661587.094064925,0.0,0.0,216
0,[],27,[],2019-05-24 14:20:59,0.0,0,0,7678836,2019-05-24 14:20:59,,66.3979566180052,0.0,0,"btc,ltc",415200.40768,0.0,0.0,216
1,[],22,[],2019-05-24 14:21:03,261006.9,0.00000022,0.000000000017535628,7678837,2019-05-24 14:21:03,BTC,12054.79011015,0.0,0.00000022,BTC,429196.39186540945,1.05e-06,0.03099704,217
1,[],7,[],2019-05-24 14:21:04,0.0,0,0,7678838,2019-05-24 14:21:04,btc,1234863.9744444147,0.0,0,btc,162514363.92083928,0.0,0.0,219
0,[],27,[],2019-05-24 14:21:16,0.0,0,0,7678839,2019-05-24 14:21:16,,0.105466823472,0.0,0,btc,3058319.8967,0.0,0.0,219
0,[],28,[],2019-05-24 14:21:30,0.0,0,0,7678840,2019-05-24 14:21:30,,0.0,15724.0,0,,0.0,0.0,0.0,219
1,[],22,[],2019-05-23 16:41:05,172069.0,0.00000004,0.0000000000031167080000000004,7674065,2019-05-23 16:41:05,BTC,56.76466137,0.0,0.00000004,BTC,127061.6482738741,0.0,0.00393676,221
1,[],24,[],2019-05-23 16:41:05,0.0,0.000000010000,0.0000000000007791770000000001,7674066,2019-05-23 16:41:05,btc,0.0,0.0,0.000000010000,btc,0.0,0.0,0.0,221
0,[],22,[],2019-05-24 14:23:34,0.0,0,0,7678841,2019-05-24 14:23:34,,0.0,0.0,0,,0.0,0.0,0.0,224
1,[],20,[],2019-05-24 13:48:42,5054087.9812,0.000000002,0.00000000000015961600000000002,7678682,2019-05-24 13:48:42,btc,100049.80256720647,15000000.0,0.000000002,btc,38046697.7516,0.01750531979,0.0051129074812,224
1,[],26,[],2019-05-24 14:23:34,0.0,0.00000026,0.000000000020723924,7678842,2019-05-24 14:23:34,btc,0.0,0.0,0.00000026,btc,0.0,0.0,0.0,231
1,[],26,[],2019-05-24 14:23:34,0.0,0.00000006,0.000000000004782444,7678843,2019-05-24 14:23:34,btc,0.0,0.0,0.00000006,btc,0.0,0.0,0.0,234
0,[],27,[],2019-05-24 14:23:43,0.0,0,0,7678844,2019-05-24 14:23:43,,0.01134836604,0.0,0,"btc,eth",11462.996,0.0,0.0,234
1,[],4,[],2019-05-22 17:06:12,91780.56053785,0.00000078,0.000000000061977552,7669277,2019-05-22 17:06:12,btc,5.573372450018177,0.0,0.00000078,btc,729173.93529783,0.0,0.0307060663355679,236
1,[],24,[],2019-05-22 17:06:12,0.0,0.000000010000,0.000000000000794584,7669278,2019-05-22 17:06:12,btc,0.0,0.0,0.000000010000,btc,0.0,0.0,0.0,236
1,[],5,[],2019-05-24 14:23:45,0.0,0,0,7678845,2019-05-24 14:23:45,btc,0.0,0.29685608,0,btc,0.0,0.0,0.0,237
1,[],20,[],2019-05-24 14:23:47,122209828.0907,0.000000045,0.000000000003586833,7678846,2019-05-24 14:23:47,btc,58793.198182431035,15791346.532,0.000000045,btc,43071992.3159,0.7124313039742,0.5207317077348,237
1,[],22,[],2019-05-24 14:23:50,363100.0,0.00000003,0.000000000002391222,7678847,2019-05-24 14:23:50,BTC,1.20267422,0.0,0.00000003,"BTC,LTC",17930.94871794872,0.0,0.009791,237
1,[],4,[],2019-05-24 14:23:51,27147469.40610391,0.00000012,0.000000000009564888,7678848,2019-05-24 14:23:51,btc,2.937326076188742,0.0,0.00000012,btc,9939460.01563674,0.09662102,0.5870785436734043,238
1,[],5,[],2019-05-24 14:23:55,0.0,0,0,7678849,2019-05-24 14:23:55,btc,0.0,0.00410459,0,btc,0.0,0.0,0.0,238
0,[],22,[],2019-03-12 16:49:32,0.0,0,0,6914458,2019-03-12 16:49:32,,0.40415746,0.0,0,,526736.5639027493,0.0,0.0,249
0,[],22,[],2019-05-24 14:23:59,0.0,0,0,7678850,2019-05-24 14:23:59,,13.39584725,0.0,0,,40977695.3426455,0.0,0.0,252
0,[],28,[],2019-05-24 14:24:18,0.0,0,0,7678851,2019-05-24 14:24:18,,0.0,105819.57,0,,0.0,0.0,0.0,256
1,[],22,[],2019-05-24 14:24:22,1052904.0,0.00000001,0.000000000000797074,7678852,2019-05-24 14:24:22,BTC,21.85885958,0.0,0.00000001,BTC,542925.7509808998,0.0,0.01052904,258
1,[],22,[],2019-05-19 18:12:02,400.0,0.00000001,0.0000000000007957800000000001,7653905,2019-05-19 18:12:02,BTC,2.415167,0.0,0.00000001,BTC,157.0,0.0,4e-06,259
1,[],5,[],2019-05-24 14:24:24,0.0,0,0,7678853,2019-05-24 14:24:24,btc,0.0,0.00472018,0,btc,0.0,0.0,0.0,264
1,[],20,[],2019-05-24 14:24:26,903867.631,0.000000387,0.0000000000308467638,7678854,2019-05-24 14:24:26,btc,1.0223169857986,0.0,0.000000387,btc,113553.0288,0.0,0.0080390633698,264
0,[],22,[],2019-04-12 17:57:27,0.0,0,0,7278186,2019-04-12 17:57:27,,66.37522201,0.0,0,,677842.4169881374,0.0,0.0,271
0,[],22,[],2019-05-24 14:24:30,0.0,0,0,7678855,2019-05-24 14:24:30,,33050467.4724609,0.0,0,,14361462970.7,0.0,0.0,272
0,[],28,[],2019-05-24 14:24:40,0.0,0,0,7678856,2019-05-24 14:24:40,,0.0,52147603811.37,0,,0.0,0.0,0.0,272
1,[],22,[],2019-05-23 07:12:29,219930.0,0.00000004,0.000000000003048688,7671985,2019-05-23 07:12:29,BTC,426.77835217,0.0,0.00000004,BTC,248664.3325962929,0.0,0.00739728,281
1,[],22,[],2019-05-24 14:24:46,989992.6,0.00000004,0.000000000003188296,7678857,2019-05-24 14:24:46,BTC,2.649833,0.0,0.00000004,"BTC,LTC",843899.03032866,0.0020428400000345724,0.04019681,286
0,[],22,[],2019-05-24 14:24:48,0.0,0,0,7678858,2019-05-24 14:24:48,,7337899.5475411,0.0,0,,1884356788.7797825,0.0,0.0,294
