pairValue,buyBook,exchangeId,sellBook,updated,buyTotal,satoshiPrice,usdPrice,exchangeLogId,created,bestPair,sellTotalBtc,volume,pairPrice,activePairs,sellTotal,volumeBtc,buyTotalBtc,coinId
1,[],3,[],2019-02-15 01:40:26,139.208716985041,0.0127804400000000005499511956941205426119267940521240234375,0.000000460283712468,6671222,2019-02-15 01:40:26,btc,107.0644293621923,0.96346156,0.0127804400000000005499511956941205426119267940521240234375,btc,21.483710187771003,0.0,0.3884896329393444,1
1,[],4,[],2019-02-15 01:40:27,141.30080443,0.01320000,0.00000047539403999999996,6671223,2019-02-15 01:40:27,btc,0.8599723178385724,0.0,0.01320000,btc,61.6260969,1.12653375,1.7622379167746474,1
1,[],5,[],2019-02-15 01:40:29,0.27205952,0.01291979,0.000000465302360913,6671224,2019-02-15 01:40:29,btc,14578.73037946,0.88506253,0.01291979,btc,35555556.19206492,0.0,2.29662705,1
1,[],10,[],2019-02-15 01:40:32,414348.16803591,0.011,0.00000039616169999999994,6671225,2019-02-15 01:40:32,btc,6525.698985471763,1380.25605563,0.011,btc,1089.38550713,0.0,5.246872844357941,1
1,[],12,[],2019-02-15 01:40:34,10439.9221238,0.0128599999999999999034105968576113809831440448760986328125,0.000000463149042,6671226,2019-02-15 01:40:34,btc,0.2840983148039,0.0,0.0128599999999999999034105968576113809831440448760986328125,btc,14.77182467,2.4027925641665,0.2613576565441,1
1,[],20,[],2019-02-15 01:40:36,1152.1903,0.010500212,0.0000003781619851164,6671227,2019-02-15 01:40:36,btc,0.0573537536243,0.0,0.010500212,btc,2.5253,0.0,0.1009221821981,1
1,[],21,[],2019-02-15 01:40:37,2254.2014906,0.01285757000000000045691894712,0.000000463061526279,6671228,2019-02-15 01:40:37,btc,27.225333565360074,4872.34842795,0.01285757000000000045691894712263092515058815479278564453125,"btc,eth",2697.69716394,55.62458456127456,21.158783063965583,1
1,[],22,[],2019-02-15 01:40:42,0.0280576,0.01350000,0.00000048619845,6671229,2019-02-15 01:40:42,BTC,0.3139634,0.0,0.01350000,BTC,0.10070366666666666,0.0,0.00036518,1
1,[],24,[],2019-02-15 01:40:43,0.0,0.000000000000,0,6671230,2019-02-15 01:40:43,btc,0.0,0.0,0.000000000000,btc,0.0,0.0,0.0,1
0.0,[],25,[],2019-02-15 01:40:44,0.0,0,0,6671231,2019-02-15 01:40:44,btc,25.849999997737136,541.30729754,0.0,btc,1970.28322052,7.1393,0.0,1
1,[],26,[],2019-02-15 01:41:02,0.0,0,0,6671232,2019-02-15 01:41:02,,0.0,0.0,0,,0.0,0.0,0.0,1
1,[],28,[],2019-02-15 01:41:05,992.968,0.01231000,0.000000443340957,6671233,2019-02-15 01:41:05,btc,0.162839806,17934.3,0.01231000,btc,8.9,0.0,0.086870176,1
0,[],2,[],2019-01-20 23:28:45,0.0,0,0,6477011,2019-01-20 23:28:45,,0.0,0.0,0,,0.0,0.0,0.0,1
1,[],5,[],2019-02-15 01:41:06,1.838e-05,0.00000071,0.000000000025570437,6671234,2019-02-15 01:41:06,btc,0.1271207,0.00989068,0.00000071,btc,6.37e-05,0.0,0.27547064,2
0,[],22,[],2019-02-15 01:41:19,0.0,0,0,6671235,2019-02-15 01:41:19,,0.0,0.0,0,,0.0,0.0,0.0,2
1,[],5,[],2019-02-15 01:41:21,1.29e-06,0.00000017,0.000000000006122499,6671236,2019-02-15 01:41:21,btc,4.31646634,0.02810773,0.00000017,btc,2.278e-05,0.0,3.60106654,3
1,[],12,[],2019-02-15 01:41:23,12397215.58214995,0.00000017,0.000000000006122499,6671237,2019-02-15 01:41:23,btc,924229.9931884666,0.0,0.00000017,btc,7916549.3914688,0.04874967856792334,0.5358590328747248,3
0,[],28,[],2019-02-15 01:41:24,0.0,0,0,6671238,2019-02-15 01:41:24,,0.0,0.0,0,,0.0,0.0,0.0,3
0,[],2,[],2019-01-20 23:31:32,0.0,0,0,6477077,2019-01-20 23:31:32,,0.0,0.0,0,,0.0,0.0,0.0,4
1,[],4,[],2019-02-15 01:41:25,370698.91903058,0.00000034,0.000000000012244998,6671239,2019-02-15 01:41:25,btc,0.3453561111398395,0.0,0.00000034,btc,323829.14969384,0.0,0.0452380200652495,4
1,[],12,[],2019-02-14 17:26:54,1405077.5219999999,0.00000004,0.000000000001441592,6666503,2019-02-14 17:26:54,btc,11113878.38315974,0.0,0.00000004,btc,1084186.13790569,0.0004039437362635,0.02355927044,5
0,[],2,[],2019-01-20 23:31:51,0.0,0,0,6477087,2019-01-20 23:31:51,,0.0,0.0,0,,0.0,0.0,0.0,6
1,[],11,[],2019-02-15 01:41:27,2564085.5,0.00000002,0.000000000000720294,6671240,2019-02-15 01:41:27,btc,9433.275211330583,658096.333333,0.00000002,btc,39464987.81962851,0.0,0.042791405,6
1,[],3,[],2019-02-15 01:41:28,1076.337247173154,0.00014526000000000000174880943060173876801854930818080902099609375,0.000000005231495322,6671241,2019-02-15 01:41:28,btc,28.399990609446498,0.0,0.00014526000000000000174880943060173876801854930818080902099609375,btc,235.145665820227,0.0,0.03183197781773475,7
1,[],4,[],2019-02-15 01:41:29,27363.58858738,0.00023555,0.000000008483262585,6671242,2019-02-15 01:41:29,btc,2.1003162615591777,0.0,0.00023555,btc,8037.72392322,11.29925361,5.6175563344661015,7
1,[],5,[],2019-02-15 01:41:30,0.0068747,0.00021391,0.000000007703904477,6671243,2019-02-15 01:41:30,btc,2.61341246,0.651265,0.00021391,btc,0.01409409,0.0,2.12502271,7
1,[],20,[],2019-02-15 01:41:32,43516494.8418,0.000000001,0.000000000000036014699999999996,6671244,2019-02-15 01:41:32,btc,116.5827776391263,20000.0,0.000000001,btc,29035064.8892,2e-05,0.0435164948418,8
0,[],2,[],2019-01-20 23:22:42,0.0,0,0,6476876,2019-01-20 23:22:42,,0.0,0.0,0,,0.0,0.0,0.0,9
0,[],23,[],2019-01-20 23:22:48,0.0,0,0,6476878,2019-01-20 23:22:48,,0.0,0.0,0,,0.0,0.0,0.0,9
1,[],1,[],2019-02-15 01:41:34,2409393.04,0.00000181999999999999993881738720447049928452543099410831928253173828125,0.000000000065546754,6671245,2019-02-15 01:41:34,btc,1.9022215338,22082013.07,0.00000181999999999999993881738720447049928452543099410831928253173828125,btc,1024043.72,40.04167993,4.3135579497,9
1,[],4,[],2019-02-15 01:41:35,219100.38015463,0.00000182,0.000000000065546754,6671246,2019-02-15 01:41:35,btc,0.6475021970388107,0.0,0.00000182,btc,334535.07867367,1.48752923,0.3709117936703018,9
1,[],28,[],2019-02-15 01:41:37,43335.0,0.00000167,0.000000000060144549,6671247,2019-02-15 01:41:37,btc,2708.76119522,3672016.0,0.00000167,btc,11732.68,0.0,0.04320645,9
1,[],4,[],2019-02-10 09:54:02,5828483.02026053,0.00000002,0.000000000000726692,6623074,2019-02-10 09:54:02,btc,0.2014004865591215,0.0,0.00000002,btc,4198675.28035349,0.00021932,0.0653957035452106,10
0,[],2,[],2019-01-20 23:23:08,0.0,0,0,6476890,2019-01-20 23:23:08,,0.0,0.0,0,,0.0,0.0,0.0,12
1,[],4,[],2019-02-15 01:41:39,1788775.22941311,0.00000172,0.000000000061945284,6671248,2019-02-15 01:41:39,btc,2.728418540285633,0.0,0.00000172,btc,1491728.50418032,7.24623777,2.847351773837761,12
1,[],5,[],2019-02-15 01:41:40,3.105e-05,0.00000153,0.000000000055102491,6671249,2019-02-15 01:41:40,btc,0.42365927,0.78489616,0.00000153,btc,0.00013038,0.0,0.17829738,12
0.0,[],25,[],2019-02-15 01:41:41,0.0,0,0,6671250,2019-02-15 01:41:41,,0.0,0.0,0.0,btc,0.0,0.0,0.0,12
1,[],10,[],2019-02-14 21:39:58,452013.28563076,0.00000611,0.000000000219502361,6669136,2019-02-14 21:39:58,btc,666805.4430007756,8280.53556538,0.00000611,btc,724656.88246115,0.0,0.4080345061773576,13
1,[],4,[],2019-02-15 01:41:42,1330412.89891078,0.00000652,0.000000000234815844,6671251,2019-02-15 01:41:42,btc,0.9482379072335945,0.0,0.00000652,btc,133318.40604237,0.79319621,1.4778144130599986,13
1,[],21,[],2019-02-15 01:41:45,1102052.46691741,0.000006690000000000000321951666715,0.000000000240938343,6671252,2019-02-15 01:41:45,btc,8.620749906737982,2492439.6581191,0.000006690000000000000321951666715225570669645094312727451324462890625,btc,1095033.97233889,17.26864594,6.717524113644008,13
0,[],17,[],2019-02-14 23:52:13,0.0,0,0,6670480,2019-02-14 23:52:13,btc,0.0,0.0,0,btc,0.0,0.0,0.0,14
1,[],4,[],2019-02-15 01:41:46,1001287.07744813,0.00000143,0.000000000051501021,6671253,2019-02-15 01:41:46,btc,0.1530096901665876,0.0,0.00000143,btc,77410.49424669,0.02871413,0.4301747621561101,14
1,[],12,[],2019-02-15 01:41:48,85552.2231405,0.000001260000000000000006510091944689211373997750342823565006256103515625,0.000000000045378521999999996,6671254,2019-02-15 01:41:48,btc,2.776456893789513,0.0,0.000001260000000000000006510091944689211373997750342823565006256103515625,btc,30207.37033352,1.764e-05,0.009355660000005,14
1,[],26,[],2019-02-15 01:41:59,0.0,0.00000050,0.00000000001800735,6671255,2019-02-15 01:41:59,btc,0.0,0.0,0.00000050,btc,0.0,0.0,0.0,14
0,[],4,[],2019-02-15 01:42:00,0.0,0,0,6671256,2019-02-15 01:42:00,,0.0,0.0,0,,0.0,0.0,0.0,15
,[],12,[],2018-12-01 15:15:48,204241.84496,0.00000489,0.000000000202473384,5260204,2018-12-01 15:15:48,btc,49.5475654835,0.0,,btc,35763.2193806,0.0163153972027625,0.0203389899998,15
0,[],2,[],2019-01-20 23:23:38,0.0,0,0,6476906,2019-01-20 23:23:38,,0.0,0.0,0,,0.0,0.0,0.0,18
1,[],4,[],2019-02-15 01:42:04,27626.30446481,0.00001816,0.000000000654026952,6671257,2019-02-15 01:42:04,btc,2.211911393208184,0.0,0.00001816,btc,7359.65610066,0.0103347,0.1129792393620972,18
1,[],10,[],2019-02-15 01:42:07,790623.6609495,0.00001769,0.0000000006371000429999999,6671258,2019-02-15 01:42:07,btc,15.534651342856288,7931.12005423,0.00001769,btc,10380.70076343,0.0,0.3103314142989398,18
1,[],12,[],2019-02-15 01:42:09,204275.75868052,0.00001800000000000000045601543374740316494353464804589748382568359375,0.0000000006482646,6671259,2019-02-15 01:42:09,btc,22.612015797544554,0.0,0.00001800000000000000045601543374740316494353464804589748382568359375,btc,1865.92947713,0.0024082959624812,0.0334493302989038,18
0,[],17,[],2019-02-15 01:42:21,0.0,0,0,6671260,2019-02-15 01:42:21,btc,0.0,0.0,0,btc,0.0,0.0,0.0,18
0,[],2,[],2019-01-20 23:24:19,0.0,0,0,6476924,2019-01-20 23:24:19,,0.0,0.0,0,,0.0,0.0,0.0,19
1,[],3,[],2019-02-15 01:42:21,132676.12044925883,0.000026619999999999999240087034113599884221912361681461334228515625,0.000000000958711314,6671261,2019-02-15 01:42:21,btc,0.5557920841850755,25.2229796154,0.000026619999999999999240087034113599884221912361681461334228515625,btc,5750.707121982506,0.0,0.1785601881485695,19
1,[],4,[],2019-02-15 01:42:23,233439.28347904,0.00002804,0.000000001009852188,6671262,2019-02-15 01:42:23,btc,0.2780146593190068,0.0,0.00002804,btc,9002.40018497,1.52923957,2.2839646454584677,19
1,[],5,[],2019-02-15 01:42:26,0.0002027,0.00002404,0.000000000865793388,6671263,2019-02-15 01:42:26,btc,0.23821343,3.995e-05,0.00002404,btc,0.00298085,0.0,0.07509064,19
1,[],12,[],2019-02-15 01:42:28,134950.21233174,0.0000230300000000000014248324742283102750661782920360565185546875,0.0000000008294185410000001,6671264,2019-02-15 01:42:28,btc,0.029516112355662802,0.0,0.0000230300000000000014248324742283102750661782920360565185546875,btc,294.66393647,0.0,0.0326016999999722,19
0,[],27,[],2019-02-15 01:42:30,0.0,0,0,6671265,2019-02-15 01:42:30,,0.0,0.0,0,btc,0.0,0.0,0.0,19
1,[],4,[],2019-02-15 01:42:30,8105964.88270166,0.00000014,0.000000000005042058,6671266,2019-02-15 01:42:30,btc,0.7661869636079469,0.0,0.00000014,btc,1592129.81470972,0.00115096,0.2633208437753649,20
1,[],4,[],2019-02-15 01:42:31,112450141.0629021,0.00000002,0.0000000000007202939999999999,6671267,2019-02-15 01:42:31,btc,0.5583792655046984,0.0,0.00000002,btc,15821363.04231069,0.02225798,1.2868432651386823,21
1,[],12,[],2019-02-15 01:42:33,17376826.0,0.00000002,0.000000000000720294,6671268,2019-02-15 01:42:33,btc,669.7041376091021,0.0,0.00000002,btc,8561386.84915352,0.00616771994006,0.2197768,21
0,[],17,[],2019-02-15 01:42:34,0.0,0,0,6671269,2019-02-15 01:42:34,btc,0.0,0.0,0,btc,0.0,0.0,0.0,21
1,[],12,[],2019-02-15 01:42:35,2951305853.043896,0.0000000002,0.00000000000000720294,6671270,2019-02-15 01:42:35,btc,830864729352.1537,0.0,0.0000000002,btc,4246613729.2079935,0.004061636867932385,0.3409442108555898,23
0,[],27,[],2019-02-15 01:42:37,0.0,0,0,6671271,2019-02-15 01:42:37,,0.7240921565934114,0.0,0,eth,727098.85514486,0.0,0.0,23
1,[],4,[],2019-02-15 01:42:39,380647.95190758,0.00000064,0.000000000023049407999999998,6671272,2019-02-15 01:42:39,btc,0.1983066093800509,0.0,0.00000064,btc,191592.48038631,0.0,0.1915544977308909,24
1,[],22,[],2019-02-15 01:42:42,11.76,0.00000100,0.0000000000360147,6671273,2019-02-15 01:42:42,BTC,7.415e-05,0.0,0.00000100,BTC,23.919354838709676,0.0,1.176e-05,24
0.0,[],25,[],2019-02-15 01:42:44,0.0,0,0,6671274,2019-02-15 01:42:44,,0.0,0.0,0.0,btc,0.0,0.0,0.0,24
1,[],4,[],2019-02-15 01:42:45,26993739.06007203,0.00000604,0.000000000217528788,6671275,2019-02-15 01:42:45,btc,0.5225959762720269,0.0,0.00000604,btc,42258.04639797,0.07687594,0.4139250915518938,26
1,[],10,[],2019-02-15 01:42:47,736961.09396857,0.0000054,0.00000000019447938,6671276,2019-02-15 01:42:47,btc,25.935871331043685,0.0,0.0000054,btc,15824.17466294,0.0,0.2264879136744379,26
0,[],2,[],2019-01-20 23:25:56,0.0,0,0,6476976,2019-01-20 23:25:56,,0.0,0.0,0,,0.0,0.0,0.0,26
1,[],3,[],2019-02-15 01:42:48,5689817.95913569,0.00000001,0.000000000000360147,6671277,2019-02-15 01:42:48,btc,2.6998142562093017,926920.026732,0.00000001,btc,17268102.61059958,0.0,0.0568981795913569,27
1,[],5,[],2019-02-15 01:42:50,1e-08,0.00000001,0.00000000000036014699999999997,6671278,2019-02-15 01:42:50,btc,1.5983649,0.00015547,0.00000001,btc,4.345e-05,0.0,0.09881521,27
1,[],11,[],2019-02-15 01:42:52,10063976.7912115,0.00000005,0.0000000000018007349999999998,6671279,2019-02-15 01:42:52,btc,370.6338154222541,8080.0,0.00000005,btc,8170841.5693934,0.0,0.4660996184459823,27
1,[],4,[],2019-02-15 01:42:53,613404291.5214325,0.00000002,0.0000000000007202939999999999,6671280,2019-02-15 01:42:53,btc,0.29797421396673135,0.0,0.00000002,"btc,ltc",23082543.37779906,0.24607162,8.645252030979185,29
1,[],7,[],2019-02-15 01:43:05,28994923.22404746,0.00000002,0.000000000000720294,6671281,2019-02-15 01:43:05,btc,44465226.10141032,75224.2470436,0.00000002,btc,55559193.57204453,0.00154333,0.4250735280447115,29
0,[],17,[],2019-02-15 00:05:26,0.0,0,0,6670698,2019-02-15 00:05:26,btc,0.0,0.0,0,btc,0.0,0.0,0.0,30
1,[],4,[],2019-02-15 01:43:06,1497183.50631245,0.00000027,0.000000000009723969,6671282,2019-02-15 01:43:06,btc,0.1565111620259277,0.0,0.00000027,btc,364308.70263032,0.0127851,0.1114641217742453,30
1,[],4,[],2019-02-15 01:43:07,35950.26981952,0.00007435,0.000000002677692945,6671283,2019-02-15 01:43:07,btc,1.7592389523323229,0.0,0.00007435,btc,21908.71873365,1.60132933,2.2766578656791623,31
1,[],21,[],2019-02-15 01:43:08,53304.19014542,0.00007509999999999999586042936928,0.0000000027047039699999997,6671284,2019-02-15 01:43:08,btc,3.2745706837126534,131439.10456755,0.000075099999999999995860429369276545230604824610054492950439453125,btc,40331.32580058,9.61435125,3.7289386252633734,31
0,[],2,[],2019-01-20 23:28:43,0.0,0,0,6477009,2019-01-20 23:28:43,,0.0,0.0,0,,0.0,0.0,0.0,32
1,[],4,[],2019-02-15 01:43:09,147073685.88985902,0.00000005,0.000000000001800735,6671285,2019-02-15 01:43:09,btc,2.193777551850057,0.0,0.00000005,"btc,ltc",46165073.96144517,0.70388662,2.5949588739971654,33
1,[],12,[],2019-02-15 01:43:10,12134516.0,0.00000005,0.0000000000018007349999999998,6671286,2019-02-15 01:43:10,btc,34509919.11918196,0.0,0.00000005,btc,89082640.0889109,0.0018320698301708,0.37099183,33
1,[],4,[],2019-02-15 01:43:11,134566518.37513936,0.00000001,0.00000000000036014699999999997,6671287,2019-02-15 01:43:11,btc,1.0402712026403031,0.0,0.00000001,btc,41639911.23332942,0.00768599,1.3456651837513935,34
1,[],5,[],2019-02-15 01:43:13,1e-08,0.00000001,0.00000000000036014699999999997,6671288,2019-02-15 01:43:13,btc,5.07970883,0.00254099,0.00000001,btc,1.343e-05,0.0,0.85476575,34
0.0000000001154617,[],4,[],2019-02-15 01:43:14,1060942158.7767,2.309234e-18,8.31663697398e-23,6671289,2019-02-15 01:43:14,ltc,1.151370466175587e-08,0.0,0.00000002,ltc,2335683707.1545897,0.0,1.8239567539327148e-09,36
1,[],5,[],2019-02-15 01:43:15,0.0,0,0,6671290,2019-02-15 01:43:15,btc,197.5385629,0.0,0,btc,1.325e-05,0.0,0.0,36
0,[],17,[],2019-02-15 01:43:17,0.0,0,0,6671291,2019-02-15 01:43:17,btc,0.141558098703499,0.0,0,btc,10796613.27743647,0.0,0.0,36
0,[],27,[],2019-02-15 01:43:19,0.0,0,0,6671292,2019-02-15 01:43:19,,230.02189618271,48.0,0,"ltc,eth",3708919.3029,8.0804728848e-14,0.0,36
1,[],4,[],2019-02-15 01:43:20,277784.81362403,0.00000107,0.000000000038535729,6671293,2019-02-15 01:43:20,btc,0.4136240392149887,0.0,0.00000107,btc,247049.29908091,0.03584122,0.1487472113246033,37
1,[],12,[],2019-02-15 01:43:21,436280.76401597,0.00000119999999999999994569773419106351042273672646842896938323974609375,0.000000000043217639999999995,6671294,2019-02-15 01:43:21,btc,1364.0431142585212,0.0,0.00000119999999999999994569773419106351042273672646842896938323974609375,btc,687069.14788338,0.1526298604774301,0.2084753600000207,37
1,[],17,[],2019-02-15 01:43:34,1752.74075282,0.00000025,0.000000000009003675,6671295,2019-02-15 01:43:34,btc,0.055484923777095005,0.0,0.00000025,btc,1319.19918473,0.0,0.00043818518820499993,37
1,[],27,[],2019-02-15 01:43:35,16052.0,0.00000052,0.000000000018727644,6671296,2019-02-15 01:43:35,btc,26.73595537911233,0.0,0.00000052,btc,6579.81438508,0.0,0.00550422,37
1,[],5,[],2019-02-15 01:43:36,1.571e-05,0.00000097,0.000000000034934259,6671297,2019-02-15 01:43:36,btc,0.0966497,0.11392857,0.00000097,btc,0.00010528,0.0,0.0513911,42
1,[],12,[],2019-02-15 01:43:38,125713.40229885001,0.00000089,0.000000000032053083,6671298,2019-02-15 01:43:38,btc,92.91257710541721,0.0,0.00000089,btc,93272.75753696,0.00831070691375,0.0436401364367814,42
0,[],27,[],2019-02-15 01:43:40,0.0,0,0,6671299,2019-02-15 01:43:40,,0.00315028,0.0,0,"btc,eth",11.007,0.0,0.0,42
1,[],5,[],2019-02-15 01:43:42,3e-08,0.00000002,0.0000000000007202939999999999,6671300,2019-02-15 01:43:42,btc,6.16328141,0.0502192,0.00000002,btc,1.375e-05,0.0,0.5744076,43
1,[],12,[],2019-02-15 01:43:43,3873669.0,0.00000001,0.000000000000360147,6671301,2019-02-15 01:43:43,btc,20007457.49271515,0.0,0.00000001,btc,38975758.46593403,5.0349650352e-06,0.038736690000000004,43
0,[],17,[],2019-02-15 00:55:41,0.0,0,0,6671101,2019-02-15 00:55:41,btc,0.0,0.0,0,btc,0.0,0.0,0.0,43
1,[],12,[],2019-02-15 01:43:55,704178.0,0.00000005,0.0000000000018007349999999998,6671302,2019-02-15 01:43:55,btc,11115166.86189245,0.0,0.00000005,btc,1000898.14385612,0.0039391369930068,0.01845145,44
1,[],4,[],2019-02-15 01:43:57,225345901.45256406,0.00000002,0.0000000000007202939999999999,6671303,2019-02-15 01:43:57,btc,0.17703390607282735,0.0,0.00000002,"btc,ltc",4432601.13877993,0.00299403,0.43084514503075944,49
0.0000000001154617,[],4,[],2019-02-15 01:43:58,1700458651.6184578,1.154617e-18,4.15831848699e-23,6671304,2019-02-15 01:43:58,ltc,4.645173508565593,0.0,0.00000001,ltc,3768491458.9474792,0.0,1.963378466955749e-09,52
0,[],22,[],2019-02-15 01:44:01,0.0,0,0,6671305,2019-02-15 01:44:01,,8108.82526305,0.0,0,,262741443.67882353,0.0,0.0,57
0,[],27,[],2019-02-15 01:44:03,0.0,0,0,6671306,2019-02-15 01:44:03,,0.0,0.0,0,"btc,eth",0.0,0.0,0.0,57
0.0000000001154617,[],4,[],2019-02-15 01:44:04,1143858999.174188,4.618468e-18,1.663327394796e-22,6671307,2019-02-15 01:44:04,ltc,3.2722090018119965,0.0,0.00000004,ltc,799377028.4358559,0.005,3.2959214200005063e-09,58
1,[],12,[],2019-02-15 01:44:06,1882870252.843957,0.0000000005,0.00000000000001800735,6671308,2019-02-15 01:44:06,btc,724045490499.4843,0.0,0.0000000005,btc,3702149294.1821227,0.002292507721778228,0.6564930195011391,58
0,[],17,[],2019-02-15 01:44:08,0.0,0,0,6671309,2019-02-15 01:44:08,btc,1e+24,0.0,0,btc,41481695.95832568,0.0,0.0,58
0.00000000012853770000000002,[],22,[],2019-02-15 01:44:12,137438.0,1.2853770000000002e-18,4.62924670419e-23,6671310,2019-02-15 01:44:12,XMR,69.8835922,0.0,0.00000001,XMR,9887963.0,0.0,0.00137438,58
1,[],5,[],2019-02-15 01:44:13,7.18e-06,0.00000073,0.000000000026290731,6671311,2019-02-15 01:44:13,btc,0.17648789,0.12470526,0.00000073,btc,6.843e-05,0.0,0.17995156,61
1,[],22,[],2019-02-15 01:44:24,5149.5,0.00000011,0.000000000003961617,6671312,2019-02-15 01:44:24,BTC,1002.29598212,0.0,0.00000011,BTC,14957.700278135757,0.0,0.00051596,61
1,[],26,[],2019-02-15 01:44:24,0.0,0.00000800,0.0000000002881176,6671313,2019-02-15 01:44:24,btc,0.0,0.0,0.00000800,btc,0.0,0.0,0.0,61
1,[],27,[],2019-02-15 01:44:27,10403.8823,0.00000034,0.000000000012244998,6671314,2019-02-15 01:44:27,btc,9.940816276931693,600.57125583,0.00000034,"btc,eth",15657.09679279,2.4012783884928e-11,0.0006378899836917278,61
1,[],28,[],2019-02-15 01:44:29,19894.304,0.00000091,0.000000000032773377,6671315,2019-02-15 01:44:29,btc,2.056365493700105,817.89,0.00000091,btc,9767.52450005,0.0,0.00993521304,61
1,[],4,[],2019-02-15 01:44:31,429336.30017367,0.00000270,0.00000000009723969,6671316,2019-02-15 01:44:31,btc,1.200582721213451,0.0,0.00000270,btc,293252.95715981,0.15567766,0.76586909133984,67
0.0,[],25,[],2019-02-15 01:44:33,0.0,0,0,6671317,2019-02-15 01:44:33,,0.0,0.0,0.0,btc,0.0,0.0,0.0,67
1,[],12,[],2019-02-15 01:44:34,3866019.8042644,0.00000018,0.000000000006482646,6671318,2019-02-15 01:44:34,btc,11115996.480362142,0.0,0.00000018,btc,1973141.73212851,0.0042788557764012,0.1856869664411105,71
,[],5,[],2018-11-20 23:02:39,1.5e-07,0.00000005,0.000000000002128045,4862160,2018-11-20 23:02:39,btc,2.84511358,0.0,,btc,0.00036572,0.0,0.07381892,74
1,[],5,[],2019-02-15 01:44:35,3.049e-05,0.00000156,0.000000000056182932,6671319,2019-02-15 01:44:35,btc,1.5424315,0.0,0.00000156,btc,0.00016981,0.0,0.30484564,75
0,[],20,[],2019-01-25 09:30:31,0.0,0,0,6495923,2019-01-25 09:30:31,btc,0.0,0.0,0,btc,0.0,0.0,0.0,81
1,[],4,[],2019-02-15 01:44:36,29738604.75692337,0.00000001,0.00000000000036014699999999997,6671320,2019-02-15 01:44:36,btc,0.7668881456247842,0.0,0.00000001,btc,14615939.68425178,0.0,0.2973860475692337,81
1,[],4,[],2019-02-15 01:44:39,23926.52754111,0.00007697,0.000000002772051459,6671321,2019-02-15 01:44:39,btc,1.33643126989231,0.0,0.00007697,btc,11446.42006369,0.02409216,0.0998169995336133,82
1,[],21,[],2019-02-15 01:44:39,138723.19535499,0.00007514999999999999707577663655,0.000000002706504705,6671322,2019-02-15 01:44:39,btc,2.955365797867473,21908.60868682,0.000075149999999999997075776636545896280949818901717662811279296875,btc,32878.0387364,1.68357115,2.5123917542164858,82
0,[],17,[],2019-02-15 01:44:51,0.0,0,0,6671323,2019-02-15 01:44:51,btc,0.0447233088476774,0.0,0,btc,999127.19588126,0.0,0.0,84
0.0000000001154617,[],4,[],2019-02-15 01:44:52,154173770.4368578,8.082319e-18,2.910822940893e-22,6671324,2019-02-15 01:44:52,ltc,0.19569063268925924,0.0,0.00000007,ltc,104330765.39226724,0.0,7.06531379431336e-10,85
,[],22,[],2018-11-20 23:09:34,3408.1,0.0000001,0.0000000000041895,4862324,2018-11-20 23:09:34,BTC,0.04624735,0.0,,BTC,4990.0,0.0,0.00033081,86
0,[],22,[],2019-02-15 01:44:55,0.0,0,0,6671325,2019-02-15 01:44:55,,2.0760781,0.0,0,,140622.94736842104,0.0,0.0,87
0,[],27,[],2019-02-15 01:44:57,0.0,0,0,6671326,2019-02-15 01:44:57,,0.0,0.0,0,btc,0.0,0.0,0.0,87
,[],2,[],2018-11-20 23:10:47,0.0,0,0,4862359,2018-11-20 23:10:47,,0.0,0.0,,,0.0,0.0,0.0,88
1,[],11,[],2019-02-15 01:44:59,96957.38176409,0.00014715999999999999372189696256185698075569234788417816162109375,0.000000005299923251999999,6671327,2019-02-15 01:44:59,btc,609.4624646872836,87.06560587,0.00014715999999999999372189696256185698075569234788417816162109375,btc,91268.22347686,0.0,6.574022323201951,89
0,[],2,[],2019-01-20 23:31:45,0.0,0,0,6477083,2019-01-20 23:31:45,,0.0,0.0,0,,0.0,0.0,0.0,91
0,[],17,[],2019-02-15 00:07:08,0.0,0,0,6670740,2019-02-15 00:07:08,btc,0.0,0.0,0,btc,0.0,0.0,0.0,91
1,[],12,[],2019-02-15 01:45:00,437808.38486791,0.00000206000000000000018206681821897330308956952649168670177459716796875,0.000000000074190282,6671328,2019-02-15 01:45:00,btc,4.198931238271537,0.0,0.00000206000000000000018206681821897330308956952649168670177459716796875,btc,46227.65813847,0.0056351710033971,0.0615321218000052,91
0.0000000001154617,[],22,[],2019-02-15 01:45:06,4525000.0,4.618468e-18,1.663327394796e-22,6671329,2019-02-15 01:45:06,LTC,8.12129807,0.0,0.00000004,LTC,66745238.1,6.5813169e-16,0.14575,95
0.0000000001154617,[],4,[],2019-02-15 01:45:07,138139612.11587644,9.4678594e-17,3.4098211593318e-21,6671330,2019-02-15 01:45:07,ltc,0.5988937994021962,0.0,0.00000082,ltc,35571028.53230512,0.0021,1.249736403674226e-09,96
1,[],12,[],2019-02-15 01:45:07,518219.0,0.00000001,0.000000000000360147,6671331,2019-02-15 01:45:07,btc,255061.99737593989,0.0,0.00000001,btc,8743218.54676297,0.00054143,0.00518219,96
0,[],17,[],2019-02-15 01:45:09,0.0,0,0,6671332,2019-02-15 01:45:09,btc,0.0,0.0,0,btc,0.0,0.0,0.0,96
1,[],4,[],2019-02-15 01:45:10,1736438.36089942,0.00000034,0.000000000012244998,6671333,2019-02-15 01:45:10,btc,0.2892598005348245,0.0,0.00000034,btc,563470.45464625,0.04333679,0.2007868656141239,99
0,[],2,[],2019-01-20 23:23:55,0.0,0,0,6476914,2019-01-20 23:23:55,,0.0,0.0,0,,0.0,0.0,0.0,100
1,[],4,[],2019-02-15 01:45:11,201375.69879665,0.00003989,0.0000000014366263829999999,6671334,2019-02-15 01:45:11,btc,1.1848081425178785,0.0,0.00003989,btc,25687.78614984,0.77333861,1.4301258666493581,100
1,[],22,[],2019-02-15 01:45:16,50000.0,0.00000001,0.00000000000036014699999999997,6671335,2019-02-15 01:45:16,BTC,23.49896609,0.0,0.00000001,BTC,10277.22,0.0,0.0005,101
1,[],4,[],2019-02-15 01:45:16,318860.96963664,0.00000106,0.000000000038175582,6671336,2019-02-15 01:45:16,btc,0.3960958610949632,0.0,0.00000106,btc,142307.26778021,0.02415915,0.1607681490059757,103
1,[],12,[],2019-02-15 01:45:19,49554310.3833887,0.000000017,0.0000000000006122499,6671337,2019-02-15 01:45:19,btc,137278864.516181,0.0,0.000000017,btc,121794896.52514172,0.05332809841712908,0.2605530560512192,105
1,[],27,[],2019-02-15 01:45:21,4009342.89,0.00000001,0.00000000000036014699999999997,6671338,2019-02-15 01:45:21,btc,0.3614577513692299,0.0,0.00000001,btc,323444.42860553,0.0,0.0400934289,105
0,[],22,[],2019-02-15 01:45:23,0.0,0,0,6671339,2019-02-15 01:45:23,,51.10825004,0.0,0,,468935.0,0.0,0.0,107
1,[],26,[],2019-02-15 01:45:24,0.0,0.00000000,0,6671340,2019-02-15 01:45:24,btc,0.0,0.0,0.00000000,btc,0.0,0.0,0.0,107
1,[],5,[],2019-02-15 01:45:25,1e-08,0.00000001,0.00000000000036014699999999997,6671341,2019-02-15 01:45:25,btc,2.89210887,0.00188837,0.00000001,btc,1.571e-05,0.0,0.08590175,112
1,[],22,[],2019-02-15 01:45:28,167093.0,0.00000001,0.00000000000036014699999999997,6671342,2019-02-15 01:45:28,BTC,2.81183288,0.0,0.00000001,BTC,808524.0833333334,0.0,0.00167093,112
0,[],27,[],2019-02-15 01:45:31,0.0,0,0,6671343,2019-02-15 01:45:31,,1.35132491849924,0.0,0,"btc,eth",1328.641654,0.0,0.0,112
1,[],4,[],2019-02-15 01:45:32,448792.66715408,0.00000318,0.000000000114526746,6671344,2019-02-15 01:45:32,btc,0.2485273055885063,0.0,0.00000318,btc,58641.90936236,0.10088487,0.2032080659624948,113
1,[],5,[],2019-02-15 01:45:34,1.551e-05,0.00000320,0.00000000011524704,6671345,2019-02-15 01:45:34,btc,0.8830264,0.00074537,0.00000320,btc,0.00151062,0.0,0.21473761,113
1,[],17,[],2019-02-14 22:53:57,152738.278,0.00000004,0.000000000001436764,6670179,2019-02-14 22:53:57,btc,1.3368030274621543,0.0,0.00000004,btc,51896.221,0.0,0.0022095311199999998,116
0,[],27,[],2019-02-15 01:45:36,0.0,0,0,6671346,2019-02-15 01:45:36,,0.0,0.0,0,btc,0.0,0.0,0.0,116
1,[],4,[],2019-02-15 01:45:38,24867.4745777,0.00002983,0.000000001074318501,6671347,2019-02-15 01:45:38,btc,0.6509859235191764,0.0,0.00002983,btc,18783.82894105,5.18075403,0.6306181267867123,120
1,[],7,[],2019-02-15 01:45:41,18506.64108577,0.00003026000000000000165882065028544189999593072570860385894775390625,0.000000001089804822,6671348,2019-02-15 01:45:41,btc,115647.29378777594,190.01469852,0.00003026000000000000165882065028544189999593072570860385894775390625,btc,29544.38626924,0.00615504,0.0828241287265808,120
1,[],20,[],2019-02-15 01:45:45,1093445.8166,0.000000014,0.0000000000005042058,6671349,2019-02-15 01:45:45,btc,33.8691165036599,0.0,0.000000014,btc,1150552.4764,0.0,0.0052654043171,125
1,[],22,[],2019-02-15 01:45:55,3053.0,0.00000001,0.00000000000036014699999999997,6671350,2019-02-15 01:45:55,BTC,0.01444889,0.0,0.00000001,BTC,296264.5111111111,0.0,3.053e-05,126
0,[],2,[],2019-01-20 23:25:46,0.0,0,0,6476969,2019-01-20 23:25:46,,0.0,0.0,0,,0.0,0.0,0.0,131
1,[],4,[],2019-02-15 01:45:56,136117.50056596,0.00001729,0.000000000622694163,6671351,2019-02-15 01:45:56,btc,0.982935359040407,0.0,0.00001729,btc,38449.81823713,0.80619842,0.8891405902293936,131
0,[],17,[],2019-02-15 01:46:08,0.0,0,0,6671352,2019-02-15 01:46:08,btc,0.0009561751951600001,0.0,0,btc,35.42829368,0.0,0.0,131
1,[],4,[],2019-02-15 01:46:08,4623.16947162,0.00016142,0.000000005813492874,6671353,2019-02-15 01:46:08,btc,1.6422150115884027,0.0,0.00016142,btc,308.40189166,0.0,0.0089834542337499,135
1,[],3,[],2019-02-15 01:46:10,1846054.08667078,0.00000007,0.000000000002521029,6671354,2019-02-15 01:46:10,btc,0.12075898942602699,57741.4532222,0.00000007,btc,420279.66366187,0.0,0.0694029151137003,136
1,[],4,[],2019-02-15 01:46:11,46580.78352279,0.00000174,0.000000000062665578,6671355,2019-02-15 01:46:11,btc,0.047611674966789,0.0,0.00000174,btc,23669.7773258,0.09958086,0.0477467908614311,137
1,[],12,[],2019-02-15 01:46:12,296753.78434198,0.000001769999999999999994019540816569957542014890350401401519775390625,0.000000000063746019,6671356,2019-02-15 01:46:12,btc,11982.94812062192,0.0,0.000001769999999999999994019540816569957542014890350401401519775390625,btc,159168.07304899,0.0399390435278719,0.0274278602397382,137
1,[],20,[],2019-02-15 01:46:19,134029.6378,0.000032817,0.0000000011818944099,6671360,2019-02-15 01:46:19,btc,0.4393648468046,170.6263,0.000032817,btc,4305.1639,0.007799350191,0.2563493857709,142
1,[],22,[],2019-02-15 01:46:24,1610.354305200341,0.00003220,0.00000000115967334,6671361,2019-02-15 01:46:24,BTC,3.00917232,0.0,0.00003220,BTC,917.9383601288407,1.322e-05,0.0019657,142
0.0,[],25,[],2019-02-15 01:46:26,0.0,0,0,6671362,2019-02-15 01:46:26,,0.0,0.0,0.0,btc,0.0,0.0,0.0,142
1,[],28,[],2019-02-15 01:46:28,77743.0,0.00004500,0.0000000016206615,6671363,2019-02-15 01:46:28,btc,0.057261322,650.0,0.00004500,btc,356.4989,0.0,0.0519372,142
1,[],4,[],2019-02-15 01:46:13,1228931.50328094,0.00004704,0.000000001694131488,6671357,2019-02-15 01:46:13,btc,0.5056468513111538,0.0,0.00004704,btc,9363.85802788,0.40757853,0.6788958292695586,142
1,[],5,[],2019-02-15 01:46:15,0.00130109,0.00004534,0.000000001632906498,6671358,2019-02-15 01:46:15,btc,1.08794764,0.60239487,0.00004534,btc,0.00300267,0.0,0.87148385,142
1,[],17,[],2019-02-15 01:46:17,22967.386363640002,0.00000088,0.000000000031692936,6671359,2019-02-15 01:46:17,btc,20.069913352595485,0.0,0.00000088,btc,2746.079105,0.0,0.0104613000000032,142
0,[],22,[],2019-02-15 01:46:31,0.0,0,0,6671364,2019-02-15 01:46:31,,67.4285069,0.0,0,,834770972.3,0.0,0.0,143
1,[],21,[],2019-02-15 01:46:32,37491973.64153567,0.00000028,0.000000000010084116,6671365,2019-02-15 01:46:32,btc,39.90442978287252,3299919.48228883,0.00000028,btc,77517323.6033326,0.93741011,6.0618260679670195,145
0,[],22,[],2019-02-15 01:46:35,0.0,0,0,6671366,2019-02-15 01:46:35,,4.24982284,0.0,0,,1814156.0,0.0,0.0,146
,[],22,[],2018-11-20 23:01:11,0.0,0,0,4862114,2018-11-20 23:01:11,,2.56807021,0.0,,,61828.4988236,0.0,0.0,147
1,[],12,[],2019-02-15 01:46:37,8679029.01808868,0.00000302999999999999978877139594768408414893201552331447601318359375,0.00000000010912454099999999,6671367,2019-02-15 01:46:37,btc,16.58417539532536,0.0,0.00000302999999999999978877139594768408414893201552331447601318359375,btc,122519.66449333,0.0004569846,0.1086121453999933,148
1,[],4,[],2019-02-15 01:46:38,269722.443011,0.00000029,0.000000000010444263,6671368,2019-02-15 01:46:38,btc,0.7785159823072849,0.0,0.00000029,btc,591310.33703653,0.00161398,0.0635157791437763,152
0,[],22,[],2019-02-15 01:46:41,0.0,0,0,6671369,2019-02-15 01:46:41,,0.0,0.0,0,,0.0,0.0,0.0,152
1,[],5,[],2019-02-15 01:46:42,0.0,0,0,6671370,2019-02-15 01:46:42,btc,10.61570492,0.0,0,btc,0.00092785,0.0,0.0,153
,[],16,[],2019-01-11 15:38:59,0.0,0,0,6366141,2019-01-11 15:38:59,btc,0.0,0.0,,btc,0.0,0.0,0.0,155
0,[],22,[],2019-02-15 01:46:45,0.0,0,0,6671371,2019-02-15 01:46:45,,6.74608761,0.0,0,,4644402.242592593,0.0,0.0,156
0,[],23,[],2019-01-20 23:24:29,0.0,0,0,6476932,2019-01-20 23:24:29,,0.0,0.0,0,,0.0,0.0,0.0,156
1,[],22,[],2019-02-15 01:46:49,7063.8,0.00005300,0.0000000019087791,6671372,2019-02-15 01:46:49,BTC,43.78801181,0.0,0.00005300,BTC,1067.5805334758436,0.0,0.00104326,157
0,[],22,[],2019-02-15 01:46:53,0.0,0,0,6671373,2019-02-15 01:46:53,,50175.67558609,0.0,0,,54029136.04179466,0.0,0.0,158
,[],17,[],2018-11-20 22:56:10,0.0,0,0,4861976,2018-11-20 22:56:10,btc,1.1265625,0.0,,btc,1000.0,0.0,0.0,159
,[],20,[],2018-11-20 22:56:12,0.0,0,0,4861977,2018-11-20 22:56:12,btc,11912.7940471,0.0,,btc,34413894.3617,0.0,0.0,159
1,[],12,[],2019-02-15 01:46:56,178735.72934201,0.00000770000000000000081623076353398715809817076660692691802978515625,0.00000000027731319000000004,6671374,2019-02-15 01:46:56,btc,6.661905818891195,0.0,0.00000770000000000000081623076353398715809817076660692691802978515625,btc,14831.956970340001,0.0014758594,0.0839357896999788,168
1,[],17,[],2019-02-15 01:46:57,29784.95,0.000001,0.0000000000360147,6671375,2019-02-15 01:46:57,btc,0.03026736251542,0.0,0.000001,btc,144.46171372,0.0,0.00716147,168
0,[],22,[],2019-02-15 01:47:00,0.0,0,0,6671376,2019-02-15 01:47:00,,1.14776715,0.0,0,,721548.0900917595,0.0,0.0,169
1,[],22,[],2019-02-15 01:47:04,236276.0,0.00000011,0.000000000003961617,6671377,2019-02-15 01:47:04,BTC,11.32641449,0.0,0.00000011,BTC,122417.33368472014,0.00095976,0.02144036,171
1,[],22,[],2019-02-15 01:47:08,218916.0,0.00000017,0.000000000006122499,6671378,2019-02-15 01:47:08,BTC,2.65094263,0.0,0.00000017,BTC,248846.574080494,0.0,0.01634888,173
1,[],5,[],2019-02-15 01:47:09,2.526e-05,0.00000190,0.00000000006842793,6671379,2019-02-15 01:47:09,btc,0.25885624,0.00224332,0.00000190,btc,0.00025662,0.0,0.24041222,175
1,[],22,[],2019-02-15 01:47:13,37015.0,0.00000042,0.000000000015126174,6671380,2019-02-15 01:47:13,BTC,0.58252807,0.0,0.00000042,BTC,175393.47031396697,0.02654293,0.00995175,176
1,[],7,[],2019-02-15 01:47:14,0.0,0,0,6671381,2019-02-15 01:47:14,btc,410973.9169089935,0.0,0,btc,115465110.28145695,0.0,0.0,178
0,[],22,[],2019-02-15 01:47:17,0.0,0,0,6671382,2019-02-15 01:47:17,,1.00242428,0.0,0,,57512.0,0.0,0.0,178
0,[],2,[],2019-01-20 23:28:34,0.0,0,0,6477001,2019-01-20 23:28:34,,0.0,0.0,0,,0.0,0.0,0.0,178
1,[],5,[],2019-02-15 01:47:18,6e-08,0.00000003,0.000000000001080441,6671383,2019-02-15 01:47:18,btc,30.20189405,0.42215566,0.00000003,btc,2.285e-05,0.0,0.74702393,179
1,[],22,[],2019-02-15 01:47:22,8148785.0,0.00000002,0.0000000000007202939999999999,6671384,2019-02-15 01:47:22,BTC,5.48629708,0.0,0.00000002,"BTC,LTC",17843614.676989965,0.00073976,0.39023554,179
0,[],23,[],2019-01-20 23:25:08,0.0,0,0,6476952,2019-01-20 23:25:08,,0.0,0.0,0,,0.0,0.0,0.0,179
1,[],22,[],2019-02-15 01:47:27,129206.04571428572,0.00000175,0.000000000063025725,6671385,2019-02-15 01:47:27,BTC,0.11457795,0.0,0.00000175,"BTC,LTC",17858.14408962485,0.0,0.00160657,180
1,[],26,[],2019-02-15 01:47:27,0.0,0.00000300,0.0000000001080441,6671386,2019-02-15 01:47:27,btc,0.0,766.00139996,0.00000300,btc,0.0,0.0,0.0,180
1,[],17,[],2019-02-15 00:50:41,10504.725,0.0000001,0.0000000000035992399999999995,6670987,2019-02-15 00:50:41,btc,5.201913593507951,0.0,0.0000001,btc,5427.1328087,0.0,0.0010504725,180
,[],7,[],2018-11-20 22:58:01,562227.975654,0.00000085,0.000000000036176765,4862015,2018-11-20 22:58:01,btc,21836.6059674,2491.87645172,,btc,749999.041456,0.00211021,0.127565380455,183
1,[],24,[],2019-02-15 01:47:27,0.0,0.000000000001,3.6014699999999997e-17,6671387,2019-02-15 01:47:27,btc,0.0,0.0,0.000000000001,btc,0.0,0.0,0.0,187
,[],5,[],2019-01-10 08:11:41,0.0,0,0,6347036,2019-01-10 08:11:41,btc,82.15055501,0.00261,,btc,1.19002445,0.0,0.0,187
,[],17,[],2018-11-16 20:58:10,4062536.27273,0.00000001,0.000000000000550501,4708775,2018-11-16 20:58:10,btc,3.36492563466,0.195460381006,,"btc,eth",110697919.549,0.0,0.0157628953496,187
0,[],22,[],2019-02-15 01:47:31,0.0,0,0,6671388,2019-02-15 01:47:31,,1.19377283,0.0,0,,16434.10286773884,0.0,0.0,191
0,[],22,[],2019-02-15 01:47:36,0.0,0,0,6671389,2019-02-15 01:47:36,,0.0,0.0,0,,0.0,0.0,0.0,197
0,[],23,[],2019-01-20 23:31:41,0.0,0,0,6477079,2019-01-20 23:31:41,,0.0,0.0,0,,0.0,0.0,0.0,199
0,[],22,[],2019-02-15 01:47:39,0.0,0,0,6671390,2019-02-15 01:47:39,,5.15195517,0.0,0,,19804684.0,0.0,0.0,199
1,[],26,[],2019-02-15 01:47:40,0.0,0.00000000,0,6671391,2019-02-15 01:47:40,btc,0.0,763503.0,0.00000000,btc,0.0,0.0,0.0,199
0,[],17,[],2019-01-30 16:32:01,0.0,0,0,6540827,2019-01-30 16:32:01,btc,6.802544163788159,0.0,0,btc,105897.55575295,0.0,0.0,200
0,[],2,[],2019-01-20 23:30:49,0.0,0,0,6477059,2019-01-20 23:30:49,,0.0,0.0,0,,0.0,0.0,0.0,201
1,[],4,[],2019-01-25 15:51:35,2084389.58565343,0.00000936,0.000000000333526752,6499557,2019-01-25 15:51:35,btc,2.0092503037378524,0.0,0.00000936,btc,160195.80207885,0.19272417,1.242687955921835,211
1,[],7,[],2019-02-15 01:47:43,5701806.49818333,0.0000013299999999999999715787242504649867669286322779953479766845703125,0.000000000047899550999999997,6671392,2019-02-15 01:47:43,btc,15450814.278562011,314972.005368,0.0000013299999999999999715787242504649867669286322779953479766845703125,btc,11025931.92244372,0.0,4.050645466269939,212
1,[],5,[],2019-02-15 01:47:44,3.64e-06,0.00000031,0.000000000011164556999999999,6671393,2019-02-15 01:47:44,btc,0.97226798,0.17696839,0.00000031,btc,2.949e-05,0.0,0.16308608,213
1,[],24,[],2019-02-15 01:47:44,0.0,0.000000050000,0.000000000001800735,6671394,2019-02-15 01:47:44,btc,0.0,0.0,0.000000050000,btc,0.0,0.0,0.0,213
1,[],26,[],2019-02-15 01:47:44,0.0,0.00000009,0.000000000003241323,6671395,2019-02-15 01:47:44,btc,0.0,0.0,0.00000009,btc,0.0,0.0,0.0,213
1,[],12,[],2019-01-25 02:44:32,207462.42853209,0.000001080000000000000035831255497387193287295303889550268650054931640625,0.000000000038610756000000006,6493050,2019-01-25 02:44:32,btc,85023.03793723314,0.0,0.000001080000000000000035831255497387193287295303889550268650054931640625,btc,43675.73520027,0.000146250909087,0.0348620860622024,213
1,[],22,[],2019-02-15 01:47:48,84099.0,0.00000002,0.0000000000007202939999999999,6671396,2019-02-15 01:47:48,BTC,2.19180044,0.0,0.00000002,BTC,147809.63137942314,0.00073976,0.00086798,216
1,[],27,[],2019-02-15 01:47:51,5203657.5615,0.00000004,0.0000000000014405879999999999,6671397,2019-02-15 01:47:51,btc,257.4737088006,3940.334,0.00000004,"btc,ltc",272841.575,0.00015761,0.05469726246,216
1,[],22,[],2019-02-15 01:47:54,239697.07925832886,0.00000208,0.000000000074910576,6671398,2019-02-15 01:47:54,BTC,12677.07394544,0.0,0.00000208,BTC,430542.2281818062,0.01539808,0.28949723,217
1,[],7,[],2019-02-15 01:47:56,0.0,0,0,6671399,2019-02-15 01:47:56,btc,77970.05589791511,0.0,0,btc,137100858.32140028,0.0,0.0,219
0,[],27,[],2019-02-15 01:47:58,0.0,0,0,6671400,2019-02-15 01:47:58,,5.341893788316972,0.0,0,btc,1605140.99226595,0.0,0.0,219
0.0000000000000053,[],28,[],2019-02-15 01:48:00,169952566.853,6.915705e-18,2.490670408635e-22,6671401,2019-02-15 01:48:00,doge,88712.3748390675,14615.0,0.00130485,"btc,doge",4987338.69631,0.0,1.614555083715278e-11,219
1,[],22,[],2019-02-15 01:48:03,376103.6,0.00000021,0.000000000007563087,6671402,2019-02-15 01:48:03,BTC,3.07079346,0.0,0.00000021,BTC,110214.97041875875,1.76e-05,0.04718856,221
1,[],24,[],2019-02-15 01:48:04,0.0,0.000000210000,0.000000000007563087,6671403,2019-02-15 01:48:04,btc,0.0,326.57505,0.000000210000,btc,0.0,0.00032373,0.0,221
1,[],20,[],2019-02-15 01:48:06,51927227.288,0.000000003,0.00000000000010804409999999999,6671404,2019-02-15 01:48:06,btc,49.8567892589503,222241.8138,0.000000003,btc,10281277.1359,0.0006667254414,0.0539913140806,224
0,[],22,[],2019-02-15 01:48:08,0.0,0,0,6671405,2019-02-15 01:48:08,,0.0,0.0,0,,0.0,0.0,0.0,224
1,[],26,[],2019-02-15 01:48:09,0.0,0.00000033,0.000000000011884850999999999,6671406,2019-02-15 01:48:09,btc,0.0,16646.5099998,0.00000033,btc,0.0,0.0,0.0,231
1,[],26,[],2019-02-15 01:48:09,0.0,0.00000005,0.000000000001800735,6671407,2019-02-15 01:48:09,btc,0.0,100.0,0.00000005,btc,0.0,0.0,0.0,234
0,[],27,[],2019-02-15 01:48:11,0.0,0,0,6671408,2019-02-15 01:48:11,,0.0113483662182,0.0,0,"btc,eth",11462.99618,0.0,0.0,234
0,[],22,[],2019-02-15 01:48:14,0.0,0,0,6671409,2019-02-15 01:48:14,,2.80242205,0.0,0,,93486896.06349206,0.0,0.0,235
1,[],4,[],2019-02-15 01:48:15,1219321.69293148,0.00000120,0.00000000004321764,6671410,2019-02-15 01:48:15,btc,0.4472394441907429,0.0,0.00000120,btc,243337.32139896,0.43031995,0.5690070400766059,236
1,[],24,[],2019-02-15 01:48:16,0.0,0.000000020010,0.0000000000007206541469999999,6671411,2019-02-15 01:48:16,btc,0.0,0.0,0.000000020010,btc,0.0,0.0,0.0,236
1,[],20,[],2019-02-15 01:48:18,71307238.4598,0.000000074,0.0000000000026650878,6671412,2019-02-15 01:48:18,btc,14.1533307641448,22218919.1659,0.000000074,btc,25514408.4819,1.6746483132144,0.7006506724991,237
1,[],22,[],2019-02-15 01:48:22,136267.0,0.00000004,0.0000000000014405879999999999,6671413,2019-02-15 01:48:22,BTC,0.04209605,0.0,0.00000004,"BTC,LTC",22179.0,0.0,0.00541601,237
1,[],4,[],2019-02-15 01:48:23,4299639.75877256,0.00000033,0.000000000011884850999999999,6671414,2019-02-15 01:48:23,btc,0.687280741716189,0.0,0.00000033,btc,1837142.83588303,0.15903138,1.297096185015942,238
1,[],5,[],2019-02-15 01:48:24,4.25e-06,0.00000033,0.000000000011884850999999999,6671415,2019-02-15 01:48:24,btc,0.75555557,0.0064102,0.00000033,btc,2.957e-05,0.0,0.25960684,238
0,[],22,[],2019-02-15 01:48:28,0.0,0,0,6671416,2019-02-15 01:48:28,,6404.65978688,0.0,0,,370860.0639027493,0.0,0.0,249
0.0000000001154617,[],22,[],2019-02-15 01:48:31,7025765.666666667,3.463851e-18,1.247495546097e-22,6671417,2019-02-15 01:48:31,LTC,0.53185688,0.0,0.00000003,LTC,14450581.09,0.0,0.20977599,252
1,[],28,[],2019-02-15 01:48:33,3309218.286,0.00000011,0.000000000003961617,6671418,2019-02-15 01:48:33,btc,164693.68465852007,32189.907,0.00000011,btc,982884.2751,0.0,0.1899703563,256
1,[],22,[],2019-02-15 01:48:36,1159858.5,0.00000002,0.0000000000007202939999999999,6671419,2019-02-15 01:48:36,BTC,30.16051006,0.0,0.00000002,BTC,434844.92423192423,0.00206032,0.02205115,258
1,[],22,[],2019-01-26 20:58:41,368451.0,0.00000001,0.000000000000356135,6510120,2019-01-26 20:58:41,BTC,2.642917,0.0,0.00000001,"BTC,LTC",1862.0,0.0,0.02488451,259
1,[],22,[],2019-02-15 01:05:14,9832.824734726793,0.00001511,0.000000000543967555,6671215,2019-02-15 01:05:14,BTC,1292.9993382,0.0,0.00001511,"BTC,LTC",4912.257881508058,0.03686724,0.00724666,262
1,[],5,[],2019-02-15 01:05:16,1.066e-05,0.00000198,0.00000000007128099,6671216,2019-02-15 01:05:16,btc,0.83164706,0.03826188,0.00000198,btc,0.00031214,0.0,0.14548963,264
1,[],20,[],2019-02-15 01:05:18,1165498.7474,0.000001801,0.00000000006483690050000001,6671217,2019-02-15 01:05:18,btc,4.969128226581,58467.989,0.000001801,btc,99076.1742,0.179276377104,0.0176428412769,264
1,[],22,[],2019-02-15 01:05:22,95356.5,0.00000002,0.0000000000007200100000000001,6671218,2019-02-15 01:05:22,BTC,8.3934754,0.0,0.00000002,BTC,377286.0417119935,0.0,0.0014095,271
0,[],22,[],2019-02-15 01:05:25,0.0,0,0,6671219,2019-02-15 01:05:25,,385.44178703,0.0,0,,15173097515.9,0.0,0.0,272
0.0000000000000053,[],28,[],2019-02-15 01:05:29,183442197117.206,3.71e-21,1.3356185500000002e-25,6671220,2019-02-15 01:05:29,doge,440782501.31437373,9386588228.819,0.0000007,doge,238503712394.8661,0.0,4.516369299838656e-10,272
1,[],22,[],2019-02-15 01:05:36,13485.5,0.00002000,0.0000000007200100000000001,6671221,2019-02-15 01:05:36,BTC,74.09108527,0.0,0.00002000,"BTC,LTC",1486.4875854920265,0.06181519,0.05146133,281
