pairValue,buyBook,exchangeId,sellBook,updated,buyTotal,satoshiPrice,usdPrice,exchangeLogId,created,bestPair,sellTotalBtc,volume,pairPrice,activePairs,sellTotal,volumeBtc,buyTotalBtc,coinId
1,[],3,[],2019-02-19 02:52:32,30557.20882214443,0.01314719999999999951179052715133366291411221027374267578125,0.000000509651208,6714888,2019-02-19 02:52:32,btc,107.0888273441645,0.005,0.01314719999999999951179052715133366291411221027374267578125,btc,23.077815776307002,0.0,0.2864278659859469,1
1,[],4,[],2019-02-19 02:52:32,86.4893547,0.01321000,0.00000051208565,6714889,2019-02-19 02:52:32,btc,0.7187172841997445,0.0,0.01321000,btc,50.22881472,1.39857769,1.0673791938544916,1
1,[],5,[],2019-02-19 02:52:34,0.0,0,0,6714890,2019-02-19 02:52:34,btc,0.0,0.20576203,0,btc,0.0,0.0,0.0,1
1,[],10,[],2019-02-19 02:52:37,414095.08405699,0.01130694,0.0000004383135291,6714891,2019-02-19 02:52:37,btc,6520.75582225909,1423.01590816,0.01130694,btc,895.5106791,0.0,4.025030725225529,1
1,[],12,[],2019-02-19 02:52:40,10438.72212012,0.01307000000000000002053912595556539599783718585968017578125,0.00000050665855,6714892,2019-02-19 02:52:40,btc,0.320100916685,0.0,0.01307000000000000002053912595556539599783718585968017578125,btc,17.30198916,0.2520044488022,0.3775472262064,1
1,[],20,[],2019-02-19 02:52:42,1152.9213,0.010500212,0.00000040704071818,6714893,2019-02-19 02:52:42,btc,0.0588401269655,0.0,0.010500212,btc,2.6354,0.0,0.1086369348195,1
1,[],21,[],2019-02-19 02:52:43,2445.15505079,0.01310106999999999938255612619,0.00000050786297855,6714894,2019-02-19 02:52:43,btc,27.088016571441173,3425.88819604,0.013101069999999999382556126192866940982639789581298828125,"btc,eth",2450.51296185,39.70844136146047,23.683387427075793,1
1,[],22,[],2019-02-19 02:52:51,0.0163776,0.01300000,0.000000503945,6714895,2019-02-19 02:52:51,BTC,0.31407927,0.0,0.01300000,BTC,0.10751954901960785,0.0,0.00020972,1
1,[],24,[],2019-02-19 02:52:52,0.0,0.000000000000,0,6714896,2019-02-19 02:52:52,btc,0.0,0.0,0.000000000000,btc,0.0,0.0,0.0,1
0.0,[],25,[],2019-02-19 02:52:53,0.0,0,0,6714897,2019-02-19 02:52:53,btc,26.10329999747426,927.95760731,0.0,btc,1938.54074363,12.193,0.0,1
1,[],26,[],2019-02-19 02:53:02,0.0,0,0,6714898,2019-02-19 02:53:02,,0.0,0.0,0,,0.0,0.0,0.0,1
1,[],28,[],2019-02-19 02:53:04,992.968,0.01231000,0.00000047719715,6714899,2019-02-19 02:53:04,btc,0.162839806,18469.75,0.01231000,btc,8.9,0.0,0.086870176,1
0,[],2,[],2019-01-20 23:28:45,0.0,0,0,6477011,2019-01-20 23:28:45,,0.0,0.0,0,,0.0,0.0,0.0,1
1,[],5,[],2019-02-19 02:53:05,0.0,0,0,6714900,2019-02-19 02:53:05,btc,0.0,0.00664882,0,btc,0.0,0.0,0.0,2
0,[],22,[],2019-02-19 02:54:00,0.0,0,0,6714901,2019-02-19 02:54:00,,0.0,0.0,0,,0.0,0.0,0.0,2
1,[],5,[],2019-02-19 02:54:03,0.0,0,0,6714902,2019-02-19 02:54:03,btc,0.0,0.01511423,0,btc,0.0,0.0,0.0,3
1,[],12,[],2019-02-19 02:54:05,12240778.4751395,0.000000172,0.00000000000666758,6714903,2019-02-19 02:54:05,btc,923823.8273867341,0.0,0.000000172,btc,9143728.5533564,0.06782949294304048,0.5062969189407716,3
0,[],28,[],2019-02-19 02:54:06,0.0,0,0,6714904,2019-02-19 02:54:06,,0.0,0.0,0,,0.0,0.0,0.0,3
0,[],2,[],2019-01-20 23:31:32,0.0,0,0,6477077,2019-01-20 23:31:32,,0.0,0.0,0,,0.0,0.0,0.0,4
1,[],4,[],2019-02-19 02:54:07,400837.32322918,0.00000032,0.0000000000124048,6714905,2019-02-19 02:54:07,btc,0.384841883779883,0.0,0.00000032,btc,337830.34099658,0.0,0.0548027982399035,4
1,[],12,[],2019-02-19 02:54:08,1355569.18866667,0.00000003,0.00000000000116295,6714906,2019-02-19 02:54:08,btc,11113878.271275336,0.0,0.00000003,btc,1230284.19484872,0.00025776,0.0217927504400001,5
1,[],11,[],2019-02-19 02:54:10,1381209.5,0.00000002,0.0000000000007753,6714907,2019-02-19 02:54:10,btc,9433.306063620637,10000.0,0.00000002,btc,40264064.15478057,0.0,0.019133885,6
0,[],2,[],2019-01-20 23:31:51,0.0,0,0,6477087,2019-01-20 23:31:51,,0.0,0.0,0,,0.0,0.0,0.0,6
1,[],3,[],2019-02-19 02:54:11,1097.883588961364,0.0001530600000000000016076029396572266705334186553955078125,0.0000000059333709,6714908,2019-02-19 02:54:11,btc,27.605796873748474,0.0,0.0001530600000000000016076029396572266705334186553955078125,btc,249.144760639695,0.0,0.035112902416731664,7
1,[],4,[],2019-02-19 02:54:13,13272.4947529,0.00022235,0.00000000861939775,6714909,2019-02-19 02:54:13,btc,3.6314269382684645,0.0,0.00022235,btc,14818.07406683,4.60752469,2.5646832747110144,7
1,[],5,[],2019-02-19 02:54:14,0.0,0,0,6714910,2019-02-19 02:54:14,btc,0.0,0.78873056,0,btc,0.0,0.0,0.0,7
1,[],20,[],2019-02-19 00:12:45,39399800.8418,0.000000001,0.0000000000000390303,6713837,2019-02-19 00:12:45,btc,116.9737581404545,0.0,0.000000001,btc,56932990.8895,0.0,0.0393998008418,8
1,[],4,[],2019-02-19 02:54:16,319609.67122293,0.00000180,0.000000000069777,6714911,2019-02-19 02:54:16,btc,1.8983742855313053,0.0,0.00000180,btc,1032782.21338079,2.14022497,0.5447206146045299,9
1,[],28,[],2019-02-19 02:54:18,43300.0,0.00000166,0.0000000000643499,6714912,2019-02-19 02:54:18,btc,2709.147620057195,3612321.72,0.00000166,btc,204959.7701,0.0,0.043148,9
0,[],2,[],2019-01-20 23:22:42,0.0,0,0,6476876,2019-01-20 23:22:42,,0.0,0.0,0,,0.0,0.0,0.0,9
0,[],23,[],2019-01-20 23:22:48,0.0,0,0,6476878,2019-01-20 23:22:48,,0.0,0.0,0,,0.0,0.0,0.0,9
1,[],1,[],2019-02-17 23:31:42,1822507.21,0.00000181000000000000003456111265232042484285557293333113193511962890625,0.000000000066086901,6701244,2019-02-17 23:31:42,btc,3.6990969245,17153386.5,0.00000181000000000000003456111265232042484285557293333113193511962890625,btc,1997391.71,31.11772986,3.2610482446,9
1,[],4,[],2019-02-17 11:22:43,4341674.27126056,0.00000002,0.0000000000007272960000000001,6696112,2019-02-17 11:22:43,btc,0.1997230937751353,0.0,0.00000002,btc,4109766.79808031,0.00215132,0.0479381022052112,10
1,[],4,[],2019-02-19 02:54:19,1752820.70965042,0.00000168,0.00000000006512520000000001,6714913,2019-02-19 02:54:19,btc,3.2939210304225393,0.0,0.00000168,btc,1773328.52177363,6.439516,2.5408506616106807,12
1,[],5,[],2019-02-19 02:54:20,0.0,0,0,6714914,2019-02-19 02:54:20,btc,0.0,0.7296004,0,btc,0.0,0.0,0.0,12
0.0,[],25,[],2019-02-19 02:54:21,0.0,0,0,6714915,2019-02-19 02:54:21,,0.0,0.0,0.0,btc,0.0,0.0,0.0,12
0,[],2,[],2019-01-20 23:23:08,0.0,0,0,6476890,2019-01-20 23:23:08,,0.0,0.0,0,,0.0,0.0,0.0,12
1,[],4,[],2019-02-19 02:54:22,1308341.56138041,0.00000584,0.00000000022638760000000002,6714916,2019-02-19 02:54:22,btc,0.3564180451676591,0.0,0.00000584,btc,55282.61449169,1.14339969,1.3311974541863625,13
1,[],21,[],2019-02-19 02:54:26,465968.74222561,0.000005750000000000000004499439016,0.00000000022289875000000002,6714917,2019-02-19 02:54:26,btc,4.178906484310995,1610852.23550766,0.0000057500000000000000044994390158148434011309291236102581024169921875,btc,636182.29559356,9.6202279,2.4096585886818924,13
1,[],10,[],2019-02-19 01:23:32,458897.11843795,0.00000579,0.000000000226540119,6714453,2019-02-19 01:23:32,btc,666802.4542907091,6209.79769829,0.00000579,btc,721664.60186212,0.0,0.3931507156606933,13
1,[],4,[],2019-02-19 02:54:27,989485.58373086,0.00000152,0.0000000000589228,6714918,2019-02-19 02:54:27,btc,0.1345291241246908,0.0,0.00000152,btc,62101.5124325,0.1064518,0.4187197503142037,14
1,[],12,[],2019-02-19 02:54:28,86885.91544816,0.00000154999999999999998279913253351747215447176131419837474822998046875,0.00000000006008575,6714919,2019-02-19 02:54:28,btc,5.30757764626373,0.0,0.00000154999999999999998279913253351747215447176131419837474822998046875,btc,31452.002997,0.0016767885073913,0.011173209999963,14
0,[],17,[],2019-02-19 02:54:31,0.0,0,0,6714920,2019-02-19 02:54:31,btc,0.0,0.0,0,btc,0.0,0.0,0.0,14
1,[],26,[],2019-02-19 02:54:31,0.0,0.00000050,0.0000000000193825,6714921,2019-02-19 02:54:31,btc,0.0,0.0,0.00000050,btc,0.0,0.0,0.0,14
0,[],4,[],2019-02-19 02:54:32,0.0,0,0,6714922,2019-02-19 02:54:32,,0.0,0.0,0,,0.0,0.0,0.0,15
,[],12,[],2018-12-01 15:15:48,204241.84496,0.00000489,0.000000000202473384,5260204,2018-12-01 15:15:48,btc,49.5475654835,0.0,,btc,35763.2193806,0.0163153972027625,0.0203389899998,15
1,[],4,[],2019-02-19 02:54:34,27991.24713709,0.00001836,0.0000000007117254000000001,6714923,2019-02-19 02:54:34,btc,1.2429852482234083,0.0,0.00001836,btc,8433.04271321,0.02896577,0.1189018209078056,18
1,[],10,[],2019-02-19 02:54:36,784591.0008126,0.00001931,0.00000000074855215,6714924,2019-02-19 02:54:36,btc,15.516814193203091,22439.4015123,0.00001931,btc,9598.41268519,0.0,0.2251466157480073,18
1,[],12,[],2019-02-19 02:54:37,204193.7657394,0.00001775000000000000115554267543505062576514319516718387603759765625,0.0000000006880787500000001,6714925,2019-02-19 02:54:37,btc,21.90983094989637,0.0,0.00001775000000000000115554267543505062576514319516718387603759765625,btc,1744.54067689,0.0034237998397988,0.0324116009242024,18
0,[],17,[],2019-02-19 02:54:49,0.0,0,0,6714926,2019-02-19 02:54:49,btc,0.0,0.0,0,btc,0.0,0.0,0.0,18
0,[],2,[],2019-01-20 23:23:38,0.0,0,0,6476906,2019-01-20 23:23:38,,0.0,0.0,0,,0.0,0.0,0.0,18
1,[],3,[],2019-02-19 02:54:50,121726.48435312098,0.00002282999999999999995157519416810742995949112810194492340087890625,0.00000000088500495,6714927,2019-02-19 02:54:50,btc,0.48919632353939174,2070.81791577,0.00002282999999999999995157519416810742995949112810194492340087890625,btc,5244.077411380873,0.0,0.1014633785181204,19
1,[],4,[],2019-02-19 02:54:51,312115.37467001,0.00002254,0.0000000008737631,6714928,2019-02-19 02:54:51,btc,0.2842563845009445,0.0,0.00002254,btc,11002.24774926,0.66323374,3.389099737307533,19
1,[],5,[],2019-02-19 02:54:52,0.0,0,0,6714929,2019-02-19 02:54:52,btc,0.0,0.00514718,0,btc,0.0,0.0,0.0,19
1,[],12,[],2019-02-19 02:54:53,134798.92936473,0.000022509999999999999627242619482103691552765667438507080078125,0.00000000087260015,6714930,2019-02-19 02:54:53,btc,0.0291788367813548,0.0,0.000022509999999999999627242619482103691552765667438507080078125,btc,280.66393647,0.0003454945055518,0.032363230000072296,19
0,[],27,[],2019-02-19 02:09:38,0.0,0,0,6714730,2019-02-19 02:09:38,,0.0,0.0,0,btc,0.0,0.0,0.0,19
0,[],2,[],2019-01-20 23:24:19,0.0,0,0,6476924,2019-01-20 23:24:19,,0.0,0.0,0,,0.0,0.0,0.0,19
1,[],4,[],2019-02-19 02:09:39,8073815.96800667,0.00000014,0.000000000005435038,6714731,2019-02-19 02:09:39,btc,0.7591713985057975,0.0,0.00000014,btc,1605310.9648502,0.000117,0.2590475804358234,20
1,[],4,[],2019-02-19 02:55:03,110814403.16461639,0.00000002,0.0000000000007753,6714933,2019-02-19 02:55:03,btc,0.4052000963908996,0.0,0.00000002,btc,11921192.93946572,0.01279508,1.2541285071729682,21
1,[],12,[],2019-02-19 02:09:40,18389644.0,0.00000002,0.000000000000776434,6714733,2019-02-19 02:09:40,btc,669.7773900317494,0.0,0.00000002,btc,8580697.27073194,0.00034938,0.24003316,21
0,[],17,[],2019-02-19 01:54:28,0.0,0,0,6714533,2019-02-19 01:54:28,btc,0.0,0.0,0,btc,0.0,0.0,0.0,21
1,[],12,[],2019-02-19 02:09:52,2889606875.043896,0.0000000002,0.000000000000007764340000000001,6714734,2019-02-19 02:09:52,btc,880865841676.5203,0.0,0.0000000002,btc,4242686790.967484,0.029664219535064935,0.2928529042555898,23
0,[],27,[],2019-02-19 02:10:00,0.0,0,0,6714735,2019-02-19 02:10:00,,1.3429826565934113,0.0,0,eth,1964879.85514486,0.0,0.0,23
1,[],4,[],2019-02-19 02:10:00,313948.93306954,0.00000063,0.000000000024457671000000002,6714736,2019-02-19 02:10:00,btc,0.176790172847283,0.0,0.00000063,btc,183658.25940164,0.01151587,0.158635361909611,24
1,[],22,[],2019-02-19 02:10:09,11.76,0.00000100,0.0000000000388217,6714737,2019-02-19 02:10:09,BTC,7.415e-05,0.0,0.00000100,BTC,23.919354838709676,0.0,1.176e-05,24
0.0,[],25,[],2019-02-19 02:10:11,0.0,0,0,6714738,2019-02-19 02:10:11,,0.0,0.0,0.0,btc,0.0,0.0,0.0,24
1,[],4,[],2019-02-19 02:10:11,26859047.60902798,0.00000596,0.00000000023137733200000002,6714739,2019-02-19 02:10:11,btc,0.5247717438143875,0.0,0.00000596,btc,43707.22950168,0.14940023,0.4365735070734055,26
1,[],10,[],2019-02-19 02:10:14,682874.19163166,0.0000054,0.00000000020963718,6714740,2019-02-19 02:10:14,btc,25.927272136924913,0.0,0.0000054,btc,14351.41452713,0.0,0.2128385226438311,26
0,[],2,[],2019-01-20 23:25:56,0.0,0,0,6476976,2019-01-20 23:25:56,,0.0,0.0,0,,0.0,0.0,0.0,26
1,[],3,[],2019-02-19 02:10:15,5971966.70213569,0.00000001,0.000000000000388217,6714741,2019-02-19 02:10:15,btc,2.6999895815470616,10056.257,0.00000001,btc,17039949.32009258,0.0,0.0597196670213569,27
1,[],5,[],2019-02-19 02:10:18,0.0,0,0,6714742,2019-02-19 02:10:18,btc,0.0,0.0024425,0,btc,0.0,0.0,0.0,27
1,[],11,[],2019-02-19 02:10:19,9803584.35433359,0.00000005,0.000000000001941085,6714743,2019-02-19 02:10:19,btc,67506.53097482225,8080.0,0.00000005,btc,8171781.9463934,0.0,0.458287845339645,27
1,[],4,[],2019-02-19 02:10:20,603995133.187246,0.00000002,0.000000000000776434,6714744,2019-02-19 02:10:20,btc,0.22337358416795747,0.0,0.00000002,"btc,ltc",22361413.70581668,0.16393751,8.070229119720803,29
1,[],7,[],2019-02-19 02:10:21,35538183.205262125,0.00000002,0.000000000000776434,6714745,2019-02-19 02:10:21,btc,44465227.338244095,2784806.76051,0.00000002,btc,58692623.43132988,0.0561163,0.3559042401445292,29
1,[],4,[],2019-02-19 02:10:22,1501635.11144523,0.00000030,0.00000000001164651,6714746,2019-02-19 02:10:22,btc,0.249175500653964,0.0,0.00000030,btc,503584.15795606,0.00787385,0.1224950578175307,30
0,[],17,[],2019-02-19 02:10:24,0.0,0,0,6714747,2019-02-19 02:10:24,btc,0.0,0.0,0,btc,0.0,0.0,0.0,30
1,[],4,[],2019-02-19 02:10:27,1138347.2926627,0.00006026,0.000000002339395642,6714748,2019-02-19 02:10:27,btc,1.8427146460350647,0.0,0.00006026,btc,27846.98258642,2.80221048,1.5878099632211096,31
1,[],21,[],2019-02-19 02:10:28,68468.13489613,0.00006010999999999999877280457139,0.000000002333572387,6714749,2019-02-19 02:10:28,btc,2.134480937114635,156521.27047971,0.0000601099999999999987728045713897273572001722641289234161376953125,btc,32659.51539162,9.60913117,3.8265325472527647,31
0,[],2,[],2019-01-20 23:28:43,0.0,0,0,6477009,2019-01-20 23:28:43,,0.0,0.0,0,,0.0,0.0,0.0,32
1,[],4,[],2019-02-19 02:10:29,133124577.03415336,0.00000004,0.000000000001552868,6714750,2019-02-19 02:10:29,btc,4.408408204538135,0.0,0.00000004,"btc,ltc",90639999.03008798,0.61138388,2.187990436518511,33
1,[],12,[],2019-02-19 02:10:30,15140257.225,0.00000005,0.000000000001941085,6714751,2019-02-19 02:10:30,btc,35620102.16123695,0.0,0.00000005,btc,88814337.06693281,0.013972078221778,0.50035807125,33
1,[],4,[],2019-02-19 02:10:31,136172828.49863935,0.00000001,0.000000000000388217,6714752,2019-02-19 02:10:31,btc,0.938990148378849,0.0,0.00000001,btc,39051688.34489838,0.00299078,1.3617282849863936,34
1,[],5,[],2019-02-19 02:10:33,0.0,0,0,6714753,2019-02-19 02:10:33,btc,0.0,0.33047405,0,btc,0.0,0.0,0.0,34
0,[],17,[],2019-02-19 01:24:42,0.0,0,0,6714481,2019-02-19 01:24:42,btc,0.07464582850575316,0.0,0,btc,4105386.20243647,0.0,0.0,36
0.000000000121436,[],4,[],2019-02-19 02:10:33,1026999434.3710978,2.42872e-18,9.4287039224e-23,6714754,2019-02-19 02:10:33,ltc,9.172920457283973e-09,0.0,0.00000002,ltc,1818024850.2499475,0.0,2.0252140656074584e-09,36
1,[],5,[],2019-02-19 02:10:35,0.0,0,0,6714755,2019-02-19 02:10:35,btc,0.0,0.0,0,btc,0.0,0.0,0.0,36
0,[],27,[],2019-02-19 02:10:44,0.0,0,0,6714756,2019-02-19 02:10:44,,113.82128944818679,0.0,0,"ltc,eth",3757762.7424504,0.0,0.0,36
1,[],17,[],2019-02-19 00:59:51,1752.74075282,0.00000025,0.000000000009896799999999999,6714114,2019-02-19 00:59:51,btc,0.05548492400601007,0.0,0.00000025,btc,1387.19918473,0.0,0.00043818518820499993,37
1,[],4,[],2019-02-19 02:10:45,435023.89716502,0.00000078,0.000000000030280926,6714757,2019-02-19 02:10:45,btc,0.2947323301327909,0.0,0.00000078,btc,208948.33303767,0.24373317,0.1680524386139952,37
1,[],12,[],2019-02-19 02:10:46,543691.04011151,0.00000095,0.000000000036880615,6714758,2019-02-19 02:10:46,btc,1364.1775205705876,0.0,0.00000095,btc,808852.06319393,0.1875874083150507,0.1856265400618656,37
1,[],27,[],2019-02-19 02:11:02,14752.0,0.00000045,0.000000000017469765000000002,6714759,2019-02-19 02:11:02,btc,26.25770832162233,0.0,0.00000045,btc,6830.24738508,0.0,0.00483022,37
1,[],5,[],2019-02-19 02:11:03,0.0,0,0,6714760,2019-02-19 02:11:03,btc,0.0,0.09306865,0,btc,0.0,0.0,0.0,42
1,[],12,[],2019-02-19 02:11:04,133365.06201727,0.00000096,0.000000000037268831999999996,6714761,2019-02-19 02:11:04,btc,93.60755594103829,0.0,0.00000096,btc,89493.29317003,0.000829138391606,0.0407391291199979,42
0,[],27,[],2019-02-19 02:11:11,0.0,0,0,6714762,2019-02-19 02:11:11,,0.00315028,0.0,0,"btc,eth",11.007,0.0,0.0,42
0,[],17,[],2019-02-18 22:52:56,0.0,0,0,6712894,2019-02-18 22:52:56,btc,0.0,0.0,0,btc,0.0,0.0,0.0,43
1,[],5,[],2019-02-19 01:55:48,0.0,0,0,6714563,2019-02-19 01:55:48,btc,0.0,0.0,0,btc,0.0,0.0,0.0,43
1,[],12,[],2019-02-19 01:55:49,4099188.0,0.00000002,0.000000000000771882,6714564,2019-02-19 01:55:49,btc,20007435.274306607,0.0,0.00000002,btc,38969229.21618381,0.0001362888911088,0.04100091,43
1,[],12,[],2019-02-19 02:11:12,678355.0,0.00000005,0.000000000001941085,6714763,2019-02-19 02:11:12,btc,11115167.675800832,0.0,0.00000005,btc,1069788.31470526,0.00081341,0.0172345,44
1,[],4,[],2019-02-19 02:11:13,324843325.2038739,0.00000002,0.000000000000776434,6714764,2019-02-19 02:11:13,btc,0.1882266069391946,0.0,0.00000002,"btc,ltc",4537751.25245401,0.00486098,0.42386877199940415,49
0,[],4,[],2019-02-19 02:11:14,0.0,0,0,6714765,2019-02-19 02:11:14,,4.64517350787651,0.0,0,,3482714110.358419,0.0,0.0,52
0,[],22,[],2019-02-19 02:11:17,0.0,0,0,6714766,2019-02-19 02:11:17,,4368.07440295,0.0,0,,262751443.67882353,0.0,0.0,57
0,[],27,[],2019-02-19 02:11:30,0.0,0,0,6714767,2019-02-19 02:11:30,,0.0,0.0,0,"btc,eth",0.0,0.0,0.0,57
0.000000000121436,[],4,[],2019-02-19 02:11:31,711869028.4331539,3.64308e-18,1.41430558836e-22,6714768,2019-02-19 02:11:31,ltc,3.272209003727194,0.0,0.00000003,ltc,1126127887.5877059,0.0,1.528268365505469e-09,58
1,[],12,[],2019-02-19 02:11:32,1614289299.843957,0.0000000004,0.000000000000015528680000000002,6714769,2019-02-19 02:11:32,btc,224005480211.35077,0.0,0.0000000004,btc,3702937775.361939,0.10773567670817913,0.5204468189011392,58
0,[],17,[],2019-02-19 02:11:34,0.0,0,0,6714770,2019-02-19 02:11:34,btc,1e+24,0.0,0,btc,41481695.95832568,0.0,0.0,58
0.0000000001319775,[],22,[],2019-02-19 02:11:37,137438.0,1.319775e-18,5.12359091175e-23,6714771,2019-02-19 02:11:37,XMR,69.8835922,0.0,0.00000001,XMR,9887963.0,0.0,0.00137438,58
1,[],5,[],2019-02-19 02:11:39,0.0,0,0,6714772,2019-02-19 02:11:39,btc,0.0,0.01269536,0,btc,0.0,0.0,0.0,61
1,[],22,[],2019-02-19 02:11:43,5149.5,0.00000011,0.000000000004270387,6714773,2019-02-19 02:11:43,BTC,1002.29597012,0.0,0.00000011,BTC,14947.700278135757,0.0,0.00051596,61
1,[],26,[],2019-02-19 02:11:43,0.0,0.00000800,0.0000000003105736,6714774,2019-02-19 02:11:43,btc,0.0,0.0,0.00000800,btc,0.0,0.0,0.0,61
1,[],27,[],2019-02-19 02:11:52,5582.64,0.00000045,0.000000000017469765000000002,6714775,2019-02-19 02:11:52,btc,2.935325846318174,0.0,0.00000045,"btc,eth",18504.38399471,0.0,0.0009709972051690066,61
1,[],28,[],2019-02-19 02:11:57,13882.304,0.0000005,0.00000000001941085,6714776,2019-02-19 02:11:57,btc,2.062488404235105,760.0,0.0000005,btc,15611.87550005,0.0,0.00566491304,61
1,[],4,[],2019-02-19 02:11:58,380146.94491857,0.00000329,0.000000000127723393,6714777,2019-02-19 02:11:58,btc,1.0591560220205447,0.0,0.00000329,btc,246160.75724591,0.85445541,0.7245703125288403,67
0.0,[],25,[],2019-02-19 02:12:00,0.0,0,0,6714778,2019-02-19 02:12:00,,0.0,0.0,0.0,btc,0.0,0.0,0.0,67
1,[],12,[],2019-02-19 02:12:01,3110171.4701671298,0.00000017,0.000000000006599689,6714779,2019-02-19 02:12:01,btc,11115995.89110491,0.0,0.00000017,btc,1841172.32653408,0.0096245638050545,0.114646926441111,71
,[],5,[],2018-11-20 23:02:39,1.5e-07,0.00000005,0.000000000002128045,4862160,2018-11-20 23:02:39,btc,2.84511358,0.0,,btc,0.00036572,0.0,0.07381892,74
1,[],5,[],2019-02-19 02:12:03,0.0,0,0,6714780,2019-02-19 02:12:03,btc,0.0,0.0,0,btc,0.0,0.0,0.0,75
1,[],4,[],2019-02-19 02:12:04,17976001.10892337,0.00000001,0.000000000000388217,6714781,2019-02-19 02:12:04,btc,0.8634517537739842,0.0,0.00000001,btc,15391342.79181637,0.0,0.1797600110892337,81
0,[],20,[],2019-01-25 09:30:31,0.0,0,0,6495923,2019-01-25 09:30:31,btc,0.0,0.0,0,btc,0.0,0.0,0.0,81
1,[],4,[],2019-02-19 02:12:06,34554.38344788,0.00007503,0.0000000029127921510000002,6714782,2019-02-19 02:12:06,btc,1.178720017882491,0.0,0.00007503,btc,10215.50848551,0.00935824,0.5975497695194004,82
1,[],21,[],2019-02-19 02:12:07,166838.04480195,0.00008165000000000000599312266480,0.000000003169791805,6714783,2019-02-19 02:12:07,btc,2.6736384734342984,6419.98015261,0.0000816500000000000059931226648046731497743166983127593994140625,btc,25706.47030525,0.51048031,3.2244230390881037,82
0,[],17,[],2019-02-19 02:12:09,0.0,0,0,6714784,2019-02-19 02:12:09,btc,0.0447233088476774,0.0,0,btc,999127.19588126,0.0,0.0,84
0.00000000012071600000000002,[],4,[],2019-02-19 01:57:10,128164999.33863714,8.45012e-18,3.26124776292e-22,6714585,2019-02-19 01:57:10,ltc,0.19541526438233464,0.0,0.00000007,ltc,98866314.9099836,0.00027536,5.217813438868838e-10,85
,[],22,[],2018-11-20 23:09:34,3408.1,0.0000001,0.0000000000041895,4862324,2018-11-20 23:09:34,BTC,0.04624735,0.0,,BTC,4990.0,0.0,0.00033081,86
0,[],22,[],2019-02-19 02:12:13,0.0,0,0,6714785,2019-02-19 02:12:13,,2.0760781,0.0,0,,140622.94736842104,0.0,0.0,87
0,[],27,[],2019-02-19 02:14:13,0.0,0,0,6714786,2019-02-19 02:14:13,,0.0,0.0,0,btc,0.0,0.0,0.0,87
,[],2,[],2018-11-20 23:10:47,0.0,0,0,4862359,2018-11-20 23:10:47,,0.0,0.0,,,0.0,0.0,0.0,88
1,[],11,[],2019-02-19 02:14:15,95807.19220473,0.0001434100000000000109910691659109716056264005601406097412109375,0.0000000055674199970000006,6714787,2019-02-19 02:14:15,btc,609.9559990843325,45.4,0.0001434100000000000109910691659109716056264005601406097412109375,btc,93857.02958387,0.0,6.401225851489633,89
0,[],2,[],2019-01-20 23:31:45,0.0,0,0,6477083,2019-01-20 23:31:45,,0.0,0.0,0,,0.0,0.0,0.0,91
1,[],12,[],2019-02-19 02:14:17,430841.15566817997,0.000001870000000000000095373470405946125794116596807725727558135986328125,0.00000000007259657900000001,6714788,2019-02-19 02:14:17,btc,15.382090760896272,0.0,0.000001870000000000000095373470405946125794116596807725727558135986328125,btc,51888.37042796,0.0041003568381772,0.0566370859999155,91
0,[],17,[],2019-02-19 02:14:19,0.0,0,0,6714789,2019-02-19 02:14:19,btc,0.0,0.0,0,btc,0.0,0.0,0.0,91
0.000000000121436,[],22,[],2019-02-19 02:14:25,3506520.0,4.85744e-18,1.88574078448e-22,6714790,2019-02-19 02:14:25,LTC,9.13211897,0.0,0.00000004,LTC,72065348.1,2.42872e-14,0.1050108,95
0.000000000121436,[],4,[],2019-02-19 02:14:26,135032367.11567372,9.472008e-17,3.6771945297359996e-21,6714791,2019-02-19 02:14:26,ltc,0.671083004585846,0.0,0.00000078,ltc,37975196.69279285,0.00798995,1.096790644313925e-09,96
1,[],12,[],2019-02-19 02:14:27,257630.0,0.00000001,0.000000000000388217,6714792,2019-02-19 02:14:27,btc,255075.83077264484,0.0,0.00000001,btc,8791501.79451522,0.0003672084815186,0.0025763,96
0,[],17,[],2019-02-19 02:14:29,0.0,0,0,6714793,2019-02-19 02:14:29,btc,0.0,0.0,0,btc,0.0,0.0,0.0,96
1,[],4,[],2019-02-19 02:14:30,1501526.79563541,0.00000034,0.000000000013199378,6714794,2019-02-19 02:14:30,btc,0.6176625823727505,0.0,0.00000034,btc,954598.54086848,1.51181102,0.1670194997811088,99
0,[],2,[],2019-01-20 23:23:55,0.0,0,0,6476914,2019-01-20 23:23:55,,0.0,0.0,0,,0.0,0.0,0.0,100
1,[],4,[],2019-02-19 02:14:31,197908.97802656,0.00003933,0.000000001526857461,6714795,2019-02-19 02:14:31,btc,0.9354651999124135,0.0,0.00003933,btc,21332.67974004,0.47804174,1.2756655907517398,100
1,[],22,[],2019-02-19 02:14:35,50000.0,0.00000001,0.000000000000388217,6714796,2019-02-19 02:14:35,BTC,23.49896609,0.0,0.00000001,BTC,10277.22,0.0,0.0005,101
1,[],4,[],2019-02-19 02:14:36,449917.97744901,0.00000086,0.000000000033386662,6714797,2019-02-19 02:14:36,btc,0.402643036809334,0.0,0.00000086,btc,167372.05929627,0.03271757,0.2368405147466734,103
1,[],12,[],2019-02-19 02:14:39,57644497.0,0.000000016,0.0000000000006211472,6714798,2019-02-19 02:14:39,btc,137279439.70682165,0.0,0.000000016,btc,122180463.4979898,0.04463066295579797,0.207547432,105
1,[],27,[],2019-02-19 02:14:46,3997411.89,0.00000001,0.000000000000388217,6714799,2019-02-19 02:14:46,btc,0.2583299431492299,0.0,0.00000001,btc,303168.20460553,0.0,0.0399741189,105
1,[],22,[],2019-02-19 02:14:50,9328.0,0.00000001,0.000000000000388217,6714800,2019-02-19 02:14:50,BTC,51.10825004,0.0,0.00000001,BTC,468935.0,0.0,9.328e-05,107
1,[],26,[],2019-02-19 02:14:50,0.0,0.00000000,0,6714801,2019-02-19 02:14:50,btc,0.0,0.0,0.00000000,btc,0.0,0.0,0.0,107
1,[],5,[],2019-02-19 02:14:51,0.0,0,0,6714802,2019-02-19 02:14:51,btc,0.0,0.004019,0,btc,0.0,0.0,0.0,112
1,[],22,[],2019-02-19 02:14:56,1966.0,0.00000001,0.000000000000388217,6714803,2019-02-19 02:14:56,BTC,2.81183288,0.0,0.00000001,BTC,808524.0833333334,0.0,1.966e-05,112
0,[],27,[],2019-02-19 02:15:01,0.0,0,0,6714804,2019-02-19 02:15:01,,1.35132491849924,0.0,0,"btc,eth",1328.641654,0.0,0.0,112
1,[],4,[],2019-02-19 02:15:02,475911.43729035,0.00000316,0.000000000122676572,6714805,2019-02-19 02:15:02,btc,0.3104614723060562,0.0,0.00000316,btc,76125.25952329,0.34880254,0.2667437624724627,113
1,[],5,[],2019-02-19 02:15:03,0.0,0,0,6714806,2019-02-19 02:15:03,btc,0.0,0.0,0,btc,0.0,0.0,0.0,113
1,[],17,[],2019-02-19 01:02:54,152738.278,0.00000004,0.000000000001583488,6714163,2019-02-19 01:02:54,btc,1.3368030275436489,0.0,0.00000004,btc,51896.221,0.0,0.0022095311199999998,116
0,[],27,[],2019-02-19 02:15:19,0.0,0,0,6714807,2019-02-19 02:15:19,,0.0,0.0,0,btc,0.0,0.0,0.0,116
1,[],4,[],2019-02-19 02:15:20,28633.01397738,0.00003011,0.000000001168921387,6714808,2019-02-19 02:15:20,btc,0.5489675021428919,0.0,0.00003011,btc,16292.31781409,0.76079858,0.7067752874620918,120
1,[],7,[],2019-02-19 02:15:23,18207.12475527,0.0000295399999999999983879735154790324713758309371769428253173828125,0.000000001146793018,6714809,2019-02-19 02:15:23,btc,115649.94807687883,41.62128753,0.0000295399999999999983879735154790324713758309371769428253173828125,btc,27736.85061065,0.00125102,0.0761354747199153,120
1,[],20,[],2019-02-19 02:15:26,1073956.4397,0.000000017,0.0000000000006599689,6714810,2019-02-19 02:15:26,btc,31.909191296025,2628.95,0.000000017,btc,1141578.7853,4.469215e-05,0.0050864568674,125
1,[],22,[],2019-02-19 02:15:32,3053.0,0.00000001,0.000000000000388217,6714811,2019-02-19 02:15:32,BTC,0.01444887,0.0,0.00000001,BTC,296263.5111111111,0.0,3.053e-05,126
0,[],2,[],2019-01-20 23:25:46,0.0,0,0,6476969,2019-01-20 23:25:46,,0.0,0.0,0,,0.0,0.0,0.0,131
1,[],4,[],2019-02-19 02:15:33,127310.09982039,0.00001692,0.000000000656863164,6714812,2019-02-19 02:15:33,btc,0.9277575388075971,0.0,0.00001692,btc,43891.01879417,0.42137816,1.0565182319809792,131
0,[],17,[],2019-02-19 02:15:36,0.0,0,0,6714813,2019-02-19 02:15:36,btc,0.0009561751951600001,0.0,0,btc,35.42829368,0.0,0.0,131
1,[],4,[],2019-02-19 02:15:37,4559.24733656,0.00016185,0.0000000062832921450000005,6714814,2019-02-19 02:15:37,btc,1.647401424516374,0.0,0.00016185,btc,334.44418488,0.0,0.0093082240575042,135
1,[],3,[],2019-02-19 02:15:38,1719257.37238507,0.00000005,0.000000000001941085,6714815,2019-02-19 02:15:38,btc,0.1305819625138315,19752.0,0.00000005,btc,546874.90940695,0.0,0.0625399217803674,136
1,[],4,[],2019-02-19 02:15:39,60323.48012317,0.00000171,0.000000000066385107,6714816,2019-02-19 02:15:39,btc,0.118418497844734,0.0,0.00000171,btc,56626.62592108,0.09392385,0.0701363102209072,137
1,[],12,[],2019-02-19 02:15:41,295798.73033834,0.00000172999999999999995347796898081949024117420776747167110443115234375,0.000000000067161541,6714817,2019-02-19 02:15:41,btc,11807.700730024382,0.0,0.00000172999999999999995347796898081949024117420776747167110443115234375,btc,157827.15676263,6.763e-05,0.0255420298320025,137
1,[],17,[],2019-02-19 01:17:30,22967.386363640002,0.00000088,0.000000000034692328000000005,6714373,2019-02-19 01:17:30,btc,20.069913353111534,0.0,0.00000088,btc,2746.079105,0.0,0.0104613000000032,142
1,[],4,[],2019-02-19 02:15:41,196333.82739597,0.00005016,0.000000001947296472,6714818,2019-02-19 02:15:41,btc,1.2040664413531865,0.0,0.00005016,btc,16657.01569163,1.64416181,0.2340048171455479,142
1,[],5,[],2019-02-19 02:15:42,0.0,0,0,6714819,2019-02-19 02:15:42,btc,0.0,0.97617904,0,btc,0.0,0.0,0.0,142
1,[],20,[],2019-02-19 02:15:45,133929.4737,0.000033861,0.0000000013145415837,6714820,2019-02-19 02:15:45,btc,0.3745729089222,5089.7983,0.000033861,btc,3489.7846,0.389674957848,0.2521758680129,142
1,[],22,[],2019-02-19 02:15:49,1613.354305200341,0.00003220,0.00000000125005874,6714821,2019-02-19 02:15:49,BTC,3.0070065,0.0,0.00003220,BTC,896.9784641392417,0.0,0.0018856,142
0.0,[],25,[],2019-02-19 02:15:51,0.0,0,0,6714822,2019-02-19 02:15:51,,0.0,0.0,0.0,btc,0.0,0.0,0.0,142
1,[],28,[],2019-02-19 02:15:56,77743.0,0.00004500,0.0000000017469765,6714823,2019-02-19 02:15:56,btc,0.057100837,474.0,0.00004500,btc,356.4989,0.0,0.0519372,142
0,[],22,[],2019-02-19 02:16:00,0.0,0,0,6714824,2019-02-19 02:16:00,,67.24443376,0.0,0,,817363658.3,0.0,0.0,143
1,[],21,[],2019-02-19 02:16:01,31563134.14946119,0.00000025,0.000000000009705425,6714825,2019-02-19 02:16:01,btc,64.69873307684811,19179355.94855577,0.00000025,btc,104522951.4085182,4.96358789,4.399534979993189,145
0,[],22,[],2019-02-19 02:16:05,0.0,0,0,6714826,2019-02-19 02:16:05,,4.24946284,0.0,0,,1812156.0,0.0,0.0,146
,[],22,[],2018-11-20 23:01:11,0.0,0,0,4862114,2018-11-20 23:01:11,,2.56807021,0.0,,,61828.4988236,0.0,0.0,147
1,[],12,[],2019-02-19 01:59:25,8679323.1593337,0.00000279999999999999987329471311248152431971902842633426189422607421875,0.00000000010806347999999999,6714627,2019-02-19 01:59:25,btc,16.58405710482083,0.0,0.00000279999999999999987329471311248152431971902842633426189422607421875,btc,122572.3440185,0.0005724128237856,0.107962347999998,148
1,[],4,[],2019-02-19 02:16:06,247751.67438999,0.00000030,0.00000000001164651,6714827,2019-02-19 02:16:06,btc,0.7783168100673439,0.0,0.00000030,btc,593167.18068715,0.00020876,0.0586340587886126,152
0,[],22,[],2019-02-19 02:16:10,0.0,0,0,6714828,2019-02-19 02:16:10,,0.0,0.0,0,,0.0,0.0,0.0,152
1,[],5,[],2019-02-19 02:16:11,0.0,0,0,6714829,2019-02-19 02:16:11,btc,0.0,0.0,0,btc,0.0,0.0,0.0,153
,[],16,[],2019-01-11 15:38:59,0.0,0,0,6366141,2019-01-11 15:38:59,btc,0.0,0.0,,btc,0.0,0.0,0.0,155
0,[],23,[],2019-01-20 23:24:29,0.0,0,0,6476932,2019-01-20 23:24:29,,0.0,0.0,0,,0.0,0.0,0.0,156
0,[],22,[],2019-02-19 02:16:31,0.0,0,0,6714830,2019-02-19 02:16:31,,6.74608761,0.0,0,,4644402.242592593,0.0,0.0,156
1,[],22,[],2019-02-19 02:16:37,7073.8,0.00005300,0.0000000020575501000000002,6714831,2019-02-19 02:16:37,BTC,43.78801181,0.0,0.00005300,BTC,1067.5805334758436,0.0,0.00104336,157
0,[],22,[],2019-02-19 02:16:42,0.0,0,0,6714832,2019-02-19 02:16:42,,50175.68008609,0.0,0,,54479136.04179466,0.0,0.0,158
,[],17,[],2018-11-20 22:56:10,0.0,0,0,4861976,2018-11-20 22:56:10,btc,1.1265625,0.0,,btc,1000.0,0.0,0.0,159
,[],20,[],2018-11-20 22:56:12,0.0,0,0,4861977,2018-11-20 22:56:12,btc,11912.7940471,0.0,,btc,34413894.3617,0.0,0.0,159
1,[],12,[],2019-02-19 02:16:44,188376.50540015,0.00000740000000000000030041073795228356857478502206504344940185546875,0.00000000028728058,6714833,2019-02-19 02:16:44,btc,6.657398895601775,0.0,0.00000740000000000000030041073795228356857478502206504344940185546875,btc,14477.21569509,0.0057823366657922,0.0942633855000026,168
1,[],17,[],2019-02-19 02:16:46,29784.95,0.000001,0.0000000000388217,6714834,2019-02-19 02:16:46,btc,0.03026736251542,0.0,0.000001,btc,144.46171372,0.0,0.00716147,168
0,[],22,[],2019-02-19 02:16:50,0.0,0,0,6714835,2019-02-19 02:16:50,,1.14655792,0.0,0,,759972.8900917594,0.0,0.0,169
1,[],22,[],2019-02-19 02:16:56,179276.0,0.00000021,0.000000000008152557,6714836,2019-02-19 02:16:56,BTC,13.29204226,0.0,0.00000021,BTC,164829.50740750547,1.108e-05,0.02507036,171
1,[],22,[],2019-02-19 02:17:03,133596.6,0.00000005,0.000000000001941085,6714837,2019-02-19 02:17:03,BTC,2.66238545,0.0,0.00000005,BTC,265394.9375988837,0.00377032,0.00533987,173
1,[],5,[],2019-02-19 02:17:04,0.0,0,0,6714838,2019-02-19 02:17:04,btc,0.0,0.13050903,0,btc,0.0,0.0,0.0,175
1,[],22,[],2019-02-19 02:17:10,37430.0,0.0000003,0.00000000001164651,6714839,2019-02-19 02:17:10,BTC,0.53079598,0.0,0.0000003,BTC,143403.40970790636,0.0,0.0032426,176
0,[],2,[],2019-01-20 23:28:34,0.0,0,0,6477001,2019-01-20 23:28:34,,0.0,0.0,0,,0.0,0.0,0.0,178
1,[],7,[],2019-02-19 02:17:12,0.0,0,0,6714840,2019-02-19 02:17:12,btc,410918.63489866455,0.0,0,btc,115828955.16222881,0.0,0.0,178
0,[],22,[],2019-02-19 02:17:17,0.0,0,0,6714841,2019-02-19 02:17:17,,1.00242428,0.0,0,,57512.0,0.0,0.0,178
0,[],23,[],2019-01-20 23:25:08,0.0,0,0,6476952,2019-01-20 23:25:08,,0.0,0.0,0,,0.0,0.0,0.0,179
1,[],5,[],2019-02-19 02:17:18,0.0,0,0,6714842,2019-02-19 02:17:18,btc,0.0,0.91533823,0,btc,0.0,0.0,0.0,179
1,[],22,[],2019-02-19 02:17:27,7859285.0,0.00000002,0.000000000000776434,6714843,2019-02-19 02:17:27,BTC,5.49491223,0.0,0.00000002,"BTC,LTC",17558294.468656633,0.0,0.38444554,179
1,[],17,[],2019-02-19 02:17:39,10504.725,0.0000001,0.00000000000388217,6714844,2019-02-19 02:17:39,btc,5.201913593507951,0.0,0.0000001,btc,5427.1328087,0.0,0.0010504725,180
1,[],22,[],2019-02-19 02:17:48,128933.32,0.00000025,0.000000000009705425,6714845,2019-02-19 02:17:48,BTC,0.19901494,0.0,0.00000025,"BTC,LTC",57249.551201689304,0.00115418,0.00134617,180
1,[],26,[],2019-02-19 02:17:48,0.0,0.00000100,0.0000000000388217,6714846,2019-02-19 02:17:48,btc,0.0,0.0,0.00000100,btc,0.0,0.0,0.0,180
,[],7,[],2018-11-20 22:58:01,562227.975654,0.00000085,0.000000000036176765,4862015,2018-11-20 22:58:01,btc,21836.6059674,2491.87645172,,btc,749999.041456,0.00211021,0.127565380455,183
,[],5,[],2019-01-10 08:11:41,0.0,0,0,6347036,2019-01-10 08:11:41,btc,82.15055501,0.00261,,btc,1.19002445,0.0,0.0,187
,[],17,[],2018-11-16 20:58:10,4062536.27273,0.00000001,0.000000000000550501,4708775,2018-11-16 20:58:10,btc,3.36492563466,0.195460381006,,"btc,eth",110697919.549,0.0,0.0157628953496,187
1,[],24,[],2019-02-19 02:17:49,0.0,0.000000000001,3.8821700000000004e-17,6714847,2019-02-19 02:17:49,btc,0.0,0.0,0.000000000001,btc,0.0,0.0,0.0,187
0,[],22,[],2019-02-19 02:17:54,0.0,0,0,6714848,2019-02-19 02:17:54,,1.19374426,0.0,0,,16338.869534405507,0.0,0.0,191
0,[],22,[],2019-02-19 02:18:05,0.0,0,0,6714849,2019-02-19 02:18:05,,0.0,0.0,0,,0.0,0.0,0.0,197
0,[],23,[],2019-01-20 23:31:41,0.0,0,0,6477079,2019-01-20 23:31:41,,0.0,0.0,0,,0.0,0.0,0.0,199
0,[],22,[],2019-02-19 02:18:10,0.0,0,0,6714850,2019-02-19 02:18:10,,5.17192327,0.0,0,,21801494.0,0.0,0.0,199
1,[],26,[],2019-02-19 02:18:10,0.0,0.00000000,0,6714851,2019-02-19 02:18:10,btc,0.0,750152.0,0.00000000,btc,0.0,0.0,0.0,199
0,[],17,[],2019-01-30 16:32:01,0.0,0,0,6540827,2019-01-30 16:32:01,btc,6.802544163788159,0.0,0,btc,105897.55575295,0.0,0.0,200
0,[],2,[],2019-01-20 23:30:49,0.0,0,0,6477059,2019-01-20 23:30:49,,0.0,0.0,0,,0.0,0.0,0.0,201
1,[],4,[],2019-01-25 15:51:35,2084389.58565343,0.00000936,0.000000000333526752,6499557,2019-01-25 15:51:35,btc,2.0092503037378524,0.0,0.00000936,btc,160195.80207885,0.19272417,1.242687955921835,211
1,[],7,[],2019-02-19 02:18:13,4635696.98337564,0.000001349999999999999991849510168340220417348973569460213184356689453125,0.000000000052409295,6714852,2019-02-19 02:18:13,btc,15475875.971671226,1483042.00542,0.000001349999999999999991849510168340220417348973569460213184356689453125,btc,12908201.29095057,0.0,3.0026576511933065,212
1,[],12,[],2019-01-25 02:44:32,207462.42853209,0.000001080000000000000035831255497387193287295303889550268650054931640625,0.000000000038610756000000006,6493050,2019-01-25 02:44:32,btc,85023.03793723314,0.0,0.000001080000000000000035831255497387193287295303889550268650054931640625,btc,43675.73520027,0.000146250909087,0.0348620860622024,213
1,[],5,[],2019-02-19 02:18:14,0.0,0,0,6714853,2019-02-19 02:18:14,btc,0.0,0.23518165,0,btc,0.0,0.0,0.0,213
1,[],24,[],2019-02-19 02:18:14,0.0,0.000000050000,0.000000000001941085,6714854,2019-02-19 02:18:14,btc,0.0,20.0,0.000000050000,btc,0.0,1.76e-05,0.0,213
1,[],26,[],2019-02-19 02:18:14,0.0,0.00000009,0.000000000003493953,6714855,2019-02-19 02:18:14,btc,0.0,0.0,0.00000009,btc,0.0,0.0,0.0,213
0,[],22,[],2019-02-19 02:18:19,0.0,0,0,6714856,2019-02-19 02:18:19,,2.19551377,0.0,0,,211112.59081706151,0.0,0.0,216
1,[],27,[],2019-02-19 02:18:24,5204157.5615,0.00000006,0.000000000002329302,6714857,2019-02-19 02:18:24,btc,362.0745472606,200.0,0.00000006,"btc,ltc",264161.775,2e-05,0.05478726246,216
1,[],22,[],2019-02-19 02:18:29,186504.22052495697,0.00000191,0.00000000007414944700000001,6714858,2019-02-19 02:18:29,BTC,12676.77069781,0.0,0.00000191,BTC,396739.7817230947,0.06682615,0.21014684,217
1,[],7,[],2019-02-19 02:18:30,0.0,0,0,6714859,2019-02-19 02:18:30,btc,77969.6156418105,0.0,0,btc,137055636.5050253,0.0,0.0,219
0,[],27,[],2019-02-19 02:18:33,0.0,0,0,6714860,2019-02-19 02:18:33,,5.341833788316972,0.0,0,btc,1599140.99226595,0.0,0.0,219
0.0000000000000053,[],28,[],2019-02-19 02:18:39,168163313.092,4.399477e-18,1.707951762509e-22,6714861,2019-02-19 02:18:39,doge,84047.8870939895,14002.0,0.00083009,"btc,doge",4762557.44411,0.0,1.1688635191466321e-11,219
1,[],22,[],2019-02-19 02:18:44,245477.6,0.00000019,0.000000000007376123,6714862,2019-02-19 02:18:44,BTC,2.99452318,0.0,0.00000019,BTC,90991.46837794242,0.0,0.02663551,221
1,[],24,[],2019-02-19 02:18:44,0.0,0.000000180000,0.000000000006987906,6714863,2019-02-19 02:18:44,btc,0.0,0.0,0.000000180000,btc,0.0,0.0,0.0,221
1,[],20,[],2019-02-19 02:18:46,47081815.8425,0.000000002,0.0000000000000776434,6714864,2019-02-19 02:18:46,btc,47.9786214075211,149757.7842,0.000000002,btc,10194573.1132,0.0004242444884,0.0477109711063,224
0,[],22,[],2019-02-19 02:18:49,0.0,0,0,6714865,2019-02-19 02:18:49,,0.0,0.0,0,,0.0,0.0,0.0,224
1,[],26,[],2019-02-19 02:18:50,0.0,0.00000033,0.000000000012811161,6714866,2019-02-19 02:18:50,btc,0.0,0.0,0.00000033,btc,0.0,0.0,0.0,231
1,[],26,[],2019-02-19 02:18:50,0.0,0.00000006,0.000000000002329302,6714867,2019-02-19 02:18:50,btc,0.0,100.0,0.00000006,btc,0.0,0.0,0.0,234
0,[],27,[],2019-02-19 02:18:55,0.0,0,0,6714868,2019-02-19 02:18:55,,0.0113483662182,0.0,0,"btc,eth",11462.99618,0.0,0.0,234
0,[],22,[],2019-02-19 02:18:59,0.0,0,0,6714869,2019-02-19 02:18:59,,4.08286522,0.0,0,,104073927.81349206,0.0,0.0,235
1,[],4,[],2019-02-19 02:18:59,1102815.14905883,0.00000083,0.000000000032222011000000004,6714870,2019-02-19 02:18:59,btc,0.3154821668857823,0.0,0.00000083,btc,247138.54994534,0.0643535,0.3883750639412838,236
1,[],24,[],2019-02-19 02:18:59,0.0,0.000000020010,0.000000000000776822217,6714871,2019-02-19 02:18:59,btc,0.0,0.0,0.000000020010,btc,0.0,0.0,0.0,236
1,[],20,[],2019-02-19 02:19:01,70705533.6385,0.000000068,0.0000000000026398756,6714872,2019-02-19 02:19:01,btc,16.9778824497831,38246634.2285,0.000000068,btc,41244716.2522,2.9625109480798,0.637783383203,237
1,[],22,[],2019-02-19 02:19:07,116403.0,0.00000004,0.000000000001552868,6714873,2019-02-19 02:19:07,BTC,0.0405823,0.0,0.00000004,"BTC,LTC",3164.0,0.0,0.00482009,237
1,[],4,[],2019-02-19 02:19:08,4786336.18007525,0.00000034,0.000000000013199378,6714874,2019-02-19 02:19:08,btc,0.5422949172435361,0.0,0.00000034,btc,1356508.95709322,0.35792064,1.523682232067547,238
1,[],5,[],2019-02-19 02:19:09,0.0,0,0,6714875,2019-02-19 02:19:09,btc,0.0,0.05470898,0,btc,0.0,0.0,0.0,238
0,[],22,[],2019-02-19 02:19:12,0.0,0,0,6714876,2019-02-19 02:19:12,,27.41701007,0.0,0,,370860.0639027493,0.0,0.0,249
0.000000000121436,[],22,[],2019-02-19 02:19:16,7021097.666666667,3.64308e-18,1.41430558836e-22,6714877,2019-02-19 02:19:16,LTC,0.56670218,0.0,0.00000003,LTC,15147487.09,0.0,0.20963595,252
1,[],28,[],2019-02-19 02:19:18,4391956.698,0.0000001,0.00000000000388217,6714878,2019-02-19 02:19:18,btc,164693.70150149014,65405.7,0.0000001,btc,1119203.9751,0.0,0.2663411375,256
1,[],22,[],2019-02-19 02:19:21,1494873.6666666667,0.00000003,0.000000000001164651,6714879,2019-02-19 02:19:21,BTC,30.15825348,0.0,0.00000003,BTC,398516.42423192423,0.0,0.04370093,258
1,[],22,[],2019-02-19 02:19:25,49651.0,0.00000002,0.000000000000776434,6714880,2019-02-19 02:19:25,BTC,2.629917,0.0,0.00000002,BTC,1762.0,0.0,0.00050551,259
1,[],22,[],2019-02-19 02:19:30,11260.0,0.00000782,0.000000000303585694,6714881,2019-02-19 02:19:30,BTC,1293.00653575,0.0,0.00000782,"BTC,LTC",5151.303258935249,0.00935328,0.01363705,262
1,[],5,[],2019-02-19 02:19:31,0.0,0,0,6714882,2019-02-19 02:19:31,btc,0.0,0.10592044,0,btc,0.0,0.0,0.0,264
1,[],20,[],2019-02-19 02:19:32,1241579.1982,0.00000101,0.000000000039209917000000003,6714883,2019-02-19 02:19:32,btc,8.6497379732275,93950.487,0.00000101,btc,157372.5759,0.274223136668,0.0223951445054,264
1,[],22,[],2019-02-19 02:19:36,62163.5,0.00000002,0.000000000000776434,6714884,2019-02-19 02:19:36,BTC,8.43553312,0.0,0.00000002,BTC,415509.1485028838,0.00015,0.00074564,271
0,[],22,[],2019-02-19 02:19:39,0.0,0,0,6714885,2019-02-19 02:19:39,,385.44178703,0.0,0,,15173097515.9,0.0,0.0,272
0.0000000000000053,[],28,[],2019-02-19 02:19:44,205546362856.083,4.134e-21,1.604889078e-25,6714886,2019-02-19 02:19:44,doge,441787186.49928653,28312103119.6022,0.00000078,doge,213168589474.28006,0.0,5.418529853117355e-10,272
1,[],22,[],2019-02-19 02:20:25,19113.156998003993,0.00000550,0.00000000021351935,6714887,2019-02-19 02:20:25,BTC,74.21378631,0.0,0.00000550,"BTC,LTC",4145.887704275736,0.05193403,0.07312473,281
