pairValue,buyBook,exchangeId,sellBook,updated,buyTotal,satoshiPrice,usdPrice,exchangeLogId,created,bestPair,sellTotalBtc,volume,pairPrice,activePairs,sellTotal,volumeBtc,buyTotalBtc,coinId
1,[],3,[],2019-02-01 02:31:37,119.869197871721,0.01269679999999999940596406844406374148093163967132568359375,0.00000043311705064,6554568,2019-02-01 02:31:37,btc,106.99919269574487,0.0,0.01269679999999999940596406844406374148093163967132568359375,btc,13.438243887123,0.0,0.32245348906424726,1
1,[],4,[],2019-02-01 02:31:38,25076.66043067,0.01250001,0.000000426404091123,6554569,2019-02-01 02:31:38,btc,0.8826865470462664,0.0,0.01250001,btc,66.05071512,0.5563324,1.2201354589562916,1
1,[],5,[],2019-02-01 02:31:40,0.23966252,0.01260000,0.00000042981498,6554570,2019-02-01 02:31:40,btc,14578.41401244,0.03687571,0.01260000,btc,35555556.25233341,0.0,1.51509919,1
1,[],10,[],2019-02-01 02:31:43,272642.34883475,0.01230195,0.000000419647808985,6554571,2019-02-01 02:31:43,btc,6536.85317822159,1141.88486247,0.01230195,btc,960.33226579,0.0,4.7265661304162565,1
1,[],12,[],2019-02-01 02:31:46,10421.68210299,0.012439999999999999669153538661703350953757762908935546875,0.000000424357012,6554572,2019-02-01 02:31:46,btc,0.4751731389534,0.0,0.012439999999999999669153538661703350953757762908935546875,btc,31.68550471,1.0534624754852,0.1710751042744,1
1,[],20,[],2019-02-01 02:31:48,1352.3278,0.010500101,0.00000035818259534230003,6554573,2019-02-01 02:31:48,btc,0.0564711704203,0.0,0.010500101,btc,2.4781,0.0,0.1036263430751,1
1,[],21,[],2019-02-01 02:31:49,2323.39322425,0.01246401999999999926638238890,0.000000425176389446,6554574,2019-02-01 02:31:49,btc,16.485968294171666,5580.36750211,0.012464019999999999266382388896090560592710971832275390625,"btc,eth",1878.82374879,67.81195006652479,21.88771753080827,1
1,[],22,[],2019-02-01 02:31:53,0.0263776,0.01350000,0.00000046051605,6554575,2019-02-01 02:31:53,BTC,0.31380731,0.0,0.01350000,BTC,0.09124366666666667,0.0,0.00034472,1
1,[],24,[],2019-02-01 02:31:53,0.0,0.000000000000,0,6554576,2019-02-01 02:31:53,btc,0.0,0.0,0.000000000000,btc,0.0,0.0,0.0,1
0.0,[],25,[],2019-02-01 02:31:54,0.0,0,0,6554577,2019-02-01 02:31:54,btc,12.401899998623355,1015.45113525,0.0,btc,967.89038009,12.891,0.0,1
1,[],26,[],2019-02-01 02:33:16,0.0,0,0,6554578,2019-02-01 02:33:16,,0.0,0.0,0,,0.0,0.0,0.0,1
1,[],28,[],2019-02-01 02:33:23,987.9,0.01131000,0.000000385810113,6554579,2019-02-01 02:33:23,btc,0.162839806,17921.95,0.01131000,btc,8.9,0.0,0.024551096,1
0,[],2,[],2019-01-20 23:28:45,0.0,0,0,6477011,2019-01-20 23:28:45,,0.0,0.0,0,,0.0,0.0,0.0,1
1,[],5,[],2019-02-01 02:33:24,1.789e-05,0.00000066,0.000000000022514118,6554580,2019-02-01 02:33:24,btc,0.15300031,0.03929428,0.00000066,btc,7.208e-05,0.0,0.45701509,2
0,[],22,[],2019-02-01 02:33:26,0.0,0,0,6554581,2019-02-01 02:33:26,,0.0,0.0,0,,0.0,0.0,0.0,2
1,[],5,[],2019-02-01 02:33:27,1.42e-06,0.00000017,0.000000000005799091,6554582,2019-02-01 02:33:27,btc,3.84839543,0.08863109,0.00000017,btc,2.267e-05,0.0,3.59276113,3
1,[],12,[],2019-02-01 02:33:29,12489368.535821,0.000000169,0.0000000000057649786999999996,6554583,2019-02-01 02:33:29,btc,921319.9156997052,0.0,0.000000169,btc,8022838.90642453,0.06171595244332621,0.54945953665914,3
0,[],28,[],2019-02-01 02:33:30,0.0,0,0,6554584,2019-02-01 02:33:30,,0.0,0.0,0,,0.0,0.0,0.0,3
0,[],2,[],2019-01-20 23:31:32,0.0,0,0,6477077,2019-01-20 23:31:32,,0.0,0.0,0,,0.0,0.0,0.0,4
1,[],4,[],2019-02-01 02:33:31,325102.87840887,0.00000036,0.000000000012280428,6554585,2019-02-01 02:33:31,btc,0.4117700970813602,0.0,0.00000036,btc,332389.44494238,0.001575,0.0318598736382372,4
1,[],12,[],2019-01-25 15:53:49,1222127.5219999999,0.00000003,0.000000000001069017,6499609,2019-01-25 15:53:49,btc,11013867.817925906,0.0,0.00000003,btc,969763.77092902,0.0,0.01617509044,5
0,[],2,[],2019-01-20 23:31:51,0.0,0,0,6477087,2019-01-20 23:31:51,,0.0,0.0,0,,0.0,0.0,0.0,6
1,[],11,[],2019-02-01 02:33:32,4558955.5,0.00000002,0.0000000000006822460000000001,6554586,2019-02-01 02:33:32,btc,9433.353927160317,305539.0,0.00000002,btc,41897041.45717939,0.0,0.046089555000000004,6
1,[],3,[],2019-02-01 02:33:32,1069.652384675756,0.000150559999999999995050348200464895853656344115734100341796875,0.000000005135947888,6554587,2019-02-01 02:33:32,btc,28.510202753279106,0.0,0.000150559999999999995050348200464895853656344115734100341796875,btc,234.145665820227,0.0,0.030997767816609203,7
1,[],4,[],2019-02-01 02:33:33,32710.54738439,0.00018000,0.000000006140214,6554588,2019-02-01 02:33:33,btc,2.433670125304533,0.0,0.00018000,btc,11969.22445074,3.87475059,5.104321353197503,7
1,[],5,[],2019-02-01 02:33:35,0.00544797,0.00017400,0.0000000059355402,6554589,2019-02-01 02:33:35,btc,1.12028693,0.48431329,0.00017400,btc,0.01145806,0.0,1.67908227,7
1,[],20,[],2019-02-01 02:33:36,62771509.8802,0.000000001,0.0000000000000341123,6554590,2019-02-01 02:33:36,btc,136.3840603232848,0.0,0.000000001,btc,27252064.2706,0.0,0.0627715098802,8
0,[],2,[],2019-01-20 23:22:42,0.0,0,0,6476876,2019-01-20 23:22:42,,0.0,0.0,0,,0.0,0.0,0.0,9
0,[],23,[],2019-01-20 23:22:48,0.0,0,0,6476878,2019-01-20 23:22:48,,0.0,0.0,0,,0.0,0.0,0.0,9
1,[],1,[],2019-02-01 02:33:37,1271271.98,0.000001799999999999999918546601286595265634105089702643454074859619140625,0.00000000006140214,6554591,2019-02-01 02:33:37,btc,2.7133686758,17306874.26,0.000001799999999999999918546601286595265634105089702643454074859619140625,btc,1462296.68,31.44258053,2.256256578,9
1,[],4,[],2019-02-01 02:33:38,1207031.91527441,0.00000180,0.00000000006140214,6554592,2019-02-01 02:33:38,btc,0.9846025415848723,0.0,0.00000180,btc,507671.2037397,0.95570993,0.5295380942552753,9
1,[],28,[],2019-02-01 02:33:40,34500.0,0.00000165,0.000000000056285295,6554593,2019-02-01 02:33:40,btc,2708.75028702,3677225.0,0.00000165,btc,7642.68,0.0,0.02854,9
1,[],4,[],2019-02-01 02:25:01,7671282.56126053,0.00000002,0.0000000000006828399999999999,6554391,2019-02-01 02:25:01,btc,0.2016722631640986,0.0,0.00000002,btc,4035993.99941361,0.00053067,0.0821381418452106,10
0,[],2,[],2019-01-20 23:23:08,0.0,0,0,6476890,2019-01-20 23:23:08,,0.0,0.0,0,,0.0,0.0,0.0,12
1,[],4,[],2019-02-01 02:33:41,4373481.97500689,0.00000137,0.000000000046733851,6554594,2019-02-01 02:33:41,btc,0.9283414967180702,0.0,0.00000137,btc,636041.80215664,1.14136899,2.6664753552980964,12
1,[],5,[],2019-02-01 02:33:43,1.67e-05,0.00000133,0.000000000045369359,6554595,2019-02-01 02:33:43,btc,0.4886217,1.17539081,0.00000133,btc,0.00011349,0.0,0.35748199,12
0.0,[],25,[],2019-02-01 02:33:45,0.0,0,0,6554596,2019-02-01 02:33:45,,0.0,0.0,0.0,btc,0.0,0.0,0.0,12
1,[],4,[],2019-02-01 02:33:45,362516.32049236,0.00000643,0.000000000219342089,6554597,2019-02-01 02:33:45,btc,0.4085295283392661,0.0,0.00000643,btc,59610.24297019,0.44899231,1.677275692167495,13
1,[],10,[],2019-02-01 02:33:48,558693.15029697,0.0000063,0.00000000021490749,6554598,2019-02-01 02:33:48,btc,666809.5563591069,9014.16538959,0.0000063,btc,725671.23441926,0.0,0.7798351086604188,13
1,[],21,[],2019-02-01 02:33:49,1325038.04320771,0.000006579999999999999681066752133,0.00000000022445893399999999,6554599,2019-02-01 02:33:49,btc,6.62808334876461,397412.64143152,0.000006579999999999999681066752132974073674631654284894466400146484375,btc,920784.422169,2.63224793,6.621377156131173,13
1,[],4,[],2019-02-01 02:33:50,1043063.1949171,0.00000149,0.000000000050827327,6554600,2019-02-01 02:33:50,btc,0.1503186148386703,0.0,0.00000149,btc,68358.6369121,0.07867328,0.3171206951270912,14
1,[],12,[],2019-02-01 02:33:51,87060.7960928,0.000001179999999999999925426948273188276772316385176964104175567626953125,0.000000000040252514,6554601,2019-02-01 02:33:51,btc,1.7852576349918974,0.0,0.000001179999999999999925426948273188276772316385176964104175567626953125,btc,37571.02790298,0.0013345940635479,0.0106355800000045,14
0,[],17,[],2019-02-01 02:33:53,0.0,0,0,6554602,2019-02-01 02:33:53,btc,0.0,0.0,0,btc,0.0,0.0,0.0,14
1,[],26,[],2019-02-01 02:33:53,0.0,0,0,6554603,2019-02-01 02:33:53,,0.0,0.0,0,,0.0,0.0,0.0,14
,[],12,[],2018-12-01 15:15:48,204241.84496,0.00000489,0.000000000202473384,5260204,2018-12-01 15:15:48,btc,49.5475654835,0.0,,btc,35763.2193806,0.0163153972027625,0.0203389899998,15
0,[],4,[],2019-02-01 02:33:53,0.0,0,0,6554604,2019-02-01 02:33:53,,0.0,0.0,0,,0.0,0.0,0.0,15
0,[],2,[],2019-01-20 23:23:38,0.0,0,0,6476906,2019-01-20 23:23:38,,0.0,0.0,0,,0.0,0.0,0.0,18
1,[],4,[],2019-02-01 02:33:54,25117.08594026,0.00001777,0.000000000606175571,6554605,2019-02-01 02:33:54,btc,1.231687400860682,0.0,0.00001777,btc,7654.12059506,0.03813829,0.0827050529542361,18
1,[],10,[],2019-02-01 02:33:56,395966.96916737,0.00001701,0.000000000580250223,6554606,2019-02-01 02:33:56,btc,15.571410988141569,9683.11715793,0.00001701,btc,11468.16654619,0.0,0.2853044425577751,18
1,[],12,[],2019-02-01 02:33:57,200838.57427118,0.0000176000000000000008976326626441988310034503228962421417236328125,0.0000000006003764800000001,6554607,2019-02-01 02:33:57,btc,0.2083278085775399,0.0,0.0000176000000000000008976326626441988310034503228962421417236328125,btc,2837.89904917,0.0066530368702462,0.0178173556491176,18
0,[],17,[],2019-02-01 02:33:58,0.0,0,0,6554608,2019-02-01 02:33:58,btc,0.0,0.0,0,btc,0.0,0.0,0.0,18
0,[],2,[],2019-01-20 23:24:19,0.0,0,0,6476924,2019-01-20 23:24:19,,0.0,0.0,0,,0.0,0.0,0.0,19
1,[],3,[],2019-02-01 02:33:59,108656.40270791356,0.00003049999999999999936097123953704368659600731916725635528564453125,0.00000000104042515,6554609,2019-02-01 02:33:59,btc,0.505148821229863,105.849973516,0.00003049999999999999936097123953704368659600731916725635528564453125,btc,5470.223200813632,0.0,0.09718100493169825,19
1,[],4,[],2019-02-01 02:34:00,63855.96482189,0.00003450,0.00000000117687435,6554610,2019-02-01 02:34:00,btc,0.6305893416226171,0.0,0.00003450,btc,16662.13984355,0.50382808,1.3038262192426755,19
1,[],5,[],2019-02-01 02:34:01,0.00043801,0.00003156,0.000000001076584188,6554611,2019-02-01 02:34:01,btc,0.30868617,0.0,0.00003156,btc,0.00341288,0.0,0.23914025,19
1,[],12,[],2019-02-01 02:34:02,133622.06120332,0.000028920000000000000935952704228526499719009734690189361572265625,0.0000000009865277160000001,6554612,2019-02-01 02:34:02,btc,1.9919555920989886,0.0,0.000028920000000000000935952704228526499719009734690189361572265625,btc,463.27457877,0.00023317,0.0326623700000144,19
0,[],27,[],2019-02-01 02:34:04,0.0,0,0,6554613,2019-02-01 02:34:04,,0.0,0.0,0,btc,0.0,0.0,0.0,19
1,[],4,[],2019-02-01 02:34:05,9013019.43885938,0.00000013,0.000000000004434599,6554614,2019-02-01 02:34:05,btc,0.8119940963808697,0.0,0.00000013,btc,1597393.93239221,0.0,0.3453110081715698,20
1,[],4,[],2019-02-01 02:34:05,119398411.58223026,0.00000002,0.0000000000006822460000000001,6554615,2019-02-01 02:34:05,btc,0.6254464410814744,0.0,0.00000002,btc,14940956.17781205,0.00236935,1.3977478158544454,21
1,[],12,[],2019-02-01 02:34:07,19376911.0,0.00000002,0.0000000000006822460000000001,6554616,2019-02-01 02:34:07,btc,668.0338875330382,0.0,0.00000002,btc,8208003.31368897,0.00023364,0.26047474,21
0,[],17,[],2019-02-01 02:34:10,0.0,0,0,6554617,2019-02-01 02:34:10,btc,0.0,0.0,0,btc,0.0,0.0,0.0,21
1,[],12,[],2019-02-01 02:34:12,2512854272.531895,0.0000000001,0.0000000000000034112300000000004,6554618,2019-02-01 02:34:12,btc,1729404713938.228,0.0,0.0000000001,btc,5010969268.243988,0.004639601014385614,0.25128542725318953,23
0,[],27,[],2019-02-01 02:34:14,0.0,0,0,6554619,2019-02-01 02:34:14,,0.424699,0.0,0,eth,424699.0,0.0,0.0,23
1,[],4,[],2019-02-01 02:34:15,880607.48725853,0.00000079,0.000000000026948717,6554620,2019-02-01 02:34:15,btc,0.0898882597278345,0.0,0.00000079,btc,75949.16837623,0.00471443,0.3695214967779434,24
1,[],22,[],2019-02-01 02:34:21,11.76,0.00000100,0.0000000000341123,6554621,2019-02-01 02:34:21,BTC,7.415e-05,0.0,0.00000100,BTC,23.919354838709676,0.0,1.176e-05,24
0.0,[],25,[],2019-02-01 02:34:22,0.0,0,0,6554622,2019-02-01 02:34:22,,0.0,0.0,0.0,btc,0.0,0.0,0.0,24
1,[],10,[],2019-02-01 02:34:25,729085.57599505,0.00000603,0.000000000205697169,6554624,2019-02-01 02:34:25,btc,27.98355661019946,291.5613132,0.00000603,btc,13249.47153674,0.0,0.2074443549661475,26
0,[],2,[],2019-01-20 23:25:56,0.0,0,0,6476976,2019-01-20 23:25:56,,0.0,0.0,0,,0.0,0.0,0.0,26
1,[],4,[],2019-02-01 02:34:23,27061543.07359065,0.00000628,0.00000000021422524400000001,6554623,2019-02-01 02:34:23,btc,0.4490558064993352,0.0,0.00000628,btc,36961.56590154,0.11671263,0.3896039560881168,26
1,[],3,[],2019-02-01 02:25:42,9426801.53885143,0.00000002,0.0000000000006828399999999999,6554423,2019-02-01 02:25:42,btc,2.965897777839068,188.66666667,0.00000002,btc,17098618.25496187,0.0,0.1136610603885143,27
1,[],5,[],2019-02-01 02:25:43,3e-08,0.00000002,0.0000000000006828399999999999,6554424,2019-02-01 02:25:43,btc,1.51331992,0.04143276,0.00000002,btc,4.69e-05,0.0,0.1092617,27
1,[],11,[],2019-02-01 02:25:44,10615374.41182718,0.00000005,0.0000000000017070999999999999,6554425,2019-02-01 02:25:44,btc,370.5931920764931,1000.0,0.00000005,btc,8220964.80991447,0.0,0.4936394994767663,27
1,[],4,[],2019-02-01 02:34:26,133327583.65732644,0.00000003,0.000000000001023369,6554625,2019-02-01 02:34:26,btc,3.858985303232252,0.0,0.00000003,"btc,ltc",141914274.94437763,0.20369856,1.8261538131388007,29
1,[],7,[],2019-02-01 02:34:27,39003786.90990811,0.00000003,0.000000000001023369,6554626,2019-02-01 02:34:27,btc,44465206.16414562,19444.6654345,0.00000003,btc,39554611.69978831,0.00077269,0.7017688122237153,29
1,[],4,[],2019-02-01 02:34:27,1428030.18630606,0.00000034,0.000000000011598182,6554627,2019-02-01 02:34:27,btc,0.2922572809778071,0.0,0.00000034,btc,561917.85122174,0.00288985,0.0853942031184908,30
0,[],17,[],2019-02-01 02:34:29,0.0,0,0,6554628,2019-02-01 02:34:29,btc,0.0,0.0,0,btc,0.0,0.0,0.0,30
1,[],4,[],2019-02-01 02:34:30,1132084.3438879,0.00007802,0.000000002661441646,6554629,2019-02-01 02:34:30,btc,1.7960150192668616,0.0,0.00007802,btc,19846.61752157,1.66760708,2.3572643617529567,31
1,[],21,[],2019-02-01 02:34:30,67793.39255185,0.00007689999999999999895534952277,0.00000000262323587,6554630,2019-02-01 02:34:30,btc,2.9269157162886774,190832.73040238,0.00007689999999999999895534952276676676774513907730579376220703125,btc,35979.74715836,15.17361648,4.864051594383519,31
0,[],2,[],2019-01-20 23:28:43,0.0,0,0,6477009,2019-01-20 23:28:43,,0.0,0.0,0,,0.0,0.0,0.0,32
1,[],4,[],2019-02-01 02:34:31,148795395.29897514,0.00000006,0.000000000002046738,6554631,2019-02-01 02:34:31,btc,3.3279828535188045,0.0,0.00000006,"btc,ltc",56344156.43771469,0.68440642,2.215242490279353,33
1,[],12,[],2019-02-01 02:34:33,20020852.0,0.00000006,0.000000000002046738,6554632,2019-02-01 02:34:33,btc,17261782.155524053,0.0,0.00000006,btc,88438612.83616367,0.022402995944056,0.77364261,33
1,[],4,[],2019-02-01 02:34:34,114639059.57082465,0.00000002,0.0000000000006822460000000001,6554633,2019-02-01 02:34:34,btc,0.7635704372908659,0.0,0.00000002,btc,25452347.90969553,0.82708679,1.1680505012249136,34
1,[],5,[],2019-02-01 02:34:35,1e-08,0.00000001,0.00000000000034112300000000003,6554634,2019-02-01 02:34:35,btc,3.8589279,2.31179492,0.00000001,btc,1.394e-05,0.0,0.79544918,34
0.00000000009085480000000001,[],4,[],2019-02-01 02:34:36,1499330928.8586063,3.634192e-18,1.239706477616e-22,6554635,2019-02-01 02:34:36,ltc,7.720523699590887e-09,0.0,0.00000004,ltc,1639657184.0911574,0.0,2.3888348121462707e-09,36
1,[],5,[],2019-02-01 02:34:37,0.0,0,0,6554636,2019-02-01 02:34:37,btc,203.09849337,0.0,0,btc,1.295e-05,0.0,0.0,36
0,[],17,[],2019-02-01 02:34:38,0.0,0,0,6554637,2019-02-01 02:34:38,btc,0.14892131545148188,0.0,0,btc,12533924.99083647,0.0,0.0,36
0.00000000009085480000000001,[],27,[],2019-02-01 02:34:52,2000000.0,1.817096e-18,6.19853238808e-23,6554638,2019-02-01 02:34:52,ltc,447.7310973004,0.0,0.00000002,"ltc,eth",3711879.16,0.0,2.725644e-12,36
1,[],4,[],2019-02-01 02:34:52,452031.3752051,0.00000153,0.000000000052191819,6554639,2019-02-01 02:34:52,btc,0.3487147004759898,0.0,0.00000153,btc,184029.18186887,0.19628863,0.4213707237724233,37
1,[],12,[],2019-02-01 02:34:53,524450.98736528,0.000001529999999999999962528346615642238504051420022733509540557861328125,0.000000000052191819,6554640,2019-02-01 02:34:53,btc,1337.7332235351919,0.0,0.000001529999999999999962528346615642238504051420022733509540557861328125,btc,765718.89770175,0.1572258554577109,0.4563422704933323,37
1,[],17,[],2019-02-01 02:34:54,1752.74075282,0.00000025,0.000000000008528075,6554641,2019-02-01 02:34:54,btc,0.055487313962966564,0.0,0.00000025,btc,1388.79251806,0.0,0.00043818518820499993,37
1,[],27,[],2019-02-01 02:34:56,34522.0,0.00000046,0.000000000015691658,6554642,2019-02-01 02:34:56,btc,24.50448216075057,0.0,0.00000046,btc,5273.48447516,0.0,0.00740009,37
1,[],5,[],2019-02-01 02:34:57,1.36e-05,0.00000089,0.000000000030359947,6554643,2019-02-01 02:34:57,btc,0.10809104,0.05951988,0.00000089,btc,0.00011827,0.0,0.04763542,42
1,[],12,[],2019-02-01 02:34:58,153877.89006003,0.00000110000000000000005610204141526242693771564518101513385772705078125,0.000000000037523530000000005,6554644,2019-02-01 02:34:58,btc,85.09022548798578,0.0,0.00000110000000000000005610204141526242693771564518101513385772705078125,btc,55743.3566993,0.1564676700424433,0.0539050700000098,42
0,[],27,[],2019-02-01 02:35:00,0.0,0,0,6554645,2019-02-01 02:35:00,,0.00315028,0.0,0,"btc,eth",11.007,0.0,0.0,42
1,[],5,[],2019-02-01 02:26:21,6e-08,0.00000003,0.00000000000102426,6554447,2019-02-01 02:26:21,btc,6.10271066,0.01081998,0.00000003,btc,1.425e-05,0.0,0.52366912,43
1,[],12,[],2019-02-01 02:26:22,6545117.0,0.00000002,0.0000000000006828399999999999,6554448,2019-02-01 02:26:22,btc,20007456.464662522,0.0,0.00000002,btc,38831663.74765234,0.00098888,0.06548277,43
0,[],17,[],2019-02-01 02:26:25,0.0,0,0,6554449,2019-02-01 02:26:25,btc,0.0,0.0,0,btc,0.0,0.0,0.0,43
1,[],12,[],2019-02-01 02:26:38,930995.0,0.00000009,0.0000000000030727799999999998,6554450,2019-02-01 02:26:38,btc,11115200.111577958,0.0,0.00000009,btc,963956.40459539,0.0402583573222685,0.03042129,44
1,[],4,[],2019-02-01 02:35:04,261295083.57444152,0.00000003,0.000000000001023369,6554646,2019-02-01 02:35:04,btc,0.18642185738462097,0.0,0.00000003,"btc,ltc",3791350.65876797,0.00475896,0.5506936155295066,49
0.00000000009085480000000001,[],4,[],2019-02-01 02:35:06,4308177063.69247,9.08548e-19,3.09926619404e-23,6554647,2019-02-01 02:35:06,ltc,4.994394634388947,0.0,0.00000001,ltc,2126194084.8923132,0.0,3.914185654863666e-09,52
0,[],22,[],2019-02-01 02:35:08,0.0,0,0,6554648,2019-02-01 02:35:08,,3693.709799,0.0,0,,259802666.90882352,0.0,0.0,57
0,[],27,[],2019-02-01 02:35:12,0.0,0,0,6554649,2019-02-01 02:35:12,,0.0,0.0,0,"btc,eth",0.0,0.0,0.0,57
0.00000000009085480000000001,[],4,[],2019-02-01 02:35:12,1409852150.7760372,6.359836e-18,2.1694863358280003e-22,6554650,2019-02-01 02:35:12,ltc,3.3101653428663176,0.0,0.00000007,ltc,1068443606.0033695,0.01053982,6.637150431440111e-09,58
1,[],12,[],2019-02-01 02:35:13,2338612590.282997,0.0000000006,0.000000000000020467380000000002,6554651,2019-02-01 02:35:13,btc,685179811991.8695,0.0,0.0000000006,btc,3115088173.152947,0.011446135416783215,0.9140104192645632,58
0,[],17,[],2019-02-01 02:35:15,0.0,0,0,6554652,2019-02-01 02:35:15,btc,1e+24,0.0,0,btc,41616695.95832568,0.0,0.0,58
0.00000000012341390000000002,[],22,[],2019-02-01 02:35:18,137438.0,1.234139e-18,4.2099319809700004e-23,6554653,2019-02-01 02:35:18,XMR,69.8835922,0.0,0.00000001,XMR,9887963.0,0.0,0.00137438,58
1,[],5,[],2019-02-01 02:35:21,9.25e-06,0.00000069,0.000000000023537487,6554654,2019-02-01 02:35:21,btc,0.4624785,0.09244352,0.00000069,btc,0.00013324,0.0,0.1232546,61
1,[],22,[],2019-02-01 02:35:25,5111.5,0.00000011,0.000000000003752353,6554655,2019-02-01 02:35:25,BTC,1002.29606732,0.0,0.00000011,BTC,15028.700278135757,0.0,0.00051178,61
1,[],26,[],2019-02-01 02:35:25,0.0,0,0,6554656,2019-02-01 02:35:25,,0.0,0.0,0,,0.0,0.0,0.0,61
0,[],27,[],2019-02-01 02:35:27,0.0,0,0,6554657,2019-02-01 02:35:27,,0.1550356,0.00032,0,"btc,eth",155.72848,3.2e-07,0.0,61
1,[],28,[],2019-02-01 02:35:29,6898.304,0.00000130,0.00000000004434599,6554658,2019-02-01 02:35:29,btc,2.064424118300105,731.0,0.00000130,btc,11198.17500005,0.0,0.00218011304,61
1,[],4,[],2019-02-01 02:27:01,1314164.32006932,0.00000177,0.00000000006043134,6554464,2019-02-01 02:27:01,btc,0.6663789087615075,0.0,0.00000177,btc,236396.34043537,0.16776599,0.9737665703653111,67
0.0,[],25,[],2019-02-01 02:27:07,0.0,0,0,6554465,2019-02-01 02:27:07,,0.0,0.0,0.0,btc,0.0,0.0,0.0,67
1,[],12,[],2019-02-01 02:27:08,3100019.5819899,0.00000011,0.00000000000375562,6554466,2019-02-01 02:27:08,btc,16893710.224904284,0.0,0.00000011,btc,2190409.13546451,0.0011507394174629,0.0880687628411113,71
,[],5,[],2018-11-20 23:02:39,1.5e-07,0.00000005,0.000000000002128045,4862160,2018-11-20 23:02:39,btc,2.84511358,0.0,,btc,0.00036572,0.0,0.07381892,74
1,[],5,[],2019-01-25 15:53:51,3.303e-05,0.00000156,0.000000000055588884,6499610,2019-01-25 15:53:51,btc,1.42844212,0.0,0.00000156,btc,0.00015937,0.0,0.49487621,75
1,[],4,[],2019-02-01 02:35:30,71015042.26692337,0.00000001,0.00000000000034112300000000003,6554659,2019-02-01 02:35:30,btc,0.8144650091483037,0.0,0.00000001,btc,15000789.10300357,0.00299418,0.7101504226692337,81
0,[],20,[],2019-01-25 09:30:31,0.0,0,0,6495923,2019-01-25 09:30:31,btc,0.0,0.0,0,btc,0.0,0.0,0.0,81
1,[],4,[],2019-02-01 02:35:32,23714.18792675,0.00007370,0.00000000251407651,6554660,2019-02-01 02:35:32,btc,0.929535405923844,0.0,0.00007370,btc,8528.0232303,0.01436757,0.0844732247987915,82
1,[],21,[],2019-02-01 02:35:33,68407.64838734,0.00007545000000000000436786024016,0.0000000025737730350000003,6554661,2019-02-01 02:35:33,btc,3.7654475215748087,3596.17582944,0.000075450000000000004367860240162002583019784651696681976318359375,btc,42867.57074899,0.28252365,3.1447931629760033,82
0,[],17,[],2019-02-01 02:35:36,0.0,0,0,6554662,2019-02-01 02:35:36,btc,0.0447233088476774,0.0,0,btc,999127.19588126,0.0,0.0,84
0.00000000009072240000000001,[],4,[],2019-02-01 02:27:17,182664721.39616212,1.2701136e-17,4.33642185312e-22,6554471,2019-02-01 02:27:17,ltc,0.1975418248867038,0.0,0.00000014,ltc,70492713.08613929,0.0,1.2413214388448886e-09,85
,[],22,[],2018-11-20 23:09:34,3408.1,0.0000001,0.0000000000041895,4862324,2018-11-20 23:09:34,BTC,0.04624735,0.0,,BTC,4990.0,0.0,0.00033081,86
0,[],22,[],2019-02-01 02:35:40,0.0,0,0,6554663,2019-02-01 02:35:40,,2.07810912,0.0,0,,154826.94736842104,0.0,0.0,87
0,[],27,[],2019-02-01 02:35:42,0.0,0,0,6554664,2019-02-01 02:35:42,,0.0,0.0,0,btc,0.0,0.0,0.0,87
,[],2,[],2018-11-20 23:10:47,0.0,0,0,4862359,2018-11-20 23:10:47,,0.0,0.0,,,0.0,0.0,0.0,88
1,[],11,[],2019-02-01 02:27:23,107101.625191,0.00018568999999999999243362192036244096016162075102329254150390625,0.000000006339827979999999,6554474,2019-02-01 02:27:23,btc,235.65951491629679,11.0,0.00018568999999999999243362192036244096016162075102329254150390625,btc,184887.39518278,0.0,8.382893409901971,89
0,[],2,[],2019-01-20 23:31:45,0.0,0,0,6477083,2019-01-20 23:31:45,,0.0,0.0,0,,0.0,0.0,0.0,91
1,[],12,[],2019-02-01 02:27:25,522068.12699812,0.0000037299999999999998629741926325920076124020852148532867431640625,0.00000000012734966,6554475,2019-02-01 02:27:25,btc,124.5319471368158,0.0,0.0000037299999999999998629741926325920076124020852148532867431640625,btc,17411.73946242,0.0493293437762973,0.1638699415585897,91
0,[],17,[],2019-02-01 02:27:27,0.0,0,0,6554476,2019-02-01 02:27:27,btc,0.0,0.0,0,btc,0.0,0.0,0.0,91
0.00000000009072240000000001,[],22,[],2019-02-01 02:27:33,27704724.0,6.350568e-18,2.16821092656e-22,6554477,2019-02-01 02:27:33,LTC,8.48762787,0.0,0.00000007,LTC,73797158.1,2.13845397936e-13,1.42416948,95
1,[],4,[],2019-02-01 02:35:42,132762587.4189344,0.00000001,0.00000000000034112300000000003,6554665,2019-02-01 02:35:42,btc,1.3478400165069075,0.0,0.00000001,"btc,ltc",67786847.69468108,0.00061212,0.00038588067161135893,96
1,[],12,[],2019-02-01 02:35:44,1208260.0,0.00000001,0.00000000000034112300000000003,6554666,2019-02-01 02:35:44,btc,255063.37724011563,0.0,0.00000001,btc,8708396.33297676,0.00012723,0.0120826,96
0,[],17,[],2019-02-01 02:35:45,0.0,0,0,6554667,2019-02-01 02:35:45,btc,0.0,0.0,0,btc,0.0,0.0,0.0,96
1,[],4,[],2019-01-28 01:29:03,1472892.19429314,0.00000039,0.000000000013841295,6517118,2019-01-28 01:29:03,btc,0.30363706505258,0.0,0.00000039,btc,473598.41813208,0.02260545,0.1322524391209234,99
1,[],4,[],2019-02-01 02:35:48,197001.64838952,0.00004105,0.000000001400309915,6554668,2019-02-01 02:35:48,btc,1.2322160736598502,0.0,0.00004105,btc,26563.37958765,3.07821627,1.6121689818775458,100
0,[],2,[],2019-01-20 23:23:55,0.0,0,0,6476914,2019-01-20 23:23:55,,0.0,0.0,0,,0.0,0.0,0.0,100
1,[],22,[],2019-02-01 02:27:41,50000.0,0.00000001,0.00000000000034141999999999997,6554482,2019-02-01 02:27:41,BTC,23.50383609,0.0,0.00000001,BTC,11277.22,0.0,0.0005,101
1,[],4,[],2019-02-01 02:27:42,143697.24028038,0.00000091,0.00000000003106922,6554483,2019-02-01 02:27:42,btc,0.4022739222077171,0.0,0.00000091,btc,152281.18542017,0.00366681,0.0717426089349606,103
1,[],12,[],2019-02-01 02:35:49,78344562.976,0.000000017,0.0000000000005799091,6554669,2019-02-01 02:35:49,btc,9138279107.912397,0.0,0.000000017,btc,151395422.57684246,0.10180250055114864,0.49169304659199997,105
1,[],27,[],2019-02-01 02:35:52,418431.89,0.00000001,0.00000000000034112300000000003,6554670,2019-02-01 02:35:52,btc,0.6918209812039386,65555.0,0.00000001,btc,652429.78903401,0.0013111,0.0041843189,105
0,[],22,[],2019-02-01 02:35:58,0.0,0,0,6554671,2019-02-01 02:35:58,,1.07253299,0.0,0,,94300.0,0.0,0.0,107
1,[],26,[],2019-02-01 02:35:58,0.0,0,0,6554672,2019-02-01 02:35:58,,0.0,0.0,0,,0.0,0.0,0.0,107
1,[],5,[],2019-02-01 02:27:50,3e-08,0.00000002,0.0000000000006828399999999999,6554488,2019-02-01 02:27:50,btc,3.2197044,0.07332152,0.00000002,btc,1.589e-05,0.0,0.06066849,112
1,[],22,[],2019-02-01 02:27:54,1966.0,0.00000001,0.00000000000034141999999999997,6554489,2019-02-01 02:27:54,BTC,2.84243449,0.0,0.00000001,BTC,977103.5833333334,0.0,1.966e-05,112
0.0000000003062296,[],27,[],2019-02-01 02:28:04,500000.0,3.0622960000000003e-18,1.04552910032e-22,6554490,2019-02-01 02:28:04,eth,1.25356065,0.0,0.00000001,"btc,eth",1328.0,0.0,1.531148e-12,112
1,[],4,[],2019-02-01 02:35:59,483966.03465641,0.00000414,0.00000000014122492200000002,6554673,2019-02-01 02:35:59,btc,0.5409490092462375,0.0,0.00000414,btc,96328.08434507,0.48809802,0.3109548710690557,113
1,[],5,[],2019-02-01 02:36:01,2.467e-05,0.00000367,0.000000000125192141,6554674,2019-02-01 02:36:01,btc,2.19911647,0.0004392,0.00000367,btc,0.00334937,0.0,0.20198571,113
1,[],17,[],2019-02-01 02:28:07,212548.72400000002,0.00000004,0.0000000000013656799999999999,6554493,2019-02-01 02:28:07,btc,1.3368030273997842,0.00083281104,0.00000004,btc,51896.221,0.0,0.00460194896,116
0,[],27,[],2019-02-01 02:28:09,0.0,0,0,6554494,2019-02-01 02:28:09,,0.0,0.0,0,btc,0.0,0.0,0.0,116
1,[],4,[],2019-02-01 02:28:10,1076947.20121668,0.00001850,0.000000000631627,6554495,2019-02-01 02:28:10,btc,0.2577832333639361,0.0,0.00001850,btc,12735.81677461,0.01525645,1.6007065128362126,120
1,[],7,[],2019-02-01 02:28:11,2214.17085348,0.00001796000000000000083899033553880286717685521580278873443603515625,0.00000000061319032,6554496,2019-02-01 02:28:11,btc,90.07341315955591,0.56708778,0.00001796000000000000083899033553880286717685521580278873443603515625,btc,22253.982548789998,2.206e-05,0.0213378359510284,120
1,[],20,[],2019-02-01 02:28:13,1607251.0096,0.000000013,0.000000000000443846,6554497,2019-02-01 02:28:13,btc,33.7489442370083,0.0,0.000000013,btc,1074422.3317,0.0,0.0088351098642,125
1,[],22,[],2019-02-01 02:28:17,3053.0,0.00000001,0.00000000000034141999999999997,6554498,2019-02-01 02:28:17,BTC,0.01444889,0.0,0.00000001,BTC,296264.5111111111,0.0,3.053e-05,126
1,[],4,[],2019-02-01 02:28:18,116417.84141239,0.00001498,0.00000000051144716,6554499,2019-02-01 02:28:18,btc,0.5804152671956523,0.0,0.00001498,btc,29667.59006597,0.22671911,0.9537718952738428,131
0,[],17,[],2019-02-01 02:28:20,0.0,0,0,6554500,2019-02-01 02:28:20,btc,0.0008451375975800001,0.0,0,btc,30.89614684,0.0,0.0,131
0,[],2,[],2019-01-20 23:25:46,0.0,0,0,6476969,2019-01-20 23:25:46,,0.0,0.0,0,,0.0,0.0,0.0,131
1,[],4,[],2019-02-01 02:36:03,4614.73429796,0.00016001,0.000000005458309123,6554675,2019-02-01 02:36:03,btc,1.6405050330892617,0.0,0.00016001,btc,302.35845559,0.0,0.0118639733096725,135
1,[],3,[],2019-02-01 02:28:23,1859672.7390739701,0.00000007,0.0000000000023899400000000002,6554502,2019-02-01 02:28:23,btc,0.15730785207927178,4133.56111112,0.00000007,btc,317737.27784488,0.0,0.0668154606703678,136
1,[],4,[],2019-02-01 02:36:04,89495.13778674,0.00000198,0.000000000067542354,6554676,2019-02-01 02:36:04,btc,0.6015278768686646,0.0,0.00000198,btc,210461.83265028,0.18929391,0.1227088462809377,137
1,[],12,[],2019-02-01 02:36:05,316406.77939327003,0.000002120000000000000031120939159023919273749925196170806884765625,0.000000000072318076,6554677,2019-02-01 02:36:05,btc,11982.84291696821,0.0,0.000002120000000000000031120939159023919273749925196170806884765625,btc,123762.08288743,0.1408661812794344,0.06830560776827681,137
1,[],5,[],2019-02-01 02:28:26,0.00110095,0.00003415,0.0000000011659492999999999,6554505,2019-02-01 02:28:26,btc,3.29113423,1.6205081,0.00003415,btc,0.00351456,0.0,1.33447784,142
1,[],17,[],2019-02-01 02:28:29,12500.0,0.0000001,0.0000000000034141999999999997,6554506,2019-02-01 02:28:29,btc,20.26098602582383,0.0,0.0000001,btc,5932.0,0.0,0.00125,142
1,[],20,[],2019-02-01 02:28:31,149794.9803,0.000025423,0.000000000867992066,6554507,2019-02-01 02:28:31,btc,2.7825621070592,305.4111,0.000025423,btc,11596.8228,0.0122769009232,0.2489753023153,142
1,[],22,[],2019-02-01 02:28:34,990.0,0.00001880,0.0000000006418696,6554508,2019-02-01 02:28:34,BTC,3.00453575,0.0,0.00001880,BTC,900.098,0.0,0.00022106,142
0.0,[],25,[],2019-02-01 02:28:36,0.0,0,0,6554509,2019-02-01 02:28:36,,0.0,0.0,0.0,btc,0.0,0.0,0.0,142
1,[],28,[],2019-02-01 02:28:40,78710.0,0.00002500,0.00000000085355,6554510,2019-02-01 02:28:40,btc,0.15329397587,1053.0,0.00002500,btc,3062.8305,0.0,0.0312247,142
0,[],22,[],2019-01-28 18:33:43,0.0,0,0,6521842,2019-01-28 18:33:43,,61.27958297,0.0,0,,815366265.8,0.0,0.0,143
1,[],21,[],2019-02-01 02:28:41,38549685.28910212,0.00000027,0.00000000000921834,6554511,2019-02-01 02:28:41,btc,53.78370298115952,8694441.62513474,0.00000027,btc,94175296.4536163,2.40886577,5.853679579382062,145
0,[],22,[],2019-02-01 02:28:43,0.0,0,0,6554512,2019-02-01 02:28:43,,4.31833784,0.0,0,,1417838.5,0.0,0.0,146
,[],22,[],2018-11-20 23:01:11,0.0,0,0,4862114,2018-11-20 23:01:11,,2.56807021,0.0,,,61828.4988236,0.0,0.0,147
1,[],12,[],2019-01-31 22:26:17,8690820.33669323,0.000003000000000000000076002572291233860823922441340982913970947265625,0.0000000001033443,6551723,2019-01-31 22:26:17,btc,16.557209080394404,0.0,0.000003000000000000000076002572291233860823922441340982913970947265625,btc,111817.83189148,0.0011719885091368,0.1201616199000073,148
1,[],4,[],2019-02-01 02:28:44,209200.19053155,0.00000027,0.00000000000921834,6554513,2019-02-01 02:28:44,btc,0.6883241417512619,0.0,0.00000027,btc,503150.08636268,0.00139257,0.0421574566747385,152
0,[],22,[],2019-02-01 02:28:47,0.0,0,0,6554514,2019-02-01 02:28:47,,0.0,0.0,0,,0.0,0.0,0.0,152
1,[],5,[],2019-02-01 02:28:48,0.0,0,0,6554515,2019-02-01 02:28:48,btc,4.41614365,0.0,0,btc,0.00161275,0.0,0.0,153
,[],16,[],2019-01-11 15:38:59,0.0,0,0,6366141,2019-01-11 15:38:59,btc,0.0,0.0,,btc,0.0,0.0,0.0,155
0,[],22,[],2019-02-01 02:36:08,0.0,0,0,6554678,2019-02-01 02:36:08,,6.73310957,0.0,0,,4562882.742592593,0.0,0.0,156
0,[],23,[],2019-01-20 23:24:29,0.0,0,0,6476932,2019-01-20 23:24:29,,0.0,0.0,0,,0.0,0.0,0.0,156
1,[],22,[],2019-02-01 02:36:19,7906.0,0.00000801,0.000000000273239523,6554679,2019-02-01 02:36:19,BTC,43.78801181,0.0,0.00000801,BTC,1067.5805334758436,0.0,0.00743836,157
0,[],22,[],2019-02-01 02:29:00,0.0,0,0,6554518,2019-02-01 02:29:00,,50175.6753658,0.0,0,,54007107.04179466,0.0,0.0,158
,[],17,[],2018-11-20 22:56:10,0.0,0,0,4861976,2018-11-20 22:56:10,btc,1.1265625,0.0,,btc,1000.0,0.0,0.0,159
,[],20,[],2018-11-20 22:56:12,0.0,0,0,4861977,2018-11-20 22:56:12,btc,11912.7940471,0.0,,btc,34413894.3617,0.0,0.0,159
1,[],12,[],2019-02-01 02:36:20,194425.28785678,0.000010250000000000000118503297452665634637014591135084629058837890625,0.000000000349651075,6554680,2019-02-01 02:36:20,btc,6.687727055219819,0.0,0.000010250000000000000118503297452665634637014591135084629058837890625,btc,14840.137161820001,0.0060606839378469,0.0963015065400203,168
1,[],17,[],2019-02-01 02:36:22,29784.95,0.000001,0.0000000000341123,6554681,2019-02-01 02:36:22,btc,0.0353989844335,0.0,0.000001,btc,196.82520268,0.0,0.00716147,168
0,[],22,[],2019-02-01 02:29:14,0.0,0,0,6554521,2019-02-01 02:29:14,,1.13380276,0.0,0,,689102.5537281231,0.0,0.0,169
1,[],22,[],2019-02-01 02:29:18,38592.05806451613,0.00000031,0.00000000001058402,6554522,2019-02-01 02:29:18,BTC,10.32547772,0.0,0.00000031,BTC,57012.39304007068,0.00203602,0.01032914,171
1,[],22,[],2019-02-01 02:29:23,158599.0,0.0000001,0.0000000000034141999999999997,6554523,2019-02-01 02:29:23,BTC,2.62322515,0.0,0.0000001,BTC,238212.5674200973,0.00707751,0.00769999,173
1,[],5,[],2019-02-01 02:29:25,3.959e-05,0.00000390,0.0000000001331538,6554524,2019-02-01 02:29:25,btc,0.42025306,0.06673654,0.00000390,btc,0.00033662,0.0,0.70488113,175
1,[],22,[],2019-02-01 02:29:31,136201.0,0.00000033,0.00000000001126686,6554525,2019-02-01 02:29:31,BTC,0.61694683,0.0,0.00000033,BTC,156515.17417750834,0.00515678,0.01289628,176
1,[],7,[],2019-02-01 02:29:32,0.0,0,0,6554526,2019-02-01 02:29:32,btc,10965.660263001393,1000.0,0,btc,123199465.68292762,1e-05,0.0,178
0,[],22,[],2019-02-01 02:29:34,0.0,0,0,6554527,2019-02-01 02:29:34,,1.00242428,0.0,0,,57512.0,0.0,0.0,178
0,[],2,[],2019-01-20 23:28:34,0.0,0,0,6477001,2019-01-20 23:28:34,,0.0,0.0,0,,0.0,0.0,0.0,178
0,[],23,[],2019-01-20 23:25:08,0.0,0,0,6476952,2019-01-20 23:25:08,,0.0,0.0,0,,0.0,0.0,0.0,179
1,[],5,[],2019-02-01 02:29:35,3e-08,0.00000002,0.0000000000006828399999999999,6554528,2019-02-01 02:29:35,btc,16.64286358,0.17748199,0.00000002,btc,2.088e-05,0.0,1.35547731,179
1,[],22,[],2019-02-01 02:29:39,8317447.0,0.00000003,0.00000000000102426,6554529,2019-02-01 02:29:39,BTC,5.47650498,0.0,0.00000003,"BTC,LTC",17037933.401989967,0.000565,0.40404309,179
1,[],17,[],2019-02-01 02:29:41,10504.725,0.0000001,0.0000000000034141999999999997,6554530,2019-02-01 02:29:41,btc,5.206877489876989,0.0,0.0000001,btc,7465.6174587,0.0,0.0010504725,180
1,[],22,[],2019-02-01 02:29:45,5785.4,0.00000001,0.00000000000034141999999999997,6554531,2019-02-01 02:29:45,BTC,0.09633436,0.0,0.00000001,"BTC,LTC",16823.80336569223,0.0,7.724e-05,180
1,[],26,[],2019-02-01 02:29:45,0.0,0.00000010,0.0000000000034141999999999997,6554532,2019-02-01 02:29:45,btc,0.0,4930.098,0.00000010,btc,0.0,0.0,0.0,180
,[],7,[],2018-11-20 22:58:01,562227.975654,0.00000085,0.000000000036176765,4862015,2018-11-20 22:58:01,btc,21836.6059674,2491.87645172,,btc,749999.041456,0.00211021,0.127565380455,183
,[],5,[],2019-01-10 08:11:41,0.0,0,0,6347036,2019-01-10 08:11:41,btc,82.15055501,0.00261,,btc,1.19002445,0.0,0.0,187
1,[],24,[],2019-02-01 02:29:46,0.0,0.000000000001,3.4141999999999996e-17,6554533,2019-02-01 02:29:46,btc,0.0,0.0,0.000000000001,btc,0.0,0.0,0.0,187
,[],17,[],2018-11-16 20:58:10,4062536.27273,0.00000001,0.000000000000550501,4708775,2018-11-16 20:58:10,btc,3.36492563466,0.195460381006,,"btc,eth",110697919.549,0.0,0.0157628953496,187
0,[],22,[],2019-02-01 02:29:50,0.0,0,0,6554534,2019-02-01 02:29:50,,1.19382741,0.0,0,,13380.036201072173,0.0,0.0,191
0,[],22,[],2019-01-29 02:57:02,0.0,0,0,6524994,2019-01-29 02:57:02,,0.0,0.0,0,,0.0,0.0,0.0,197
0,[],23,[],2019-01-20 23:31:41,0.0,0,0,6477079,2019-01-20 23:31:41,,0.0,0.0,0,,0.0,0.0,0.0,199
1,[],26,[],2019-02-01 02:29:51,0.0,0.00000000,0,6554535,2019-02-01 02:29:51,btc,0.0,768434.0,0.00000000,btc,0.0,0.0,0.0,199
0,[],17,[],2019-01-30 16:32:01,0.0,0,0,6540827,2019-01-30 16:32:01,btc,6.802544163788159,0.0,0,btc,105897.55575295,0.0,0.0,200
0,[],2,[],2019-01-20 23:30:49,0.0,0,0,6477059,2019-01-20 23:30:49,,0.0,0.0,0,,0.0,0.0,0.0,201
1,[],4,[],2019-01-25 15:51:35,2084389.58565343,0.00000936,0.000000000333526752,6499557,2019-01-25 15:51:35,btc,2.0092503037378524,0.0,0.00000936,btc,160195.80207885,0.19272417,1.242687955921835,211
1,[],7,[],2019-02-01 02:29:56,19835420.31553203,0.000001219999999999999965968520108938744073157067759893834590911865234375,0.000000000041653239999999996,6554536,2019-02-01 02:29:56,btc,16567793.012837684,272403.605346,0.000001219999999999999965968520108938744073157067759893834590911865234375,btc,11545657.46633006,0.0,5.964590455702141,212
1,[],12,[],2019-01-25 02:44:32,207462.42853209,0.000001080000000000000035831255497387193287295303889550268650054931640625,0.000000000038610756000000006,6493050,2019-01-25 02:44:32,btc,85023.03793723314,0.0,0.000001080000000000000035831255497387193287295303889550268650054931640625,btc,43675.73520027,0.000146250909087,0.0348620860622024,213
1,[],5,[],2019-02-01 02:29:58,5.55e-06,0.00000036,0.000000000012291119999999999,6554537,2019-02-01 02:29:58,btc,1.01889645,0.15055392,0.00000036,btc,3.457e-05,0.0,0.36048771,213
1,[],24,[],2019-02-01 02:29:59,0.0,0.000000050000,0.0000000000017070999999999999,6554538,2019-02-01 02:29:59,btc,0.0,0.0,0.000000050000,btc,0.0,0.0,0.0,213
1,[],26,[],2019-02-01 02:29:59,0.0,0.00000003,0.00000000000102426,6554539,2019-02-01 02:29:59,btc,0.0,0.0,0.00000003,btc,0.0,0.0,0.0,213
1,[],22,[],2019-02-01 02:30:04,277669.0,0.00000006,0.00000000000204852,6554540,2019-02-01 02:30:04,BTC,70.22227801,0.0,0.00000006,BTC,253693.63137942314,0.00092487,0.00479014,216
1,[],27,[],2019-02-01 02:30:06,5075645.0,0.0000001,0.0000000000034141999999999997,6554541,2019-02-01 02:30:06,btc,323.33880920316,4900.0,0.0000001,"btc,ltc",265819.13311,0.002107,0.0518235,216
1,[],22,[],2019-02-01 02:30:10,337538.1583599092,0.00000297,0.00000000010140174,6554542,2019-02-01 02:30:10,BTC,12678.26052515,0.0,0.00000297,BTC,416023.5871531585,0.05312353,0.55411144,217
1,[],7,[],2019-02-01 02:30:11,0.0,0,0,6554543,2019-02-01 02:30:11,btc,302.5343166391106,0.0,0,btc,130240320.6214003,0.0,0.0,219
0,[],27,[],2019-02-01 02:30:13,0.0,0,0,6554544,2019-02-01 02:30:13,,0.0741038339680918,0.0,0,btc,1542429.2070951,0.0,0.0,219
0.0000000000000055,[],28,[],2019-02-01 02:30:15,204976012.301,5.500000000000001e-18,1.8778100000000002e-22,6554545,2019-02-01 02:30:15,doge,88554.0318717675,114695.0,0.00100000,"btc,doge",4969437.84751,0.0,2.7623609860200147e-11,219
1,[],22,[],2019-02-01 02:30:26,202578.0,0.00000055,0.0000000000187781,6554546,2019-02-01 02:30:26,BTC,2.39211741,0.0,0.00000055,BTC,33805.55212317522,0.000572,0.02031773,221
1,[],24,[],2019-02-01 02:30:26,0.0,0.000000100000,0.0000000000034141999999999997,6554547,2019-02-01 02:30:26,btc,0.0,10593.64272,0.000000100000,btc,0.0,0.00549845,0.0,221
1,[],26,[],2019-02-01 02:30:26,0.0,0.00000002,0.0000000000006828399999999999,6554548,2019-02-01 02:30:26,btc,0.0,8140.0,0.00000002,btc,0.0,0.0,0.0,231
1,[],26,[],2019-02-01 02:30:26,0.0,0.00000004,0.0000000000013656799999999999,6554549,2019-02-01 02:30:26,btc,0.0,0.0,0.00000004,btc,0.0,0.0,0.0,234
0,[],27,[],2019-02-01 02:30:28,0.0,0,0,6554550,2019-02-01 02:30:28,,0.0113483662182,0.0,0,"btc,eth",11462.99618,0.0,0.0,234
0.00000000009072240000000001,[],22,[],2019-02-01 02:30:31,8829858.0,1.8144480000000002e-18,6.194888361600001e-23,6554551,2019-02-01 02:30:31,LTC,3.66729979,0.0,0.00000002,LTC,96768858.89646465,1.3746815083536002e-11,0.08939716,235
1,[],4,[],2019-02-01 02:30:32,705746.19907619,0.00000072,0.000000000024582239999999998,6554552,2019-02-01 02:30:32,btc,0.1608733800639251,0.0,0.00000072,btc,143099.09660904,0.06840877,0.1449685610299605,236
1,[],24,[],2019-02-01 02:30:32,0.0,0.000000010000,0.00000000000034141999999999997,6554553,2019-02-01 02:30:32,btc,0.0,0.0,0.000000010000,btc,0.0,0.0,0.0,236
1,[],20,[],2019-02-01 02:30:35,9346887.9932,0.000000064,0.000000000002185088,6554554,2019-02-01 02:30:35,btc,14.3582539835147,17030603.7316,0.000000064,btc,24964536.6964,1.0914924997422,0.4013617978636,237
1,[],22,[],2019-02-01 02:30:38,10000.0,0.00000001,0.00000000000034141999999999997,6554555,2019-02-01 02:30:38,BTC,0.04144357,0.0,0.00000001,BTC,10254.2,0.0,0.0001,237
1,[],4,[],2019-02-01 02:30:39,3820249.74316475,0.00000033,0.00000000001126686,6554556,2019-02-01 02:30:39,btc,0.3475145789066671,0.0,0.00000033,btc,964781.57593865,0.18120557,1.1544163664886598,238
1,[],5,[],2019-02-01 02:30:41,4.29e-06,0.00000033,0.00000000001126686,6554557,2019-02-01 02:30:41,btc,0.77387629,0.00113396,0.00000033,btc,2.957e-05,0.0,0.37242217,238
1,[],22,[],2019-02-01 02:30:44,257468.0,0.00000004,0.0000000000013656799999999999,6554558,2019-02-01 02:30:44,BTC,15.41121493,0.0,0.00000004,BTC,260531.6957209311,9.219e-05,0.00829884,249
0.00000000009072240000000001,[],22,[],2019-02-01 02:30:49,5916263.0,2.721672e-18,9.292332542400001e-23,6554559,2019-02-01 02:30:49,LTC,0.62863999,0.0,0.00000003,LTC,14168963.815,3.5069024959440004e-12,0.14142705,252
1,[],28,[],2019-02-01 02:30:52,2209264.286,0.00000007,0.00000000000238994,6554560,2019-02-01 02:30:52,btc,164692.30083800084,20221.7,0.00000007,btc,886581.0395,0.0,0.0697193563,256
1,[],22,[],2019-02-01 02:31:04,108087.57142857143,0.00000008,0.0000000000027313599999999998,6554561,2019-02-01 02:31:04,BTC,35605.56348112,0.0,0.00000008,BTC,498841.29945876444,0.00067395,0.00347369,258
1,[],22,[],2019-01-26 20:58:41,368451.0,0.00000001,0.000000000000356135,6510120,2019-01-26 20:58:41,BTC,2.642917,0.0,0.00000001,"BTC,LTC",1862.0,0.0,0.02488451,259
1,[],22,[],2019-02-01 02:31:07,2305.1359677419355,0.00000800,0.00000000027313599999999997,6554562,2019-02-01 02:31:07,BTC,4.6896325,0.0,0.00000800,BTC,6370.434570597176,0.00859541,0.01607101,262
1,[],5,[],2019-02-01 02:31:09,4.518e-05,0.00000225,0.0000000000768195,6554563,2019-02-01 02:31:09,btc,0.99963788,0.6822887,0.00000225,btc,0.0009943,0.0,0.19002361,264
1,[],20,[],2019-02-01 02:31:10,1174464.5787,0.0000044,0.0000000001502248,6554564,2019-02-01 02:31:10,btc,5.0999357334471,17459.66,0.0000044,btc,105120.9612,0.0815523955976,0.0318970898176,264
1,[],22,[],2019-02-01 02:31:14,143431.0,0.00000002,0.0000000000006828399999999999,6554565,2019-02-01 02:31:14,BTC,8.65643669,0.0,0.00000002,BTC,330779.0934647885,0.0001144,0.00237099,271
0,[],22,[],2019-02-01 02:31:16,0.0,0,0,6554566,2019-02-01 02:31:16,,364.34578824,0.0,0,,14192460724.9,0.0,0.0,272
0.0000000000000055,[],28,[],2019-02-01 02:31:18,222700211027.724,7.480000000000001e-21,2.5538216e-25,6554567,2019-02-01 02:31:18,doge,75167845.50926912,18522402514.89,0.00000136,doge,144241544993.2323,0.0,7.748013469676112e-10,272
