pairValue,buyBook,exchangeId,sellBook,updated,buyTotal,satoshiPrice,usdPrice,exchangeLogId,created,bestPair,sellTotalBtc,volume,pairPrice,activePairs,sellTotal,volumeBtc,buyTotalBtc,coinId
1,[],3,[],2019-02-15 11:03:04,138.072076675731,0.013038660000000000527276000639176345430314540863037109375,0.00000047148446493000007,6675819,2019-02-15 11:03:04,btc,107.0636506419004,1.15313498,0.013038660000000000527276000639176345430314540863037109375,btc,21.234054636171,0.0,0.3812171913849651,1
1,[],4,[],2019-02-15 11:03:05,89.37432929,0.01332997,0.000000482018380185,6675820,2019-02-15 11:03:05,btc,0.9085032057697416,0.0,0.01332997,btc,64.54773936,1.65694356,1.0864541001331363,1
1,[],5,[],2019-02-15 11:03:08,0.27013975,0.01291978,0.00000046718570469000005,6675821,2019-02-15 11:03:08,btc,14578.75203544,0.57871889,0.01291978,btc,35555556.2330661,0.0,2.28444887,1
1,[],10,[],2019-02-15 11:03:10,414096.61465224,0.0111503,0.00000040320042315,6675822,2019-02-15 11:03:10,btc,6525.72587444918,1167.1287422,0.0111503,btc,1090.27677981,0.0,5.163025805733089,1
1,[],12,[],2019-02-15 11:03:13,10453.69966455,0.013119999999999999718003351745210238732397556304931640625,0.00000047442576,6675823,2019-02-15 11:03:13,btc,0.254956215253,0.0,0.013119999999999999718003351745210238732397556304931640625,btc,12.45027002,1.5710177682427,0.442470469943,1
1,[],20,[],2019-02-15 11:03:15,1152.1903,0.010500212,0.000000379692916026,6675824,2019-02-15 11:03:15,btc,0.0573537536243,0.0,0.010500212,btc,2.5253,0.0,0.1009221821981,1
1,[],21,[],2019-02-15 11:03:16,2426.11274435,0.01311481999999999925599070139,0.00000047423844861,6675825,2019-02-15 11:03:16,btc,29.159314970336347,4877.94715586,0.0131148199999999992559907013855990953743457794189453125,"btc,eth",2698.65267881,55.0213906323792,24.012304293639232,1
1,[],22,[],2019-02-15 11:03:27,0.0280576,0.01350000,0.00000048816675,6675826,2019-02-15 11:03:27,BTC,0.3139634,0.0,0.01350000,BTC,0.10070366666666666,0.0,0.00036518,1
1,[],24,[],2019-02-15 11:03:27,0.0,0.000000000000,0,6675827,2019-02-15 11:03:27,btc,0.0,0.0,0.000000000000,btc,0.0,0.0,0.0,1
0.0,[],25,[],2019-02-15 11:03:28,0.0,0,0,6675828,2019-02-15 11:03:28,btc,23.879699997938236,628.16071136,0.0,btc,1776.94816301,8.2493,0.0,1
1,[],26,[],2019-02-15 11:03:38,0.0,0,0,6675829,2019-02-15 11:03:38,,0.0,0.0,0,,0.0,0.0,0.0,1
1,[],28,[],2019-02-15 11:03:40,992.968,0.01231000,0.00000044513575500000003,6675830,2019-02-15 11:03:40,btc,0.162839806,17394.2,0.01231000,btc,8.9,0.0,0.086870176,1
0,[],2,[],2019-01-20 23:28:45,0.0,0,0,6477011,2019-01-20 23:28:45,,0.0,0.0,0,,0.0,0.0,0.0,1
1,[],5,[],2019-02-15 11:03:41,1.838e-05,0.00000071,0.000000000025673955000000002,6675831,2019-02-15 11:03:41,btc,0.12248008,0.01505026,0.00000071,btc,6.166e-05,0.0,0.26123019,2
0,[],22,[],2019-02-15 11:03:45,0.0,0,0,6675832,2019-02-15 11:03:45,,0.0,0.0,0,,0.0,0.0,0.0,2
1,[],5,[],2019-02-15 11:03:48,1.29e-06,0.00000017,0.000000000006147285,6675833,2019-02-15 11:03:48,btc,4.35233186,0.03166296,0.00000017,btc,2.278e-05,0.0,3.56707572,3
1,[],12,[],2019-02-15 11:03:50,12240155.61952095,0.000000169,0.0000000000061111245,6675834,2019-02-15 11:03:50,btc,923741.0111192223,0.0,0.000000169,btc,7988983.10828638,0.07429640007361747,0.5049620724786753,3
0,[],28,[],2019-02-15 11:03:51,0.0,0,0,6675835,2019-02-15 11:03:51,,0.0,0.0,0,,0.0,0.0,0.0,3
0,[],2,[],2019-01-20 23:31:32,0.0,0,0,6477077,2019-01-20 23:31:32,,0.0,0.0,0,,0.0,0.0,0.0,4
1,[],4,[],2019-02-15 11:03:52,370698.91903058,0.00000034,0.00000000001229457,6675836,2019-02-15 11:03:52,btc,0.3812511429893935,0.0,0.00000034,btc,338651.23757444,0.0,0.0452380200652495,4
1,[],12,[],2019-02-14 17:26:54,1405077.5219999999,0.00000004,0.000000000001441592,6666503,2019-02-14 17:26:54,btc,11113878.38315974,0.0,0.00000004,btc,1084186.13790569,0.0004039437362635,0.02355927044,5
0,[],2,[],2019-01-20 23:31:51,0.0,0,0,6477087,2019-01-20 23:31:51,,0.0,0.0,0,,0.0,0.0,0.0,6
1,[],11,[],2019-02-15 11:03:54,1952085.5,0.00000002,0.0000000000007232100000000001,6675837,2019-02-15 11:03:54,btc,9433.254151330582,623000.0,0.00000002,btc,39453987.81962851,0.0,0.030551405,6
1,[],3,[],2019-02-15 11:03:56,1077.713733273154,0.00014526999999999999657086802162808680805028416216373443603515625,0.000000005253035835,6675838,2019-02-15 11:03:56,btc,27.605824309446497,0.0,0.00014526999999999999657086802162808680805028416216373443603515625,btc,249.145665820227,0.0,0.03203197781662376,7
1,[],4,[],2019-02-15 11:03:58,21286.3613068,0.00022134,0.00000000800376507,6675839,2019-02-15 11:03:58,btc,2.8241095128403817,0.0,0.00022134,btc,11208.337075,11.85944323,4.211324020501862,7
1,[],5,[],2019-02-15 11:03:59,0.00673826,0.00021256,0.00000000768627588,6675840,2019-02-15 11:03:59,btc,2.54139225,0.61254892,0.00021256,btc,0.01383692,0.0,2.0106349,7
1,[],20,[],2019-02-15 10:50:17,43516494.8418,0.000000001,0.000000000000036107300000000004,6675638,2019-02-15 10:50:17,btc,116.5827776391263,0.0,0.000000001,btc,29035064.8892,0.0,0.0435164948418,8
0,[],2,[],2019-01-20 23:22:42,0.0,0,0,6476876,2019-01-20 23:22:42,,0.0,0.0,0,,0.0,0.0,0.0,9
0,[],23,[],2019-01-20 23:22:48,0.0,0,0,6476878,2019-01-20 23:22:48,,0.0,0.0,0,,0.0,0.0,0.0,9
1,[],1,[],2019-02-15 11:04:03,3245072.15,0.000001839999999999999959088173122345732934945772285573184490203857421875,0.00000000006653532,6675841,2019-02-15 11:04:03,btc,4.9867973583000005,22879047.94,0.000001839999999999999959088173122345732934945772285573184490203857421875,btc,2655241.34,41.537296,5.9206071071,9
1,[],4,[],2019-02-15 11:04:04,239294.95158453,0.00000181,0.000000000065450505,6675842,2019-02-15 11:04:04,btc,0.5869984781287678,0.0,0.00000181,btc,306037.45733661,1.4775545,0.3932147674791819,9
1,[],28,[],2019-02-15 11:04:05,43335.0,0.00000167,0.00000000006038803500000001,6675843,2019-02-15 11:04:05,btc,2708.76119522,3638129.0,0.00000167,btc,11732.68,0.0,0.04320645,9
1,[],4,[],2019-02-10 09:54:02,5828483.02026053,0.00000002,0.000000000000726692,6623074,2019-02-10 09:54:02,btc,0.2014004865591215,0.0,0.00000002,btc,4198675.28035349,0.00021932,0.0653957035452106,10
0,[],2,[],2019-01-20 23:23:08,0.0,0,0,6476890,2019-01-20 23:23:08,,0.0,0.0,0,,0.0,0.0,0.0,12
1,[],4,[],2019-02-15 11:04:06,1165166.23192753,0.00000187,0.000000000067620135,6675844,2019-02-15 11:04:06,btc,3.21502476299108,0.0,0.00000187,btc,1428194.70018274,12.9548523,1.698102258239898,12
1,[],5,[],2019-02-15 11:04:08,4.46e-05,0.00000173,0.000000000062557665,6675845,2019-02-15 11:04:08,btc,0.46525542,1.50541583,0.00000173,btc,0.0001436,0.0,0.65264527,12
0.0,[],25,[],2019-02-15 11:04:10,0.0,0,0,6675846,2019-02-15 11:04:10,,0.0,0.0,0.0,btc,0.0,0.0,0.0,12
1,[],4,[],2019-02-15 11:04:11,1315035.28176992,0.00000654,0.00000000023648967,6675847,2019-02-15 11:04:11,btc,1.1854277655860277,0.0,0.00000654,btc,165033.2485057,1.35872956,1.3887164044006546,13
1,[],21,[],2019-02-15 11:04:15,1286032.61544228,0.000006610000000000000240868523044,0.000000000239020905,6675848,2019-02-15 11:04:15,btc,8.543727656457147,2754011.30629029,0.0000066100000000000002408685230437246360679637291468679904937744140625,btc,1084630.3170568799,19.02377649,7.7977641811230125,13
1,[],10,[],2019-02-15 10:50:28,452467.11208705,0.00000643,0.000000000232169939,6675646,2019-02-15 10:50:28,btc,666805.4522322039,9093.40566281,0.00000643,btc,724985.75071724,0.0,0.4135369392567431,13
1,[],4,[],2019-02-15 11:04:16,996228.95176149,0.00000142,0.000000000051347910000000004,6675849,2019-02-15 11:04:16,btc,0.1263103644859886,0.0,0.00000142,btc,66817.16954595,0.02898998,0.4254736690136094,14
1,[],12,[],2019-02-15 11:04:17,85369.2231405,0.000001260000000000000006510091944689211373997750342823565006256103515625,0.000000000045562230000000003,6675850,2019-02-15 11:04:17,btc,2.776279396836301,0.0,0.000001260000000000000006510091944689211373997750342823565006256103515625,btc,30207.37033352,0.00024822,0.009125080000005,14
0,[],17,[],2019-02-15 11:04:28,0.0,0,0,6675851,2019-02-15 11:04:28,btc,0.0,0.0,0,btc,0.0,0.0,0.0,14
1,[],26,[],2019-02-15 11:04:29,0.0,0.00000050,0.000000000018080250000000003,6675852,2019-02-15 11:04:29,btc,0.0,0.0,0.00000050,btc,0.0,0.0,0.0,14
0,[],4,[],2019-02-15 11:04:30,0.0,0,0,6675853,2019-02-15 11:04:30,,0.0,0.0,0,,0.0,0.0,0.0,15
,[],12,[],2018-12-01 15:15:48,204241.84496,0.00000489,0.000000000202473384,5260204,2018-12-01 15:15:48,btc,49.5475654835,0.0,,btc,35763.2193806,0.0163153972027625,0.0203389899998,15
0,[],2,[],2019-01-20 23:23:38,0.0,0,0,6476906,2019-01-20 23:23:38,,0.0,0.0,0,,0.0,0.0,0.0,18
1,[],4,[],2019-02-15 11:04:31,27508.65822146,0.00001820,0.0000000006581211,6675854,2019-02-15 11:04:31,btc,2.2215250328535627,0.0,0.00001820,btc,7827.4749996,0.00204434,0.1108513652440211,18
1,[],10,[],2019-02-15 11:04:35,796029.57986767,0.00001801,0.000000000651250605,6675855,2019-02-15 11:04:35,btc,15.534651342856288,63.1001,0.00001801,btc,10380.70076343,0.0,0.4174840970797838,18
1,[],12,[],2019-02-15 11:04:36,204601.25442017,0.0000180099999999999986662058137909525612485595047473907470703125,0.000000000651250605,6675856,2019-02-15 11:04:36,btc,22.612016067244554,0.0,0.0000180099999999999986662058137909525612485595047473907470703125,btc,1865.94447713,0.0024051889820322,0.0393136617995516,18
0,[],17,[],2019-02-15 10:50:44,0.0,0,0,6675656,2019-02-15 10:50:44,btc,0.0,0.0,0,btc,0.0,0.0,0.0,18
0,[],2,[],2019-01-20 23:24:19,0.0,0,0,6476924,2019-01-20 23:24:19,,0.0,0.0,0,,0.0,0.0,0.0,19
1,[],3,[],2019-02-15 11:04:48,132625.4159990868,0.00002599999999999999839993443384589255629180115647614002227783203125,0.000000000940173,6675857,2019-02-15 11:04:48,btc,0.5006362300275478,63.5493074734,0.00002599999999999999839993443384589255629180115647614002227783203125,btc,5692.694388264549,0.0,0.17716768622238885,19
1,[],4,[],2019-02-15 11:04:48,234103.80190863,0.00002763,0.000000000999114615,6675858,2019-02-15 11:04:48,btc,0.2568680243790055,0.0,0.00002763,btc,8554.64197476,1.37088448,2.2926625273989476,19
1,[],5,[],2019-02-15 11:04:49,0.00021278,0.00002406,0.0000000008700216300000001,6675859,2019-02-15 11:04:49,btc,0.25322988,0.0,0.00002406,btc,0.00302507,0.0,0.07535244,19
1,[],12,[],2019-02-15 11:04:50,134795.15307892,0.000023059999999999999443535403376159820254542864859104156494140625,0.00000000083386113,6675860,2019-02-15 11:04:50,btc,0.0289625267813548,0.0,0.000023059999999999999443535403376159820254542864859104156494140625,btc,292.66393647,0.0,0.0323214699998952,19
0,[],27,[],2019-02-15 11:04:53,0.0,0,0,6675861,2019-02-15 11:04:53,,0.0,0.0,0,btc,0.0,0.0,0.0,19
1,[],4,[],2019-02-15 11:04:54,8105964.88270166,0.00000014,0.000000000005062470000000001,6675862,2019-02-15 11:04:54,btc,0.7661869636079469,0.0,0.00000014,btc,1592129.81470972,0.00115096,0.2633208437753649,20
1,[],4,[],2019-02-15 11:04:56,112204141.0629021,0.00000002,0.00000000000072321,6675863,2019-02-15 11:04:56,btc,0.5112819377206992,0.0,0.00000002,btc,14675033.32271071,0.01825778,1.2819232651386825,21
1,[],12,[],2019-02-15 11:04:56,17376826.0,0.00000002,0.0000000000007232100000000001,6675864,2019-02-15 11:04:56,btc,669.7041376091021,0.0,0.00000002,btc,8561386.84915352,0.0061676,0.2197768,21
0,[],17,[],2019-02-15 11:04:59,0.0,0,0,6675865,2019-02-15 11:04:59,btc,0.0,0.0,0,btc,0.0,0.0,0.0,21
1,[],12,[],2019-02-15 11:05:00,2934240407.043896,0.0000000002,0.0000000000000072321,6675866,2019-02-15 11:05:00,btc,830864729382.6239,0.0,0.0000000002,btc,4240819184.3268743,0.007007302332268085,0.33691853165558977,23
0,[],27,[],2019-02-15 11:05:02,0.0,0,0,6675867,2019-02-15 11:05:02,,0.7240921565934114,0.0,0,eth,727098.85514486,0.0,0.0,23
1,[],4,[],2019-02-15 11:05:03,390464.98600787,0.00000071,0.000000000025673955000000002,6675868,2019-02-15 11:05:03,btc,0.1949747477770395,0.0,0.00000071,btc,185061.20794377,0.02240675,0.198515275474383,24
1,[],22,[],2019-02-15 11:05:12,11.76,0.00000100,0.000000000036160500000000005,6675869,2019-02-15 11:05:12,BTC,7.415e-05,0.0,0.00000100,BTC,23.919354838709676,0.0,1.176e-05,24
0.0,[],25,[],2019-02-15 11:05:13,0.0,0,0,6675870,2019-02-15 11:05:13,,0.0,0.0,0.0,btc,0.0,0.0,0.0,24
1,[],4,[],2019-02-15 11:05:14,27014526.39239505,0.00000555,0.00000000020069077500000002,6675871,2019-02-15 11:05:14,btc,0.5407416027245691,0.0,0.00000555,btc,45097.39596171,0.20296308,0.4029101185527125,26
1,[],10,[],2019-02-15 11:05:17,736971.09396857,0.0000054,0.00000000019526670000000002,6675872,2019-02-15 11:05:17,btc,25.93586190548699,0.0,0.0000054,btc,15824.17466294,0.0,0.2263979136744379,26
0,[],2,[],2019-01-20 23:25:56,0.0,0,0,6476976,2019-01-20 23:25:56,,0.0,0.0,0,,0.0,0.0,0.0,26
1,[],3,[],2019-02-15 11:05:18,5689817.95913569,0.00000001,0.00000000000036160500000000005,6675873,2019-02-15 11:05:18,btc,2.6998142562093017,926920.026732,0.00000001,btc,17268102.61059958,0.0,0.0568981795913569,27
1,[],5,[],2019-02-15 11:05:19,1e-08,0.00000001,0.000000000000361605,6675874,2019-02-15 11:05:19,btc,1.5981049,0.00026007,0.00000001,btc,4.345e-05,0.0,0.09881515,27
1,[],11,[],2019-02-15 11:05:20,10063976.7912115,0.00000005,0.000000000001808025,6675875,2019-02-15 11:05:20,btc,370.6338154222541,8080.0,0.00000005,btc,8170841.5693934,0.0,0.4660996184459823,27
1,[],4,[],2019-02-15 11:05:21,611322499.1034384,0.00000002,0.00000000000072321,6675876,2019-02-15 11:05:21,btc,0.2995412186880025,0.0,0.00000002,"btc,ltc",21990456.40331964,0.16796183,8.624270392854477,29
1,[],7,[],2019-02-15 11:05:23,28384686.833719518,0.00000002,0.0000000000007232100000000001,6675877,2019-02-15 11:05:23,btc,44465226.076031335,585060.703972,0.00000002,btc,55051613.821716584,0.01173606,0.4128688002381527,29
1,[],4,[],2019-02-15 11:05:24,1495486.3747994,0.00000026,0.000000000009401730000000001,6675878,2019-02-15 11:05:24,btc,0.1469390307646654,0.0,0.00000026,btc,338135.72732544,0.01605307,0.1106203861007411,30
0,[],17,[],2019-02-15 11:05:25,0.0,0,0,6675879,2019-02-15 11:05:25,btc,0.0,0.0,0,btc,0.0,0.0,0.0,30
1,[],4,[],2019-02-15 11:05:26,50130.082551,0.00007250,0.00000000262163625,6675880,2019-02-15 11:05:26,btc,0.4709301580820104,0.0,0.00007250,btc,5371.10751067,3.27646425,3.1103792253898526,31
1,[],21,[],2019-02-15 11:05:27,58087.26627385,0.00006999999999999999386775251242,0.000000002531235,6675881,2019-02-15 11:05:27,btc,2.7860533315124316,198404.46220814,0.00006999999999999999386775251242198692125384695827960968017578125,btc,35500.75253338,14.70692576,3.7519502985778237,31
0,[],2,[],2019-01-20 23:28:43,0.0,0,0,6477009,2019-01-20 23:28:43,,0.0,0.0,0,,0.0,0.0,0.0,32
1,[],4,[],2019-02-15 11:05:28,152232884.82308045,0.00000005,0.000000000001808025,6675882,2019-02-15 11:05:28,btc,2.2660753886596177,0.0,0.00000005,"btc,ltc",47413312.65300644,0.53701387,2.9379352713356117,33
1,[],12,[],2019-02-15 11:05:29,12023020.0,0.00000004,0.0000000000014464200000000002,6675883,2019-02-15 11:05:29,btc,34509932.11671567,0.0,0.00000004,btc,89064894.77222757,0.0067087614785222,0.36621855,33
1,[],4,[],2019-02-15 11:05:30,135299969.51113936,0.00000001,0.000000000000361605,6675884,2019-02-15 11:05:30,btc,1.0382841143603032,0.0,0.00000001,btc,41540556.81932942,0.00375624,1.3529996951113936,34
1,[],5,[],2019-02-15 11:05:31,1e-08,0.00000001,0.000000000000361605,6675885,2019-02-15 11:05:31,btc,5.07967764,0.00032118,0.00000001,btc,1.343e-05,0.0,0.85475707,34
0.0000000001172582,[],4,[],2019-02-15 11:05:32,1018292613.4867,2.345164e-18,8.4802302822e-23,6675886,2019-02-15 11:05:32,ltc,1.182964436016076e-08,0.0,0.00000002,ltc,2374727776.96059,0.0,1.7523160150179595e-09,36
1,[],5,[],2019-02-15 11:05:34,0.0,0,0,6675887,2019-02-15 11:05:34,btc,197.5385629,0.0,0,btc,1.325e-05,0.0,0.0,36
0,[],17,[],2019-02-15 11:05:35,0.0,0,0,6675888,2019-02-15 11:05:35,btc,0.1415580987402969,0.0,0,btc,10796613.27743647,0.0,0.0,36
0.0000000003386485,[],27,[],2019-02-15 11:05:39,7.0,3.3864850000000004e-18,1.2245699084250002e-22,6675889,2019-02-15 11:05:39,eth,229.99795353271,48.0,0.00000001,"ltc,eth",3708919.3029,8.1444491808e-14,2.3705395e-17,36
1,[],4,[],2019-02-15 11:05:39,279759.10046638,0.00000123,0.000000000044477415000000005,6675890,2019-02-15 11:05:39,btc,0.3964254558108889,0.0,0.00000123,btc,233891.91636775,0.04391948,0.1524703421445807,37
1,[],12,[],2019-02-15 11:05:41,408229.26190477,0.00000110999999999999996035831596741250137938550324179232120513916015625,0.000000000040138155000000004,6675891,2019-02-15 11:05:41,btc,1364.0089433180003,0.0,0.00000110999999999999996035831596741250137938550324179232120513916015625,btc,674634.49585268,0.1774123911383696,0.1757612400000085,37
1,[],17,[],2019-02-15 11:05:42,1752.74075282,0.00000025,0.000000000009040125,6675892,2019-02-15 11:05:42,btc,0.055484923982553044,0.0,0.00000025,btc,1387.19918473,0.0,0.00043818518820499993,37
1,[],27,[],2019-02-15 11:05:45,15952.0,0.00000052,0.000000000018803460000000003,6675893,2019-02-15 11:05:45,btc,26.73595537911233,0.0,0.00000052,btc,6579.81438508,0.0,0.00545422,37
1,[],5,[],2019-02-15 11:05:46,1.474e-05,0.00000096,0.000000000034714080000000005,6675894,2019-02-15 11:05:46,btc,0.09552393,0.06661275,0.00000096,btc,9.569e-05,0.0,0.04356129,42
1,[],12,[],2019-02-15 11:05:48,125719.48380355,0.00000089,0.000000000032182845,6675895,2019-02-15 11:05:48,btc,92.91712636011444,0.0,0.00000089,btc,93623.75753696,0.00831070691375,0.0436481364367795,42
0,[],27,[],2019-02-15 11:05:50,0.0,0,0,6675896,2019-02-15 11:05:50,,0.00315028,0.0,0,"btc,eth",11.007,0.0,0.0,42
1,[],5,[],2019-02-15 11:05:52,3e-08,0.00000002,0.00000000000072321,6675897,2019-02-15 11:05:52,btc,6.16328141,1e-05,0.00000002,btc,1.375e-05,0.0,0.5744076,43
1,[],12,[],2019-02-15 11:05:53,4101745.0,0.00000001,0.00000000000036160500000000005,6675898,2019-02-15 11:05:53,btc,20007457.492715012,0.0,0.00000001,btc,38975751.47292703,3.196803198e-07,0.041017450000000004,43
0,[],17,[],2019-02-15 11:05:55,0.0,0,0,6675899,2019-02-15 11:05:55,btc,0.0,0.0,0,btc,0.0,0.0,0.0,43
1,[],12,[],2019-02-15 11:05:56,704033.0,0.00000005,0.000000000001808025,6675900,2019-02-15 11:05:56,btc,11115166.702204332,0.0,0.00000005,btc,1004342.30871125,0.0037287356531477,0.0184562,44
1,[],4,[],2019-02-15 11:05:57,225236705.47806406,0.00000002,0.00000000000072321,6675901,2019-02-15 11:05:57,btc,0.18830952908355264,0.0,0.00000002,"btc,ltc",4552379.59245401,0.00023499,0.43061015101220146,49
0.0000000001172582,[],4,[],2019-02-15 11:05:58,1293926633.3332078,1.172582e-18,4.2401151411e-23,6675902,2019-02-15 11:05:58,ltc,4.645173509307346,0.0,0.00000001,ltc,4111165476.11067,0.0,1.5172350795671195e-09,52
0,[],22,[],2019-02-15 11:06:02,0.0,0,0,6675903,2019-02-15 11:06:02,,8108.82536305,0.0,0,,262751443.67882353,0.0,0.0,57
0,[],27,[],2019-02-15 11:06:04,0.0,0,0,6675904,2019-02-15 11:06:04,,0.0,0.0,0,"btc,eth",0.0,0.0,0.0,57
0.0000000001172582,[],4,[],2019-02-15 11:06:05,1033728054.4453303,4.690328e-18,1.69604605644e-22,6675905,2019-02-15 11:06:05,ltc,3.272209002439645,0.0,0.00000004,ltc,898162839.2883902,0.005,2.8298637657075803e-09,58
1,[],12,[],2019-02-15 11:06:07,1868743996.843957,0.0000000005,0.000000000000018080250000000003,6675906,2019-02-15 11:06:07,btc,724045490634.4885,0.0,0.0000000005,btc,3702093187.283022,0.010239405838661342,0.6494298847011392,58
0.0000000001305882,[],22,[],2019-02-15 11:06:46,137438.0,1.305882e-18,4.7221346061000005e-23,6675907,2019-02-15 11:06:46,XMR,69.8835922,0.0,0.00000001,XMR,9887963.0,0.0,0.00137438,58
0,[],17,[],2019-02-15 08:52:01,0.0,0,0,6674904,2019-02-15 08:52:01,btc,1e+24,0.0,0,btc,41401875.8285055,0.0,0.0,58
1,[],5,[],2019-02-15 11:06:49,1.214e-05,0.00000068,0.00000000002458914,6675908,2019-02-15 11:06:49,btc,0.20762631,0.12773099,0.00000068,btc,8.737e-05,0.0,0.10446732,61
1,[],22,[],2019-02-15 11:06:54,5149.5,0.00000011,0.0000000000039776550000000006,6675909,2019-02-15 11:06:54,BTC,1002.29598212,0.0,0.00000011,BTC,14957.700278135757,0.0,0.00051596,61
1,[],26,[],2019-02-15 11:06:55,0.0,0.00000800,0.00000000028928400000000004,6675910,2019-02-15 11:06:55,btc,0.0,0.0,0.00000800,btc,0.0,0.0,0.0,61
1,[],27,[],2019-02-15 11:06:57,18903.8823,0.00000034,0.00000000001229457,6675911,2019-02-15 11:06:57,btc,9.941021956931694,600.57125583,0.00000034,"btc,eth",15777.09679279,2.4202524225030002e-11,0.0006378899836932425,61
1,[],28,[],2019-02-15 11:07:00,19894.304,0.00000091,0.000000000032906055,6675912,2019-02-15 11:07:00,btc,2.056365493700105,793.89,0.00000091,btc,9767.52450005,0.0,0.00993521304,61
1,[],4,[],2019-02-15 10:52:53,538131.49700737,0.00000277,0.000000000100017221,6675710,2019-02-15 10:52:53,btc,1.2345454261077855,0.0,0.00000277,btc,304267.19405415,0.124492,0.926872438404503,67
0.0,[],25,[],2019-02-15 10:52:54,0.0,0,0,6675711,2019-02-15 10:52:54,,0.0,0.0,0.0,btc,0.0,0.0,0.0,67
1,[],12,[],2019-02-15 11:07:01,3422955.10194712,0.00000018,0.00000000000650889,6675913,2019-02-15 11:07:01,btc,11115996.408264184,0.0,0.00000018,btc,1932097.16569494,0.0066444772928106,0.1293292064411118,71
,[],5,[],2018-11-20 23:02:39,1.5e-07,0.00000005,0.000000000002128045,4862160,2018-11-20 23:02:39,btc,2.84511358,0.0,,btc,0.00036572,0.0,0.07381892,74
1,[],5,[],2019-02-15 11:07:03,3.049e-05,0.00000156,0.00000000005641038,6675914,2019-02-15 11:07:03,btc,1.5424315,0.0,0.00000156,btc,0.00016981,0.0,0.30484564,75
0,[],20,[],2019-01-25 09:30:31,0.0,0,0,6495923,2019-01-25 09:30:31,btc,0.0,0.0,0,btc,0.0,0.0,0.0,81
1,[],4,[],2019-02-15 11:07:04,29738604.75692337,0.00000001,0.000000000000361605,6675915,2019-02-15 11:07:04,btc,0.7668881456247842,0.0,0.00000001,btc,14615939.68425178,0.0,0.2973860475692337,81
1,[],4,[],2019-02-15 11:07:06,24057.89551471,0.00007756,0.00000000280460838,6675916,2019-02-15 11:07:06,btc,1.3183588772805839,0.0,0.00007756,btc,11095.63479946,0.04513984,0.1099235851255064,82
1,[],21,[],2019-02-15 11:07:07,137210.71403028,0.00007626999999999999990500654246,0.000000002757961335,6675917,2019-02-15 11:07:07,btc,3.0188945914084293,14788.10879736,0.00007626999999999999990500654245551004351000301539897918701171875,btc,33507.48853218,1.12330155,2.400290435726421,82
0,[],17,[],2019-02-15 11:07:08,0.0,0,0,6675918,2019-02-15 11:07:08,btc,0.0447233088476774,0.0,0,btc,999127.19588126,0.0,0.0,84
0.0000000001172582,[],4,[],2019-02-15 11:07:09,154918856.1511435,8.208074e-18,2.9680805987700004e-22,6675919,2019-02-15 11:07:09,ltc,0.19569063267370396,0.0,0.00000007,ltc,102972369.04387788,0.0,7.236402120448396e-10,85
,[],22,[],2018-11-20 23:09:34,3408.1,0.0000001,0.0000000000041895,4862324,2018-11-20 23:09:34,BTC,0.04624735,0.0,,BTC,4990.0,0.0,0.00033081,86
0,[],22,[],2019-02-15 11:07:13,0.0,0,0,6675920,2019-02-15 11:07:13,,2.0760781,0.0,0,,140622.94736842104,0.0,0.0,87
0,[],27,[],2019-02-15 11:07:15,0.0,0,0,6675921,2019-02-15 11:07:15,,0.0,0.0,0,btc,0.0,0.0,0.0,87
,[],2,[],2018-11-20 23:10:47,0.0,0,0,4862359,2018-11-20 23:10:47,,0.0,0.0,,,0.0,0.0,0.0,88
1,[],11,[],2019-02-15 11:07:17,96843.1204054,0.00014714999999999999889983837153550894072395749390125274658203125,0.000000005321017575,6675922,2019-02-15 11:07:17,btc,609.492120888602,214.06560587,0.00014714999999999999889983837153550894072395749390125274658203125,btc,91555.02831053,0.0,6.556750456960778,89
0,[],2,[],2019-01-20 23:31:45,0.0,0,0,6477083,2019-01-20 23:31:45,,0.0,0.0,0,,0.0,0.0,0.0,91
1,[],12,[],2019-02-15 11:07:19,437364.59889856,0.00000206000000000000018206681821897330308956952649168670177459716796875,0.00000000007449063000000001,6675923,2019-02-15 11:07:19,btc,4.193306161761743,0.0,0.00000206000000000000018206681821897330308956952649168670177459716796875,btc,46375.93013647,0.000664853237,0.0611238892000015,91
0,[],17,[],2019-02-15 06:49:31,0.0,0,0,6673890,2019-02-15 06:49:31,btc,0.0,0.0,0,btc,0.0,0.0,0.0,91
0.0000000001172582,[],22,[],2019-02-15 11:07:36,4525000.0,4.690328e-18,1.69604605644e-22,6675924,2019-02-15 11:07:36,LTC,8.12129807,0.0,0.00000004,LTC,66745238.1,6.6837174e-16,0.14575,95
0.0000000001172582,[],4,[],2019-02-15 11:07:37,135555236.54046774,9.2633978e-17,3.3496909614690002e-21,6675925,2019-02-15 11:07:37,ltc,0.597054913712098,0.0,0.00000079,ltc,35441944.40498472,0.0001,1.1060492445871246e-09,96
1,[],12,[],2019-02-15 11:07:38,518128.0,0.00000001,0.00000000000036160500000000005,6675926,2019-02-15 11:07:38,btc,255061.9973764399,0.0,0.00000001,btc,8743243.54676297,9.9e-07,0.00518128,96
0,[],17,[],2019-02-15 11:07:50,0.0,0,0,6675927,2019-02-15 11:07:50,btc,0.0,0.0,0,btc,0.0,0.0,0.0,96
1,[],4,[],2019-02-15 11:07:52,1735839.95108435,0.00000032,0.00000000001157136,6675928,2019-02-15 11:07:52,btc,0.2613113667263119,0.0,0.00000032,btc,532261.0969255,0.04329831,0.2005834921203605,99
0,[],2,[],2019-01-20 23:23:55,0.0,0,0,6476914,2019-01-20 23:23:55,,0.0,0.0,0,,0.0,0.0,0.0,100
1,[],4,[],2019-02-15 11:07:53,211905.72209602,0.00004012,0.00000000145075926,6675929,2019-02-15 11:07:53,btc,1.1178369946188533,0.0,0.00004012,btc,24279.1330841,0.74288255,1.8454310522795676,100
0,[],22,[],2019-02-15 11:09:57,50000.0,0,0,6675930,2019-02-15 11:09:57,,23.49896609,0.0,0,,10277.22,0.0,0.0005,101
1,[],4,[],2019-02-15 11:09:58,310817.35103771,0.00000096,0.000000000034714080000000005,6675931,2019-02-15 11:09:58,btc,0.4222906573574842,0.0,0.00000096,btc,162871.29921493,0.02784012,0.1531358444243026,103
1,[],12,[],2019-02-15 11:10:00,49666908.4663887,0.000000017,0.0000000000006147285000000001,6675932,2019-02-15 11:10:00,btc,137278882.1075984,0.0,0.000000017,btc,121254731.65031087,0.12144025578135278,0.2623712394622192,105
1,[],27,[],2019-02-15 11:10:03,4009342.89,0.00000001,0.000000000000361605,6675933,2019-02-15 11:10:03,btc,0.3614577513692299,0.0,0.00000001,btc,323444.42860553,0.0,0.0400934289,105
0,[],22,[],2019-02-15 11:10:08,0.0,0,0,6675934,2019-02-15 11:10:08,,51.10825004,0.0,0,,468935.0,0.0,0.0,107
1,[],26,[],2019-02-15 11:10:08,0.0,0.00000000,0,6675935,2019-02-15 11:10:08,btc,0.0,0.0,0.00000000,btc,0.0,0.0,0.0,107
1,[],5,[],2019-02-15 11:10:11,1e-08,0.00000001,0.000000000000361605,6675936,2019-02-15 11:10:11,btc,2.89722234,0.00011497,0.00000001,btc,1.571e-05,0.0,0.08589812,112
1,[],22,[],2019-02-15 11:10:19,167093.0,0.00000001,0.000000000000361605,6675937,2019-02-15 11:10:19,BTC,2.81183288,0.0,0.00000001,BTC,808524.0833333334,0.0,0.00167093,112
0,[],27,[],2019-02-15 11:10:22,0.0,0,0,6675938,2019-02-15 11:10:22,,1.35132491849924,0.0,0,"btc,eth",1328.641654,0.0,0.0,112
1,[],4,[],2019-02-15 11:10:23,441987.28472319,0.00000320,0.0000000001157136,6675939,2019-02-15 11:10:23,btc,0.2552658944570515,0.0,0.00000320,btc,59668.20029217,0.1107369,0.1824507891451996,113
1,[],5,[],2019-02-15 11:10:26,1.551e-05,0.00000320,0.0000000001157136,6675940,2019-02-15 11:10:26,btc,0.88249497,0.00090743,0.00000320,btc,0.00160696,0.0,0.21438075,113
1,[],17,[],2019-02-15 11:10:27,152738.278,0.00000004,0.0000000000014464200000000002,6675941,2019-02-15 11:10:27,btc,1.3368030274653975,0.0,0.00000004,btc,51896.221,0.0,0.0022095311199999998,116
0,[],27,[],2019-02-15 11:10:30,0.0,0,0,6675942,2019-02-15 11:10:30,,0.0,0.0,0,btc,0.0,0.0,0.0,116
1,[],4,[],2019-02-15 11:10:31,26046.49017205,0.00003121,0.000000001128569205,6675943,2019-02-15 11:10:31,btc,0.6758072913918778,0.0,0.00003121,btc,19301.16361591,5.85215582,0.6649410270476551,120
1,[],7,[],2019-02-15 11:10:31,18660.04632256,0.00003019999999999999884515121395534009707262157462537288665771484375,0.0000000010920471,6675944,2019-02-15 11:10:31,btc,115647.18213354592,8.96587285,0.00003019999999999999884515121395534009707262157462537288665771484375,btc,29257.44006923,0.00028067,0.08036613504457671,120
1,[],20,[],2019-02-15 11:10:35,1092927.6666,0.000000014,0.0000000000005062470000000001,6675945,2019-02-15 11:10:35,btc,33.8691165036599,518.15,0.000000014,btc,1150552.4764,7.2541e-06,0.0052581502171,125
1,[],22,[],2019-02-15 11:10:44,3053.0,0.00000001,0.000000000000361605,6675946,2019-02-15 11:10:44,BTC,0.01444889,0.0,0.00000001,BTC,296264.5111111111,0.0,3.053e-05,126
0,[],17,[],2019-02-15 09:55:02,0.0,0,0,6675343,2019-02-15 09:55:02,btc,0.0009561751951600001,0.0,0,btc,35.42829368,0.0,0.0,131
0,[],2,[],2019-01-20 23:25:46,0.0,0,0,6476969,2019-01-20 23:25:46,,0.0,0.0,0,,0.0,0.0,0.0,131
1,[],4,[],2019-02-15 11:10:44,127271.90422026,0.00001766,0.0000000006385944300000001,6675947,2019-02-15 11:10:44,btc,1.1433336195960233,0.0,0.00001766,btc,50350.96270677,0.84281408,1.058583551095312,131
1,[],4,[],2019-02-15 11:10:56,4623.13056727,0.00016244,0.000000005873911620000001,6675948,2019-02-15 11:10:56,btc,1.6421815711089056,0.0,0.00016244,btc,308.40189166,0.0,0.0089880406624444,135
1,[],3,[],2019-02-15 11:10:57,1822710.20571841,0.00000005,0.000000000001808025,6675949,2019-02-15 11:10:57,btc,0.113441140854597,56701.4532222,0.00000005,btc,373779.66366187,0.0,0.067481665113701,136
1,[],4,[],2019-02-15 11:10:57,40055.92350154,0.00000164,0.00000000005930322,6675950,2019-02-15 11:10:57,btc,0.0482377640068961,0.0,0.00000164,btc,24404.91412032,0.09520907,0.0366013536466753,137
1,[],12,[],2019-02-15 11:10:58,295454.5894245,0.00000172000000000000004922169442866941579950434970669448375701904296875,0.00000000006219606,6675951,2019-02-15 11:10:58,btc,11982.948374060967,0.0,0.00000172000000000000004922169442866941579950434970669448375701904296875,btc,159252.07304899,0.0344938201859685,0.0251251343350871,137
1,[],4,[],2019-02-15 11:10:59,1225128.79542643,0.00004604,0.00000000166482942,6675952,2019-02-15 11:10:59,btc,1.349659563203166,0.0,0.00004604,btc,23819.6529176,0.98413601,0.5667397115063696,142
1,[],5,[],2019-02-15 11:11:00,0.00144947,0.00004544,0.0000000016431331200000001,6675953,2019-02-15 11:11:00,btc,0.7759466,1.47083846,0.00004544,btc,0.00286942,0.0,0.74961953,142
1,[],17,[],2019-02-15 11:11:02,22967.386363640002,0.00000088,0.000000000031821240000000005,6675954,2019-02-15 11:11:02,btc,20.069913352628635,0.0,0.00000088,btc,2746.079105,0.0,0.0104613000000032,142
1,[],20,[],2019-02-15 11:11:04,133957.227,0.00003382,0.00000000122294811,6675955,2019-02-15 11:11:04,btc,0.3133752510014,4142.7935,0.00003382,btc,2680.5368,0.316015003711,0.2541772342364,142
1,[],22,[],2019-02-15 11:11:13,1610.354305200341,0.00003220,0.0000000011643681,6675956,2019-02-15 11:11:13,BTC,3.00917232,0.0,0.00003220,BTC,917.9383601288407,0.0,0.0019657,142
0.0,[],25,[],2019-02-15 11:11:14,0.0,0,0,6675957,2019-02-15 11:11:14,,0.0,0.0,0.0,btc,0.0,0.0,0.0,142
1,[],28,[],2019-02-15 11:11:20,77743.0,0.00004500,0.0000000016272225,6675958,2019-02-15 11:11:20,btc,0.057261322,650.0,0.00004500,btc,356.4989,0.0,0.0519372,142
0,[],22,[],2019-02-15 11:11:25,0.0,0,0,6675959,2019-02-15 11:11:25,,67.4285069,0.0,0,,834770972.3,0.0,0.0,143
1,[],21,[],2019-02-15 11:11:27,37177799.26762106,0.00000028,0.000000000010124940000000001,6675960,2019-02-15 11:11:27,btc,39.39209945042485,1536908.74157307,0.00000028,btc,77178275.40715799,0.4303967,5.973684539846268,145
0,[],22,[],2019-02-15 11:12:06,0.0,0,0,6675961,2019-02-15 11:12:06,,4.24982284,0.0,0,,1814156.0,0.0,0.0,146
,[],22,[],2018-11-20 23:01:11,0.0,0,0,4862114,2018-11-20 23:01:11,,2.56807021,0.0,,,61828.4988236,0.0,0.0,147
1,[],12,[],2019-02-15 11:12:07,8679318.99514032,0.00000304000000000000011654414412698432812476312392391264438629150390625,0.00000000010992792000000002,6675962,2019-02-15 11:12:07,btc,16.584201526849707,0.0,0.00000304000000000000011654414412698432812476312392391264438629150390625,btc,122519.66449333,0.0006356031,0.1094835269000193,148
1,[],4,[],2019-02-15 11:14:08,272660.72159462,0.00000035,0.000000000012656175,6675963,2019-02-15 11:14:08,btc,0.778385690496039,0.0,0.00000035,btc,591310.33703653,0.00161398,0.0647157790858696,152
0,[],22,[],2019-02-15 11:14:12,0.0,0,0,6675964,2019-02-15 11:14:12,,0.0,0.0,0,,0.0,0.0,0.0,152
1,[],5,[],2019-02-15 11:14:14,0.0,0,0,6675965,2019-02-15 11:14:14,btc,10.61570492,0.0,0,btc,0.00092785,0.0,0.0,153
,[],16,[],2019-01-11 15:38:59,0.0,0,0,6366141,2019-01-11 15:38:59,btc,0.0,0.0,,btc,0.0,0.0,0.0,155
0,[],23,[],2019-01-20 23:24:29,0.0,0,0,6476932,2019-01-20 23:24:29,,0.0,0.0,0,,0.0,0.0,0.0,156
0,[],22,[],2019-02-15 11:14:17,0.0,0,0,6675966,2019-02-15 11:14:17,,6.74608761,0.0,0,,4644402.242592593,0.0,0.0,156
1,[],22,[],2019-02-15 11:14:51,7063.8,0.00005300,0.0000000019165065,6675967,2019-02-15 11:14:51,BTC,43.78801181,0.0,0.00005300,BTC,1067.5805334758436,0.0,0.00104326,157
0,[],22,[],2019-02-15 11:15:25,0.0,0,0,6675968,2019-02-15 11:15:25,,50175.68008609,0.0,0,,54479136.04179466,0.0,0.0,158
,[],17,[],2018-11-20 22:56:10,0.0,0,0,4861976,2018-11-20 22:56:10,btc,1.1265625,0.0,,btc,1000.0,0.0,0.0,159
,[],20,[],2018-11-20 22:56:12,0.0,0,0,4861977,2018-11-20 22:56:12,btc,11912.7940471,0.0,,btc,34413894.3617,0.0,0.0,159
1,[],12,[],2019-02-15 11:15:26,179548.90415698,0.0000073100000000000003150713197286325595314337988384068012237548828125,0.00000000026433325500000003,6675969,2019-02-15 11:15:26,btc,6.662016218255044,0.0,0.0000073100000000000003150713197286325595314337988384068012237548828125,btc,14860.67697034,0.0059778281999884,0.0795457228999629,168
1,[],17,[],2019-02-15 11:15:38,29784.95,0.000001,0.0000000000361605,6675970,2019-02-15 11:15:38,btc,0.03026736251542,0.0,0.000001,btc,144.46171372,0.0,0.00716147,168
0,[],22,[],2019-02-15 11:15:42,0.0,0,0,6675971,2019-02-15 11:15:42,,1.14776715,0.0,0,,721548.0900917595,0.0,0.0,169
1,[],22,[],2019-02-15 11:15:46,236276.0,0.00000011,0.0000000000039776550000000006,6675972,2019-02-15 11:15:46,BTC,11.32785449,0.0,0.00000011,BTC,130417.33368472014,1.3e-07,0.02144036,171
1,[],22,[],2019-02-15 11:15:49,218924.0,0.00000017,0.000000000006147285,6675973,2019-02-15 11:15:49,BTC,2.65318656,0.0,0.00000017,BTC,252195.72333422536,0.0,0.01635024,173
1,[],5,[],2019-02-15 11:15:51,2.206e-05,0.00000181,0.000000000065450505,6675974,2019-02-15 11:15:51,btc,0.25175406,0.00309158,0.00000181,btc,0.00025393,0.0,0.22853338,175
1,[],22,[],2019-02-15 11:15:54,45130.0,0.0000005,0.000000000018080250000000003,6675975,2019-02-15 11:15:54,BTC,0.57315657,0.0,0.0000005,BTC,173473.47031396697,0.02654293,0.013396,176
1,[],7,[],2019-02-15 11:15:57,0.0,0,0,6675976,2019-02-15 11:15:57,btc,410973.9177089935,0.0,0,btc,115545110.28145695,0.0,0.0,178
0,[],22,[],2019-02-15 11:15:59,0.0,0,0,6675977,2019-02-15 11:15:59,,1.00242428,0.0,0,,57512.0,0.0,0.0,178
0,[],2,[],2019-01-20 23:28:34,0.0,0,0,6477001,2019-01-20 23:28:34,,0.0,0.0,0,,0.0,0.0,0.0,178
1,[],5,[],2019-02-15 11:16:01,3e-08,0.00000002,0.00000000000072321,6675978,2019-02-15 11:16:01,btc,30.23697425,0.37874282,0.00000002,btc,2.088e-05,0.0,0.73004093,179
1,[],22,[],2019-02-15 11:16:06,8148785.0,0.00000002,0.00000000000072321,6675979,2019-02-15 11:16:06,BTC,5.48629708,0.0,0.00000002,"BTC,LTC",17843614.676989965,0.0,0.39023554,179
0,[],23,[],2019-01-20 23:25:08,0.0,0,0,6476952,2019-01-20 23:25:08,,0.0,0.0,0,,0.0,0.0,0.0,179
1,[],17,[],2019-02-15 11:16:09,10504.725,0.0000001,0.00000000000361605,6675980,2019-02-15 11:16:09,btc,5.201913593507951,0.0,0.0000001,btc,5427.1328087,0.0,0.0010504725,180
1,[],22,[],2019-02-15 11:16:15,129205.4,0.0000005,0.000000000018080250000000003,6675981,2019-02-15 11:16:15,BTC,0.1148946,0.0,0.0000005,"BTC,LTC",18039.086946767708,1.13e-06,0.00160544,180
1,[],26,[],2019-02-15 11:16:15,0.0,0.00000300,0.00000000010848150000000001,6675982,2019-02-15 11:16:15,btc,0.0,837.87209996,0.00000300,btc,0.0,0.0,0.0,180
,[],7,[],2018-11-20 22:58:01,562227.975654,0.00000085,0.000000000036176765,4862015,2018-11-20 22:58:01,btc,21836.6059674,2491.87645172,,btc,749999.041456,0.00211021,0.127565380455,183
1,[],24,[],2019-02-15 11:16:15,0.0,0.000000000001,3.61605e-17,6675983,2019-02-15 11:16:15,btc,0.0,0.0,0.000000000001,btc,0.0,0.0,0.0,187
,[],5,[],2019-01-10 08:11:41,0.0,0,0,6347036,2019-01-10 08:11:41,btc,82.15055501,0.00261,,btc,1.19002445,0.0,0.0,187
,[],17,[],2018-11-16 20:58:10,4062536.27273,0.00000001,0.000000000000550501,4708775,2018-11-16 20:58:10,btc,3.36492563466,0.195460381006,,"btc,eth",110697919.549,0.0,0.0157628953496,187
0,[],22,[],2019-02-15 11:16:21,0.0,0,0,6675984,2019-02-15 11:16:21,,1.19377283,0.0,0,,16434.10286773884,0.0,0.0,191
0,[],22,[],2019-02-15 11:16:29,0.0,0,0,6675985,2019-02-15 11:16:29,,0.0,0.0,0,,0.0,0.0,0.0,197
0,[],22,[],2019-02-15 11:16:33,0.0,0,0,6675986,2019-02-15 11:16:33,,5.15195517,0.0,0,,19804684.0,0.0,0.0,199
1,[],26,[],2019-02-15 11:16:33,0.0,0.00000000,0,6675987,2019-02-15 11:16:33,btc,0.0,780285.0,0.00000000,btc,0.0,0.0,0.0,199
0,[],23,[],2019-01-20 23:31:41,0.0,0,0,6477079,2019-01-20 23:31:41,,0.0,0.0,0,,0.0,0.0,0.0,199
0,[],17,[],2019-01-30 16:32:01,0.0,0,0,6540827,2019-01-30 16:32:01,btc,6.802544163788159,0.0,0,btc,105897.55575295,0.0,0.0,200
0,[],2,[],2019-01-20 23:30:49,0.0,0,0,6477059,2019-01-20 23:30:49,,0.0,0.0,0,,0.0,0.0,0.0,201
1,[],4,[],2019-01-25 15:51:35,2084389.58565343,0.00000936,0.000000000333526752,6499557,2019-01-25 15:51:35,btc,2.0092503037378524,0.0,0.00000936,btc,160195.80207885,0.19272417,1.242687955921835,211
1,[],7,[],2019-02-15 11:16:37,5396884.35732237,0.000001340000000000000087593235616190145975679115508683025836944580078125,0.000000000048455070000000004,6675988,2019-02-15 11:16:37,btc,15450816.215057917,349145.725609,0.000001340000000000000087593235616190145975679115508683025836944580078125,btc,11021492.89549224,0.45400395,3.7337107576865005,212
1,[],5,[],2019-02-15 11:16:40,3.02e-06,0.00000028,0.000000000010124940000000001,6675989,2019-02-15 11:16:40,btc,0.94870329,0.17675878,0.00000028,btc,2.844e-05,0.0,0.14677057,213
1,[],24,[],2019-02-15 11:16:40,0.0,0.000000050000,0.000000000001808025,6675990,2019-02-15 11:16:40,btc,0.0,0.0,0.000000050000,btc,0.0,0.0,0.0,213
1,[],26,[],2019-02-15 11:16:40,0.0,0.00000009,0.000000000003254445,6675991,2019-02-15 11:16:40,btc,0.0,0.0,0.00000009,btc,0.0,0.0,0.0,213
1,[],12,[],2019-01-25 02:44:32,207462.42853209,0.000001080000000000000035831255497387193287295303889550268650054931640625,0.000000000038610756000000006,6493050,2019-01-25 02:44:32,btc,85023.03793723314,0.0,0.000001080000000000000035831255497387193287295303889550268650054931640625,btc,43675.73520027,0.000146250909087,0.0348620860622024,213
1,[],22,[],2019-02-15 11:16:45,84099.0,0.00000002,0.00000000000072321,6675992,2019-02-15 11:16:45,BTC,2.19180044,0.0,0.00000002,BTC,147809.63137942314,0.0,0.00086798,216
1,[],27,[],2019-02-15 11:16:48,5203657.5615,0.00000004,0.00000000000144642,6675993,2019-02-15 11:16:48,btc,257.4737088006,1699.994,0.00000004,"btc,ltc",272841.575,6.8e-05,0.05469726246,216
1,[],22,[],2019-02-15 11:16:53,262782.03208756767,0.00000191,0.00000000006906655500000001,6675994,2019-02-15 11:16:53,BTC,12677.08170821,0.0,0.00000191,BTC,434206.8293877779,0.02777217,0.28709312,217
1,[],7,[],2019-02-15 11:16:54,0.0,0,0,6675995,2019-02-15 11:16:54,btc,77970.05589791511,0.0,0,btc,137100858.32140028,0.0,0.0,219
0,[],27,[],2019-02-15 11:16:55,0.0,0,0,6675996,2019-02-15 11:16:55,,5.341893788316972,0.0,0,btc,1605140.99226595,0.0,0.0,219
0.0000000000000052,[],28,[],2019-02-15 11:17:03,169952566.853,6.78522e-18,2.4535694781000004e-22,6675997,2019-02-15 11:17:03,doge,88712.3748390675,14977.0,0.00130485,"btc,doge",4987338.69631,0.0,1.584091780248952e-11,219
1,[],22,[],2019-02-15 11:17:06,243869.6,0.00000014,0.000000000005062470000000001,6675998,2019-02-15 11:17:06,BTC,3.05947806,0.0,0.00000014,BTC,108788.97041875875,0.02266587,0.02740512,221
1,[],24,[],2019-02-15 11:17:06,0.0,0.000000210000,0.000000000007593705000000001,6675999,2019-02-15 11:17:06,btc,0.0,0.28572,0.000000210000,btc,0.0,6e-08,0.0,221
1,[],20,[],2019-02-15 11:17:09,52014780.388,0.000000004,0.00000000000014464200000000002,6676000,2019-02-15 11:17:09,btc,49.8561890273503,150057.9,0.000000004,btc,10131219.2359,0.0006002316,0.0543415264806,224
0,[],22,[],2019-02-15 11:17:20,0.0,0,0,6676001,2019-02-15 11:17:20,,0.0,0.0,0,,0.0,0.0,0.0,224
1,[],26,[],2019-02-15 11:17:20,0.0,0.00000033,0.000000000011932965,6676002,2019-02-15 11:17:20,btc,0.0,16646.5099998,0.00000033,btc,0.0,0.0,0.0,231
1,[],26,[],2019-02-15 11:17:20,0.0,0.00000005,0.000000000001808025,6676003,2019-02-15 11:17:20,btc,0.0,1440.0,0.00000005,btc,0.0,0.0,0.0,234
0,[],27,[],2019-02-15 11:17:23,0.0,0,0,6676004,2019-02-15 11:17:23,,0.0113483662182,0.0,0,"btc,eth",11462.99618,0.0,0.0,234
0,[],22,[],2019-02-15 11:17:27,0.0,0,0,6676005,2019-02-15 11:17:27,,2.80242205,0.0,0,,93486896.06349206,0.0,0.0,235
1,[],4,[],2019-02-15 11:19:27,1102785.53922478,0.00000123,0.000000000044477415000000005,6676006,2019-02-15 11:19:27,btc,0.4516902954914361,0.0,0.00000123,btc,254559.89894443,0.0,0.4196993267284683,236
1,[],24,[],2019-02-15 11:19:28,0.0,0.000000020010,0.0000000000007235716050000001,6676007,2019-02-15 11:19:28,btc,0.0,0.0,0.000000020010,btc,0.0,0.0,0.0,236
1,[],20,[],2019-02-15 11:19:29,70411784.5314,0.000000075,0.0000000000027120375,6676008,2019-02-15 11:19:29,btc,14.1935245168762,33371433.7797,0.000000075,btc,25997209.7553,2.5278742579684,0.6299218694372,237
1,[],22,[],2019-02-15 11:19:35,136267.0,0.00000004,0.00000000000144642,6676009,2019-02-15 11:19:35,BTC,0.0405823,0.0,0.00000004,"BTC,LTC",3164.0,0.00151375,0.00541601,237
1,[],4,[],2019-02-15 11:19:37,4188458.17588209,0.00000032,0.00000000001157136,6676010,2019-02-15 11:19:37,btc,0.5495092113473743,0.0,0.00000032,btc,1525387.22117712,0.34891517,1.2161991413877435,238
1,[],5,[],2019-02-15 11:19:38,4.25e-06,0.00000033,0.000000000011932965,6676011,2019-02-15 11:19:38,btc,0.85222722,0.00723117,0.00000033,btc,3.008e-05,0.0,0.2596348,238
0,[],22,[],2019-02-15 11:19:59,0.0,0,0,6676012,2019-02-15 11:19:59,,6404.65978688,0.0,0,,370860.0639027493,0.0,0.0,249
0.0000000001172582,[],22,[],2019-02-15 11:20:06,7025765.666666667,3.517746e-18,1.27203454233e-22,6676013,2019-02-15 11:20:06,LTC,0.53185688,0.0,0.00000003,LTC,14450581.09,0.0,0.20977599,252
1,[],28,[],2019-02-15 11:20:21,3309218.286,0.00000011,0.0000000000039776550000000006,6676014,2019-02-15 11:20:21,btc,164693.68465852007,18949.5,0.00000011,btc,982884.2751,0.0,0.1899703563,256
1,[],22,[],2019-02-15 11:20:26,1171833.6666666667,0.00000003,0.0000000000010848150000000002,6676015,2019-02-15 11:20:26,BTC,30.16021781,0.0,0.00000003,BTC,430669.92423192423,0.00218557,0.03286297,258
1,[],22,[],2019-01-26 20:58:41,368451.0,0.00000001,0.000000000000356135,6510120,2019-01-26 20:58:41,BTC,2.642917,0.0,0.00000001,"BTC,LTC",1862.0,0.0,0.02488451,259
1,[],22,[],2019-02-15 11:20:33,9682.80211780278,0.00001511,0.000000000546385155,6676016,2019-02-15 11:20:33,BTC,1293.00281189,0.0,0.00001511,"BTC,LTC",5116.451285476821,0.03302292,0.00498033,262
1,[],5,[],2019-02-15 11:20:35,1.17e-05,0.00000128,0.00000000004628544,6676017,2019-02-15 11:20:35,btc,0.71975873,0.01026014,0.00000128,btc,0.0003346,0.0,0.19932435,264
1,[],20,[],2019-02-15 11:20:37,1165398.433,0.000001801,0.0000000000651250605,6676018,2019-02-15 11:20:37,btc,4.961984780873,0.0,0.000001801,btc,98775.8022,0.0,0.0174622753569,264
1,[],22,[],2019-02-15 11:20:43,82606.5,0.00000002,0.00000000000072321,6676019,2019-02-15 11:20:43,BTC,8.41108046,0.0,0.00000002,BTC,382316.05885485065,0.000255,0.0011545,271
0,[],22,[],2019-02-15 11:20:48,0.0,0,0,6676020,2019-02-15 11:20:48,,388.44178703,0.0,0,,15473097515.9,0.0,0.0,272
0.0000000000000052,[],28,[],2019-02-15 11:20:52,188979319537.795,4.68e-21,1.6923114000000001e-25,6676021,2019-02-15 11:20:52,doge,440245994.7790026,9503067794.819,0.0000009,doge,221596192655.3625,0.0,4.689244181739804e-10,272
1,[],22,[],2019-02-15 11:20:59,12713.0,0.00003000,0.000000001084815,6676022,2019-02-15 11:20:59,BTC,74.2060837,0.0,0.00003000,"BTC,LTC",3410.9875854920265,0.06242069,0.03740924,281
