pairValue,buyBook,exchangeId,sellBook,updated,buyTotal,satoshiPrice,usdPrice,exchangeLogId,created,bestPair,sellTotalBtc,volume,pairPrice,activePairs,sellTotal,volumeBtc,buyTotalBtc,coinId
1,[],26,[],2019-09-08 07:01:52,0.0,0,0,8000863,2019-09-08 07:01:52,,0.0,0.0,0,,0.0,0.0,0.0,1
1,[],28,[],2019-09-08 07:02:03,1037.3,0.007000000000,0.0000007375438,8000864,2019-09-08 07:02:03,btc,0.379748033,2532.0,0.007000000000,btc,23.7751,0.0,0.248706096,1
1,[],10,[],2019-07-13 08:58:05,251434.9725798,0.00271069,0.00000031407274150500003,7812232,2019-07-13 08:58:05,btc,6515.317158446701,1686.04548878,0.00271069,btc,2002.66956917,0.0,1.2639712180673435,1
1,[],3,[],2019-09-08 07:04:39,958.866268922891,0.007380659999999999824893404110071060131303966045379638671875,0.0000007793445552480001,8000941,2019-09-08 07:04:39,btc,9.369796071326462,0.3888749744,0.007380659999999999824893404110071060131303966045379638671875,btc,39.961496154261,0.0,0.24516268738965435,1
1,[],4,[],2019-09-08 07:04:39,24950.34912599,0.00742989,0.0000007845428887920001,8000942,2019-09-08 07:04:39,btc,7.413786848989978,0.0,0.00742989,btc,460.00776205,0.45885287,0.3276471960375267,1
1,[],12,[],2019-09-08 07:04:43,236.4745306,0.007429999999999999972521980140527375624515116214752197265625,0.0000007845545040000001,8000943,2019-09-08 07:04:43,btc,0.2835004152258,0.0,0.007429999999999999972521980140527375624515116214752197265625,btc,27.80502198,1.279406045347,0.3561605902696,1
1,[],20,[],2019-09-08 07:04:45,1931.7156,0.007300054,0.0000007708331420112,8000944,2019-09-08 07:04:45,btc,0.2243208701492,0.7423,0.007300054,btc,18.8421,0.0058402171045,0.1254208718862,1
1,[],21,[],2019-09-08 07:04:46,1882.47212095,0.007450000000000000024980018054,0.0000007866663600000001,8000945,2019-09-08 07:04:46,btc,8.515373815089756,518.33085185,0.00745000000000000002498001805406602215953171253204345703125,"btc,eth",1655.17417508,3.6755263115707297,10.63526732739121,1
1,[],22,[],2019-09-08 07:04:49,0.5199,0.00111000,0.00000011720800800000002,8000946,2019-09-08 07:04:49,BTC,0.01700334,0.0,0.00111000,BTC,0.283670650841137,0.0,0.00057689,1
1,[],24,[],2019-09-08 07:04:50,0.0,0.000000000000,0,8000947,2019-09-08 07:04:50,btc,0.0,0.0,0.000000000000,btc,0.0,0.0,0.0,1
0.0,[],25,[],2019-09-08 07:04:51,0.0,0,0,8000948,2019-09-08 07:04:51,btc,12.295199999708714,6515.48319593,0.0,btc,1619.92228549,48.17,0.0,1
1,[],5,[],2019-07-06 00:27:44,0.0,0,0,7800775,2019-07-06 00:27:44,btc,0.0,0.00190933,0,btc,0.0,0.0,0.0,1
0,[],2,[],2019-01-20 23:28:45,0.0,0,0,6477011,2019-01-20 23:28:45,,0.0,0.0,0,,0.0,0.0,0.0,1
1,[],22,[],2019-09-08 07:02:07,9495.2,0.0000002,0.00000000002107268,8000865,2019-09-08 07:02:07,BTC,21.00878619,0.0,0.0000002,"BTC,XMR",19931.59287795317,0.0,0.00102579,2
1,[],5,[],2019-07-06 00:28:14,0.0,0,0,7800785,2019-07-06 00:28:14,btc,0.0,0.00208797,0,btc,0.0,0.0,0.0,2
1,[],12,[],2019-08-28 21:17:40,5010914.74249396,0.000000058,0.000000000005696249600000001,7978048,2019-08-28 21:17:40,btc,43110.2619967908,0.0,0.000000058,btc,9228654.41588682,0.002779447687,0.20908922188989368,3
0,[],28,[],2019-08-28 21:17:42,0.0,0,0,7978049,2019-08-28 21:17:42,,0.0,0.0,0,,0.0,0.0,0.0,3
1,[],5,[],2019-06-03 14:48:58,0.0,0,0,7731126,2019-06-03 14:48:58,btc,0.0,0.05905545,0,btc,0.0,0.0,0.0,3
0,[],2,[],2019-01-20 23:31:32,0.0,0,0,6477077,2019-01-20 23:31:32,,0.0,0.0,0,,0.0,0.0,0.0,4
1,[],4,[],2019-08-19 07:13:39,5576051.9095195,0.00000012,0.000000000012681852,7911861,2019-08-19 07:13:39,btc,25.86361324985451,0.0,0.00000012,btc,1094878.27526979,0.00024951,0.0793524101309535,4
0,[],2,[],2019-01-20 23:31:51,0.0,0,0,6477087,2019-01-20 23:31:51,,0.0,0.0,0,,0.0,0.0,0.0,6
1,[],11,[],2019-08-15 15:27:29,324074.0,0.00000001,0.0000000000010065590000000001,7900084,2019-08-15 15:27:29,btc,9583.47119397936,4910218.0,0.00000001,btc,78345418.50750598,0.0,0.00324074,6
1,[],3,[],2019-09-08 07:02:10,11379.573103740051,0.000059809999999999998256984545808023767676786519587039947509765625,0.000000006301784954,8000866,2019-09-08 07:02:10,btc,1026.2996357178454,2.0118064399,0.000059809999999999998256984545808023767676786519587039947509765625,btc,499.493746269976,0.0,0.018206453480311573,7
1,[],4,[],2019-09-08 07:02:10,93165.59988888,0.00006362,0.0000000067032195080000006,8000867,2019-09-08 07:02:10,btc,11.3538952825789,0.0,0.00006362,btc,78484.11489663,0.29324626,1.6759447178602427,7
1,[],5,[],2019-07-06 00:28:21,0.0,0,0,7800789,2019-07-06 00:28:21,btc,0.0,0.38662001,0,btc,0.0,0.0,0.0,7
1,[],5,[],2019-07-05 17:50:59,0.0,0,0,7799863,2019-07-05 17:50:59,btc,0.0,0.04857279,0,btc,0.0,0.0,0.0,12
0,[],2,[],2019-01-20 23:23:08,0.0,0,0,6476890,2019-01-20 23:23:08,,0.0,0.0,0,,0.0,0.0,0.0,12
1,[],4,[],2019-09-08 07:02:11,9493285.5390705,0.00000016,0.000000000016858144000000002,8000868,2019-09-08 07:02:11,btc,5.472950457536851,0.0,0.00000016,btc,11111701.22729334,0.18356121,0.7176939214729198,12
0.0,[],25,[],2019-09-08 07:02:14,0.0,0,0,8000869,2019-09-08 07:02:14,,0.0,0.0,0.0,btc,0.0,0.0,0.0,12
1,[],4,[],2019-09-08 07:02:15,966303.58386247,0.00000104,0.00000000010957793600000001,8000870,2019-09-08 07:02:15,btc,2.601460771180644,0.0,0.00000104,btc,783201.76014898,0.05363495,0.3248986534281476,13
1,[],10,[],2019-09-08 07:02:17,712573.30916903,0.00000102,0.000000000107470668,8000871,2019-09-08 07:02:17,btc,666828.3224260138,27792.6836885,0.00000102,btc,1006933.38157932,0.0,0.0986214804939921,13
1,[],21,[],2019-09-08 07:02:18,4319944.84954861,0.000001060000000000000015560469580,0.000000000111685204,8000872,2019-09-08 07:02:18,btc,3.670397700190561,106777.43303032,0.0000010600000000000000155604695795119596368749625980854034423828125,btc,2035589.69469461,0.11388955,1.5844566661414852,13
0,[],17,[],2019-08-21 20:54:35,0.0,0,0,7923253,2019-08-21 20:54:35,btc,0.0,0.0,0,btc,0.0,0.0,0.0,14
1,[],4,[],2019-09-08 07:02:19,1014430.94230562,0.00000046,0.000000000048467164,8000873,2019-09-08 07:02:19,btc,2.053546794561662,0.0,0.00000046,btc,910711.2983836,0.01431924,0.1310083917266723,14
1,[],12,[],2019-09-08 07:02:20,208081.91801438,0.00000046,0.000000000048467164,8000874,2019-09-08 07:02:20,btc,182.00055468554245,0.0,0.00000046,btc,36848.06924599,0.000456780719,0.0121687985539271,14
1,[],26,[],2019-09-08 07:02:20,0.0,0,0,8000875,2019-09-08 07:02:20,,0.0,0.0,0,,0.0,0.0,0.0,14
0,[],4,[],2019-09-08 07:02:20,0.0,0,0,8000876,2019-09-08 07:02:20,,0.0,0.0,0,,0.0,0.0,0.0,15
,[],12,[],2018-12-01 15:15:48,204241.84496,0.00000489,0.000000000202473384,5260204,2018-12-01 15:15:48,btc,49.5475654835,0.0,,btc,35763.2193806,0.0163153972027625,0.0203389899998,15
0,[],17,[],2019-08-21 20:54:42,0.0,0,0,7923259,2019-08-21 20:54:42,btc,0.0,0.0,0,btc,0.0,0.0,0.0,18
0,[],2,[],2019-01-20 23:23:38,0.0,0,0,6476906,2019-01-20 23:23:38,,0.0,0.0,0,,0.0,0.0,0.0,18
1,[],4,[],2019-09-08 07:02:22,30439.42387974,0.00000600,0.0000000006321804,8000877,2019-09-08 07:02:22,btc,2.4672825118122454,0.0,0.00000600,btc,28714.37415976,0.03358409,0.0379446462162867,18
1,[],10,[],2019-09-08 07:02:23,378040.83177187,0.0000069,0.00000000072700746,8000878,2019-09-08 07:02:23,btc,14.892780923717368,18459.285003,0.0000069,btc,11226.74401954,0.0,0.1623772417783146,18
1,[],12,[],2019-09-08 07:02:25,71603.58266216,0.000005519999999999999665506282553462114037756691686809062957763671875,0.000000000581605968,8000879,2019-09-08 07:02:25,btc,0.5665883836336444,0.0,0.000005519999999999999665506282553462114037756691686809062957763671875,btc,2171.7649741,0.004299241405,0.0137594616979087,18
0,[],27,[],2019-08-12 16:48:42,0.0,0,0,7891818,2019-08-12 16:48:42,,0.0,0.0,0,btc,0.0,0.0,0.0,19
1,[],3,[],2019-09-08 07:02:25,155413.3277291579,0.000004420000000000000032920714765349856634202296845614910125732421875,0.000000000465706228,8000880,2019-09-08 07:02:25,btc,190.44579219122312,40.8067071049,0.000004420000000000000032920714765349856634202296845614910125732421875,btc,36469.382673869215,0.0,0.0530800092763497,19
1,[],4,[],2019-09-08 07:02:26,371896.33974838,0.00000444,0.0000000004678134960000001,8000881,2019-09-08 07:02:26,btc,2.9920420693905934,0.0,0.00000444,btc,290268.15306444,0.66658915,0.6883510160391436,19
1,[],12,[],2019-09-08 07:02:27,129795.32648633,0.0000043499999999999998560938456459989964741907897405326366424560546875,0.00000000045833079,8000882,2019-09-08 07:02:27,btc,0.3189795616367062,0.0,0.0000043499999999999998560938456459989964741907897405326366424560546875,btc,3339.53406712,8.4030371e-05,0.019480749999869502,19
0,[],2,[],2019-01-20 23:24:19,0.0,0,0,6476924,2019-01-20 23:24:19,,0.0,0.0,0,,0.0,0.0,0.0,19
1,[],5,[],2019-07-06 02:01:19,0.0,0,0,7800799,2019-07-06 02:01:19,btc,0.0,0.0,0,btc,0.0,0.0,0.0,19
1,[],4,[],2019-08-19 09:56:57,10479102.32813501,0.00000006,0.00000000000640596,7912317,2019-08-19 09:56:57,btc,4.984292824562718,0.0,0.00000006,btc,2305413.8842246,0.0,0.1263090499480169,20
0,[],17,[],2019-08-21 20:54:51,0.0,0,0,7923265,2019-08-21 20:54:51,btc,0.0,0.0,0,btc,0.0,0.0,0.0,21
0,[],4,[],2019-09-08 07:02:28,0.0,0,0,8000883,2019-09-08 07:02:28,,45993.34286499491,0.0,0,,177370815.89586043,0.0,0.0,21
0,[],12,[],2019-09-08 07:02:29,0.0,0,0,8000884,2019-09-08 07:02:29,btc,2617.135722990949,0.0,0,btc,8972508.89310687,0.0,0.0,21
0.0000000002204393,[],27,[],2019-07-29 17:24:02,79794022.5,8.5971327e-17,8.21370058158e-21,7852364,2019-07-29 17:24:02,eth,1253.5830452782222,787155.0,0.00000039,eth,2317982.66147653,6.7672759904685e-11,2.1948587434632156e-09,23
1,[],12,[],2019-09-08 07:02:31,4178823727.955,0.0000000017,0.00000000000017911778,8000885,2019-09-08 07:02:31,btc,167285631007.38074,0.0,0.0000000017,btc,1962691813.653364,0.225499274846,0.972756581628,23
1,[],4,[],2019-09-08 07:02:31,5810798.69594693,0.00000013,0.000000000013697242000000001,8000886,2019-09-08 07:02:31,btc,4.365926266170762,0.0,0.00000013,btc,2101918.24277818,0.00591313,0.0975403948597675,24
0,[],22,[],2019-09-08 07:02:34,0.0,0,0,8000887,2019-09-08 07:02:34,,2.9367775,0.0,0,,2936.7775,0.0,0.0,24
0.0,[],25,[],2019-09-08 07:02:36,0.0,0,0,8000888,2019-09-08 07:02:36,,0.0,0.0,0.0,btc,0.0,0.0,0.0,24
1,[],4,[],2019-09-08 07:02:36,27528589.09845216,0.00000334,0.000000000351913756,8000889,2019-09-08 07:02:36,btc,108.37238055683889,0.0,0.00000334,btc,1042153.5975753,0.05559945,0.5328326527177941,26
1,[],10,[],2019-09-08 07:02:38,214532.73838052,0.00000353,0.00000000037193280200000003,8000890,2019-09-08 07:02:38,btc,25.71271126470126,6470.67129491,0.00000353,btc,19343.33431162,0.0,0.0343874292444879,26
0,[],2,[],2019-01-20 23:25:56,0.0,0,0,6476976,2019-01-20 23:25:56,,0.0,0.0,0,,0.0,0.0,0.0,26
0.0000000000671145,[],4,[],2019-09-08 07:02:38,845880286.6648879,3.221496e-17,3.394277716464e-21,8000891,2019-09-08 07:02:38,ltc,11.585628436100839,0.0,0.00000048,ltc,957712853.692502,0.0,5.569044699911425e-09,29
1,[],7,[],2019-09-08 07:02:39,0.0,0,0,8000892,2019-09-08 07:02:39,btc,13538.45171742049,0.0,0,btc,40578447.89577821,0.0,0.0,29
0,[],17,[],2019-08-21 20:55:05,0.0,0,0,7923275,2019-08-21 20:55:05,btc,0.0,0.0,0,btc,0.0,0.0,0.0,30
1,[],4,[],2019-09-08 07:02:40,14070175.81722369,0.00000007,0.000000000007375438,8000893,2019-09-08 07:02:40,btc,2.2541440835832374,0.0,0.00000007,btc,1925173.08355768,0.00098242,0.1637984009749075,30
1,[],4,[],2019-09-08 07:02:41,201139.64682832,0.00002203,0.000000002321155702,8000894,2019-09-08 07:02:41,btc,2.1098394588886413,0.0,0.00002203,btc,53222.0206968,0.09271772,0.2492382512108091,31
1,[],21,[],2019-09-08 07:02:42,7431230.4000934,0.00002269999999999999950217773048,0.0000000023917491800000002,8000895,2019-09-08 07:02:42,btc,2.891878374915603,33995.00692596,0.00002269999999999999950217773048155578408113797195255756378173828125,btc,101225.76460009,0.74778784,3.0955690860883256,31
0,[],2,[],2019-01-20 23:28:43,0.0,0,0,6477009,2019-01-20 23:28:43,,0.0,0.0,0,,0.0,0.0,0.0,32
0,[],4,[],2019-09-08 07:02:43,0.0,0,0,8000896,2019-09-08 07:02:43,,0.0,0.0,0,,0.0,0.0,0.0,33
1,[],12,[],2019-03-30 07:55:10,40641173.964,0.00000003,0.000000000001228359,7108785,2019-03-30 07:55:10,btc,4233210.82356125,0.0,0.00000003,btc,28378394.68333462,0.0126927883965248,0.90752895892,33
0.0000000000671145,[],4,[],2019-09-08 07:02:44,41079122.84435062,2.6174655e-17,2.757850644627e-21,8000897,2019-09-08 07:02:44,ltc,6.136993267822656,0.0,0.00000039,ltc,192830746.08339936,0.0,3.263266922571331e-10,34
1,[],5,[],2019-07-06 02:03:46,0.0,0,0,7800811,2019-07-06 02:03:46,btc,0.0,0.0,0,btc,0.0,0.0,0.0,34
1,[],27,[],2019-08-12 16:26:17,6255.0,0.00000019,0.000000000021630303,7891745,2019-08-12 16:26:17,btc,22.61101824371233,0.0,0.00000019,btc,4198.924835,0.0,0.00091445,37
1,[],17,[],2019-08-21 20:55:15,210000.45146899,0.00000025,0.000000000025489949999999998,7923282,2019-08-21 20:55:15,btc,0.003138923777095,0.0,0.00000025,"btc,eth",803.94918473,0.0,0.0001001128676138302,37
1,[],4,[],2019-09-08 07:02:45,11314140.58839019,0.00000011,0.000000000011589974,8000898,2019-09-08 07:02:45,btc,19773.29690032103,0.0,0.00000011,btc,2449583.89664335,0.00198066,0.2011102993557532,37
1,[],12,[],2019-09-08 07:02:46,8447547.27865734,0.00000011,0.000000000011589974000000002,8000899,2019-09-08 07:02:46,btc,1679.3038659439198,0.0,0.00000011,btc,2411421.93386016,0.004433219224,0.258055997865734,37
0,[],27,[],2019-08-12 16:26:27,0.0,0,0,7891747,2019-08-12 16:26:27,,0.001005,0.0,0,"btc,eth",3.0,0.0,0.0,42
1,[],12,[],2019-09-08 07:02:47,304369.53844217,0.00000083,0.000000000087451622,8000900,2019-09-08 07:02:47,btc,486.6751145555506,0.0,0.00000083,btc,162824.38502489,0.066200901675,0.0531623958055523,42
1,[],5,[],2019-07-06 02:03:47,0.0,0,0,7800812,2019-07-06 02:03:47,btc,0.0,0.14382058,0,btc,0.0,0.0,0.0,42
1,[],12,[],2019-03-13 09:13:29,1112112.0,0.00000001,0.000000000000386531,6919902,2019-03-13 09:13:29,btc,29058.00478931866,0.0,0.00000001,btc,5967681.93306694,9.99000999e-07,0.01112112,43
1,[],5,[],2019-04-26 22:38:52,0.0,0,0,7474154,2019-04-26 22:38:52,btc,0.0,0.02638891,0,btc,0.0,0.0,0.0,43
0,[],17,[],2019-04-26 22:38:53,0.0,0,0,7474155,2019-04-26 22:38:53,btc,0.0,0.0,0,btc,0.0,0.0,0.0,43
0.0000000000671145,[],4,[],2019-09-08 07:02:47,109654255.2745415,4.0939845e-17,4.313561264673e-21,8000901,2019-09-08 07:02:47,ltc,8614.741115476554,0.0,0.00000061,ltc,27251723.12987601,0.0,4.382114776021956e-10,49
0.0000000000673771,[],4,[],2019-09-01 13:37:52,277776288.3690458,1.4149191e-17,1.3535738675004002e-21,7981780,2019-09-01 13:37:52,ltc,31254.223411918138,0.0,0.00000021,ltc,165508145.920071,0.0,2.8136254903293817e-10,52
0,[],27,[],2019-08-12 16:26:37,0.0,0,0,7891750,2019-08-12 16:26:37,,0.0,0.0,0,"btc,eth",0.0,0.0,0.0,57
0,[],22,[],2019-09-08 07:02:50,0.0,0,0,8000902,2019-09-08 07:02:50,,10290.06395626,0.0,0,,285312171.3316013,0.0,0.0,57
1,[],17,[],2019-08-21 20:55:25,1200000.0,0.0000000001,0.00000000000001019598,7923289,2019-08-21 20:55:25,btc,1e+24,0.0,0.0000000001,"btc,eth",39506342.31952568,0.0,0.00010000000036633021,58
0.0000000000671145,[],4,[],2019-09-08 07:02:51,1037918825.7009025,6.71145e-19,7.0714119093e-23,8000903,2019-09-08 07:02:51,ltc,19.713030909576627,0.0,0.00000001,ltc,5311496961.550812,0.0,6.965940302750322e-10,58
0,[],12,[],2019-09-08 07:02:51,0.0,0,0,8000904,2019-09-08 07:02:51,btc,71957427.23463966,0.0,0,btc,5024967323.861175,0.009720452972,0.0,58
0.0000000000746133,[],22,[],2019-09-08 07:02:55,626877.0,7.461330000000001e-19,7.861510973220001e-23,8000905,2019-09-08 07:02:55,XMR,68.17454206,0.0,0.00000001,XMR,9626402.6,0.0,0.00626877,58
0,[],27,[],2019-07-29 19:34:56,0.0,0,0,7852673,2019-07-29 19:34:56,,1.97314195,0.0,0,"btc,eth",10936.9,0.0,0.0,61
0,[],22,[],2019-08-22 14:00:27,0.0,0,0,7929496,2019-08-22 14:00:27,,1000.95212109,0.0,0,,9656.689066014545,0.0,0.0,61
1,[],26,[],2019-08-22 14:00:27,0.0,0,0,7929497,2019-08-22 14:00:27,,0.0,0.0,0,,0.0,0.0,0.0,61
1,[],28,[],2019-08-22 14:00:41,40000.0,0.00000004,0.000000000004031476,7929498,2019-08-22 14:00:41,btc,0.242343945415105,338.0,0.00000004,btc,8016.46650005,0.0,0.001,61
1,[],5,[],2019-06-17 14:31:27,0.0,0,0,7740135,2019-06-17 14:31:27,btc,0.0,0.00079154,0,btc,0.0,0.0,0.0,61
1,[],4,[],2019-09-08 07:02:55,1903926.89220196,0.00000068,0.000000000071647112,8000906,2019-09-08 07:02:55,btc,2.973510605171847,0.0,0.00000068,btc,1304607.41004819,0.12127474,0.8616673650399426,67
0.0,[],25,[],2019-09-08 07:02:57,0.0,0,0,8000907,2019-09-08 07:02:57,,0.0,0.0,0.0,btc,0.0,0.0,0.0,67
1,[],12,[],2019-06-02 06:23:14,910048.355,0.00000006,0.000000000005154929999999999,7725270,2019-06-02 06:23:14,btc,5.167005424215783,0.0,0.00000006,btc,738530.60239759,0.003159757462,0.0187188113,71
,[],5,[],2018-11-20 23:02:39,1.5e-07,0.00000005,0.000000000002128045,4862160,2018-11-20 23:02:39,btc,2.84511358,0.0,,btc,0.00036572,0.0,0.07381892,74
1,[],5,[],2019-07-06 00:15:01,0.0,0,0,7800749,2019-07-06 00:15:01,btc,0.0,0.01883861,0,btc,0.0,0.0,0.0,75
1,[],4,[],2019-09-08 07:02:58,165265.71896857,0.00005483,0.000000005777075222,8000908,2019-09-08 07:02:58,btc,54.607805972777584,0.0,0.00005483,btc,108607.59692697,1.65794478,1.0440627527809239,82
1,[],21,[],2019-09-08 07:02:59,795112.49614699,0.00005208000000000000281018264214,0.000000005487325872,8000909,2019-09-08 07:02:59,btc,3.4630845244770008,12793.2058678,0.00005208000000000000281018264214338842066354118287563323974609375,btc,45141.40650668,0.67309041,1.807131012236211,82
0,[],4,[],2019-07-23 20:51:52,0.0,0,0,7830376,2019-07-23 20:51:52,,1.6413985531662756,0.0,0,,620289065.5915176,0.0,0.0,85
,[],22,[],2018-11-20 23:09:34,3408.1,0.0000001,0.0000000000041895,4862324,2018-11-20 23:09:34,BTC,0.04624735,0.0,,BTC,4990.0,0.0,0.00033081,86
1,[],27,[],2019-08-06 12:06:36,100155.0,0.00000003,0.000000000003516594,7875448,2019-08-06 12:06:36,btc,7.177196150774,345.0,0.00000003,btc,287406.89336,1.035e-05,0.00300465,87
1,[],22,[],2019-09-08 07:03:04,617988.0,0.00000001,0.0000000000010536340000000001,8000910,2019-09-08 07:03:04,BTC,1.80297794,0.0,0.00000001,BTC,1059840.847368421,0.00086401,0.00617988,87
,[],2,[],2018-11-20 23:10:47,0.0,0,0,4862359,2018-11-20 23:10:47,,0.0,0.0,,,0.0,0.0,0.0,88
0,[],2,[],2019-01-20 23:31:45,0.0,0,0,6477083,2019-01-20 23:31:45,,0.0,0.0,0,,0.0,0.0,0.0,91
1,[],12,[],2019-08-21 08:36:52,425737.18747014,0.00000027,0.00000000002755863,7920587,2019-08-21 08:36:52,btc,589.0196553122464,0.0,0.00000027,btc,329461.8088511,0.000457377432,0.0207804367963476,91
0,[],17,[],2019-08-21 08:36:53,0.0,0,0,7920588,2019-08-21 08:36:53,btc,0.0,0.0,0,btc,0.0,0.0,0.0,91
1,[],22,[],2019-08-21 08:36:57,54200.0,0.00000003,0.00000000000306207,7920589,2019-08-21 08:36:57,BTC,1.05335,0.0,0.00000003,"BTC,LTC",1839.95,0.0,0.002326,91
0,[],17,[],2019-08-21 20:55:48,0.0,0,0,7923301,2019-08-21 20:55:48,btc,0.0,0.0,0,btc,0.0,0.0,0.0,96
0.0000000000671145,[],4,[],2019-09-08 07:03:05,589277334.352669,8.724885e-18,9.19283548209e-22,8000911,2019-09-08 07:03:05,ltc,18.421896638522796,0.0,0.00000013,ltc,217379932.34141088,0.0,6.542237692563299e-10,96
0,[],12,[],2019-09-08 07:03:05,0.0,0,0,8000912,2019-09-08 07:03:05,btc,109.38136642456544,0.0,0,btc,11921691.45654345,0.0,0.0,96
0,[],2,[],2019-01-20 23:23:55,0.0,0,0,6476914,2019-01-20 23:23:55,,0.0,0.0,0,,0.0,0.0,0.0,100
1,[],4,[],2019-09-08 07:03:06,123702.2879227,0.00001267,0.000000001334954278,8000913,2019-09-08 07:03:06,btc,8.578742745481554,0.0,0.00001267,btc,203602.93891505,0.17069928,0.4514137345377704,100
1,[],22,[],2019-09-02 01:52:50,146000.0,0.00000002,0.0000000000019461180000000003,7985214,2019-09-02 01:52:50,BTC,26.50623849,0.0,0.00000002,BTC,10383.92,0.0,0.00162,101
1,[],27,[],2019-08-12 16:30:59,2050161.9,0.00000005,0.0000000000056921850000000005,7891762,2019-08-12 16:30:59,btc,261.32824567561846,0.0,0.00000005,btc,285690.80442935,0.0,0.060251537,105
1,[],12,[],2019-08-26 10:09:37,94297270.0,0.000000001,0.00000000000010357180000000001,7965278,2019-08-26 10:09:37,btc,339276.63475285517,0.0,0.000000001,btc,137493066.90169865,0.002908079082,0.09429727,105
1,[],27,[],2019-08-12 16:31:06,1.0,0.00000001,0.000000000001138437,7891764,2019-08-12 16:31:06,btc,0.0,0.0,0.00000001,"btc,eth",0.0,0.0,1e-08,112
0,[],22,[],2019-09-08 07:03:11,0.0,0,0,8000914,2019-09-08 07:03:11,,6.80006923,0.0,0,,3882713.0833333335,0.0,0.0,112
1,[],5,[],2019-07-06 00:19:31,0.0,0,0,7800761,2019-07-06 00:19:31,btc,0.0,0.0,0,btc,0.0,0.0,0.0,112
1,[],5,[],2019-07-06 00:19:43,0.0,0,0,7800765,2019-07-06 00:19:43,btc,0.0,0.0,0,btc,0.0,0.0,0.0,113
1,[],4,[],2019-08-23 18:16:44,371097.09099114,0.00000094,0.000000000097689594,7938037,2019-08-23 18:16:44,btc,6.337079582375524,0.0,0.00000094,btc,946945.41992512,0.00337055,0.1031406582583925,113
1,[],17,[],2019-08-21 20:55:59,212000.0,0.00000004,0.000000000004078392,7923307,2019-08-21 20:55:59,btc,1.3335225243619424,1.12e-06,0.00000004,btc,55804.73574154,0.0,0.00218,116
1,[],27,[],2019-08-02 18:48:59,95525.16595526,0.00000001,0.000000000001045936,7866367,2019-08-02 18:48:59,btc,3918.96487209,0.0,0.00000001,btc,88497.69,0.0,0.0009552516595526,116
1,[],4,[],2019-09-08 07:03:11,10629368.10178954,0.00000094,0.000000000099041596,8000915,2019-09-08 07:03:11,btc,129.5942264490277,0.0,0.00000094,btc,1604183.59474692,3.02014764,1.327433465802505,120
1,[],7,[],2019-09-08 07:03:12,15373.78850329,0.00000800999999999999954224116915924014392658136785030364990234375,0.000000000843960834,8000916,2019-09-08 07:03:12,btc,60.760403155426985,0.0,0.00000800999999999999954224116915924014392658136785030364990234375,btc,4537.13059959,0.0,0.0050396932365338,120
1,[],17,[],2019-08-21 20:56:04,10000.0,0.00000001,0.000000000001019598,7923311,2019-08-21 20:56:04,btc,0.0953976503951408,0.0,0.00000001,btc,5037.62507334,0.0,0.0001,131
1,[],4,[],2019-09-08 07:03:14,174365.16212786,0.00000192,0.000000000202297728,8000917,2019-09-08 07:03:14,btc,2.4145364796128144,0.0,0.00000192,btc,346504.86447049,0.02603117,0.1066215375711577,131
0,[],2,[],2019-01-20 23:25:46,0.0,0,0,6476969,2019-01-20 23:25:46,,0.0,0.0,0,,0.0,0.0,0.0,131
1,[],4,[],2019-08-20 14:43:19,8549.6097675,0.00005121,0.0000000054409242329999995,7915998,2019-08-20 14:43:19,btc,0.2921428325204394,0.0,0.00005121,btc,235.83446249,0.0,0.0027602632940558,135
1,[],3,[],2019-07-13 16:51:20,187.26592867,0.00000001,0.000000000001140965,7813490,2019-07-13 16:51:20,btc,419.77407087449336,1935513.62324,0.00000001,btc,3179086.72005867,0.0,1.8726592866999999e-06,136
1,[],4,[],2019-09-08 07:03:15,525901.90248028,0.00000351,0.000000000369825534,8000918,2019-09-08 07:03:15,btc,19.294150291699886,0.0,0.00000351,btc,433985.42417235,0.10144618,0.9050837756379685,137
1,[],12,[],2019-09-08 07:03:16,101777.76738919,0.00000315999999999999981465238600708556049312392133288085460662841796875,0.000000000332948344,8000919,2019-09-08 07:03:16,btc,38.548535313244955,0.0,0.00000315999999999999981465238600708556049312392133288085460662841796875,btc,41085.06343612,0.000333007981,0.0264679110527217,137
1,[],17,[],2019-08-21 20:56:08,32967.38636364,0.00000088,0.00000000008972462400000001,7923315,2019-08-21 20:56:08,btc,20.069762065592148,0.0,0.00000088,btc,2746.079105,0.0,0.0105613000000032,142
1,[],4,[],2019-09-08 07:03:17,294188.22176676,0.00002711,0.000000002856401774,8000920,2019-09-08 07:03:17,btc,3.28885364639621,0.0,0.00002711,btc,75727.95526932,0.15437656,0.8753777407229063,142
1,[],20,[],2019-09-08 07:03:19,108816.5239,0.000022877,0.0000000024103985018000002,8000921,2019-09-08 07:03:19,btc,1.275008163011,0.0,0.000022877,btc,3549.3684,0.0,0.0025348726093,142
1,[],22,[],2019-09-08 07:03:22,10619.88,0.00000200,0.00000000021072680000000002,8000922,2019-09-08 07:03:22,BTC,1.55898515,0.0,0.00000200,BTC,835.8398331062671,0.0,0.00416696,142
0.0,[],25,[],2019-09-08 07:03:24,0.0,0,0,8000923,2019-09-08 07:03:24,,0.0,0.0,0.0,btc,0.0,0.0,0.0,142
1,[],28,[],2019-09-08 07:03:35,10095420.0,0.000030000000,0.000000003160902,8000924,2019-09-08 07:03:35,btc,0.40021763,846.0,0.000030000000,btc,1859.485,0.0,1.4392752,142
1,[],5,[],2019-07-06 02:06:10,0.0,0,0,7800822,2019-07-06 02:06:10,btc,0.0,0.00140707,0,btc,0.0,0.0,0.0,142
0,[],22,[],2019-08-21 15:01:35,0.0,0,0,7922332,2019-08-21 15:01:35,,68.14027224,0.0,0,,718000153.5744588,0.0,0.0,143
0,[],22,[],2019-02-25 15:42:22,0.0,0,0,6783783,2019-02-25 15:42:22,,4.2131946,0.0,0,,2322156.0,0.0,0.0,146
,[],22,[],2018-11-20 23:01:11,0.0,0,0,4862114,2018-11-20 23:01:11,,2.56807021,0.0,,,61828.4988236,0.0,0.0,147
1,[],12,[],2019-04-21 06:38:04,193091.5971266,0.00000071,0.000000000037635183,7388679,2019-04-21 06:38:04,btc,2.301232411611175,0.0,0.00000071,btc,9957.48302385,0.00023528,0.0313308199999888,148
1,[],5,[],2019-04-26 09:36:59,0.0,0,0,7465040,2019-04-26 09:36:59,btc,0.0,0.0,0,btc,0.0,0.0,0.0,153
0,[],23,[],2019-01-20 23:24:29,0.0,0,0,6476932,2019-01-20 23:24:29,,0.0,0.0,0,,0.0,0.0,0.0,156
0,[],22,[],2019-09-08 07:03:37,0.0,0,0,8000925,2019-09-08 07:03:37,,6.87813965,0.0,0,,4570228.592592592,0.0,0.0,156
1,[],22,[],2019-09-08 07:03:40,6996.0,0.00000001,0.0000000000010536340000000001,8000926,2019-09-08 07:03:40,BTC,1.7547719,0.0,0.00000001,BTC,64.8,0.0,6.996e-05,157
0,[],22,[],2019-08-17 00:05:41,0.0,0,0,7905012,2019-08-17 00:05:41,,50234.60468402,0.0,0,,54786159.03179465,0.0,0.0,158
,[],17,[],2018-11-20 22:56:10,0.0,0,0,4861976,2018-11-20 22:56:10,btc,1.1265625,0.0,,btc,1000.0,0.0,0.0,159
,[],20,[],2018-11-20 22:56:12,0.0,0,0,4861977,2018-11-20 22:56:12,btc,11912.7940471,0.0,,btc,34413894.3617,0.0,0.0,159
1,[],22,[],2019-09-08 06:03:38,8611.318181818182,0.00000001,0.000000000001055305,8000840,2019-09-08 06:03:38,BTC,22.8347312,0.0,0.00000001,"BTC,LTC",293247.6604070517,0.0,0.00050387,171
0.0000000000644549,[],22,[],2019-09-03 05:10:10,94000.0,6.44549e-19,6.64851004402e-23,7989885,2019-09-03 05:10:10,LTC,17.607944,0.0,0.00000001,LTC,1473441.0846050987,0.0,0.00094,173
1,[],5,[],2019-07-06 02:08:45,0.0,0,0,7800830,2019-07-06 02:08:45,btc,0.0,0.00700197,0,btc,0.0,0.0,0.0,175
0,[],22,[],2019-08-19 04:17:22,0.0,0,0,7911532,2019-08-19 04:17:22,,393.97295672,0.0,0,,135375.61833431243,0.0,0.0,176
1,[],7,[],2019-07-01 10:15:32,0.0,0,0,7783526,2019-07-01 10:15:32,btc,521516.2326888725,0.0,0,btc,26809253.73522063,0.0,0.0,178
0,[],22,[],2019-09-08 07:03:43,0.0,0,0,8000927,2019-09-08 07:03:43,,1.00205534,0.0,0,,62828.0,0.0,0.0,178
0,[],2,[],2019-01-20 23:28:34,0.0,0,0,6477001,2019-01-20 23:28:34,,0.0,0.0,0,,0.0,0.0,0.0,178
1,[],5,[],2019-07-06 02:08:50,0.0,0,0,7800832,2019-07-06 02:08:50,btc,0.0,6.904e-05,0,btc,0.0,0.0,0.0,179
0,[],23,[],2019-01-20 23:25:08,0.0,0,0,6476952,2019-01-20 23:25:08,,0.0,0.0,0,,0.0,0.0,0.0,179
0.0000000000671145,[],22,[],2019-09-08 07:03:47,250000.0,2.013435e-17,2.12142357279e-21,8000928,2019-09-08 07:03:47,LTC,10.20937404,0.0,0.0000003,LTC,14612113.811946675,0.0,0.075,179
1,[],17,[],2019-08-21 20:57:03,32504.725000000002,0.00000015,0.00000000001529397,7923326,2019-08-21 20:57:03,btc,5.201614863967379,8e-06,0.00000015,btc,5020.40125,0.0,0.0029504724999999997,180
1,[],22,[],2019-09-08 07:03:51,768911.5552817101,0.00000041,0.000000000043198994000000004,8000929,2019-09-08 07:03:51,BTC,2.96191587,0.0,0.00000041,"BTC,LTC",240494.05802533453,0.00466783,0.61114039,180
1,[],26,[],2019-09-08 07:03:51,0.0,0,0,8000930,2019-09-08 07:03:51,,0.0,0.0,0,,0.0,0.0,0.0,180
,[],7,[],2018-11-20 22:58:01,562227.975654,0.00000085,0.000000000036176765,4862015,2018-11-20 22:58:01,btc,21836.6059674,2491.87645172,,btc,749999.041456,0.00211021,0.127565380455,183
,[],5,[],2019-01-10 08:11:41,0.0,0,0,6347036,2019-01-10 08:11:41,btc,82.15055501,0.00261,,btc,1.19002445,0.0,0.0,187
,[],17,[],2018-11-16 20:58:10,4062536.27273,0.00000001,0.000000000000550501,4708775,2018-11-16 20:58:10,btc,3.36492563466,0.195460381006,,"btc,eth",110697919.549,0.0,0.0157628953496,187
1,[],24,[],2019-05-22 21:04:52,0.0,0.000000000014,0.0000000000000010960978,7670219,2019-05-22 21:04:52,btc,0.0,0.0,0.000000000014,btc,0.0,0.0,0.0,187
0,[],23,[],2019-01-20 23:31:41,0.0,0,0,6477079,2019-01-20 23:31:41,,0.0,0.0,0,,0.0,0.0,0.0,199
0,[],22,[],2019-09-08 07:03:54,0.0,0,0,8000931,2019-09-08 07:03:54,,6.97417052,0.0,0,,108405779.0,0.0,0.0,199
1,[],26,[],2019-09-08 07:03:54,0.0,0,0,8000932,2019-09-08 07:03:54,,0.0,0.0,0,,0.0,0.0,0.0,199
1,[],4,[],2019-01-25 15:51:35,2084389.58565343,0.00000936,0.000000000333526752,6499557,2019-01-25 15:51:35,btc,2.0092503037378524,0.0,0.00000936,btc,160195.80207885,0.19272417,1.242687955921835,211
1,[],7,[],2019-07-01 02:21:28,1170054124.6898527,0.00000018,0.000000000019815389999999997,7782694,2019-07-01 02:21:28,btc,1346735.6331920293,0.0,0.00000018,btc,5516233.71348162,0.0,11.954344045954047,212
0,[],22,[],2019-08-19 07:38:07,0.0,0,0,7911940,2019-08-19 07:38:07,,6.8412543,0.0,0,,3272264.174064925,0.0,0.0,216
1,[],27,[],2019-08-12 16:37:52,320029.088,0.00000001,0.000000000001138437,7891783,2019-08-12 16:37:52,btc,176.0318120012664,0.0,0.00000001,"btc,ltc",485496.05456794,0.0,0.00320029088,216
1,[],22,[],2019-09-08 07:04:00,346593.7263736264,0.00000013,0.000000000013697242000000001,8000933,2019-09-08 07:04:00,BTC,12055.79030478,0.0,0.00000013,BTC,596247.397268583,0.00199282,0.01052656,217
0,[],22,[],2019-08-29 16:52:21,0.0,0,0,7978120,2019-08-29 16:52:21,,4.69007484,0.0,0,,180254.70709740353,0.0,0.0,221
1,[],24,[],2019-08-29 16:52:22,0.0,0.000000010000,0.000000000000950592,7978121,2019-08-29 16:52:22,btc,0.0,0.0,0.000000010000,btc,0.0,0.0,0.0,221
1,[],26,[],2019-09-08 07:04:00,0.0,0,0,8000934,2019-09-08 07:04:00,,0.0,0.0,0,,0.0,0.0,0.0,231
0.0000000001859265,[],27,[],2019-08-12 16:38:10,100.0,1.859265e-18,2.1166560688050002e-22,7891787,2019-08-12 16:38:10,eth,0.0,0.0,0.00000001,"btc,eth",0.0,0.0,1.8592649999999999e-16,234
1,[],26,[],2019-09-08 07:04:00,0.0,0,0,8000935,2019-09-08 07:04:00,,0.0,0.0,0,,0.0,0.0,0.0,234
1,[],5,[],2019-07-06 02:11:21,0.0,0,0,7800842,2019-07-06 02:11:21,btc,0.0,0.10652887,0,btc,0.0,0.0,0.0,237
1,[],20,[],2019-09-08 07:04:02,43806720.1496,0.000000028,0.0000000000029501752,8000936,2019-09-08 07:04:02,btc,521.1048527056033,5920107.8967,0.000000028,btc,33870466.5727,0.1655751010882,0.2757768061145,237
1,[],22,[],2019-09-08 07:04:06,1837861.0,0.00000001,0.0000000000010536340000000001,8000937,2019-09-08 07:04:06,BTC,1.20569942,0.0,0.00000001,"BTC,LTC",60432.94871794872,0.0,0.01837861,237
1,[],5,[],2019-07-06 02:11:32,0.0,0,0,7800846,2019-07-06 02:11:32,btc,0.0,0.05525444,0,btc,0.0,0.0,0.0,238
1,[],4,[],2019-08-18 21:55:28,28766182.9187235,0.00000006,0.0000000000062177580000000004,7910606,2019-08-18 21:55:28,btc,2.1262004590211685,0.0,0.00000006,btc,15667280.40051822,0.02567584,0.5811165339764514,238
0.0000000000711565,[],22,[],2019-08-17 13:20:25,419253.0,7.115650000000001e-19,7.3700771814e-23,7906682,2019-08-17 13:20:25,LTC,0.40427224,0.0,0.00000001,LTC,496363.0639027493,0.0,0.00419253,249
0,[],22,[],2019-09-07 11:54:30,0.0,0,0,7999199,2019-09-07 11:54:30,,13.4488406,0.0,0,,43819581.3426455,0.0,0.0,252
1,[],28,[],2019-09-08 07:04:15,2264146.0,0.0000005,0.000000000052681700000000005,8000938,2019-09-08 07:04:15,btc,164695.80983372097,262115.8501,0.0000005,btc,1667820.5842,0.0,0.37870228,256
0.0000000000916764,[],22,[],2019-07-23 20:12:22,1517.0,9.16764e-19,9.31930943616e-23,7830286,2019-07-23 20:12:22,LTC,31474.63788373,0.0,0.00000001,LTC,1024398.9185893413,0.0,1.517e-05,258
1,[],5,[],2019-07-02 14:44:15,0.0,0,0,7788374,2019-07-02 14:44:15,btc,0.0,0.02775788,0,btc,0.0,0.0,0.0,264
1,[],20,[],2019-09-08 07:04:17,923363.5928,0.0000003,0.000000000031609020000000004,8000939,2019-09-08 07:04:17,btc,0.4756172525596,19977.546,0.0000003,btc,64287.6294,0.006193610478,0.0118601514609,264
0,[],22,[],2019-08-27 11:47:19,0.0,0,0,7977618,2019-08-27 11:47:19,,33050469.74148113,0.0,0,,14261527780.7,0.0,0.0,272
0.0000000000000025860000000000002,[],28,[],2019-08-27 11:47:30,139196263259.852,3.1032000000000002e-22,3.1535059752e-26,7977619,2019-08-27 11:47:30,doge,1708945031879160.8,7392150085.764,0.00000012,doge,49126229218.319,0.0,3.124217329408538e-11,272
0,[],22,[],2019-09-08 07:04:20,0.0,0,0,8000940,2019-09-08 07:04:20,,73.4668573,0.0,0,,1523613.3487135023,0.0,0.0,286
