pairValue,buyBook,exchangeId,sellBook,updated,buyTotal,satoshiPrice,usdPrice,exchangeLogId,created,bestPair,sellTotalBtc,volume,pairPrice,activePairs,sellTotal,volumeBtc,buyTotalBtc,coinId
1,[],3,[],2019-06-17 15:37:46,417.512002436853,0.01047010999999999948661955073703211382962763309478759765625,0.000000969801267827,7740750,2019-06-17 15:37:46,btc,12.158147940791563,64.129516739,0.01047010999999999948661955073703211382962763309478759765625,btc,20.552267228421,0.0,0.3715197561025633,1
1,[],4,[],2019-06-17 15:37:47,207685.97284915,0.01035508,0.000000959146533556,7740751,2019-06-17 15:37:47,btc,6.68867874842684,0.0,0.01035508,btc,351.45147287,1.57331909,0.6641821563743503,1
1,[],5,[],2019-06-17 15:37:49,0.0,0,0,7740752,2019-06-17 15:37:49,btc,0.0,0.00453361,0,btc,0.0,0.0,0.0,1
1,[],10,[],2019-06-17 15:37:50,311712.31546892,0.0054709,0.00000050674594213,7740753,2019-06-17 15:37:50,btc,6510.812994014736,1209.26199796,0.0054709,btc,1171.9745759,0.0,2.372343482761195,1
1,[],12,[],2019-06-17 15:37:52,97.71800841000001,0.01051000000000000024480417692984701716341078281402587890625,0.000000973496107,7740754,2019-06-17 15:37:52,btc,0.397722317757,0.0,0.01051000000000000024480417692984701716341078281402587890625,btc,36.0087231,2.58153206694,0.30785052696410004,1
1,[],20,[],2019-06-17 15:37:54,918.401,0.01111,0.000001029071526999999989196455985,7740755,2019-06-17 15:37:54,btc,0.1847538741383,0.7703,0.01111,btc,13.8418,0.008726049776,0.1316266965031,1
1,[],21,[],2019-06-17 15:37:55,1741.6658621,0.01051703000000000012836842700,0.000000974147265671,7740756,2019-06-17 15:37:55,btc,40.818773280717004,3644.33776451,0.0105170300000000001283684269992590998299419879913330078125,"btc,eth",4415.05329839,37.72337510072123,14.263540484205452,1
1,[],22,[],2019-06-17 15:37:59,0.0395979803020197,0.01000001,0.0000009262579262569999,7740757,2019-06-17 15:37:59,BTC,0.01662946,0.0,0.01000001,BTC,0.2506143389081928,0.0,0.00021887,1
1,[],24,[],2019-06-17 15:37:59,0.0,0.000000000000,0,7740758,2019-06-17 15:37:59,btc,0.0,0.0,0.000000000000,btc,0.0,0.0,0.0,1
0.0,[],25,[],2019-06-17 15:38:00,0.0,0,0,7740759,2019-06-17 15:38:00,btc,55.64999999833171,3901.97880774,0.0,btc,5165.64732997,41.75,0.0,1
1,[],26,[],2019-06-17 15:38:02,0.0,0,0,7740760,2019-06-17 15:38:02,,0.0,0.0,0,,0.0,0.0,0.0,1
0,[],28,[],2019-06-17 15:38:03,0.0,0,0,7740761,2019-06-17 15:38:03,,0.0,0.0,0,,0.0,0.0,0.0,1
0,[],2,[],2019-01-20 23:28:45,0.0,0,0,6477011,2019-01-20 23:28:45,,0.0,0.0,0,,0.0,0.0,0.0,1
1,[],5,[],2019-06-17 14:29:02,0.0,0,0,7740076,2019-06-17 14:29:02,btc,0.0,2.72e-05,0,btc,0.0,0.0,0.0,2
1,[],22,[],2019-06-17 14:29:06,11550.3,0.0000002,0.0000000000185828,7740077,2019-06-17 14:29:06,BTC,21.00897301,0.0,0.0000002,"BTC,XMR",20678.87287795317,1.754e-05,0.00143681,2
1,[],5,[],2019-06-03 14:48:58,0.0,0,0,7731126,2019-06-03 14:48:58,btc,0.0,0.05905545,0,btc,0.0,0.0,0.0,3
1,[],12,[],2019-06-03 14:48:59,3468623.70302,0.000000116,0.000000000009823402000000002,7731127,2019-06-03 14:48:59,btc,169531.0336573751,0.0,0.000000116,btc,2361209.62379607,0.041350953071,0.33764769154428,3
0,[],28,[],2019-06-03 14:49:00,0.0,0,0,7731128,2019-06-03 14:49:00,,0.0,0.0,0,,0.0,0.0,0.0,3
0,[],2,[],2019-01-20 23:31:32,0.0,0,0,6477077,2019-01-20 23:31:32,,0.0,0.0,0,,0.0,0.0,0.0,4
1,[],4,[],2019-05-18 21:29:50,562734.9206932,0.00000010,0.000000000007298720000000001,7650946,2019-05-18 21:29:50,btc,41.9347137769675,0.0,0.00000010,btc,1123702.32192634,0.00052462,0.029254593370966,4
0,[],12,[],2019-06-02 05:03:43,0.0,0,0,7724919,2019-06-02 05:03:43,btc,625.901992874995,0.0,0,btc,1211362.4995005,0.0,0.0,5
0,[],2,[],2019-01-20 23:31:51,0.0,0,0,6477087,2019-01-20 23:31:51,,0.0,0.0,0,,0.0,0.0,0.0,6
1,[],11,[],2019-06-17 15:38:06,5137248.576736,0.00000002,0.000000000001852514,7740762,2019-06-17 15:38:06,btc,9583.466798271666,1000402.0,0.00000002,btc,72865578.12354945,0.0,0.06281397876736,6
1,[],3,[],2019-06-17 15:38:06,12129.136779148364,0.0000851199999999999981810383520297591530834324657917022705078125,0.000000007884299584,7740763,2019-06-17 15:38:06,btc,0.30215279695680797,383.235938255,0.0000851199999999999981810383520297591530834324657917022705078125,btc,277.473143503849,0.0,0.03251075136364373,7
1,[],4,[],2019-06-17 15:38:07,336348.29357517,0.00009438,0.000000008742013566,7740764,2019-06-17 15:38:07,btc,11.432252742338324,0.0,0.00009438,btc,66466.84441843,3.81389912,3.3522551348335345,7
1,[],5,[],2019-06-17 15:38:08,0.0,0,0,7740765,2019-06-17 15:38:08,btc,0.0,0.2385541,0,btc,0.0,0.0,0.0,7
1,[],20,[],2019-04-07 22:06:50,3201475.0482,0.000000001,0.000000000000051590000000000004,7213932,2019-04-07 22:06:50,btc,30.8005781811902,0.0,0.000000001,btc,23077405.3926,0.0,0.0032014750482,8
0,[],2,[],2019-01-20 23:22:42,0.0,0,0,6476876,2019-01-20 23:22:42,,0.0,0.0,0,,0.0,0.0,0.0,9
0,[],23,[],2019-01-20 23:22:48,0.0,0,0,6476878,2019-01-20 23:22:48,,0.0,0.0,0,,0.0,0.0,0.0,9
1,[],4,[],2019-06-17 15:38:10,1872866.1940751,0.00000069,0.000000000063911733,7740766,2019-06-17 15:38:10,btc,4.0004962800054065,0.0,0.00000069,btc,2727052.8806058,0.81806839,0.4336286565367214,9
0,[],28,[],2019-06-17 15:38:12,0.0,0,0,7740767,2019-06-17 15:38:12,,0.0,0.0,0,,0.0,0.0,0.0,9
1,[],1,[],2019-02-17 23:31:42,1822507.21,0.00000181000000000000003456111265232042484285557293333113193511962890625,0.000000000066086901,6701244,2019-02-17 23:31:42,btc,3.6990969245,17153386.5,0.00000181000000000000003456111265232042484285557293333113193511962890625,btc,1997391.71,31.11772986,3.2610482446,9
1,[],4,[],2019-02-17 11:22:43,4341674.27126056,0.00000002,0.0000000000007272960000000001,6696112,2019-02-17 11:22:43,btc,0.1997230937751353,0.0,0.00000002,btc,4109766.79808031,0.00215132,0.0479381022052112,10
0,[],2,[],2019-01-20 23:23:08,0.0,0,0,6476890,2019-01-20 23:23:08,,0.0,0.0,0,,0.0,0.0,0.0,12
1,[],4,[],2019-06-17 15:38:12,5633019.52795782,0.00000033,0.000000000030566481,7740768,2019-06-17 15:38:12,btc,7.6935576380876505,0.0,0.00000033,btc,8263125.7063796,1.41932835,0.7801873871475242,12
1,[],5,[],2019-06-17 15:38:13,0.0,0,0,7740769,2019-06-17 15:38:13,btc,0.0,0.01405046,0,btc,0.0,0.0,0.0,12
0.0,[],25,[],2019-06-17 15:38:14,0.0,0,0,7740770,2019-06-17 15:38:14,,0.0,0.0,0.0,btc,0.0,0.0,0.0,12
1,[],4,[],2019-06-17 15:38:15,469013.05323829,0.00000425,0.00000000039365922499999997,7740771,2019-06-17 15:38:15,btc,2.2395899709889733,0.0,0.00000425,btc,342105.98961836,0.59454604,0.3929544619363411,13
1,[],21,[],2019-06-17 15:38:19,1627813.61224742,0.000004210000000000000349473054662,0.00000000038995419700000005,7740772,2019-06-17 15:38:19,btc,3.928570503753434,641549.19704784,0.000004210000000000000349473054661597615222490276210010051727294921875,btc,757198.65681428,2.82318652,4.1204143706496135,13
1,[],10,[],2019-06-17 15:34:59,655292.79929144,0.00000421,0.000000000389971037,7740669,2019-06-17 15:34:59,btc,666798.8993963468,73509.5672079,0.00000421,btc,889493.73074405,0.0,0.3562321240957422,13
1,[],4,[],2019-06-17 15:38:20,965158.96725257,0.00000062,0.000000000057427934,7740773,2019-06-17 15:38:20,btc,15.605828649432578,0.0,0.00000062,btc,839772.57799484,0.08507481,0.0729184215092837,14
1,[],12,[],2019-06-17 15:38:20,154413.59702841,0.00000064,0.000000000059280448,7740774,2019-06-17 15:38:20,btc,184.25713946803955,0.0,0.00000064,btc,24283.75717093,0.0002208,0.0154358599999693,14
1,[],26,[],2019-06-17 15:38:21,0.0,0.00000050,0.00000000004631285,7740775,2019-06-17 15:38:21,btc,0.0,0.0,0.00000050,btc,0.0,0.0,0.0,14
0,[],17,[],2019-05-03 00:53:32,0.0,0,0,7558876,2019-05-03 00:53:32,btc,0.0,0.0,0,btc,0.0,0.0,0.0,14
0,[],4,[],2019-06-17 15:38:21,0.0,0,0,7740776,2019-06-17 15:38:21,,0.0,0.0,0,,0.0,0.0,0.0,15
,[],12,[],2018-12-01 15:15:48,204241.84496,0.00000489,0.000000000202473384,5260204,2018-12-01 15:15:48,btc,49.5475654835,0.0,,btc,35763.2193806,0.0163153972027625,0.0203389899998,15
1,[],4,[],2019-06-17 15:38:23,32466.59604182,0.00001052,0.000000000974422364,7740777,2019-06-17 15:38:23,btc,2.44714469738648,0.0,0.00001052,btc,15939.83702965,0.04655427,0.0590375247092259,18
1,[],10,[],2019-06-17 15:38:25,291280.52355892,0.00000962,0.000000000891059234,7740778,2019-06-17 15:38:25,btc,15.216938144818863,9217.45566851,0.00000962,btc,11387.24007299,0.0,0.2726742532718718,18
0,[],2,[],2019-01-20 23:23:38,0.0,0,0,6476906,2019-01-20 23:23:38,,0.0,0.0,0,,0.0,0.0,0.0,18
1,[],12,[],2019-06-17 15:38:26,3038.09184511,0.000011120000000000000259128656032725501745517249219119548797607421875,0.000000001029997784,7740779,2019-06-17 15:38:26,btc,0.5373530317681257,0.0,0.000011120000000000000259128656032725501745517249219119548797607421875,btc,1929.86744806,0.001392242078,0.0083820408778442,18
0,[],17,[],2019-05-03 00:53:39,0.0,0,0,7558882,2019-05-03 00:53:39,btc,0.0,0.0,0,btc,0.0,0.0,0.0,18
1,[],3,[],2019-06-17 15:38:27,153418.79675966356,0.000009989999999999999219708370079562342880308278836309909820556640625,0.000000000925330743,7740780,2019-06-17 15:38:27,btc,0.2244426563881363,12469.9864553,0.000009989999999999999219708370079562342880308278836309909820556640625,btc,5234.341148582152,0.0,0.0718887236016155,19
1,[],4,[],2019-06-17 15:38:28,338566.29684012,0.00001146,0.000000001061490522,7740781,2019-06-17 15:38:28,btc,6.104824838414322,0.0,0.00001146,btc,214212.91850846,2.2763467,1.4157394210923302,19
1,[],5,[],2019-06-17 15:38:29,0.0,0,0,7740782,2019-06-17 15:38:29,btc,0.0,0.0052456,0,btc,0.0,0.0,0.0,19
1,[],12,[],2019-06-17 15:38:30,109064.04828383,0.000007040000000000000359053065057679532401380129158496856689453125,0.000000000652084928,7740783,2019-06-17 15:38:30,btc,0.3685134629102722,0.0,0.000007040000000000000359053065057679532401380129158496856689453125,btc,2955.50144132,0.0,0.0200587413764412,19
0,[],27,[],2019-06-17 15:38:34,0.0,0,0,7740784,2019-06-17 15:38:34,,0.0,0.0,0,btc,0.0,0.0,0.0,19
0,[],2,[],2019-01-20 23:24:19,0.0,0,0,6476924,2019-01-20 23:24:19,,0.0,0.0,0,,0.0,0.0,0.0,19
1,[],4,[],2019-06-17 15:38:35,10213276.46938102,0.00000008,0.000000000007410056,7740785,2019-06-17 15:38:35,btc,6.3705248709913365,0.0,0.00000008,btc,2198053.57744236,0.00706181,0.1264739244303178,20
0,[],4,[],2019-06-17 15:38:36,0.0,0,0,7740786,2019-06-17 15:38:36,,66178.32783740718,0.0,0,,79413058.72574267,0.0,0.0,21
1,[],12,[],2019-06-17 15:38:37,872535.0,0.00000001,0.000000000000926257,7740787,2019-06-17 15:38:37,btc,2601.6140903023875,0.0,0.00000001,btc,6759413.11888111,0.002704965921,0.00872535,21
0,[],17,[],2019-05-03 00:53:51,0.0,0,0,7558891,2019-05-03 00:53:51,btc,0.0,0.0,0,btc,0.0,0.0,0.0,21
1,[],12,[],2019-06-17 15:32:11,5571948248.0,0.0000000003,0.0000000000000278037,7740598,2019-06-17 15:32:11,btc,1420730267365.8738,0.0,0.0000000003,btc,2518598096.758245,0.005500148148,1.3006067958,23
0.00000000029276000000000003,[],27,[],2019-06-17 15:32:15,50511784.05566581,5.8552e-18,5.426540808e-22,7740599,2019-06-17 15:32:15,eth,1051.639203119881,117475.92007994,0.00000002,eth,26028018.42487581,6.878454752e-13,1.6908529781353446e-10,23
1,[],4,[],2019-06-17 15:38:38,6164062.83851807,0.00000016,0.000000000014820112,7740788,2019-06-17 15:38:38,btc,10.25626452437827,0.0,0.00000016,btc,1744936.70738212,0.00643717,0.1382992284400025,24
0,[],22,[],2019-06-17 15:38:40,0.0,0,0,7740789,2019-06-17 15:38:40,,6.22e-05,0.0,0,,517.4264705882352,0.0,0.0,24
0.0,[],25,[],2019-06-17 15:38:42,0.0,0,0,7740790,2019-06-17 15:38:42,,0.0,0.0,0.0,btc,0.0,0.0,0.0,24
1,[],4,[],2019-06-17 15:38:43,26955899.91910517,0.00000508,0.000000000470538556,7740791,2019-06-17 15:38:43,btc,58.407593191794334,0.0,0.00000508,btc,256951.70352177,0.23524942,0.5317562288393507,26
1,[],10,[],2019-06-17 15:38:45,221042.74380282,0.00000368,0.000000000340862576,7740792,2019-06-17 15:38:45,btc,25.26942997819736,5180.87768802,0.00000368,btc,19888.73557319,0.0,0.049605314265131,26
0,[],2,[],2019-01-20 23:25:56,0.0,0,0,6476976,2019-01-20 23:25:56,,0.0,0.0,0,,0.0,0.0,0.0,26
1,[],5,[],2019-04-26 09:47:06,0.0,0,0,7465326,2019-04-26 09:47:06,btc,0.0,0.0,0,btc,0.0,0.0,0.0,27
1,[],3,[],2019-06-17 14:30:26,13571825.64059417,0.00000001,0.00000000000092914,7740112,2019-06-17 14:30:26,btc,3.485049956644059,4264730.43754,0.00000001,btc,23500048.28518193,0.0,0.1357182564059417,27
1,[],11,[],2019-06-17 14:30:28,2031833.58157834,0.00000001,0.00000000000092914,7740113,2019-06-17 14:30:28,btc,67502.92060589766,32677.9652116,0.00000001,btc,6487362.95640949,0.0,0.0203183358157834,27
1,[],4,[],2019-06-17 15:38:46,1083285518.6503189,0.00000001,0.000000000000926257,7740793,2019-06-17 15:38:46,btc,6.249845926315291,0.0,0.00000001,"btc,ltc",431017518.63309014,0.03095748,7.6440851324751184,29
1,[],7,[],2019-06-17 15:38:47,88385545.39145987,0.00000001,0.000000000000926257,7740794,2019-06-17 15:38:47,btc,46548272.36098863,3522.25,0.00000001,btc,44638895.813321814,0.0,0.8838554539145987,29
1,[],4,[],2019-06-17 15:35:29,15469422.20650066,0.00000004,0.0000000000037051879999999995,7740690,2019-06-17 15:35:29,btc,2.599590354076404,0.0,0.00000004,btc,2164175.19989625,0.00207486,0.1680279652443515,30
0,[],17,[],2019-05-03 01:11:25,0.0,0,0,7559066,2019-05-03 01:11:25,btc,0.0,0.0,0,btc,0.0,0.0,0.0,30
1,[],4,[],2019-06-17 15:38:48,214441.9704074,0.00004851,0.0000000044932727069999996,7740795,2019-06-17 15:38:48,btc,5.587486388419247,0.0,0.00004851,btc,65867.92783455,0.62679275,0.9011886834247856,31
1,[],21,[],2019-06-17 15:38:49,73162.82420152,0.00005038000000000000214595702319,0.000000004666482766,7740796,2019-06-17 15:38:49,btc,11.877686038099275,625487.43567289,0.000050380000000000002145957023191868984213215298950672149658203125,btc,208507.6901914,31.08588651,3.270644195932704,31
0,[],2,[],2019-01-20 23:28:43,0.0,0,0,6477009,2019-01-20 23:28:43,,0.0,0.0,0,,0.0,0.0,0.0,32
0,[],4,[],2019-06-17 15:35:32,0.0,0,0,7740693,2019-06-17 15:35:32,,0.0,0.0,0,,0.0,0.0,0.0,33
1,[],12,[],2019-03-30 07:55:10,40641173.964,0.00000003,0.000000000001228359,7108785,2019-03-30 07:55:10,btc,4233210.82356125,0.0,0.00000003,btc,28378394.68333462,0.0126927883965248,0.90752895892,33
0.0000000001456237,[],4,[],2019-06-17 15:38:50,145535696.84810606,6.9899376e-17,6.4744786315632e-21,7740797,2019-06-17 15:38:50,ltc,3.7223544130058803,0.0,0.00000048,ltc,158766794.37714478,0.0,7.076654646606791e-10,34
1,[],5,[],2019-06-17 15:38:51,0.0,0,0,7740798,2019-06-17 15:38:51,btc,0.0,0.00579966,0,btc,0.0,0.0,0.0,34
0.0000000002926451,[],17,[],2019-05-02 18:17:47,200000.0,2.9264510000000002e-18,1.596703856561e-22,7556430,2019-05-02 18:17:47,eth,0.20942468735267253,0.0,0.00000001,"btc,eth",1018272.20243647,0.0,5.852902e-13,36
0.0000000001311821,[],4,[],2019-05-31 13:28:19,2417517744.0607657,1.311821e-18,1.105058333085e-22,7717483,2019-05-31 13:28:19,ltc,5.019900492391546e-08,0.0,0.00000001,ltc,7102398142.262129,0.0,3.171350544531538e-09,36
1,[],5,[],2019-05-31 13:28:21,0.0,0,0,7717484,2019-05-31 13:28:21,btc,0.0,0.0,0,btc,0.0,0.0,0.0,36
0.0000000003108179,[],27,[],2019-05-31 13:30:34,10388811.226876,6.216358000000001e-18,5.236566733830001e-22,7717485,2019-05-31 13:30:34,eth,1569.8708019850988,761866.634299,0.00000002,"ltc,eth",5084024.2511555,4.736034912207001e-12,3.3251980286483705e-11,36
1,[],17,[],2019-05-03 01:11:36,211752.74075282,0.00000025,0.000000000013700074999999998,7559074,2019-05-03 01:11:36,btc,0.055484923955058496,0.0,0.00000025,"btc,eth",1387.19918473,0.0,0.0005381851887916605,37
1,[],4,[],2019-06-17 14:30:46,10182823.23716079,0.00000013,0.00000000001207882,7740122,2019-06-17 14:30:46,btc,19772.14806699958,0.0,0.00000013,btc,695843.76456297,0.0,0.1237970123208253,37
1,[],12,[],2019-06-17 14:30:47,4417746.0,0.00000013,0.00000000001207882,7740123,2019-06-17 14:30:47,btc,7.365467544743525,0.0,0.00000013,btc,1620388.63717115,0.019422548676,0.16961009999999999,37
1,[],27,[],2019-06-17 14:30:55,11304.0,0.00000019,0.000000000017653659999999998,7740124,2019-06-17 14:30:55,btc,22.62970013895233,0.0,0.00000019,btc,4298.824295,0.0,0.00168776,37
1,[],5,[],2019-06-17 15:38:52,0.0,0,0,7740799,2019-06-17 15:38:52,btc,0.0,0.00869562,0,btc,0.0,0.0,0.0,42
1,[],12,[],2019-06-17 15:38:53,128215.25287919,0.0000022299999999999998249729064869750772004408645443618297576904296875,0.00000000020655531099999997,7740800,2019-06-17 15:38:53,btc,362.0027937678525,0.0,0.0000022299999999999998249729064869750772004408645443618297576904296875,btc,100215.80965095,0.147752269001,0.0523238463999322,42
1,[],27,[],2019-06-17 15:38:59,1581.0,0.0000005,0.00000000004631285,7740801,2019-06-17 15:38:59,btc,0.07600425,0.0,0.0000005,"btc,eth",18.0,0.0,0.0005435000003073505,42
1,[],12,[],2019-03-13 09:13:29,1112112.0,0.00000001,0.000000000000386531,6919902,2019-03-13 09:13:29,btc,29058.00478931866,0.0,0.00000001,btc,5967681.93306694,9.99000999e-07,0.01112112,43
1,[],5,[],2019-04-26 22:38:52,0.0,0,0,7474154,2019-04-26 22:38:52,btc,0.0,0.02638891,0,btc,0.0,0.0,0.0,43
0,[],17,[],2019-04-26 22:38:53,0.0,0,0,7474155,2019-04-26 22:38:53,btc,0.0,0.0,0,btc,0.0,0.0,0.0,43
1,[],12,[],2019-03-05 01:54:08,639326.02,0.00000004,0.000000000001486676,6845775,2019-03-05 01:54:08,btc,11116042.728239931,0.0,0.00000004,btc,1103841.4595604,0.0003330765234764,0.014975410599999999,44
0.0000000001456237,[],4,[],2019-06-17 15:39:00,103049535.92737116,4.368711e-17,4.046549144727e-21,7740802,2019-06-17 15:39:00,ltc,6417.858033499768,0.0,0.0000003,ltc,27641376.93167645,0.00065,6.31452917430031e-10,49
0.0000000001456237,[],4,[],2019-06-17 15:39:01,323071244.9061753,3.0580977e-17,2.8325844013089e-21,7740803,2019-06-17 15:39:01,ltc,27645.04289594414,0.0,0.00000021,ltc,166082511.34939805,0.0,2.9558134087156094e-09,52
0,[],22,[],2019-06-17 14:31:11,0.0,0,0,7740130,2019-06-17 14:31:11,,10289.93125131,0.0,0,,299399285.4566013,0.0,0.0,57
0,[],27,[],2019-06-17 14:31:18,0.0,0,0,7740131,2019-06-17 14:31:18,,0.0,0.0,0,"btc,eth",0.0,0.0,0.0,57
0.0000000001456237,[],4,[],2019-06-17 15:39:02,810736190.251789,1.456237e-18,1.348849714909e-22,7740804,2019-06-17 15:39:02,ltc,19.71791873714621,0.0,0.00000001,ltc,5642195730.449376,0.0,1.1806240374836945e-09,58
1,[],12,[],2019-06-17 15:39:03,1274788499.5,0.0000000001,0.000000000000009262570000000001,7740805,2019-06-17 15:39:03,btc,10159222.32255729,0.0,0.0000000001,btc,2680850217.301655,0.005432369527,0.12747884995,58
0.00000000010549640000000001,[],22,[],2019-06-17 15:39:07,126877.0,1.054964e-18,9.77167789748e-23,7740806,2019-06-17 15:39:07,XMR,68.17454206,0.0,0.00000001,XMR,9626402.6,0.0,0.00126877,58
1,[],17,[],2019-05-03 01:12:09,1200000.0,0.0000000001,0.00000000000000548003,7559085,2019-05-03 01:12:09,btc,1e+24,0.0,0.0000000001,"btc,eth",39516342.31952568,0.0,0.00010000000058666061,58
1,[],5,[],2019-06-17 14:31:27,0.0,0,0,7740135,2019-06-17 14:31:27,btc,0.0,0.00079154,0,btc,0.0,0.0,0.0,61
1,[],22,[],2019-06-17 14:31:30,13612.833333333334,0.00000012,0.00000000001114968,7740136,2019-06-17 14:31:30,BTC,1002.29123003,0.0,0.00000012,BTC,15014.200177125656,0.0,0.00153257,61
1,[],26,[],2019-06-17 14:31:30,0.0,0.00000050,0.000000000046457,7740137,2019-06-17 14:31:30,btc,0.0,0.0,0.00000050,btc,0.0,0.0,0.0,61
1,[],27,[],2019-06-17 14:31:36,8400.0,0.00000018,0.00000000001672452,7740138,2019-06-17 14:31:36,btc,1.9742539297246655,0.0,0.00000018,"btc,eth",10953.51663696,0.0,0.001512,61
0,[],28,[],2019-06-17 14:31:38,0.0,0,0,7740139,2019-06-17 14:31:38,,0.0,0.0,0,,0.0,0.0,0.0,61
1,[],4,[],2019-06-17 15:35:52,960819.40118168,0.00000079,0.000000000073177463,7740704,2019-06-17 15:35:52,btc,2.999357475064683,0.0,0.00000079,btc,1085377.95565411,0.03893202,0.5372575845289671,67
0.0,[],25,[],2019-06-17 15:35:54,0.0,0,0,7740705,2019-06-17 15:35:54,,0.0,0.0,0.0,btc,0.0,0.0,0.0,67
1,[],12,[],2019-06-02 06:23:14,910048.355,0.00000006,0.000000000005154929999999999,7725270,2019-06-02 06:23:14,btc,5.167005424215783,0.0,0.00000006,btc,738530.60239759,0.003159757462,0.0187188113,71
,[],5,[],2018-11-20 23:02:39,1.5e-07,0.00000005,0.000000000002128045,4862160,2018-11-20 23:02:39,btc,2.84511358,0.0,,btc,0.00036572,0.0,0.07381892,74
1,[],5,[],2019-06-17 15:35:56,0.0,0,0,7740706,2019-06-17 15:35:56,btc,0.0,0.0329803,0,btc,0.0,0.0,0.0,75
1,[],4,[],2019-06-04 03:25:15,715281.46076168,0.00000001,0.000000000000803619,7734085,2019-06-04 03:25:15,btc,581089.6218469425,0.0,0.00000001,btc,37692563.61091116,0.0,0.0071528146076168,81
0,[],20,[],2019-01-25 09:30:31,0.0,0,0,6495923,2019-01-25 09:30:31,btc,0.0,0.0,0,btc,0.0,0.0,0.0,81
1,[],4,[],2019-06-17 15:35:56,266075.06558365,0.00009441,0.000000008745169977,7740707,2019-06-17 15:35:56,btc,57.24176730053465,0.0,0.00009441,btc,112868.043679,0.81911266,0.5701061384904276,82
1,[],21,[],2019-06-17 15:35:58,59535.75085299,0.00009615000000000000607812411513,0.000000008906345655,7740708,2019-06-17 15:35:58,btc,7.772679597702477,18865.49634254,0.00009615000000000000607812411512753669740050099790096282958984375,btc,60106.435543679996,1.8759497,4.859963339860752,82
0,[],17,[],2019-03-25 22:42:34,0.0,0,0,7038780,2019-03-25 22:42:34,btc,0.0445064681804024,0.0,0,btc,995513.18476001,0.0,0.0,84
0.0000000001161485,[],4,[],2019-05-20 13:09:39,216715621.0206096,1.161485e-18,9.0533806701e-23,7657228,2019-05-20 13:09:39,ltc,1.6511566870244727,0.0,0.00000001,ltc,471032407.9048656,0.0,2.5171194308112273e-10,85
,[],22,[],2018-11-20 23:09:34,3408.1,0.0000001,0.0000000000041895,4862324,2018-11-20 23:09:34,BTC,0.04624735,0.0,,BTC,4990.0,0.0,0.00033081,86
1,[],22,[],2019-06-17 15:39:10,124294.0,0.00000014,0.000000000012967598,7740807,2019-06-17 15:39:10,BTC,1.81285153,0.0,0.00000014,BTC,203224.94736842104,6e-05,0.00443684,87
1,[],27,[],2019-06-17 15:39:14,319173.0,0.00000012,0.000000000011115084,7740808,2019-06-17 15:39:14,btc,1.81323578326,0.0,0.00000012,btc,485743.402,0.0,0.01255919,87
,[],2,[],2018-11-20 23:10:47,0.0,0,0,4862359,2018-11-20 23:10:47,,0.0,0.0,,,0.0,0.0,0.0,88
1,[],11,[],2019-06-17 14:31:59,193715.3529613,0.000073310000000000001140094962881477158589405007660388946533203125,0.00000000681152534,7740147,2019-06-17 14:31:59,btc,168.35454702024953,5791.70569014,0.000073310000000000001140094962881477158589405007660388946533203125,btc,196971.41170107,0.0,1.1996165759440112,89
0,[],2,[],2019-01-20 23:31:45,0.0,0,0,6477083,2019-01-20 23:31:45,,0.0,0.0,0,,0.0,0.0,0.0,91
0,[],17,[],2019-05-03 01:12:26,0.0,0,0,7559096,2019-05-03 01:12:26,btc,0.0,0.0,0,btc,0.0,0.0,0.0,91
1,[],12,[],2019-06-17 14:32:00,428898.88,0.00000015,0.000000000013937099999999999,7740148,2019-06-17 14:32:00,btc,118.71096348917807,0.0,0.00000015,btc,245305.96945966,3.504e-05,0.0131339574,91
1,[],22,[],2019-06-17 14:32:05,75910.0,0.00000002,0.00000000000185828,7740149,2019-06-17 14:32:05,BTC,0.49565371,0.0,0.00000002,"BTC,LTC",6.384990670617935,0.0,0.0016592,91
1,[],22,[],2019-04-09 20:17:52,374949.73333333334,0.00000015,0.000000000007771935,7235704,2019-04-09 20:17:52,BTC,6.87372503,0.0,0.00000015,"BTC,LTC",159980.01196797504,1.1e-05,0.80510266,95
0.0000000001456237,[],4,[],2019-06-17 15:39:15,536464046.31977063,2.0387318e-17,1.8883896008726e-21,7740809,2019-06-17 15:39:15,ltc,11.375459428557425,0.0,0.00000014,ltc,161202197.54944846,0.0,8.807957632228083e-10,96
0,[],12,[],2019-06-17 15:39:16,0.0,0,0,7740810,2019-06-17 15:39:16,btc,40.2852944206993,0.0,0,btc,10625572.06993007,1.2987e-07,0.0,96
0,[],17,[],2019-05-03 01:12:32,0.0,0,0,7559100,2019-05-03 01:12:32,btc,0.0,0.0,0,btc,0.0,0.0,0.0,96
1,[],4,[],2019-04-14 03:32:46,1039404.33283278,0.00000038,0.000000000019245518,7293458,2019-04-14 03:32:46,btc,4.170086055365747,0.0,0.00000038,btc,3097704.34561074,0.06260606,0.1859928211030784,99
0,[],2,[],2019-01-20 23:23:55,0.0,0,0,6476914,2019-01-20 23:23:55,,0.0,0.0,0,,0.0,0.0,0.0,100
1,[],4,[],2019-06-17 15:39:17,286509.67265062,0.00001200,0.0000000011115084,7740811,2019-06-17 15:39:17,btc,4.075647015723187,0.0,0.00001200,btc,135012.83602514,0.84152621,0.6791853437920602,100
1,[],22,[],2019-06-05 06:30:35,150000.0,0.00000002,0.000000000001558192,7740007,2019-06-05 06:30:35,BTC,28.56386409,0.0,0.00000002,BTC,12787.719,0.0,0.0017,101
1,[],4,[],2019-06-17 15:29:22,526845.80650697,0.00000155,0.000000000143690115,7740525,2019-06-17 15:29:22,btc,553.7202247798737,0.0,0.00000155,btc,675608.75752632,0.00839636,0.2055266038856278,103
1,[],12,[],2019-06-17 14:32:14,179201505.10870332,0.000000005,0.00000000000046457,7740154,2019-06-17 14:32:14,btc,113577.79366343976,0.0,0.000000005,btc,79148141.67831126,0.019059029059,0.27280986350611003,105
1,[],27,[],2019-06-17 14:32:19,18306828.03496503,0.00000002,0.00000000000185828,7740155,2019-06-17 14:32:19,btc,180.7198218385489,1083.96503497,0.00000002,btc,276513.60142659,7.588e-05,0.3661365606993006,105
1,[],22,[],2019-04-21 00:17:26,21333.0,0.00000001,0.000000000000532493,7385819,2019-04-21 00:17:26,BTC,51.38182867,0.0,0.00000001,BTC,470435.0,0.0,0.00021333,107
1,[],26,[],2019-04-21 00:17:26,0.0,0.00000000,0,7385820,2019-04-21 00:17:26,btc,0.0,0.0,0.00000000,btc,0.0,0.0,0.0,107
1,[],27,[],2019-06-17 15:39:27,1.0,0.00000001,0.000000000000926257,7740814,2019-06-17 15:39:27,btc,1.14885,0.0,0.00000001,"btc,eth",39.0,0.0,1e-08,112
1,[],5,[],2019-06-17 15:41:34,0.0,0,0,7740869,2019-06-17 15:41:34,btc,0.0,0.0,0,btc,0.0,0.0,0.0,112
0,[],22,[],2019-06-17 15:41:36,0.0,0,0,7740870,2019-06-17 15:41:36,,6.79500102,0.0,0,,3375892.0833333335,0.0,0.0,112
1,[],4,[],2019-06-17 15:36:12,2121110.79379685,0.00000063,0.000000000058356711,7740715,2019-06-17 15:36:12,btc,5.907646571498042,0.0,0.00000063,btc,815685.03505963,0.02735881,0.3003048230814839,113
1,[],5,[],2019-06-17 15:36:13,0.0,0,0,7740716,2019-06-17 15:36:13,btc,0.0,0.0,0,btc,0.0,0.0,0.0,113
1,[],17,[],2019-04-26 02:17:47,162738.278,0.00000004,0.0000000000021069000000000002,7461287,2019-04-26 02:17:47,btc,1.3331140273775473,0.0,0.00000004,btc,51796.221,0.0,0.00230953112,116
1,[],27,[],2019-05-22 05:13:01,210000.0,0.00000001,0.00000000000079145,7666372,2019-05-22 05:13:01,btc,3919.0005001478,0.0,0.00000001,btc,128660.871,0.0,0.0021,116
1,[],4,[],2019-05-21 22:31:11,138169.03963019,0.00000701,0.000000000558364025,7664793,2019-05-21 22:31:11,btc,150.95388250938234,0.0,0.00000701,btc,344631.17141974,0.07552974,0.4288357684941946,120
1,[],7,[],2019-05-21 22:31:12,3901.07750076,0.000010679999999999999389654892212320191902108490467071533203125,0.0000000008506887,7664794,2019-05-21 22:31:12,btc,231188.94669936574,0.0,0.000010679999999999999389654892212320191902108490467071533203125,btc,4133.83151364,0.0,0.0113888422364489,120
1,[],20,[],2019-04-07 18:42:29,1914137.0852,0.000000035,0.0000000000017871910000000002,7211992,2019-04-07 18:42:29,btc,32.2497668025648,25528.85,0.000000035,btc,1001975.4986,0.00089350975,0.0152723574729,125
1,[],22,[],2019-06-17 14:32:38,10000.0,0.00000001,0.00000000000092914,7740161,2019-06-17 14:32:38,BTC,0.032061,0.0,0.00000001,BTC,299316.7611111111,0.0,0.0001,126
1,[],4,[],2019-06-17 15:39:28,424014.92180046,0.00000565,0.000000000523335205,7740815,2019-06-17 15:39:28,btc,2.5329501488861665,0.0,0.00000565,btc,170756.43042782,0.0962996,0.2195490910876557,131
0,[],2,[],2019-01-20 23:25:46,0.0,0,0,6476969,2019-01-20 23:25:46,,0.0,0.0,0,,0.0,0.0,0.0,131
1,[],17,[],2019-05-03 01:13:10,10000.0,0.00000001,0.000000000000548003,7559115,2019-05-03 01:13:10,btc,0.0953976503951408,0.0,0.00000001,btc,5037.62507334,0.0,0.0001,131
1,[],4,[],2019-06-17 14:32:42,4848.49465417,0.00007919,0.00000000735785966,7740163,2019-06-17 14:32:42,btc,0.9905723729472744,0.0,0.00007919,btc,202.13055914,0.0,0.0061509344290166,135
1,[],3,[],2019-06-05 06:33:11,40600.27748212,0.00000001,0.000000000000779096,7740019,2019-06-05 06:33:11,btc,0.2308097808993716,2146378.52189,0.00000001,btc,2477992.76904676,0.0,0.0004060027748212,136
1,[],4,[],2019-06-17 15:41:43,561955.0299653,0.00000169,0.00000000015653810900000002,7740872,2019-06-17 15:41:43,btc,110.34094544518284,0.0,0.00000169,btc,585567.67042694,0.16644364,0.4556082113452842,137
1,[],12,[],2019-06-17 15:41:44,65285.20707303,0.00000154000000000000007854285798136739771280190325342118740081787109375,0.00000000014264419400000002,7740873,2019-06-17 15:41:44,btc,84.63155748201315,0.0,0.00000154000000000000007854285798136739771280190325342118740081787109375,btc,84357.18845912,0.000570266242,0.0123519837578726,137
1,[],4,[],2019-06-17 15:36:17,94901.53579417,0.00001702,0.000000001576557494,7740719,2019-06-17 15:36:17,btc,6.129335001843425,0.0,0.00001702,btc,168348.21591746,0.78872581,0.7994533730276283,142
1,[],5,[],2019-06-17 15:36:18,0.0,0,0,7740720,2019-06-17 15:36:18,btc,0.0,0.00525825,0,btc,0.0,0.0,0.0,142
1,[],20,[],2019-06-17 15:36:20,271806.3194,0.00001425,0.000000001319973225,7740721,2019-06-17 15:36:20,btc,1.6064005761982,0.0,0.00001425,btc,9782.7691,0.0,0.0179528755665,142
1,[],22,[],2019-06-17 15:36:23,10715.0,0.00001299,0.000000001203259803,7740722,2019-06-17 15:36:23,BTC,2.99759384,0.0,0.00001299,BTC,835.7198755539798,0.0,0.00540125,142
0.0,[],25,[],2019-06-17 15:36:24,0.0,0,0,7740723,2019-06-17 15:36:24,,0.0,0.0,0.0,btc,0.0,0.0,0.0,142
0,[],28,[],2019-06-17 15:36:25,0.0,0,0,7740724,2019-06-17 15:36:25,,0.0,0.0,0,,0.0,0.0,0.0,142
1,[],17,[],2019-05-03 01:13:16,32967.38636364,0.00000088,0.000000000048224264,7559122,2019-05-03 01:13:16,btc,20.06976206696776,0.0,0.00000088,btc,2746.079105,0.0,0.0105613000000032,142
0,[],22,[],2019-06-17 15:36:28,0.0,0,0,7740725,2019-06-17 15:36:28,,1635.98618676,0.0,0,,788450755.3,0.0,0.0,143
0,[],22,[],2019-02-25 15:42:22,0.0,0,0,6783783,2019-02-25 15:42:22,,4.2131946,0.0,0,,2322156.0,0.0,0.0,146
,[],22,[],2018-11-20 23:01:11,0.0,0,0,4862114,2018-11-20 23:01:11,,2.56807021,0.0,,,61828.4988236,0.0,0.0,147
1,[],12,[],2019-04-21 06:38:04,193091.5971266,0.00000071,0.000000000037635183,7388679,2019-04-21 06:38:04,btc,2.301232411611175,0.0,0.00000071,btc,9957.48302385,0.00023528,0.0313308199999888,148
1,[],4,[],2019-03-19 21:31:25,255810.0415942,0.00000029,0.000000000011615747,6982695,2019-03-19 21:31:25,btc,218.94922712414143,0.0,0.00000029,btc,793529.37642722,0.00117,0.0608347789473395,152
0,[],22,[],2019-03-19 21:31:27,0.0,0,0,6982696,2019-03-19 21:31:27,,0.0,0.0,0,,0.0,0.0,0.0,152
1,[],5,[],2019-04-26 09:36:59,0.0,0,0,7465040,2019-04-26 09:36:59,btc,0.0,0.0,0,btc,0.0,0.0,0.0,153
,[],16,[],2019-01-11 15:38:59,0.0,0,0,6366141,2019-01-11 15:38:59,btc,0.0,0.0,,btc,0.0,0.0,0.0,155
0,[],23,[],2019-01-20 23:24:29,0.0,0,0,6476932,2019-01-20 23:24:29,,0.0,0.0,0,,0.0,0.0,0.0,156
0,[],22,[],2019-06-04 06:02:09,0.0,0,0,7734688,2019-06-04 06:02:09,,7.43375324,0.0,0,,5955762.942592593,0.0,0.0,156
1,[],22,[],2019-06-17 15:41:47,6996.0,0.00000001,0.0000000000009262610000000001,7740874,2019-06-17 15:41:47,BTC,1.7543039,0.0,0.00000001,BTC,57.0,0.0,6.996e-05,157
0,[],22,[],2019-05-21 23:40:32,0.0,0,0,7665049,2019-05-21 23:40:32,,50234.60468402,0.0,0,,54786159.03179465,0.0,0.0,158
,[],17,[],2018-11-20 22:56:10,0.0,0,0,4861976,2018-11-20 22:56:10,btc,1.1265625,0.0,,btc,1000.0,0.0,0.0,159
,[],20,[],2018-11-20 22:56:12,0.0,0,0,4861977,2018-11-20 22:56:12,btc,11912.7940471,0.0,,btc,34413894.3617,0.0,0.0,159
1,[],12,[],2019-05-24 02:51:20,9178.522006449999,0.00000191999999999999982841307998027158276954651228152215480804443359375,0.000000000151222656,7676256,2019-05-24 02:51:20,btc,149.80414728631675,0.0,0.00000191999999999999982841307998027158276954651228152215480804443359375,btc,1115.7451448499999,0.01783167678326,0.0120075778999181,168
1,[],17,[],2019-05-03 01:13:36,42852.0,0.00000002,0.000000000001096006,7559132,2019-05-03 01:13:36,btc,0.04279856251542,0.0,0.00000002,btc,274.46171372,0.0,0.00052852,168
1,[],22,[],2019-05-17 03:01:52,10.0,0.00000001,0.000000000000778341,7642059,2019-05-17 03:01:52,BTC,41.95893009,0.0,0.00000001,BTC,1753972.7737547632,0.0,1e-07,169
1,[],22,[],2019-05-30 08:38:18,202834.0,0.00000002,0.0000000000017416160000000001,7711049,2019-05-30 08:38:18,BTC,27.87002826,0.0,0.00000002,BTC,462189.5410507793,0.0,0.00211768,171
1,[],22,[],2019-05-29 08:05:18,349870.0,0.00000002,0.000000000001705894,7705265,2019-05-29 08:05:18,BTC,24.05907723,0.0,0.00000002,"BTC,LTC",1224285.4355616204,0.0,0.0039847,173
1,[],5,[],2019-06-17 14:33:09,0.0,0,0,7740174,2019-06-17 14:33:09,btc,0.0,0.00044398,0,btc,0.0,0.0,0.0,175
1,[],22,[],2019-06-17 14:33:12,90671.0,0.00000001,0.00000000000092914,7740175,2019-06-17 14:33:12,BTC,394.35459412,0.0,0.00000001,BTC,136275.61833431243,0.0,0.00090671,176
0,[],2,[],2019-01-20 23:28:34,0.0,0,0,6477001,2019-01-20 23:28:34,,0.0,0.0,0,,0.0,0.0,0.0,178
1,[],7,[],2019-06-17 15:41:50,0.0,0,0,7740875,2019-06-17 15:41:50,btc,522272.56050365686,0.0,0,btc,27077886.750126578,0.0,0.0,178
0,[],22,[],2019-06-17 15:41:52,0.0,0,0,7740876,2019-06-17 15:41:52,,1.00242428,0.0,0,,57512.0,0.0,0.0,178
1,[],5,[],2019-06-17 15:39:29,0.0,0,0,7740816,2019-06-17 15:39:29,btc,0.0,0.00129473,0,btc,0.0,0.0,0.0,179
0,[],22,[],2019-06-17 15:39:32,0.0,0,0,7740817,2019-06-17 15:39:32,,5.17403306,0.0,0,,13450177.311946675,0.0,0.0,179
0,[],23,[],2019-01-20 23:25:08,0.0,0,0,6476952,2019-01-20 23:25:08,,0.0,0.0,0,,0.0,0.0,0.0,179
1,[],22,[],2019-06-17 15:41:55,680325.5055944056,0.00000066,0.000000000061133226,7740877,2019-06-17 15:41:55,BTC,40.73344575,0.0,0.00000066,"BTC,LTC",182884.81477808973,0.00558602,0.57581579,180
1,[],26,[],2019-06-17 15:41:57,0.0,0.00000010,0.000000000009262610000000001,7740878,2019-06-17 15:41:57,btc,0.0,0.0,0.00000010,btc,0.0,0.0,0.0,180
1,[],17,[],2019-05-03 01:13:56,20504.725000000002,0.0000001,0.00000000000548003,7559141,2019-05-03 01:13:56,btc,5.2010695838400265,0.0,0.0000001,btc,5033.45945,0.0,0.0011504725,180
,[],7,[],2018-11-20 22:58:01,562227.975654,0.00000085,0.000000000036176765,4862015,2018-11-20 22:58:01,btc,21836.6059674,2491.87645172,,btc,749999.041456,0.00211021,0.127565380455,183
,[],5,[],2019-01-10 08:11:41,0.0,0,0,6347036,2019-01-10 08:11:41,btc,82.15055501,0.00261,,btc,1.19002445,0.0,0.0,187
,[],17,[],2018-11-16 20:58:10,4062536.27273,0.00000001,0.000000000000550501,4708775,2018-11-16 20:58:10,btc,3.36492563466,0.195460381006,,"btc,eth",110697919.549,0.0,0.0157628953496,187
1,[],24,[],2019-05-22 21:04:52,0.0,0.000000000014,0.0000000000000010960978,7670219,2019-05-22 21:04:52,btc,0.0,0.0,0.000000000014,btc,0.0,0.0,0.0,187
0,[],22,[],2019-04-25 02:54:07,0.0,0,0,7447896,2019-04-25 02:54:07,,7.54794454,0.0,0,,76361.7243344055,0.0,0.0,191
0,[],22,[],2019-06-17 14:33:34,0.0,0,0,7740182,2019-06-17 14:33:34,,0.0,0.0,0,,0.0,0.0,0.0,197
0,[],23,[],2019-01-20 23:31:41,0.0,0,0,6477079,2019-01-20 23:31:41,,0.0,0.0,0,,0.0,0.0,0.0,199
0,[],22,[],2019-06-17 15:42:00,0.0,0,0,7740879,2019-06-17 15:42:00,,10.58263174,0.0,0,,84280969.0,0.0,0.0,199
1,[],26,[],2019-06-17 15:42:00,0.0,0.00000000,0,7740880,2019-06-17 15:42:00,btc,0.0,0.0,0.00000000,btc,0.0,0.0,0.0,199
0,[],2,[],2019-01-20 23:30:49,0.0,0,0,6477059,2019-01-20 23:30:49,,0.0,0.0,0,,0.0,0.0,0.0,201
1,[],4,[],2019-01-25 15:51:35,2084389.58565343,0.00000936,0.000000000333526752,6499557,2019-01-25 15:51:35,btc,2.0092503037378524,0.0,0.00000936,btc,160195.80207885,0.19272417,1.242687955921835,211
1,[],7,[],2019-06-17 15:42:02,1170056173.6409016,0.00000018,0.000000000016672698000000002,7740881,2019-06-17 15:42:02,btc,1346840.283527339,0.0,0.00000018,btc,6172986.84713015,0.0,11.954364535464535,212
1,[],12,[],2019-01-25 02:44:32,207462.42853209,0.000001080000000000000035831255497387193287295303889550268650054931640625,0.000000000038610756000000006,6493050,2019-01-25 02:44:32,btc,85023.03793723314,0.0,0.000001080000000000000035831255497387193287295303889550268650054931640625,btc,43675.73520027,0.000146250909087,0.0348620860622024,213
1,[],5,[],2019-05-30 00:07:46,0.0,0,0,7709357,2019-05-30 00:07:46,btc,0.0,0.06425239,0,btc,0.0,0.0,0.0,213
1,[],24,[],2019-05-30 00:07:46,0.0,0.000000399202,0.0000000000344859829346,7709358,2019-05-30 00:07:46,btc,0.0,0.0,0.000000399202,btc,0.0,0.0,0.0,213
1,[],26,[],2019-05-30 00:07:47,0.0,0.00000040,0.000000000034554919999999996,7709359,2019-05-30 00:07:47,btc,0.0,0.0,0.00000040,btc,0.0,0.0,0.0,213
0,[],22,[],2019-06-17 14:33:45,0.0,0,0,7740186,2019-06-17 14:33:45,,9.56923849,0.0,0,,3661587.2040649247,0.0,0.0,216
0,[],27,[],2019-06-17 14:33:51,0.0,0,0,7740187,2019-06-17 14:33:51,,98.39583902917752,0.0,0,"btc,ltc",590425.407688,0.0,0.0,216
1,[],22,[],2019-06-17 15:39:41,594543.8333333334,0.00000031,0.000000000028713967,7740820,2019-06-17 15:39:41,BTC,12055.90417382,0.0,0.00000031,BTC,460067.3626290264,0.02466908,0.04047496,217
1,[],7,[],2019-06-17 15:42:03,0.0,0,0,7740882,2019-06-17 15:42:03,btc,1234861.1760459822,0.0,0,btc,101704870.33900608,0.0,0.0,219
0,[],27,[],2019-06-17 15:42:08,0.0,0,0,7740883,2019-06-17 15:42:08,,250.36597143533322,0.0,0,btc,7934668.36581025,0.0,0.0,219
0,[],28,[],2019-06-17 15:42:09,0.0,0,0,7740884,2019-06-17 15:42:09,,0.0,0.0,0,,0.0,0.0,0.0,219
1,[],22,[],2019-05-23 16:41:05,172069.0,0.00000004,0.0000000000031167080000000004,7674065,2019-05-23 16:41:05,BTC,56.76466137,0.0,0.00000004,BTC,127061.6482738741,0.0,0.00393676,221
1,[],24,[],2019-05-23 16:41:05,0.0,0.000000010000,0.0000000000007791770000000001,7674066,2019-05-23 16:41:05,btc,0.0,0.0,0.000000010000,btc,0.0,0.0,0.0,221
1,[],20,[],2019-06-17 14:34:11,26882155.8301,0.000000003,0.000000000000278742,7740192,2019-06-17 14:34:11,btc,100050.81956632523,233521.3529,0.000000003,btc,38769742.8604,0.0007925640587,0.0306863532672,224
0,[],22,[],2019-06-17 14:34:13,0.0,0,0,7740193,2019-06-17 14:34:13,,0.0,0.0,0,,0.0,0.0,0.0,224
1,[],26,[],2019-06-17 14:34:14,0.0,0.00000022,0.00000000002044108,7740194,2019-06-17 14:34:14,btc,0.0,0.0,0.00000022,btc,0.0,0.0,0.0,231
1,[],26,[],2019-06-17 15:42:10,0.0,0.00000006,0.000000000005557566,7740885,2019-06-17 15:42:10,btc,0.0,0.0,0.00000006,btc,0.0,0.0,0.0,234
0.0000000002926452,[],27,[],2019-06-17 15:42:16,100.0,2.926452e-18,2.710658355972e-22,7740886,2019-06-17 15:42:16,eth,0.0,0.0,0.00000001,"btc,eth",0.0,0.0,2.926452e-16,234
1,[],4,[],2019-05-22 17:06:12,91780.56053785,0.00000078,0.000000000061977552,7669277,2019-05-22 17:06:12,btc,5.573372450018177,0.0,0.00000078,btc,729173.93529783,0.0,0.0307060663355679,236
1,[],24,[],2019-05-22 17:06:12,0.0,0.000000010000,0.000000000000794584,7669278,2019-05-22 17:06:12,btc,0.0,0.0,0.000000010000,btc,0.0,0.0,0.0,236
1,[],5,[],2019-06-17 15:39:49,0.0,0,0,7740823,2019-06-17 15:39:49,btc,0.0,0.46983097,0,btc,0.0,0.0,0.0,237
1,[],20,[],2019-06-17 15:39:51,145469476.4887,0.000000052,0.0000000000048165364,7740824,2019-06-17 15:39:51,btc,8172549.236591824,14035430.406,0.000000052,btc,41428190.704,0.7433001724755,0.8767985144129,237
1,[],22,[],2019-06-17 15:39:55,2072335.0,0.00000003,0.000000000002778771,7740825,2019-06-17 15:39:55,BTC,1.20112207,0.0,0.00000003,"BTC,LTC",14507.148717948718,0.0,0.02538335,237
1,[],4,[],2019-06-17 15:37:10,38530939.89172709,0.00000007,0.000000000006484079,7740743,2019-06-17 15:37:10,btc,2.632329643729316,0.0,0.00000007,btc,12340162.62931061,0.19936654,0.7411644577632287,238
1,[],5,[],2019-06-17 15:37:11,0.0,0,0,7740744,2019-06-17 15:37:11,btc,0.0,0.02374382,0,btc,0.0,0.0,0.0,238
0,[],22,[],2019-03-12 16:49:32,0.0,0,0,6914458,2019-03-12 16:49:32,,0.40415746,0.0,0,,526736.5639027493,0.0,0.0,249
0,[],22,[],2019-05-28 23:53:45,0.0,0,0,7703643,2019-05-28 23:53:45,,13.44714864,0.0,0,,43777534.3426455,0.0,0.0,252
0,[],28,[],2019-06-17 15:42:17,0.0,0,0,7740887,2019-06-17 15:42:17,,0.0,0.0,0,,0.0,0.0,0.0,256
1,[],22,[],2019-06-17 15:42:20,638147.0,0.00000001,0.0000000000009262610000000001,7740888,2019-06-17 15:42:20,BTC,31464.55006285,0.0,0.00000001,BTC,587691.2230878276,1.743e-05,0.00638147,258
1,[],22,[],2019-05-19 18:12:02,400.0,0.00000001,0.0000000000007957800000000001,7653905,2019-05-19 18:12:02,BTC,2.415167,0.0,0.00000001,BTC,157.0,0.0,4e-06,259
1,[],5,[],2019-06-17 15:42:22,0.0,0,0,7740889,2019-06-17 15:42:22,btc,0.0,0.05437014,0,btc,0.0,0.0,0.0,264
1,[],20,[],2019-06-17 15:42:23,921112.564,0.000000423,0.000000000039180840300000004,7740890,2019-06-17 15:42:23,btc,0.9734576414375,3698.3576,0.000000423,btc,46632.1987,0.0047967698072,0.0100612140762,264
0,[],22,[],2019-04-12 17:57:27,0.0,0,0,7278186,2019-04-12 17:57:27,,66.37522201,0.0,0,,677842.4169881374,0.0,0.0,271
0,[],22,[],2019-05-29 08:10:20,0.0,0,0,7705301,2019-05-29 08:10:20,,33050470.74998113,0.0,0,,14361377780.7,0.0,0.0,272
0,[],28,[],2019-05-29 08:10:54,0.0,0,0,7705302,2019-05-29 08:10:54,,0.0,22189957216.5758,0,,0.0,0.0,0.0,272
1,[],22,[],2019-05-23 07:12:29,219930.0,0.00000004,0.000000000003048688,7671985,2019-05-23 07:12:29,BTC,426.77835217,0.0,0.00000004,BTC,248664.3325962929,0.0,0.00739728,281
1,[],22,[],2019-06-17 15:40:00,298953.76666666666,0.00000003,0.000000000002778771,7740827,2019-06-17 15:40:00,BTC,2.67482319,0.0,0.00000003,"BTC,LTC",970111.5998155182,0.00276374,0.01346016,286
0,[],22,[],2019-06-17 14:34:53,0.0,0,0,7740207,2019-06-17 14:34:53,,7337915.80475575,0.0,0,,2078527309.6797826,0.0,0.0,294
