pairValue,buyBook,exchangeId,sellBook,updated,buyTotal,satoshiPrice,usdPrice,exchangeLogId,created,bestPair,sellTotalBtc,volume,pairPrice,activePairs,sellTotal,volumeBtc,buyTotalBtc,coinId
1,[],4,[],2019-07-05 09:13:50,673213.60592619,0.00784250,0.0000008584737727500001,7798528,2019-07-05 09:13:50,btc,9.210745446796585,0.0,0.00784250,btc,403.02483099,2.02151973,5.131888824232694,1
1,[],5,[],2019-07-05 09:13:53,0.0,0,0,7798529,2019-07-05 09:13:53,btc,0.0,0.00023335,0,btc,0.0,0.0,0.0,1
1,[],10,[],2019-07-05 09:13:55,246940.14248838,0.00263476,0.000000288412159068,7798530,2019-07-05 09:13:55,btc,6525.019862810433,1307.68566151,0.00263476,btc,1898.63250956,0.0,1.3436021764168808,1
1,[],12,[],2019-07-05 09:13:58,92.62755049,0.0079399999999999991417976019647539942525327205657958984375,0.0000008691465419999999,7798531,2019-07-05 09:13:58,btc,0.5932609487139,0.0,0.0079399999999999991417976019647539942525327205657958984375,btc,22.01605535,1.294034371012,0.2016184621231,1
1,[],20,[],2019-07-05 09:14:00,928.505,0.007639349,0.0000008362359907407001,7798532,2019-07-05 09:14:00,btc,0.1477824267212,0.7246,0.007639349,btc,11.0131,0.006014086542,0.1254705468887,1
1,[],21,[],2019-07-05 09:14:01,2649.66968506,0.007957240000000000840207903252,0.0000008710337065320001,7798533,2019-07-05 09:14:01,btc,7.93746032951017,4240.64387432,0.0079572400000000008402079032521214685402810573577880859375,"btc,eth",1436.03589196,31.264674868788813,15.186170849789276,1
1,[],22,[],2019-07-05 09:14:05,1.1199,0.00200000,0.00000021892860000000002,7798534,2019-07-05 09:14:05,BTC,0.01667896,0.0,0.00200000,BTC,0.2541810146658512,0.0,0.00197189,1
1,[],24,[],2019-07-05 09:14:06,0.0,0.000000000000,0,7798535,2019-07-05 09:14:06,btc,0.0,0.0,0.000000000000,btc,0.0,0.0,0.0,1
0.0,[],25,[],2019-07-05 09:14:07,0.0,0,0,7798536,2019-07-05 09:14:07,btc,20.377099999162436,3720.87401629,0.0,btc,2460.03245443,29.2,0.0,1
1,[],26,[],2019-07-05 09:14:13,0.0,0,0,7798537,2019-07-05 09:14:13,,0.0,0.0,0,,0.0,0.0,0.0,1
1,[],28,[],2019-07-05 09:15:45,1040.923,0.00730000,0.0000007990893900000001,7798538,2019-07-05 09:15:45,btc,0.373339197,116354.6119,0.00730000,btc,23.6711,0.0,0.26805679046,1
0,[],2,[],2019-01-20 23:28:45,0.0,0,0,6477011,2019-01-20 23:28:45,,0.0,0.0,0,,0.0,0.0,0.0,1
1,[],3,[],2019-07-05 09:13:49,32160.437497110535,0.007796140000000000014335199693960021249949932098388671875,0.0000008533990078020001,7798527,2019-07-05 09:13:49,btc,9.276405347612844,79.4484124027,0.007796140000000000014335199693960021249949932098388671875,btc,37.214880939756,0.0,0.19998866052288125,1
1,[],5,[],2019-07-05 09:15:46,0.0,0,0,7798539,2019-07-05 09:15:46,btc,0.0,0.05498499,0,btc,0.0,0.0,0.0,2
1,[],22,[],2019-07-05 09:15:50,11550.3,0.0000002,0.00000000002189286,7798540,2019-07-05 09:15:50,BTC,21.00878619,0.0,0.0000002,"BTC,XMR",19931.59287795317,0.0,0.00143681,2
1,[],5,[],2019-06-03 14:48:58,0.0,0,0,7731126,2019-06-03 14:48:58,btc,0.0,0.05905545,0,btc,0.0,0.0,0.0,3
1,[],12,[],2019-06-03 14:48:59,3468623.70302,0.000000116,0.000000000009823402000000002,7731127,2019-06-03 14:48:59,btc,169531.0336573751,0.0,0.000000116,btc,2361209.62379607,0.041350953071,0.33764769154428,3
0,[],28,[],2019-06-03 14:49:00,0.0,0,0,7731128,2019-06-03 14:49:00,,0.0,0.0,0,,0.0,0.0,0.0,3
0,[],2,[],2019-01-20 23:31:32,0.0,0,0,6477077,2019-01-20 23:31:32,,0.0,0.0,0,,0.0,0.0,0.0,4
1,[],4,[],2019-05-18 21:29:50,562734.9206932,0.00000010,0.000000000007298720000000001,7650946,2019-05-18 21:29:50,btc,41.9347137769675,0.0,0.00000010,btc,1123702.32192634,0.00052462,0.029254593370966,4
0,[],12,[],2019-06-02 05:03:43,0.0,0,0,7724919,2019-06-02 05:03:43,btc,625.901992874995,0.0,0,btc,1211362.4995005,0.0,0.0,5
0,[],2,[],2019-01-20 23:31:51,0.0,0,0,6477087,2019-01-20 23:31:51,,0.0,0.0,0,,0.0,0.0,0.0,6
1,[],11,[],2019-07-03 09:34:02,4305910.27673599,0.00000001,0.000000000001114197,7791170,2019-07-03 09:34:02,btc,9583.61440324221,317319.0,0.00000001,btc,78212351.53970686,0.0,0.0430591027673599,6
1,[],3,[],2019-07-05 09:15:51,14312.291314641414,0.000063109999999999997154741249172360539887449704110622406005859375,0.000000006908291973,7798541,2019-07-05 09:15:51,btc,1028.1494008468817,627.29874475,0.000063109999999999997154741249172360539887449704110622406005859375,btc,442.50284870440197,0.0,0.02142938419055057,7
1,[],4,[],2019-07-05 09:15:52,325626.97205973,0.00006848,0.000000007496115264,7798542,2019-07-05 09:15:52,btc,6.585479963677034,0.0,0.00006848,btc,52283.06415189,1.86836436,2.6334212747637036,7
1,[],5,[],2019-07-05 09:15:53,0.0,0,0,7798543,2019-07-05 09:15:53,btc,0.0,0.05829095,0,btc,0.0,0.0,0.0,7
1,[],20,[],2019-04-07 22:06:50,3201475.0482,0.000000001,0.000000000000051590000000000004,7213932,2019-04-07 22:06:50,btc,30.8005781811902,0.0,0.000000001,btc,23077405.3926,0.0,0.0032014750482,8
1,[],4,[],2019-07-05 09:15:55,1662577.30202908,0.00000041,0.000000000044880363,7798544,2019-07-05 09:15:55,btc,3.0052399017588316,0.0,0.00000041,btc,3201170.91277065,0.27756705,0.2397197657160704,9
1,[],28,[],2019-07-05 09:16:22,20043.809,0.00000042,0.000000000045975006000000005,7798545,2019-07-05 09:16:22,btc,2708.795936875,121702.0,0.00000042,btc,60856.555,0.0,0.00270157978,9
0,[],2,[],2019-01-20 23:22:42,0.0,0,0,6476876,2019-01-20 23:22:42,,0.0,0.0,0,,0.0,0.0,0.0,9
0,[],23,[],2019-01-20 23:22:48,0.0,0,0,6476878,2019-01-20 23:22:48,,0.0,0.0,0,,0.0,0.0,0.0,9
1,[],1,[],2019-02-17 23:31:42,1822507.21,0.00000181000000000000003456111265232042484285557293333113193511962890625,0.000000000066086901,6701244,2019-02-17 23:31:42,btc,3.6990969245,17153386.5,0.00000181000000000000003456111265232042484285557293333113193511962890625,btc,1997391.71,31.11772986,3.2610482446,9
1,[],4,[],2019-02-17 11:22:43,4341674.27126056,0.00000002,0.0000000000007272960000000001,6696112,2019-02-17 11:22:43,btc,0.1997230937751353,0.0,0.00000002,btc,4109766.79808031,0.00215132,0.0479381022052112,10
1,[],4,[],2019-07-05 09:16:24,27959526.39863232,0.00000020,0.00000000002189286,7798546,2019-07-05 09:16:24,btc,7.529805268949197,0.0,0.00000020,btc,9995187.03050147,0.47571325,1.6479553607012052,12
1,[],5,[],2019-07-05 09:16:25,0.0,0,0,7798547,2019-07-05 09:16:25,btc,0.0,0.1345111,0,btc,0.0,0.0,0.0,12
0.0,[],25,[],2019-07-05 09:16:27,0.0,0,0,7798548,2019-07-05 09:16:27,,0.0,0.0,0.0,btc,0.0,0.0,0.0,12
0,[],2,[],2019-01-20 23:23:08,0.0,0,0,6476890,2019-01-20 23:23:08,,0.0,0.0,0,,0.0,0.0,0.0,12
1,[],4,[],2019-07-03 05:13:15,584689.47355813,0.00000244,0.0000000002788066,7790600,2019-07-03 05:13:15,btc,2.1849123684917955,0.0,0.00000244,btc,410884.35721095,0.22629225,0.257981043015862,13
1,[],21,[],2019-07-03 05:13:19,5464503.61926811,0.000002560000000000000053561755725,0.0000000002925184,7790601,2019-07-03 05:13:19,btc,2.210907882880977,615243.9733135,0.0000025600000000000000535617557251288900488361832685768604278564453125,btc,645862.4277429,1.61860588,2.668924574171489,13
1,[],10,[],2019-07-03 04:50:28,599111.48051128,0.00000253,0.000000000286717816,7790504,2019-07-03 04:50:28,btc,666798.5185763352,11564.1307772,0.00000253,btc,1070197.84077692,0.0,0.2329213413435623,13
1,[],4,[],2019-07-05 09:16:28,1062891.63275061,0.00000030,0.000000000032839290000000004,7798549,2019-07-05 09:16:28,btc,3.089550205286188,0.0,0.00000030,btc,1535666.85817079,0.01291584,0.0891998417467042,14
1,[],12,[],2019-07-05 09:16:29,233382.00018819,0.00000036,0.000000000039407148000000004,7798550,2019-07-05 09:16:29,btc,186.36405565593796,0.0,0.00000036,btc,46980.13063194,2.49e-06,0.0158235699999919,14
1,[],26,[],2019-07-05 09:18:29,0.0,0.00000050,0.00000000005473215,7798551,2019-07-05 09:18:29,btc,0.0,0.0,0.00000050,btc,0.0,0.0,0.0,14
0,[],17,[],2019-05-03 00:53:32,0.0,0,0,7558876,2019-05-03 00:53:32,btc,0.0,0.0,0,btc,0.0,0.0,0.0,14
0,[],4,[],2019-07-05 09:18:30,0.0,0,0,7798552,2019-07-05 09:18:30,,0.0,0.0,0,,0.0,0.0,0.0,15
,[],12,[],2018-12-01 15:15:48,204241.84496,0.00000489,0.000000000202473384,5260204,2018-12-01 15:15:48,btc,49.5475654835,0.0,,btc,35763.2193806,0.0163153972027625,0.0203389899998,15
1,[],4,[],2019-07-05 09:18:31,32349.37450176,0.00000815,0.000000000892134045,7798553,2019-07-05 09:18:31,btc,2.377663877472614,0.0,0.00000815,btc,18192.22390371,0.02794122,0.0513788832365854,18
1,[],10,[],2019-07-05 09:18:33,398307.40046144,0.00000865,0.000000000946866195,7798554,2019-07-05 09:18:33,btc,15.057157060219643,4019.97502475,0.00000865,btc,18389.08717649,0.0,0.2781932342421972,18
1,[],12,[],2019-07-05 09:18:34,2154.34649344,0.000008240000000000000728267272875893212358278105966746807098388671875,0.0000000009019858320000001,7798555,2019-07-05 09:18:34,btc,0.5284055036763554,0.0,0.000008240000000000000728267272875893212358278105966746807098388671875,btc,1921.04099671,6.585071e-06,0.0043953883709385,18
0,[],2,[],2019-01-20 23:23:38,0.0,0,0,6476906,2019-01-20 23:23:38,,0.0,0.0,0,,0.0,0.0,0.0,18
0,[],17,[],2019-05-03 00:53:39,0.0,0,0,7558882,2019-05-03 00:53:39,btc,0.0,0.0,0,btc,0.0,0.0,0.0,18
1,[],3,[],2019-07-05 09:20:35,161932.66376359,0.000007960000000000000020959796398489771718232077546417713165283203125,0.0000000008713358280000001,7798556,2019-07-05 09:20:35,btc,190.32376280457814,15869.4279348,0.000007960000000000000020959796398489771718232077546417713165283203125,btc,18638.494045740634,0.0,0.1099258012503779,19
1,[],4,[],2019-07-05 09:20:36,294512.45870191,0.00000640,0.00000000070057152,7798557,2019-07-05 09:20:36,btc,2.564358929966694,0.0,0.00000640,btc,168111.90228654,0.58733394,1.2280464483703393,19
1,[],5,[],2019-07-05 09:20:37,0.0,0,0,7798558,2019-07-05 09:20:37,btc,0.0,0.0,0,btc,0.0,0.0,0.0,19
1,[],12,[],2019-07-05 09:20:39,107409.03394887,0.00000581000000000000027707003358301562911947257816791534423828125,0.0000000006359875830000001,7798559,2019-07-05 09:20:39,btc,0.3698095380354596,0.0,0.00000581000000000000027707003358301562911947257816791534423828125,btc,3006.56833916,0.0,0.0102180399997859,19
0,[],27,[],2019-07-05 09:20:45,0.0,0,0,7798560,2019-07-05 09:20:45,,0.0,0.0,0,btc,0.0,0.0,0.0,19
0,[],2,[],2019-01-20 23:24:19,0.0,0,0,6476924,2019-01-20 23:24:19,,0.0,0.0,0,,0.0,0.0,0.0,19
1,[],4,[],2019-07-05 09:20:45,9925191.09278478,0.00000005,0.000000000005473215,7798561,2019-07-05 09:20:45,btc,5.162858526649613,0.0,0.00000005,btc,2244806.83713707,0.0,0.1102994166205056,20
0,[],4,[],2019-07-03 05:17:38,0.0,0,0,7790614,2019-07-03 05:17:38,,13630.874493644571,0.0,0,,166276624.1737067,0.0,0.0,21
0,[],12,[],2019-07-03 05:17:41,0.0,0,0,7790615,2019-07-03 05:17:41,btc,2602.9596941675427,0.0,0,btc,9905024.55244751,3.996e-08,0.0,21
0,[],17,[],2019-05-03 00:53:51,0.0,0,0,7558891,2019-05-03 00:53:51,btc,0.0,0.0,0,btc,0.0,0.0,0.0,21
1,[],12,[],2019-07-05 09:20:47,7280424112.864567,0.0000000006,0.00000000000006567858000000001,7798562,2019-07-05 09:20:47,btc,1426620318772.97,0.0,0.0000000006,btc,3290519041.0679297,0.090872118553,2.6176780714454835,23
0.00000000026191050000000003,[],27,[],2019-07-05 09:20:53,101145216.56843147,1.3095525e-16,1.4334924772575e-20,7798563,2019-07-05 09:20:53,eth,11368.314997905427,16485404.44455545,0.0000005,eth,13231117.9468152,2.15885025979131e-09,9.328227570904988e-09,23
1,[],4,[],2019-06-22 05:45:29,6100414.07522138,0.00000017,0.00000000001823352,7751732,2019-06-22 05:45:29,btc,10.22685272773715,0.0,0.00000017,btc,1790815.48208265,0.0,0.1345450262400025,24
0,[],22,[],2019-06-22 05:45:31,0.0,0,0,7751733,2019-06-22 05:45:31,,6.22e-05,0.0,0,,517.4264705882352,0.0,0.0,24
0.0,[],25,[],2019-06-22 05:45:32,0.0,0,0,7751734,2019-06-22 05:45:32,,0.0,0.0,0.0,btc,0.0,0.0,0.0,24
1,[],4,[],2019-07-05 09:20:53,26990149.92804686,0.00000326,0.000000000356853618,7798564,2019-07-05 09:20:53,btc,6.073364902590611,0.0,0.00000326,btc,203639.71701971,0.06183206,0.5108558671175517,26
1,[],10,[],2019-07-05 09:20:56,227963.91493326,0.0000033,0.00000000036123219000000004,7798565,2019-07-05 09:20:56,btc,26.16855620701235,8268.26685875,0.0000033,btc,21031.0219544,0.0,0.0487595895951209,26
0,[],2,[],2019-01-20 23:25:56,0.0,0,0,6476976,2019-01-20 23:25:56,,0.0,0.0,0,,0.0,0.0,0.0,26
1,[],5,[],2019-04-26 09:47:06,0.0,0,0,7465326,2019-04-26 09:47:06,btc,0.0,0.0,0,btc,0.0,0.0,0.0,27
1,[],3,[],2019-06-17 14:30:26,13571825.64059417,0.00000001,0.00000000000092914,7740112,2019-06-17 14:30:26,btc,3.485049956644059,4264730.43754,0.00000001,btc,23500048.28518193,0.0,0.1357182564059417,27
1,[],11,[],2019-06-17 14:30:28,2031833.58157834,0.00000001,0.00000000000092914,7740113,2019-06-17 14:30:28,btc,67502.92060589766,32677.9652116,0.00000001,btc,6487362.95640949,0.0,0.0203183358157834,27
0.0000000001085249,[],4,[],2019-07-05 09:20:57,545893176.0034379,8.4649422e-17,9.2660897246346e-21,7798566,2019-07-05 09:20:57,ltc,10.843964913349641,0.0,0.00000078,ltc,689916354.3099577,0.002096,1.2435554147866571e-08,29
1,[],7,[],2019-07-05 09:20:58,0.0,0,0,7798567,2019-07-05 09:20:58,btc,46548272.69402292,522107.892108,0,btc,56666342.91508113,0.00522108,0.0,29
1,[],4,[],2019-07-05 09:20:59,15203810.6760687,0.00000004,0.000000000004378572,7798568,2019-07-05 09:20:59,btc,2.573393984778842,0.0,0.00000004,btc,2249253.14278687,0.0,0.1676291463933902,30
0,[],17,[],2019-05-03 01:11:25,0.0,0,0,7559066,2019-05-03 01:11:25,btc,0.0,0.0,0,btc,0.0,0.0,0.0,30
1,[],4,[],2019-07-05 09:23:00,238692.86553942,0.00002990,0.00000000327298257,7798569,2019-07-05 09:23:00,btc,3.102990812062577,0.0,0.00002990,btc,53412.33578823,0.29811021,0.7625006622103121,31
1,[],21,[],2019-07-05 09:23:02,691279.18202002,0.00003214000000000000059965921118,0.0000000035181826020000002,7798570,2019-07-05 09:23:02,btc,3.1822264942362923,33175.3550161,0.0000321400000000000005996592111756626763963140547275543212890625,btc,77731.84206914,1.08626425,2.429528292341135,31
0,[],2,[],2019-01-20 23:28:43,0.0,0,0,6477009,2019-01-20 23:28:43,,0.0,0.0,0,,0.0,0.0,0.0,32
0,[],4,[],2019-07-05 09:23:02,0.0,0,0,7798571,2019-07-05 09:23:02,,0.0,0.0,0,,0.0,0.0,0.0,33
1,[],12,[],2019-03-30 07:55:10,40641173.964,0.00000003,0.000000000001228359,7108785,2019-03-30 07:55:10,btc,4233210.82356125,0.0,0.00000003,btc,28378394.68333462,0.0126927883965248,0.90752895892,33
0.0000000001085249,[],4,[],2019-07-05 09:23:04,148188034.32588416,4.2324711e-17,4.6330448623173e-21,7798572,2019-07-05 09:23:04,ltc,4.57608932136617,0.0,0.00000039,ltc,170228468.5480005,0.0,6.094171266457389e-10,34
1,[],5,[],2019-07-05 09:23:05,0.0,0,0,7798573,2019-07-05 09:23:05,btc,0.0,0.0,0,btc,0.0,0.0,0.0,34
0.0000000002926451,[],17,[],2019-05-02 18:17:47,200000.0,2.9264510000000002e-18,1.596703856561e-22,7556430,2019-05-02 18:17:47,eth,0.20942468735267253,0.0,0.00000001,"btc,eth",1018272.20243647,0.0,5.852902e-13,36
0.0000000001311821,[],4,[],2019-05-31 13:28:19,2417517744.0607657,1.311821e-18,1.105058333085e-22,7717483,2019-05-31 13:28:19,ltc,5.019900492391546e-08,0.0,0.00000001,ltc,7102398142.262129,0.0,3.171350544531538e-09,36
1,[],5,[],2019-05-31 13:28:21,0.0,0,0,7717484,2019-05-31 13:28:21,btc,0.0,0.0,0,btc,0.0,0.0,0.0,36
0.0000000003108179,[],27,[],2019-05-31 13:30:34,10388811.226876,6.216358000000001e-18,5.236566733830001e-22,7717485,2019-05-31 13:30:34,eth,1569.8708019850988,761866.634299,0.00000002,"ltc,eth",5084024.2511555,4.736034912207001e-12,3.3251980286483705e-11,36
1,[],4,[],2019-06-25 10:05:55,10747826.61931615,0.00000014,0.000000000015920562,7762320,2019-06-25 10:05:55,btc,19773.05513423956,0.0,0.00000014,btc,682946.14349671,0.0006293,0.1362851255028938,37
1,[],12,[],2019-06-25 10:05:57,4167862.54235103,0.00000013,0.000000000014783379,7762321,2019-06-25 10:05:57,btc,7.381091518261743,0.0,0.00000013,btc,1713444.53926904,0.016313049979,0.1478110147956336,37
1,[],27,[],2019-06-25 10:08:02,10970.0,0.00000019,0.000000000021606477,7762322,2019-06-25 10:08:02,btc,22.62970013895233,0.0,0.00000019,btc,4298.824295,0.0,0.00167419,37
1,[],17,[],2019-05-03 01:11:36,211752.74075282,0.00000025,0.000000000013700074999999998,7559074,2019-05-03 01:11:36,btc,0.055484923955058496,0.0,0.00000025,"btc,eth",1387.19918473,0.0,0.0005381851887916605,37
1,[],5,[],2019-07-05 09:23:06,0.0,0,0,7798574,2019-07-05 09:23:06,btc,0.0,0.15366674,0,btc,0.0,0.0,0.0,42
1,[],12,[],2019-07-05 09:23:07,193836.40696984,0.00000083,0.000000000090855369,7798575,2019-07-05 09:23:07,btc,525.2588850522221,0.0,0.00000083,btc,150432.79734759,0.056653532513,0.0431919199999032,42
1,[],27,[],2019-07-05 09:23:16,14900.0,0.0000005,0.00000000005473215,7798576,2019-07-05 09:23:16,btc,0.16000285,0.0,0.0000005,"btc,eth",32.0,0.0,0.007402,42
1,[],12,[],2019-03-13 09:13:29,1112112.0,0.00000001,0.000000000000386531,6919902,2019-03-13 09:13:29,btc,29058.00478931866,0.0,0.00000001,btc,5967681.93306694,9.99000999e-07,0.01112112,43
1,[],5,[],2019-04-26 22:38:52,0.0,0,0,7474154,2019-04-26 22:38:52,btc,0.0,0.02638891,0,btc,0.0,0.0,0.0,43
0,[],17,[],2019-04-26 22:38:53,0.0,0,0,7474155,2019-04-26 22:38:53,btc,0.0,0.0,0,btc,0.0,0.0,0.0,43
1,[],12,[],2019-03-05 01:54:08,639326.02,0.00000004,0.000000000001486676,6845775,2019-03-05 01:54:08,btc,11116042.728239931,0.0,0.00000004,btc,1103841.4595604,0.0003330765234764,0.014975410599999999,44
0.0000000001085249,[],4,[],2019-07-05 09:23:17,105790664.59975255,4.8836205e-17,5.3458209949815e-21,7798577,2019-07-05 09:23:17,ltc,1804.4173117836906,0.0,0.00000045,ltc,28400390.67363348,0.0,4.667160668335697e-10,49
0.0000000001085249,[],4,[],2019-07-05 09:23:18,317608205.98000884,2.6045975999999998e-17,2.8511045306568e-21,7798578,2019-07-05 09:23:18,ltc,25191.9807551995,0.0,0.00000024,ltc,193337787.6981778,0.0,2.000666587067717e-09,52
0,[],22,[],2019-07-05 09:23:21,0.0,0,0,7798579,2019-07-05 09:23:21,,10289.80784133,0.0,0,,287058287.4566013,0.0,0.0,57
0,[],27,[],2019-07-05 09:23:28,0.0,0,0,7798580,2019-07-05 09:23:28,,0.0,0.0,0,"btc,eth",0.0,0.0,0.0,57
0,[],4,[],2019-07-05 09:23:29,0.0,0,0,7798581,2019-07-05 09:23:29,,19.71912297297274,0.0,0,,6107323378.36852,0.0,0.0,58
0,[],12,[],2019-07-05 09:23:31,0.0,0,0,7798582,2019-07-05 09:23:31,btc,658109582.2173754,0.0,0,btc,3919959624.753214,0.000301411389,0.0,58
0.0000000000794895,[],22,[],2019-07-05 09:25:34,126877.0,7.94895e-19,8.70126247485e-23,7798583,2019-07-05 09:25:34,XMR,68.17454206,0.0,0.00000001,XMR,9626402.6,0.0,0.00126877,58
1,[],17,[],2019-05-03 01:12:09,1200000.0,0.0000000001,0.00000000000000548003,7559085,2019-05-03 01:12:09,btc,1e+24,0.0,0.0000000001,"btc,eth",39516342.31952568,0.0,0.00010000000058666061,58
1,[],5,[],2019-06-17 14:31:27,0.0,0,0,7740135,2019-06-17 14:31:27,btc,0.0,0.00079154,0,btc,0.0,0.0,0.0,61
1,[],22,[],2019-06-17 14:31:30,13612.833333333334,0.00000012,0.00000000001114968,7740136,2019-06-17 14:31:30,BTC,1002.29123003,0.0,0.00000012,BTC,15014.200177125656,0.0,0.00153257,61
1,[],26,[],2019-06-17 14:31:30,0.0,0.00000050,0.000000000046457,7740137,2019-06-17 14:31:30,btc,0.0,0.0,0.00000050,btc,0.0,0.0,0.0,61
1,[],27,[],2019-06-17 14:31:36,8400.0,0.00000018,0.00000000001672452,7740138,2019-06-17 14:31:36,btc,1.9742539297246655,0.0,0.00000018,"btc,eth",10953.51663696,0.0,0.001512,61
0,[],28,[],2019-06-17 14:31:38,0.0,0,0,7740139,2019-06-17 14:31:38,,0.0,0.0,0,,0.0,0.0,0.0,61
1,[],4,[],2019-07-05 09:25:35,1630304.20520342,0.00000041,0.000000000044880363,7798584,2019-07-05 09:25:35,btc,3.223358750317613,0.0,0.00000041,btc,1297653.11829103,0.08442558,0.3337527215114072,67
0.0,[],25,[],2019-07-05 09:25:37,0.0,0,0,7798585,2019-07-05 09:25:37,,0.0,0.0,0.0,btc,0.0,0.0,0.0,67
1,[],12,[],2019-06-02 06:23:14,910048.355,0.00000006,0.000000000005154929999999999,7725270,2019-06-02 06:23:14,btc,5.167005424215783,0.0,0.00000006,btc,738530.60239759,0.003159757462,0.0187188113,71
,[],5,[],2018-11-20 23:02:39,1.5e-07,0.00000005,0.000000000002128045,4862160,2018-11-20 23:02:39,btc,2.84511358,0.0,,btc,0.00036572,0.0,0.07381892,74
1,[],5,[],2019-07-05 09:25:38,0.0,0,0,7798586,2019-07-05 09:25:38,btc,0.0,0.0151132,0,btc,0.0,0.0,0.0,75
1,[],4,[],2019-06-04 03:25:15,715281.46076168,0.00000001,0.000000000000803619,7734085,2019-06-04 03:25:15,btc,581089.6218469425,0.0,0.00000001,btc,37692563.61091116,0.0,0.0071528146076168,81
0,[],20,[],2019-01-25 09:30:31,0.0,0,0,6495923,2019-01-25 09:30:31,btc,0.0,0.0,0,btc,0.0,0.0,0.0,81
1,[],4,[],2019-07-05 09:25:39,185079.35030284,0.00006334,0.000000006933468762000001,7798587,2019-07-05 09:25:39,btc,59.226124459345,0.0,0.00006334,btc,130658.34214621,0.4811639,0.3315278126881837,82
1,[],21,[],2019-07-05 09:25:41,284048.73142224,0.00006302999999999999792069105276,0.000000006899534829,7798588,2019-07-05 09:25:41,btc,4.219760110443274,13535.87277525,0.0000630299999999999979206910527551599443540908396244049072265625,btc,47024.69314646,0.85953299,2.7751168947347034,82
0,[],17,[],2019-03-25 22:42:34,0.0,0,0,7038780,2019-03-25 22:42:34,btc,0.0445064681804024,0.0,0,btc,995513.18476001,0.0,0.0,84
0.0000000001161485,[],4,[],2019-05-20 13:09:39,216715621.0206096,1.161485e-18,9.0533806701e-23,7657228,2019-05-20 13:09:39,ltc,1.6511566870244727,0.0,0.00000001,ltc,471032407.9048656,0.0,2.5171194308112273e-10,85
,[],22,[],2018-11-20 23:09:34,3408.1,0.0000001,0.0000000000041895,4862324,2018-11-20 23:09:34,BTC,0.04624735,0.0,,BTC,4990.0,0.0,0.00033081,86
1,[],22,[],2019-07-05 09:25:44,27288.0,0.00000001,0.000000000001094643,7798589,2019-07-05 09:25:44,BTC,1.86394917,0.0,0.00000001,BTC,388878.94736842107,0.00014,0.00027288,87
1,[],27,[],2019-07-05 09:25:50,82056.3,0.00000006,0.000000000006567858000000001,7798590,2019-07-05 09:25:50,btc,15.9742898956,7740.0,0.00000006,btc,642751.188,0.0004644,0.004461768,87
,[],2,[],2018-11-20 23:10:47,0.0,0,0,4862359,2018-11-20 23:10:47,,0.0,0.0,,,0.0,0.0,0.0,88
1,[],11,[],2019-06-17 14:31:59,193715.3529613,0.000073310000000000001140094962881477158589405007660388946533203125,0.00000000681152534,7740147,2019-06-17 14:31:59,btc,168.35454702024953,5791.70569014,0.000073310000000000001140094962881477158589405007660388946533203125,btc,196971.41170107,0.0,1.1996165759440112,89
0,[],2,[],2019-01-20 23:31:45,0.0,0,0,6477083,2019-01-20 23:31:45,,0.0,0.0,0,,0.0,0.0,0.0,91
1,[],12,[],2019-07-05 09:25:51,396422.4796296,0.00000027,0.000000000029555361,7798591,2019-07-05 09:25:51,btc,121.18712522531447,0.0,0.00000027,btc,293960.61982937,1.89341e-05,0.0257618033538384,91
1,[],22,[],2019-07-05 09:27:55,75900.0,0.00000001,0.000000000001094643,7798592,2019-07-05 09:27:55,BTC,0.495,0.0,0.00000001,"BTC,LTC",4.95,0.0,0.001659,91
0,[],17,[],2019-05-03 01:12:26,0.0,0,0,7559096,2019-05-03 01:12:26,btc,0.0,0.0,0,btc,0.0,0.0,0.0,91
1,[],22,[],2019-07-05 09:27:59,94060.0,0.00000002,0.000000000002189286,7798593,2019-07-05 09:27:59,BTC,11.52307074,0.0,0.00000002,"BTC,LTC",341043.4683191416,0.0,0.0662712,95
0.0000000001085249,[],4,[],2019-07-05 09:28:00,537953130.274114,3.0386972e-17,3.3262886190996002e-21,7798594,2019-07-05 09:28:00,ltc,10.868243576353535,0.0,0.00000028,ltc,152855058.75480762,0.0,7.341778792723551e-10,96
0,[],12,[],2019-07-05 09:28:01,0.0,0,0,7798595,2019-07-05 09:28:01,btc,36.38379579651349,0.0,0,btc,10035220.65134864,0.0,0.0,96
0,[],17,[],2019-05-03 01:12:32,0.0,0,0,7559100,2019-05-03 01:12:32,btc,0.0,0.0,0,btc,0.0,0.0,0.0,96
1,[],4,[],2019-04-14 03:32:46,1039404.33283278,0.00000038,0.000000000019245518,7293458,2019-04-14 03:32:46,btc,4.170086055365747,0.0,0.00000038,btc,3097704.34561074,0.06260606,0.1859928211030784,99
1,[],4,[],2019-07-05 09:30:02,171521.02567211,0.00001225,0.000000001340937675,7798596,2019-07-05 09:30:02,btc,12.886490297302847,0.0,0.00001225,btc,287542.45802603,0.07002976,0.3369796667090117,100
0,[],2,[],2019-01-20 23:23:55,0.0,0,0,6476914,2019-01-20 23:23:55,,0.0,0.0,0,,0.0,0.0,0.0,100
1,[],22,[],2019-06-05 06:30:35,150000.0,0.00000002,0.000000000001558192,7740007,2019-06-05 06:30:35,BTC,28.56386409,0.0,0.00000002,BTC,12787.719,0.0,0.0017,101
1,[],4,[],2019-07-05 09:30:03,508208.4160049,0.00000131,0.000000000143398233,7798597,2019-07-05 09:30:03,btc,882.6036387819122,0.0,0.00000131,btc,756475.63368291,0.0,0.0826151108718588,103
1,[],12,[],2019-06-17 14:32:14,179201505.10870332,0.000000005,0.00000000000046457,7740154,2019-06-17 14:32:14,btc,113577.79366343976,0.0,0.000000005,btc,79148141.67831126,0.019059029059,0.27280986350611003,105
1,[],27,[],2019-06-17 14:32:19,18306828.03496503,0.00000002,0.00000000000185828,7740155,2019-06-17 14:32:19,btc,180.7198218385489,1083.96503497,0.00000002,btc,276513.60142659,7.588e-05,0.3661365606993006,105
1,[],22,[],2019-04-21 00:17:26,21333.0,0.00000001,0.000000000000532493,7385819,2019-04-21 00:17:26,BTC,51.38182867,0.0,0.00000001,BTC,470435.0,0.0,0.00021333,107
1,[],26,[],2019-04-21 00:17:26,0.0,0.00000000,0,7385820,2019-04-21 00:17:26,btc,0.0,0.0,0.00000000,btc,0.0,0.0,0.0,107
1,[],5,[],2019-07-05 09:30:06,0.0,0,0,7798598,2019-07-05 09:30:06,btc,0.0,0.0,0,btc,0.0,0.0,0.0,112
0,[],22,[],2019-07-05 09:30:09,0.0,0,0,7798599,2019-07-05 09:30:09,,6.79500102,0.0,0,,3375892.0833333335,0.0,0.0,112
1,[],27,[],2019-07-05 09:30:17,1.0,0.00000001,0.000000000001094643,7798600,2019-07-05 09:30:17,btc,0.0,0.0,0.00000001,"btc,eth",0.0,0.0,1e-08,112
1,[],4,[],2019-07-05 09:30:18,982792.76977112,0.00000036,0.000000000039407148000000004,7798601,2019-07-05 09:30:18,btc,6.199397338142719,0.0,0.00000036,btc,971386.73777282,0.01300756,0.1154240705413686,113
1,[],5,[],2019-07-05 09:30:19,0.0,0,0,7798602,2019-07-05 09:30:19,btc,0.0,0.0001952,0,btc,0.0,0.0,0.0,113
1,[],27,[],2019-07-05 09:32:26,95525.16595526,0.00000001,0.000000000001094643,7798603,2019-07-05 09:32:26,btc,3918.966122084,0.0,0.00000001,btc,85259.687,0.0,0.0009552516595526,116
1,[],17,[],2019-04-26 02:17:47,162738.278,0.00000004,0.0000000000021069000000000002,7461287,2019-04-26 02:17:47,btc,1.3331140273775473,0.0,0.00000004,btc,51796.221,0.0,0.00230953112,116
1,[],4,[],2019-05-21 22:31:11,138169.03963019,0.00000701,0.000000000558364025,7664793,2019-05-21 22:31:11,btc,150.95388250938234,0.0,0.00000701,btc,344631.17141974,0.07552974,0.4288357684941946,120
1,[],7,[],2019-05-21 22:31:12,3901.07750076,0.000010679999999999999389654892212320191902108490467071533203125,0.0000000008506887,7664794,2019-05-21 22:31:12,btc,231188.94669936574,0.0,0.000010679999999999999389654892212320191902108490467071533203125,btc,4133.83151364,0.0,0.0113888422364489,120
1,[],20,[],2019-04-07 18:42:29,1914137.0852,0.000000035,0.0000000000017871910000000002,7211992,2019-04-07 18:42:29,btc,32.2497668025648,25528.85,0.000000035,btc,1001975.4986,0.00089350975,0.0152723574729,125
1,[],22,[],2019-06-17 14:32:38,10000.0,0.00000001,0.00000000000092914,7740161,2019-06-17 14:32:38,BTC,0.032061,0.0,0.00000001,BTC,299316.7611111111,0.0,0.0001,126
1,[],4,[],2019-07-05 09:32:27,421256.94703072,0.00000320,0.00000000035028576,7798604,2019-07-05 09:32:27,btc,2.4969999941876777,0.0,0.00000320,btc,200371.89666646,0.0747958,0.4247581237710311,131
0,[],2,[],2019-01-20 23:25:46,0.0,0,0,6476969,2019-01-20 23:25:46,,0.0,0.0,0,,0.0,0.0,0.0,131
1,[],17,[],2019-05-03 01:13:10,10000.0,0.00000001,0.000000000000548003,7559115,2019-05-03 01:13:10,btc,0.0953976503951408,0.0,0.00000001,btc,5037.62507334,0.0,0.0001,131
1,[],4,[],2019-06-17 14:32:42,4848.49465417,0.00007919,0.00000000735785966,7740163,2019-06-17 14:32:42,btc,0.9905723729472744,0.0,0.00007919,btc,202.13055914,0.0,0.0061509344290166,135
1,[],3,[],2019-07-05 09:34:45,2684.76592867,0.00000001,0.000000000001094643,7798605,2019-07-05 09:34:45,btc,405.49243570080245,2097534.1768,0.00000001,btc,3150773.67027232,0.0,2.68476592867e-05,136
1,[],4,[],2019-07-05 09:34:46,173495.39606237,0.00000133,0.000000000145587519,7798606,2019-07-05 09:34:46,btc,112.57330258964298,0.0,0.00000133,btc,533919.74387265,0.01574211,0.0923368847871553,137
1,[],12,[],2019-07-05 09:34:47,68911.5571001,0.000001439999999999999977188928391991229460700196796096861362457275390625,0.00000000015762859200000002,7798607,2019-07-05 09:34:47,btc,57.900704119521045,0.0,0.000001439999999999999977188928391991229460700196796096861362457275390625,btc,81876.41598678,0.00019755,0.014690969999959,137
1,[],4,[],2019-07-05 09:34:48,284768.83829455,0.00001017,0.0000000011132519310000001,7798608,2019-07-05 09:34:48,btc,6.3309464690360775,0.0,0.00001017,btc,173422.94370036,0.29919289,0.1793274198264324,142
1,[],5,[],2019-07-05 09:34:50,0.0,0,0,7798609,2019-07-05 09:34:50,btc,0.0,0.01504333,0,btc,0.0,0.0,0.0,142
1,[],20,[],2019-07-05 09:36:52,113191.1448,0.000008,0.0000000008757144,7798610,2019-07-05 09:36:52,btc,1.5692657180762,0.0,0.000008,btc,9882.1432,0.0,0.0065781483072,142
1,[],22,[],2019-07-05 09:36:56,10820.0,0.00000600,0.0000000006567858000000001,7798611,2019-07-05 09:36:56,BTC,2.99759384,0.0,0.00000600,BTC,835.7198755539798,0.0,0.0053672,142
0.0,[],25,[],2019-07-05 09:36:58,0.0,0,0,7798612,2019-07-05 09:36:58,,0.0,0.0,0.0,btc,0.0,0.0,0.0,142
1,[],28,[],2019-07-05 09:37:00,76710.0,0.00001110,0.0000000012150537300000001,7798613,2019-07-05 09:37:00,btc,0.438587390411,3507.0,0.00001110,btc,1381.1951,0.0,0.0043322,142
1,[],17,[],2019-05-03 01:13:16,32967.38636364,0.00000088,0.000000000048224264,7559122,2019-05-03 01:13:16,btc,20.06976206696776,0.0,0.00000088,btc,2746.079105,0.0,0.0105613000000032,142
0,[],22,[],2019-07-05 09:37:02,0.0,0,0,7798614,2019-07-05 09:37:02,,67.81665877,0.0,0,,754491934.7744589,0.0,0.0,143
0,[],22,[],2019-02-25 15:42:22,0.0,0,0,6783783,2019-02-25 15:42:22,,4.2131946,0.0,0,,2322156.0,0.0,0.0,146
,[],22,[],2018-11-20 23:01:11,0.0,0,0,4862114,2018-11-20 23:01:11,,2.56807021,0.0,,,61828.4988236,0.0,0.0,147
1,[],12,[],2019-04-21 06:38:04,193091.5971266,0.00000071,0.000000000037635183,7388679,2019-04-21 06:38:04,btc,2.301232411611175,0.0,0.00000071,btc,9957.48302385,0.00023528,0.0313308199999888,148
1,[],4,[],2019-03-19 21:31:25,255810.0415942,0.00000029,0.000000000011615747,6982695,2019-03-19 21:31:25,btc,218.94922712414143,0.0,0.00000029,btc,793529.37642722,0.00117,0.0608347789473395,152
0,[],22,[],2019-03-19 21:31:27,0.0,0,0,6982696,2019-03-19 21:31:27,,0.0,0.0,0,,0.0,0.0,0.0,152
1,[],5,[],2019-04-26 09:36:59,0.0,0,0,7465040,2019-04-26 09:36:59,btc,0.0,0.0,0,btc,0.0,0.0,0.0,153
,[],16,[],2019-01-11 15:38:59,0.0,0,0,6366141,2019-01-11 15:38:59,btc,0.0,0.0,,btc,0.0,0.0,0.0,155
0,[],23,[],2019-01-20 23:24:29,0.0,0,0,6476932,2019-01-20 23:24:29,,0.0,0.0,0,,0.0,0.0,0.0,156
0,[],22,[],2019-06-04 06:02:09,0.0,0,0,7734688,2019-06-04 06:02:09,,7.43375324,0.0,0,,5955762.942592593,0.0,0.0,156
1,[],22,[],2019-07-05 09:37:06,6996.0,0.00000001,0.000000000001094643,7798615,2019-07-05 09:37:06,BTC,1.7543039,0.0,0.00000001,BTC,57.0,0.0,6.996e-05,157
0,[],22,[],2019-05-21 23:40:32,0.0,0,0,7665049,2019-05-21 23:40:32,,50234.60468402,0.0,0,,54786159.03179465,0.0,0.0,158
,[],17,[],2018-11-20 22:56:10,0.0,0,0,4861976,2018-11-20 22:56:10,btc,1.1265625,0.0,,btc,1000.0,0.0,0.0,159
,[],20,[],2018-11-20 22:56:12,0.0,0,0,4861977,2018-11-20 22:56:12,btc,11912.7940471,0.0,,btc,34413894.3617,0.0,0.0,159
1,[],12,[],2019-05-24 02:51:20,9178.522006449999,0.00000191999999999999982841307998027158276954651228152215480804443359375,0.000000000151222656,7676256,2019-05-24 02:51:20,btc,149.80414728631675,0.0,0.00000191999999999999982841307998027158276954651228152215480804443359375,btc,1115.7451448499999,0.01783167678326,0.0120075778999181,168
1,[],17,[],2019-05-03 01:13:36,42852.0,0.00000002,0.000000000001096006,7559132,2019-05-03 01:13:36,btc,0.04279856251542,0.0,0.00000002,btc,274.46171372,0.0,0.00052852,168
1,[],22,[],2019-05-17 03:01:52,10.0,0.00000001,0.000000000000778341,7642059,2019-05-17 03:01:52,BTC,41.95893009,0.0,0.00000001,BTC,1753972.7737547632,0.0,1e-07,169
1,[],22,[],2019-07-05 09:37:10,100102.0,0.00000001,0.000000000001094643,7798616,2019-07-05 09:37:10,BTC,27.84093381,0.0,0.00000001,"BTC,LTC",276616.94947371836,2.4e-07,0.00119102,171
1,[],22,[],2019-05-29 08:05:18,349870.0,0.00000002,0.000000000001705894,7705265,2019-05-29 08:05:18,BTC,24.05907723,0.0,0.00000002,"BTC,LTC",1224285.4355616204,0.0,0.0039847,173
1,[],5,[],2019-07-05 09:37:11,0.0,0,0,7798617,2019-07-05 09:37:11,btc,0.0,0.0090787,0,btc,0.0,0.0,0.0,175
1,[],22,[],2019-06-17 14:33:12,90671.0,0.00000001,0.00000000000092914,7740175,2019-06-17 14:33:12,BTC,394.35459412,0.0,0.00000001,BTC,136275.61833431243,0.0,0.00090671,176
1,[],22,[],2019-07-05 09:37:15,30.0,0.00000001,0.000000000001094643,7798618,2019-07-05 09:37:15,BTC,1.00242428,0.0,0.00000001,BTC,57512.0,0.0,3e-07,178
1,[],7,[],2019-07-01 10:15:32,0.0,0,0,7783526,2019-07-01 10:15:32,btc,521516.2326888725,0.0,0,btc,26809253.73522063,0.0,0.0,178
0,[],2,[],2019-01-20 23:28:34,0.0,0,0,6477001,2019-01-20 23:28:34,,0.0,0.0,0,,0.0,0.0,0.0,178
1,[],5,[],2019-07-05 09:37:16,0.0,0,0,7798619,2019-07-05 09:37:16,btc,0.0,0.0,0,btc,0.0,0.0,0.0,179
0,[],22,[],2019-07-05 09:37:19,0.0,0,0,7798620,2019-07-05 09:37:19,,9.36109844,0.0,0,,14660796.311946675,0.0,0.0,179
0,[],23,[],2019-01-20 23:25:08,0.0,0,0,6476952,2019-01-20 23:25:08,,0.0,0.0,0,,0.0,0.0,0.0,179
1,[],22,[],2019-07-05 09:39:23,754083.283972784,0.00000065,0.000000000071151795,7798621,2019-07-05 09:39:23,BTC,40.64282762,0.0,0.00000065,"BTC,LTC",193926.411571008,0.01226964,0.59027261,180
1,[],26,[],2019-07-05 09:39:23,0.0,0.00000010,0.00000000001094643,7798622,2019-07-05 09:39:23,btc,0.0,50.0,0.00000010,btc,0.0,0.0,0.0,180
1,[],17,[],2019-05-03 01:13:56,20504.725000000002,0.0000001,0.00000000000548003,7559141,2019-05-03 01:13:56,btc,5.2010695838400265,0.0,0.0000001,btc,5033.45945,0.0,0.0011504725,180
,[],7,[],2018-11-20 22:58:01,562227.975654,0.00000085,0.000000000036176765,4862015,2018-11-20 22:58:01,btc,21836.6059674,2491.87645172,,btc,749999.041456,0.00211021,0.127565380455,183
,[],5,[],2019-01-10 08:11:41,0.0,0,0,6347036,2019-01-10 08:11:41,btc,82.15055501,0.00261,,btc,1.19002445,0.0,0.0,187
,[],17,[],2018-11-16 20:58:10,4062536.27273,0.00000001,0.000000000000550501,4708775,2018-11-16 20:58:10,btc,3.36492563466,0.195460381006,,"btc,eth",110697919.549,0.0,0.0157628953496,187
1,[],24,[],2019-05-22 21:04:52,0.0,0.000000000014,0.0000000000000010960978,7670219,2019-05-22 21:04:52,btc,0.0,0.0,0.000000000014,btc,0.0,0.0,0.0,187
0,[],22,[],2019-04-25 02:54:07,0.0,0,0,7447896,2019-04-25 02:54:07,,7.54794454,0.0,0,,76361.7243344055,0.0,0.0,191
0,[],22,[],2019-06-17 14:33:34,0.0,0,0,7740182,2019-06-17 14:33:34,,0.0,0.0,0,,0.0,0.0,0.0,197
0,[],23,[],2019-01-20 23:31:41,0.0,0,0,6477079,2019-01-20 23:31:41,,0.0,0.0,0,,0.0,0.0,0.0,199
0,[],22,[],2019-07-05 09:39:26,0.0,0,0,7798623,2019-07-05 09:39:26,,10.58263174,0.0,0,,84280969.0,0.0,0.0,199
1,[],26,[],2019-07-05 09:39:26,0.0,0.00000000,0,7798624,2019-07-05 09:39:26,btc,0.0,0.0,0.00000000,btc,0.0,0.0,0.0,199
0,[],2,[],2019-01-20 23:30:49,0.0,0,0,6477059,2019-01-20 23:30:49,,0.0,0.0,0,,0.0,0.0,0.0,201
1,[],4,[],2019-01-25 15:51:35,2084389.58565343,0.00000936,0.000000000333526752,6499557,2019-01-25 15:51:35,btc,2.0092503037378524,0.0,0.00000936,btc,160195.80207885,0.19272417,1.242687955921835,211
1,[],7,[],2019-07-01 02:21:28,1170054124.6898527,0.00000018,0.000000000019815389999999997,7782694,2019-07-01 02:21:28,btc,1346735.6331920293,0.0,0.00000018,btc,5516233.71348162,0.0,11.954344045954047,212
1,[],12,[],2019-01-25 02:44:32,207462.42853209,0.000001080000000000000035831255497387193287295303889550268650054931640625,0.000000000038610756000000006,6493050,2019-01-25 02:44:32,btc,85023.03793723314,0.0,0.000001080000000000000035831255497387193287295303889550268650054931640625,btc,43675.73520027,0.000146250909087,0.0348620860622024,213
1,[],5,[],2019-05-30 00:07:46,0.0,0,0,7709357,2019-05-30 00:07:46,btc,0.0,0.06425239,0,btc,0.0,0.0,0.0,213
1,[],24,[],2019-05-30 00:07:46,0.0,0.000000399202,0.0000000000344859829346,7709358,2019-05-30 00:07:46,btc,0.0,0.0,0.000000399202,btc,0.0,0.0,0.0,213
1,[],26,[],2019-05-30 00:07:47,0.0,0.00000040,0.000000000034554919999999996,7709359,2019-05-30 00:07:47,btc,0.0,0.0,0.00000040,btc,0.0,0.0,0.0,213
0,[],22,[],2019-07-05 09:39:31,0.0,0,0,7798625,2019-07-05 09:39:31,,9.54523049,0.0,0,,3658586.2040649247,0.0,0.0,216
0,[],27,[],2019-07-05 09:39:42,0.0,0,0,7798626,2019-07-05 09:39:42,,1998.9179475321787,0.0,0,"btc,ltc",555282.57344694,0.0,0.0,216
1,[],22,[],2019-07-05 09:39:45,489941.0,0.00000018,0.000000000019703574000000002,7798627,2019-07-05 09:39:45,BTC,12055.862782,0.0,0.00000018,BTC,592540.9161858524,0.00077504,0.02537501,217
0,[],27,[],2019-07-04 20:07:27,0.0,0,0,7796489,2019-07-04 20:07:27,,250.20642758069673,0.0,0,btc,46772.535837,0.0,0.0,219
0.00000000000000287,[],28,[],2019-07-04 20:07:29,3298641998.17,6.314000000000001e-19,7.47265057e-23,7796490,2019-07-04 20:07:29,doge,125846.04510800431,4690.0,0.00022000,"btc,doge",120666781.230909,0.0,1.5955592634772005e-11,219
1,[],7,[],2019-06-27 19:02:35,0.0,0,0,7772298,2019-06-27 19:02:35,btc,2123800.2774640615,0.0,0,btc,82333746.4752352,0.0,0.0,219
0,[],22,[],2019-06-26 23:36:41,0.0,0,0,7769178,2019-06-26 23:36:41,,56.75439223,0.0,0,,184664.6482738741,0.0,0.0,221
1,[],24,[],2019-06-26 23:36:41,0.0,0.000000030000,0.000000000003835668,7769179,2019-06-26 23:36:41,btc,0.0,0.0,0.000000030000,btc,0.0,0.0,0.0,221
1,[],20,[],2019-06-17 14:34:11,26882155.8301,0.000000003,0.000000000000278742,7740192,2019-06-17 14:34:11,btc,100050.81956632523,233521.3529,0.000000003,btc,38769742.8604,0.0007925640587,0.0306863532672,224
0,[],22,[],2019-06-17 14:34:13,0.0,0,0,7740193,2019-06-17 14:34:13,,0.0,0.0,0,,0.0,0.0,0.0,224
1,[],26,[],2019-07-05 09:39:45,0.0,0.00000022,0.000000000024082146,7798628,2019-07-05 09:39:45,btc,0.0,0.0,0.00000022,btc,0.0,0.0,0.0,231
1,[],26,[],2019-07-05 09:39:45,0.0,0.00000005,0.000000000005473215,7798629,2019-07-05 09:39:45,btc,0.0,0.0,0.00000005,btc,0.0,0.0,0.0,234
0.00000000026191050000000003,[],27,[],2019-07-05 09:39:52,100.0,2.619105e-18,2.866984954515e-22,7798630,2019-07-05 09:39:52,eth,0.0,0.0,0.00000001,"btc,eth",0.0,0.0,2.619105e-16,234
1,[],4,[],2019-05-22 17:06:12,91780.56053785,0.00000078,0.000000000061977552,7669277,2019-05-22 17:06:12,btc,5.573372450018177,0.0,0.00000078,btc,729173.93529783,0.0,0.0307060663355679,236
1,[],24,[],2019-05-22 17:06:12,0.0,0.000000010000,0.000000000000794584,7669278,2019-05-22 17:06:12,btc,0.0,0.0,0.000000010000,btc,0.0,0.0,0.0,236
1,[],5,[],2019-07-05 09:39:54,0.0,0,0,7798631,2019-07-05 09:39:54,btc,0.0,0.203642,0,btc,0.0,0.0,0.0,237
1,[],20,[],2019-07-05 09:39:56,126895807.266,0.000000056,0.0000000000061300008,7798632,2019-07-05 09:39:56,btc,548.5524804837974,3179163.2611,0.000000056,btc,43494118.8367,0.188741638045,0.7418151106494,237
1,[],22,[],2019-07-05 09:40:00,2096499.0,0.00000005,0.000000000005473215,7798633,2019-07-05 09:40:00,BTC,1.20109922,0.0,0.00000005,"BTC,LTC",14430.948717948719,0.0,0.02732965,237
1,[],4,[],2019-07-05 09:40:01,25472825.95831875,0.00000005,0.000000000005473215,7798634,2019-07-05 09:40:01,btc,3.017909080371979,0.0,0.00000005,btc,14914256.37231893,0.04806878,0.4294954264042335,238
1,[],5,[],2019-07-05 09:40:02,0.0,0,0,7798635,2019-07-05 09:40:02,btc,0.0,0.02083609,0,btc,0.0,0.0,0.0,238
0,[],22,[],2019-03-12 16:49:32,0.0,0,0,6914458,2019-03-12 16:49:32,,0.40415746,0.0,0,,526736.5639027493,0.0,0.0,249
0,[],22,[],2019-07-05 09:40:06,0.0,0,0,7798636,2019-07-05 09:40:06,,13.44711564,0.0,0,,43776457.3426455,0.0,0.0,252
1,[],28,[],2019-07-05 09:40:08,784976.6,0.00000004,0.000000000004378572,7798637,2019-07-05 09:40:08,btc,205.617542583166,276779.6,0.00000004,btc,5245195.2932,0.0,0.021138064,256
0.0000000001085249,[],22,[],2019-07-05 09:40:11,10000.0,2.7131224999999998e-17,2.9699005527675e-21,7798638,2019-07-05 09:40:11,LTC,31471.46309386,0.0,0.00000025,LTC,721242.028948892,0.0,0.0025,258
1,[],22,[],2019-05-19 18:12:02,400.0,0.00000001,0.0000000000007957800000000001,7653905,2019-05-19 18:12:02,BTC,2.415167,0.0,0.00000001,BTC,157.0,0.0,4e-06,259
1,[],5,[],2019-07-02 14:44:15,0.0,0,0,7788374,2019-07-02 14:44:15,btc,0.0,0.02775788,0,btc,0.0,0.0,0.0,264
1,[],20,[],2019-07-02 14:44:17,953070.9962,0.000000178,0.000000000017956461999999998,7788375,2019-07-02 14:44:17,btc,1.1507330656826,14313.4023,0.000000178,btc,65222.866,0.0046947959544,0.0049363258649,264
0,[],22,[],2019-04-12 17:57:27,0.0,0,0,7278186,2019-04-12 17:57:27,,66.37522201,0.0,0,,677842.4169881374,0.0,0.0,271
0,[],22,[],2019-07-05 09:40:16,0.0,0,0,7798639,2019-07-05 09:40:16,,33050469.74148113,0.0,0,,14261527780.7,0.0,0.0,272
0.000000000000003774,[],28,[],2019-07-05 09:40:18,327147231524.487,4.528799999999999e-22,4.9574192184e-26,7798640,2019-07-05 09:40:18,doge,66946592.18097011,17461941009.2384,0.00000012,doge,163324019413.3492,0.0,7.988297851876261e-11,272
1,[],22,[],2019-05-23 07:12:29,219930.0,0.00000004,0.000000000003048688,7671985,2019-05-23 07:12:29,BTC,426.77835217,0.0,0.00000004,BTC,248664.3325962929,0.0,0.00739728,281
1,[],22,[],2019-07-02 18:15:29,1409605.9,0.00000002,0.000000000002147082,7789011,2019-07-02 18:15:29,BTC,7.87630805,0.0,0.00000002,"BTC,LTC",1137979.797623037,0.00674692,0.02432534,286
0,[],22,[],2019-06-17 14:34:53,0.0,0,0,7740207,2019-06-17 14:34:53,,7337915.80475575,0.0,0,,2078527309.6797826,0.0,0.0,294
