pairValue,buyBook,exchangeId,sellBook,updated,buyTotal,satoshiPrice,usdPrice,exchangeLogId,created,bestPair,sellTotalBtc,volume,pairPrice,activePairs,sellTotal,volumeBtc,buyTotalBtc,coinId
1,[],4,[],2019-05-22 20:30:00,207687.86398623,0.01115552,0.000000873395780704,7670089,2019-05-22 20:30:00,btc,8.231331329531082,0.0,0.01115552,btc,342.63308148,0.83606281,0.6805476488853609,1
1,[],5,[],2019-05-22 20:30:02,0.0,0,0,7670090,2019-05-22 20:30:02,btc,0.0,0.02885657,0,btc,0.0,0.0,0.0,1
1,[],10,[],2019-05-22 20:30:04,255970.89554108,0.00830657,0.000000650343793039,7670091,2019-05-22 20:30:04,btc,6522.926960339399,1471.11434846,0.00830657,btc,1303.60669208,0.0,2.982330672711957,1
1,[],12,[],2019-05-22 20:30:06,88.2673356,0.01111999999999999967636998832176686846651136875152587890625,0.0000008706148240000001,7670092,2019-05-22 20:30:06,btc,0.1314497913623,0.0,0.01111999999999999967636998832176686846651136875152587890625,btc,6.00691043,0.6461634814432,0.3068971039993,1
1,[],20,[],2019-05-22 20:30:08,972.7627,0.01026283,0.000000803504670341,7670093,2019-05-22 20:30:08,btc,0.2207100366123,0.0,0.01026283,btc,16.8943,0.0,0.1005038249151,1
1,[],21,[],2019-05-22 20:30:09,2051.98915424,0.01110070999999999974416908799,0.000000869104557817,7670094,2019-05-22 20:30:09,btc,16.185096458484836,7439.21725581,0.01110070999999999974416908798957592807710170745849609375,"btc,eth",1738.82517259,82.33370218521021,19.627779283988076,1
1,[],22,[],2019-05-22 20:30:13,0.0025666666666666667,0.00900000,0.0000007046343,7670095,2019-05-22 20:30:13,BTC,0.31629903,0.0,0.00900000,BTC,0.2505752479991019,0.0,2.31e-05,1
1,[],24,[],2019-05-22 20:30:13,0.0,0.000000000000,0,7670096,2019-05-22 20:30:13,btc,0.0,0.0,0.000000000000,btc,0.0,0.0,0.0,1
0.0,[],25,[],2019-05-22 20:30:15,0.0,0,0,7670097,2019-05-22 20:30:15,btc,43.349999998346156,6689.3655137,0.0,btc,3794.45559679,75.35,0.0,1
1,[],26,[],2019-05-22 20:30:16,0.0,0,0,7670098,2019-05-22 20:30:16,,0.0,0.0,0,,0.0,0.0,0.0,1
0,[],28,[],2019-05-22 20:31:24,0.0,0,0,7670099,2019-05-22 20:31:24,,0.0,363564.9288,0,,0.0,0.0,0.0,1
1,[],3,[],2019-05-22 18:07:34,1123.259330580089,0.01114142000000000083670403938640447449870407581329345703125,0.0000008809019430100001,7669457,2019-05-22 18:07:34,btc,1.846938727610729,30.8730799403,0.01114142000000000083670403938640447449870407581329345703125,btc,27.179280298868,0.0,0.2238721862652316,1
0,[],2,[],2019-01-20 23:28:45,0.0,0,0,6477011,2019-01-20 23:28:45,,0.0,0.0,0,,0.0,0.0,0.0,1
1,[],5,[],2019-05-22 20:31:25,0.0,0,0,7670100,2019-05-22 20:31:25,btc,0.0,0.00091427,0,btc,0.0,0.0,0.0,2
1,[],22,[],2019-05-22 20:31:30,11638.0,0.0000002,0.00000000001565854,7670101,2019-05-22 20:31:30,BTC,21.00897301,0.0,0.0000002,"BTC,XMR",20678.87287795317,0.0,0.00145435,2
1,[],5,[],2019-05-22 20:31:32,0.0,0,0,7670102,2019-05-22 20:31:32,btc,0.0,0.0140755,0,btc,0.0,0.0,0.0,3
1,[],12,[],2019-05-22 20:31:33,4290724.26222,0.00000012,0.000000000009395123999999999,7670103,2019-05-22 20:31:33,btc,11599.083364399574,0.0,0.00000012,btc,3778491.73556326,0.03944726301123825,0.3671839874664,3
0,[],28,[],2019-05-22 20:31:34,0.0,0,0,7670104,2019-05-22 20:31:34,,0.0,0.0,0,,0.0,0.0,0.0,3
0,[],2,[],2019-01-20 23:31:32,0.0,0,0,6477077,2019-01-20 23:31:32,,0.0,0.0,0,,0.0,0.0,0.0,4
1,[],4,[],2019-05-18 21:29:50,562734.9206932,0.00000010,0.000000000007298720000000001,7650946,2019-05-18 21:29:50,btc,41.9347137769675,0.0,0.00000010,btc,1123702.32192634,0.00052462,0.029254593370966,4
0,[],12,[],2019-05-22 20:31:35,0.0,0,0,7670105,2019-05-22 20:31:35,btc,6667432.560612084,0.0,0,btc,1144126.27372628,0.0,0.0,5
0,[],2,[],2019-01-20 23:31:51,0.0,0,0,6477087,2019-01-20 23:31:51,,0.0,0.0,0,,0.0,0.0,0.0,6
1,[],11,[],2019-05-22 20:31:38,7282054.276736,0.00000002,0.0000000000015658540000000001,7670106,2019-05-22 20:31:38,btc,9578.313468748534,7796731.86024,0.00000002,btc,56314921.70519443,0.0,0.09560291276736001,6
1,[],4,[],2019-05-22 20:31:39,3186769.63750932,0.00010930,0.000000008557392110000001,7670107,2019-05-22 20:31:39,btc,9.300391962302696,0.0,0.00010930,btc,50403.59191934,1.01236179,2.952212554920865,7
1,[],5,[],2019-05-22 20:31:40,0.0,0,0,7670108,2019-05-22 20:31:40,btc,0.0,0.4006665,0,btc,0.0,0.0,0.0,7
1,[],3,[],2019-05-22 18:08:48,11992.400030575094,0.00011500000000000000347812056933349822429590858519077301025390625,0.0000000090925325,7669475,2019-05-22 18:08:48,btc,1.1612001845741802,131.533509258,0.00011500000000000000347812056933349822429590858519077301025390625,btc,282.094355724518,0.0,0.024071946207221296,7
1,[],20,[],2019-04-07 22:06:50,3201475.0482,0.000000001,0.000000000000051590000000000004,7213932,2019-04-07 22:06:50,btc,30.8005781811902,0.0,0.000000001,btc,23077405.3926,0.0,0.0032014750482,8
0,[],2,[],2019-01-20 23:22:42,0.0,0,0,6476876,2019-01-20 23:22:42,,0.0,0.0,0,,0.0,0.0,0.0,9
0,[],23,[],2019-01-20 23:22:48,0.0,0,0,6476878,2019-01-20 23:22:48,,0.0,0.0,0,,0.0,0.0,0.0,9
1,[],4,[],2019-05-22 20:31:43,20925997.99406793,0.00000054,0.000000000042278058000000005,7670109,2019-05-22 20:31:43,btc,4.288417629804803,0.0,0.00000054,btc,3910540.03111084,0.3564404,0.6572333427057999,9
0,[],28,[],2019-05-22 20:31:48,0.0,0,0,7670110,2019-05-22 20:31:48,,0.0,3651679.0,0,,0.0,0.0,0.0,9
1,[],1,[],2019-02-17 23:31:42,1822507.21,0.00000181000000000000003456111265232042484285557293333113193511962890625,0.000000000066086901,6701244,2019-02-17 23:31:42,btc,3.6990969245,17153386.5,0.00000181000000000000003456111265232042484285557293333113193511962890625,btc,1997391.71,31.11772986,3.2610482446,9
1,[],4,[],2019-02-17 11:22:43,4341674.27126056,0.00000002,0.0000000000007272960000000001,6696112,2019-02-17 11:22:43,btc,0.1997230937751353,0.0,0.00000002,btc,4109766.79808031,0.00215132,0.0479381022052112,10
0,[],2,[],2019-01-20 23:23:08,0.0,0,0,6476890,2019-01-20 23:23:08,,0.0,0.0,0,,0.0,0.0,0.0,12
1,[],4,[],2019-05-22 20:31:50,4380523.80433781,0.00000074,0.000000000057936598,7670111,2019-05-22 20:31:50,btc,5.297267819113879,0.0,0.00000074,btc,4704081.11058252,0.61488114,1.3751583574786514,12
1,[],5,[],2019-05-22 20:31:51,0.0,0,0,7670112,2019-05-22 20:31:51,btc,0.0,0.05134926,0,btc,0.0,0.0,0.0,12
0.0,[],25,[],2019-05-22 20:31:53,0.0,0,0,7670113,2019-05-22 20:31:53,,0.0,0.0,0.0,btc,0.0,0.0,0.0,12
1,[],4,[],2019-05-22 20:31:53,377958.2877229,0.00000680,0.00000000053239036,7670114,2019-05-22 20:31:53,btc,2.227666090556104,0.0,0.00000680,btc,260966.06316517,0.52960661,0.7690393714791344,13
1,[],10,[],2019-05-22 20:31:55,573800.36310265,0.00000686,0.0000000005370879220000001,7670115,2019-05-22 20:31:55,btc,666802.6525366677,8010.27070921,0.00000686,btc,849151.10735664,0.0,0.3144075514849268,13
1,[],21,[],2019-05-22 20:31:57,614644.47618372,0.000006919999999999999813911875923,0.0000000005417854840000001,7670116,2019-05-22 20:31:57,btc,4.470648318756829,656294.6210086,0.000006919999999999999813911875923277960964696831069886684417724609375,btc,573496.91007369,4.59308019,3.9059249147245922,13
1,[],4,[],2019-05-22 20:31:58,954377.08259346,0.00000073,0.000000000057153671000000004,7670117,2019-05-22 20:31:58,btc,4.226609555270367,0.0,0.00000073,btc,815758.72067772,0.00990509,0.1467230650713869,14
1,[],12,[],2019-05-22 20:31:59,319698.03654042,0.0000008,0.00000000006263416,7670118,2019-05-22 20:31:59,btc,13.823045422779577,0.0,0.0000008,btc,29857.27377428,0.000388399999997,0.0171552699999706,14
1,[],26,[],2019-05-22 20:33:59,0.0,0.00000050,0.00000000003914635,7670119,2019-05-22 20:33:59,btc,0.0,0.0,0.00000050,btc,0.0,0.0,0.0,14
0,[],17,[],2019-05-03 00:53:32,0.0,0,0,7558876,2019-05-03 00:53:32,btc,0.0,0.0,0,btc,0.0,0.0,0.0,14
0,[],4,[],2019-05-22 20:34:00,0.0,0,0,7670120,2019-05-22 20:34:00,,0.0,0.0,0,,0.0,0.0,0.0,15
,[],12,[],2018-12-01 15:15:48,204241.84496,0.00000489,0.000000000202473384,5260204,2018-12-01 15:15:48,btc,49.5475654835,0.0,,btc,35763.2193806,0.0163153972027625,0.0203389899998,15
1,[],4,[],2019-05-22 20:34:02,37511.67993935,0.00001225,0.000000000959085575,7670121,2019-05-22 20:34:02,btc,1.0883017968771642,0.0,0.00001225,btc,17613.79063737,0.02419063,0.109327529898212,18
1,[],10,[],2019-05-22 20:34:04,308716.78685078,0.00001203,0.0000000009418611810000001,7670122,2019-05-22 20:34:04,btc,15.30221566938161,11308.2099013,0.00001203,btc,10256.32721683,0.0,0.0758282002645369,18
0,[],2,[],2019-01-20 23:23:38,0.0,0,0,6476906,2019-01-20 23:23:38,,0.0,0.0,0,,0.0,0.0,0.0,18
1,[],12,[],2019-05-22 20:34:05,222735.21327812,0.00001167999999999999997967771447893170488896430470049381256103515625,0.0000000009144587360000001,7670123,2019-05-22 20:34:05,btc,33215.12404509294,0.0,0.00001167999999999999997967771447893170488896430470049381256103515625,btc,1480.54672743,0.0013655874060387,0.0245757216563443,18
0,[],17,[],2019-05-03 00:53:39,0.0,0,0,7558882,2019-05-03 00:53:39,btc,0.0,0.0,0,btc,0.0,0.0,0.0,18
1,[],4,[],2019-05-22 20:36:06,176600.03112488,0.00001020,0.00000000079858554,7670124,2019-05-22 20:36:06,btc,3.7354328489267266,0.0,0.00001020,btc,160467.50226254,0.30542032,0.830354963073677,19
1,[],5,[],2019-05-22 20:36:07,0.0,0,0,7670125,2019-05-22 20:36:07,btc,0.0,0.00063785,0,btc,0.0,0.0,0.0,19
1,[],12,[],2019-05-22 20:36:08,200752.35797396,0.0000100500000000000003393119119010634676669724285602569580078125,0.0000000007868416350000001,7670126,2019-05-22 20:36:08,btc,0.305997674425746,0.0,0.0000100500000000000003393119119010634676669724285602569580078125,btc,3189.22383734,0.0014393066633562,0.059058059999614304,19
0,[],27,[],2019-05-22 20:36:19,0.0,0,0,7670127,2019-05-22 20:36:19,,0.0,0.0,0,btc,0.0,0.0,0.0,19
0,[],2,[],2019-01-20 23:24:19,0.0,0,0,6476924,2019-01-20 23:24:19,,0.0,0.0,0,,0.0,0.0,0.0,19
1,[],3,[],2019-05-22 18:13:10,155674.10542488078,0.00000931000000000000064808401700755524643682292662560939788818359375,0.000000000736099805,7669492,2019-05-22 18:13:10,btc,0.23246272695370224,3561.35820087,0.00000931000000000000064808401700755524643682292662560939788818359375,btc,5234.747680881293,0.0,0.04615314488507609,19
1,[],4,[],2019-05-22 20:36:19,10230128.96144766,0.00000007,0.0000000000054804890000000004,7670128,2019-05-22 20:36:19,btc,6.413343230109516,0.0,0.00000007,btc,2233934.3516984,0.00018919,0.1275941297203162,20
1,[],4,[],2019-05-22 20:36:20,72141616.72337481,0.00000001,0.0000000000007829270000000001,7670129,2019-05-22 20:36:20,btc,39164.36969882223,0.0,0.00000001,btc,61037211.32461323,0.00133927,0.7214161672337481,21
1,[],12,[],2019-05-22 20:36:22,4010934.0,0.00000001,0.0000000000007829270000000001,7670130,2019-05-22 20:36:22,btc,2911.7332837234762,0.0,0.00000001,btc,7295102.93106888,0.00044873,0.04010934,21
0,[],17,[],2019-05-03 00:53:51,0.0,0,0,7558891,2019-05-03 00:53:51,btc,0.0,0.0,0,btc,0.0,0.0,0.0,21
1,[],12,[],2019-05-22 20:38:24,7116146879.316,0.0000000004,0.00000000000003131708,7670131,2019-05-22 20:38:24,btc,311120233915.55475,0.0,0.0000000004,btc,3661744087.3612795,0.04526752474845154,1.6124318225264,23
0.0000000003180317,[],27,[],2019-05-22 20:38:33,24756826.0,3.180317e-18,2.489956047859e-22,7670132,2019-05-22 20:38:33,eth,1174.31052057606,1585612277.0,0.00000001,eth,64123338.05,5.042749679951809e-09,7.8734554593842e-11,23
1,[],4,[],2019-05-22 20:40:34,1835474.20364913,0.00000019,0.000000000014875613000000002,7670133,2019-05-22 20:40:34,btc,13.464865420289208,0.0,0.00000019,btc,2019615.30339016,0.0,0.0558475271844494,24
1,[],22,[],2019-05-22 20:40:37,21.76,0.00000100,0.0000000000782927,7670134,2019-05-22 20:40:37,BTC,7.415e-05,0.0,0.00000100,BTC,23.919354838709676,0.0,1.186e-05,24
0.0,[],25,[],2019-05-22 20:40:39,0.0,0,0,7670135,2019-05-22 20:40:39,,0.0,0.0,0.0,btc,0.0,0.0,0.0,24
1,[],4,[],2019-05-22 20:40:41,302709.3375995,0.00000440,0.00000000034448788000000003,7670136,2019-05-22 20:40:41,btc,10.526325940465158,0.0,0.00000440,btc,270489.72243638,0.11317723,0.1500663039429386,26
1,[],10,[],2019-05-22 20:40:43,159722.20043768,0.0000044,0.00000000034448788000000003,7670137,2019-05-22 20:40:43,btc,25.512880908499106,6580.27078574,0.0000044,btc,23023.70050485,0.0,0.0316094424615675,26
0,[],2,[],2019-01-20 23:25:56,0.0,0,0,6476976,2019-01-20 23:25:56,,0.0,0.0,0,,0.0,0.0,0.0,26
1,[],5,[],2019-04-26 09:47:06,0.0,0,0,7465326,2019-04-26 09:47:06,btc,0.0,0.0,0,btc,0.0,0.0,0.0,27
1,[],3,[],2019-05-22 20:40:44,7277055.62200389,0.00000001,0.0000000000007829270000000001,7670138,2019-05-22 20:40:44,btc,3.317032516294362,4553405.57489,0.00000001,btc,23938008.26764695,0.0,0.0727705562200389,27
1,[],11,[],2019-05-22 20:40:45,1069867.58157834,0.00000001,0.0000000000007829270000000001,7670139,2019-05-22 20:40:45,btc,67503.038056662,12744.4184217,0.00000001,btc,6639900.67919713,0.0,0.0106986758157834,27
1,[],4,[],2019-05-22 20:40:48,1220391257.3288374,0.00000001,0.0000000000007829270000000001,7670140,2019-05-22 20:40:48,btc,4.9678773508434,0.0,0.00000001,"btc,ltc",302241390.49963087,0.02849506,8.303479580384955,29
1,[],7,[],2019-05-22 20:40:49,111524608.24806745,0.00000001,0.0000000000007829270000000001,7670141,2019-05-22 20:40:49,btc,46548272.14360427,10505.50045,0.00000001,btc,35213261.09263437,0.00010506,1.1152460824806745,29
1,[],4,[],2019-05-22 20:40:50,15227234.71899091,0.00000007,0.0000000000054804890000000004,7670142,2019-05-22 20:40:50,btc,2.642811069875848,0.0,0.00000007,btc,2177798.45791788,0.00042632,0.1690819001256759,30
0,[],17,[],2019-05-03 01:11:25,0.0,0,0,7559066,2019-05-03 01:11:25,btc,0.0,0.0,0,btc,0.0,0.0,0.0,30
1,[],4,[],2019-05-22 20:42:51,115007.49088167,0.00005258,0.000000004116630166,7670143,2019-05-22 20:42:51,btc,3.943152805740246,0.0,0.00005258,btc,46200.26690605,0.73271599,1.1207470514237372,31
1,[],21,[],2019-05-22 20:42:52,89148.10256487,0.00005349999999999999937896899560,0.00000000418865945,7670144,2019-05-22 20:42:52,btc,3.780370340064867,217221.99982063,0.0000534999999999999993789689956003030602005310356616973876953125,btc,62068.71736275,11.67805172,4.46469517586326,31
0,[],2,[],2019-01-20 23:28:43,0.0,0,0,6477009,2019-01-20 23:28:43,,0.0,0.0,0,,0.0,0.0,0.0,32
0,[],4,[],2019-05-22 20:42:53,0.0,0,0,7670145,2019-05-22 20:42:53,,0.0,0.0,0,,0.0,0.0,0.0,33
1,[],12,[],2019-03-30 07:55:10,40641173.964,0.00000003,0.000000000001228359,7108785,2019-03-30 07:55:10,btc,4233210.82356125,0.0,0.00000003,btc,28378394.68333462,0.0126927883965248,0.90752895892,33
0.000000000113121,[],4,[],2019-05-22 20:42:54,29143949.4123178,5.65605e-17,4.4282742583500006e-21,7670146,2019-05-22 20:42:54,ltc,3.5155710666866256,0.0,0.0000005,ltc,157138531.83481905,0.0,1.411675319566753e-10,34
1,[],5,[],2019-05-22 20:42:56,0.0,0,0,7670147,2019-05-22 20:42:56,btc,0.0,0.0,0,btc,0.0,0.0,0.0,34
0.0000000002926451,[],17,[],2019-05-02 18:17:47,200000.0,2.9264510000000002e-18,1.596703856561e-22,7556430,2019-05-02 18:17:47,eth,0.20942468735267253,0.0,0.00000001,"btc,eth",1018272.20243647,0.0,5.852902e-13,36
0.000000000113121,[],4,[],2019-05-22 20:42:57,90141623.50111783,1.1312100000000001e-18,8.856548516700001e-23,7670148,2019-05-22 20:42:57,ltc,4.100542008366096e-08,0.0,0.00000001,ltc,7563330053.433634,0.0,1.019691059206995e-10,36
1,[],5,[],2019-05-22 20:42:58,0.0,0,0,7670149,2019-05-22 20:42:58,btc,0.0,0.0,0,btc,0.0,0.0,0.0,36
0.0000000003180317,[],27,[],2019-05-22 20:45:11,48406229.004,3.180317e-18,2.489956047859e-22,7670150,2019-05-22 20:45:11,eth,1671.21231592,972138128.0,0.00000001,"ltc,eth",17330927.0,3.29042319889634e-09,1.4500267185037684e-10,36
1,[],4,[],2019-05-22 20:45:12,10204661.60397459,0.00000017,0.000000000013309759,7670151,2019-05-22 20:45:12,btc,19772.602152365118,0.0,0.00000017,btc,793209.36800994,0.02080704,0.1633878198313699,37
1,[],12,[],2019-05-22 20:45:13,5846482.63673277,0.00000018,0.000000000014092686000000001,7670152,2019-05-22 20:45:13,btc,84.05256435684541,0.0,0.00000018,btc,864003.94244801,0.010921169530474,0.2436165905299153,37
1,[],27,[],2019-05-22 20:47:19,1600.0,0.00000015,0.000000000011743905,7670153,2019-05-22 20:47:19,btc,24.12156123602533,0.0,0.00000015,btc,5842.04443503,0.0,3e-05,37
1,[],17,[],2019-05-03 01:11:36,211752.74075282,0.00000025,0.000000000013700074999999998,7559074,2019-05-03 01:11:36,btc,0.055484923955058496,0.0,0.00000025,"btc,eth",1387.19918473,0.0,0.0005381851887916605,37
1,[],5,[],2019-05-22 20:47:20,0.0,0,0,7670154,2019-05-22 20:47:20,btc,0.0,0.1142737,0,btc,0.0,0.0,0.0,42
1,[],12,[],2019-05-22 20:47:21,366336.73028568,0.000001269999999999999910766366496839285815667608403600752353668212890625,0.000000000099431729,7670155,2019-05-22 20:47:21,btc,2227429.8612834886,0.0,0.000001269999999999999910766366496839285815667608403600752353668212890625,btc,100339.53830616,0.0304030827877548,0.0755635017372626,42
1,[],27,[],2019-05-22 20:47:29,1196.0,0.00000100,0.0000000000782927,7670156,2019-05-22 20:47:29,btc,1.1813845831768,0.0,0.00000100,"btc,eth",1183.4448157,0.0,0.0005960000004947301,42
1,[],12,[],2019-03-13 09:13:29,1112112.0,0.00000001,0.000000000000386531,6919902,2019-03-13 09:13:29,btc,29058.00478931866,0.0,0.00000001,btc,5967681.93306694,9.99000999e-07,0.01112112,43
1,[],5,[],2019-04-26 22:38:52,0.0,0,0,7474154,2019-04-26 22:38:52,btc,0.0,0.02638891,0,btc,0.0,0.0,0.0,43
0,[],17,[],2019-04-26 22:38:53,0.0,0,0,7474155,2019-04-26 22:38:53,btc,0.0,0.0,0,btc,0.0,0.0,0.0,43
1,[],12,[],2019-03-05 01:54:08,639326.02,0.00000004,0.000000000001486676,6845775,2019-03-05 01:54:08,btc,11116042.728239931,0.0,0.00000004,btc,1103841.4595604,0.0003330765234764,0.014975410599999999,44
1,[],4,[],2019-05-22 20:47:31,113516147.70746253,0.00000001,0.0000000000007829270000000001,7670157,2019-05-22 20:47:31,btc,291324.2313527379,0.0,0.00000001,"btc,ltc",26226893.20369327,0.00344187,0.11405160973797096,49
0.000000000113121,[],4,[],2019-05-22 20:47:34,97033941.06902543,4.977324e-17,3.896881347348e-21,7670158,2019-05-22 20:47:34,ltc,21908.84082950542,0.0,0.00000044,ltc,137074273.00259838,0.0,5.531891877533801e-10,52
0,[],22,[],2019-05-22 20:47:37,0.0,0,0,7670159,2019-05-22 20:47:37,,10289.55991011,0.0,0,,308568058.4566013,0.0,0.0,57
0,[],27,[],2019-05-22 20:47:44,0.0,0,0,7670160,2019-05-22 20:47:44,,0.0,0.0,0,"btc,eth",0.0,0.0,0.0,57
0.000000000113121,[],4,[],2019-05-22 20:47:45,214357559.9970311,1.1312100000000001e-18,8.856548516700001e-23,7670161,2019-05-22 20:47:45,ltc,19.160638099038135,0.0,0.00000001,ltc,6066028100.2256975,0.0,2.424834154442415e-10,58
1,[],12,[],2019-05-22 20:47:46,2141285861.7001,0.0000000001,0.00000000000000782927,7670162,2019-05-22 20:47:46,btc,828884559.114657,0.0,0.0000000001,btc,5274183402.781228,0.18990054057242756,0.21412858617001002,58
0.000000000111677,[],22,[],2019-05-22 20:49:49,126877.0,1.11677e-18,8.7434938579e-23,7670163,2019-05-22 20:49:49,XMR,68.17454206,0.0,0.00000001,XMR,9626402.6,0.0,0.00126877,58
1,[],17,[],2019-05-03 01:12:09,1200000.0,0.0000000001,0.00000000000000548003,7559085,2019-05-03 01:12:09,btc,1e+24,0.0,0.0000000001,"btc,eth",39516342.31952568,0.0,0.00010000000058666061,58
1,[],5,[],2019-05-22 20:49:51,0.0,0,0,7670164,2019-05-22 20:49:51,btc,0.0,0.0167273,0,btc,0.0,0.0,0.0,61
1,[],22,[],2019-05-22 20:49:54,13613.833333333334,0.00000012,0.000000000009395124,7670165,2019-05-22 20:49:54,BTC,1002.29590883,0.0,0.00000012,BTC,15092.180177125656,0.0,0.00153269,61
1,[],26,[],2019-05-22 20:49:54,0.0,0.00000050,0.00000000003914635,7670166,2019-05-22 20:49:54,btc,0.0,0.0,0.00000050,btc,0.0,0.0,0.0,61
1,[],27,[],2019-05-22 20:50:02,107138.0,0.0000002,0.00000000001565854,7670167,2019-05-22 20:50:02,btc,1.9501982264346656,0.0,0.0000002,"btc,eth",12657.40563696,0.0,0.0013812200003180317,61
0,[],28,[],2019-05-22 20:50:04,0.0,0,0,7670168,2019-05-22 20:50:04,,0.0,663.0,0,,0.0,0.0,0.0,61
1,[],4,[],2019-05-22 20:50:06,1084612.76157095,0.00000094,0.00000000007359513800000001,7670169,2019-05-22 20:50:06,btc,2.8193486878956455,0.0,0.00000094,btc,837793.00054608,0.0607254,0.68121125421325,67
0.0,[],25,[],2019-05-22 20:50:07,0.0,0,0,7670170,2019-05-22 20:50:07,,0.0,0.0,0.0,btc,0.0,0.0,0.0,67
1,[],12,[],2019-05-22 20:50:08,1864026.0,0.00000009,0.0000000000070463430000000006,7670171,2019-05-22 20:50:08,btc,55556379.614910066,0.0,0.00000009,btc,1406554.49650346,2.47575025e-05,0.03176135,71
,[],5,[],2018-11-20 23:02:39,1.5e-07,0.00000005,0.000000000002128045,4862160,2018-11-20 23:02:39,btc,2.84511358,0.0,,btc,0.00036572,0.0,0.07381892,74
1,[],5,[],2019-05-22 20:50:09,0.0,0,0,7670172,2019-05-22 20:50:09,btc,0.0,0.03840165,0,btc,0.0,0.0,0.0,75
0,[],4,[],2019-05-22 20:50:10,0.0,0,0,7670173,2019-05-22 20:50:10,,133656.87703970782,0.0,0,,33424209.5909442,0.0,0.0,81
0,[],20,[],2019-01-25 09:30:31,0.0,0,0,6495923,2019-01-25 09:30:31,btc,0.0,0.0,0,btc,0.0,0.0,0.0,81
1,[],4,[],2019-05-22 20:50:12,29567.48534143,0.00006193,0.000000004848666911000001,7670174,2019-05-22 20:50:12,btc,18.39944730761346,0.0,0.00006193,btc,24933.87268616,1.14133411,0.5608975082247863,82
1,[],21,[],2019-05-22 20:50:14,261287.73132965,0.00006151999999999999374326875579,0.000000004816566904,7670175,2019-05-22 20:50:14,btc,3.7759012405807146,8250.60672407,0.00006151999999999999374326875578589124415884725749492645263671875,btc,51451.31038124,0.51394552,1.622085969587208,82
0,[],17,[],2019-03-25 22:42:34,0.0,0,0,7038780,2019-03-25 22:42:34,btc,0.0445064681804024,0.0,0,btc,995513.18476001,0.0,0.0,84
0.0000000001161485,[],4,[],2019-05-20 13:09:39,216715621.0206096,1.161485e-18,9.0533806701e-23,7657228,2019-05-20 13:09:39,ltc,1.6511566870244727,0.0,0.00000001,ltc,471032407.9048656,0.0,2.5171194308112273e-10,85
,[],22,[],2018-11-20 23:09:34,3408.1,0.0000001,0.0000000000041895,4862324,2018-11-20 23:09:34,BTC,0.04624735,0.0,,BTC,4990.0,0.0,0.00033081,86
1,[],22,[],2019-05-22 20:50:17,85999.0,0.00000001,0.0000000000007829270000000001,7670176,2019-05-22 20:50:17,BTC,1.45832026,0.0,0.00000001,BTC,335430.29736842104,3.417e-05,0.00085999,87
0,[],27,[],2019-05-22 20:50:28,0.0,0,0,7670177,2019-05-22 20:50:28,,4.961871848776,0.0,0,btc,25830.03041,0.0,0.0,87
,[],2,[],2018-11-20 23:10:47,0.0,0,0,4862359,2018-11-20 23:10:47,,0.0,0.0,,,0.0,0.0,0.0,88
1,[],11,[],2019-05-22 20:50:31,86451.36429292,0.000119069999999999996697676307721991406651795841753482818603515625,0.000000009322311789000001,7670178,2019-05-22 20:50:31,btc,176.62204231307493,6445.59552379,0.000119069999999999996697676307721991406651795841753482818603515625,btc,193226.22929509,0.0,4.900743327717252,89
0,[],2,[],2019-01-20 23:31:45,0.0,0,0,6477083,2019-01-20 23:31:45,,0.0,0.0,0,,0.0,0.0,0.0,91
1,[],22,[],2019-05-22 20:24:46,75910.55,0.0000002,0.0000000000158356,7670073,2019-05-22 20:24:46,BTC,0.495,0.0,0.0000002,"BTC,LTC",4.95,0.0,0.00165931,91
1,[],12,[],2019-05-22 20:50:32,442372.28505048,0.00000035,0.000000000027402445,7670179,2019-05-22 20:50:32,btc,112.20828558129472,0.0,0.00000035,btc,210771.32698197,0.0,0.0320657270999944,91
0,[],17,[],2019-05-03 01:12:26,0.0,0,0,7559096,2019-05-03 01:12:26,btc,0.0,0.0,0,btc,0.0,0.0,0.0,91
1,[],22,[],2019-04-09 20:17:52,374949.73333333334,0.00000015,0.000000000007771935,7235704,2019-04-09 20:17:52,BTC,6.87372503,0.0,0.00000015,"BTC,LTC",159980.01196797504,1.1e-05,0.80510266,95
0.0000000001142041,[],4,[],2019-05-22 20:24:47,541153124.3547393,6.0528173e-17,4.792499681794e-21,7670074,2019-05-22 20:24:47,ltc,11.355401089393727,0.0,0.00000053,ltc,148725245.787136,0.0,8.164152935521586e-10,96
0,[],12,[],2019-05-22 20:24:48,0.0,0,0,7670075,2019-05-22 20:24:48,btc,25081.844037004626,0.0,0,btc,11249017.281718269,0.0,0.0,96
0,[],17,[],2019-05-03 01:12:32,0.0,0,0,7559100,2019-05-03 01:12:32,btc,0.0,0.0,0,btc,0.0,0.0,0.0,96
1,[],4,[],2019-04-14 03:32:46,1039404.33283278,0.00000038,0.000000000019245518,7293458,2019-04-14 03:32:46,btc,4.170086055365747,0.0,0.00000038,btc,3097704.34561074,0.06260606,0.1859928211030784,99
1,[],4,[],2019-05-22 20:26:49,188068.91923822,0.00002433,0.0000000019264007400000003,7670076,2019-05-22 20:26:49,btc,6.888156523246985,0.0,0.00002433,btc,126401.62963686,0.18389852,0.6543543149908471,100
0,[],2,[],2019-01-20 23:23:55,0.0,0,0,6476914,2019-01-20 23:23:55,,0.0,0.0,0,,0.0,0.0,0.0,100
1,[],22,[],2019-05-22 20:26:52,150000.0,0.00000002,0.00000000000158356,7670077,2019-05-22 20:26:52,BTC,24.83526409,0.0,0.00000002,BTC,11187.719,0.0,0.0017,101
1,[],4,[],2019-05-22 20:26:53,654653.60276844,0.00000200,0.000000000158356,7670078,2019-05-22 20:26:53,btc,362.69472753066873,0.0,0.00000200,btc,632428.48707442,0.30918431,0.3172761804702894,103
1,[],12,[],2019-05-22 20:26:55,75939741.51292,0.000000004,0.000000000000316712,7670079,2019-05-22 20:26:55,btc,505538636.3873933,0.0,0.000000004,btc,87576081.94873165,0.04474654331941882,0.16481572371276001,105
0,[],27,[],2019-05-22 20:27:13,0.0,0,0,7670080,2019-05-22 20:27:13,,0.2583801973531397,248347.0,0,btc,612120.85947933,0.00248347,0.0,105
1,[],22,[],2019-04-21 00:17:26,21333.0,0.00000001,0.000000000000532493,7385819,2019-04-21 00:17:26,BTC,51.38182867,0.0,0.00000001,BTC,470435.0,0.0,0.00021333,107
1,[],26,[],2019-04-21 00:17:26,0.0,0.00000000,0,7385820,2019-04-21 00:17:26,btc,0.0,0.0,0.00000000,btc,0.0,0.0,0.0,107
1,[],5,[],2019-05-22 20:27:15,0.0,0,0,7670081,2019-05-22 20:27:15,btc,0.0,0.0,0,btc,0.0,0.0,0.0,112
0,[],22,[],2019-05-22 20:27:17,0.0,0,0,7670082,2019-05-22 20:27:17,,2.79635781,0.0,0,,3274992.0833333335,0.0,0.0,112
1,[],27,[],2019-05-22 20:27:29,1.0,0.00000001,0.00000000000079178,7670083,2019-05-22 20:27:29,btc,1.25032588,0.0,0.00000001,"btc,eth",1819.0,0.0,1e-08,112
1,[],4,[],2019-05-22 20:27:30,434974.56785411,0.00000103,0.00000000008155334000000001,7670084,2019-05-22 20:27:30,btc,4.544114997678071,0.0,0.00000103,btc,543626.49098081,0.05458565,0.2262233102496042,113
1,[],5,[],2019-05-22 20:27:31,0.0,0,0,7670085,2019-05-22 20:27:31,btc,0.0,1.06e-06,0,btc,0.0,0.0,0.0,113
1,[],17,[],2019-04-26 02:17:47,162738.278,0.00000004,0.0000000000021069000000000002,7461287,2019-04-26 02:17:47,btc,1.3331140273775473,0.0,0.00000004,btc,51796.221,0.0,0.00230953112,116
1,[],27,[],2019-05-22 05:13:01,210000.0,0.00000001,0.00000000000079145,7666372,2019-05-22 05:13:01,btc,3919.0005001478,0.0,0.00000001,btc,128660.871,0.0,0.0021,116
1,[],4,[],2019-05-21 22:31:11,138169.03963019,0.00000701,0.000000000558364025,7664793,2019-05-21 22:31:11,btc,150.95388250938234,0.0,0.00000701,btc,344631.17141974,0.07552974,0.4288357684941946,120
1,[],7,[],2019-05-21 22:31:12,3901.07750076,0.000010679999999999999389654892212320191902108490467071533203125,0.0000000008506887,7664794,2019-05-21 22:31:12,btc,231188.94669936574,0.0,0.000010679999999999999389654892212320191902108490467071533203125,btc,4133.83151364,0.0,0.0113888422364489,120
1,[],20,[],2019-04-07 18:42:29,1914137.0852,0.000000035,0.0000000000017871910000000002,7211992,2019-04-07 18:42:29,btc,32.2497668025648,25528.85,0.000000035,btc,1001975.4986,0.00089350975,0.0152723574729,125
1,[],22,[],2019-05-22 20:27:34,10000.0,0.00000001,0.00000000000079178,7670086,2019-05-22 20:27:34,BTC,0.032061,0.0,0.00000001,BTC,299316.7611111111,0.0,0.0001,126
1,[],4,[],2019-05-22 20:27:35,2176553.00547609,0.00000567,0.00000000044893926,7670087,2019-05-22 20:27:35,btc,3.226548200903581,0.0,0.00000567,btc,174621.90988066,0.10245306,0.4420060032702349,131
0,[],2,[],2019-01-20 23:25:46,0.0,0,0,6476969,2019-01-20 23:25:46,,0.0,0.0,0,,0.0,0.0,0.0,131
1,[],17,[],2019-05-03 01:13:10,10000.0,0.00000001,0.000000000000548003,7559115,2019-05-03 01:13:10,btc,0.0953976503951408,0.0,0.00000001,btc,5037.62507334,0.0,0.0001,131
1,[],4,[],2019-05-22 19:52:54,4792.51439874,0.00007917,0.000000006238025976,7669927,2019-05-22 19:52:54,btc,5.032821181561925,0.0,0.00007917,btc,203.84599175,0.00475052,0.009759066649457,135
1,[],3,[],2019-05-22 18:32:53,456341.0025,0.00000002,0.00000000000158131,7669561,2019-05-22 18:32:53,btc,0.2168360115270351,986846.107254,0.00000002,btc,1789524.65154488,0.0,0.004663410025,136
1,[],4,[],2019-05-22 19:52:56,2332834.19426879,0.00000198,0.000000000156009744,7669928,2019-05-22 19:52:56,btc,106.76882500146567,0.0,0.00000198,btc,443409.41501288,0.01278847,0.4973778402306863,137
1,[],12,[],2019-05-22 19:52:58,317841.65546885,0.0000018500000000000000751026844880708921436962555162608623504638671875,0.00000000014576668,7669929,2019-05-22 19:52:58,btc,48559.01700615336,0.0,0.0000018500000000000000751026844880708921436962555162608623504638671875,btc,69874.11552573,5.55e-06,0.025350185727144,137
1,[],4,[],2019-05-22 19:52:59,86407.28348015,0.00001711,0.0000000013481448079999999,7669930,2019-05-22 19:52:59,btc,8.28279607682334,0.0,0.00001711,btc,140545.35872225,0.55991326,0.8513153152130857,142
1,[],5,[],2019-05-22 19:53:00,0.0,0,0,7669931,2019-05-22 19:53:00,btc,0.0,0.02489942,0,btc,0.0,0.0,0.0,142
1,[],22,[],2019-05-22 19:55:06,11028.645,0.00001000,0.000000000787928,7669932,2019-05-22 19:55:06,BTC,3.2754788,0.0,0.00001000,BTC,1133.9993657797618,0.0,0.00745365,142
0.0,[],25,[],2019-05-22 19:55:07,0.0,0,0,7669933,2019-05-22 19:55:07,,0.0,0.0,0.0,btc,0.0,0.0,0.0,142
0,[],28,[],2019-05-22 19:55:09,0.0,0,0,7669934,2019-05-22 19:55:09,,0.0,0.0,0,,0.0,0.0,0.0,142
1,[],17,[],2019-05-03 01:13:16,32967.38636364,0.00000088,0.000000000048224264,7559122,2019-05-03 01:13:16,btc,20.06976206696776,0.0,0.00000088,btc,2746.079105,0.0,0.0105613000000032,142
1,[],20,[],2019-05-22 19:10:13,220422.2904,0.00001551,0.000000001224125199,7669728,2019-05-22 19:10:13,btc,1.6083339133434,0.0,0.00001551,btc,9788.8796,0.0,0.037938337201,142
0,[],22,[],2019-05-22 19:55:11,0.0,0,0,7669935,2019-05-22 19:55:11,,64.8900911,0.0,0,,759279522.8,0.0,0.0,143
0,[],22,[],2019-02-25 15:42:22,0.0,0,0,6783783,2019-02-25 15:42:22,,4.2131946,0.0,0,,2322156.0,0.0,0.0,146
,[],22,[],2018-11-20 23:01:11,0.0,0,0,4862114,2018-11-20 23:01:11,,2.56807021,0.0,,,61828.4988236,0.0,0.0,147
1,[],12,[],2019-04-21 06:38:04,193091.5971266,0.00000071,0.000000000037635183,7388679,2019-04-21 06:38:04,btc,2.301232411611175,0.0,0.00000071,btc,9957.48302385,0.00023528,0.0313308199999888,148
1,[],4,[],2019-03-19 21:31:25,255810.0415942,0.00000029,0.000000000011615747,6982695,2019-03-19 21:31:25,btc,218.94922712414143,0.0,0.00000029,btc,793529.37642722,0.00117,0.0608347789473395,152
0,[],22,[],2019-03-19 21:31:27,0.0,0,0,6982696,2019-03-19 21:31:27,,0.0,0.0,0,,0.0,0.0,0.0,152
1,[],5,[],2019-04-26 09:36:59,0.0,0,0,7465040,2019-04-26 09:36:59,btc,0.0,0.0,0,btc,0.0,0.0,0.0,153
,[],16,[],2019-01-11 15:38:59,0.0,0,0,6366141,2019-01-11 15:38:59,btc,0.0,0.0,,btc,0.0,0.0,0.0,155
0,[],22,[],2019-05-22 20:29:38,0.0,0,0,7670088,2019-05-22 20:29:38,,6.80428951,0.0,0,,4678201.942592593,0.0,0.0,156
0,[],23,[],2019-01-20 23:24:29,0.0,0,0,6476932,2019-01-20 23:24:29,,0.0,0.0,0,,0.0,0.0,0.0,156
1,[],22,[],2019-05-22 19:57:17,7066.0,0.00000800,0.0000000006303424,7669937,2019-05-22 19:57:17,BTC,1.79802465,0.0,0.00000800,BTC,802.6461988741639,0.0,0.00062996,157
0,[],22,[],2019-05-21 23:40:32,0.0,0,0,7665049,2019-05-21 23:40:32,,50234.60468402,0.0,0,,54786159.03179465,0.0,0.0,158
,[],17,[],2018-11-20 22:56:10,0.0,0,0,4861976,2018-11-20 22:56:10,btc,1.1265625,0.0,,btc,1000.0,0.0,0.0,159
,[],20,[],2018-11-20 22:56:12,0.0,0,0,4861977,2018-11-20 22:56:12,btc,11912.7940471,0.0,,btc,34413894.3617,0.0,0.0,159
1,[],12,[],2019-05-22 19:57:19,261375.19196751,0.00000368999999999999982243262079684154031156140263192355632781982421875,0.000000000290745432,7669938,2019-05-22 19:57:19,btc,26.36222372971816,0.0,0.00000368999999999999982243262079684154031156140263192355632781982421875,btc,9098.39273726,0.0129501535817076,0.039043562770881,168
1,[],17,[],2019-05-03 01:13:36,42852.0,0.00000002,0.000000000001096006,7559132,2019-05-03 01:13:36,btc,0.04279856251542,0.0,0.00000002,btc,274.46171372,0.0,0.00052852,168
1,[],22,[],2019-05-17 03:01:52,10.0,0.00000001,0.000000000000778341,7642059,2019-05-17 03:01:52,BTC,41.95893009,0.0,0.00000001,BTC,1753972.7737547632,0.0,1e-07,169
1,[],22,[],2019-05-22 19:59:22,291021.0,0.00000005,0.0000000000039396399999999996,7669939,2019-05-22 19:59:22,BTC,27.86150319,0.0,0.00000005,BTC,448912.7670123178,4e-06,0.00575725,171
1,[],22,[],2019-05-22 19:59:27,389395.0,0.00000002,0.000000000001575856,7669940,2019-05-22 19:59:27,BTC,24.3994402,0.0,0.00000002,"BTC,LTC",1037115.9936183414,0.00234413,0.0054799,173
1,[],5,[],2019-05-22 19:59:29,0.0,0,0,7669941,2019-05-22 19:59:29,btc,0.0,0.0254247,0,btc,0.0,0.0,0.0,175
1,[],22,[],2019-05-22 19:59:32,90671.0,0.00000001,0.000000000000787928,7669942,2019-05-22 19:59:32,BTC,394.35459412,0.0,0.00000001,BTC,136275.61833431243,0.0,0.00090671,176
1,[],7,[],2019-05-22 19:59:34,0.0,0,0,7669943,2019-05-22 19:59:34,btc,521274.2789985829,999.90881093,0,btc,28589999.08886602,1e-05,0.0,178
0,[],22,[],2019-05-22 19:59:37,0.0,0,0,7669944,2019-05-22 19:59:37,,1.00242428,0.0,0,,57512.0,0.0,0.0,178
0,[],2,[],2019-01-20 23:28:34,0.0,0,0,6477001,2019-01-20 23:28:34,,0.0,0.0,0,,0.0,0.0,0.0,178
0,[],23,[],2019-01-20 23:25:08,0.0,0,0,6476952,2019-01-20 23:25:08,,0.0,0.0,0,,0.0,0.0,0.0,179
1,[],5,[],2019-05-22 19:59:38,0.0,0,0,7669945,2019-05-22 19:59:38,btc,0.0,0.03757643,0,btc,0.0,0.0,0.0,179
0,[],22,[],2019-05-22 19:59:40,0.0,0,0,7669946,2019-05-22 19:59:40,,5.31166582,0.0,0,,13426632.811946675,0.0,0.0,179
1,[],22,[],2019-05-22 20:01:44,664877.7982683983,0.00000131,0.000000000103218568,7669947,2019-05-22 20:01:44,BTC,39.24466091,0.0,0.00000131,"BTC,LTC",118149.50155393437,0.11018386,0.56602041,180
1,[],26,[],2019-05-22 20:01:45,0.0,0.00000250,0.000000000196982,7669948,2019-05-22 20:01:45,btc,0.0,100.0,0.00000250,btc,0.0,0.0,0.0,180
1,[],17,[],2019-05-03 01:13:56,20504.725000000002,0.0000001,0.00000000000548003,7559141,2019-05-03 01:13:56,btc,5.2010695838400265,0.0,0.0000001,btc,5033.45945,0.0,0.0011504725,180
,[],7,[],2018-11-20 22:58:01,562227.975654,0.00000085,0.000000000036176765,4862015,2018-11-20 22:58:01,btc,21836.6059674,2491.87645172,,btc,749999.041456,0.00211021,0.127565380455,183
,[],5,[],2019-01-10 08:11:41,0.0,0,0,6347036,2019-01-10 08:11:41,btc,82.15055501,0.00261,,btc,1.19002445,0.0,0.0,187
,[],17,[],2018-11-16 20:58:10,4062536.27273,0.00000001,0.000000000000550501,4708775,2018-11-16 20:58:10,btc,3.36492563466,0.195460381006,,"btc,eth",110697919.549,0.0,0.0157628953496,187
1,[],24,[],2019-05-22 20:01:45,0.0,0.000000000014,0.0000000000000011030992,7669949,2019-05-22 20:01:45,btc,0.0,0.0,0.000000000014,btc,0.0,0.0,0.0,187
0,[],22,[],2019-04-25 02:54:07,0.0,0,0,7447896,2019-04-25 02:54:07,,7.54794454,0.0,0,,76361.7243344055,0.0,0.0,191
0,[],22,[],2019-05-22 20:01:49,0.0,0,0,7669950,2019-05-22 20:01:49,,0.0,0.0,0,,0.0,0.0,0.0,197
0,[],23,[],2019-01-20 23:31:41,0.0,0,0,6477079,2019-01-20 23:31:41,,0.0,0.0,0,,0.0,0.0,0.0,199
0,[],22,[],2019-05-22 20:01:52,0.0,0,0,7669951,2019-05-22 20:01:52,,10.16019194,0.0,0,,81003964.0,0.0,0.0,199
1,[],26,[],2019-05-22 20:01:52,0.0,0.00000000,0,7669952,2019-05-22 20:01:52,btc,0.0,0.0,0.00000000,btc,0.0,0.0,0.0,199
0,[],2,[],2019-01-20 23:30:49,0.0,0,0,6477059,2019-01-20 23:30:49,,0.0,0.0,0,,0.0,0.0,0.0,201
1,[],4,[],2019-01-25 15:51:35,2084389.58565343,0.00000936,0.000000000333526752,6499557,2019-01-25 15:51:35,btc,2.0092503037378524,0.0,0.00000936,btc,160195.80207885,0.19272417,1.242687955921835,211
1,[],7,[],2019-05-22 20:01:56,26818860.67614856,0.00000052,0.000000000040972256,7669953,2019-05-22 20:01:56,btc,15200507.798357563,91849.1260562,0.00000052,btc,9945720.81230921,0.0,1.843075339678231,212
1,[],12,[],2019-01-25 02:44:32,207462.42853209,0.000001080000000000000035831255497387193287295303889550268650054931640625,0.000000000038610756000000006,6493050,2019-01-25 02:44:32,btc,85023.03793723314,0.0,0.000001080000000000000035831255497387193287295303889550268650054931640625,btc,43675.73520027,0.000146250909087,0.0348620860622024,213
1,[],5,[],2019-05-22 20:01:58,0.0,0,0,7669954,2019-05-22 20:01:58,btc,0.0,0.08083104,0,btc,0.0,0.0,0.0,213
1,[],24,[],2019-05-22 20:01:58,0.0,0.000000090000,0.000000000007091352,7669955,2019-05-22 20:01:58,btc,0.0,0.0,0.000000090000,btc,0.0,0.0,0.0,213
1,[],26,[],2019-05-22 20:01:58,0.0,0.00000040,0.000000000031517119999999996,7669956,2019-05-22 20:01:58,btc,0.0,9.8,0.00000040,btc,0.0,0.0,0.0,213
0,[],22,[],2019-05-22 20:02:00,0.0,0,0,7669957,2019-05-22 20:02:00,,9.61085386,0.0,0,,3301587.094064925,0.0,0.0,216
0,[],27,[],2019-05-22 20:02:20,0.0,0,0,7669958,2019-05-22 20:02:20,,64.7906100942022,100.0,0,"btc,ltc",361984.38578,1e-06,0.0,216
1,[],22,[],2019-05-22 20:02:23,270183.0,0.0000002,0.000000000015758559999999998,7669959,2019-05-22 20:02:23,BTC,12054.76999005,0.0,0.0000002,BTC,436804.9742368379,0.01165862,0.02810684,217
1,[],7,[],2019-05-22 20:02:25,0.0,0,0,7669960,2019-05-22 20:02:25,btc,123413.63642914686,0.0,0,btc,137861172.55575436,0.0,0.0,219
0,[],27,[],2019-05-22 20:02:39,0.0,0,0,7669961,2019-05-22 20:02:39,,0.105466823472,0.0,0,btc,3058319.8967,0.0,0.0,219
0,[],28,[],2019-05-22 20:02:41,0.0,0,0,7669962,2019-05-22 20:02:41,,0.0,13990.0,0,,0.0,0.0,0.0,219
1,[],22,[],2019-05-22 20:02:45,172069.0,0.00000004,0.000000000003151712,7669963,2019-05-22 20:02:45,BTC,56.76466137,0.0,0.00000004,BTC,127061.6482738741,0.0,0.00393676,221
1,[],24,[],2019-05-22 20:02:45,0.0,0.000000010000,0.000000000000787928,7669964,2019-05-22 20:02:45,btc,0.0,0.0,0.000000010000,btc,0.0,0.0,0.0,221
1,[],20,[],2019-05-22 20:02:47,18151240.8146,0.000000003,0.0000000000002363784,7669965,2019-05-22 20:02:47,btc,100050.30277901283,1217060.3818,0.000000003,btc,40713023.8166,0.0044837952789,0.0205685052714,224
0,[],22,[],2019-05-22 20:02:50,0.0,0,0,7669966,2019-05-22 20:02:50,,0.0,0.0,0,,0.0,0.0,0.0,224
1,[],26,[],2019-05-22 20:02:51,0.0,0.00000026,0.000000000020486128,7669967,2019-05-22 20:02:51,btc,0.0,0.0,0.00000026,btc,0.0,0.0,0.0,231
1,[],26,[],2019-05-22 20:02:51,0.0,0.00000006,0.000000000004727568,7669968,2019-05-22 20:02:51,btc,0.0,300.0,0.00000006,btc,0.0,0.0,0.0,234
0,[],27,[],2019-05-22 20:03:02,0.0,0,0,7669969,2019-05-22 20:03:02,,0.01134836604,0.0,0,"btc,eth",11462.996,0.0,0.0,234
1,[],4,[],2019-05-22 17:06:12,91780.56053785,0.00000078,0.000000000061977552,7669277,2019-05-22 17:06:12,btc,5.573372450018177,0.0,0.00000078,btc,729173.93529783,0.0,0.0307060663355679,236
1,[],24,[],2019-05-22 17:06:12,0.0,0.000000010000,0.000000000000794584,7669278,2019-05-22 17:06:12,btc,0.0,0.0,0.000000010000,btc,0.0,0.0,0.0,236
1,[],5,[],2019-05-22 20:03:03,0.0,0,0,7669970,2019-05-22 20:03:03,btc,0.0,0.05863049,0,btc,0.0,0.0,0.0,237
1,[],20,[],2019-05-22 20:03:05,120918842.1473,0.000000045,0.000000000003545676,7669971,2019-05-22 20:03:05,btc,58793.150268095196,17260451.7208,0.000000045,btc,42158773.5777,0.829691645397,0.511481782413,237
1,[],22,[],2019-05-22 20:03:08,318000.0,0.00000003,0.000000000002363784,7669972,2019-05-22 20:03:08,BTC,1.20267422,0.0,0.00000003,BTC,17930.94871794872,0.0,0.00934,237
1,[],4,[],2019-05-22 20:03:09,27556158.54600605,0.00000012,0.000000000009455136,7669973,2019-05-22 20:03:09,btc,2.955272086005219,0.0,0.00000012,btc,9724529.01779901,0.03410755,0.6093392477556449,238
1,[],5,[],2019-05-22 20:03:10,0.0,0,0,7669974,2019-05-22 20:03:10,btc,0.0,0.00594511,0,btc,0.0,0.0,0.0,238
0,[],22,[],2019-03-12 16:49:32,0.0,0,0,6914458,2019-03-12 16:49:32,,0.40415746,0.0,0,,526736.5639027493,0.0,0.0,249
0,[],22,[],2019-05-22 20:03:14,0.0,0,0,7669975,2019-05-22 20:03:14,,13.40451957,0.0,0,,41944503.3426455,0.0,0.0,252
0,[],28,[],2019-05-22 20:03:16,0.0,0,0,7669976,2019-05-22 20:03:16,,0.0,249166.7,0,,0.0,0.0,0.0,256
1,[],22,[],2019-05-22 20:03:20,1052904.0,0.00000001,0.000000000000787928,7669977,2019-05-22 20:03:20,BTC,21.85868945,0.0,0.00000001,BTC,533933.7509808998,0.00045692,0.01052904,258
1,[],22,[],2019-05-19 18:12:02,400.0,0.00000001,0.0000000000007957800000000001,7653905,2019-05-19 18:12:02,BTC,2.415167,0.0,0.00000001,BTC,157.0,0.0,4e-06,259
1,[],5,[],2019-05-22 20:03:23,0.0,0,0,7669978,2019-05-22 20:03:23,btc,0.0,0.07787933,0,btc,0.0,0.0,0.0,264
1,[],20,[],2019-05-22 20:03:24,906057.4831,0.000000451,0.0000000000355355528,7669979,2019-05-22 20:03:24,btc,1.0292174019974,36634.6264,0.000000451,btc,121732.2236,0.027312249134,0.0085742263111,264
0,[],22,[],2019-04-12 17:57:27,0.0,0,0,7278186,2019-04-12 17:57:27,,66.37522201,0.0,0,,677842.4169881374,0.0,0.0,271
0,[],22,[],2019-05-22 20:03:27,0.0,0,0,7669980,2019-05-22 20:03:27,,33050467.4724609,0.0,0,,14361462970.7,0.0,0.0,272
0,[],28,[],2019-05-22 20:03:29,0.0,0,0,7669981,2019-05-22 20:03:29,,0.0,32807058493.787,0,,0.0,0.0,0.0,272
1,[],22,[],2019-05-22 20:03:32,219930.0,0.00000004,0.000000000003151712,7669982,2019-05-22 20:03:32,BTC,426.77835217,0.0,0.00000004,BTC,248664.3325962929,0.0,0.00739728,281
1,[],22,[],2019-05-22 20:03:37,1102061.1,0.00000003,0.000000000002363784,7669983,2019-05-22 20:03:37,BTC,2.64781496,0.0,0.00000003,"BTC,LTC",814870.03032866,0.00096621,0.03682324,286
0,[],22,[],2019-05-22 20:03:39,0.0,0,0,7669984,2019-05-22 20:03:39,,7337890.5475411,0.0,0,,1584356788.7797825,0.0,0.0,294
