pairValue,buyBook,exchangeId,sellBook,updated,buyTotal,satoshiPrice,usdPrice,exchangeLogId,created,bestPair,sellTotalBtc,volume,pairPrice,activePairs,sellTotal,volumeBtc,buyTotalBtc,coinId
1,[],3,[],2019-05-31 20:01:28,68.917103971523,0.01109451000000000013556711309092861483804881572723388671875,0.0000009379620494790001,7719377,2019-05-31 20:01:28,btc,1.7716202498603808,42.4468595883,0.01109451000000000013556711309092861483804881572723388671875,btc,21.700066978386,0.0,0.23120304976036055,1
1,[],4,[],2019-05-31 20:01:29,207689.71445526,0.01098363,0.0000009285879327270002,7719378,2019-05-31 20:01:29,btc,7.6280356595701715,0.0,0.01098363,btc,300.22303988,1.22959828,0.6113382638242553,1
1,[],5,[],2019-05-31 20:01:31,0.0,0,0,7719379,2019-05-31 20:01:31,btc,0.0,0.00843505,0,btc,0.0,0.0,0.0,1
0,[],2,[],2019-01-20 23:28:45,0.0,0,0,6477011,2019-01-20 23:28:45,,0.0,0.0,0,,0.0,0.0,0.0,1
1,[],10,[],2019-05-31 20:01:34,312486.75501668,0.00695,0.000000587573155,7719380,2019-05-31 20:01:34,btc,6520.159664124144,1656.54964712,0.00695,btc,1209.4270573,0.0,2.3707416570685473,1
1,[],12,[],2019-05-31 20:01:36,79.57293679,0.01101000000000000068889338677990963333286345005035400390625,0.0000009308173290000001,7719381,2019-05-31 20:01:36,btc,0.1772153203419,0.0,0.01101000000000000068889338677990963333286345005035400390625,btc,15.30156008,0.008390771007,0.3401181219508,1
1,[],20,[],2019-05-31 20:01:38,934.3553,0.00920886,0.0000007785437300940001,7719382,2019-05-31 20:01:38,btc,0.2238080820174,0.5116,0.00920886,btc,17.3543,0.0054077113918,0.1015779369544,1
1,[],21,[],2019-05-31 20:01:40,2064.46397998,0.01096071000000000024432456058,0.0000009266502094590001,7719383,2019-05-31 20:01:40,btc,11.073276249253242,5273.71068052,0.01096071000000000024432456058320894953794777393341064453125,"btc,eth",1391.84976544,50.21298298328578,18.798040330673974,1
1,[],22,[],2019-05-31 20:01:43,0.0025666666666666667,0.00900000,0.0000007608861000000001,7719384,2019-05-31 20:01:43,BTC,0.31629903,0.0,0.00900000,BTC,0.2505752479991019,0.0,2.31e-05,1
1,[],24,[],2019-05-31 20:01:43,0.0,0.000000000000,0,7719385,2019-05-31 20:01:43,btc,0.0,0.0,0.000000000000,btc,0.0,0.0,0.0,1
0.0,[],25,[],2019-05-31 20:01:44,0.0,0,0,7719386,2019-05-31 20:01:44,btc,10.959999999251268,1466.27288929,0.0,btc,920.91935089,16.255,0.0,1
1,[],26,[],2019-05-31 20:01:47,0.0,0,0,7719387,2019-05-31 20:01:47,,0.0,0.0,0,,0.0,0.0,0.0,1
0,[],28,[],2019-05-31 20:02:37,0.0,0,0,7719388,2019-05-31 20:02:37,,0.0,320218.55,0,,0.0,0.0,0.0,1
1,[],5,[],2019-05-31 20:02:39,0.0,0,0,7719389,2019-05-31 20:02:39,btc,0.0,0.00564114,0,btc,0.0,0.0,0.0,2
0,[],22,[],2019-05-31 20:02:41,0.0,0,0,7719390,2019-05-31 20:02:41,,0.0,0.0,0,,0.0,0.0,0.0,2
1,[],5,[],2019-05-31 20:02:43,0.0,0,0,7719391,2019-05-31 20:02:43,btc,0.0,1.01886228,0,btc,0.0,0.0,0.0,3
1,[],12,[],2019-05-31 20:02:45,1243881.47821,0.00000012,0.000000000010145148,7719392,2019-05-31 20:02:45,btc,169517.44719410772,0.0,0.00000012,btc,2749729.94378469,0.187559012463,0.09249510806709,3
0,[],28,[],2019-05-31 20:02:46,0.0,0,0,7719393,2019-05-31 20:02:46,,0.0,0.0,0,,0.0,0.0,0.0,3
0,[],2,[],2019-01-20 23:31:32,0.0,0,0,6477077,2019-01-20 23:31:32,,0.0,0.0,0,,0.0,0.0,0.0,4
1,[],4,[],2019-05-18 21:29:50,562734.9206932,0.00000010,0.000000000007298720000000001,7650946,2019-05-18 21:29:50,btc,41.9347137769675,0.0,0.00000010,btc,1123702.32192634,0.00052462,0.029254593370966,4
0,[],12,[],2019-05-31 15:28:58,0.0,0,0,7718044,2019-05-31 15:28:58,btc,625.898585084995,0.0,0,btc,1199611.4995005,0.0,0.0,5
0,[],2,[],2019-01-20 23:31:51,0.0,0,0,6477087,2019-01-20 23:31:51,,0.0,0.0,0,,0.0,0.0,0.0,6
1,[],11,[],2019-05-31 20:02:48,9060347.776736,0.00000002,0.0000000000016908580000000002,7719394,2019-05-31 20:02:48,btc,9582.923594042944,15000.0,0.00000002,btc,68497546.46260394,0.0,0.13675210276736,6
1,[],3,[],2019-05-31 20:02:49,12222.13995091846,0.000088889999999999997661037642870951458462513983249664306640625,0.000000007515018381000001,7719395,2019-05-31 20:02:49,btc,0.04907868887475279,176.533509258,0.000088889999999999997661037642870951458462513983249664306640625,btc,173.200158434518,0.0,0.023148944159672613,7
1,[],4,[],2019-05-31 20:02:50,320358.48288021,0.00009217,0.000000007792319093000001,7719396,2019-05-31 20:02:50,btc,9.329535531322826,0.0,0.00009217,btc,54356.86880117,3.59443024,1.903484468850765,7
1,[],5,[],2019-05-31 20:02:51,0.0,0,0,7719397,2019-05-31 20:02:51,btc,0.0,0.47893667,0,btc,0.0,0.0,0.0,7
1,[],20,[],2019-04-07 22:06:50,3201475.0482,0.000000001,0.000000000000051590000000000004,7213932,2019-04-07 22:06:50,btc,30.8005781811902,0.0,0.000000001,btc,23077405.3926,0.0,0.0032014750482,8
0,[],2,[],2019-01-20 23:22:42,0.0,0,0,6476876,2019-01-20 23:22:42,,0.0,0.0,0,,0.0,0.0,0.0,9
0,[],23,[],2019-01-20 23:22:48,0.0,0,0,6476878,2019-01-20 23:22:48,,0.0,0.0,0,,0.0,0.0,0.0,9
1,[],1,[],2019-02-17 23:31:42,1822507.21,0.00000181000000000000003456111265232042484285557293333113193511962890625,0.000000000066086901,6701244,2019-02-17 23:31:42,btc,3.6990969245,17153386.5,0.00000181000000000000003456111265232042484285557293333113193511962890625,btc,1997391.71,31.11772986,3.2610482446,9
1,[],4,[],2019-05-31 20:02:53,21862169.99156155,0.00000048,0.000000000040580592,7719398,2019-05-31 20:02:53,btc,3.831428122031655,0.0,0.00000048,btc,3418601.84829264,0.36749932,0.401343550328452,9
0,[],28,[],2019-05-31 20:03:42,0.0,0,0,7719399,2019-05-31 20:03:42,,0.0,3633611.0,0,,0.0,0.0,0.0,9
1,[],4,[],2019-02-17 11:22:43,4341674.27126056,0.00000002,0.0000000000007272960000000001,6696112,2019-02-17 11:22:43,btc,0.1997230937751353,0.0,0.00000002,btc,4109766.79808031,0.00215132,0.0479381022052112,10
0,[],2,[],2019-01-20 23:23:08,0.0,0,0,6476890,2019-01-20 23:23:08,,0.0,0.0,0,,0.0,0.0,0.0,12
1,[],4,[],2019-05-31 20:03:43,6846510.35256097,0.00000045,0.000000000038044305,7719400,2019-05-31 20:03:43,btc,4.716013105789414,0.0,0.00000045,btc,4901408.86854406,0.96679761,1.039165318277272,12
1,[],5,[],2019-05-31 20:03:45,0.0,0,0,7719401,2019-05-31 20:03:45,btc,0.0,0.22963512,0,btc,0.0,0.0,0.0,12
0.0,[],25,[],2019-05-31 20:03:47,0.0,0,0,7719402,2019-05-31 20:03:47,,0.0,0.0,0.0,btc,0.0,0.0,0.0,12
1,[],10,[],2019-05-31 18:35:01,649879.95026152,0.00000545,0.0000000004602001800000001,7718955,2019-05-31 18:35:01,btc,666803.2890981371,20374.2666388,0.00000545,btc,870882.64789904,0.0,0.2319509660496428,13
1,[],4,[],2019-05-31 20:03:48,326668.19591089,0.00000570,0.0000000004818945300000001,7719403,2019-05-31 20:03:48,btc,1.7277765363150337,0.0,0.00000570,btc,222636.2084356,0.54098679,0.4314577222409466,13
1,[],21,[],2019-05-31 20:03:51,1997447.68694059,0.000005720000000000000291730615359,0.000000000483585388,7719404,2019-05-31 20:03:51,btc,2.3078722134717498,728583.89645954,0.0000057200000000000002917306153593646200761213549412786960601806640625,btc,358984.88626579,4.042606,8.370780386902581,13
0,[],17,[],2019-05-03 00:53:32,0.0,0,0,7558876,2019-05-03 00:53:32,btc,0.0,0.0,0,btc,0.0,0.0,0.0,14
1,[],4,[],2019-05-31 20:03:52,908418.47761594,0.00000079,0.00000000006678889100000001,7719405,2019-05-31 20:03:52,btc,4.531687905175879,0.0,0.00000079,btc,816152.35314815,0.01466208,0.0810273993299238,14
1,[],12,[],2019-05-31 20:03:54,135876.77130386,0.00000073,0.00000000006171631700000001,7719406,2019-05-31 20:03:54,btc,14.134150797843073,0.0,0.00000073,btc,21650.79261605,0.0,0.0151933299999721,14
1,[],26,[],2019-05-31 20:05:54,0.0,0.00000050,0.00000000004227145,7719407,2019-05-31 20:05:54,btc,0.0,0.0,0.00000050,btc,0.0,0.0,0.0,14
,[],12,[],2018-12-01 15:15:48,204241.84496,0.00000489,0.000000000202473384,5260204,2018-12-01 15:15:48,btc,49.5475654835,0.0,,btc,35763.2193806,0.0163153972027625,0.0203389899998,15
0,[],4,[],2019-05-31 20:05:55,0.0,0,0,7719408,2019-05-31 20:05:55,,0.0,0.0,0,,0.0,0.0,0.0,15
0,[],2,[],2019-01-20 23:23:38,0.0,0,0,6476906,2019-01-20 23:23:38,,0.0,0.0,0,,0.0,0.0,0.0,18
0,[],17,[],2019-05-03 00:53:39,0.0,0,0,7558882,2019-05-03 00:53:39,btc,0.0,0.0,0,btc,0.0,0.0,0.0,18
1,[],4,[],2019-05-31 20:05:56,34050.0029023,0.00001131,0.000000000956180199,7719409,2019-05-31 20:05:56,btc,0.9870345761265212,0.0,0.00001131,btc,12335.26170378,0.05170937,0.0773099336479744,18
1,[],10,[],2019-05-31 20:05:59,498060.82988404,0.00001243,0.0000000010508682470000001,7719410,2019-05-31 20:05:59,btc,15.338596737104272,2428.42282757,0.00001243,btc,13128.42602483,0.0,0.1523303676599383,18
1,[],12,[],2019-05-31 20:06:00,3266.30064021,0.000012310000000000000724086589298789107260745367966592311859130859375,0.0000000010407230990000001,7719411,2019-05-31 20:06:00,btc,0.40076998515748014,0.0,0.000012310000000000000724086589298789107260745367966592311859130859375,btc,1455.9362923,0.00027547675,0.0134326433276705,18
0,[],2,[],2019-01-20 23:24:19,0.0,0,0,6476924,2019-01-20 23:24:19,,0.0,0.0,0,,0.0,0.0,0.0,19
1,[],3,[],2019-05-31 20:08:01,149944.36174762907,0.0000050200000000000002175278186744566966126512852497398853302001953125,0.00000000042440535800000006,7719412,2019-05-31 20:08:01,btc,0.15687304756582846,3787.61204435,0.0000050200000000000002175278186744566966126512852497398853302001953125,btc,4308.510073322293,0.0,0.0535922354770217,19
1,[],4,[],2019-05-31 20:08:02,529586.46163417,0.00000814,0.0000000006881792060000001,7719413,2019-05-31 20:08:02,btc,3.978255106342799,0.0,0.00000814,btc,166919.98016957,0.07402861,0.5157640972975208,19
1,[],5,[],2019-05-31 20:08:03,0.0,0,0,7719414,2019-05-31 20:08:03,btc,0.0,0.00098835,0,btc,0.0,0.0,0.0,19
1,[],12,[],2019-05-31 20:08:05,15054.94650255,0.000007109999999999999688846986922730053493069135583937168121337890625,0.0000000006011000190000001,7719415,2019-05-31 20:08:05,btc,0.0578786397929066,0.0,0.000007109999999999999688846986922730053493069135583937168121337890625,btc,1662.44708164,0.000964805194,0.026834699999665,19
0,[],27,[],2019-05-31 20:08:15,0.0,0,0,7719416,2019-05-31 20:08:15,,0.0,0.0,0,btc,0.0,0.0,0.0,19
1,[],4,[],2019-05-31 20:08:17,10062076.88478525,0.00000007,0.0000000000059180030000000005,7719417,2019-05-31 20:08:17,btc,6.411239436602338,0.0,0.00000007,btc,2322306.93095912,0.0,0.1174938176872809,20
0,[],17,[],2019-05-03 00:53:51,0.0,0,0,7558891,2019-05-03 00:53:51,btc,0.0,0.0,0,btc,0.0,0.0,0.0,21
1,[],4,[],2019-05-31 20:08:18,12445027.12,0.00000001,0.0000000000008454290000000001,7719418,2019-05-31 20:08:18,btc,1736.548875811071,0.0,0.00000001,btc,67583669.92851575,0.11774461,0.1244502712,21
1,[],12,[],2019-05-31 20:08:18,2225192.0,0.00000001,0.0000000000008454290000000001,7719419,2019-05-31 20:08:18,btc,2566.5970608253547,0.0,0.00000001,btc,4928879.76723275,0.012624147481,0.02225192,21
1,[],12,[],2019-05-31 19:40:37,5192917389.0,0.0000000003,0.000000000000025282320000000003,7719270,2019-05-31 19:40:37,btc,709129508.4469236,0.0,0.0000000003,btc,3123458040.6749682,0.23457537723,1.1880782006,23
0.0000000003101839,[],27,[],2019-05-31 20:12:26,65257422.5039447,9.305517e-18,7.867153931793001e-22,7719420,2019-05-31 20:12:26,eth,105173.3082496228,89157470.85233605,0.00000003,eth,20027675.028,8.29656362067507e-10,3.797593693181929e-10,23
1,[],4,[],2019-05-31 20:12:27,1898826.11744521,0.00000027,0.000000000022826583000000002,7719421,2019-05-31 20:12:27,btc,10.62584400964341,0.0,0.00000027,btc,1713889.23538978,0.05728775,0.0655892680800101,24
1,[],22,[],2019-05-31 20:12:30,21.76,0.00000100,0.0000000000845429,7719422,2019-05-31 20:12:30,BTC,7.415e-05,0.0,0.00000100,BTC,23.919354838709676,0.0,1.186e-05,24
0.0,[],25,[],2019-05-31 20:12:31,0.0,0,0,7719423,2019-05-31 20:12:31,,0.0,0.0,0.0,btc,0.0,0.0,0.0,24
1,[],4,[],2019-05-31 20:12:32,26937961.62949891,0.00000485,0.00000000041003306500000004,7719424,2019-05-31 20:12:32,btc,14.554298919737546,0.0,0.00000485,btc,248090.76929585,0.09726869,0.4536412894255039,26
1,[],10,[],2019-05-31 20:12:34,149730.21257057,0.00000422,0.00000000035677103800000004,7719425,2019-05-31 20:12:34,btc,25.5871569991026,5489.72304119,0.00000422,btc,23616.01286637,0.0,0.035577559461039,26
0,[],2,[],2019-01-20 23:25:56,0.0,0,0,6476976,2019-01-20 23:25:56,,0.0,0.0,0,,0.0,0.0,0.0,26
1,[],3,[],2019-05-31 20:12:34,21937858.685043,0.00000001,0.0000000000008454290000000001,7719426,2019-05-31 20:12:34,btc,3.767003512255212,10187472.1857,0.00000001,btc,26161410.227760952,0.0,0.21937858685043,27
1,[],11,[],2019-05-31 20:12:36,2110243.08157834,0.00000002,0.0000000000016908580000000002,7719427,2019-05-31 20:12:36,btc,67503.04527066177,19676.5543251,0.00000002,btc,6588861.32608848,0.0,0.0211134458157834,27
1,[],5,[],2019-04-26 09:47:06,0.0,0,0,7465326,2019-04-26 09:47:06,btc,0.0,0.0,0,btc,0.0,0.0,0.0,27
1,[],4,[],2019-05-31 20:12:37,1085117953.114505,0.00000001,0.0000000000008454290000000001,7719428,2019-05-31 20:12:37,btc,4.860856424866701,0.0,0.00000001,"btc,ltc",295637807.73558545,0.01681385,7.483850850259432,29
1,[],7,[],2019-05-31 20:12:40,85451021.33155985,0.00000001,0.0000000000008454290000000001,7719429,2019-05-31 20:12:40,btc,46548272.13013127,95984.0758483,0.00000001,btc,35155311.87205832,0.00095984,0.8545102133155985,29
1,[],4,[],2019-05-31 20:12:41,15262083.35130119,0.00000007,0.0000000000059180030000000005,7719430,2019-05-31 20:12:41,btc,2.598792341939883,0.0,0.00000007,btc,2103132.23973194,0.0,0.1699638309365784,30
0,[],17,[],2019-05-03 01:11:25,0.0,0,0,7559066,2019-05-03 01:11:25,btc,0.0,0.0,0,btc,0.0,0.0,0.0,30
1,[],4,[],2019-05-31 20:14:42,106030.60458878,0.00004489,0.000000003795130781,7719431,2019-05-31 20:14:42,btc,3.3774405244901846,0.0,0.00004489,btc,45309.65452415,1.10360389,0.5125145310724678,31
1,[],21,[],2019-05-31 20:14:42,170293.79191196,0.00004600000000000000003599551213,0.000000003888973400000001,7719432,2019-05-31 20:14:42,btc,6.8272125682280045,179204.21267432,0.0000460000000000000000359955121265187472090474329888820648193359375,btc,134612.59128364,7.75570454,6.236874773402301,31
0,[],2,[],2019-01-20 23:28:43,0.0,0,0,6477009,2019-01-20 23:28:43,,0.0,0.0,0,,0.0,0.0,0.0,32
0,[],4,[],2019-05-31 20:14:44,0.0,0,0,7719433,2019-05-31 20:14:44,,0.0,0.0,0,,0.0,0.0,0.0,33
1,[],12,[],2019-03-30 07:55:10,40641173.964,0.00000003,0.000000000001228359,7108785,2019-03-30 07:55:10,btc,4233210.82356125,0.0,0.00000003,btc,28378394.68333462,0.0126927883965248,0.90752895892,33
0.0000000001307193,[],4,[],2019-05-31 20:14:45,509790226.4487445,3.2679825e-17,2.7628471769925004e-21,7719434,2019-05-31 20:14:45,ltc,3.6059298381128224,0.0,0.00000025,ltc,154131884.42650115,0.00124777,2.0349702956288622e-09,34
1,[],5,[],2019-05-31 20:14:47,0.0,0,0,7719435,2019-05-31 20:14:47,btc,0.0,2e-05,0,btc,0.0,0.0,0.0,34
0.0000000002926451,[],17,[],2019-05-02 18:17:47,200000.0,2.9264510000000002e-18,1.596703856561e-22,7556430,2019-05-02 18:17:47,eth,0.20942468735267253,0.0,0.00000001,"btc,eth",1018272.20243647,0.0,5.852902e-13,36
0.0000000001311821,[],4,[],2019-05-31 13:28:19,2417517744.0607657,1.311821e-18,1.105058333085e-22,7717483,2019-05-31 13:28:19,ltc,5.019900492391546e-08,0.0,0.00000001,ltc,7102398142.262129,0.0,3.171350544531538e-09,36
1,[],5,[],2019-05-31 13:28:21,0.0,0,0,7717484,2019-05-31 13:28:21,btc,0.0,0.0,0,btc,0.0,0.0,0.0,36
0.0000000003108179,[],27,[],2019-05-31 13:30:34,10388811.226876,6.216358000000001e-18,5.236566733830001e-22,7717485,2019-05-31 13:30:34,eth,1569.8708019850988,761866.634299,0.00000002,"ltc,eth",5084024.2511555,4.736034912207001e-12,3.3251980286483705e-11,36
1,[],4,[],2019-05-31 20:14:47,9867894.37880113,0.00000015,0.000000000012681435000000001,7719436,2019-05-31 20:14:47,btc,19772.520822649083,0.0,0.00000015,btc,730230.57933135,0.00760867,0.1203417714913695,37
1,[],12,[],2019-05-31 20:14:48,3595986.36528572,0.00000019,0.000000000016063151000000004,7719437,2019-05-31 20:14:48,btc,12.423057294765249,0.0,0.00000019,btc,1003968.12068768,0.017476295205,0.1616004661442866,37
1,[],27,[],2019-05-31 20:16:56,6137.0,0.00000016,0.000000000013526864000000001,7719438,2019-05-31 20:16:56,btc,24.12337022903233,50.0,0.00000016,btc,5792.49438508,8e-06,0.00075592,37
1,[],17,[],2019-05-03 01:11:36,211752.74075282,0.00000025,0.000000000013700074999999998,7559074,2019-05-03 01:11:36,btc,0.055484923955058496,0.0,0.00000025,"btc,eth",1387.19918473,0.0,0.0005381851887916605,37
1,[],5,[],2019-05-31 20:16:58,0.0,0,0,7719439,2019-05-31 20:16:58,btc,0.0,0.00099316,0,btc,0.0,0.0,0.0,42
1,[],12,[],2019-05-31 20:16:59,124167.72831349,0.00000092,0.000000000077779468,7719440,2019-05-31 20:16:59,btc,24.790291023857595,0.0,0.00000092,btc,72319.88087489,0.002986581288,0.0408065099999605,42
1,[],27,[],2019-05-31 20:17:07,506.0,0.00000002,0.0000000000016908580000000002,7719441,2019-05-31 20:17:07,btc,0.07600425,0.0,0.00000002,"btc,eth",18.0,0.0,6.000000325879205e-06,42
1,[],12,[],2019-03-13 09:13:29,1112112.0,0.00000001,0.000000000000386531,6919902,2019-03-13 09:13:29,btc,29058.00478931866,0.0,0.00000001,btc,5967681.93306694,9.99000999e-07,0.01112112,43
1,[],5,[],2019-04-26 22:38:52,0.0,0,0,7474154,2019-04-26 22:38:52,btc,0.0,0.02638891,0,btc,0.0,0.0,0.0,43
0,[],17,[],2019-04-26 22:38:53,0.0,0,0,7474155,2019-04-26 22:38:53,btc,0.0,0.0,0,btc,0.0,0.0,0.0,43
1,[],12,[],2019-03-05 01:54:08,639326.02,0.00000004,0.000000000001486676,6845775,2019-03-05 01:54:08,btc,11116042.728239931,0.0,0.00000004,btc,1103841.4595604,0.0003330765234764,0.014975410599999999,44
1,[],4,[],2019-05-31 20:17:08,111324070.0006371,0.00000001,0.0000000000008454290000000001,7719442,2019-05-31 20:17:08,btc,303169.60581358604,0.0,0.00000001,"btc,ltc",28272947.90928054,0.00619838,0.0353073071920096,49
0.0000000001307193,[],4,[],2019-05-31 20:17:09,130781142.18563962,3.3987018e-17,2.8733610640722006e-21,7719443,2019-05-31 20:17:09,ltc,22049.95923301907,0.0,0.00000026,ltc,159342928.33297324,0.0,1.2823794195151162e-09,52
0,[],22,[],2019-05-31 20:17:12,0.0,0,0,7719444,2019-05-31 20:17:12,,10289.55991011,0.0,0,,308568058.4566013,0.0,0.0,57
1,[],27,[],2019-05-31 20:17:18,2297.0,0.0000003,0.000000000025362870000000003,7719445,2019-05-31 20:17:18,btc,0.0,0.0,0.0000003,"btc,eth",0.0,0.0,0.0003891,57
0.0000000001307193,[],4,[],2019-05-31 20:17:19,3424648555.1191416,1.307193e-18,1.1051388707970001e-22,7719446,2019-05-31 20:17:19,ltc,19.341013322844745,0.0,0.00000001,ltc,5852232846.057803,0.0,4.4766766187118566e-09,58
1,[],12,[],2019-05-31 20:17:20,656609093.0,0.0000000001,0.000000000000008454290000000002,7719447,2019-05-31 20:17:20,btc,2233480.857363054,0.0,0.0000000001,btc,3353586012.731225,0.002510228162,0.0656609093,58
0.0000000001103194,[],22,[],2019-05-31 20:19:24,126877.0,1.103194e-18,9.326722002260001e-23,7719448,2019-05-31 20:19:24,XMR,68.17454206,0.0,0.00000001,XMR,9626402.6,0.0,0.00126877,58
1,[],17,[],2019-05-03 01:12:09,1200000.0,0.0000000001,0.00000000000000548003,7559085,2019-05-03 01:12:09,btc,1e+24,0.0,0.0000000001,"btc,eth",39516342.31952568,0.0,0.00010000000058666061,58
1,[],5,[],2019-05-31 20:19:25,0.0,0,0,7719449,2019-05-31 20:19:25,btc,0.0,0.00193169,0,btc,0.0,0.0,0.0,61
1,[],22,[],2019-05-31 20:19:28,13613.833333333334,0.00000012,0.000000000010145148,7719450,2019-05-31 20:19:28,BTC,1002.29123003,0.0,0.00000012,BTC,15014.200177125656,0.0,0.00153269,61
1,[],26,[],2019-05-31 20:19:28,0.0,0.00000050,0.00000000004227145,7719451,2019-05-31 20:19:28,btc,0.0,0.0,0.00000050,btc,0.0,0.0,0.0,61
1,[],27,[],2019-05-31 20:19:33,8450.0,0.0000002,0.00000000001690858,7719452,2019-05-31 20:19:33,btc,1.9582485601246655,0.0,0.0000002,"btc,eth",11379.41563696,0.0,0.001522,61
0,[],28,[],2019-05-31 20:20:20,0.0,0,0,7719453,2019-05-31 20:20:20,,0.0,684.0,0,,0.0,0.0,0.0,61
1,[],4,[],2019-05-31 20:20:21,822332.06331987,0.00000077,0.00000000006509803300000001,7719454,2019-05-31 20:20:21,btc,2.984878191237428,0.0,0.00000077,btc,894215.03520264,0.11391359,0.4145642938737006,67
0.0,[],25,[],2019-05-31 20:20:22,0.0,0,0,7719455,2019-05-31 20:20:22,,0.0,0.0,0.0,btc,0.0,0.0,0.0,67
1,[],12,[],2019-05-31 20:20:24,806182.855,0.00000006,0.000000000005072574,7719456,2019-05-31 20:20:24,btc,5.16993958104895,0.0,0.00000006,btc,775747.27172826,8.480047e-05,0.0176958113,71
,[],5,[],2018-11-20 23:02:39,1.5e-07,0.00000005,0.000000000002128045,4862160,2018-11-20 23:02:39,btc,2.84511358,0.0,,btc,0.00036572,0.0,0.07381892,74
1,[],5,[],2019-05-31 20:20:26,0.0,0,0,7719457,2019-05-31 20:20:26,btc,0.0,0.1594286,0,btc,0.0,0.0,0.0,75
0,[],4,[],2019-05-25 21:33:44,0.0,0,0,7686249,2019-05-25 21:33:44,,133656.37989170782,0.0,0,,33439209.5909442,0.0,0.0,81
0,[],20,[],2019-01-25 09:30:31,0.0,0,0,6495923,2019-01-25 09:30:31,btc,0.0,0.0,0,btc,0.0,0.0,0.0,81
1,[],4,[],2019-05-31 20:20:26,36293.07994304,0.00010753,0.000000009090898037000001,7719458,2019-05-31 20:20:26,btc,55.55634755752248,0.0,0.00010753,btc,120397.55511149,0.35441595,0.7441475506138862,82
1,[],21,[],2019-05-31 20:20:28,73217.50111004,0.0001106199999999999945918954802,0.000000009352135598,7719459,2019-05-31 20:20:28,btc,18.42091810770986,71132.42707307,0.00011061999999999999459189548023374527474516071379184722900390625,btc,109595.99537418,7.75912406,5.714815650660907,82
0,[],17,[],2019-03-25 22:42:34,0.0,0,0,7038780,2019-03-25 22:42:34,btc,0.0445064681804024,0.0,0,btc,995513.18476001,0.0,0.0,84
0.0000000001161485,[],4,[],2019-05-20 13:09:39,216715621.0206096,1.161485e-18,9.0533806701e-23,7657228,2019-05-20 13:09:39,ltc,1.6511566870244727,0.0,0.00000001,ltc,471032407.9048656,0.0,2.5171194308112273e-10,85
,[],22,[],2018-11-20 23:09:34,3408.1,0.0000001,0.0000000000041895,4862324,2018-11-20 23:09:34,BTC,0.04624735,0.0,,BTC,4990.0,0.0,0.00033081,86
1,[],22,[],2019-05-31 20:20:31,62656.0,0.00000001,0.0000000000008454290000000001,7719460,2019-05-31 20:20:31,BTC,1.45391412,0.0,0.00000001,BTC,375863.04736842104,0.0,0.00062656,87
1,[],27,[],2019-05-31 20:20:38,97382.0,0.00000007,0.0000000000059180030000000005,7719461,2019-05-31 20:20:38,btc,5.052674818036,396050.0,0.00000007,btc,46323.67341,0.5901145,0.00122414,87
,[],2,[],2018-11-20 23:10:47,0.0,0,0,4862359,2018-11-20 23:10:47,,0.0,0.0,,,0.0,0.0,0.0,88
1,[],11,[],2019-05-31 20:20:40,126348.67901098,0.0000800999999999999954224116915924014392658136785030364990234375,0.0000000067718862900000005,7719462,2019-05-31 20:20:40,btc,167.35146708622943,398.88495228,0.0000800999999999999954224116915924014392658136785030364990234375,btc,200707.56421810001,0.0,2.1021523823813633,89
0,[],2,[],2019-01-20 23:31:45,0.0,0,0,6477083,2019-01-20 23:31:45,,0.0,0.0,0,,0.0,0.0,0.0,91
1,[],12,[],2019-05-31 20:20:41,265842.77084883,0.00000032,0.000000000027053728000000003,7719463,2019-05-31 20:20:41,btc,87.6940795589807,0.0,0.00000032,btc,147085.49496614,2.447552e-06,0.0122217583999926,91
1,[],22,[],2019-05-31 20:22:44,75910.55,0.0000002,0.00000000001690858,7719464,2019-05-31 20:22:44,BTC,0.497,0.0,0.0000002,"BTC,LTC",6.95,0.0,0.00165931,91
0,[],17,[],2019-05-03 01:12:26,0.0,0,0,7559096,2019-05-03 01:12:26,btc,0.0,0.0,0,btc,0.0,0.0,0.0,91
1,[],22,[],2019-04-09 20:17:52,374949.73333333334,0.00000015,0.000000000007771935,7235704,2019-04-09 20:17:52,BTC,6.87372503,0.0,0.00000015,"BTC,LTC",159980.01196797504,1.1e-05,0.80510266,95
0.0000000001307193,[],4,[],2019-05-31 20:22:45,543456046.2028402,2.8758246e-17,2.4313055157534003e-21,7719465,2019-05-31 20:22:45,ltc,11.298921556722775,0.0,0.00000022,ltc,153608198.59709418,0.00247066,8.744433435322246e-10,96
0,[],12,[],2019-05-31 20:22:45,0.0,0,0,7719466,2019-05-31 20:22:45,btc,17.17668343048951,0.0,0,btc,9673399.04895105,0.0,0.0,96
0,[],17,[],2019-05-03 01:12:32,0.0,0,0,7559100,2019-05-03 01:12:32,btc,0.0,0.0,0,btc,0.0,0.0,0.0,96
1,[],4,[],2019-04-14 03:32:46,1039404.33283278,0.00000038,0.000000000019245518,7293458,2019-04-14 03:32:46,btc,4.170086055365747,0.0,0.00000038,btc,3097704.34561074,0.06260606,0.1859928211030784,99
1,[],4,[],2019-05-31 20:24:46,244091.09066422,0.00001696,0.0000000014338475840000001,7719467,2019-05-31 20:24:46,btc,7.530228235203763,0.0,0.00001696,btc,160380.90900842,0.16746089,0.3679273251506217,100
0,[],2,[],2019-01-20 23:23:55,0.0,0,0,6476914,2019-01-20 23:23:55,,0.0,0.0,0,,0.0,0.0,0.0,100
1,[],22,[],2019-05-31 20:24:50,150000.0,0.00000002,0.0000000000016908580000000002,7719468,2019-05-31 20:24:50,BTC,24.83526409,0.0,0.00000002,BTC,11187.719,0.0,0.0017,101
1,[],4,[],2019-05-31 20:24:51,544547.33596268,0.00000166,0.00000000014034121400000002,7719469,2019-05-31 20:24:51,btc,364.22996499247097,0.0,0.00000166,btc,639705.22911066,0.1130609,0.1896654038877493,103
1,[],12,[],2019-05-31 20:24:53,170349164.0,0.000000003,0.0000000000002536287,7719470,2019-05-31 20:24:53,btc,2404.297227089293,0.0,0.000000003,btc,69290170.12082885,0.036272135025,0.217622586,105
1,[],27,[],2019-05-31 20:25:19,231577.0,0.00000001,0.0000000000008454290000000001,7719471,2019-05-31 20:25:19,btc,0.2851764,4046.0,0.00000001,btc,359904.0,4.046e-05,0.00231577,105
1,[],22,[],2019-04-21 00:17:26,21333.0,0.00000001,0.000000000000532493,7385819,2019-04-21 00:17:26,BTC,51.38182867,0.0,0.00000001,BTC,470435.0,0.0,0.00021333,107
1,[],26,[],2019-04-21 00:17:26,0.0,0.00000000,0,7385820,2019-04-21 00:17:26,btc,0.0,0.0,0.00000000,btc,0.0,0.0,0.0,107
1,[],5,[],2019-05-31 20:25:21,0.0,0,0,7719472,2019-05-31 20:25:21,btc,0.0,0.0,0,btc,0.0,0.0,0.0,112
0,[],22,[],2019-05-31 20:25:23,0.0,0,0,7719473,2019-05-31 20:25:23,,6.79500102,0.0,0,,3375892.0833333335,0.0,0.0,112
1,[],27,[],2019-05-31 20:25:35,1.0,0.00000001,0.0000000000008454290000000001,7719474,2019-05-31 20:25:35,btc,1.15032588,0.0,0.00000001,"btc,eth",1818.0,0.0,1e-08,112
1,[],4,[],2019-05-31 20:25:36,272109.8879529,0.00000093,0.00000000007862489700000001,7719475,2019-05-31 20:25:36,btc,5.769703348565037,0.0,0.00000093,btc,623694.46664992,0.03349811,0.1687872860582358,113
1,[],5,[],2019-05-31 20:25:37,0.0,0,0,7719476,2019-05-31 20:25:37,btc,0.0,0.0,0,btc,0.0,0.0,0.0,113
1,[],17,[],2019-04-26 02:17:47,162738.278,0.00000004,0.0000000000021069000000000002,7461287,2019-04-26 02:17:47,btc,1.3331140273775473,0.0,0.00000004,btc,51796.221,0.0,0.00230953112,116
1,[],27,[],2019-05-22 05:13:01,210000.0,0.00000001,0.00000000000079145,7666372,2019-05-22 05:13:01,btc,3919.0005001478,0.0,0.00000001,btc,128660.871,0.0,0.0021,116
1,[],4,[],2019-05-21 22:31:11,138169.03963019,0.00000701,0.000000000558364025,7664793,2019-05-21 22:31:11,btc,150.95388250938234,0.0,0.00000701,btc,344631.17141974,0.07552974,0.4288357684941946,120
1,[],7,[],2019-05-21 22:31:12,3901.07750076,0.000010679999999999999389654892212320191902108490467071533203125,0.0000000008506887,7664794,2019-05-21 22:31:12,btc,231188.94669936574,0.0,0.000010679999999999999389654892212320191902108490467071533203125,btc,4133.83151364,0.0,0.0113888422364489,120
1,[],20,[],2019-04-07 18:42:29,1914137.0852,0.000000035,0.0000000000017871910000000002,7211992,2019-04-07 18:42:29,btc,32.2497668025648,25528.85,0.000000035,btc,1001975.4986,0.00089350975,0.0152723574729,125
1,[],22,[],2019-05-31 20:25:41,10000.0,0.00000001,0.0000000000008454290000000001,7719477,2019-05-31 20:25:41,BTC,0.032061,0.0,0.00000001,BTC,299316.7611111111,0.0,0.0001,126
1,[],4,[],2019-05-31 20:25:43,424752.97792594,0.00001010,0.0000000008538832900000001,7719478,2019-05-31 20:25:43,btc,5.723106551877612,0.0,0.00001010,btc,154942.74313415,0.92861998,1.5379437169753867,131
0,[],2,[],2019-01-20 23:25:46,0.0,0,0,6476969,2019-01-20 23:25:46,,0.0,0.0,0,,0.0,0.0,0.0,131
1,[],17,[],2019-05-03 01:13:10,10000.0,0.00000001,0.000000000000548003,7559115,2019-05-03 01:13:10,btc,0.0953976503951408,0.0,0.00000001,btc,5037.62507334,0.0,0.0001,131
1,[],4,[],2019-05-31 20:27:44,4876.53671144,0.00007920,0.000000006695797680000001,7719479,2019-05-31 20:27:44,btc,5.030754726544928,0.0,0.00007920,btc,200.03984934,0.0,0.0067919410094412,135
1,[],3,[],2019-05-31 20:27:44,591457.22392675,0.00000001,0.0000000000008454290000000001,7719480,2019-05-31 20:27:44,btc,0.22269430241048518,1610349.79937,0.00000001,btc,1905502.4316845,0.0,0.005914572239267501,136
1,[],4,[],2019-05-31 20:27:45,2102056.5417316,0.00000182,0.00000000015386807800000002,7719481,2019-05-31 20:27:45,btc,109.03500053163401,0.0,0.00000182,btc,528422.43056838,0.02935617,0.5052791372509162,137
1,[],12,[],2019-05-31 20:27:46,88435.67913848,0.000001740000000000000069492480346544649449924690998159348964691162109375,0.00000000014710464600000002,7719482,2019-05-31 20:27:46,btc,57.84114652144151,0.0,0.000001740000000000000069492480346544649449924690998159348964691162109375,btc,50710.8164856,0.0004236,0.017811459999926,137
1,[],4,[],2019-05-31 20:27:47,101965.06860407,0.00001801,0.0000000015226176290000001,7719483,2019-05-31 20:27:47,btc,8.574344331479532,0.0,0.00001801,btc,117842.50260551,0.34657844,0.9258971604561763,142
1,[],5,[],2019-05-31 20:27:49,0.0,0,0,7719484,2019-05-31 20:27:49,btc,0.0,0.04063357,0,btc,0.0,0.0,0.0,142
1,[],20,[],2019-05-31 20:29:51,209042.5229,0.000015001,0.0000000012682280429000001,7719485,2019-05-31 20:29:51,btc,1.6084727300573,0.0,0.000015001,btc,9872.8163,0.0,0.0187095600469,142
1,[],22,[],2019-05-31 20:29:54,11028.645,0.00001000,0.0000000008454290000000001,7719486,2019-05-31 20:29:54,BTC,3.2754788,0.0,0.00001000,BTC,1133.9993657797618,0.0,0.00745365,142
0.0,[],25,[],2019-05-31 20:29:55,0.0,0,0,7719487,2019-05-31 20:29:55,,0.0,0.0,0.0,btc,0.0,0.0,0.0,142
0,[],28,[],2019-05-31 20:30:48,0.0,0,0,7719488,2019-05-31 20:30:48,,0.0,0.0,0,,0.0,0.0,0.0,142
1,[],17,[],2019-05-03 01:13:16,32967.38636364,0.00000088,0.000000000048224264,7559122,2019-05-03 01:13:16,btc,20.06976206696776,0.0,0.00000088,btc,2746.079105,0.0,0.0105613000000032,142
0,[],22,[],2019-05-31 20:30:51,0.0,0,0,7719489,2019-05-31 20:30:51,,64.98618676,0.0,0,,787024755.3,0.0,0.0,143
0,[],22,[],2019-02-25 15:42:22,0.0,0,0,6783783,2019-02-25 15:42:22,,4.2131946,0.0,0,,2322156.0,0.0,0.0,146
,[],22,[],2018-11-20 23:01:11,0.0,0,0,4862114,2018-11-20 23:01:11,,2.56807021,0.0,,,61828.4988236,0.0,0.0,147
1,[],12,[],2019-04-21 06:38:04,193091.5971266,0.00000071,0.000000000037635183,7388679,2019-04-21 06:38:04,btc,2.301232411611175,0.0,0.00000071,btc,9957.48302385,0.00023528,0.0313308199999888,148
1,[],4,[],2019-03-19 21:31:25,255810.0415942,0.00000029,0.000000000011615747,6982695,2019-03-19 21:31:25,btc,218.94922712414143,0.0,0.00000029,btc,793529.37642722,0.00117,0.0608347789473395,152
0,[],22,[],2019-03-19 21:31:27,0.0,0,0,6982696,2019-03-19 21:31:27,,0.0,0.0,0,,0.0,0.0,0.0,152
1,[],5,[],2019-04-26 09:36:59,0.0,0,0,7465040,2019-04-26 09:36:59,btc,0.0,0.0,0,btc,0.0,0.0,0.0,153
,[],16,[],2019-01-11 15:38:59,0.0,0,0,6366141,2019-01-11 15:38:59,btc,0.0,0.0,,btc,0.0,0.0,0.0,155
0,[],22,[],2019-05-31 20:30:54,0.0,0,0,7719490,2019-05-31 20:30:54,,7.44455324,0.0,0,,5955762.942592593,0.0,0.0,156
0,[],23,[],2019-01-20 23:24:29,0.0,0,0,6476932,2019-01-20 23:24:29,,0.0,0.0,0,,0.0,0.0,0.0,156
1,[],22,[],2019-05-31 20:30:58,6996.0,0.00000001,0.0000000000008454290000000001,7719491,2019-05-31 20:30:58,BTC,1.7543039,0.0,0.00000001,BTC,57.0,0.0,6.996e-05,157
0,[],22,[],2019-05-21 23:40:32,0.0,0,0,7665049,2019-05-21 23:40:32,,50234.60468402,0.0,0,,54786159.03179465,0.0,0.0,158
,[],17,[],2018-11-20 22:56:10,0.0,0,0,4861976,2018-11-20 22:56:10,btc,1.1265625,0.0,,btc,1000.0,0.0,0.0,159
,[],20,[],2018-11-20 22:56:12,0.0,0,0,4861977,2018-11-20 22:56:12,btc,11912.7940471,0.0,,btc,34413894.3617,0.0,0.0,159
1,[],12,[],2019-05-24 02:51:20,9178.522006449999,0.00000191999999999999982841307998027158276954651228152215480804443359375,0.000000000151222656,7676256,2019-05-24 02:51:20,btc,149.80414728631675,0.0,0.00000191999999999999982841307998027158276954651228152215480804443359375,btc,1115.7451448499999,0.01783167678326,0.0120075778999181,168
1,[],17,[],2019-05-03 01:13:36,42852.0,0.00000002,0.000000000001096006,7559132,2019-05-03 01:13:36,btc,0.04279856251542,0.0,0.00000002,btc,274.46171372,0.0,0.00052852,168
1,[],22,[],2019-05-17 03:01:52,10.0,0.00000001,0.000000000000778341,7642059,2019-05-17 03:01:52,BTC,41.95893009,0.0,0.00000001,BTC,1753972.7737547632,0.0,1e-07,169
1,[],22,[],2019-05-30 08:38:18,202834.0,0.00000002,0.0000000000017416160000000001,7711049,2019-05-30 08:38:18,BTC,27.87002826,0.0,0.00000002,BTC,462189.5410507793,0.0,0.00211768,171
1,[],22,[],2019-05-29 08:05:18,349870.0,0.00000002,0.000000000001705894,7705265,2019-05-29 08:05:18,BTC,24.05907723,0.0,0.00000002,"BTC,LTC",1224285.4355616204,0.0,0.0039847,173
1,[],5,[],2019-05-31 20:30:59,0.0,0,0,7719492,2019-05-31 20:30:59,btc,0.0,0.08176523,0,btc,0.0,0.0,0.0,175
1,[],22,[],2019-05-31 20:31:02,90671.0,0.00000001,0.0000000000008454290000000001,7719493,2019-05-31 20:31:02,BTC,394.35459412,0.0,0.00000001,BTC,136275.61833431243,0.0,0.00090671,176
1,[],7,[],2019-05-31 20:31:04,0.0,0,0,7719494,2019-05-31 20:31:04,btc,522274.28208915493,0.0,0,btc,21993385.47972966,0.0,0.0,178
0,[],22,[],2019-05-31 20:31:06,0.0,0,0,7719495,2019-05-31 20:31:06,,1.00242428,0.0,0,,57512.0,0.0,0.0,178
0,[],2,[],2019-01-20 23:28:34,0.0,0,0,6477001,2019-01-20 23:28:34,,0.0,0.0,0,,0.0,0.0,0.0,178
1,[],5,[],2019-05-31 20:31:08,0.0,0,0,7719496,2019-05-31 20:31:08,btc,0.0,0.17912169,0,btc,0.0,0.0,0.0,179
0,[],22,[],2019-05-31 20:31:10,0.0,0,0,7719497,2019-05-31 20:31:10,,5.31629775,0.0,0,,13534709.311946675,0.0,0.0,179
0,[],23,[],2019-01-20 23:25:08,0.0,0,0,6476952,2019-01-20 23:25:08,,0.0,0.0,0,,0.0,0.0,0.0,179
1,[],22,[],2019-05-31 20:33:14,682731.1315646544,0.00000107,0.00000000009046090300000001,7719498,2019-05-31 20:33:14,BTC,39.18172174,0.0,0.00000107,"BTC,LTC",138999.22486667262,0.00250476,0.58227215,180
1,[],26,[],2019-05-31 20:33:15,0.0,0.00000010,0.00000000000845429,7719499,2019-05-31 20:33:15,btc,0.0,0.0,0.00000010,btc,0.0,0.0,0.0,180
1,[],17,[],2019-05-03 01:13:56,20504.725000000002,0.0000001,0.00000000000548003,7559141,2019-05-03 01:13:56,btc,5.2010695838400265,0.0,0.0000001,btc,5033.45945,0.0,0.0011504725,180
,[],7,[],2018-11-20 22:58:01,562227.975654,0.00000085,0.000000000036176765,4862015,2018-11-20 22:58:01,btc,21836.6059674,2491.87645172,,btc,749999.041456,0.00211021,0.127565380455,183
,[],5,[],2019-01-10 08:11:41,0.0,0,0,6347036,2019-01-10 08:11:41,btc,82.15055501,0.00261,,btc,1.19002445,0.0,0.0,187
,[],17,[],2018-11-16 20:58:10,4062536.27273,0.00000001,0.000000000000550501,4708775,2018-11-16 20:58:10,btc,3.36492563466,0.195460381006,,"btc,eth",110697919.549,0.0,0.0157628953496,187
1,[],24,[],2019-05-22 21:04:52,0.0,0.000000000014,0.0000000000000010960978,7670219,2019-05-22 21:04:52,btc,0.0,0.0,0.000000000014,btc,0.0,0.0,0.0,187
0,[],22,[],2019-04-25 02:54:07,0.0,0,0,7447896,2019-04-25 02:54:07,,7.54794454,0.0,0,,76361.7243344055,0.0,0.0,191
0,[],22,[],2019-05-31 20:33:20,0.0,0,0,7719500,2019-05-31 20:33:20,,0.0,0.0,0,,0.0,0.0,0.0,197
0,[],23,[],2019-01-20 23:31:41,0.0,0,0,6477079,2019-01-20 23:31:41,,0.0,0.0,0,,0.0,0.0,0.0,199
0,[],22,[],2019-05-31 20:33:23,0.0,0,0,7719501,2019-05-31 20:33:23,,10.93271999,0.0,0,,99750037.0,0.0,0.0,199
1,[],26,[],2019-05-31 20:33:23,0.0,0.00000000,0,7719502,2019-05-31 20:33:23,btc,0.0,0.0,0.00000000,btc,0.0,0.0,0.0,199
0,[],2,[],2019-01-20 23:30:49,0.0,0,0,6477059,2019-01-20 23:30:49,,0.0,0.0,0,,0.0,0.0,0.0,201
1,[],4,[],2019-01-25 15:51:35,2084389.58565343,0.00000936,0.000000000333526752,6499557,2019-01-25 15:51:35,btc,2.0092503037378524,0.0,0.00000936,btc,160195.80207885,0.19272417,1.242687955921835,211
1,[],7,[],2019-05-31 20:33:28,1201918190.223229,0.00000063,0.000000000053262027000000006,7719503,2019-05-31 20:33:28,btc,15201837.94301159,366306.881598,0.00000063,btc,8214487.62546108,0.0,13.803092975499371,212
1,[],12,[],2019-01-25 02:44:32,207462.42853209,0.000001080000000000000035831255497387193287295303889550268650054931640625,0.000000000038610756000000006,6493050,2019-01-25 02:44:32,btc,85023.03793723314,0.0,0.000001080000000000000035831255497387193287295303889550268650054931640625,btc,43675.73520027,0.000146250909087,0.0348620860622024,213
1,[],5,[],2019-05-30 00:07:46,0.0,0,0,7709357,2019-05-30 00:07:46,btc,0.0,0.06425239,0,btc,0.0,0.0,0.0,213
1,[],24,[],2019-05-30 00:07:46,0.0,0.000000399202,0.0000000000344859829346,7709358,2019-05-30 00:07:46,btc,0.0,0.0,0.000000399202,btc,0.0,0.0,0.0,213
1,[],26,[],2019-05-30 00:07:47,0.0,0.00000040,0.000000000034554919999999996,7709359,2019-05-30 00:07:47,btc,0.0,0.0,0.00000040,btc,0.0,0.0,0.0,213
0,[],22,[],2019-05-31 20:33:30,0.0,0,0,7719504,2019-05-31 20:33:30,,9.61445386,0.0,0,,3661587.094064925,0.0,0.0,216
1,[],27,[],2019-05-31 20:33:36,196550.0,0.00000001,0.0000000000008454290000000001,7719505,2019-05-31 20:33:36,btc,75.60593967917752,1000.0,0.00000001,"btc,ltc",383835.407688,1e-05,0.0019555000000013073,216
1,[],22,[],2019-05-31 20:33:39,718459.0714285715,0.00000028,0.000000000023672012000000002,7719506,2019-05-31 20:33:39,BTC,12056.48903718,0.0,0.00000028,BTC,531780.7643343819,0.00014,0.0535133,217
1,[],7,[],2019-05-31 20:33:41,0.0,0,0,7719507,2019-05-31 20:33:41,btc,1234864.1040716618,0.0,0,btc,164001712.13147992,0.0,0.0,219
0,[],27,[],2019-05-31 20:33:45,0.0,0,0,7719508,2019-05-31 20:33:45,,261.41644782671324,425794.0,0,btc,15857918.74381025,0.00425794,0.0,219
0,[],28,[],2019-05-31 20:34:38,0.0,0,0,7719509,2019-05-31 20:34:38,,0.0,14106.0,0,,0.0,0.0,0.0,219
1,[],22,[],2019-05-23 16:41:05,172069.0,0.00000004,0.0000000000031167080000000004,7674065,2019-05-23 16:41:05,BTC,56.76466137,0.0,0.00000004,BTC,127061.6482738741,0.0,0.00393676,221
1,[],24,[],2019-05-23 16:41:05,0.0,0.000000010000,0.0000000000007791770000000001,7674066,2019-05-23 16:41:05,btc,0.0,0.0,0.000000010000,btc,0.0,0.0,0.0,221
1,[],20,[],2019-05-31 20:34:40,2435424.0,0.000000001,0.00000000000008454290000000001,7719510,2019-05-31 20:34:40,btc,100053.66203800458,0.0,0.000000001,btc,47932112.8844,0.0,0.002435424,224
0,[],22,[],2019-05-31 20:34:42,0.0,0,0,7719511,2019-05-31 20:34:42,,0.0,0.0,0,,0.0,0.0,0.0,224
1,[],26,[],2019-05-31 20:34:43,0.0,0.00000025,0.000000000021135725,7719512,2019-05-31 20:34:43,btc,0.0,0.0,0.00000025,btc,0.0,0.0,0.0,231
1,[],26,[],2019-05-31 20:34:43,0.0,0.00000006,0.000000000005072574,7719513,2019-05-31 20:34:43,btc,0.0,0.0,0.00000006,btc,0.0,0.0,0.0,234
0.0000000003101839,[],27,[],2019-05-31 20:34:50,100.0,3.101839e-18,2.6223846439310003e-22,7719514,2019-05-31 20:34:50,eth,0.01134836604,0.0,0.00000001,"btc,eth",11462.996,0.0,3.101839e-16,234
1,[],4,[],2019-05-22 17:06:12,91780.56053785,0.00000078,0.000000000061977552,7669277,2019-05-22 17:06:12,btc,5.573372450018177,0.0,0.00000078,btc,729173.93529783,0.0,0.0307060663355679,236
1,[],24,[],2019-05-22 17:06:12,0.0,0.000000010000,0.000000000000794584,7669278,2019-05-22 17:06:12,btc,0.0,0.0,0.000000010000,btc,0.0,0.0,0.0,236
1,[],5,[],2019-05-31 20:34:51,0.0,0,0,7719515,2019-05-31 20:34:51,btc,0.0,0.17457608,0,btc,0.0,0.0,0.0,237
1,[],20,[],2019-05-31 20:34:54,118549525.2794,0.000000038,0.0000000000032126302000000003,7719516,2019-05-31 20:34:54,btc,412.7477797888597,4605696.9727,0.000000038,btc,43133050.3814,0.1915008302591,0.4040045417193,237
1,[],22,[],2019-05-31 20:34:57,288100.0,0.00000003,0.000000000002536287,7719517,2019-05-31 20:34:57,BTC,1.20267422,0.0,0.00000003,"BTC,LTC",17930.94871794872,0.0,0.007541,237
1,[],4,[],2019-05-31 20:34:58,26463057.50713971,0.00000012,0.000000000010145148,7719518,2019-05-31 20:34:58,btc,2.845390155340047,0.0,0.00000012,btc,9000458.29659094,0.22090717,0.5066179294028966,238
1,[],5,[],2019-05-31 20:35:00,0.0,0,0,7719519,2019-05-31 20:35:00,btc,0.0,0.01367992,0,btc,0.0,0.0,0.0,238
0,[],22,[],2019-03-12 16:49:32,0.0,0,0,6914458,2019-03-12 16:49:32,,0.40415746,0.0,0,,526736.5639027493,0.0,0.0,249
0,[],22,[],2019-05-28 23:53:45,0.0,0,0,7703643,2019-05-28 23:53:45,,13.44714864,0.0,0,,43777534.3426455,0.0,0.0,252
0,[],28,[],2019-05-31 20:35:35,0.0,0,0,7719520,2019-05-31 20:35:35,,0.0,313065.63905767,0,,0.0,0.0,0.0,256
1,[],22,[],2019-05-31 20:35:38,1023211.0,0.00000001,0.0000000000008454290000000001,7719521,2019-05-31 20:35:38,BTC,31464.5506333,0.0,0.00000001,BTC,584951.6675322719,0.00015955,0.01023211,258
1,[],22,[],2019-05-19 18:12:02,400.0,0.00000001,0.0000000000007957800000000001,7653905,2019-05-19 18:12:02,BTC,2.415167,0.0,0.00000001,BTC,157.0,0.0,4e-06,259
1,[],5,[],2019-05-31 20:35:40,0.0,0,0,7719522,2019-05-31 20:35:40,btc,0.0,0.05715987,0,btc,0.0,0.0,0.0,264
1,[],20,[],2019-05-31 20:35:42,955358.9382,0.000000153,0.000000000012935063700000001,7719523,2019-05-31 20:35:42,btc,0.9761378127969,67630.1221,0.000000153,btc,51736.5911,0.03786089448,0.0075237773946,264
0,[],22,[],2019-04-12 17:57:27,0.0,0,0,7278186,2019-04-12 17:57:27,,66.37522201,0.0,0,,677842.4169881374,0.0,0.0,271
0,[],22,[],2019-05-29 08:10:20,0.0,0,0,7705301,2019-05-29 08:10:20,,33050470.74998113,0.0,0,,14361377780.7,0.0,0.0,272
0,[],28,[],2019-05-29 08:10:54,0.0,0,0,7705302,2019-05-29 08:10:54,,0.0,22189957216.5758,0,,0.0,0.0,0.0,272
1,[],22,[],2019-05-23 07:12:29,219930.0,0.00000004,0.000000000003048688,7671985,2019-05-23 07:12:29,BTC,426.77835217,0.0,0.00000004,BTC,248664.3325962929,0.0,0.00739728,281
1,[],22,[],2019-05-31 20:35:46,379782.43333333335,0.00000004,0.0000000000033817160000000004,7719524,2019-05-31 20:35:46,BTC,31.6731682,0.0,0.00000004,"BTC,LTC",1517564.4569583754,0.00040059,0.01593497,286
0,[],22,[],2019-05-31 20:35:49,0.0,0,0,7719525,2019-05-31 20:35:49,,7337904.96568486,0.0,0,,2004620112.6797826,0.0,0.0,294
