pairValue,buyBook,exchangeId,sellBook,updated,buyTotal,satoshiPrice,usdPrice,exchangeLogId,created,bestPair,sellTotalBtc,volume,pairPrice,activePairs,sellTotal,volumeBtc,buyTotalBtc,coinId
1,[],3,[],2019-02-16 05:27:49,30565.527815222722,0.01292498000000000084319662363441238994710147380828857421875,0.00000046770332628,6684200,2019-02-16 05:27:49,btc,107.06726868616572,0.66533581,0.01292498000000000084319662363441238994710147380828857421875,btc,21.586991960121,0.0,0.3714059839661529,1
1,[],4,[],2019-02-16 05:27:50,101.86237125,0.01307003,0.00000047295210558,6684201,2019-02-16 05:27:50,btc,0.7411039056063462,0.0,0.01307003,btc,52.77068029,1.73645591,1.0745449233485989,1
1,[],5,[],2019-02-16 05:27:52,0.28661836,0.01300005,0.0000004704198093,6684202,2019-02-16 05:27:52,btc,14578.75686339,0.05707818,0.01300005,btc,35555556.27573545,0.0,2.29338124,1
1,[],10,[],2019-02-16 05:27:54,415289.85567437,0.0106903,0.0000003868391958,6684203,2019-02-16 05:27:54,btc,6526.048618224792,1087.51717017,0.0106903,btc,1125.72337665,0.0,5.444999969507138,1
1,[],12,[],2019-02-16 05:27:57,10446.82162054,0.0130200000000000003230749001659205532632768154144287109375,0.00000047114172,6684204,2019-02-16 05:27:57,btc,0.2840735181765,0.0,0.0130200000000000003230749001659205532632768154144287109375,btc,14.71887703,1.7529994096255,0.35130566392900003,1
1,[],20,[],2019-02-16 05:28:00,1151.2564,0.010500212,0.000000379960671432,6684205,2019-02-16 05:28:00,btc,0.0573537536243,0.0,0.010500212,btc,2.5253,0.0,0.0911161306007,1
1,[],21,[],2019-02-16 05:28:01,2236.23312962,0.01300005000000000084103835007,0.0000004704198093,6684206,2019-02-16 05:28:01,btc,29.191046193379506,1884.3448682399999,0.01300005000000000084103835007454108563251793384552001953125,"btc,eth",2744.67079914,21.003375807244584,21.630303255977275,1
1,[],22,[],2019-02-16 05:28:05,0.0280576,0.01350000,0.0000004885109999999999,6684207,2019-02-16 05:28:05,BTC,0.3139634,0.0,0.01350000,BTC,0.10070366666666666,0.0,0.00036518,1
1,[],24,[],2019-02-16 05:28:06,0.0,0.000000000000,0,6684208,2019-02-16 05:28:06,btc,0.0,0.0,0.000000000000,btc,0.0,0.0,0.0,1
0.0,[],25,[],2019-02-16 05:28:07,0.0,0,0,6684209,2019-02-16 05:28:07,btc,27.21569999764514,1761.22104625,0.0,btc,2032.43949668,23.33,0.0,1
1,[],26,[],2019-02-16 05:28:17,0.0,0,0,6684210,2019-02-16 05:28:17,,0.0,0.0,0,,0.0,0.0,0.0,1
1,[],28,[],2019-02-16 05:28:22,992.968,0.01231000,0.00000044544966,6684211,2019-02-16 05:28:22,btc,0.162839806,18293.8,0.01231000,btc,8.9,0.0,0.086870176,1
0,[],2,[],2019-01-20 23:28:45,0.0,0,0,6477011,2019-01-20 23:28:45,,0.0,0.0,0,,0.0,0.0,0.0,1
1,[],5,[],2019-02-16 05:28:23,1.472e-05,0.00000066,0.00000000002388276,6684212,2019-02-16 05:28:23,btc,0.12689027,0.0254308,0.00000066,btc,6.166e-05,0.0,0.25262399,2
0,[],22,[],2019-02-16 05:28:34,0.0,0,0,6684213,2019-02-16 05:28:34,,0.0,0.0,0,,0.0,0.0,0.0,2
1,[],5,[],2019-02-16 05:28:36,1.29e-06,0.00000017,0.00000000000615162,6684214,2019-02-16 05:28:36,btc,4.35233186,0.01664874,0.00000017,btc,2.278e-05,0.0,3.55590907,3
1,[],12,[],2019-02-16 05:28:38,12956241.80976765,0.000000169,0.000000000006115434,6684215,2019-02-16 05:28:38,btc,923742.1828987728,0.0,0.000000169,btc,9132481.33463808,0.17531668494733924,0.5805866229869003,3
0,[],28,[],2019-02-16 05:28:43,0.0,0,0,6684216,2019-02-16 05:28:43,,0.0,0.0,0,,0.0,0.0,0.0,3
0,[],2,[],2019-01-20 23:31:32,0.0,0,0,6477077,2019-01-20 23:31:32,,0.0,0.0,0,,0.0,0.0,0.0,4
1,[],4,[],2019-02-16 05:28:43,401054.75380277,0.00000032,0.00000000001157952,6684217,2019-02-16 05:28:43,btc,0.3425876565276466,0.0,0.00000032,btc,322377.48356975,0.00068811,0.0549147040540441,4
1,[],12,[],2019-02-14 17:26:54,1405077.5219999999,0.00000004,0.000000000001441592,6666503,2019-02-14 17:26:54,btc,11113878.38315974,0.0,0.00000004,btc,1084186.13790569,0.0004039437362635,0.02355927044,5
0,[],2,[],2019-01-20 23:31:51,0.0,0,0,6477087,2019-01-20 23:31:51,,0.0,0.0,0,,0.0,0.0,0.0,6
1,[],11,[],2019-02-16 05:28:44,2041309.5,0.00000002,0.00000000000072372,6684218,2019-02-16 05:28:44,btc,9433.277580624412,280000.0,0.00000002,btc,39634964.28062851,0.0,0.032335885,6
1,[],3,[],2019-02-16 05:28:51,1093.740907922592,0.00014672999999999999953294305132800445790053345263004302978515625,0.0000000053095717799999996,6684219,2019-02-16 05:28:51,btc,27.605796873748474,0.905170040532,0.00014672999999999999953294305132800445790053345263004302978515625,btc,249.144760639695,0.0,0.03438289618367965,7
1,[],4,[],2019-02-16 05:28:52,16685.63701522,0.00023749,0.00000000859381314,6684220,2019-02-16 05:28:52,btc,2.3688379654572884,0.0,0.00023749,btc,8776.06223442,9.6020598,3.52689859068364,7
1,[],5,[],2019-02-16 05:28:54,0.00746256,0.00021731,0.000000007863579659999999,6684221,2019-02-16 05:28:54,btc,2.50870349,0.63511743,0.00021731,btc,0.01389976,0.0,1.76590512,7
1,[],20,[],2019-02-16 04:38:26,43513291.8418,0.000000001,0.000000000000036203800000000003,6683772,2019-02-16 04:38:26,btc,116.5827776391263,3203.0,0.000000001,btc,29035064.8892,3.203e-06,0.0435132918418,8
1,[],1,[],2019-02-16 05:28:55,1698575.92,0.000001830000000000000054831898570195658493275914224795997142791748046875,0.00000000006622038,6684222,2019-02-16 05:28:55,btc,5.2685953268,16043819.25,0.000001830000000000000054831898570195658493275914224795997142791748046875,btc,2820509.45,29.36554394,3.0500509656999997,9
1,[],4,[],2019-02-16 05:28:57,277023.61447776,0.00000181,0.00000000006549666,6684223,2019-02-16 05:28:57,btc,0.9569741304620752,0.0,0.00000181,btc,507101.98621655,1.25076947,0.4701700952199617,9
1,[],28,[],2019-02-16 05:29:02,43336.934,0.00000167,0.00000000006043062,6684224,2019-02-16 05:29:02,btc,2708.76119522,3600883.0,0.00000167,btc,11732.68,0.0,0.04320967978,9
0,[],2,[],2019-01-20 23:22:42,0.0,0,0,6476876,2019-01-20 23:22:42,,0.0,0.0,0,,0.0,0.0,0.0,9
0,[],23,[],2019-01-20 23:22:48,0.0,0,0,6476878,2019-01-20 23:22:48,,0.0,0.0,0,,0.0,0.0,0.0,9
1,[],4,[],2019-02-10 09:54:02,5828483.02026053,0.00000002,0.000000000000726692,6623074,2019-02-10 09:54:02,btc,0.2014004865591215,0.0,0.00000002,btc,4198675.28035349,0.00021932,0.0653957035452106,10
1,[],4,[],2019-02-16 05:29:03,1286552.14944398,0.00000157,0.00000000005681202,6684225,2019-02-16 05:29:03,btc,3.7289872638379746,0.0,0.00000157,btc,1951244.10208704,16.49141518,1.8617647730278257,12
1,[],5,[],2019-02-16 05:29:04,3.621e-05,0.00000156,0.00000000005645016,6684226,2019-02-16 05:29:04,btc,0.51423003,1.20655642,0.00000156,btc,0.00012343,0.0,0.53418405,12
0.0,[],25,[],2019-02-16 05:29:06,0.0,0,0,6684227,2019-02-16 05:29:06,,0.0,0.0,0.0,btc,0.0,0.0,0.0,12
0,[],2,[],2019-01-20 23:23:08,0.0,0,0,6476890,2019-01-20 23:23:08,,0.0,0.0,0,,0.0,0.0,0.0,12
1,[],10,[],2019-02-16 04:56:19,453296.9661025,0.00000653,0.000000000236380776,6684167,2019-02-16 04:56:19,btc,666805.4484835836,4474.52029757,0.00000653,btc,724449.62483039,0.0,0.418917421331128,13
1,[],4,[],2019-02-16 05:31:07,1292378.97572039,0.00000650,0.000000000235209,6684228,2019-02-16 05:31:07,btc,1.527621850843953,0.0,0.00000650,btc,214939.99486162,0.0,1.2483117165016675,13
1,[],21,[],2019-02-16 05:31:10,1079052.71825485,0.000006610000000000000240868523044,0.00000000023918946,6684229,2019-02-16 05:31:10,btc,8.726738917826614,393573.74000453,0.0000066100000000000002408685230437246360679637291468679904937744140625,btc,1134867.90109186,2.63618725,6.633002649135405,13
1,[],4,[],2019-02-16 05:31:11,990078.1502727,0.00000139,0.00000000005029854,6684230,2019-02-16 05:31:11,btc,0.1077565009923696,0.0,0.00000139,btc,58413.59869569,0.00604578,0.4169193104910111,14
1,[],12,[],2019-02-16 05:31:12,85369.2231405,0.000001260000000000000006510091944689211373997750342823565006256103515625,0.00000000004559436,6684231,2019-02-16 05:31:12,btc,2.7763419898792048,0.0,0.000001260000000000000006510091944689211373997750342823565006256103515625,btc,30213.37033352,0.00023058,0.009125080000005,14
0,[],17,[],2019-02-16 05:31:14,0.0,0,0,6684232,2019-02-16 05:31:14,btc,0.0,0.0,0,btc,0.0,0.0,0.0,14
1,[],26,[],2019-02-16 05:31:14,0.0,0.00000050,0.000000000018093,6684233,2019-02-16 05:31:14,btc,0.0,0.0,0.00000050,btc,0.0,0.0,0.0,14
0,[],4,[],2019-02-16 05:31:14,0.0,0,0,6684234,2019-02-16 05:31:14,,0.0,0.0,0,,0.0,0.0,0.0,15
,[],12,[],2018-12-01 15:15:48,204241.84496,0.00000489,0.000000000202473384,5260204,2018-12-01 15:15:48,btc,49.5475654835,0.0,,btc,35763.2193806,0.0163153972027625,0.0203389899998,15
1,[],4,[],2019-02-16 05:31:16,27208.18101665,0.00001806,0.00000000065351916,6684235,2019-02-16 05:31:16,btc,2.2246613645927162,0.0,0.00001806,btc,8005.19059785,0.00494748,0.1054813136800477,18
1,[],10,[],2019-02-16 05:31:18,795762.28910622,0.0000188,0.0000000006802968,6684236,2019-02-16 05:31:18,btc,15.530221356208065,377.40950793,0.0000188,btc,10265.93006568,0.0,0.4179170296199278,18
1,[],12,[],2019-02-16 05:31:20,204692.88374674,0.000017799999999999998982758153687200319836847484111785888671875,0.0000000006441108,6684237,2019-02-16 05:31:20,btc,22.612034015243555,0.0,0.000017799999999999998982758153687200319836847484111785888671875,btc,1866.9041771299999,2.94523e-05,0.0407886496379788,18
0,[],17,[],2019-02-16 05:31:22,0.0,0,0,6684238,2019-02-16 05:31:22,btc,0.0,0.0,0,btc,0.0,0.0,0.0,18
0,[],2,[],2019-01-20 23:23:38,0.0,0,0,6476906,2019-01-20 23:23:38,,0.0,0.0,0,,0.0,0.0,0.0,18
1,[],3,[],2019-02-16 05:31:23,123937.55339807816,0.00002619000000000000166300133386254600509346346370875835418701171875,0.00000000094771134,6684239,2019-02-16 05:31:23,btc,0.5343050328475708,570.548171692,0.00002619000000000000166300133386254600509346346370875835418701171875,btc,5588.995123512506,0.0,0.16198370409678625,19
1,[],4,[],2019-02-16 05:31:24,338554.02343077,0.00002626,0.00000000095024436,6684240,2019-02-16 05:31:24,btc,0.2595661371297151,0.0,0.00002626,btc,8952.85550713,0.19948381,2.0711312087377958,19
1,[],5,[],2019-02-16 05:31:26,0.00017404,0.00002404,0.00000000086991144,6684241,2019-02-16 05:31:26,btc,0.25322988,0.0,0.00002404,btc,0.00302507,0.0,0.06440637,19
1,[],12,[],2019-02-16 05:31:27,134817.72557534,0.0000230300000000000014248324742283102750661782920360565185546875,0.00000000083336358,6684242,2019-02-16 05:31:27,btc,0.028871196781354802,0.0,0.0000230300000000000014248324742283102750661782920360565185546875,btc,289.66393647,7.252e-05,0.032839930000080196,19
0,[],27,[],2019-02-16 05:34:28,0.0,0,0,6684243,2019-02-16 05:34:28,,0.0,0.0,0,,0.0,0.0,0.0,19
0,[],2,[],2019-01-20 23:24:19,0.0,0,0,6476924,2019-01-20 23:24:19,,0.0,0.0,0,,0.0,0.0,0.0,19
1,[],4,[],2019-02-16 05:34:29,8105964.88270166,0.00000014,0.00000000000506604,6684244,2019-02-16 05:34:29,btc,0.7558970284397353,0.0,0.00000014,btc,1585963.29804811,0.001,0.2633208437753649,20
1,[],4,[],2019-02-16 05:34:30,112204141.0629021,0.00000002,0.00000000000072372,6684245,2019-02-16 05:34:30,btc,0.4197290963908996,0.0,0.00000002,btc,12405492.93946572,0.004,1.2819232651386825,21
1,[],12,[],2019-02-16 05:34:32,17377041.0,0.00000002,0.00000000000072372,6684246,2019-02-16 05:34:32,btc,669.7055249917195,0.0,0.00000002,btc,8580966.269732941,1.26173826174e-05,0.2197811,21
0,[],17,[],2019-02-16 04:48:19,0.0,0,0,6683996,2019-02-16 04:48:19,btc,0.0,0.0,0,btc,0.0,0.0,0.0,21
1,[],12,[],2019-02-16 05:34:43,2649325968.043896,0.0000000002,0.0000000000000072372,6684247,2019-02-16 05:34:43,btc,880864731154.6781,0.0,0.0000000002,btc,4232526047.3441076,0.0569121716951298,0.27919581205558974,23
0,[],27,[],2019-02-16 05:34:49,0.0,0,0,6684248,2019-02-16 05:34:49,,0.7926241565934115,0.0,0,eth,864162.85514486,0.0,0.0,23
1,[],4,[],2019-02-16 05:34:50,355604.42218691,0.00000072,0.00000000002605392,6684249,2019-02-16 05:34:50,btc,0.1588082894336375,0.0,0.00000072,btc,162617.99497943,0.00295156,0.1772130996304046,24
1,[],22,[],2019-02-16 05:34:53,11.76,0.00000100,0.000000000036186,6684250,2019-02-16 05:34:53,BTC,7.415e-05,0.0,0.00000100,BTC,23.919354838709676,0.0,1.176e-05,24
0.0,[],25,[],2019-02-16 05:34:55,0.0,0,0,6684251,2019-02-16 05:34:55,,0.0,0.0,0.0,btc,0.0,0.0,0.0,24
1,[],4,[],2019-02-16 05:34:55,26882820.6071303,0.00000602,0.00000000021783972,6684252,2019-02-16 05:34:55,btc,0.4294473366235636,0.0,0.00000602,btc,44215.93735762,0.18105107,0.4400548823068777,26
1,[],10,[],2019-02-16 05:34:57,733314.39724698,0.0000054,0.0000000001954044,6684253,2019-02-16 05:34:57,btc,25.92729727174277,1472.76013581,0.0000054,btc,14351.41452713,0.0,0.2154503992385128,26
0,[],2,[],2019-01-20 23:25:56,0.0,0,0,6476976,2019-01-20 23:25:56,,0.0,0.0,0,,0.0,0.0,0.0,26
1,[],3,[],2019-02-16 05:34:58,5800007.95913569,0.00000001,0.00000000000036186,6684254,2019-02-16 05:34:58,btc,2.6998142562093017,0.0,0.00000001,btc,17268102.61059958,0.0,0.0580000795913569,27
1,[],5,[],2019-02-16 05:34:59,1e-08,0.00000001,0.00000000000036186,6684255,2019-02-16 05:34:59,btc,1.5981049,0.00026007,0.00000001,btc,4.345e-05,0.0,0.09876515,27
1,[],11,[],2019-02-16 05:35:01,10063976.7912115,0.00000005,0.0000000000018093,6684256,2019-02-16 05:35:01,btc,370.6338278222541,8080.0,0.00000005,btc,8170874.5693934,0.0,0.4660996184459823,27
1,[],4,[],2019-02-16 05:35:01,587371052.243661,0.00000002,0.00000000000072372,6684257,2019-02-16 05:35:01,btc,0.24425733653726936,0.0,0.00000002,"btc,ltc",24581995.30618795,0.29494829,8.397320978237179,29
1,[],7,[],2019-02-16 05:35:05,28336885.63491832,0.00000002,0.00000000000072372,6684258,2019-02-16 05:35:05,btc,44465228.21240232,560586.040678,0.00000002,btc,55538302.04039789,0.01121522,0.41189078825014075,29
1,[],4,[],2019-02-16 05:35:06,1471178.86365906,0.00000024,0.00000000000868464,6684259,2019-02-16 05:35:06,btc,0.1572061156000562,0.0,0.00000024,btc,382516.11589253,0.0600147,0.0995452672822846,30
0,[],17,[],2019-02-16 05:35:08,0.0,0,0,6684260,2019-02-16 05:35:08,btc,0.0,0.0,0,btc,0.0,0.0,0.0,30
1,[],4,[],2019-02-16 05:35:09,1136291.20698638,0.00006663,0.00000000241107318,6684261,2019-02-16 05:35:09,btc,0.9348842676994485,0.0,0.00006663,btc,12006.07020342,4.23299024,2.135494125189612,31
1,[],21,[],2019-02-16 05:35:09,63358.70705744,0.00006420999999999999678732681696,0.00000000232350306,6684262,2019-02-16 05:35:09,btc,1.2577130596116448,289620.473095,0.000064209999999999996787326816960472797291004098951816558837890625,btc,17967.51185888,19.4199363,3.6372053719877186,31
0,[],2,[],2019-01-20 23:28:43,0.0,0,0,6477009,2019-01-20 23:28:43,,0.0,0.0,0,,0.0,0.0,0.0,32
1,[],4,[],2019-02-16 05:35:10,153824031.45673427,0.00000005,0.0000000000018093,6684263,2019-02-16 05:35:10,btc,2.2455385191575297,0.0,0.00000005,"btc,ltc",47086882.00042864,0.32388377,2.9091087348564324,33
1,[],12,[],2019-02-16 05:35:12,14830806.952,0.00000005,0.0000000000018093,6684264,2019-02-16 05:35:12,btc,34509936.620270975,0.0,0.00000005,btc,88947877.26573408,0.0208883081618377,0.4815687676,33
1,[],4,[],2019-02-16 05:35:12,134788586.19963935,0.00000001,0.00000000000036186,6684265,2019-02-16 05:35:12,btc,1.0395706093228032,0.0,0.00000001,btc,41854948.25732942,0.00738478,1.3478858619963936,34
1,[],5,[],2019-02-16 05:35:14,1e-08,0.00000001,0.00000000000036186,6684266,2019-02-16 05:35:14,btc,5.07982949,0.00104096,0.00000001,btc,1.343e-05,0.0,0.85475648,34
0,[],17,[],2019-02-16 03:41:16,0.0,0,0,6683416,2019-02-16 03:41:16,btc,0.14155809404650171,0.0,0,btc,10794800.77743647,0.0,0.0,36
0.0000000001201257,[],4,[],2019-02-16 05:35:14,997711329.4867,2.4025140000000002e-18,8.6937371604e-23,6684267,2019-02-16 05:35:14,ltc,1.1809671744997271e-08,0.0,0.00000002,ltc,2292845550.1130424,0.0,1.745721343758002e-09,36
1,[],5,[],2019-02-16 05:35:16,0.0,0,0,6684268,2019-02-16 05:35:16,btc,197.5385685,0.0,0,btc,1.325e-05,0.0,0.0,36
0.0000000003383764,[],27,[],2019-02-16 05:35:30,7.0,3.3837640000000003e-18,1.2244488410400002e-22,6684269,2019-02-16 05:35:30,eth,230.00791353271,0.0,0.00000001,"ltc,eth",3710919.3029,0.0,2.3686348e-17,36
1,[],4,[],2019-02-16 05:35:31,389133.38496263,0.00000085,0.0000000000307581,6684270,2019-02-16 05:35:31,btc,0.5398950947941917,0.0,0.00000085,btc,413687.65860959,0.06243513,0.1788914565235451,37
1,[],12,[],2019-02-16 05:35:33,313929.3395819,0.00000095,0.0000000000343767,6684271,2019-02-16 05:35:33,btc,1364.1812834386358,0.0,0.00000095,btc,838581.27911941,0.2691612737227027,0.061489725000005,37
1,[],17,[],2019-02-16 05:35:34,1752.74075282,0.00000025,0.0000000000090465,6684272,2019-02-16 05:35:34,btc,0.055484923777095005,0.0,0.00000025,btc,1319.19918473,0.0,0.00043818518820499993,37
1,[],27,[],2019-02-16 05:35:37,15952.0,0.00000052,0.00000000001881672,6684273,2019-02-16 05:35:37,btc,26.70753703686233,0.0,0.00000052,btc,6829.81438508,0.0,0.00545422,37
1,[],5,[],2019-02-16 05:35:38,1.474e-05,0.00000096,0.00000000003473856,6684274,2019-02-16 05:35:38,btc,0.09554793,0.00027537,0.00000096,btc,9.569e-05,0.0,0.0435824,42
1,[],12,[],2019-02-16 05:35:39,126888.17483239,0.0000009,0.000000000032567399999999996,6684275,2019-02-16 05:35:39,btc,92.91540478633036,0.0,0.0000009,btc,93531.69878571,0.0058971990010088,0.0445251364367731,42
0,[],27,[],2019-02-16 05:35:45,0.0,0,0,6684276,2019-02-16 05:35:45,,0.00315028,0.0,0,"btc,eth",11.007,0.0,0.0,42
1,[],5,[],2019-02-16 05:35:46,6e-08,0.00000003,0.00000000000108558,6684277,2019-02-16 05:35:46,btc,5.9023479,0.02130714,0.00000003,btc,1.425e-05,0.0,0.60049208,43
1,[],12,[],2019-02-16 05:35:47,4101545.0,0.00000001,0.00000000000036186,6684278,2019-02-16 05:35:47,btc,20007457.49271481,0.0,0.00000001,btc,38975741.48291704,2.997002998e-07,0.04101545,43
0,[],17,[],2019-02-16 05:35:58,0.0,0,0,6684279,2019-02-16 05:35:58,btc,0.0,0.0,0,btc,0.0,0.0,0.0,43
1,[],12,[],2019-02-16 05:36:00,697012.0,0.00000005,0.0000000000018093,6684280,2019-02-16 05:36:00,btc,11115166.704810422,0.0,0.00000005,btc,1033538.31470526,0.0004505083005003,0.01810515,44
1,[],4,[],2019-02-16 05:36:01,225468816.7703339,0.00000002,0.00000000000072372,6684281,2019-02-16 05:36:01,btc,0.18828901692178238,0.0,0.00000002,"btc,ltc",4551695.85245401,0.00011048,0.430499664635128,49
0.0000000001201257,[],4,[],2019-02-16 05:36:01,83971133.01241788,1.2012570000000001e-18,4.3468685802e-23,6684282,2019-02-16 05:36:01,ltc,4.64517350849077,0.0,0.00000001,ltc,3679022620.900867,0.0,1.0087091132909808e-10,52
0,[],22,[],2019-02-16 05:36:05,0.0,0,0,6684283,2019-02-16 05:36:05,,8108.82536305,0.0,0,,262751443.67882353,0.0,0.0,57
0,[],27,[],2019-02-16 05:36:08,0.0,0,0,6684284,2019-02-16 05:36:08,,0.0,0.0,0,"btc,eth",0.0,0.0,0.0,57
0.0000000001201257,[],4,[],2019-02-16 05:36:09,1030242642.6086639,4.8050280000000004e-18,1.73874743208e-22,6684285,2019-02-16 05:36:09,ltc,3.27220900254979,0.0,0.00000004,ltc,898161620.2067671,0.0,2.87905091473808e-09,58
0,[],17,[],2019-02-16 04:49:53,0.0,0,0,6684030,2019-02-16 04:49:53,btc,1e+24,0.0,0,btc,41401875.8285055,0.0,0.0,58
1,[],12,[],2019-02-16 05:36:10,1753427580.843957,0.0000000005,0.000000000000018093,6684286,2019-02-16 05:36:10,btc,724045491618.9181,0.0,0.0000000005,btc,3719159093.358657,0.06234738901276082,0.5917731767011392,58
0.000000000129491,[],22,[],2019-02-16 05:36:15,137438.0,1.29491e-18,4.685761326e-23,6684287,2019-02-16 05:36:15,XMR,69.8835922,0.0,0.00000001,XMR,9887963.0,0.0,0.00137438,58
1,[],5,[],2019-02-16 05:36:17,5.4e-06,0.00000051,0.00000000001845486,6684288,2019-02-16 05:36:17,btc,0.23532084,0.10140893,0.00000051,btc,0.00011634,0.0,0.1022815,61
1,[],22,[],2019-02-16 05:36:20,5149.5,0.00000011,0.00000000000398046,6684289,2019-02-16 05:36:20,BTC,1002.29598212,0.0,0.00000011,BTC,14957.700278135757,0.0,0.00051596,61
1,[],26,[],2019-02-16 05:36:20,0.0,0.00000800,0.000000000289488,6684290,2019-02-16 05:36:20,btc,0.0,0.0,0.00000800,btc,0.0,0.0,0.0,61
1,[],27,[],2019-02-16 05:36:25,18353.8823,0.00000034,0.00000000001230324,6684291,2019-02-16 05:36:25,btc,9.94085390269262,0.0,0.00000034,"btc,eth",15777.09679279,0.0,0.000456389983691882,61
1,[],28,[],2019-02-16 04:50:11,19894.304,0.00000091,0.000000000032960837,6684036,2019-02-16 04:50:11,btc,2.056360193700105,801.0,0.00000091,btc,9767.52450005,0.0,0.00993521304,61
1,[],4,[],2019-02-16 04:41:20,532152.93181947,0.00000341,0.000000000123454958,6683843,2019-02-16 04:41:20,btc,1.3913954440464316,0.0,0.00000341,btc,328932.80242327,0.45727336,1.2071747581785313,67
0.0,[],25,[],2019-02-16 04:41:21,0.0,0,0,6683844,2019-02-16 04:41:21,,0.0,0.0,0.0,btc,0.0,0.0,0.0,67
1,[],12,[],2019-02-16 04:50:13,3409940.2954203,0.00000015,0.000000000005433105,6684037,2019-02-16 04:50:13,btc,11115996.405910956,0.0,0.00000015,btc,1948561.80869899,0.0091602589927732,0.1266882258528747,71
,[],5,[],2018-11-20 23:02:39,1.5e-07,0.00000005,0.000000000002128045,4862160,2018-11-20 23:02:39,btc,2.84511358,0.0,,btc,0.00036572,0.0,0.07381892,74
1,[],5,[],2019-02-16 05:00:24,3.049e-05,0.00000156,0.000000000056470752,6684195,2019-02-16 05:00:24,btc,1.5424315,0.0,0.00000156,btc,0.00016981,0.0,0.30484564,75
1,[],4,[],2019-02-16 05:00:25,29738604.75692337,0.00000001,0.000000000000361992,6684196,2019-02-16 05:00:25,btc,0.7668881456247842,0.0,0.00000001,btc,14615939.68425178,0.0,0.2973860475692337,81
0,[],20,[],2019-01-25 09:30:31,0.0,0,0,6495923,2019-01-25 09:30:31,btc,0.0,0.0,0,btc,0.0,0.0,0.0,81
1,[],4,[],2019-02-16 04:50:16,24090.3925539,0.00007700,0.0000000027889939000000003,6684040,2019-02-16 04:50:16,btc,1.323938382805822,0.0,0.00007700,btc,11229.58135333,0.0432895,0.1122676519701017,82
1,[],21,[],2019-02-16 04:50:17,136366.5975057,0.00007779999999999999372654602148,0.00000000281797046,6684041,2019-02-16 04:50:17,btc,2.9354010712519987,3577.78449623,0.0000777999999999999937265460214774748237687163054943084716796875,btc,32570.9986672,0.28220674,2.2697573086401204,82
0,[],17,[],2019-02-16 05:00:28,0.0,0,0,6684197,2019-02-16 05:00:28,btc,0.0447233088476774,0.0,0,btc,999127.19588126,0.0,0.0,84
0.00000000011972959999999999,[],4,[],2019-02-16 05:00:29,153536170.71431544,8.381071999999999e-18,3.033881015424e-22,6684198,2019-02-16 05:00:29,ltc,0.19569063270397652,0.0,0.00000007,ltc,103078077.61616041,0.0,7.269689510081487e-10,85
,[],22,[],2018-11-20 23:09:34,3408.1,0.0000001,0.0000000000041895,4862324,2018-11-20 23:09:34,BTC,0.04624735,0.0,,BTC,4990.0,0.0,0.00033081,86
0,[],22,[],2019-02-16 04:50:40,0.0,0,0,6684044,2019-02-16 04:50:40,,2.0760781,0.0,0,,140622.94736842104,0.0,0.0,87
0,[],27,[],2019-02-16 04:50:43,0.0,0,0,6684045,2019-02-16 04:50:43,,0.0,0.0,0,btc,0.0,0.0,0.0,87
,[],2,[],2018-11-20 23:10:47,0.0,0,0,4862359,2018-11-20 23:10:47,,0.0,0.0,,,0.0,0.0,0.0,88
1,[],11,[],2019-02-16 04:50:46,96262.51581224,0.00014306999999999999730569688605186229324317537248134613037109375,0.000000005182095549,6684046,2019-02-16 04:50:46,btc,609.4017328142384,27.0,0.00014306999999999999730569688605186229324317537248134613037109375,btc,90929.36051237,0.0,6.475265805564436,89
0,[],2,[],2019-01-20 23:31:45,0.0,0,0,6477083,2019-01-20 23:31:45,,0.0,0.0,0,,0.0,0.0,0.0,91
1,[],12,[],2019-02-16 05:00:30,437273.45530714,0.00000206000000000000018206681821897330308956952649168670177459716796875,0.000000000074570352,6684199,2019-02-16 05:00:30,btc,4.17580789874163,0.0,0.00000206000000000000018206681821897330308956952649168670177459716796875,btc,46802.07623039,0.0010400218703056,0.060871396672971104,91
0,[],17,[],2019-02-16 04:41:53,0.0,0,0,6683855,2019-02-16 04:41:53,btc,0.0,0.0,0,btc,0.0,0.0,0.0,91
0.0000000001196066,[],22,[],2019-02-16 04:42:04,4525000.0,4.784264e-18,1.7320853700320002e-22,6683856,2019-02-16 04:42:04,LTC,8.12129807,0.0,0.00000004,LTC,66745238.1,0.0,0.14575,95
0.0000000001194649,[],4,[],2019-02-16 04:50:58,135477733.32021454,9.198797300000001e-17,3.3318687736411005e-21,6684048,2019-02-16 04:50:58,ltc,0.5972552487621151,0.0,0.00000077,ltc,35543944.70298489,0.0,1.1196296805026597e-09,96
1,[],12,[],2019-02-16 04:51:00,309939.0,0.00000001,0.000000000000362207,6684049,2019-02-16 04:51:00,btc,255052.49768129003,0.0,0.00000001,btc,8744229.55375598,0.0020830098601398,0.00309939,96
0,[],17,[],2019-02-16 04:51:01,0.0,0,0,6684050,2019-02-16 04:51:01,btc,0.0,0.0,0,btc,0.0,0.0,0.0,96
1,[],4,[],2019-02-16 04:51:02,1728686.90057321,0.00000035,0.000000000012677245000000001,6684051,2019-02-16 04:51:02,btc,0.2281951064975275,0.0,0.00000035,btc,473051.31167827,0.01983312,0.1985279953749305,99
0,[],2,[],2019-01-20 23:23:55,0.0,0,0,6476914,2019-01-20 23:23:55,,0.0,0.0,0,,0.0,0.0,0.0,100
1,[],4,[],2019-02-16 04:51:04,211498.79599299,0.00004000,0.000000001448828,6684052,2019-02-16 04:51:04,btc,1.1258239589793988,0.0,0.00004000,btc,25405.93763118,0.60341823,1.793225684791072,100
1,[],22,[],2019-02-16 04:42:13,50000.0,0.00000001,0.000000000000362038,6683861,2019-02-16 04:42:13,BTC,23.49896609,0.0,0.00000001,BTC,10277.22,0.0,0.0005,101
1,[],4,[],2019-02-16 04:51:04,315849.88750409,0.00000092,0.000000000033323044,6684053,2019-02-16 04:51:04,btc,0.426172010718741,0.0,0.00000092,btc,169945.9235758,0.01549135,0.157292798533265,103
1,[],12,[],2019-02-16 04:51:06,49350169.9183887,0.000000017,0.0000000000006157519000000001,6684054,2019-02-16 04:51:06,btc,137278887.43696076,0.0,0.000000017,btc,122763861.40463652,0.05436098894912787,0.2576178261462192,105
1,[],27,[],2019-02-16 04:51:09,4011356.89,0.00000001,0.000000000000362207,6684055,2019-02-16 04:51:09,btc,0.3614577513692299,0.0,0.00000001,btc,323444.42860553,0.0,0.0401135689,105
0,[],22,[],2019-02-16 04:51:12,0.0,0,0,6684056,2019-02-16 04:51:12,,51.10825004,0.0,0,,468935.0,0.0,0.0,107
1,[],26,[],2019-02-16 04:51:12,0.0,0.00000000,0,6684057,2019-02-16 04:51:12,btc,0.0,0.0,0.00000000,btc,0.0,0.0,0.0,107
1,[],5,[],2019-02-16 04:51:14,1e-08,0.00000001,0.000000000000362207,6684058,2019-02-16 04:51:14,btc,2.89810729,1.33e-05,0.00000001,btc,1.571e-05,0.0,0.08578843,112
1,[],22,[],2019-02-16 04:51:18,167093.0,0.00000001,0.000000000000362207,6684059,2019-02-16 04:51:18,BTC,2.81183288,0.0,0.00000001,BTC,808524.0833333334,0.0,0.00167093,112
0,[],27,[],2019-02-16 04:51:22,0.0,0,0,6684060,2019-02-16 04:51:22,,1.35132491849924,0.0,0,"btc,eth",1328.641654,0.0,0.0,112
1,[],4,[],2019-02-16 04:51:23,460297.30840918,0.00000337,0.00000000012206375900000002,6684061,2019-02-16 04:51:23,btc,0.2983791962325963,0.0,0.00000337,btc,66461.28657711,0.44246462,0.2018984894620275,113
1,[],5,[],2019-02-16 04:51:24,9.48e-06,0.00000301,0.00000000010902430700000001,6684062,2019-02-16 04:51:24,btc,2.30922046,0.02042109,0.00000301,btc,0.00346529,0.0,0.19963375,113
1,[],17,[],2019-02-16 04:51:27,152738.278,0.00000004,0.000000000001448828,6684063,2019-02-16 04:51:27,btc,1.33680302678,0.0,0.00000004,btc,50696.221,0.0,0.0022095311199999998,116
0,[],27,[],2019-02-16 04:51:28,0.0,0,0,6684064,2019-02-16 04:51:28,,0.0,0.0,0,btc,0.0,0.0,0.0,116
1,[],4,[],2019-02-16 04:51:31,26661.81211231,0.00003023,0.0000000010949517610000002,6684065,2019-02-16 04:51:31,btc,0.5505564239970034,0.0,0.00003023,btc,16591.85489026,2.73413474,0.6447273647014793,120
1,[],7,[],2019-02-16 04:51:33,18680.97317983,0.00002911000000000000081088781522797859224738203920423984527587890625,0.0000000010543845770000001,6684066,2019-02-16 04:51:33,btc,115647.18587574297,263.90955481,0.00002911000000000000081088781522797859224738203920423984527587890625,btc,29362.59191667,0.00796479,0.0798871217401285,120
1,[],20,[],2019-02-16 04:51:36,1094428.6666,0.000000015,0.0000000000005433105,6684067,2019-02-16 04:51:36,btc,31.5529793801051,518.15,0.000000015,btc,1168796.9594,7.2541e-06,0.0052581652171,125
1,[],22,[],2019-02-16 04:51:40,3053.0,0.00000001,0.000000000000362207,6684068,2019-02-16 04:51:40,BTC,0.01444889,0.0,0.00000001,BTC,296264.5111111111,0.0,3.053e-05,126
1,[],4,[],2019-02-16 04:51:41,124932.41279012,0.00001920,0.00000000069543744,6684069,2019-02-16 04:51:41,btc,1.2899749947335566,0.0,0.00001920,btc,44749.12099662,0.95829968,1.036860818904108,131
0,[],2,[],2019-01-20 23:25:46,0.0,0,0,6476969,2019-01-20 23:25:46,,0.0,0.0,0,,0.0,0.0,0.0,131
0,[],17,[],2019-02-16 04:43:12,0.0,0,0,6683878,2019-02-16 04:43:12,btc,0.0009561751951600001,0.0,0,btc,35.42829368,0.0,0.0,131
1,[],4,[],2019-02-16 04:51:53,4551.75830658,0.00016383,0.000000005934037281,6684070,2019-02-16 04:51:53,btc,1.6421815711089056,0.0,0.00016383,btc,308.40189166,0.00047028,0.0081114282843448,135
1,[],3,[],2019-02-16 04:51:54,1762573.20571841,0.00000005,0.000000000001811035,6684071,2019-02-16 04:51:54,btc,0.11366054798459699,8139.0,0.00000005,btc,370266.65066186996,0.0,0.064474815113701,136
1,[],4,[],2019-02-16 04:51:55,78048.98110063,0.00000174,0.000000000063024018,6684072,2019-02-16 04:51:55,btc,0.1344126074377815,0.0,0.00000174,btc,60548.31798312,0.11659086,0.0961065354427351,137
1,[],12,[],2019-02-16 04:51:56,333118.50229752,0.000001619999999999999947867764839293247547402643249370157718658447265625,0.000000000058677534,6684073,2019-02-16 04:51:56,btc,11982.946467433861,0.0,0.000001619999999999999947867764839293247547402643249370157718658447265625,btc,158140.95783346,0.0309442512259794,0.0854280699999702,137
1,[],4,[],2019-02-16 04:51:56,524050.70614925,0.00005029,0.000000001821539003,6684074,2019-02-16 04:51:56,btc,0.7431323425031657,0.0,0.00005029,btc,11113.1620925,1.33238848,0.6044911341733412,142
1,[],5,[],2019-02-16 04:51:58,0.00167808,0.00005071,0.0000000018367516970000002,6684075,2019-02-16 04:51:58,btc,1.26735393,1.77369798,0.00005071,btc,0.00338565,0.0,1.08151588,142
1,[],17,[],2019-02-16 04:52:09,22967.386363640002,0.00000088,0.000000000031874216000000006,6684076,2019-02-16 04:52:09,btc,20.0699133484,0.0,0.00000088,btc,405.079105,0.0,0.0104613000000032,142
1,[],20,[],2019-02-16 04:52:11,133808.0696,0.000036852,0.0000000013348052364000001,6684077,2019-02-16 04:52:11,btc,0.31092202148,4103.6455,0.000036852,btc,2649.2776,0.3147300715486,0.2495393199216,142
1,[],22,[],2019-02-16 04:52:14,1610.354305200341,0.00003220,0.0000000011663065400000002,6684078,2019-02-16 04:52:14,BTC,3.00917232,0.0,0.00003220,BTC,917.9383601288407,0.0,0.0019657,142
0.0,[],25,[],2019-02-16 04:52:16,0.0,0,0,6684079,2019-02-16 04:52:16,,0.0,0.0,0.0,btc,0.0,0.0,0.0,142
1,[],28,[],2019-02-16 04:52:17,77743.0,0.00004500,0.0000000016299315,6684080,2019-02-16 04:52:17,btc,0.057261322,1840.0,0.00004500,btc,356.4989,0.0,0.0519372,142
0,[],22,[],2019-02-16 04:52:21,0.0,0,0,6684081,2019-02-16 04:52:21,,67.4285069,0.0,0,,834770972.3,0.0,0.0,143
1,[],21,[],2019-02-16 04:31:41,35669013.53104038,0.00000028,0.000000000010153752000000001,6683687,2019-02-16 04:31:41,btc,40.894021912227494,2405402.22285625,0.00000028,btc,81375912.45397946,0.67517392,5.609052242172503,145
0,[],22,[],2019-02-16 04:52:24,0.0,0,0,6684082,2019-02-16 04:52:24,,4.24982284,0.0,0,,1814156.0,0.0,0.0,146
,[],22,[],2018-11-20 23:01:11,0.0,0,0,4862114,2018-11-20 23:01:11,,2.56807021,0.0,,,61828.4988236,0.0,0.0,147
1,[],12,[],2019-02-16 04:52:26,8678947.03602422,0.000003019999999999999884515121395534009707262157462537288665771484375,0.000000000109386514,6684083,2019-02-16 04:52:26,btc,16.584171058522383,0.0,0.000003019999999999999884515121395534009707262157462537288665771484375,btc,122512.67148634,0.0004626162734165,0.1083538799999957,148
1,[],4,[],2019-02-16 04:52:27,222881.30982985,0.00000035,0.000000000012677245000000001,6684084,2019-02-16 04:52:27,btc,0.778329816854735,0.0,0.00000035,btc,591310.33703653,0.0,0.0547157790858498,152
0,[],22,[],2019-02-16 04:52:30,0.0,0,0,6684085,2019-02-16 04:52:30,,0.0,0.0,0,,0.0,0.0,0.0,152
1,[],5,[],2019-02-16 04:52:31,0.0,0,0,6684086,2019-02-16 04:52:31,btc,10.61570492,0.0,0,btc,0.00092785,0.0,0.0,153
,[],16,[],2019-01-11 15:38:59,0.0,0,0,6366141,2019-01-11 15:38:59,btc,0.0,0.0,,btc,0.0,0.0,0.0,155
0,[],23,[],2019-01-20 23:24:29,0.0,0,0,6476932,2019-01-20 23:24:29,,0.0,0.0,0,,0.0,0.0,0.0,156
0,[],22,[],2019-02-16 04:52:34,0.0,0,0,6684087,2019-02-16 04:52:34,,6.74608761,0.0,0,,4644402.242592593,0.0,0.0,156
1,[],22,[],2019-02-16 04:52:38,7063.8,0.00005300,0.0000000019196971000000002,6684088,2019-02-16 04:52:38,BTC,43.78801181,0.0,0.00005300,BTC,1067.5805334758436,0.0,0.00104326,157
0,[],22,[],2019-02-16 04:52:48,0.0,0,0,6684089,2019-02-16 04:52:48,,50175.68008609,0.0,0,,54479136.04179466,0.0,0.0,158
,[],17,[],2018-11-20 22:56:10,0.0,0,0,4861976,2018-11-20 22:56:10,btc,1.1265625,0.0,,btc,1000.0,0.0,0.0,159
,[],20,[],2018-11-20 22:56:12,0.0,0,0,4861977,2018-11-20 22:56:12,btc,11912.7940471,0.0,,btc,34413894.3617,0.0,0.0,159
1,[],12,[],2019-02-16 04:52:50,178415.72093297,0.0000069999999999999998949950195947788955663781962357461452484130859375,0.0000000002535449,6684090,2019-02-16 04:52:50,btc,6.6613468075448745,0.0,0.0000069999999999999998949950195947788955663781962357461452484130859375,btc,14755.10974252,0.0062843958007262,0.0807950344999865,168
1,[],17,[],2019-02-16 04:52:51,29784.95,0.000001,0.0000000000362207,6684091,2019-02-16 04:52:51,btc,0.03026736251542,0.0,0.000001,btc,144.46171372,0.0,0.00716147,168
0,[],22,[],2019-02-16 04:52:53,0.0,0,0,6684092,2019-02-16 04:52:53,,1.14776715,0.0,0,,721548.0900917595,0.0,0.0,169
1,[],22,[],2019-02-16 04:52:57,226276.0,0.00000018,0.000000000006519726000000001,6684093,2019-02-16 04:52:57,BTC,11.32505976,0.0,0.00000018,BTC,116787.38221127313,0.000681,0.02076036,171
1,[],22,[],2019-02-16 04:53:01,218688.41176470587,0.00000017,0.0000000000061575190000000004,6684094,2019-02-16 04:53:01,BTC,2.65566473,0.0,0.00000017,BTC,255792.88360703012,4.005e-05,0.01631019,173
1,[],5,[],2019-02-16 04:53:02,2.061e-05,0.00000187,0.000000000067732709,6684095,2019-02-16 04:53:02,btc,0.24232926,0.00675724,0.00000187,btc,0.00023354,0.0,0.31586236,175
1,[],22,[],2019-02-16 04:53:05,18565.0,0.0000005,0.00000000001811035,6684096,2019-02-16 04:53:05,BTC,0.56861107,0.0,0.0000005,BTC,168593.47031396697,0.0,0.00366325,176
1,[],7,[],2019-02-16 04:53:06,0.0,0,0,6684097,2019-02-16 04:53:06,btc,410965.4937089935,0.0,0,btc,114492110.28145696,0.0,0.0,178
0,[],22,[],2019-02-16 04:53:09,0.0,0,0,6684098,2019-02-16 04:53:09,,1.00242428,0.0,0,,57512.0,0.0,0.0,178
0,[],2,[],2019-01-20 23:28:34,0.0,0,0,6477001,2019-01-20 23:28:34,,0.0,0.0,0,,0.0,0.0,0.0,178
0,[],23,[],2019-01-20 23:25:08,0.0,0,0,6476952,2019-01-20 23:25:08,,0.0,0.0,0,,0.0,0.0,0.0,179
1,[],5,[],2019-02-16 04:53:12,3e-08,0.00000002,0.000000000000724414,6684099,2019-02-16 04:53:12,btc,30.26416758,0.0027171,0.00000002,btc,2.088e-05,0.0,0.68680995,179
1,[],22,[],2019-02-16 04:53:22,7779285.0,0.00000002,0.000000000000724414,6684100,2019-02-16 04:53:22,BTC,5.48629708,0.0,0.00000002,"BTC,LTC",17843614.676989965,0.0,0.38284554,179
1,[],17,[],2019-02-16 04:53:24,10504.725,0.0000001,0.00000000000362207,6684101,2019-02-16 04:53:24,btc,5.201913593534496,0.0,0.0000001,btc,5466.1328087,0.0,0.0010504725,180
1,[],22,[],2019-02-16 04:53:28,129205.4,0.0000005,0.00000000001811035,6684102,2019-02-16 04:53:28,BTC,0.12863238,0.0,0.0000005,"BTC,LTC",23676.046542727305,0.0,0.00160544,180
1,[],26,[],2019-02-16 04:53:28,0.0,0.00000225,0.00000000008149657500000001,6684103,2019-02-16 04:53:28,btc,0.0,1357.6491,0.00000225,btc,0.0,0.0,0.0,180
,[],7,[],2018-11-20 22:58:01,562227.975654,0.00000085,0.000000000036176765,4862015,2018-11-20 22:58:01,btc,21836.6059674,2491.87645172,,btc,749999.041456,0.00211021,0.127565380455,183
,[],5,[],2019-01-10 08:11:41,0.0,0,0,6347036,2019-01-10 08:11:41,btc,82.15055501,0.00261,,btc,1.19002445,0.0,0.0,187
,[],17,[],2018-11-16 20:58:10,4062536.27273,0.00000001,0.000000000000550501,4708775,2018-11-16 20:58:10,btc,3.36492563466,0.195460381006,,"btc,eth",110697919.549,0.0,0.0157628953496,187
1,[],24,[],2019-02-16 04:53:28,0.0,0.000000000001,3.6220700000000003e-17,6684104,2019-02-16 04:53:28,btc,0.0,0.0,0.000000000001,btc,0.0,0.0,0.0,187
0,[],22,[],2019-02-16 04:53:31,0.0,0,0,6684105,2019-02-16 04:53:31,,1.19377283,0.0,0,,16434.10286773884,0.0,0.0,191
0,[],22,[],2019-02-16 04:53:35,0.0,0,0,6684106,2019-02-16 04:53:35,,0.0,0.0,0,,0.0,0.0,0.0,197
0,[],23,[],2019-01-20 23:31:41,0.0,0,0,6477079,2019-01-20 23:31:41,,0.0,0.0,0,,0.0,0.0,0.0,199
0,[],22,[],2019-02-16 04:35:16,0.0,0,0,6683712,2019-02-16 04:35:16,,5.15195517,0.0,0,,19804684.0,0.0,0.0,199
1,[],26,[],2019-02-16 04:35:17,0.0,0.00000000,0,6683713,2019-02-16 04:35:17,btc,0.0,771090.0,0.00000000,btc,0.0,0.0,0.0,199
0,[],17,[],2019-01-30 16:32:01,0.0,0,0,6540827,2019-01-30 16:32:01,btc,6.802544163788159,0.0,0,btc,105897.55575295,0.0,0.0,200
0,[],2,[],2019-01-20 23:30:49,0.0,0,0,6477059,2019-01-20 23:30:49,,0.0,0.0,0,,0.0,0.0,0.0,201
1,[],4,[],2019-01-25 15:51:35,2084389.58565343,0.00000936,0.000000000333526752,6499557,2019-01-25 15:51:35,btc,2.0092503037378524,0.0,0.00000936,btc,160195.80207885,0.19272417,1.242687955921835,211
1,[],7,[],2019-02-16 04:53:39,5781609.28212587,0.000001390000000000000032391082004090687718189656152389943599700927734375,0.000000000050346773000000004,6684107,2019-02-16 04:53:39,btc,15450816.155630788,568190.412783,0.000001390000000000000032391082004090687718189656152389943599700927734375,btc,10976168.05037243,0.78047812,4.399166518746243,212
1,[],12,[],2019-01-25 02:44:32,207462.42853209,0.000001080000000000000035831255497387193287295303889550268650054931640625,0.000000000038610756000000006,6493050,2019-01-25 02:44:32,btc,85023.03793723314,0.0,0.000001080000000000000035831255497387193287295303889550268650054931640625,btc,43675.73520027,0.000146250909087,0.0348620860622024,213
1,[],5,[],2019-02-16 04:53:41,3.31e-06,0.00000029,0.000000000010504003000000001,6684108,2019-02-16 04:53:41,btc,0.96322013,0.13593822,0.00000029,btc,2.899e-05,0.0,0.16969942,213
1,[],24,[],2019-02-16 04:53:41,0.0,0.000000050000,0.000000000001811035,6684109,2019-02-16 04:53:41,btc,0.0,0.0,0.000000050000,btc,0.0,0.0,0.0,213
1,[],26,[],2019-02-16 04:53:41,0.0,0.00000009,0.0000000000032598630000000003,6684110,2019-02-16 04:53:41,btc,0.0,0.0,0.00000009,btc,0.0,0.0,0.0,213
0,[],22,[],2019-02-16 04:53:44,0.0,0,0,6684111,2019-02-16 04:53:44,,2.19098235,0.0,0,,178699.63137942314,0.0,0.0,216
1,[],27,[],2019-02-16 04:53:48,5201657.5615,0.00000004,0.000000000001448828,6684112,2019-02-16 04:53:48,btc,257.4737088006,0.0,0.00000004,"btc,ltc",272841.575,0.0,0.05463726246,216
1,[],22,[],2019-02-16 04:53:51,272275.4204093028,0.00000191,0.000000000069181537,6684113,2019-02-16 04:53:51,BTC,12677.09835548,0.0,0.00000191,BTC,443283.9101516342,0.03368308,0.2828699,217
1,[],7,[],2019-02-16 04:53:53,0.0,0,0,6684114,2019-02-16 04:53:53,btc,77970.05108413911,0.0,0,btc,137041561.1214003,0.0,0.0,219
0,[],27,[],2019-02-16 04:53:55,0.0,0,0,6684115,2019-02-16 04:53:55,,5.341833788316972,6000.0,0,btc,1599140.99226595,6e-05,0.0,219
0.0000000000000052,[],28,[],2019-02-16 04:53:57,168558258.235,2.34e-18,8.475643800000001e-23,6684116,2019-02-16 04:53:57,doge,83962.3748390675,100192.365,0.00045000,"btc,doge",4737338.69631,0.0,1.1358536013062733e-11,219
1,[],22,[],2019-02-16 04:54:01,199617.6,0.00000012,0.000000000004346484,6684117,2019-02-16 04:54:01,BTC,2.99788213,0.0,0.00000012,BTC,93246.47041875875,0.03320137,0.02102216,221
1,[],24,[],2019-02-16 04:54:01,0.0,0.000000210000,0.000000000007606347000000001,6684118,2019-02-16 04:54:01,btc,0.0,0.0,0.000000210000,btc,0.0,0.0,0.0,221
1,[],20,[],2019-02-16 04:54:03,51534578.4223,0.000000003,0.0000000000001086621,6684119,2019-02-16 04:54:03,btc,49.8544942612451,392648.8657,0.000000003,btc,9940161.5413,0.0011779465971,0.0528133674835,224
0,[],22,[],2019-02-16 04:54:06,0.0,0,0,6684120,2019-02-16 04:54:06,,0.0,0.0,0,,0.0,0.0,0.0,224
1,[],26,[],2019-02-16 04:54:06,0.0,0.00000033,0.000000000011952831,6684121,2019-02-16 04:54:06,btc,0.0,0.0,0.00000033,btc,0.0,0.0,0.0,231
1,[],26,[],2019-02-16 04:54:06,0.0,0.00000006,0.000000000002173242,6684122,2019-02-16 04:54:06,btc,0.0,3970.0,0.00000006,btc,0.0,0.0,0.0,234
0,[],27,[],2019-02-16 04:54:09,0.0,0,0,6684123,2019-02-16 04:54:09,,0.0113483662182,0.0,0,"btc,eth",11462.99618,0.0,0.0,234
0,[],22,[],2019-02-16 04:54:12,0.0,0,0,6684124,2019-02-16 04:54:12,,2.86131091,0.0,0,,99375782.06349206,0.0,0.0,235
1,[],4,[],2019-02-16 04:54:13,1096635.57946194,0.00000105,0.000000000038031735000000003,6684125,2019-02-16 04:54:13,btc,0.4455317225919259,0.0,0.00000105,btc,273249.39771862,0.1238221,0.4114289615372534,236
1,[],24,[],2019-02-16 04:54:13,0.0,0.000000020010,0.0000000000007247762070000001,6684126,2019-02-16 04:54:13,btc,0.0,0.0,0.000000020010,btc,0.0,0.0,0.0,236
1,[],20,[],2019-02-16 04:54:15,72066963.6898,0.000000076,0.0000000000027527732,6684127,2019-02-16 04:54:15,btc,15.5086820699474,36530186.2244,0.000000076,btc,30297309.2886,2.7434186657126,0.7360195701643,237
1,[],22,[],2019-02-16 04:54:20,136267.0,0.00000004,0.000000000001448828,6684128,2019-02-16 04:54:20,BTC,0.0405823,0.0,0.00000004,"BTC,LTC",3164.0,0.00151375,0.00541601,237
1,[],4,[],2019-02-16 04:54:22,4180631.13237867,0.00000033,0.000000000011952831,6684129,2019-02-16 04:54:22,btc,0.4100120076236084,0.0,0.00000033,btc,1107844.83464154,0.36142876,1.253926307113252,238
1,[],5,[],2019-02-16 04:54:24,4.25e-06,0.00000033,0.000000000011952831,6684130,2019-02-16 04:54:24,btc,0.75390931,0.00356048,0.00000033,btc,2.957e-05,0.0,0.30422474,238
0,[],22,[],2019-02-16 04:54:27,0.0,0,0,6684131,2019-02-16 04:54:27,,1951.15978688,0.0,0,,366433.0639027493,0.0,0.0,249
0.0000000001197117,[],22,[],2019-02-16 04:36:28,7025765.666666667,3.591351e-18,1.3023459785340001e-22,6683739,2019-02-16 04:36:28,LTC,0.56670218,0.0,0.00000003,LTC,15147487.09,0.0,0.20977599,252
1,[],28,[],2019-02-16 04:54:29,3649212.286,0.00000009,0.0000000000032598630000000003,6684132,2019-02-16 04:54:29,btc,164693.69126435215,73929.6,0.00000009,btc,1035384.2751,0.0,0.1990666963,256
1,[],22,[],2019-02-16 04:54:32,1507961.0,0.00000003,0.000000000001086621,6684133,2019-02-16 04:54:32,BTC,30.16036281,0.0,0.00000003,BTC,433169.92423192423,0.00052059,0.04409355,258
1,[],22,[],2019-02-16 04:46:03,49651.0,0.00000002,0.000000000000724076,6683941,2019-02-16 04:46:03,BTC,2.629917,0.0,0.00000002,BTC,1762.0,0.0,0.00050551,259
1,[],22,[],2019-02-16 04:54:37,10618.907741935484,0.00001550,0.0000000005614208500000001,6684134,2019-02-16 04:54:37,BTC,1293.01329306,0.0,0.00001550,"BTC,LTC",5400.873155451243,0.0099045,0.01547772,262
1,[],5,[],2019-02-16 04:54:38,1.714e-05,0.00000133,0.000000000048173531,6684135,2019-02-16 04:54:38,btc,0.7347305,0.14216183,0.00000133,btc,0.00030931,0.0,0.23968196,264
1,[],20,[],2019-02-16 04:54:40,1199124.0439,0.000001212,0.0000000000438994884,6684136,2019-02-16 04:54:40,btc,4.936722824969,150219.7848,0.000001212,btc,90572.9866,0.440446351885,0.0529681403211,264
1,[],22,[],2019-02-16 04:54:45,73606.5,0.00000002,0.000000000000724414,6684137,2019-02-16 04:54:45,BTC,8.41108046,0.0,0.00000002,BTC,382316.05885485065,0.000435,0.0009745,271
0,[],22,[],2019-02-16 04:54:47,0.0,0,0,6684138,2019-02-16 04:54:47,,388.44178703,0.0,0,,15473097515.9,0.0,0.0,272
0.0000000000000052,[],28,[],2019-02-16 04:54:52,199866600107.014,4.16e-21,1.5067811200000001e-25,6684139,2019-02-16 04:54:52,doge,441289160.75729996,57148302962.229,0.0000008,doge,212535818991.1996,0.0,5.057090543144353e-10,272
1,[],22,[],2019-02-16 04:54:57,11542.0,0.00001000,0.000000000362207,6684140,2019-02-16 04:54:57,BTC,74.22534689,0.0,0.00001000,"BTC,LTC",3795.7875453233178,0.03669081,0.01653632,281
