pairValue,buyBook,exchangeId,sellBook,updated,buyTotal,satoshiPrice,usdPrice,exchangeLogId,created,bestPair,sellTotalBtc,volume,pairPrice,activePairs,sellTotal,volumeBtc,buyTotalBtc,coinId
1,[],3,[],2019-07-04 20:08:20,31384.768173039625,0.00764337999999999996580957173364367918111383914947509765625,0.000000894854828204,7796503,2019-07-04 20:08:20,btc,11.361526654673156,78.9862792941,0.00764337999999999996580957173364367918111383914947509765625,btc,38.793915637645,0.0,0.18066096066305054,1
1,[],4,[],2019-07-04 20:08:21,208880.61013348,0.00767491,0.000000898546228178,7796504,2019-07-04 20:08:21,btc,6.729064174361897,0.0,0.00767491,btc,401.33234541,3.98743458,5.410253524045236,1
1,[],5,[],2019-07-04 20:08:23,0.0,0,0,7796505,2019-07-04 20:08:23,btc,0.0,0.01325059,0,btc,0.0,0.0,0.0,1
1,[],10,[],2019-07-04 20:08:26,247000.46082863,0.00260007,0.000000304405275306,7796506,2019-07-04 20:08:26,btc,6525.178835477974,1264.04038895,0.00260007,btc,1919.65015273,0.0,1.4188078834635731,1
1,[],12,[],2019-07-04 20:08:28,92.80677456000001,0.007769999999999999996946886682280819513835012912750244140625,0.000000909678966,7796507,2019-07-04 20:08:28,btc,0.6477128770809,0.0,0.007769999999999999996946886682280819513835012912750244140625,btc,29.23402243,1.246802572138,0.1977763778622,1
1,[],20,[],2019-07-04 20:08:30,928.5987,0.007639349,0.0000008943828956542,7796508,2019-07-04 20:08:30,btc,0.1504861253972,0.7262,0.007639349,btc,11.3389,0.006027373433,0.12609050858,1
1,[],21,[],2019-07-04 20:08:32,2468.26701007,0.007777100000000000332156524507,0.0000009105102041800001,7796509,2019-07-04 20:08:32,btc,7.3980910000491305,5282.46261542,0.00777710000000000033215652450735433376394212245941162109375,"btc,eth",1410.53686772,37.92561185425108,13.932441080228386,1
1,[],22,[],2019-07-04 20:08:36,1.1199,0.00200000,0.0000002341516,7796510,2019-07-04 20:08:36,BTC,0.01667896,0.0,0.00200000,BTC,0.2541810146658512,0.0,0.00197189,1
1,[],24,[],2019-07-04 20:08:37,0.0,0.000000000000,0,7796511,2019-07-04 20:08:37,btc,0.0,0.0,0.000000000000,btc,0.0,0.0,0.0,1
0.0,[],25,[],2019-07-04 20:08:37,0.0,0,0,7796512,2019-07-04 20:08:37,btc,19.677099999208448,10496.87247405,0.0,btc,2431.3193626,80.2,0.0,1
1,[],26,[],2019-07-04 20:08:40,0.0,0,0,7796513,2019-07-04 20:08:40,,0.0,0.0,0,,0.0,0.0,0.0,1
1,[],28,[],2019-07-04 20:09:07,1039.924,0.00730000,0.00000085465334,7796514,2019-07-04 20:09:07,btc,0.373339197,118111.3119,0.00730000,btc,23.6711,0.0,0.268011296,1
0,[],2,[],2019-01-20 23:28:45,0.0,0,0,6477011,2019-01-20 23:28:45,,0.0,0.0,0,,0.0,0.0,0.0,1
1,[],5,[],2019-07-04 20:09:09,0.0,0,0,7796515,2019-07-04 20:09:09,btc,0.0,0.05258987,0,btc,0.0,0.0,0.0,2
1,[],22,[],2019-07-04 20:09:13,11550.3,0.0000002,0.00000000002341516,7796516,2019-07-04 20:09:13,BTC,21.00878619,0.0,0.0000002,"BTC,XMR",19931.59287795317,0.0,0.00143681,2
1,[],5,[],2019-06-03 14:48:58,0.0,0,0,7731126,2019-06-03 14:48:58,btc,0.0,0.05905545,0,btc,0.0,0.0,0.0,3
1,[],12,[],2019-06-03 14:48:59,3468623.70302,0.000000116,0.000000000009823402000000002,7731127,2019-06-03 14:48:59,btc,169531.0336573751,0.0,0.000000116,btc,2361209.62379607,0.041350953071,0.33764769154428,3
0,[],28,[],2019-06-03 14:49:00,0.0,0,0,7731128,2019-06-03 14:49:00,,0.0,0.0,0,,0.0,0.0,0.0,3
0,[],2,[],2019-01-20 23:31:32,0.0,0,0,6477077,2019-01-20 23:31:32,,0.0,0.0,0,,0.0,0.0,0.0,4
1,[],4,[],2019-05-18 21:29:50,562734.9206932,0.00000010,0.000000000007298720000000001,7650946,2019-05-18 21:29:50,btc,41.9347137769675,0.0,0.00000010,btc,1123702.32192634,0.00052462,0.029254593370966,4
0,[],12,[],2019-06-02 05:03:43,0.0,0,0,7724919,2019-06-02 05:03:43,btc,625.901992874995,0.0,0,btc,1211362.4995005,0.0,0.0,5
0,[],2,[],2019-01-20 23:31:51,0.0,0,0,6477087,2019-01-20 23:31:51,,0.0,0.0,0,,0.0,0.0,0.0,6
1,[],11,[],2019-07-03 09:34:02,4305910.27673599,0.00000001,0.000000000001114197,7791170,2019-07-03 09:34:02,btc,9583.61440324221,317319.0,0.00000001,btc,78212351.53970686,0.0,0.0430591027673599,6
1,[],3,[],2019-07-04 20:09:13,12620.493698511413,0.00006307000000000000431397972899816295466735027730464935302734375,0.000000007383970706000001,7796517,2019-07-04 20:09:13,btc,2027.9781651626104,627.29874475,0.00006307000000000000431397972899816295466735027730464935302734375,btc,442.814608954402,0.0,0.020715968225600873,7
1,[],4,[],2019-07-04 20:09:14,332766.03354955,0.00006972,0.000000008162524776,7796518,2019-07-04 20:09:14,btc,6.5952300086256,0.0,0.00006972,btc,51971.39277724,1.70948693,3.120205554173065,7
1,[],5,[],2019-07-04 20:09:16,0.0,0,0,7796519,2019-07-04 20:09:16,btc,0.0,0.11727055,0,btc,0.0,0.0,0.0,7
1,[],20,[],2019-04-07 22:06:50,3201475.0482,0.000000001,0.000000000000051590000000000004,7213932,2019-04-07 22:06:50,btc,30.8005781811902,0.0,0.000000001,btc,23077405.3926,0.0,0.0032014750482,8
1,[],4,[],2019-07-04 20:09:18,1782512.2012331,0.00000041,0.000000000048001078,7796520,2019-07-04 20:09:18,btc,2.749698229859925,0.0,0.00000041,btc,3224153.2311655,0.28476688,0.2886852654282115,9
1,[],28,[],2019-07-04 20:09:29,20043.809,0.00000042,0.000000000049171836,7796521,2019-07-04 20:09:29,btc,2708.795936875,114411.0,0.00000042,btc,60856.555,0.0,0.00270157978,9
0,[],2,[],2019-01-20 23:22:42,0.0,0,0,6476876,2019-01-20 23:22:42,,0.0,0.0,0,,0.0,0.0,0.0,9
0,[],23,[],2019-01-20 23:22:48,0.0,0,0,6476878,2019-01-20 23:22:48,,0.0,0.0,0,,0.0,0.0,0.0,9
1,[],1,[],2019-02-17 23:31:42,1822507.21,0.00000181000000000000003456111265232042484285557293333113193511962890625,0.000000000066086901,6701244,2019-02-17 23:31:42,btc,3.6990969245,17153386.5,0.00000181000000000000003456111265232042484285557293333113193511962890625,btc,1997391.71,31.11772986,3.2610482446,9
1,[],4,[],2019-02-17 11:22:43,4341674.27126056,0.00000002,0.0000000000007272960000000001,6696112,2019-02-17 11:22:43,btc,0.1997230937751353,0.0,0.00000002,btc,4109766.79808031,0.00215132,0.0479381022052112,10
1,[],4,[],2019-07-04 20:09:30,8091942.97509392,0.00000020,0.00000000002341516,7796522,2019-07-04 20:09:30,btc,7.399144703293668,0.0,0.00000020,btc,9774691.41177974,0.57251363,0.6161943387429244,12
1,[],5,[],2019-07-04 20:09:31,0.0,0,0,7796523,2019-07-04 20:09:31,btc,0.0,0.1140095,0,btc,0.0,0.0,0.0,12
0.0,[],25,[],2019-07-04 20:09:33,0.0,0,0,7796524,2019-07-04 20:09:33,,0.0,0.0,0.0,btc,0.0,0.0,0.0,12
0,[],2,[],2019-01-20 23:23:08,0.0,0,0,6476890,2019-01-20 23:23:08,,0.0,0.0,0,,0.0,0.0,0.0,12
1,[],4,[],2019-07-03 05:13:15,584689.47355813,0.00000244,0.0000000002788066,7790600,2019-07-03 05:13:15,btc,2.1849123684917955,0.0,0.00000244,btc,410884.35721095,0.22629225,0.257981043015862,13
1,[],21,[],2019-07-03 05:13:19,5464503.61926811,0.000002560000000000000053561755725,0.0000000002925184,7790601,2019-07-03 05:13:19,btc,2.210907882880977,615243.9733135,0.0000025600000000000000535617557251288900488361832685768604278564453125,btc,645862.4277429,1.61860588,2.668924574171489,13
1,[],10,[],2019-07-03 04:50:28,599111.48051128,0.00000253,0.000000000286717816,7790504,2019-07-03 04:50:28,btc,666798.5185763352,11564.1307772,0.00000253,btc,1070197.84077692,0.0,0.2329213413435623,13
1,[],4,[],2019-07-04 20:09:34,1007510.17420131,0.00000033,0.000000000038635014,7796525,2019-07-04 20:09:34,btc,3.0681649094968773,0.0,0.00000033,btc,1510979.78785705,0.00964521,0.0797174783054758,14
1,[],12,[],2019-07-04 20:09:36,231811.02092034,0.00000036,0.000000000042147288,7796526,2019-07-04 20:09:36,btc,186.35909043829977,0.0,0.00000036,btc,43747.2972986,3.54e-06,0.0160614219999878,14
1,[],26,[],2019-07-04 20:11:36,0.0,0.00000050,0.0000000000585379,7796527,2019-07-04 20:11:36,btc,0.0,0.0,0.00000050,btc,0.0,0.0,0.0,14
0,[],17,[],2019-05-03 00:53:32,0.0,0,0,7558876,2019-05-03 00:53:32,btc,0.0,0.0,0,btc,0.0,0.0,0.0,14
0,[],4,[],2019-07-04 20:11:37,0.0,0,0,7796528,2019-07-04 20:11:37,,0.0,0.0,0,,0.0,0.0,0.0,15
,[],12,[],2018-12-01 15:15:48,204241.84496,0.00000489,0.000000000202473384,5260204,2018-12-01 15:15:48,btc,49.5475654835,0.0,,btc,35763.2193806,0.0163153972027625,0.0203389899998,15
1,[],4,[],2019-07-04 20:11:39,33305.1365686,0.00000860,0.00000000100685188,7796529,2019-07-04 20:11:39,btc,2.35211121430724,0.0,0.00000860,btc,15389.18196533,0.04229603,0.0598739913617992,18
1,[],10,[],2019-07-04 20:11:41,412376.89218088,0.00000859,0.000000001005681122,7796530,2019-07-04 20:11:41,btc,15.065682288001891,3534.43616197,0.00000859,btc,19382.28793327,0.0,0.3664593278040853,18
1,[],12,[],2019-07-04 20:11:42,2220.49755699,0.00000821999999999999922568882926299238533829338848590850830078125,0.0000000009623630759999999,7796531,2019-07-04 20:11:42,btc,0.5282797830616082,0.0,0.00000821999999999999922568882926299238533829338848590850830078125,btc,1921.03099671,7.278671e-06,0.0048396944739796995,18
0,[],2,[],2019-01-20 23:23:38,0.0,0,0,6476906,2019-01-20 23:23:38,,0.0,0.0,0,,0.0,0.0,0.0,18
0,[],17,[],2019-05-03 00:53:39,0.0,0,0,7558882,2019-05-03 00:53:39,btc,0.0,0.0,0,btc,0.0,0.0,0.0,18
1,[],3,[],2019-07-04 20:13:43,162083.62586244,0.00000795000000000000011670352184633969727656221948564052581787109375,0.0000000009307526100000001,7796532,2019-07-04 20:13:43,btc,190.3750999209322,15869.4279348,0.00000795000000000000011670352184633969727656221948564052581787109375,btc,18862.778067940635,0.0,0.1099197245649476,19
1,[],4,[],2019-07-04 20:13:44,284649.85244006,0.00000650,0.0000000007609927,7796533,2019-07-04 20:13:44,btc,2.609175186761301,0.0,0.00000650,btc,176900.37396635,0.57545959,1.136389990263643,19
1,[],5,[],2019-07-04 20:13:45,0.0,0,0,7796534,2019-07-04 20:13:45,btc,0.0,0.0006012,0,btc,0.0,0.0,0.0,19
1,[],12,[],2019-07-04 20:13:46,107471.83499779,0.00000581000000000000027707003358301562911947257816791534423828125,0.000000000680210398,7796535,2019-07-04 20:13:46,btc,0.37207192054420307,0.0,0.00000581000000000000027707003358301562911947257816791534423828125,btc,3011.18497473,1.3606394e-05,0.0104521819998125,19
0,[],27,[],2019-07-04 20:13:53,0.0,0,0,7796536,2019-07-04 20:13:53,,0.0,0.0,0,btc,0.0,0.0,0.0,19
0,[],2,[],2019-01-20 23:24:19,0.0,0,0,6476924,2019-01-20 23:24:19,,0.0,0.0,0,,0.0,0.0,0.0,19
1,[],4,[],2019-07-04 20:13:54,9925191.09278478,0.00000005,0.00000000000585379,7796537,2019-07-04 20:13:54,btc,5.160614082205169,0.0,0.00000005,btc,2226103.13343337,0.0,0.1102994166205056,20
0,[],4,[],2019-07-03 05:17:38,0.0,0,0,7790614,2019-07-03 05:17:38,,13630.874493644571,0.0,0,,166276624.1737067,0.0,0.0,21
0,[],12,[],2019-07-03 05:17:41,0.0,0,0,7790615,2019-07-03 05:17:41,btc,2602.9596941675427,0.0,0,btc,9905024.55244751,3.996e-08,0.0,21
0,[],17,[],2019-05-03 00:53:51,0.0,0,0,7558891,2019-05-03 00:53:51,btc,0.0,0.0,0,btc,0.0,0.0,0.0,21
1,[],12,[],2019-07-04 20:13:55,7292056945.864567,0.0000000006,0.00000000000007024548,7796538,2019-07-04 20:13:55,btc,1426620318769.0115,0.0,0.0000000006,btc,3303615684.858141,0.103836241218,2.6243110460454835,23
0.000000000248973,[],27,[],2019-07-04 20:14:01,116599205.04295695,1.2448650000000002e-16,1.45743565767e-20,7796539,2019-07-04 20:14:01,eth,1360.3675085892228,1011515.97002997,0.0000005,eth,6218513.8506114,1.2592008404427e-10,1.0791257360993343e-08,23
1,[],4,[],2019-06-22 05:45:29,6100414.07522138,0.00000017,0.00000000001823352,7751732,2019-06-22 05:45:29,btc,10.22685272773715,0.0,0.00000017,btc,1790815.48208265,0.0,0.1345450262400025,24
0,[],22,[],2019-06-22 05:45:31,0.0,0,0,7751733,2019-06-22 05:45:31,,6.22e-05,0.0,0,,517.4264705882352,0.0,0.0,24
0.0,[],25,[],2019-06-22 05:45:32,0.0,0,0,7751734,2019-06-22 05:45:32,,0.0,0.0,0.0,btc,0.0,0.0,0.0,24
1,[],4,[],2019-07-04 20:14:02,26979576.08295308,0.00000321,0.000000000375813318,7796540,2019-07-04 20:14:02,btc,5.810958633918864,0.0,0.00000321,btc,203822.43734568,0.03812811,0.4999793428345547,26
1,[],10,[],2019-07-04 20:14:04,228980.47540883,0.00000359,0.000000000420302122,7796541,2019-07-04 20:14:04,btc,26.164092478182134,8485.04181026,0.00000359,btc,19954.58251598,0.0,0.0492213046377733,26
0,[],2,[],2019-01-20 23:25:56,0.0,0,0,6476976,2019-01-20 23:25:56,,0.0,0.0,0,,0.0,0.0,0.0,26
1,[],5,[],2019-04-26 09:47:06,0.0,0,0,7465326,2019-04-26 09:47:06,btc,0.0,0.0,0,btc,0.0,0.0,0.0,27
1,[],3,[],2019-06-17 14:30:26,13571825.64059417,0.00000001,0.00000000000092914,7740112,2019-06-17 14:30:26,btc,3.485049956644059,4264730.43754,0.00000001,btc,23500048.28518193,0.0,0.1357182564059417,27
1,[],11,[],2019-06-17 14:30:28,2031833.58157834,0.00000001,0.00000000000092914,7740113,2019-06-17 14:30:28,btc,67502.92060589766,32677.9652116,0.00000001,btc,6487362.95640949,0.0,0.0203183358157834,27
0.0000000001054565,[],4,[],2019-07-04 20:14:05,589498152.3341577,8.225607e-17,9.630195200106e-21,7796542,2019-07-04 20:14:05,ltc,10.6520645881494,0.0,0.00000078,ltc,679721095.5273309,0.01755343,1.1680887127838711e-08,29
1,[],7,[],2019-07-04 20:14:08,0.0,0,0,7796543,2019-07-04 20:14:08,btc,46548272.65737006,0.0,0,btc,50840126.10551067,0.0,0.0,29
1,[],4,[],2019-07-04 20:14:08,15213609.0400687,0.00000005,0.00000000000585379,7796544,2019-07-04 20:14:08,btc,2.573393984778842,0.0,0.00000005,btc,2249253.14278687,0.0,0.1681190645933902,30
0,[],17,[],2019-05-03 01:11:25,0.0,0,0,7559066,2019-05-03 01:11:25,btc,0.0,0.0,0,btc,0.0,0.0,0.0,30
1,[],4,[],2019-07-04 20:16:09,240965.01025424,0.00003004,0.000000003516957032,7796545,2019-07-04 20:16:09,btc,3.385078596559317,0.0,0.00003004,btc,57038.51110664,0.26481423,0.8324161795350162,31
1,[],21,[],2019-07-04 20:16:11,274677.62687662,0.00003249999999999999715288509505,0.0000000038049635,7796546,2019-07-04 20:16:11,btc,4.02875378807926,97488.90777045,0.0000324999999999999971528850950530653562964289449155330657958984375,btc,96379.48582072,3.33289449,2.966463105167838,31
0,[],2,[],2019-01-20 23:28:43,0.0,0,0,6477009,2019-01-20 23:28:43,,0.0,0.0,0,,0.0,0.0,0.0,32
0,[],4,[],2019-07-04 20:16:12,0.0,0,0,7796547,2019-07-04 20:16:12,,0.0,0.0,0,,0.0,0.0,0.0,33
1,[],12,[],2019-03-30 07:55:10,40641173.964,0.00000003,0.000000000001228359,7108785,2019-03-30 07:55:10,btc,4233210.82356125,0.0,0.00000003,btc,28378394.68333462,0.0126927883965248,0.90752895892,33
0.0000000001054565,[],4,[],2019-07-04 20:16:13,148359279.4810566,4.21826e-17,4.9385616410800004e-21,7796548,2019-07-04 20:16:13,ltc,4.5760893206356315,0.0,0.0000004,ltc,170208254.7808905,0.0,5.989021269095564e-10,34
1,[],5,[],2019-07-04 20:16:14,0.0,0,0,7796549,2019-07-04 20:16:14,btc,0.0,0.0,0,btc,0.0,0.0,0.0,34
0.0000000002926451,[],17,[],2019-05-02 18:17:47,200000.0,2.9264510000000002e-18,1.596703856561e-22,7556430,2019-05-02 18:17:47,eth,0.20942468735267253,0.0,0.00000001,"btc,eth",1018272.20243647,0.0,5.852902e-13,36
0.0000000001311821,[],4,[],2019-05-31 13:28:19,2417517744.0607657,1.311821e-18,1.105058333085e-22,7717483,2019-05-31 13:28:19,ltc,5.019900492391546e-08,0.0,0.00000001,ltc,7102398142.262129,0.0,3.171350544531538e-09,36
1,[],5,[],2019-05-31 13:28:21,0.0,0,0,7717484,2019-05-31 13:28:21,btc,0.0,0.0,0,btc,0.0,0.0,0.0,36
0.0000000003108179,[],27,[],2019-05-31 13:30:34,10388811.226876,6.216358000000001e-18,5.236566733830001e-22,7717485,2019-05-31 13:30:34,eth,1569.8708019850988,761866.634299,0.00000002,"ltc,eth",5084024.2511555,4.736034912207001e-12,3.3251980286483705e-11,36
1,[],4,[],2019-06-25 10:05:55,10747826.61931615,0.00000014,0.000000000015920562,7762320,2019-06-25 10:05:55,btc,19773.05513423956,0.0,0.00000014,btc,682946.14349671,0.0006293,0.1362851255028938,37
1,[],12,[],2019-06-25 10:05:57,4167862.54235103,0.00000013,0.000000000014783379,7762321,2019-06-25 10:05:57,btc,7.381091518261743,0.0,0.00000013,btc,1713444.53926904,0.016313049979,0.1478110147956336,37
1,[],27,[],2019-06-25 10:08:02,10970.0,0.00000019,0.000000000021606477,7762322,2019-06-25 10:08:02,btc,22.62970013895233,0.0,0.00000019,btc,4298.824295,0.0,0.00167419,37
1,[],17,[],2019-05-03 01:11:36,211752.74075282,0.00000025,0.000000000013700074999999998,7559074,2019-05-03 01:11:36,btc,0.055484923955058496,0.0,0.00000025,"btc,eth",1387.19918473,0.0,0.0005381851887916605,37
1,[],5,[],2019-07-04 20:16:15,0.0,0,0,7796550,2019-07-04 20:16:15,btc,0.0,0.20208694,0,btc,0.0,0.0,0.0,42
1,[],12,[],2019-07-04 20:16:17,192871.49245648,0.00000110999999999999996035831596741250137938550324179232120513916015625,0.000000000129954138,7796551,2019-07-04 20:16:17,btc,525.2822025524355,0.0,0.00000110999999999999996035831596741250137938550324179232120513916015625,btc,150008.94610805,0.077419918889,0.0423814409516144,42
1,[],27,[],2019-07-04 20:16:25,100.0,0.00000002,0.000000000002341516,7796552,2019-07-04 20:16:25,btc,0.16000285,0.0,0.00000002,"btc,eth",32.0,0.0,2e-06,42
1,[],12,[],2019-03-13 09:13:29,1112112.0,0.00000001,0.000000000000386531,6919902,2019-03-13 09:13:29,btc,29058.00478931866,0.0,0.00000001,btc,5967681.93306694,9.99000999e-07,0.01112112,43
1,[],5,[],2019-04-26 22:38:52,0.0,0,0,7474154,2019-04-26 22:38:52,btc,0.0,0.02638891,0,btc,0.0,0.0,0.0,43
0,[],17,[],2019-04-26 22:38:53,0.0,0,0,7474155,2019-04-26 22:38:53,btc,0.0,0.0,0,btc,0.0,0.0,0.0,43
1,[],12,[],2019-03-05 01:54:08,639326.02,0.00000004,0.000000000001486676,6845775,2019-03-05 01:54:08,btc,11116042.728239931,0.0,0.00000004,btc,1103841.4595604,0.0003330765234764,0.014975410599999999,44
0.0000000001054565,[],4,[],2019-07-04 20:16:26,105601144.21315742,4.640086e-17,5.432417805188e-21,7796553,2019-07-04 20:16:26,ltc,1804.4140214101906,0.0,0.00000044,ltc,28371285.17363348,0.0,4.5294192888546765e-10,49
0.0000000001054565,[],4,[],2019-07-04 20:16:27,317251444.47919583,2.4254995e-17,2.8396729436210002e-21,7796554,2019-07-04 20:16:27,ltc,25191.980755172688,0.0,0.00000023,ltc,193241460.82484448,0.0,1.935353206733816e-09,52
0,[],22,[],2019-07-04 19:51:18,0.0,0,0,7796442,2019-07-04 19:51:18,,10289.80784133,0.0,0,,287058287.4566013,0.0,0.0,57
0,[],27,[],2019-07-04 19:51:25,0.0,0,0,7796443,2019-07-04 19:51:25,,0.0,0.0,0,"btc,eth",0.0,0.0,0.0,57
0,[],4,[],2019-07-04 20:16:28,0.0,0,0,7796555,2019-07-04 20:16:28,,19.719114900960033,0.0,0,,6107323378.36852,0.0,0.0,58
0,[],12,[],2019-07-04 20:16:29,0.0,0,0,7796556,2019-07-04 20:16:29,btc,657919583.3153033,0.0,0,btc,3816422196.21675,0.000202585715,0.0,58
0.00000000007746860000000001,[],22,[],2019-07-04 20:18:33,126877.0,7.746860000000001e-19,9.069698319880001e-23,7796557,2019-07-04 20:18:33,XMR,68.17454206,0.0,0.00000001,XMR,9626402.6,0.0,0.00126877,58
1,[],17,[],2019-05-03 01:12:09,1200000.0,0.0000000001,0.00000000000000548003,7559085,2019-05-03 01:12:09,btc,1e+24,0.0,0.0000000001,"btc,eth",39516342.31952568,0.0,0.00010000000058666061,58
1,[],5,[],2019-06-17 14:31:27,0.0,0,0,7740135,2019-06-17 14:31:27,btc,0.0,0.00079154,0,btc,0.0,0.0,0.0,61
1,[],22,[],2019-06-17 14:31:30,13612.833333333334,0.00000012,0.00000000001114968,7740136,2019-06-17 14:31:30,BTC,1002.29123003,0.0,0.00000012,BTC,15014.200177125656,0.0,0.00153257,61
1,[],26,[],2019-06-17 14:31:30,0.0,0.00000050,0.000000000046457,7740137,2019-06-17 14:31:30,btc,0.0,0.0,0.00000050,btc,0.0,0.0,0.0,61
1,[],27,[],2019-06-17 14:31:36,8400.0,0.00000018,0.00000000001672452,7740138,2019-06-17 14:31:36,btc,1.9742539297246655,0.0,0.00000018,"btc,eth",10953.51663696,0.0,0.001512,61
0,[],28,[],2019-06-17 14:31:38,0.0,0,0,7740139,2019-06-17 14:31:38,,0.0,0.0,0,,0.0,0.0,0.0,61
1,[],4,[],2019-07-04 20:18:34,1434375.35976046,0.00000037,0.000000000043318046,7796558,2019-07-04 20:18:34,btc,3.1432430150949235,0.0,0.00000037,btc,1284453.644899,0.05660054,0.2510559978966026,67
0.0,[],25,[],2019-07-04 20:18:36,0.0,0,0,7796559,2019-07-04 20:18:36,,0.0,0.0,0.0,btc,0.0,0.0,0.0,67
1,[],12,[],2019-06-02 06:23:14,910048.355,0.00000006,0.000000000005154929999999999,7725270,2019-06-02 06:23:14,btc,5.167005424215783,0.0,0.00000006,btc,738530.60239759,0.003159757462,0.0187188113,71
,[],5,[],2018-11-20 23:02:39,1.5e-07,0.00000005,0.000000000002128045,4862160,2018-11-20 23:02:39,btc,2.84511358,0.0,,btc,0.00036572,0.0,0.07381892,74
1,[],5,[],2019-07-04 20:18:37,0.0,0,0,7796560,2019-07-04 20:18:37,btc,0.0,0.00532147,0,btc,0.0,0.0,0.0,75
1,[],4,[],2019-06-04 03:25:15,715281.46076168,0.00000001,0.000000000000803619,7734085,2019-06-04 03:25:15,btc,581089.6218469425,0.0,0.00000001,btc,37692563.61091116,0.0,0.0071528146076168,81
0,[],20,[],2019-01-25 09:30:31,0.0,0,0,6495923,2019-01-25 09:30:31,btc,0.0,0.0,0,btc,0.0,0.0,0.0,81
1,[],4,[],2019-07-04 20:18:38,186297.85437615,0.00006619,0.000000007749247202,7796561,2019-07-04 20:18:38,btc,59.154649621919496,0.0,0.00006619,btc,129436.33998011,0.23384435,0.4144943888200669,82
1,[],21,[],2019-07-04 20:18:39,282832.0678883,0.00006252999999999999931974553613,0.000000007320749774,7796562,2019-07-04 20:18:39,btc,3.9109078250357747,10988.00311685,0.000062529999999999999319745536130454865997307933866977691650390625,btc,42639.70594899,0.69151288,2.696776376962192,82
0,[],17,[],2019-03-25 22:42:34,0.0,0,0,7038780,2019-03-25 22:42:34,btc,0.0445064681804024,0.0,0,btc,995513.18476001,0.0,0.0,84
0.0000000001161485,[],4,[],2019-05-20 13:09:39,216715621.0206096,1.161485e-18,9.0533806701e-23,7657228,2019-05-20 13:09:39,ltc,1.6511566870244727,0.0,0.00000001,ltc,471032407.9048656,0.0,2.5171194308112273e-10,85
,[],22,[],2018-11-20 23:09:34,3408.1,0.0000001,0.0000000000041895,4862324,2018-11-20 23:09:34,BTC,0.04624735,0.0,,BTC,4990.0,0.0,0.00033081,86
1,[],22,[],2019-07-04 20:18:43,27288.0,0.00000001,0.000000000001170758,7796563,2019-07-04 20:18:43,BTC,1.86422327,0.0,0.00000001,BTC,388878.94736842107,0.0001,0.00027288,87
1,[],27,[],2019-07-04 20:18:49,84756.3,0.00000006,0.0000000000070245480000000005,7796564,2019-07-04 20:18:49,btc,15.9711223956,8240.0,0.00000006,btc,640001.188,0.0004944,0.004611768,87
,[],2,[],2018-11-20 23:10:47,0.0,0,0,4862359,2018-11-20 23:10:47,,0.0,0.0,,,0.0,0.0,0.0,88
1,[],11,[],2019-06-17 14:31:59,193715.3529613,0.000073310000000000001140094962881477158589405007660388946533203125,0.00000000681152534,7740147,2019-06-17 14:31:59,btc,168.35454702024953,5791.70569014,0.000073310000000000001140094962881477158589405007660388946533203125,btc,196971.41170107,0.0,1.1996165759440112,89
0,[],2,[],2019-01-20 23:31:45,0.0,0,0,6477083,2019-01-20 23:31:45,,0.0,0.0,0,,0.0,0.0,0.0,91
1,[],12,[],2019-07-04 20:18:51,398158.86741739,0.00000029,0.000000000033951982,7796565,2019-07-04 20:18:51,btc,121.18957065736544,0.0,0.00000029,btc,294572.4339166,0.0001778947,0.0262268934538406,91
1,[],22,[],2019-07-04 20:20:55,75900.0,0.00000001,0.000000000001170758,7796566,2019-07-04 20:20:55,BTC,0.495,0.0,0.00000001,"BTC,LTC",4.95,0.0,0.001659,91
0,[],17,[],2019-05-03 01:12:26,0.0,0,0,7559096,2019-05-03 01:12:26,btc,0.0,0.0,0,btc,0.0,0.0,0.0,91
1,[],22,[],2019-07-04 20:21:00,94060.0,0.00000002,0.000000000002341516,7796567,2019-07-04 20:21:00,BTC,11.52307074,0.0,0.00000002,"BTC,LTC",341043.4683191416,0.0,0.0662712,95
0.0000000001054565,[],4,[],2019-07-04 20:21:01,536853622.4137508,2.7418690000000002e-17,3.2100650667020002e-21,7796568,2019-07-04 20:21:01,ltc,10.868243575976813,0.0,0.00000026,ltc,155043330.30523202,0.0,6.890469234054387e-10,96
0,[],12,[],2019-07-04 20:21:03,0.0,0,0,7796569,2019-07-04 20:21:03,btc,36.38379579651349,0.0,0,btc,10035220.65134864,0.0,0.0,96
0,[],17,[],2019-05-03 01:12:32,0.0,0,0,7559100,2019-05-03 01:12:32,btc,0.0,0.0,0,btc,0.0,0.0,0.0,96
1,[],4,[],2019-04-14 03:32:46,1039404.33283278,0.00000038,0.000000000019245518,7293458,2019-04-14 03:32:46,btc,4.170086055365747,0.0,0.00000038,btc,3097704.34561074,0.06260606,0.1859928211030784,99
1,[],4,[],2019-07-04 20:23:04,171918.62758506,0.00001236,0.000000001447056888,7796570,2019-07-04 20:23:04,btc,12.898715855682976,0.0,0.00001236,btc,287514.99660619,0.10881807,0.3420633112579228,100
0,[],2,[],2019-01-20 23:23:55,0.0,0,0,6476914,2019-01-20 23:23:55,,0.0,0.0,0,,0.0,0.0,0.0,100
1,[],22,[],2019-06-05 06:30:35,150000.0,0.00000002,0.000000000001558192,7740007,2019-06-05 06:30:35,BTC,28.56386409,0.0,0.00000002,BTC,12787.719,0.0,0.0017,101
1,[],4,[],2019-07-04 19:58:05,505849.64516169,0.00000131,0.000000000155039155,7796460,2019-07-04 19:58:05,btc,882.601590136592,0.0,0.00000131,btc,756268.57794028,0.01234694,0.0816829745126286,103
1,[],12,[],2019-06-17 14:32:14,179201505.10870332,0.000000005,0.00000000000046457,7740154,2019-06-17 14:32:14,btc,113577.79366343976,0.0,0.000000005,btc,79148141.67831126,0.019059029059,0.27280986350611003,105
1,[],27,[],2019-06-17 14:32:19,18306828.03496503,0.00000002,0.00000000000185828,7740155,2019-06-17 14:32:19,btc,180.7198218385489,1083.96503497,0.00000002,btc,276513.60142659,7.588e-05,0.3661365606993006,105
1,[],22,[],2019-04-21 00:17:26,21333.0,0.00000001,0.000000000000532493,7385819,2019-04-21 00:17:26,BTC,51.38182867,0.0,0.00000001,BTC,470435.0,0.0,0.00021333,107
1,[],26,[],2019-04-21 00:17:26,0.0,0.00000000,0,7385820,2019-04-21 00:17:26,btc,0.0,0.0,0.00000000,btc,0.0,0.0,0.0,107
1,[],5,[],2019-07-04 20:23:05,0.0,0,0,7796571,2019-07-04 20:23:05,btc,0.0,0.0,0,btc,0.0,0.0,0.0,112
0,[],22,[],2019-07-04 20:23:08,0.0,0,0,7796572,2019-07-04 20:23:08,,6.79500102,0.0,0,,3375892.0833333335,0.0,0.0,112
1,[],27,[],2019-07-04 20:23:16,1.0,0.00000001,0.000000000001170758,7796573,2019-07-04 20:23:16,btc,0.0,0.0,0.00000001,"btc,eth",0.0,0.0,1e-08,112
1,[],4,[],2019-07-04 20:23:17,998562.79644758,0.00000038,0.000000000044488804,7796574,2019-07-04 20:23:17,btc,6.193248245238234,0.0,0.00000038,btc,950087.54621053,0.01118087,0.1214704835859251,113
1,[],5,[],2019-07-04 20:23:18,0.0,0,0,7796575,2019-07-04 20:23:18,btc,0.0,0.00020271,0,btc,0.0,0.0,0.0,113
1,[],27,[],2019-07-04 20:25:25,95525.16595526,0.00000001,0.000000000001170758,7796576,2019-07-04 20:25:25,btc,3918.966122084,0.0,0.00000001,btc,85259.687,0.0,0.0009552516595526,116
1,[],17,[],2019-04-26 02:17:47,162738.278,0.00000004,0.0000000000021069000000000002,7461287,2019-04-26 02:17:47,btc,1.3331140273775473,0.0,0.00000004,btc,51796.221,0.0,0.00230953112,116
1,[],4,[],2019-05-21 22:31:11,138169.03963019,0.00000701,0.000000000558364025,7664793,2019-05-21 22:31:11,btc,150.95388250938234,0.0,0.00000701,btc,344631.17141974,0.07552974,0.4288357684941946,120
1,[],7,[],2019-05-21 22:31:12,3901.07750076,0.000010679999999999999389654892212320191902108490467071533203125,0.0000000008506887,7664794,2019-05-21 22:31:12,btc,231188.94669936574,0.0,0.000010679999999999999389654892212320191902108490467071533203125,btc,4133.83151364,0.0,0.0113888422364489,120
1,[],20,[],2019-04-07 18:42:29,1914137.0852,0.000000035,0.0000000000017871910000000002,7211992,2019-04-07 18:42:29,btc,32.2497668025648,25528.85,0.000000035,btc,1001975.4986,0.00089350975,0.0152723574729,125
1,[],22,[],2019-06-17 14:32:38,10000.0,0.00000001,0.00000000000092914,7740161,2019-06-17 14:32:38,BTC,0.032061,0.0,0.00000001,BTC,299316.7611111111,0.0,0.0001,126
0,[],2,[],2019-01-20 23:25:46,0.0,0,0,6476969,2019-01-20 23:25:46,,0.0,0.0,0,,0.0,0.0,0.0,131
1,[],17,[],2019-05-03 01:13:10,10000.0,0.00000001,0.000000000000548003,7559115,2019-05-03 01:13:10,btc,0.0953976503951408,0.0,0.00000001,btc,5037.62507334,0.0,0.0001,131
1,[],4,[],2019-07-04 20:00:29,413855.2377917,0.00000331,0.000000000391740155,7796467,2019-07-04 20:00:29,btc,2.5079593150499977,0.0,0.00000331,btc,198754.65754669,0.09818174,0.4026061585087832,131
1,[],4,[],2019-06-17 14:32:42,4848.49465417,0.00007919,0.00000000735785966,7740163,2019-06-17 14:32:42,btc,0.9905723729472744,0.0,0.00007919,btc,202.13055914,0.0,0.0061509344290166,135
1,[],3,[],2019-07-04 20:02:30,2684.76592867,0.00000001,0.000000000001183505,7796468,2019-07-04 20:02:30,btc,419.87971413036036,2097534.1768,0.00000001,btc,3152652.92268437,0.0,2.68476592867e-05,136
1,[],4,[],2019-07-04 20:02:31,155527.86693179,0.00000135,0.00000000015977317499999999,7796469,2019-07-04 20:02:31,btc,112.57363438262189,0.0,0.00000135,btc,535470.47815603,0.00485068,0.1099945213252563,137
1,[],12,[],2019-07-04 20:02:32,70235.01238526,0.0000015000000000000000380012861456169304119612206704914569854736328125,0.00000000017752575,7796470,2019-07-04 20:02:32,btc,57.900740952128984,0.0,0.0000015000000000000000380012861456169304119612206704914569854736328125,btc,81903.41598677001,0.0,0.0164983859999595,137
1,[],17,[],2019-05-03 01:13:16,32967.38636364,0.00000088,0.000000000048224264,7559122,2019-05-03 01:13:16,btc,20.06976206696776,0.0,0.00000088,btc,2746.079105,0.0,0.0105613000000032,142
1,[],4,[],2019-07-04 20:02:33,307113.62316158,0.00000974,0.0000000011527338699999999,7796471,2019-07-04 20:02:33,btc,6.11715603842504,0.0,0.00000974,btc,189605.33520717,0.30165083,0.3324051555796828,142
1,[],5,[],2019-07-04 20:02:34,0.0,0,0,7796472,2019-07-04 20:02:34,btc,0.0,0.00256963,0,btc,0.0,0.0,0.0,142
1,[],20,[],2019-07-04 20:04:36,113244.2024,0.0000075,0.00000000088762875,7796473,2019-07-04 20:04:36,btc,1.5678423488953,0.01,0.0000075,btc,9882.1432,7.5e-08,0.0068567334892,142
1,[],22,[],2019-07-04 20:04:39,10820.0,0.00000600,0.000000000710103,7796474,2019-07-04 20:04:39,BTC,2.99759384,0.0,0.00000600,BTC,835.7198755539798,0.0,0.0053672,142
0.0,[],25,[],2019-07-04 20:04:42,0.0,0,0,7796475,2019-07-04 20:04:42,,0.0,0.0,0.0,btc,0.0,0.0,0.0,142
1,[],28,[],2019-07-04 20:04:44,76110.0,0.00001110,0.00000000131369055,7796476,2019-07-04 20:04:44,btc,0.438587390411,4486.0,0.00001110,btc,1381.1951,0.0,0.0042182,142
0,[],22,[],2019-07-04 20:04:46,0.0,0,0,7796477,2019-07-04 20:04:46,,67.81665877,0.0,0,,754491934.7744589,0.0,0.0,143
0,[],22,[],2019-02-25 15:42:22,0.0,0,0,6783783,2019-02-25 15:42:22,,4.2131946,0.0,0,,2322156.0,0.0,0.0,146
,[],22,[],2018-11-20 23:01:11,0.0,0,0,4862114,2018-11-20 23:01:11,,2.56807021,0.0,,,61828.4988236,0.0,0.0,147
1,[],12,[],2019-04-21 06:38:04,193091.5971266,0.00000071,0.000000000037635183,7388679,2019-04-21 06:38:04,btc,2.301232411611175,0.0,0.00000071,btc,9957.48302385,0.00023528,0.0313308199999888,148
1,[],4,[],2019-03-19 21:31:25,255810.0415942,0.00000029,0.000000000011615747,6982695,2019-03-19 21:31:25,btc,218.94922712414143,0.0,0.00000029,btc,793529.37642722,0.00117,0.0608347789473395,152
0,[],22,[],2019-03-19 21:31:27,0.0,0,0,6982696,2019-03-19 21:31:27,,0.0,0.0,0,,0.0,0.0,0.0,152
1,[],5,[],2019-04-26 09:36:59,0.0,0,0,7465040,2019-04-26 09:36:59,btc,0.0,0.0,0,btc,0.0,0.0,0.0,153
,[],16,[],2019-01-11 15:38:59,0.0,0,0,6366141,2019-01-11 15:38:59,btc,0.0,0.0,,btc,0.0,0.0,0.0,155
0,[],23,[],2019-01-20 23:24:29,0.0,0,0,6476932,2019-01-20 23:24:29,,0.0,0.0,0,,0.0,0.0,0.0,156
0,[],22,[],2019-06-04 06:02:09,0.0,0,0,7734688,2019-06-04 06:02:09,,7.43375324,0.0,0,,5955762.942592593,0.0,0.0,156
1,[],22,[],2019-07-04 20:04:50,6996.0,0.00000001,0.000000000001183505,7796478,2019-07-04 20:04:50,BTC,1.7543039,0.0,0.00000001,BTC,57.0,0.0,6.996e-05,157
0,[],22,[],2019-05-21 23:40:32,0.0,0,0,7665049,2019-05-21 23:40:32,,50234.60468402,0.0,0,,54786159.03179465,0.0,0.0,158
,[],17,[],2018-11-20 22:56:10,0.0,0,0,4861976,2018-11-20 22:56:10,btc,1.1265625,0.0,,btc,1000.0,0.0,0.0,159
,[],20,[],2018-11-20 22:56:12,0.0,0,0,4861977,2018-11-20 22:56:12,btc,11912.7940471,0.0,,btc,34413894.3617,0.0,0.0,159
1,[],12,[],2019-05-24 02:51:20,9178.522006449999,0.00000191999999999999982841307998027158276954651228152215480804443359375,0.000000000151222656,7676256,2019-05-24 02:51:20,btc,149.80414728631675,0.0,0.00000191999999999999982841307998027158276954651228152215480804443359375,btc,1115.7451448499999,0.01783167678326,0.0120075778999181,168
1,[],17,[],2019-05-03 01:13:36,42852.0,0.00000002,0.000000000001096006,7559132,2019-05-03 01:13:36,btc,0.04279856251542,0.0,0.00000002,btc,274.46171372,0.0,0.00052852,168
1,[],22,[],2019-05-17 03:01:52,10.0,0.00000001,0.000000000000778341,7642059,2019-05-17 03:01:52,BTC,41.95893009,0.0,0.00000001,BTC,1753972.7737547632,0.0,1e-07,169
1,[],22,[],2019-07-04 20:04:54,100126.0,0.00000001,0.000000000001183505,7796479,2019-07-04 20:04:54,BTC,27.84093381,0.0,0.00000001,"BTC,LTC",276616.94947371836,0.0,0.00119126,171
1,[],22,[],2019-05-29 08:05:18,349870.0,0.00000002,0.000000000001705894,7705265,2019-05-29 08:05:18,BTC,24.05907723,0.0,0.00000002,"BTC,LTC",1224285.4355616204,0.0,0.0039847,173
1,[],5,[],2019-07-04 20:04:56,0.0,0,0,7796480,2019-07-04 20:04:56,btc,0.0,0.00815822,0,btc,0.0,0.0,0.0,175
1,[],22,[],2019-06-17 14:33:12,90671.0,0.00000001,0.00000000000092914,7740175,2019-06-17 14:33:12,BTC,394.35459412,0.0,0.00000001,BTC,136275.61833431243,0.0,0.00090671,176
1,[],22,[],2019-07-04 20:05:00,30.0,0.00000001,0.000000000001183505,7796481,2019-07-04 20:05:00,BTC,1.00242428,0.0,0.00000001,BTC,57512.0,0.0,3e-07,178
1,[],7,[],2019-07-01 10:15:32,0.0,0,0,7783526,2019-07-01 10:15:32,btc,521516.2326888725,0.0,0,btc,26809253.73522063,0.0,0.0,178
0,[],2,[],2019-01-20 23:28:34,0.0,0,0,6477001,2019-01-20 23:28:34,,0.0,0.0,0,,0.0,0.0,0.0,178
1,[],5,[],2019-07-04 20:05:02,0.0,0,0,7796482,2019-07-04 20:05:02,btc,0.0,0.0,0,btc,0.0,0.0,0.0,179
0,[],22,[],2019-07-04 20:05:07,0.0,0,0,7796483,2019-07-04 20:05:07,,9.36109844,0.0,0,,14660796.311946675,0.0,0.0,179
0,[],23,[],2019-01-20 23:25:08,0.0,0,0,6476952,2019-01-20 23:25:08,,0.0,0.0,0,,0.0,0.0,0.0,179
1,[],22,[],2019-07-04 20:07:11,760316.9147420147,0.00000065,0.00000000007692782499999999,7796484,2019-07-04 20:07:11,BTC,40.64281577,0.0,0.00000065,"BTC,LTC",193911.411571008,0.00394137,0.59432447,180
1,[],26,[],2019-07-04 20:07:11,0.0,0.00000010,0.00000000001183505,7796485,2019-07-04 20:07:11,btc,0.0,0.0,0.00000010,btc,0.0,0.0,0.0,180
1,[],17,[],2019-05-03 01:13:56,20504.725000000002,0.0000001,0.00000000000548003,7559141,2019-05-03 01:13:56,btc,5.2010695838400265,0.0,0.0000001,btc,5033.45945,0.0,0.0011504725,180
,[],7,[],2018-11-20 22:58:01,562227.975654,0.00000085,0.000000000036176765,4862015,2018-11-20 22:58:01,btc,21836.6059674,2491.87645172,,btc,749999.041456,0.00211021,0.127565380455,183
,[],5,[],2019-01-10 08:11:41,0.0,0,0,6347036,2019-01-10 08:11:41,btc,82.15055501,0.00261,,btc,1.19002445,0.0,0.0,187
,[],17,[],2018-11-16 20:58:10,4062536.27273,0.00000001,0.000000000000550501,4708775,2018-11-16 20:58:10,btc,3.36492563466,0.195460381006,,"btc,eth",110697919.549,0.0,0.0157628953496,187
1,[],24,[],2019-05-22 21:04:52,0.0,0.000000000014,0.0000000000000010960978,7670219,2019-05-22 21:04:52,btc,0.0,0.0,0.000000000014,btc,0.0,0.0,0.0,187
0,[],22,[],2019-04-25 02:54:07,0.0,0,0,7447896,2019-04-25 02:54:07,,7.54794454,0.0,0,,76361.7243344055,0.0,0.0,191
0,[],22,[],2019-06-17 14:33:34,0.0,0,0,7740182,2019-06-17 14:33:34,,0.0,0.0,0,,0.0,0.0,0.0,197
0,[],22,[],2019-07-04 20:07:14,0.0,0,0,7796486,2019-07-04 20:07:14,,10.58263174,0.0,0,,84280969.0,0.0,0.0,199
1,[],26,[],2019-07-04 20:07:14,0.0,0.00000000,0,7796487,2019-07-04 20:07:14,btc,0.0,0.0,0.00000000,btc,0.0,0.0,0.0,199
0,[],23,[],2019-01-20 23:31:41,0.0,0,0,6477079,2019-01-20 23:31:41,,0.0,0.0,0,,0.0,0.0,0.0,199
0,[],2,[],2019-01-20 23:30:49,0.0,0,0,6477059,2019-01-20 23:30:49,,0.0,0.0,0,,0.0,0.0,0.0,201
1,[],4,[],2019-01-25 15:51:35,2084389.58565343,0.00000936,0.000000000333526752,6499557,2019-01-25 15:51:35,btc,2.0092503037378524,0.0,0.00000936,btc,160195.80207885,0.19272417,1.242687955921835,211
1,[],7,[],2019-07-01 02:21:28,1170054124.6898527,0.00000018,0.000000000019815389999999997,7782694,2019-07-01 02:21:28,btc,1346735.6331920293,0.0,0.00000018,btc,5516233.71348162,0.0,11.954344045954047,212
1,[],12,[],2019-01-25 02:44:32,207462.42853209,0.000001080000000000000035831255497387193287295303889550268650054931640625,0.000000000038610756000000006,6493050,2019-01-25 02:44:32,btc,85023.03793723314,0.0,0.000001080000000000000035831255497387193287295303889550268650054931640625,btc,43675.73520027,0.000146250909087,0.0348620860622024,213
1,[],5,[],2019-05-30 00:07:46,0.0,0,0,7709357,2019-05-30 00:07:46,btc,0.0,0.06425239,0,btc,0.0,0.0,0.0,213
1,[],24,[],2019-05-30 00:07:46,0.0,0.000000399202,0.0000000000344859829346,7709358,2019-05-30 00:07:46,btc,0.0,0.0,0.000000399202,btc,0.0,0.0,0.0,213
1,[],26,[],2019-05-30 00:07:47,0.0,0.00000040,0.000000000034554919999999996,7709359,2019-05-30 00:07:47,btc,0.0,0.0,0.00000040,btc,0.0,0.0,0.0,213
0,[],22,[],2019-07-04 17:48:19,0.0,0,0,7796148,2019-07-04 17:48:19,,9.54523049,0.0,0,,3658586.2040649247,0.0,0.0,216
0,[],27,[],2019-07-04 17:48:27,0.0,0,0,7796149,2019-07-04 17:48:27,,1998.8179475321786,0.0,0,"btc,ltc",550282.57344694,0.0,0.0,216
1,[],22,[],2019-07-04 20:07:20,511242.0,0.0000002,0.0000000000236701,7796488,2019-07-04 20:07:20,BTC,12055.862782,0.0,0.0000002,BTC,592540.9161858524,0.0014929,0.03423618,217
0,[],27,[],2019-07-04 20:07:27,0.0,0,0,7796489,2019-07-04 20:07:27,,250.20642758069673,0.0,0,btc,46772.535837,0.0,0.0,219
0.00000000000000287,[],28,[],2019-07-04 20:07:29,3298641998.17,6.314000000000001e-19,7.47265057e-23,7796490,2019-07-04 20:07:29,doge,125846.04510800431,4690.0,0.00022000,"btc,doge",120666781.230909,0.0,1.5955592634772005e-11,219
1,[],7,[],2019-06-27 19:02:35,0.0,0,0,7772298,2019-06-27 19:02:35,btc,2123800.2774640615,0.0,0,btc,82333746.4752352,0.0,0.0,219
0,[],22,[],2019-06-26 23:36:41,0.0,0,0,7769178,2019-06-26 23:36:41,,56.75439223,0.0,0,,184664.6482738741,0.0,0.0,221
1,[],24,[],2019-06-26 23:36:41,0.0,0.000000030000,0.000000000003835668,7769179,2019-06-26 23:36:41,btc,0.0,0.0,0.000000030000,btc,0.0,0.0,0.0,221
1,[],20,[],2019-06-17 14:34:11,26882155.8301,0.000000003,0.000000000000278742,7740192,2019-06-17 14:34:11,btc,100050.81956632523,233521.3529,0.000000003,btc,38769742.8604,0.0007925640587,0.0306863532672,224
0,[],22,[],2019-06-17 14:34:13,0.0,0,0,7740193,2019-06-17 14:34:13,,0.0,0.0,0,,0.0,0.0,0.0,224
1,[],26,[],2019-07-04 20:07:30,0.0,0.00000022,0.00000000002603711,7796491,2019-07-04 20:07:30,btc,0.0,0.0,0.00000022,btc,0.0,0.0,0.0,231
1,[],26,[],2019-07-04 20:07:30,0.0,0.00000005,0.000000000005917525,7796492,2019-07-04 20:07:30,btc,0.0,0.0,0.00000005,btc,0.0,0.0,0.0,234
0.0000000002497538,[],27,[],2019-07-04 20:07:38,100.0,2.497538e-18,2.95584871069e-22,7796493,2019-07-04 20:07:38,eth,0.0,0.0,0.00000001,"btc,eth",0.0,0.0,2.4975379999999997e-16,234
1,[],4,[],2019-05-22 17:06:12,91780.56053785,0.00000078,0.000000000061977552,7669277,2019-05-22 17:06:12,btc,5.573372450018177,0.0,0.00000078,btc,729173.93529783,0.0,0.0307060663355679,236
1,[],24,[],2019-05-22 17:06:12,0.0,0.000000010000,0.000000000000794584,7669278,2019-05-22 17:06:12,btc,0.0,0.0,0.000000010000,btc,0.0,0.0,0.0,236
1,[],5,[],2019-07-04 20:07:40,0.0,0,0,7796494,2019-07-04 20:07:40,btc,0.0,0.21650572,0,btc,0.0,0.0,0.0,237
1,[],20,[],2019-07-04 20:07:41,127744149.3317,0.000000058,0.000000000006864329,7796495,2019-07-04 20:07:41,btc,549.2601461663015,2258079.4574,0.000000058,btc,43942047.4973,0.1361320228766,0.859839000118,237
1,[],22,[],2019-07-04 20:07:45,2096499.0,0.00000005,0.000000000005917525,7796496,2019-07-04 20:07:45,BTC,1.20109922,0.0,0.00000005,"BTC,LTC",14430.948717948719,0.0,0.02732965,237
1,[],4,[],2019-07-04 20:07:47,25587727.16485208,0.00000005,0.000000000005917525,7796497,2019-07-04 20:07:47,btc,3.034777710893898,0.0,0.00000005,btc,14867070.00293808,0.04325675,0.4482916703875668,238
1,[],5,[],2019-07-04 20:07:48,0.0,0,0,7796498,2019-07-04 20:07:48,btc,0.0,0.01589264,0,btc,0.0,0.0,0.0,238
0,[],22,[],2019-03-12 16:49:32,0.0,0,0,6914458,2019-03-12 16:49:32,,0.40415746,0.0,0,,526736.5639027493,0.0,0.0,249
0,[],22,[],2019-07-04 00:31:08,0.0,0,0,7793393,2019-07-04 00:31:08,,13.44711564,0.0,0,,43776457.3426455,0.0,0.0,252
1,[],28,[],2019-07-04 20:07:50,868253.2,0.00000005,0.000000000005917525,7796499,2019-07-04 20:07:50,btc,205.617542583166,649547.5363,0.00000005,btc,5245195.2932,0.0,0.025939894,256
0.00000000010529449999999999,[],22,[],2019-07-04 20:07:54,10000.0,2.6323625e-17,3.1154141805624997e-21,7796500,2019-07-04 20:07:54,LTC,31471.46309386,0.0,0.00000025,LTC,721242.028948892,0.0,0.0025,258
1,[],22,[],2019-05-19 18:12:02,400.0,0.00000001,0.0000000000007957800000000001,7653905,2019-05-19 18:12:02,BTC,2.415167,0.0,0.00000001,BTC,157.0,0.0,4e-06,259
1,[],5,[],2019-07-02 14:44:15,0.0,0,0,7788374,2019-07-02 14:44:15,btc,0.0,0.02775788,0,btc,0.0,0.0,0.0,264
1,[],20,[],2019-07-02 14:44:17,953070.9962,0.000000178,0.000000000017956461999999998,7788375,2019-07-02 14:44:17,btc,1.1507330656826,14313.4023,0.000000178,btc,65222.866,0.0046947959544,0.0049363258649,264
0,[],22,[],2019-04-12 17:57:27,0.0,0,0,7278186,2019-04-12 17:57:27,,66.37522201,0.0,0,,677842.4169881374,0.0,0.0,271
0,[],22,[],2019-07-04 20:07:57,0.0,0,0,7796501,2019-07-04 20:07:57,,33050469.74148113,0.0,0,,14261527780.7,0.0,0.0,272
0.00000000000000287,[],28,[],2019-07-04 20:07:59,329264231524.487,3.4440000000000003e-22,4.07599122e-26,7796502,2019-07-04 20:07:59,doge,66648093.547336325,75254509363.2385,0.00000012,doge,234772227928.4076,0.0,6.081481489757518e-11,272
1,[],22,[],2019-05-23 07:12:29,219930.0,0.00000004,0.000000000003048688,7671985,2019-05-23 07:12:29,BTC,426.77835217,0.0,0.00000004,BTC,248664.3325962929,0.0,0.00739728,281
1,[],22,[],2019-07-02 18:15:29,1409605.9,0.00000002,0.000000000002147082,7789011,2019-07-02 18:15:29,BTC,7.87630805,0.0,0.00000002,"BTC,LTC",1137979.797623037,0.00674692,0.02432534,286
0,[],22,[],2019-06-17 14:34:53,0.0,0,0,7740207,2019-06-17 14:34:53,,7337915.80475575,0.0,0,,2078527309.6797826,0.0,0.0,294
