pairValue,buyBook,exchangeId,sellBook,updated,buyTotal,satoshiPrice,usdPrice,exchangeLogId,created,bestPair,sellTotalBtc,volume,pairPrice,activePairs,sellTotal,volumeBtc,buyTotalBtc,coinId
1,[],3,[],2019-02-18 05:24:06,30565.03831932422,0.01292558000000000074936057359309415915049612522125244140625,0.000000479478267774,6703818,2019-02-18 05:24:06,btc,107.0939320199584,0.006176402402,0.01292558000000000074936057359309415915049612522125244140625,btc,23.582381700951,0.0,0.3651942644644299,1
1,[],4,[],2019-02-18 05:24:07,84.60294291,0.01306915,0.000000484804039995,6703819,2019-02-18 05:24:07,btc,0.7674429685589689,0.0,0.01306915,btc,53.92145947,0.69660408,1.0230508729133045,1
1,[],5,[],2019-02-18 05:24:09,0.29530544,0.01300001,0.000000482239270953,6703820,2019-02-18 05:24:09,btc,147.75812674,0.33754919,0.01300001,btc,355556.37514077,0.0,1.96558993,1
1,[],10,[],2019-02-18 05:24:11,415322.77011203,0.0092016,0.00000034133611248000006,6703821,2019-02-18 05:24:11,btc,6527.177248333048,1944.60367668,0.0092016,btc,1215.80869455,0.0,3.7439980785631106,1
1,[],12,[],2019-02-18 05:24:14,10422.77790627,0.01291999999999999919342297260982377338223159313201904296875,0.000000479271276,6703822,2019-02-18 05:24:14,btc,0.3301634864542,0.0,0.01291999999999999919342297260982377338223159313201904296875,btc,18.25887669,1.2005356853612,0.1707962627815,1
1,[],20,[],2019-02-18 05:24:16,1152.9273,0.010500212,0.00000038950851420360005,6703823,2019-02-18 05:24:16,btc,0.0588401269655,0.0,0.010500212,btc,2.6354,0.0,0.1086609348315,1
1,[],21,[],2019-02-18 05:24:17,2537.89815995,0.01295480000000000068982597412,0.00000048056219244,6703824,2019-02-18 05:24:17,btc,25.148958664243185,4009.0426794200002,0.01295480000000000068982597412059476482681930065155029296875,"btc,eth",2412.74790973,48.43176942828481,24.307053246872798,1
1,[],22,[],2019-02-18 05:24:33,0.0163776,0.01300000,0.0000004822389,6703825,2019-02-18 05:24:33,BTC,0.31407927,0.0,0.01300000,BTC,0.10751954901960785,0.0,0.00020972,1
1,[],24,[],2019-02-18 05:24:34,0.0,0.000000000000,0,6703826,2019-02-18 05:24:34,btc,0.0,0.0,0.000000000000,btc,0.0,0.0,0.0,1
0.0,[],25,[],2019-02-18 05:24:35,0.0,0,0,6703827,2019-02-18 05:24:35,btc,31.556199997140823,1077.44959183,0.0,btc,2385.24716931,14.057,0.0,1
0,[],2,[],2019-01-20 23:28:45,0.0,0,0,6477011,2019-01-20 23:28:45,,0.0,0.0,0,,0.0,0.0,0.0,1
1,[],26,[],2019-02-18 05:24:44,0.0,0,0,6703828,2019-02-18 05:24:44,,0.0,0.0,0,,0.0,0.0,0.0,1
1,[],28,[],2019-02-18 05:24:50,992.968,0.01231000,0.000000456643143,6703829,2019-02-18 05:24:50,btc,0.162839806,17914.35,0.01231000,btc,8.9,0.0,0.086870176,1
1,[],5,[],2019-02-18 05:24:51,1.58e-05,0.00000066,0.000000000024482898,6703830,2019-02-18 05:24:51,btc,0.12690282,0.00154146,0.00000066,btc,6.166e-05,0.0,0.25300755,2
0,[],22,[],2019-02-18 05:24:54,0.0,0,0,6703831,2019-02-18 05:24:54,,0.0,0.0,0,,0.0,0.0,0.0,2
1,[],5,[],2019-02-18 05:24:56,1.29e-06,0.00000017,0.0000000000063062010000000005,6703832,2019-02-18 05:24:56,btc,3.54481632,0.0273268,0.00000017,btc,2.345e-05,0.0,3.39005902,3
1,[],12,[],2019-02-18 05:24:57,12762818.91934522,0.000000169,0.0000000000062691057000000005,6703833,2019-02-18 05:24:57,btc,923761.8591006319,0.0,0.000000169,btc,9077324.78432906,0.24578134454087197,0.5462196543678075,3
0,[],28,[],2019-02-18 05:25:02,0.0,0,0,6703834,2019-02-18 05:25:02,,0.0,0.0,0,,0.0,0.0,0.0,3
0,[],2,[],2019-01-20 23:31:32,0.0,0,0,6477077,2019-01-20 23:31:32,,0.0,0.0,0,,0.0,0.0,0.0,4
1,[],4,[],2019-02-18 05:25:03,451515.34115834,0.00000032,0.000000000011870496,6703835,2019-02-18 05:25:03,btc,0.3843001729051422,0.0,0.00000032,btc,337830.34099658,0.0,0.0625366395599025,4
1,[],12,[],2019-02-18 05:25:04,1364161.18866667,0.00000003,0.000000000001112859,6703836,2019-02-18 05:25:04,btc,11113878.262303386,0.0,0.00000003,btc,1200440.19484872,0.00187444,0.0220505104400001,5
0,[],2,[],2019-01-20 23:31:51,0.0,0,0,6477087,2019-01-20 23:31:51,,0.0,0.0,0,,0.0,0.0,0.0,6
1,[],11,[],2019-02-18 05:25:06,1381209.5,0.00000002,0.000000000000741906,6703837,2019-02-18 05:25:06,btc,9433.292073620638,10000.0,0.00000002,btc,40118064.15478057,0.0,0.019133885,6
1,[],3,[],2019-02-18 05:25:07,1094.829825610048,0.00015007999999999999964604702196169228045619092881679534912109375,0.000000005567262624000001,6703838,2019-02-18 05:25:07,btc,27.605796873748474,0.0,0.00015007999999999999964604702196169228045619092881679534912109375,btc,249.144760639695,0.0,0.03457359721698002,7
1,[],4,[],2019-02-18 05:25:08,14021.44932224,0.00024426,0.000000009060897978000001,6703839,2019-02-18 05:25:08,btc,4.371784377572906,0.0,0.00024426,btc,16623.48742619,4.75632635,2.867756136378103,7
1,[],5,[],2019-02-18 05:25:09,0.00810251,0.00023114,0.000000008574207642000001,6703840,2019-02-18 05:25:09,btc,1.73511241,0.65273202,0.00023114,btc,0.0145059,0.0,1.63726769,7
1,[],20,[],2019-02-18 05:25:11,39399800.8418,0.000000001,0.0000000000000370953,6703841,2019-02-18 05:25:11,btc,116.9737581404545,0.0,0.000000001,btc,56932990.8895,0.0,0.0393998008418,8
0,[],2,[],2019-01-20 23:22:42,0.0,0,0,6476876,2019-01-20 23:22:42,,0.0,0.0,0,,0.0,0.0,0.0,9
0,[],23,[],2019-01-20 23:22:48,0.0,0,0,6476878,2019-01-20 23:22:48,,0.0,0.0,0,,0.0,0.0,0.0,9
1,[],1,[],2019-02-17 23:31:42,1822507.21,0.00000181000000000000003456111265232042484285557293333113193511962890625,0.000000000066086901,6701244,2019-02-17 23:31:42,btc,3.6990969245,17153386.5,0.00000181000000000000003456111265232042484285557293333113193511962890625,btc,1997391.71,31.11772986,3.2610482446,9
1,[],4,[],2019-02-18 05:25:12,216305.47294018,0.00000180,0.00000000006677154,6703842,2019-02-18 05:25:12,btc,0.7673302342992872,0.0,0.00000180,btc,406876.62490153,1.93809088,0.3673377612055299,9
1,[],28,[],2019-02-18 05:25:14,43336.934,0.00000167,0.00000000006194915100000001,6703843,2019-02-18 05:25:14,btc,2708.76126858,3615125.0,0.00000167,btc,11769.36,0.0,0.04320967978,9
1,[],4,[],2019-02-17 11:22:43,4341674.27126056,0.00000002,0.0000000000007272960000000001,6696112,2019-02-17 11:22:43,btc,0.1997230937751353,0.0,0.00000002,btc,4109766.79808031,0.00215132,0.0479381022052112,10
0,[],2,[],2019-01-20 23:23:08,0.0,0,0,6476890,2019-01-20 23:23:08,,0.0,0.0,0,,0.0,0.0,0.0,12
1,[],4,[],2019-02-18 05:25:15,1280572.50236548,0.00000163,0.000000000060465339,6703844,2019-02-18 05:25:15,btc,1.6302521946713524,0.0,0.00000163,btc,943203.91301762,6.21783921,2.001060999839141,12
1,[],5,[],2019-02-18 05:25:16,3.09e-05,0.00000158,0.000000000058610574,6703845,2019-02-18 05:25:16,btc,0.58654611,0.69710263,0.00000158,btc,0.0001218,0.0,0.54938709,12
0.0,[],25,[],2019-02-18 05:25:17,0.0,0,0,6703846,2019-02-18 05:25:17,,0.0,0.0,0.0,btc,0.0,0.0,0.0,12
1,[],10,[],2019-02-18 03:38:00,452076.27913727,0.0000061,0.00000000022723415,6703258,2019-02-18 03:38:00,btc,666805.4491832178,7446.17102537,0.0000061,btc,724793.64260914,0.0,0.4081485080506997,13
1,[],4,[],2019-02-18 05:25:18,1394386.93680887,0.00000612,0.00000000022702323600000001,6703847,2019-02-18 05:25:18,btc,0.7594459472650643,0.0,0.00000612,btc,111027.8579482,0.26235683,1.8530708638526696,13
1,[],21,[],2019-02-18 05:25:22,886687.78081391,0.000006260000000000000203767124701,0.00000000023221657800000003,6703848,2019-02-18 05:25:22,btc,12.454568825242443,496432.17053747,0.0000062600000000000002037671247012706743362286943010985851287841796875,btc,1744188.54599255,3.09200407,5.078751870177816,13
0,[],17,[],2019-02-18 04:36:35,0.0,0,0,6703658,2019-02-18 04:36:35,btc,0.0,0.0,0,btc,0.0,0.0,0.0,14
1,[],4,[],2019-02-18 05:25:23,982402.39163583,0.00000137,0.000000000050820561000000006,6703849,2019-02-18 05:25:23,btc,0.1124910093199087,0.0,0.00000137,btc,62262.85795796,0.01391906,0.4069726904719823,14
1,[],12,[],2019-02-18 05:25:24,86061.2231405,0.000001269999999999999910766366496839285815667608403600752353668212890625,0.000000000047111031,6703850,2019-02-18 05:25:24,btc,3.746982623762518,0.0,0.000001269999999999999910766366496839285815667608403600752353668212890625,btc,29721.22909905,5.67432568e-06,0.009995180000005,14
1,[],26,[],2019-02-18 05:25:25,0.0,0.00000050,0.00000000001854765,6703851,2019-02-18 05:25:25,btc,0.0,0.0,0.00000050,btc,0.0,0.0,0.0,14
,[],12,[],2018-12-01 15:15:48,204241.84496,0.00000489,0.000000000202473384,5260204,2018-12-01 15:15:48,btc,49.5475654835,0.0,,btc,35763.2193806,0.0163153972027625,0.0203389899998,15
0,[],4,[],2019-02-18 05:25:26,0.0,0,0,6703852,2019-02-18 05:25:26,,0.0,0.0,0,,0.0,0.0,0.0,15
0,[],17,[],2019-02-18 04:36:42,0.0,0,0,6703664,2019-02-18 04:36:42,btc,0.0,0.0,0,btc,0.0,0.0,0.0,18
0,[],2,[],2019-01-20 23:23:38,0.0,0,0,6476906,2019-01-20 23:23:38,,0.0,0.0,0,,0.0,0.0,0.0,18
1,[],4,[],2019-02-18 05:25:27,28815.52944209,0.00001949,0.0000000007229873970000001,6703853,2019-02-18 05:25:27,btc,2.2380030222335616,0.0,0.00001949,btc,8566.99913432,0.00875301,0.1343604238050338,18
1,[],10,[],2019-02-18 05:25:29,787332.51987831,0.00001899,0.000000000704439747,6703854,2019-02-18 05:25:29,btc,15.534632748933152,4739.20544604,0.00001899,btc,10447.78527607,0.0,0.277093746106992,18
1,[],12,[],2019-02-18 05:25:30,204546.13706856,0.00001775000000000000115554267543505062576514319516718387603759765625,0.0000000006584415750000001,6703855,2019-02-18 05:25:30,btc,21.911084791431147,0.0,0.00001775000000000000115554267543505062576514319516718387603759765625,btc,1814.81997733,0.0024064622353277,0.0381794579908979,18
0,[],2,[],2019-01-20 23:24:19,0.0,0,0,6476924,2019-01-20 23:24:19,,0.0,0.0,0,,0.0,0.0,0.0,19
1,[],3,[],2019-02-18 05:25:33,123796.9766377446,0.000022929999999999998994137939689608174376189708709716796875,0.000000000850595229,6703856,2019-02-18 05:25:33,btc,0.5151629217797592,29.8912871105,0.000022929999999999998994137939689608174376189708709716796875,btc,7110.107464235501,0.0,0.14867449905390864,19
1,[],4,[],2019-02-18 05:25:34,322690.99503748,0.00002400,0.0000000008902872000000001,6703857,2019-02-18 05:25:34,btc,0.1204928521064815,0.0,0.00002400,btc,4383.11143641,0.41819524,3.4241501506762755,19
1,[],5,[],2019-02-18 05:25:35,0.00015129,0.00002101,0.0000000007793722530000001,6703858,2019-02-18 05:25:35,btc,0.25535599,0.00193539,0.00002101,btc,0.00299781,0.0,0.06667172,19
1,[],12,[],2019-02-18 05:25:36,134811.27424309,0.00002279000000000000033455009595950713219281169585883617401123046875,0.0000000008454018870000001,6703859,2019-02-18 05:25:36,btc,0.0295247967813548,0.0,0.00002279000000000000033455009595950713219281169585883617401123046875,btc,292.66393647,0.0,0.0326782000000211,19
0,[],27,[],2019-02-18 05:25:40,0.0,0,0,6703860,2019-02-18 05:25:40,,0.0,0.0,0,btc,0.0,0.0,0.0,19
1,[],4,[],2019-02-18 05:25:41,8073815.96800667,0.00000014,0.0000000000051933420000000005,6703861,2019-02-18 05:25:41,btc,0.7460851574177544,0.0,0.00000014,btc,1583096.66497752,0.00194132,0.2590475804358234,20
0,[],17,[],2019-02-18 04:27:10,0.0,0,0,6703471,2019-02-18 04:27:10,btc,0.0,0.0,0,btc,0.0,0.0,0.0,21
1,[],4,[],2019-02-18 05:25:42,111379306.5486164,0.00000002,0.000000000000741906,6703862,2019-02-18 05:25:42,btc,0.4052000963908996,0.0,0.00000002,btc,11921192.93946572,0.00560671,1.2654265748529683,21
1,[],12,[],2019-02-18 05:25:43,18409113.0,0.00000002,0.000000000000741906,6703863,2019-02-18 05:25:43,btc,669.7079376317495,0.0,0.00000002,btc,8590952.27073194,0.00012114997003,0.24040254,21
1,[],12,[],2019-02-18 05:25:45,2565737498.043896,0.0000000002,0.00000000000000741906,6703864,2019-02-18 05:25:45,btc,880864730542.8463,0.0,0.0000000002,btc,4235557896.0843673,0.007414526006193807,0.2601668683555898,23
0,[],27,[],2019-02-18 05:25:48,0.0,0,0,6703865,2019-02-18 05:25:48,,1.3429826565934113,0.0,0,eth,1964879.85514486,0.0,0.0,23
1,[],4,[],2019-02-18 05:25:49,308346.88158256,0.00000065,0.000000000024111945000000003,6703866,2019-02-18 05:25:49,btc,0.1695978539847451,0.0,0.00000065,btc,176592.50622229,0.0379453,0.1552817226812943,24
1,[],22,[],2019-02-18 05:25:52,11.76,0.00000100,0.0000000000370953,6703867,2019-02-18 05:25:52,BTC,7.415e-05,0.0,0.00000100,BTC,23.919354838709676,0.0,1.176e-05,24
0.0,[],25,[],2019-02-18 05:25:54,0.0,0,0,6703868,2019-02-18 05:25:54,,0.0,0.0,0.0,btc,0.0,0.0,0.0,24
0,[],2,[],2019-01-20 23:25:56,0.0,0,0,6476976,2019-01-20 23:25:56,,0.0,0.0,0,,0.0,0.0,0.0,26
1,[],4,[],2019-02-18 05:25:55,26861565.09257002,0.00000598,0.00000000022182989400000003,6703869,2019-02-18 05:25:55,btc,0.6087758662378895,0.0,0.00000598,btc,58332.50888314,0.10982211,0.4478095441723423,26
1,[],10,[],2019-02-18 05:25:57,682874.19163166,0.0000054,0.00000000020031462,6703870,2019-02-18 05:25:57,btc,25.927272136924913,275.07855722,0.0000054,btc,14351.41452713,0.0,0.2128385226438311,26
1,[],5,[],2019-02-18 05:26:00,1e-08,0.00000001,0.000000000000370953,6703872,2019-02-18 05:26:00,btc,1.59810511,0.0,0.00000001,btc,4.345e-05,0.0,0.09866515,27
1,[],11,[],2019-02-18 05:26:02,9803584.35433359,0.00000005,0.000000000001854765,6703873,2019-02-18 05:26:02,btc,67506.53097482225,8080.0,0.00000005,btc,8171781.9463934,0.0,0.458287845339645,27
1,[],3,[],2019-02-18 05:25:59,5844313.95913569,0.00000001,0.000000000000370953,6703871,2019-02-18 05:25:59,btc,2.692702696209302,165050.0,0.00000001,btc,16912524.61059958,0.0,0.0584431395913569,27
1,[],4,[],2019-02-18 05:26:03,613109552.6784338,0.00000002,0.000000000000741906,6703874,2019-02-18 05:26:03,btc,0.22088848451428106,0.0,0.00000002,"btc,ltc",16252034.59486913,0.16386391,8.271931623836872,29
1,[],7,[],2019-02-18 05:26:04,28336090.63491832,0.00000002,0.000000000000741906,6703875,2019-02-18 05:26:04,btc,44465227.260457814,782.0,0.00000002,btc,56312664.01797909,2.346e-05,0.41187488825014074,29
1,[],4,[],2019-02-18 05:26:05,1494068.58572925,0.00000030,0.000000000011128590000000002,6703876,2019-02-18 05:26:05,btc,0.2781083382347811,0.0,0.00000030,btc,550756.93827204,0.10759812,0.1193723789960842,30
0,[],17,[],2019-02-18 05:26:16,0.0,0,0,6703877,2019-02-18 05:26:16,btc,0.0,0.0,0,btc,0.0,0.0,0.0,30
1,[],4,[],2019-02-18 05:26:17,1138972.03765081,0.00006151,0.0000000022817319030000004,6703878,2019-02-18 05:26:17,btc,0.628280790477139,0.0,0.00006151,btc,9132.35916743,1.34646201,1.6677271201584007,31
1,[],21,[],2019-02-18 05:26:18,55389.57432164,0.00006099999999999999872194247907,0.0000000022628133,6703879,2019-02-18 05:26:18,btc,3.0633442173069296,124839.75183492,0.0000609999999999999987219424790740873731920146383345127105712890625,btc,46513.68749753,7.75259841,3.1362133763113436,31
0,[],2,[],2019-01-20 23:28:43,0.0,0,0,6477009,2019-01-20 23:28:43,,0.0,0.0,0,,0.0,0.0,0.0,32
1,[],4,[],2019-02-18 05:26:19,136072042.84254086,0.00000004,0.000000000001483812,6703880,2019-02-18 05:26:19,btc,2.9296065517201537,0.0,0.00000004,"btc,ltc",59734611.22367311,2.77030849,2.2857965803572187,33
1,[],12,[],2019-02-18 05:26:20,14683069.225,0.00000005,0.000000000001854765,6703881,2019-02-18 05:26:20,btc,34508971.12237846,0.0,0.00000005,btc,88936481.37062912,0.0022763856643377,0.47743288125,33
1,[],4,[],2019-02-18 05:26:22,134356053.54263937,0.00000001,0.000000000000370953,6703882,2019-02-18 05:26:22,btc,1.010056271096579,0.0,0.00000001,btc,42413257.31378488,0.03461397,1.3435605354263935,34
1,[],5,[],2019-02-18 05:26:24,1e-08,0.00000001,0.000000000000370953,6703883,2019-02-18 05:26:24,btc,5.09095167,0.00557555,0.00000001,btc,1.343e-05,0.0,0.85129011,34
0.0000000001187993,[],4,[],2019-02-18 05:26:25,914968535.2375063,2.3759860000000002e-18,8.813791346580002e-23,6703884,2019-02-18 05:26:25,ltc,9.86132320852127e-09,0.0,0.00000002,ltc,1996805602.8210816,0.0,1.626135781005776e-09,36
1,[],5,[],2019-02-18 05:26:27,0.0,0,0,6703885,2019-02-18 05:26:27,btc,197.51755592,0.0,0,btc,1.325e-05,0.0,0.0,36
0,[],17,[],2019-02-18 05:26:39,0.0,0,0,6703886,2019-02-18 05:26:39,btc,0.14155809404650171,0.0,0,btc,10794800.77743647,0.0,0.0,36
0,[],27,[],2019-02-18 05:26:46,0.0,0,0,6703887,2019-02-18 05:26:46,,113.82128944818679,7.0,0,"ltc,eth",3757762.7424504,2.5751348000000004e-17,0.0,36
1,[],4,[],2019-02-18 05:26:49,320802.54698504,0.00000069,0.000000000025595757,6703888,2019-02-18 05:26:49,btc,0.2416770797351543,0.0,0.00000069,btc,183577.83728003,0.17446779,0.15180428563135,37
1,[],12,[],2019-02-18 05:26:50,437660.23076217,0.00000076,0.000000000028192428000000004,6703889,2019-02-18 05:26:50,btc,1364.114413718233,0.0,0.00000076,btc,790417.95026058,0.0632181567339396,0.0895007032639794,37
1,[],17,[],2019-02-18 05:26:52,1752.74075282,0.00000025,0.000000000009273825,6703890,2019-02-18 05:26:52,btc,0.055484923777095005,0.0,0.00000025,btc,1319.19918473,0.0,0.00043818518820499993,37
1,[],27,[],2019-02-18 05:26:56,16202.0,0.00000046,0.000000000017063838000000003,6703891,2019-02-18 05:26:56,btc,26.25770832162233,0.0,0.00000046,btc,6830.24738508,0.0,0.00549722,37
1,[],5,[],2019-02-18 05:26:57,1.3e-05,0.00000092,0.000000000034127676000000005,6703892,2019-02-18 05:26:57,btc,0.08060836,0.07839945,0.00000092,btc,8.82e-05,0.0,0.04002986,42
1,[],12,[],2019-02-18 05:26:58,136087.28223277,0.0000009,0.00000000003338577,6703893,2019-02-18 05:26:58,btc,93.60655329629486,0.0,0.0000009,btc,89306.20504743,0.0002656033966015,0.0429632799999988,42
0,[],27,[],2019-02-18 05:27:03,0.0,0,0,6703894,2019-02-18 05:27:03,,0.00315028,0.0,0,"btc,eth",11.007,0.0,0.0,42
1,[],5,[],2019-02-18 05:27:04,3e-08,0.00000002,0.000000000000741906,6703895,2019-02-18 05:27:04,btc,5.87390629,0.0090995,0.00000002,btc,1.375e-05,0.0,0.61053204,43
1,[],12,[],2019-02-18 05:27:05,4098314.0,0.00000002,0.000000000000741906,6703896,2019-02-18 05:27:05,btc,20007457.494387686,0.0,0.00000002,btc,38970405.17922077,0.0008394439660342,0.04098352,43
0,[],17,[],2019-02-18 04:40:23,0.0,0,0,6703701,2019-02-18 04:40:23,btc,0.0,0.0,0,btc,0.0,0.0,0.0,43
1,[],12,[],2019-02-18 05:27:07,697941.0,0.00000005,0.000000000001854765,6703897,2019-02-18 05:27:07,btc,11115167.385533532,0.0,0.00000005,btc,1012350.31470526,0.0011963994005995,0.0179018,44
1,[],4,[],2019-02-18 05:27:09,325291735.49007607,0.00000002,0.000000000000741906,6703898,2019-02-18 05:27:09,btc,0.1903207849041562,0.0,0.00000002,"btc,ltc",4619421.45245401,0.00015554,0.42872975599308805,49
0,[],4,[],2019-02-18 05:27:10,0.0,0,0,6703899,2019-02-18 05:27:10,,4.6451735081553664,0.0,0,,3610643848.6535335,0.0,0.0,52
0,[],22,[],2019-02-18 05:27:14,0.0,0,0,6703900,2019-02-18 05:27:14,,4368.07440295,0.0,0,,262751443.67882353,0.0,0.0,57
0,[],27,[],2019-02-18 05:27:20,0.0,0,0,6703901,2019-02-18 05:27:20,,0.0,0.0,0,"btc,eth",0.0,0.0,0.0,57
0.0000000001187993,[],4,[],2019-02-18 05:27:21,976601126.1325742,4.7519720000000004e-18,1.7627582693160003e-22,6703902,2019-02-18 05:27:21,ltc,3.2722090041098997,0.0,0.00000004,ltc,1108637263.7084205,0.0,2.7523457345263502e-09,58
1,[],12,[],2019-02-18 05:27:22,1764690860.843957,0.0000000005,0.000000000000018547650000000004,6703903,2019-02-18 05:27:22,btc,224005480112.29388,0.0,0.0000000005,btc,3703588922.800675,0.020209761159764292,0.5974348567011392,58
0,[],17,[],2019-02-18 05:27:34,0.0,0,0,6703904,2019-02-18 05:27:34,btc,1e+24,0.0,0,btc,41401875.8285055,0.0,0.0,58
0.0000000001292814,[],22,[],2019-02-18 05:27:37,137438.0,1.2928139999999999e-18,4.79573231742e-23,6703905,2019-02-18 05:27:37,XMR,69.8835922,0.0,0.00000001,XMR,9887963.0,0.0,0.00137438,58
1,[],5,[],2019-02-18 05:27:40,5.24e-06,0.00000048,0.000000000017805744,6703906,2019-02-18 05:27:40,btc,0.11662523,0.01428787,0.00000048,btc,5.291e-05,0.0,0.08062915,61
1,[],22,[],2019-02-18 05:27:44,5149.5,0.00000011,0.0000000000040804830000000005,6703907,2019-02-18 05:27:44,BTC,1002.29597012,0.0,0.00000011,BTC,14947.700278135757,0.0,0.00051596,61
1,[],26,[],2019-02-18 05:27:44,0.0,0.00000800,0.0000000002967624,6703908,2019-02-18 05:27:44,btc,0.0,0.0,0.00000800,btc,0.0,0.0,0.0,61
1,[],27,[],2019-02-18 05:27:48,28774.23,0.00000033,0.000000000012241449,6703909,2019-02-18 05:27:48,btc,2.9683433586282,0.0,0.00000033,"btc,eth",18762.955832,0.0,0.0007713997087008943,61
1,[],28,[],2019-02-18 05:27:54,13882.304,0.0000005,0.00000000001854765,6703910,2019-02-18 05:27:54,btc,2.062488404235105,836.0,0.0000005,btc,15611.87550005,0.0,0.00566491304,61
1,[],4,[],2019-02-18 05:27:55,605952.11453729,0.00000285,0.00000000010572160500000001,6703911,2019-02-18 05:27:55,btc,1.3146115231992692,0.0,0.00000285,btc,314718.51756736,0.32818797,1.18556053568631,67
0.0,[],25,[],2019-02-18 05:27:56,0.0,0,0,6703912,2019-02-18 05:27:56,,0.0,0.0,0.0,btc,0.0,0.0,0.0,67
1,[],12,[],2019-02-18 05:27:58,3418015.4253492,0.00000014,0.0000000000051933420000000005,6703913,2019-02-18 05:27:58,btc,11115995.903552122,0.0,0.00000014,btc,1891816.59926134,0.0033988055838294,0.1277006064411106,71
,[],5,[],2018-11-20 23:02:39,1.5e-07,0.00000005,0.000000000002128045,4862160,2018-11-20 23:02:39,btc,2.84511358,0.0,,btc,0.00036572,0.0,0.07381892,74
1,[],5,[],2019-02-18 05:27:59,2.914e-05,0.00000156,0.000000000057868668,6703914,2019-02-18 05:27:59,btc,1.5424315,0.0,0.00000156,btc,0.00016981,0.0,0.29134564,75
1,[],4,[],2019-02-18 05:28:00,29738604.75692337,0.00000001,0.000000000000370953,6703915,2019-02-18 05:28:00,btc,0.8487978482018892,0.0,0.00000001,btc,15391342.79181637,0.0,0.2973860475692337,81
0,[],20,[],2019-01-25 09:30:31,0.0,0,0,6495923,2019-01-25 09:30:31,btc,0.0,0.0,0,btc,0.0,0.0,0.0,81
1,[],4,[],2019-02-18 05:28:02,28754.1322597,0.00008217,0.0000000030481208010000004,6703916,2019-02-18 05:28:02,btc,1.3192138209251687,0.0,0.00008217,btc,11104.25818601,0.0241581,0.2031299315117775,82
1,[],21,[],2019-02-18 05:28:03,166477.93138283,0.00007773000000000000286708157216,0.0000000028834176690000004,6703917,2019-02-18 05:28:03,btc,2.687475355380689,4679.11755077,0.00007773000000000000286708157215542769336025230586528778076171875,btc,25961.78558664,0.3824026,3.173860107285993,82
0,[],17,[],2019-02-18 04:40:46,0.0,0,0,6703716,2019-02-18 04:40:46,btc,0.0447233088476774,0.0,0,btc,999127.19588126,0.0,0.0,84
0.0000000001187993,[],4,[],2019-02-18 05:28:05,167006459.60134614,8.315951e-18,3.0848269713030004e-22,6703918,2019-02-18 05:28:05,ltc,0.1954152644027345,0.0,0.00000007,ltc,97408868.59512217,0.00027536,7.930276800028769e-10,85
,[],22,[],2018-11-20 23:09:34,3408.1,0.0000001,0.0000000000041895,4862324,2018-11-20 23:09:34,BTC,0.04624735,0.0,,BTC,4990.0,0.0,0.00033081,86
0,[],22,[],2019-02-18 05:28:08,0.0,0,0,6703919,2019-02-18 05:28:08,,2.0760781,0.0,0,,140622.94736842104,0.0,0.0,87
0,[],27,[],2019-02-18 05:28:11,0.0,0,0,6703920,2019-02-18 05:28:11,,0.0,0.0,0,btc,0.0,0.0,0.0,87
,[],2,[],2018-11-20 23:10:47,0.0,0,0,4862359,2018-11-20 23:10:47,,0.0,0.0,,,0.0,0.0,0.0,88
1,[],11,[],2019-02-18 05:28:13,96018.28048149,0.00014316000000000000491433282956421635390142910182476043701171875,0.000000005310563148000001,6703921,2019-02-18 05:28:13,btc,609.8149557092447,79.3,0.00014316000000000000491433282956421635390142910182476043701171875,btc,93578.49928474,0.0,6.440341095567588,89
0,[],2,[],2019-01-20 23:31:45,0.0,0,0,6477083,2019-01-20 23:31:45,,0.0,0.0,0,,0.0,0.0,0.0,91
1,[],12,[],2019-02-18 05:28:15,438015.51509685,0.00000206000000000000018206681821897330308956952649168670177459716796875,0.00000000007641631800000001,6703922,2019-02-18 05:28:15,btc,4.173262560779613,0.0,0.00000206000000000000018206681821897330308956952649168670177459716796875,btc,49056.30743096,0.0030706954487911,0.0601997056729656,91
0,[],17,[],2019-02-18 03:41:35,0.0,0,0,6703332,2019-02-18 03:41:35,btc,0.0,0.0,0,btc,0.0,0.0,0.0,91
0.0000000001187993,[],22,[],2019-02-18 05:28:19,3511520.0,4.7519720000000004e-18,1.7627582693160003e-22,6703923,2019-02-18 05:28:19,LTC,9.13211897,0.0,0.00000004,LTC,72065348.1,4.735245058560001e-12,0.1052108,95
0.0000000001187993,[],4,[],2019-02-18 05:28:21,135761792.34819254,9.266345400000001e-17,3.4373786251662e-21,6703924,2019-02-18 05:28:21,ltc,0.9681326686597584,0.0,0.00000078,ltc,47800145.84012232,0.00127007,1.1398159285998826e-09,96
1,[],12,[],2019-02-18 05:28:22,294199.0,0.00000001,0.000000000000370953,6703925,2019-02-18 05:28:22,btc,255074.72066415334,0.0,0.00000001,btc,8790272.71859115,4.90767032966e-05,0.0029419900000000002,96
0,[],17,[],2019-02-18 04:43:25,0.0,0,0,6703725,2019-02-18 04:43:25,btc,0.0,0.0,0,btc,0.0,0.0,0.0,96
1,[],4,[],2019-02-18 05:28:24,1651242.32925718,0.00000032,0.000000000011870496,6703926,2019-02-18 05:28:24,btc,0.2857001016899459,0.0,0.00000032,btc,530032.8597246,0.22266813,0.2168101765248072,99
1,[],4,[],2019-02-18 05:28:25,199071.41238825,0.00003973,0.0000000014737962690000002,6703927,2019-02-18 05:28:25,btc,1.0071804040683967,0.0,0.00003973,btc,22901.53219634,0.71297394,1.3347005312312705,100
0,[],2,[],2019-01-20 23:23:55,0.0,0,0,6476914,2019-01-20 23:23:55,,0.0,0.0,0,,0.0,0.0,0.0,100
1,[],22,[],2019-02-18 05:28:30,50000.0,0.00000001,0.000000000000370953,6703928,2019-02-18 05:28:30,BTC,23.49896609,0.0,0.00000001,BTC,10277.22,0.0,0.0005,101
1,[],4,[],2019-02-18 05:28:31,413754.1522782,0.00000082,0.000000000030418146,6703929,2019-02-18 05:28:31,btc,0.4060202278831933,0.0,0.00000082,btc,166579.2561815,0.02896555,0.2067381310256218,103
1,[],12,[],2019-02-18 05:28:34,40878414.4663887,0.000000016,0.0000000000005935248000000001,6703930,2019-02-18 05:28:34,btc,137279207.7816211,0.0,0.000000016,btc,122265330.06285381,0.05537483845004762,0.1270176774622192,105
1,[],27,[],2019-02-18 05:28:37,3997411.89,0.00000001,0.000000000000370953,6703931,2019-02-18 05:28:37,btc,0.2583299431492299,0.0,0.00000001,btc,303168.20460553,0.0,0.0399741189,105
1,[],22,[],2019-02-18 05:28:41,9328.0,0.00000001,0.000000000000370953,6703932,2019-02-18 05:28:41,BTC,51.10825004,0.0,0.00000001,BTC,468935.0,0.0,9.328e-05,107
1,[],26,[],2019-02-18 05:28:41,0.0,0.00000000,0,6703933,2019-02-18 05:28:41,btc,0.0,0.0,0.00000000,btc,0.0,0.0,0.0,107
1,[],5,[],2019-02-18 05:28:43,1e-08,0.00000001,0.000000000000370953,6703934,2019-02-18 05:28:43,btc,2.92407407,1.169e-05,0.00000001,btc,1.523e-05,0.0,0.08576793,112
1,[],22,[],2019-02-18 05:29:08,1966.0,0.00000001,0.000000000000370953,6703935,2019-02-18 05:29:08,BTC,2.81183288,0.0,0.00000001,BTC,808524.0833333334,0.0,1.966e-05,112
0,[],27,[],2019-02-18 05:29:11,0.0,0,0,6703936,2019-02-18 05:29:11,,1.35132491849924,0.0,0,"btc,eth",1328.641654,0.0,0.0,112
1,[],4,[],2019-02-18 05:29:13,485625.04528158,0.00000354,0.000000000131317362,6703937,2019-02-18 05:29:13,btc,0.2931669112892149,0.0,0.00000354,btc,69576.24669333,0.23979795,0.308581878912622,113
1,[],5,[],2019-02-18 05:29:14,1.449e-05,0.00000312,0.000000000115737336,6703938,2019-02-18 05:29:14,btc,1.03425662,7.32e-05,0.00000312,btc,0.00234005,0.0,0.23350727,113
1,[],17,[],2019-02-18 05:29:25,152738.278,0.00000004,0.000000000001483812,6703939,2019-02-18 05:29:25,btc,1.33680302678,0.0,0.00000004,btc,50696.221,0.0,0.0022095311199999998,116
0,[],27,[],2019-02-18 05:29:30,0.0,0,0,6703940,2019-02-18 05:29:30,,0.0,0.0,0,btc,0.0,0.0,0.0,116
1,[],4,[],2019-02-18 05:29:30,27486.14808172,0.00003057,0.000000001134003321,6703941,2019-02-18 05:29:30,btc,0.8049381284519564,0.0,0.00003057,btc,23420.40344094,1.43256051,0.7195216117715443,120
1,[],7,[],2019-02-18 05:29:33,18246.8528559,0.00003004000000000000037705082112093890600590384565293788909912109375,0.000000001114342812,6703942,2019-02-18 05:29:33,btc,115647.13426595545,86.60769026,0.00003004000000000000037705082112093890600590384565293788909912109375,btc,27770.59585249,0.00308836,0.07691962957918701,120
1,[],20,[],2019-02-18 05:29:36,1076585.3897,0.000000017,0.0000000000006306201000000001,6703943,2019-02-18 05:29:36,btc,31.909198496025,4188.2,0.000000017,btc,1141978.7853,6.70112e-05,0.0051311490174,125
1,[],22,[],2019-02-18 05:29:51,3053.0,0.00000001,0.000000000000370953,6703944,2019-02-18 05:29:51,BTC,0.01444887,0.0,0.00000001,BTC,296263.5111111111,0.0,3.053e-05,126
1,[],4,[],2019-02-18 05:29:51,121293.5900529,0.00001726,0.0000000006402648780000001,6703945,2019-02-18 05:29:51,btc,0.9950452257248255,0.0,0.00001726,btc,49066.42943387,0.38573029,0.9587582032849274,131
0,[],17,[],2019-02-18 05:30:04,0.0,0,0,6703946,2019-02-18 05:30:04,btc,0.0009561751951600001,0.0,0,btc,35.42829368,0.0,0.0,131
0,[],2,[],2019-01-20 23:25:46,0.0,0,0,6476969,2019-01-20 23:25:46,,0.0,0.0,0,,0.0,0.0,0.0,131
1,[],4,[],2019-02-18 05:30:04,4559.38734703,0.00016020,0.00000000594266706,6703947,2019-02-18 05:30:04,btc,1.642035329786246,0.0,0.00016020,btc,307.87409808,0.00010658,0.0093055538845873,135
1,[],3,[],2019-02-18 05:30:05,1793630.03905174,0.00000005,0.000000000001854765,6703948,2019-02-18 05:30:05,btc,0.1275363531211645,42731.75,0.00000005,btc,524595.71602917,0.0,0.0660789217803675,136
1,[],4,[],2019-02-18 05:30:07,104955.51022001,0.00000184,0.00000000006825535200000001,6703949,2019-02-18 05:30:07,btc,0.1273794670771679,0.0,0.00000184,btc,58747.26045342,0.12127373,0.1541049723891813,137
1,[],12,[],2019-02-18 05:30:08,301271.83108968,0.000001769999999999999994019540816569957542014890350401401519775390625,0.000000000065658681,6703950,2019-02-18 05:30:08,btc,11981.702007900769,0.0,0.000001769999999999999994019540816569957542014890350401401519775390625,btc,157918.15676263,0.0011826870095241,0.0351591598320029,137
1,[],4,[],2019-02-18 05:30:09,115200.045961,0.00005292,0.000000001963083276,6703951,2019-02-18 05:30:09,btc,0.7176958397499359,0.0,0.00005292,btc,10918.27151062,0.62020656,0.4707371413807615,142
1,[],5,[],2019-02-18 05:30:10,0.00176217,0.00005300,0.0000000019660509,6703952,2019-02-18 05:30:10,btc,1.30135881,0.22173771,0.00005300,btc,0.00340317,0.0,1.36683246,142
1,[],20,[],2019-02-18 05:30:23,133867.9447,0.000034962,0.0000000012969258786000002,6703953,2019-02-18 05:30:23,btc,0.3508303524462,0.0,0.000034962,btc,3170.3501,0.0,0.2515306851173,142
1,[],22,[],2019-02-18 05:30:26,1613.354305200341,0.00003220,0.0000000011944686600000001,6703954,2019-02-18 05:30:26,BTC,3.0070065,0.0,0.00003220,BTC,896.9784641392417,0.0,0.0018856,142
0.0,[],25,[],2019-02-18 05:30:28,0.0,0,0,6703955,2019-02-18 05:30:28,,0.0,0.0,0.0,btc,0.0,0.0,0.0,142
1,[],28,[],2019-02-18 05:30:30,77743.0,0.00004500,0.0000000016692885,6703956,2019-02-18 05:30:30,btc,0.057100837,1995.0,0.00004500,btc,356.4989,0.0,0.0519372,142
1,[],17,[],2019-02-18 04:44:36,22967.386363640002,0.00000088,0.000000000032694904,6703751,2019-02-18 04:44:36,btc,20.0699133484,0.0,0.00000088,btc,405.079105,0.0,0.0104613000000032,142
0,[],22,[],2019-02-18 05:30:33,0.0,0,0,6703957,2019-02-18 05:30:33,,67.48874799,0.0,0,,840795081.3,0.0,0.0,143
1,[],21,[],2019-02-18 05:30:34,32332316.42333386,0.00000026,0.000000000009644778,6703958,2019-02-18 05:30:34,btc,63.35736907897468,9609576.42467011,0.00000026,btc,99217348.17451656,2.61074651,4.566143626905985,145
0,[],22,[],2019-02-18 05:30:36,0.0,0,0,6703959,2019-02-18 05:30:36,,4.24946284,0.0,0,,1812156.0,0.0,0.0,146
,[],22,[],2018-11-20 23:01:11,0.0,0,0,4862114,2018-11-20 23:01:11,,2.56807021,0.0,,,61828.4988236,0.0,0.0,147
1,[],12,[],2019-02-18 05:30:38,8678895.40420835,0.00000297999999999999984397354955978354240642147487960755825042724609375,0.000000000110543994,6703960,2019-02-18 05:30:38,btc,16.58403988770579,0.0,0.00000297999999999999984397354955978354240642147487960755825042724609375,btc,122560.4262754,0.0007636833797804,0.1080276572000048,148
1,[],4,[],2019-02-18 05:30:39,252439.56402332,0.00000030,0.000000000011128590000000002,6703961,2019-02-18 05:30:39,btc,0.7785653470218409,0.0,0.00000030,btc,592738.21898097,0.0,0.0600404256786116,152
0,[],22,[],2019-02-18 05:30:42,0.0,0,0,6703962,2019-02-18 05:30:42,,0.0,0.0,0,,0.0,0.0,0.0,152
1,[],5,[],2019-02-18 05:30:43,0.0,0,0,6703963,2019-02-18 05:30:43,btc,10.61570492,0.0,0,btc,0.00092785,0.0,0.0,153
,[],16,[],2019-01-11 15:38:59,0.0,0,0,6366141,2019-01-11 15:38:59,btc,0.0,0.0,,btc,0.0,0.0,0.0,155
0,[],22,[],2019-02-18 05:30:47,0.0,0,0,6703964,2019-02-18 05:30:47,,6.74608761,0.0,0,,4644402.242592593,0.0,0.0,156
0,[],23,[],2019-01-20 23:24:29,0.0,0,0,6476932,2019-01-20 23:24:29,,0.0,0.0,0,,0.0,0.0,0.0,156
1,[],22,[],2019-02-18 05:30:52,7073.8,0.00005300,0.0000000019660509,6703965,2019-02-18 05:30:52,BTC,43.78801181,0.0,0.00005300,BTC,1067.5805334758436,0.0,0.00104336,157
0,[],22,[],2019-02-18 05:30:54,0.0,0,0,6703966,2019-02-18 05:30:54,,50175.68008609,0.0,0,,54479136.04179466,0.0,0.0,158
,[],17,[],2018-11-20 22:56:10,0.0,0,0,4861976,2018-11-20 22:56:10,btc,1.1265625,0.0,,btc,1000.0,0.0,0.0,159
,[],20,[],2018-11-20 22:56:12,0.0,0,0,4861977,2018-11-20 22:56:12,btc,11912.7940471,0.0,,btc,34413894.3617,0.0,0.0,159
1,[],12,[],2019-02-18 05:30:57,187399.9048116,0.00000711999999999999959310326147488012793473899364471435546875,0.000000000264118536,6703967,2019-02-18 05:30:57,btc,6.657051415214267,0.0,0.00000711999999999999959310326147488012793473899364471435546875,btc,14449.00629987,0.0003914001,0.09392919109999949,168
1,[],17,[],2019-02-18 05:30:58,29784.95,0.000001,0.0000000000370953,6703968,2019-02-18 05:30:58,btc,0.03026736251542,0.0,0.000001,btc,144.46171372,0.0,0.00716147,168
1,[],22,[],2019-02-18 05:31:03,31872.5,0.00000002,0.000000000000741906,6703969,2019-02-18 05:31:03,BTC,1.14473811,0.0,0.00000002,BTC,604652.2234250928,0.00235087,0.00063645,169
1,[],22,[],2019-02-18 05:31:26,176276.0,0.00000019,0.000000000007048107,6703970,2019-02-18 05:31:26,BTC,13.28992931,0.0,0.00000019,BTC,159546.54822383198,0.00070444,0.02446036,171
1,[],22,[],2019-02-18 05:31:30,158688.41176470587,0.00000017,0.0000000000063062010000000005,6703971,2019-02-18 05:31:30,BTC,2.66641211,0.0,0.00000017,BTC,271368.79665050836,0.0,0.00911019,173
1,[],5,[],2019-02-18 05:31:31,2.897e-05,0.00000199,0.000000000073819647,6703972,2019-02-18 05:31:31,btc,0.26609759,0.00027329,0.00000199,btc,0.00024721,0.0,0.3444267,175
1,[],22,[],2019-02-18 05:31:35,51114.0,0.0000002,0.00000000000741906,6703973,2019-02-18 05:31:35,BTC,0.53337321,0.0,0.0000002,BTC,141986.47031396697,0.000355,0.0052914,176
1,[],7,[],2019-02-18 05:31:37,0.0,0,0,6703974,2019-02-18 05:31:37,btc,410918.63489866455,1108.89110889,0,btc,115828955.16222881,1.109e-05,0.0,178
0,[],22,[],2019-02-18 05:31:40,0.0,0,0,6703975,2019-02-18 05:31:40,,1.00242428,0.0,0,,57512.0,0.0,0.0,178
0,[],2,[],2019-01-20 23:28:34,0.0,0,0,6477001,2019-01-20 23:28:34,,0.0,0.0,0,,0.0,0.0,0.0,178
1,[],5,[],2019-02-18 05:31:42,3e-08,0.00000002,0.000000000000741906,6703976,2019-02-18 05:31:42,btc,18.51124003,0.00235506,0.00000002,btc,1.664e-05,0.0,0.74897887,179
1,[],22,[],2019-02-18 05:31:47,7779285.0,0.00000002,0.000000000000741906,6703977,2019-02-18 05:31:47,BTC,5.50797558,0.0,0.00000002,"BTC,LTC",17857364.676989965,0.0,0.38284554,179
0,[],23,[],2019-01-20 23:25:08,0.0,0,0,6476952,2019-01-20 23:25:08,,0.0,0.0,0,,0.0,0.0,0.0,179
1,[],17,[],2019-02-18 05:31:59,10504.725,0.0000001,0.00000000000370953,6703978,2019-02-18 05:31:59,btc,5.201913593507951,0.0,0.0000001,btc,5427.1328087,0.0,0.0010504725,180
1,[],22,[],2019-02-18 05:32:04,129174.85333333333,0.00000150,0.000000000055642950000000005,6703979,2019-02-18 05:32:04,BTC,0.13645276,0.0,0.00000150,"BTC,LTC",27192.283631308655,0.00027832,0.00215962,180
1,[],26,[],2019-02-18 05:32:04,0.0,0.00000100,0.0000000000370953,6703980,2019-02-18 05:32:04,btc,0.0,0.0,0.00000100,btc,0.0,0.0,0.0,180
,[],7,[],2018-11-20 22:58:01,562227.975654,0.00000085,0.000000000036176765,4862015,2018-11-20 22:58:01,btc,21836.6059674,2491.87645172,,btc,749999.041456,0.00211021,0.127565380455,183
,[],5,[],2019-01-10 08:11:41,0.0,0,0,6347036,2019-01-10 08:11:41,btc,82.15055501,0.00261,,btc,1.19002445,0.0,0.0,187
1,[],24,[],2019-02-18 05:32:04,0.0,0.000000000001,3.7095300000000003e-17,6703981,2019-02-18 05:32:04,btc,0.0,0.0,0.000000000001,btc,0.0,0.0,0.0,187
,[],17,[],2018-11-16 20:58:10,4062536.27273,0.00000001,0.000000000000550501,4708775,2018-11-16 20:58:10,btc,3.36492563466,0.195460381006,,"btc,eth",110697919.549,0.0,0.0157628953496,187
0,[],22,[],2019-02-18 05:32:07,0.0,0,0,6703982,2019-02-18 05:32:07,,1.19374426,0.0,0,,16338.869534405507,0.0,0.0,191
0,[],22,[],2019-02-18 05:32:25,0.0,0,0,6703983,2019-02-18 05:32:25,,0.0,0.0,0,,0.0,0.0,0.0,197
0,[],23,[],2019-01-20 23:31:41,0.0,0,0,6477079,2019-01-20 23:31:41,,0.0,0.0,0,,0.0,0.0,0.0,199
0,[],22,[],2019-02-18 05:32:29,0.0,0,0,6703984,2019-02-18 05:32:29,,5.17192327,0.0,0,,21801494.0,0.0,0.0,199
1,[],26,[],2019-02-18 05:32:29,0.0,0.00000000,0,6703985,2019-02-18 05:32:29,btc,0.0,374698.0,0.00000000,btc,0.0,0.0,0.0,199
0,[],17,[],2019-01-30 16:32:01,0.0,0,0,6540827,2019-01-30 16:32:01,btc,6.802544163788159,0.0,0,btc,105897.55575295,0.0,0.0,200
0,[],2,[],2019-01-20 23:30:49,0.0,0,0,6477059,2019-01-20 23:30:49,,0.0,0.0,0,,0.0,0.0,0.0,201
1,[],4,[],2019-01-25 15:51:35,2084389.58565343,0.00000936,0.000000000333526752,6499557,2019-01-25 15:51:35,btc,2.0092503037378524,0.0,0.00000936,btc,160195.80207885,0.19272417,1.242687955921835,211
1,[],7,[],2019-02-18 05:32:32,5034377.06200599,0.000001410000000000000052661867921965921368609997443854808807373046875,0.00000000005230437300000001,6703986,2019-02-18 05:32:32,btc,15475864.242153455,369418.664442,0.000001410000000000000052661867921965921368609997443854808807373046875,btc,12726253.87785581,0.0,3.4834294366736533,212
1,[],5,[],2019-02-18 05:32:33,3.55e-06,0.00000030,0.000000000011128590000000002,6703987,2019-02-18 05:32:33,btc,0.9919189,0.12827517,0.00000030,btc,2.956e-05,0.0,0.25063041,213
1,[],24,[],2019-02-18 05:32:34,0.0,0.000000050000,0.000000000001854765,6703988,2019-02-18 05:32:34,btc,0.0,0.0,0.000000050000,btc,0.0,0.0,0.0,213
1,[],26,[],2019-02-18 05:32:34,0.0,0.00000009,0.0000000000033385770000000004,6703989,2019-02-18 05:32:34,btc,0.0,0.0,0.00000009,btc,0.0,0.0,0.0,213
1,[],12,[],2019-01-25 02:44:32,207462.42853209,0.000001080000000000000035831255497387193287295303889550268650054931640625,0.000000000038610756000000006,6493050,2019-01-25 02:44:32,btc,85023.03793723314,0.0,0.000001080000000000000035831255497387193287295303889550268650054931640625,btc,43675.73520027,0.000146250909087,0.0348620860622024,213
0,[],22,[],2019-02-18 05:32:39,0.0,0,0,6703990,2019-02-18 05:32:39,,2.19551377,0.0,0,,211112.59081706151,0.0,0.0,216
1,[],27,[],2019-02-18 05:32:43,5204157.5615,0.00000006,0.000000000002225718,6703991,2019-02-18 05:32:43,btc,362.0759367606,0.0,0.00000006,"btc,ltc",273491.775,0.0,0.05478726246,216
1,[],22,[],2019-02-18 05:32:47,191804.7251545866,0.00000189,0.000000000070110117,6703992,2019-02-18 05:32:47,BTC,12677.11433606,0.0,0.00000189,BTC,451138.3108103337,0.01609928,0.21309562,217
1,[],7,[],2019-02-18 05:32:50,0.0,0,0,6703993,2019-02-18 05:32:50,btc,77969.6156418105,0.0,0,btc,137055636.5050253,0.0,0.0,219
0,[],27,[],2019-02-18 05:32:54,0.0,0,0,6703994,2019-02-18 05:32:54,,5.341833788316972,0.0,0,btc,1599140.99226595,0.0,0.0,219
0.0000000000000055,[],28,[],2019-02-18 05:32:56,168566769.653,2.47511e-18,9.181494798300001e-23,6703995,2019-02-18 05:32:56,doge,84062.9976427895,14730.0,0.00045002,"btc,doge",4762557.44411,0.0,1.2145217511323876e-11,219
1,[],22,[],2019-02-18 05:32:59,224807.6,0.00000013,0.000000000004822389,6703996,2019-02-18 05:32:59,BTC,3.03110627,0.0,0.00000013,BTC,124292.57041875875,0.0,0.02357076,221
1,[],24,[],2019-02-18 05:32:59,0.0,0.000000170000,0.0000000000063062010000000005,6703997,2019-02-18 05:32:59,btc,0.0,28042.67826,0.000000170000,btc,0.0,0.00453642,0.0,221
1,[],20,[],2019-02-18 05:33:02,50869322.3415,0.000000002,0.0000000000000741906,6703998,2019-02-18 05:33:02,btc,47.9783305350875,255256.0808,0.000000002,btc,10158214.059,0.0007707393782,0.0517226281053,224
0,[],22,[],2019-02-18 05:33:04,0.0,0,0,6703999,2019-02-18 05:33:04,,0.0,0.0,0,,0.0,0.0,0.0,224
1,[],26,[],2019-02-18 05:33:05,0.0,0.00000033,0.000000000012241449,6704000,2019-02-18 05:33:05,btc,0.0,0.0,0.00000033,btc,0.0,0.0,0.0,231
1,[],26,[],2019-02-18 05:33:05,0.0,0.00000006,0.000000000002225718,6704001,2019-02-18 05:33:05,btc,0.0,0.0,0.00000006,btc,0.0,0.0,0.0,234
0,[],27,[],2019-02-18 05:33:09,0.0,0,0,6704002,2019-02-18 05:33:09,,0.0113483662182,0.0,0,"btc,eth",11462.99618,0.0,0.0,234
0,[],22,[],2019-02-18 05:33:13,0.0,0,0,6704003,2019-02-18 05:33:13,,3.02211091,0.0,0,,107455782.06349206,0.0,0.0,235
1,[],4,[],2019-02-18 05:33:14,1103313.34321707,0.00000081,0.000000000030047193000000004,6704004,2019-02-18 05:33:14,btc,0.5023588202459713,0.0,0.00000081,btc,350079.42255891,0.06997676,0.4027402745492175,236
1,[],24,[],2019-02-18 05:33:14,0.0,0.000000020010,0.000000000000742276953,6704005,2019-02-18 05:33:14,btc,0.0,0.0,0.000000020010,btc,0.0,0.0,0.0,236
1,[],20,[],2019-02-18 05:33:16,74175491.2508,0.000000077,0.0000000000028563381,6704006,2019-02-18 05:33:16,btc,16.0928964770178,21158933.1146,0.000000077,btc,35637843.835,1.7211103843162,0.9018583753525,237
1,[],22,[],2019-02-18 05:33:20,116403.0,0.00000004,0.000000000001483812,6704007,2019-02-18 05:33:20,BTC,0.0405823,0.0,0.00000004,"BTC,LTC",3164.0,0.0,0.00482009,237
1,[],4,[],2019-02-18 05:33:22,5487091.91298921,0.00000033,0.000000000012241449,6704008,2019-02-18 05:33:22,btc,0.4743423219200684,0.0,0.00000033,btc,1306655.41882615,0.0808863,1.6884120132654323,238
1,[],5,[],2019-02-18 05:33:23,4.43e-06,0.00000033,0.000000000012241449,6704009,2019-02-18 05:33:23,btc,0.78946123,0.00027696,0.00000033,btc,3.008e-05,0.0,0.29099209,238
0,[],22,[],2019-02-18 05:33:26,0.0,0,0,6704010,2019-02-18 05:33:26,,1978.15996288,0.0,0,,370860.0639027493,0.0,0.0,249
0.0000000001187993,[],22,[],2019-02-18 05:33:30,7021097.666666667,3.563979e-18,1.322068701987e-22,6704011,2019-02-18 05:33:30,LTC,0.56670218,0.0,0.00000003,LTC,15147487.09,1.6637841965000002e-14,0.20963595,252
1,[],28,[],2019-02-18 05:33:32,4391956.698,0.0000001,0.00000000000370953,6704012,2019-02-18 05:33:32,btc,164693.69249005214,25092.765,0.0000001,btc,1044622.2751,0.0,0.2663411375,256
1,[],22,[],2019-02-18 05:33:35,1494873.6666666667,0.00000003,0.000000000001112859,6704013,2019-02-18 05:33:35,BTC,30.15633433,0.0,0.00000003,BTC,391113.92423192423,0.00042873,0.04370093,258
1,[],22,[],2019-02-18 05:33:39,49651.0,0.00000002,0.000000000000741906,6704014,2019-02-18 05:33:39,BTC,2.629917,0.0,0.00000002,BTC,1762.0,0.0,0.00050551,259
1,[],22,[],2019-02-18 05:33:44,10540.0,0.00001220,0.00000000045256266000000005,6704015,2019-02-18 05:33:44,BTC,1293.02455434,0.0,0.00001220,"BTC,LTC",6053.292601650775,0.0,0.01253465,262
1,[],5,[],2019-02-18 05:33:46,1.294e-05,0.00000190,0.00000000007048107000000001,6704016,2019-02-18 05:33:46,btc,0.6222242,0.00527857,0.00000190,btc,0.00028871,0.0,0.16295445,264
1,[],20,[],2019-02-18 05:33:47,1222562.3535,0.000001003,0.000000000037206585900000003,6704017,2019-02-18 05:33:47,btc,7.3247985176738,79503.501,0.000001003,btc,83875.3821,0.209519506076,0.0243464566782,264
1,[],22,[],2019-02-18 05:33:52,69663.5,0.00000002,0.000000000000741906,6704018,2019-02-18 05:33:52,BTC,8.50078806,0.0,0.00000002,BTC,408009.1588548506,7.886e-05,0.00089564,271
0,[],22,[],2019-02-18 05:33:54,0.0,0,0,6704019,2019-02-18 05:33:54,,385.44178703,0.0,0,,15173097515.9,0.0,0.0,272
0.0000000000000055,[],28,[],2019-02-18 05:33:57,207527013274.711,4.4550000000000006e-21,1.6525956150000003e-25,6704020,2019-02-18 05:33:57,doge,441833924.89415807,38892956264.9992,0.00000081,doge,197225578767.20148,0.0,5.702485597622174e-10,272
1,[],22,[],2019-02-18 05:34:03,25563.363076923077,0.00001500,0.0000000005564295000000001,6704021,2019-02-18 05:34:03,BTC,74.24524289,0.0,0.00001500,"BTC,LTC",4195.787545323318,0.00365968,0.10087415,281
