pairValue,buyBook,exchangeId,sellBook,updated,buyTotal,satoshiPrice,usdPrice,exchangeLogId,created,bestPair,sellTotalBtc,volume,pairPrice,activePairs,sellTotal,volumeBtc,buyTotalBtc,coinId
1,[],3,[],2019-02-25 22:58:38,30549.001854529062,0.01253615999999999931768801531006829463876783847808837890625,0.000000480616316544,6786938,2019-02-25 22:58:38,btc,61.10634477151291,1.51911095774,0.01253615999999999931768801531006829463876783847808837890625,btc,24.864543236386,0.0,0.4193470413270099,1
1,[],4,[],2019-02-25 22:58:39,302966.04886525,0.01260001,0.0000004830642233840001,6786939,2019-02-25 22:58:39,btc,9.125649247003127,0.0,0.01260001,btc,256.34364766,1.1871901,1.2984806621962122,1
1,[],5,[],2019-02-25 22:58:42,0.0,0,0,6786940,2019-02-25 22:58:42,btc,0.0,0.26552636,0,btc,0.0,0.0,0.0,1
1,[],10,[],2019-02-25 22:58:44,414702.06751811,0.01146719,0.000000439633717096,6786941,2019-02-25 22:58:44,btc,6522.4657946232155,1425.79375325,0.01146719,btc,1025.7000679,0.0,5.609708166052554,1
1,[],12,[],2019-02-25 22:58:47,10451.57386296,0.0126999999999999994837462935493022087030112743377685546875,0.00000048689768,6786942,2019-02-25 22:58:47,btc,0.34787065312300003,0.0,0.0126999999999999994837462935493022087030112743377685546875,btc,18.62169966,0.1189763815086,0.5430686322011,1
1,[],20,[],2019-02-25 22:58:49,1150.0106,0.01051,0.00000040293658400000003,6786943,2019-02-25 22:58:49,btc,0.0669801503976,0.5296,0.01051,btc,3.0708,0.0058241091662,0.0871723776215,1
1,[],21,[],2019-02-25 22:58:49,2513.41055491,0.01258969000000000060257576706,0.000000482668571096,6786944,2019-02-25 22:58:49,btc,22.650372628338456,1880.8006802900002,0.01258969000000000060257576706135296262800693511962890625,"btc,eth",2409.76919266,21.75072492022322,25.67415546059559,1
1,[],22,[],2019-02-25 22:58:53,0.0163776,0.01300000,0.0000004983992,6786945,2019-02-25 22:58:53,BTC,0.31423927,0.0,0.01300000,BTC,0.11751954901960784,0.0,0.00020972,1
1,[],24,[],2019-02-25 22:58:54,0.0,0.000000000000,0,6786946,2019-02-25 22:58:54,btc,0.0,0.0,0.000000000000,btc,0.0,0.0,0.0,1
0.0,[],25,[],2019-02-25 22:58:55,0.0,0,0,6786947,2019-02-25 22:58:55,btc,11.313199998491545,2154.80697439,0.0,btc,873.50090905,27.397,0.0,1
1,[],26,[],2019-02-25 22:58:56,0.0,0,0,6786948,2019-02-25 22:58:56,,0.0,0.0,0,,0.0,0.0,0.0,1
1,[],28,[],2019-02-25 22:58:57,993.21,0.01323000,0.000000507217032,6786949,2019-02-25 22:58:57,btc,0.162839806,18626.6,0.01323000,btc,8.9,0.0,0.090071836,1
0,[],2,[],2019-01-20 23:28:45,0.0,0,0,6477011,2019-01-20 23:28:45,,0.0,0.0,0,,0.0,0.0,0.0,1
1,[],5,[],2019-02-25 22:58:58,0.0,0,0,6786950,2019-02-25 22:58:58,btc,0.0,0.01175129,0,btc,0.0,0.0,0.0,2
0.0000000001249623,[],22,[],2019-02-25 22:59:02,1148.0,1.3745853000000001e-16,5.269940106552001e-21,6786951,2019-02-25 22:59:02,XMR,21.01373823,0.0,0.00000110,XMR,14319.12581,0.0,0.00087635,2
1,[],5,[],2019-02-25 22:50:00,0.0,0,0,6786767,2019-02-25 22:50:00,btc,0.0,0.01934199,0,btc,0.0,0.0,0.0,3
1,[],12,[],2019-02-25 22:50:01,13383092.7167,0.000000175,0.0000000000067159575,6786768,2019-02-25 22:50:01,btc,924396.50762116,0.0,0.000000175,btc,8023669.98979734,0.2404694782411348,0.6834358335596,3
0,[],28,[],2019-02-25 22:50:03,0.0,0,0,6786769,2019-02-25 22:50:03,,0.0,0.0,0,,0.0,0.0,0.0,3
0,[],2,[],2019-01-20 23:31:32,0.0,0,0,6477077,2019-01-20 23:31:32,,0.0,0.0,0,,0.0,0.0,0.0,4
1,[],4,[],2019-02-25 22:59:03,413218.65443734,0.00000032,0.000000000012268288,6786952,2019-02-25 22:59:03,btc,31.59748132384581,0.0,0.00000032,btc,688180.6997793,0.00116851,0.0588997308328429,4
1,[],12,[],2019-02-22 14:50:14,1367032.5219999999,0.00000003,0.000000000001190475,6759350,2019-02-22 14:50:14,btc,11013869.583570713,0.0,0.00000003,btc,1211697.32371984,0.00024567976024,0.02065290044,5
0,[],2,[],2019-01-20 23:31:51,0.0,0,0,6477087,2019-01-20 23:31:51,,0.0,0.0,0,,0.0,0.0,0.0,6
1,[],11,[],2019-02-25 22:59:05,3252516.5,0.00000001,0.000000000000383384,6786953,2019-02-25 22:59:05,btc,9432.747904352815,108813.0,0.00000001,btc,42497117.57452957,0.0,0.032525165,6
1,[],3,[],2019-02-25 22:59:05,1091.857220066689,0.00015102999999999999563259078794175138682476244866847991943359375,0.000000005790248552,6786954,2019-02-25 22:59:05,btc,27.605796873748474,0.0,0.00015102999999999999563259078794175138682476244866847991943359375,btc,249.144760639695,0.0,0.03419745781762677,7
1,[],4,[],2019-02-25 22:59:06,97540.96750875,0.00023701,0.000000009086584184000001,6786955,2019-02-25 22:59:06,btc,13.023069902099047,0.0,0.00023701,btc,42294.13141371,2.829445,5.621084724140896,7
1,[],5,[],2019-02-25 22:59:07,0.0,0,0,6786956,2019-02-25 22:59:07,btc,0.0,0.76362688,0,btc,0.0,0.0,0.0,7
1,[],20,[],2019-02-20 02:16:17,39399275.8418,0.000000001,0.0000000000000390183,6728586,2019-02-20 02:16:17,btc,116.9737569154545,525.0,0.000000001,btc,56932965.8895,5.25e-07,0.0393992758418,8
0,[],2,[],2019-01-20 23:22:42,0.0,0,0,6476876,2019-01-20 23:22:42,,0.0,0.0,0,,0.0,0.0,0.0,9
0,[],23,[],2019-01-20 23:22:48,0.0,0,0,6476878,2019-01-20 23:22:48,,0.0,0.0,0,,0.0,0.0,0.0,9
1,[],4,[],2019-02-25 22:59:10,2330777.61275297,0.00000190,0.00000000007284296000000001,6786957,2019-02-25 22:59:10,btc,5.426338353908535,0.0,0.00000190,btc,2039451.46245451,6.38207233,1.451106945006216,9
1,[],28,[],2019-02-25 22:59:11,50365.0,0.00000185,0.00000000007092604000000001,6786958,2019-02-25 22:59:11,btc,2708.762408285,3662676.81,0.00000185,btc,12077.33,0.0,0.05600435,9
1,[],1,[],2019-02-17 23:31:42,1822507.21,0.00000181000000000000003456111265232042484285557293333113193511962890625,0.000000000066086901,6701244,2019-02-17 23:31:42,btc,3.6990969245,17153386.5,0.00000181000000000000003456111265232042484285557293333113193511962890625,btc,1997391.71,31.11772986,3.2610482446,9
1,[],4,[],2019-02-17 11:22:43,4341674.27126056,0.00000002,0.0000000000007272960000000001,6696112,2019-02-17 11:22:43,btc,0.1997230937751353,0.0,0.00000002,btc,4109766.79808031,0.00215132,0.0479381022052112,10
0,[],2,[],2019-01-20 23:23:08,0.0,0,0,6476890,2019-01-20 23:23:08,,0.0,0.0,0,,0.0,0.0,0.0,12
1,[],4,[],2019-02-25 22:59:13,3181620.14757472,0.00000129,0.000000000049456536,6786959,2019-02-25 22:59:13,btc,11.79358163255629,0.0,0.00000129,btc,6150086.35118669,2.03302966,1.5533080430823514,12
1,[],5,[],2019-02-25 22:59:14,0.0,0,0,6786960,2019-02-25 22:59:14,btc,0.0,0.32522753,0,btc,0.0,0.0,0.0,12
0.0,[],25,[],2019-02-25 22:59:15,0.0,0,0,6786961,2019-02-25 22:59:15,,0.0,0.0,0.0,btc,0.0,0.0,0.0,12
1,[],10,[],2019-02-25 15:46:39,472242.93449942,0.00000528,0.000000000200715504,6783871,2019-02-25 15:46:39,btc,666802.605542483,9069.34359562,0.00000528,btc,745135.79500729,0.0,0.2755721298744565,13
1,[],4,[],2019-02-25 22:59:16,1184953.62924036,0.00000551,0.00000000021124458400000002,6786962,2019-02-25 22:59:16,btc,3.116468263505708,0.0,0.00000551,btc,437224.88530264,0.59010586,0.514479570152083,13
1,[],21,[],2019-02-25 22:59:19,552179.53098218,0.000005499999999999999856993733449,0.0000000002108612,6786963,2019-02-25 22:59:19,btc,5.48540015969405,335585.03267541,0.000005499999999999999856993733449161965154416975565254688262939453125,btc,876269.74148492,1.8616307,2.82156434940608,13
1,[],4,[],2019-02-25 22:59:20,647135.23692197,0.00000116,0.000000000044472544000000004,6786964,2019-02-25 22:59:20,btc,5.9934518508006915,0.0,0.00000116,btc,853388.73392098,0.04366265,0.1033304276578335,14
1,[],12,[],2019-02-25 22:59:21,217264.91304348,0.000001120000000000000076372827333137660588135986472479999065399169921875,0.000000000042939008000000005,6786965,2019-02-25 22:59:21,btc,5.2944738511617615,0.0,0.000001120000000000000076372827333137660588135986472479999065399169921875,btc,33971.19873547,5.88863137e-06,0.0232132000000004,14
0,[],17,[],2019-02-25 22:59:23,0.0,0,0,6786966,2019-02-25 22:59:23,btc,0.0,0.0,0,btc,0.0,0.0,0.0,14
1,[],26,[],2019-02-25 22:59:23,0.0,0.00000050,0.0000000000191692,6786967,2019-02-25 22:59:23,btc,0.0,0.0,0.00000050,btc,0.0,0.0,0.0,14
0,[],4,[],2019-02-25 22:59:24,0.0,0,0,6786968,2019-02-25 22:59:24,,0.0,0.0,0,,0.0,0.0,0.0,15
,[],12,[],2018-12-01 15:15:48,204241.84496,0.00000489,0.000000000202473384,5260204,2018-12-01 15:15:48,btc,49.5475654835,0.0,,btc,35763.2193806,0.0163153972027625,0.0203389899998,15
0,[],2,[],2019-01-20 23:23:38,0.0,0,0,6476906,2019-01-20 23:23:38,,0.0,0.0,0,,0.0,0.0,0.0,18
1,[],4,[],2019-02-25 22:59:25,25675.01446778,0.00001780,0.0000000006824235200000001,6786969,2019-02-25 22:59:25,btc,1.232936182724699,0.0,0.00001780,btc,9542.57561606,0.02834987,0.0780358201589475,18
1,[],10,[],2019-02-25 22:59:27,783738.1021814,0.00001728,0.0000000006624875520000001,6786970,2019-02-25 22:59:27,btc,16.67385446607308,3362.37829524,0.00001728,btc,17192.69555125,0.0,0.1435576068501891,18
1,[],12,[],2019-02-25 22:59:29,193785.62727613,0.0000187000000000000005302182304323110884070047177374362945556640625,0.0000000007169280800000001,6786971,2019-02-25 22:59:29,btc,23.66852354981385,0.0,0.0000187000000000000005302182304323110884070047177374362945556640625,btc,1890.23919731,0.0045890103783274,0.0355378530711039,18
0,[],17,[],2019-02-25 22:50:39,0.0,0,0,6786789,2019-02-25 22:50:39,btc,0.0,0.0,0,btc,0.0,0.0,0.0,18
0,[],2,[],2019-01-20 23:24:19,0.0,0,0,6476924,2019-01-20 23:24:19,,0.0,0.0,0,,0.0,0.0,0.0,19
1,[],3,[],2019-02-25 22:59:30,118347.7735113318,0.0000200099999999999998462514583241755872222711332142353057861328125,0.000000000767151384,6786972,2019-02-25 22:59:30,btc,0.5526635399813092,2537.07975899,0.0000200099999999999998462514583241755872222711332142353057861328125,btc,9052.306301703742,0.0,0.030953814098793588,19
1,[],4,[],2019-02-25 22:59:31,397470.35899437,0.00001960,0.00000000075143264,6786973,2019-02-25 22:59:31,btc,2.17514662125477,0.0,0.00001960,btc,72823.14897893,0.76531912,2.5393543241598535,19
1,[],5,[],2019-02-25 22:59:32,0.0,0,0,6786974,2019-02-25 22:59:32,btc,0.0,0.00121924,0,btc,0.0,0.0,0.0,19
1,[],12,[],2019-02-25 22:59:33,135120.64819543,0.0000191599999999999995141386488484158689971081912517547607421875,0.000000000734563744,6786975,2019-02-25 22:59:33,btc,1.3578820273412593,0.0,0.0000191599999999999995141386488484158689971081912517547607421875,btc,382.27457877,0.0,0.1055938399999668,19
0,[],27,[],2019-02-25 22:59:35,0.0,0,0,6786976,2019-02-25 22:59:35,,0.0,0.0,0,btc,0.0,0.0,0.0,19
1,[],4,[],2019-02-25 22:59:36,8069160.95424551,0.00000013,0.000000000004983992,6786977,2019-02-25 22:59:36,btc,7.376194659582633,0.0,0.00000013,btc,2844149.4360639,0.00013,0.2582725451781454,20
1,[],4,[],2019-02-25 22:59:37,104180473.05737025,0.00000002,0.000000000000766768,6786978,2019-02-25 22:59:37,btc,1811.60026432983,0.0,0.00000002,btc,54972143.23372669,0.00476155,1.1713499050280451,21
1,[],12,[],2019-02-25 22:59:38,18647376.0,0.00000002,0.000000000000766768,6786979,2019-02-25 22:59:38,btc,670.3899289734848,0.0,0.00000002,btc,8544410.32857329,0.0,0.24518776,21
0,[],17,[],2019-02-25 22:50:50,0.0,0,0,6786798,2019-02-25 22:50:50,btc,0.0,0.0,0,btc,0.0,0.0,0.0,21
1,[],12,[],2019-02-25 22:59:40,3320934360.6808996,0.0000000002,0.00000000000000766768,6786980,2019-02-25 22:59:40,btc,875865842908.6031,0.0,0.0000000002,btc,4963717980.012426,0.022095543913487475,0.37047033438299043,23
0.0000000003612131,[],27,[],2019-02-25 22:59:42,2000.0,3.612131e-18,1.384833231304e-22,6786981,2019-02-25 22:59:42,eth,1.3429826565934113,0.0,0.00000001,eth,1964879.85514486,0.0,7.224262e-15,23
1,[],4,[],2019-02-25 22:59:43,435280.90983903,0.00000055,0.00000000002108612,6786982,2019-02-25 22:59:43,btc,8.341144012866428,0.0,0.00000055,btc,1478394.77884174,0.00498449,0.1383786838289566,24
1,[],22,[],2019-02-25 22:59:46,11.76,0.00000100,0.0000000000383384,6786983,2019-02-25 22:59:46,BTC,7.415e-05,0.0,0.00000100,BTC,23.919354838709676,0.0,1.176e-05,24
0.0,[],25,[],2019-02-25 22:59:47,0.0,0,0,6786984,2019-02-25 22:59:47,,0.0,0.0,0.0,btc,0.0,0.0,0.0,24
1,[],4,[],2019-02-25 22:59:49,28278214.25541016,0.00000670,0.00000000025686728,6786985,2019-02-25 22:59:49,btc,167.6639707992851,0.0,0.00000670,btc,264917.52192536,0.21969518,0.4558730762790739,26
1,[],10,[],2019-02-25 22:59:50,699095.75011035,0.00000643,0.000000000246515912,6786986,2019-02-25 22:59:50,btc,26.12555932458968,5577.08112071,0.00000643,btc,14071.92039774,0.0,0.2650215925891337,26
0,[],2,[],2019-01-20 23:25:56,0.0,0,0,6476976,2019-01-20 23:25:56,,0.0,0.0,0,,0.0,0.0,0.0,26
1,[],3,[],2019-02-25 22:50:59,6199666.70213569,0.00000001,0.000000000000383769,6786804,2019-02-25 22:50:59,btc,2.305318657135657,7274.78866605,0.00000001,btc,17461836.6211543,0.0,0.061996667021356894,27
1,[],5,[],2019-02-25 22:51:00,0.0,0,0,6786805,2019-02-25 22:51:00,btc,0.0,0.00485848,0,btc,0.0,0.0,0.0,27
1,[],11,[],2019-02-25 22:51:02,9491944.20350207,0.00000005,0.000000000001918845,6786806,2019-02-25 22:51:02,btc,67506.40605986067,169525.403564,0.00000005,btc,8002256.57282965,0.0,0.44249750446473557,27
1,[],4,[],2019-02-25 22:59:51,1444695306.973719,0.00000002,0.000000000000766768,6786987,2019-02-25 22:59:51,btc,4.657578392155549,0.0,0.00000002,"btc,ltc",389504236.837368,0.42364587,11.016298777671015,29
1,[],7,[],2019-02-25 22:59:53,47450151.257984236,0.00000002,0.000000000000766768,6786988,2019-02-25 22:59:53,btc,44463896.84352654,4501880.84337,0.00000002,btc,60207467.59175314,0.09004128,0.6186609276639676,29
1,[],4,[],2019-02-25 22:59:54,1434580.15275424,0.00000029,0.000000000011118136000000001,6786989,2019-02-25 22:59:54,btc,2.3340643244401122,0.0,0.00000029,btc,1569590.51190863,0.00128998,0.099134890098433,30
0,[],17,[],2019-02-25 23:00:06,0.0,0,0,6786990,2019-02-25 23:00:06,btc,0.0,0.0,0,btc,0.0,0.0,0.0,30
1,[],4,[],2019-02-25 23:00:06,1111521.16747335,0.00005317,0.0000000020384527280000002,6786991,2019-02-25 23:00:06,btc,4.80053788784058,0.0,0.00005317,btc,62265.09407211,0.93548527,0.8333346359387376,31
1,[],21,[],2019-02-25 23:00:07,29753.8779191,0.00005254000000000000179410306056,0.0000000020142995360000002,6786992,2019-02-25 23:00:07,btc,1.7329586729363924,163422.18054631,0.0000525400000000000017941030605594932012536446563899517059326171875,btc,30925.4732235,8.91617558,1.233994194777178,31
0,[],2,[],2019-01-20 23:28:43,0.0,0,0,6477009,2019-01-20 23:28:43,,0.0,0.0,0,,0.0,0.0,0.0,32
1,[],4,[],2019-02-25 23:00:08,392177047.1148766,0.00000004,0.000000000001533536,6786993,2019-02-25 23:00:08,btc,8.71242423109356,0.0,0.00000004,"btc,ltc",159618205.3804906,0.34901616,9.251849134490817,33
1,[],12,[],2019-02-25 23:00:10,17976981.0,0.00000004,0.000000000001533536,6786994,2019-02-25 23:00:10,btc,35620540.69546741,0.0,0.00000004,btc,89867815.63642225,0.0661465509361143,0.58340097,33
1,[],4,[],2019-02-25 23:00:11,126125622.08362757,0.00000001,0.000000000000383384,6786995,2019-02-25 23:00:11,btc,4.18227145997747,0.0,0.00000001,btc,100030637.75205578,0.00527634,1.2612562208362756,34
1,[],5,[],2019-02-25 23:00:12,0.0,0,0,6786996,2019-02-25 23:00:12,btc,0.0,0.16747268,0,btc,0.0,0.0,0.0,34
0.0000000001191484,[],4,[],2019-02-25 23:00:13,2380273275.2379165,3.574452e-18,1.370387705568e-22,6786997,2019-02-25 23:00:13,ltc,2.605824723378351e-08,0.0,0.00000003,ltc,2925882205.719244,0.0,4.8985240416535675e-09,36
1,[],5,[],2019-02-25 23:00:14,0.0,0,0,6786998,2019-02-25 23:00:14,btc,0.0,0.0,0,btc,0.0,0.0,0.0,36
0,[],17,[],2019-02-25 23:00:15,0.0,0,0,6786999,2019-02-25 23:00:15,btc,0.07464582830305072,0.0,0,btc,4105386.20243647,0.0,0.0,36
0.0000000003612131,[],27,[],2019-02-25 23:00:18,1000000.0,3.612131e-18,1.384833231304e-22,6787000,2019-02-25 23:00:18,eth,214.7591162012634,0.0,0.00000001,"ltc,eth",4157587.78751039,0.0,1.196325294e-12,36
1,[],17,[],2019-02-25 22:43:54,1752.74075282,0.00000025,0.00000000000959565,6786625,2019-02-25 22:43:54,btc,0.055484923777095005,0.0,0.00000025,btc,1319.19918473,0.0,0.00043818518820499993,37
1,[],4,[],2019-02-25 23:00:18,208113.43844446,0.00000057,0.000000000021852888,6787001,2019-02-25 23:00:18,btc,19772.495435508383,0.0,0.00000057,btc,571517.20463876,0.03027176,0.0861776489074268,37
1,[],12,[],2019-02-25 23:00:20,479077.00153611,0.00000057,0.000000000021852888000000004,6787002,2019-02-25 23:00:20,btc,1347.0435331652452,0.0,0.00000057,btc,955262.42879509,0.1776343529424033,0.1161856800000045,37
1,[],27,[],2019-02-25 23:00:32,14685.567,0.00000045,0.00000000001725228,6787003,2019-02-25 23:00:32,btc,25.82477206349233,0.0,0.00000045,btc,6823.34738508,0.0,0.00480032515,37
1,[],5,[],2019-02-25 23:00:34,0.0,0,0,6787004,2019-02-25 23:00:34,btc,0.0,0.0001644,0,btc,0.0,0.0,0.0,42
1,[],12,[],2019-02-25 23:00:35,241585.30914984,0.00000095,0.000000000036421480000000003,6787005,2019-02-25 23:00:35,btc,94.69889044272934,0.0,0.00000095,btc,109844.31422219,0.0099466127148124,0.047848057965025996,42
0.0000000003612131,[],27,[],2019-02-25 23:00:37,2000.0,3.612131e-18,1.384833231304e-22,6787006,2019-02-25 23:00:37,eth,0.00315028,0.0,0.00000001,"btc,eth",11.007,0.0,7.224262e-15,42
1,[],5,[],2019-02-25 23:00:38,0.0,0,0,6787007,2019-02-25 23:00:38,btc,0.0,0.0,0,btc,0.0,0.0,0.0,43
1,[],12,[],2019-02-25 23:00:40,1796368.0,0.00000001,0.000000000000383384,6787008,2019-02-25 23:00:40,btc,3569.5040086325275,0.0,0.00000001,btc,12096736.97242756,1.566e-05,0.01796368,43
0,[],17,[],2019-02-25 23:00:41,0.0,0,0,6787009,2019-02-25 23:00:41,btc,0.0,0.0,0,btc,0.0,0.0,0.0,43
1,[],12,[],2019-02-25 23:00:43,671717.0,0.00000005,0.00000000000191692,6787010,2019-02-25 23:00:43,btc,11115177.731148178,0.0,0.00000005,btc,1112314.40161834,0.00062485,0.01690491,44
1,[],4,[],2019-02-25 23:00:44,302929985.0548907,0.00000002,0.000000000000766768,6787011,2019-02-25 23:00:44,btc,473.57849800978306,0.0,0.00000002,"btc,ltc",11967080.10365541,0.02300458,0.19406406664668902,49
0.0000000001191484,[],4,[],2019-02-25 23:00:44,196123340.6938563,1.1914839999999999e-18,4.5679590185600004e-23,6787012,2019-02-25 23:00:44,ltc,25.475336667505275,0.0,0.00000001,ltc,10171548674.692696,0.0,2.3367782246327864e-10,52
0.0000000001250063,[],22,[],2019-02-25 22:51:46,80845862.0,1.2500630000000001e-18,4.7973542744700004e-23,6786824,2019-02-25 22:51:46,XMR,4366.96886713,0.0,0.00000001,XMR,255240310.67882353,1.250063e-17,0.80845862,57
0.0000000003620088,[],27,[],2019-02-25 22:51:49,2000.0,3.620088e-18,1.389277551672e-22,6786825,2019-02-25 22:51:49,eth,0.0,0.0,0.00000001,"btc,eth",0.0,0.0,7.240175999999999e-15,57
0.0000000001191484,[],4,[],2019-02-25 23:00:45,1154976946.7192984,3.574452e-18,1.370387705568e-22,6787013,2019-02-25 23:00:45,ltc,18.809170360038433,0.0,0.00000003,ltc,4109098105.936818,0.00212891,2.9627360555401824e-09,58
1,[],12,[],2019-02-25 23:00:47,1615277196.843957,0.0000000004,0.00000000000001533536,6787014,2019-02-25 23:00:47,btc,224005479638.4779,0.0,0.0000000004,btc,3802135006.8707547,0.03675839487177521,0.5214911395011391,58
0,[],17,[],2019-02-25 23:00:59,0.0,0,0,6787015,2019-02-25 23:00:59,btc,1e+24,0.0,0,btc,49226522.0897055,0.0,0.0,58
0.0000000001249623,[],22,[],2019-02-25 23:01:02,137438.0,1.249623e-18,4.7908546423200005e-23,6787016,2019-02-25 23:01:02,XMR,69.8835922,0.0,0.00000001,XMR,9887963.0,0.0,0.00137438,58
1,[],5,[],2019-02-25 23:01:04,0.0,0,0,6787017,2019-02-25 23:01:04,btc,0.0,0.00224581,0,btc,0.0,0.0,0.0,61
1,[],22,[],2019-02-25 23:01:07,5149.5,0.00000011,0.000000000004217224,6787018,2019-02-25 23:01:07,BTC,1002.29597012,0.0,0.00000011,BTC,14947.700278135757,0.0,0.00051596,61
1,[],26,[],2019-02-25 23:01:07,0.0,0.00000800,0.0000000003067072,6787019,2019-02-25 23:01:07,btc,0.0,0.0,0.00000800,btc,0.0,0.0,0.0,61
1,[],27,[],2019-02-25 23:01:10,2493.55,0.00000045,0.00000000001725228,6787020,2019-02-25 23:01:10,btc,7.845304881030758,0.0,0.00000045,"btc,eth",20831.38399471,0.0,0.00021559750353988838,61
1,[],28,[],2019-02-25 23:01:16,13882.304,0.0000005,0.0000000000191692,6787021,2019-02-25 23:01:16,btc,2.056328285685105,798.0,0.0000005,btc,9746.52450005,0.0,0.00566491304,61
1,[],4,[],2019-02-25 22:44:27,1468557.11772668,0.00000282,0.00000000010823893200000001,6786645,2019-02-25 22:44:27,btc,11.285099282280079,0.0,0.00000282,btc,791361.44787628,0.1487526,1.4476363511394204,67
0.0,[],25,[],2019-02-25 22:44:29,0.0,0,0,6786646,2019-02-25 22:44:29,,0.0,0.0,0.0,btc,0.0,0.0,0.0,67
1,[],12,[],2019-02-25 23:01:17,3029952.29836509,0.00000025,0.0000000000095846,6787022,2019-02-25 23:01:17,btc,11115997.97951516,0.0,0.00000025,btc,2130796.46163764,0.0100390440659678,0.110806156441114,71
,[],5,[],2018-11-20 23:02:39,1.5e-07,0.00000005,0.000000000002128045,4862160,2018-11-20 23:02:39,btc,2.84511358,0.0,,btc,0.00036572,0.0,0.07381892,74
1,[],5,[],2019-02-25 23:01:18,0.0,0,0,6787023,2019-02-25 23:01:18,btc,0.0,0.0,0,btc,0.0,0.0,0.0,75
0,[],20,[],2019-01-25 09:30:31,0.0,0,0,6495923,2019-01-25 09:30:31,btc,0.0,0.0,0,btc,0.0,0.0,0.0,81
1,[],4,[],2019-02-25 23:01:19,16235280.92031862,0.00000001,0.000000000000383384,6787024,2019-02-25 23:01:19,btc,11388.638595673243,0.0,0.00000001,btc,34444270.17624532,0.0,0.1623528092031862,81
1,[],4,[],2019-02-25 23:01:20,28531.01361757,0.00007547,0.000000002893399048,6787025,2019-02-25 23:01:20,btc,17.778495457938053,0.0,0.00007547,btc,12808.95151728,0.01267777,0.1322337670339942,82
1,[],21,[],2019-02-25 23:01:21,91215.7268746,0.00007603000000000000220285595320,0.000000002914868552,6787026,2019-02-25 23:01:21,btc,2.3708628326846086,11907.23169682,0.000076030000000000002202855953203908256909926421940326690673828125,btc,25199.41965219,0.90523144,2.4121879994708304,82
0,[],17,[],2019-02-25 23:01:23,0.0,0,0,6787027,2019-02-25 23:01:23,btc,0.0447233088476774,0.0,0,btc,999127.19588126,0.0,0.0,84
0.0000000001191484,[],4,[],2019-02-25 23:01:24,117725275.87346292,3.574452e-18,1.370387705568e-22,6787028,2019-02-25 23:01:24,ltc,1.7828321518943575,0.0,0.00000003,ltc,403747207.3304059,0.0,2.2038424557068416e-10,85
,[],22,[],2018-11-20 23:09:34,3408.1,0.0000001,0.0000000000041895,4862324,2018-11-20 23:09:34,BTC,0.04624735,0.0,,BTC,4990.0,0.0,0.00033081,86
0,[],22,[],2019-02-22 12:52:35,0.0,0,0,6758847,2019-02-22 12:52:35,,2.0760781,0.0,0,,140622.94736842104,0.0,0.0,87
0,[],27,[],2019-02-22 12:52:37,0.0,0,0,6758848,2019-02-22 12:52:37,,0.0,0.0,0,btc,0.0,0.0,0.0,87
,[],2,[],2018-11-20 23:10:47,0.0,0,0,4862359,2018-11-20 23:10:47,,0.0,0.0,,,0.0,0.0,0.0,88
1,[],11,[],2019-02-25 23:01:25,89537.34455878,0.00014779999999999998759429853389946174502256326377391815185546875,0.00000000566641552,6787029,2019-02-25 23:01:25,btc,610.0579492087504,1602.64261771,0.00014779999999999998759429853389946174502256326377391815185546875,btc,101657.45697366,0.0,5.779009892902228,89
0,[],2,[],2019-01-20 23:31:45,0.0,0,0,6477083,2019-01-20 23:31:45,,0.0,0.0,0,,0.0,0.0,0.0,91
1,[],12,[],2019-02-25 23:01:26,509540.74726005,0.000001430000000000000072932653839841155019030338735319674015045166015625,0.00000000005482391200000001,6787030,2019-02-25 23:01:26,btc,4.328927014225176,0.0,0.000001430000000000000072932653839841155019030338735319674015045166015625,btc,57204.45021283,0.0012466490529945,0.11723361819381749,91
0,[],17,[],2019-02-25 23:01:28,0.0,0,0,6787031,2019-02-25 23:01:28,btc,0.0,0.0,0,btc,0.0,0.0,0.0,91
0,[],22,[],2019-02-25 23:01:30,0.0,0,0,6787032,2019-02-25 23:01:30,,3.1e-06,0.0,0,,2.0,0.0,0.0,91
0.0000000001191484,[],22,[],2019-02-25 23:01:34,2791021.0,4.7659359999999996e-18,1.8271836074240001e-22,6787033,2019-02-25 23:01:34,LTC,8.53161599,0.0,0.00000004,LTC,71994962.1,0.0,0.09164084,95
0.0000000001191484,[],4,[],2019-02-25 23:01:35,637425930.7615747,7.8637944e-17,3.0148529522496e-21,6787034,2019-02-25 23:01:35,ltc,11.90707618354296,0.0,0.00000066,ltc,136387872.57707965,0.0,1.7424340302110916e-09,96
0,[],12,[],2019-02-25 23:01:35,0.0,0,0,6787035,2019-02-25 23:01:35,btc,255075.86232679957,0.0,0,btc,8739492.11519454,1.6883116883e-06,0.0,96
0,[],17,[],2019-02-25 23:01:37,0.0,0,0,6787036,2019-02-25 23:01:37,btc,0.0,0.0,0,btc,0.0,0.0,0.0,96
1,[],4,[],2019-02-25 23:01:38,1460980.31971201,0.00000031,0.000000000011884904,6787037,2019-02-25 23:01:38,btc,3.0258211896824005,0.0,0.00000031,btc,2468807.22307429,0.01013872,0.124730542345158,99
0,[],2,[],2019-01-20 23:23:55,0.0,0,0,6476914,2019-01-20 23:23:55,,0.0,0.0,0,,0.0,0.0,0.0,100
1,[],4,[],2019-02-25 23:01:39,146065.96361918,0.00004256,0.0000000016316823040000002,6787038,2019-02-25 23:01:39,btc,12.064409947473843,0.0,0.00004256,btc,161190.64685691,5.9210856,2.771126364593772,100
1,[],22,[],2019-02-25 22:53:04,50000.0,0.00000001,0.000000000000383769,6786850,2019-02-25 22:53:04,BTC,23.49896609,0.0,0.00000001,BTC,10277.22,0.0,0.0005,101
1,[],4,[],2019-02-25 22:53:05,482171.05769346,0.00000086,0.000000000033004134000000004,6786851,2019-02-25 22:53:05,btc,256.30280453411007,0.0,0.00000086,btc,489500.32073499,0.00853045,0.2510763250235605,103
1,[],12,[],2019-02-25 23:01:40,61383717.34565436,0.000000011,0.0000000000004217224,6787039,2019-02-25 23:01:40,btc,137279275.94170052,0.0,0.000000011,btc,121149489.09788266,0.04041261745690475,0.2098634534565436,105
1,[],27,[],2019-02-25 23:01:42,125810.89,0.00000001,0.000000000000383384,6787040,2019-02-25 23:01:42,btc,26.557578245556094,0.0,0.00000001,btc,574707.68391977,0.0,0.0012581089,105
1,[],22,[],2019-02-25 23:01:46,9328.0,0.00000001,0.000000000000383384,6787041,2019-02-25 23:01:46,BTC,51.10837004,0.0,0.00000001,BTC,470435.0,0.0,9.328e-05,107
1,[],26,[],2019-02-25 23:01:46,0.0,0.00000000,0,6787042,2019-02-25 23:01:46,btc,0.0,0.0,0.00000000,btc,0.0,0.0,0.0,107
1,[],5,[],2019-02-25 23:01:47,0.0,0,0,6787043,2019-02-25 23:01:47,btc,0.0,0.02834186,0,btc,0.0,0.0,0.0,112
1,[],22,[],2019-02-25 23:01:51,1966.0,0.00000001,0.000000000000383384,6787044,2019-02-25 23:01:51,BTC,2.81183288,0.0,0.00000001,BTC,808524.0833333334,0.0,1.966e-05,112
0.0000000003612131,[],27,[],2019-02-25 23:01:53,2000.0,3.612131e-18,1.384833231304e-22,6787045,2019-02-25 23:01:53,eth,1.35132491849924,0.0,0.00000001,"btc,eth",1328.641654,0.0,7.224262e-15,112
1,[],4,[],2019-02-25 22:53:21,378989.34558719,0.00000293,0.000000000112444317,6786859,2019-02-25 22:53:21,btc,70.81871244536667,0.0,0.00000293,btc,355591.60234663,0.07670929,0.1783266920708332,113
1,[],5,[],2019-02-25 22:53:22,0.0,0,0,6786860,2019-02-25 22:53:22,btc,0.0,0.00704886,0,btc,0.0,0.0,0.0,113
1,[],17,[],2019-02-25 22:53:24,152738.278,0.00000004,0.000000000001535076,6786861,2019-02-25 22:53:24,btc,1.3368030275126768,0.0,0.00000004,btc,51896.221,0.0,0.0022095311199999998,116
0,[],27,[],2019-02-25 22:53:26,0.0,0,0,6786862,2019-02-25 22:53:26,,0.0,0.0,0,btc,0.0,0.0,0.0,116
1,[],4,[],2019-02-25 23:01:55,391226.42549726,0.00002021,0.000000000774819064,6787046,2019-02-25 23:01:55,btc,29.32037125846912,0.0,0.00002021,btc,92283.60000908,4.05907321,1.1062585942720713,120
1,[],7,[],2019-02-25 23:01:56,211317.3056909,0.00001718999999999999974092772248024374448505113832652568817138671875,0.0000000006590370960000001,6787047,2019-02-25 23:01:56,btc,115646.99283883712,303.4854821,0.00001718999999999999974092772248024374448505113832652568817138671875,btc,37560.904976210004,0.00609394,0.0648374996015533,120
1,[],20,[],2019-02-25 23:01:59,1389422.4854,0.000000044,0.0000000000016868896,6787048,2019-02-25 23:01:59,btc,32.2423993872018,273402.6927,0.000000044,btc,855802.0318,0.0099741640455,0.0092365735184,125
1,[],22,[],2019-02-25 23:02:02,3053.0,0.00000001,0.000000000000383384,6787049,2019-02-25 23:02:02,BTC,0.01444887,0.0,0.00000001,BTC,296263.5111111111,0.0,3.053e-05,126
1,[],4,[],2019-02-25 22:53:37,107404.5922078,0.00001430,0.00000000054878967,6786867,2019-02-25 22:53:37,btc,20.30977717172969,0.0,0.00001430,btc,135058.75618035,0.13029458,0.5950571773899642,131
0,[],17,[],2019-02-25 22:53:39,0.0,0,0,6786868,2019-02-25 22:53:39,btc,0.0009561751951600001,0.0,0,btc,35.42829368,0.0,0.0,131
0,[],2,[],2019-01-20 23:25:46,0.0,0,0,6476969,2019-01-20 23:25:46,,0.0,0.0,0,,0.0,0.0,0.0,131
1,[],4,[],2019-02-25 22:53:40,4558.89196741,0.00016001,0.000000006140687769,6786869,2019-02-25 22:53:40,btc,1.6208889411254508,0.0,0.00016001,btc,242.95965577,0.0,0.0087097550153771,135
1,[],3,[],2019-02-25 22:53:41,1067926.16685176,0.00000005,0.000000000001918845,6786870,2019-02-25 22:53:41,btc,0.6748658244182654,97293.5401667,0.00000005,btc,2369305.38244165,0.0,0.0343558553370351,136
1,[],4,[],2019-02-25 23:02:04,260211.93702323,0.00000145,0.000000000055590680000000004,6787050,2019-02-25 23:02:04,btc,38.581316488861695,0.0,0.00000145,btc,655314.3370643,0.03686154,0.0699886582675402,137
1,[],12,[],2019-02-25 23:02:05,293404.82967288,0.0000015000000000000000380012861456169304119612206704914569854736328125,0.00000000005750760000000001,6787051,2019-02-25 23:02:05,btc,11807.59912096279,0.0,0.0000015000000000000000380012861456169304119612206704914569854736328125,btc,124282.06109106,0.0056726175024668,0.017892090000004898,137
1,[],17,[],2019-02-25 22:53:47,22967.386363640002,0.00000088,0.000000000033771672000000006,6786875,2019-02-25 22:53:47,btc,20.0699133484,0.0,0.00000088,btc,405.079105,0.0,0.0104613000000032,142
1,[],4,[],2019-02-25 23:02:06,206653.59573589,0.00004000,0.000000001533536,6787052,2019-02-25 23:02:06,btc,29.16612214824291,0.0,0.00004000,btc,45882.75099318,1.09127742,0.4599821152692311,142
1,[],5,[],2019-02-25 23:02:07,0.0,0,0,6787053,2019-02-25 23:02:07,btc,0.0,0.11829641,0,btc,0.0,0.0,0.0,142
1,[],20,[],2019-02-25 23:02:09,133310.9826,0.000045043,0.0000000017268765512,6787054,2019-02-25 23:02:09,btc,0.5019588885584,0.0,0.000045043,btc,3876.6846,0.0,0.2356579130972,142
1,[],22,[],2019-02-25 23:02:12,1685.8988921568628,0.00004000,0.000000001533536,6787055,2019-02-25 23:02:12,BTC,3.00385504,0.0,0.00004000,BTC,891.218,0.0,0.00174536,142
0.0,[],25,[],2019-02-25 23:02:13,0.0,0,0,6787056,2019-02-25 23:02:13,,0.0,0.0,0.0,btc,0.0,0.0,0.0,142
1,[],28,[],2019-02-25 23:02:19,76772.0,0.00004500,0.000000001725228,6787057,2019-02-25 23:02:19,btc,0.0866109227,968.0,0.00004500,btc,790.5355,0.0,0.0338472,142
0,[],22,[],2019-02-25 22:53:58,0.0,0,0,6786880,2019-02-25 22:53:58,,60.80280694,0.0,0,,704341446.3,0.0,0.0,143
0,[],22,[],2019-02-25 15:42:22,0.0,0,0,6783783,2019-02-25 15:42:22,,4.2131946,0.0,0,,2322156.0,0.0,0.0,146
,[],22,[],2018-11-20 23:01:11,0.0,0,0,4862114,2018-11-20 23:01:11,,2.56807021,0.0,,,61828.4988236,0.0,0.0,147
1,[],12,[],2019-02-25 22:46:36,219492.50680679,0.00000252000000000000001302018388937842274799550068564713001251220703125,0.00000000009672415200000001,6786693,2019-02-25 22:46:36,btc,16.285210626136383,0.0,0.00000252000000000000001302018388937842274799550068564713001251220703125,btc,116871.95764188,0.0006826757029434,0.0284103200000113,148
1,[],4,[],2019-02-25 23:02:21,251505.57134223,0.00000036,0.000000000013801824000000001,6787058,2019-02-25 23:02:21,btc,219.96360412859246,0.0,0.00000036,btc,790084.43190714,0.00181388,0.0603773038136833,152
0,[],22,[],2019-02-25 23:02:23,0.0,0,0,6787059,2019-02-25 23:02:23,,0.0,0.0,0,,0.0,0.0,0.0,152
1,[],5,[],2019-02-25 23:02:24,0.0,0,0,6787060,2019-02-25 23:02:24,btc,0.0,0.0,0,btc,0.0,0.0,0.0,153
,[],16,[],2019-01-11 15:38:59,0.0,0,0,6366141,2019-01-11 15:38:59,btc,0.0,0.0,,btc,0.0,0.0,0.0,155
0,[],23,[],2019-01-20 23:24:29,0.0,0,0,6476932,2019-01-20 23:24:29,,0.0,0.0,0,,0.0,0.0,0.0,156
0,[],22,[],2019-02-25 23:02:27,0.0,0,0,6787061,2019-02-25 23:02:27,,6.74832201,0.0,0,,4646626.742592593,0.0,0.0,156
1,[],22,[],2019-02-25 23:02:30,7073.8,0.00005300,0.0000000020319352,6787062,2019-02-25 23:02:30,BTC,1.80343699,0.0,0.00005300,BTC,899.6422341958436,0.0,0.00104336,157
0,[],22,[],2019-02-25 23:02:33,0.0,0,0,6787063,2019-02-25 23:02:33,,50175.68008609,0.0,0,,54479136.04179466,0.0,0.0,158
,[],17,[],2018-11-20 22:56:10,0.0,0,0,4861976,2018-11-20 22:56:10,btc,1.1265625,0.0,,btc,1000.0,0.0,0.0,159
,[],20,[],2018-11-20 22:56:12,0.0,0,0,4861977,2018-11-20 22:56:12,btc,11912.7940471,0.0,,btc,34413894.3617,0.0,0.0,159
1,[],12,[],2019-02-25 23:02:34,181627.62895073,0.0000070799999999999999760781632662798301680595614016056060791015625,0.000000000271435872,6787064,2019-02-25 23:02:34,btc,6.644471416256144,0.0,0.0000070799999999999999760781632662798301680595614016056060791015625,btc,13840.83940512,0.0104891309405248,0.0897127255589881,168
1,[],17,[],2019-02-25 23:02:35,29784.95,0.000001,0.0000000000383384,6787065,2019-02-25 23:02:35,btc,0.03026736251542,0.0,0.000001,btc,144.46171372,0.0,0.00716147,168
1,[],22,[],2019-02-25 23:02:39,262482.0,0.00000001,0.000000000000383384,6787066,2019-02-25 23:02:39,BTC,1.14695792,0.0,0.00000001,BTC,779972.8900917594,0.0,0.00262482,169
1,[],22,[],2019-02-25 23:02:42,234840.5,0.00000018,0.000000000006900912000000001,6787067,2019-02-25 23:02:42,BTC,13.2557958,0.0,0.00000018,BTC,151006.2939341018,4.39e-05,0.00827129,171
1,[],22,[],2019-02-25 23:02:46,41597.0,0.00000008,0.000000000003067072,6787068,2019-02-25 23:02:46,BTC,2.19965126,0.0,0.00000008,BTC,241653.108041078,0.0,0.00096143,173
1,[],5,[],2019-02-25 22:47:10,0.0,0,0,6786705,2019-02-25 22:47:10,btc,0.0,0.04279921,0,btc,0.0,0.0,0.0,175
1,[],22,[],2019-02-25 23:02:49,45904.0,0.0000003,0.000000000011501520000000001,6787069,2019-02-25 23:02:49,BTC,0.52955903,0.0,0.0000003,BTC,143368.41384013777,0.0,0.0052148,176
0,[],2,[],2019-01-20 23:28:34,0.0,0,0,6477001,2019-01-20 23:28:34,,0.0,0.0,0,,0.0,0.0,0.0,178
1,[],7,[],2019-02-25 23:02:52,0.0,0,0,6787070,2019-02-25 23:02:52,btc,410932.5281358376,0.0,0,btc,117881559.31901672,0.0,0.0,178
0,[],22,[],2019-02-25 23:02:55,0.0,0,0,6787071,2019-02-25 23:02:55,,1.00242428,0.0,0,,57512.0,0.0,0.0,178
1,[],5,[],2019-02-25 22:54:35,0.0,0,0,6786895,2019-02-25 22:54:35,btc,0.0,0.29263782,0,btc,0.0,0.0,0.0,179
1,[],22,[],2019-02-25 22:54:39,7061490.0,0.00000003,0.000000000001151307,6786896,2019-02-25 22:54:39,BTC,5.63524981,0.0,0.00000003,"BTC,LTC",17162072.301989965,0.00227333,0.38172614,179
0,[],23,[],2019-01-20 23:25:08,0.0,0,0,6476952,2019-01-20 23:25:08,,0.0,0.0,0,,0.0,0.0,0.0,179
1,[],17,[],2019-02-25 22:54:40,10504.725,0.0000001,0.00000000000383769,6786897,2019-02-25 22:54:40,btc,5.201069583845418,0.0,0.0000001,btc,5033.45945,0.0,0.0010504725,180
0.000000000119353,[],22,[],2019-02-25 22:54:44,128605.4,1.19353e-17,4.5803981457e-22,6786898,2019-02-25 22:54:44,LTC,0.19836066,0.0,0.0000001,LTC,59391.07953717361,0.0,0.00130544,180
1,[],26,[],2019-02-25 22:54:44,0.0,0.00000100,0.0000000000383769,6786899,2019-02-25 22:54:44,btc,0.0,0.0,0.00000100,btc,0.0,0.0,0.0,180
,[],7,[],2018-11-20 22:58:01,562227.975654,0.00000085,0.000000000036176765,4862015,2018-11-20 22:58:01,btc,21836.6059674,2491.87645172,,btc,749999.041456,0.00211021,0.127565380455,183
,[],5,[],2019-01-10 08:11:41,0.0,0,0,6347036,2019-01-10 08:11:41,btc,82.15055501,0.00261,,btc,1.19002445,0.0,0.0,187
1,[],24,[],2019-02-25 22:54:45,0.0,0.000000000001,3.8376900000000004e-17,6786900,2019-02-25 22:54:45,btc,0.0,0.0,0.000000000001,btc,0.0,0.0,0.0,187
,[],17,[],2018-11-16 20:58:10,4062536.27273,0.00000001,0.000000000000550501,4708775,2018-11-16 20:58:10,btc,3.36492563466,0.195460381006,,"btc,eth",110697919.549,0.0,0.0157628953496,187
0,[],22,[],2019-02-25 10:59:45,0.0,0,0,6781186,2019-02-25 10:59:45,,1.19374396,0.0,0,,16308.869534405507,0.0,0.0,191
0,[],22,[],2019-02-25 22:54:50,0.0,0,0,6786901,2019-02-25 22:54:50,,0.0,0.0,0,,0.0,0.0,0.0,197
0,[],22,[],2019-02-25 23:02:58,0.0,0,0,6787072,2019-02-25 23:02:58,,5.19477622,0.0,0,,21058553.0,0.0,0.0,199
1,[],26,[],2019-02-25 23:02:58,0.0,0.00000000,0,6787073,2019-02-25 23:02:58,btc,0.0,0.0,0.00000000,btc,0.0,0.0,0.0,199
0,[],23,[],2019-01-20 23:31:41,0.0,0,0,6477079,2019-01-20 23:31:41,,0.0,0.0,0,,0.0,0.0,0.0,199
0,[],17,[],2019-01-30 16:32:01,0.0,0,0,6540827,2019-01-30 16:32:01,btc,6.802544163788159,0.0,0,btc,105897.55575295,0.0,0.0,200
0,[],2,[],2019-01-20 23:30:49,0.0,0,0,6477059,2019-01-20 23:30:49,,0.0,0.0,0,,0.0,0.0,0.0,201
1,[],4,[],2019-01-25 15:51:35,2084389.58565343,0.00000936,0.000000000333526752,6499557,2019-01-25 15:51:35,btc,2.0092503037378524,0.0,0.00000936,btc,160195.80207885,0.19272417,1.242687955921835,211
1,[],7,[],2019-02-25 22:54:56,4451391.79521508,0.000001349999999999999991849510168340220417348973569460213184356689453125,0.000000000051808815,6786904,2019-02-25 22:54:56,btc,15476653.196787871,957356.428845,0.000001349999999999999991849510168340220417348973569460213184356689453125,btc,11618736.92135639,1.32317597,3.485221941143063,212
1,[],5,[],2019-02-25 22:54:57,0.0,0,0,6786905,2019-02-25 22:54:57,btc,0.0,0.37007209,0,btc,0.0,0.0,0.0,213
1,[],24,[],2019-02-25 22:54:57,0.0,0.000000100000,0.00000000000383769,6786906,2019-02-25 22:54:57,btc,0.0,0.0,0.000000100000,btc,0.0,0.0,0.0,213
1,[],26,[],2019-02-25 22:54:57,0.0,0.00000009,0.000000000003453921,6786907,2019-02-25 22:54:57,btc,0.0,0.0,0.00000009,btc,0.0,0.0,0.0,213
1,[],12,[],2019-01-25 02:44:32,207462.42853209,0.000001080000000000000035831255497387193287295303889550268650054931640625,0.000000000038610756000000006,6493050,2019-01-25 02:44:32,btc,85023.03793723314,0.0,0.000001080000000000000035831255497387193287295303889550268650054931640625,btc,43675.73520027,0.000146250909087,0.0348620860622024,213
1,[],22,[],2019-02-25 22:55:00,104891.0,0.00000001,0.000000000000383769,6786908,2019-02-25 22:55:00,BTC,2.22001282,0.0,0.00000001,BTC,449232.1963726171,9.6e-07,0.00104891,216
1,[],27,[],2019-02-25 22:55:02,1303102.005988,0.00000008,0.000000000003070152,6786909,2019-02-25 22:55:02,btc,311.82590671644,10.0,0.00000008,"btc,ltc",218537.901,9.54824e-13,0.03410555041937484,216
1,[],22,[],2019-02-25 23:03:04,251736.4667325441,0.00000215,0.00000000008242756000000001,6787074,2019-02-25 23:03:04,BTC,12673.58466803,0.0,0.00000215,BTC,379782.3367062892,0.0052675,0.35683514,217
0,[],27,[],2019-02-25 22:57:08,0.0,0,0,6786911,2019-02-25 22:57:08,,0.0740438339680921,0.0,0,btc,1536429.20709513,0.0,0.0,219
0.0000000000000052,[],28,[],2019-02-25 22:57:15,168298810.197,5.200104e-18,1.9956387119760002e-22,6786912,2019-02-25 22:57:15,doge,83883.3352434475,15064.0,0.00100002,"btc,doge",4823713.77951,0.0,1.128533954447588e-11,219
1,[],7,[],2019-02-25 22:48:06,0.0,0,0,6786724,2019-02-25 22:48:06,btc,77969.77488735563,0.0,0,btc,137043486.5550253,0.0,0.0,219
1,[],22,[],2019-02-25 22:57:18,240665.0,0.00000002,0.000000000000767538,6786913,2019-02-25 22:57:18,BTC,3.01261816,0.0,0.00000002,BTC,128714.27041875875,0.01215006,0.00440665,221
1,[],24,[],2019-02-25 22:57:18,0.0,0.000000200000,0.00000000000767538,6786914,2019-02-25 22:57:18,btc,0.0,0.0,0.000000200000,btc,0.0,0.0,0.0,221
1,[],20,[],2019-02-25 22:57:20,42838652.0989,0.000000001,0.0000000000000383769,6786915,2019-02-25 22:57:20,btc,48.0248708379449,744234.6233,0.000000001,btc,10968756.3145,0.0013842346232,0.0428386520989,224
0,[],22,[],2019-02-25 22:57:22,0.0,0,0,6786916,2019-02-25 22:57:22,,0.0,0.0,0,,0.0,0.0,0.0,224
1,[],26,[],2019-02-25 22:57:23,0.0,0.00000035,0.000000000013431915000000001,6786917,2019-02-25 22:57:23,btc,0.0,0.0,0.00000035,btc,0.0,0.0,0.0,231
1,[],26,[],2019-02-25 22:57:23,0.0,0.00000006,0.000000000002302614,6786918,2019-02-25 22:57:23,btc,0.0,100.0,0.00000006,btc,0.0,0.0,0.0,234
0.0000000003620088,[],27,[],2019-02-25 22:57:25,2000.0,3.620088e-18,1.389277551672e-22,6786919,2019-02-25 22:57:25,eth,0.0113483662182,0.0,0.00000001,"btc,eth",11462.99618,0.0,7.240175999999999e-15,234
1,[],4,[],2019-02-25 22:57:26,924474.08224269,0.00000087,0.000000000033387903,6786920,2019-02-25 22:57:26,btc,4.536047686829335,0.0,0.00000087,btc,1095065.87046974,0.0814562,0.3280224746262547,236
1,[],24,[],2019-02-25 22:57:27,0.0,0.000000300000,0.00000000001151307,6786921,2019-02-25 22:57:27,btc,0.0,0.0,0.000000300000,btc,0.0,0.0,0.0,236
1,[],20,[],2019-02-25 22:57:28,69744223.8147,0.000000052,0.0000000000019955988000000002,6786922,2019-02-25 22:57:28,btc,10.1474140996696,27131424.5688,0.000000052,btc,45827736.4675,1.5657631242342,0.4151075672818,237
0.000000000119353,[],22,[],2019-02-25 22:57:32,14400.0,1.19353e-17,4.5803981457e-22,6786923,2019-02-25 22:57:32,LTC,0.0405823,0.0,0.0000001,LTC,3164.0,0.0,0.00144,237
1,[],4,[],2019-02-25 22:57:33,6710229.69982056,0.00000032,0.000000000012280608,6786924,2019-02-25 22:57:33,btc,5.900337289266349,0.0,0.00000032,btc,9355628.09767437,0.25387927,1.405229656198271,238
1,[],5,[],2019-02-25 22:57:34,0.0,0,0,6786925,2019-02-25 22:57:34,btc,0.0,0.06979245,0,btc,0.0,0.0,0.0,238
0,[],22,[],2019-02-25 22:57:36,0.0,0,0,6786926,2019-02-25 22:57:36,,0.41356282,0.0,0,,316008.5639027493,0.0,0.0,249
0.000000000119353,[],22,[],2019-02-25 22:57:40,7121097.666666667,3.5805899999999995e-18,1.37411944371e-22,6786927,2019-02-25 22:57:40,LTC,0.52925409,0.0,0.00000003,LTC,19096234.09,4.6801175772e-12,0.21263595,252
1,[],28,[],2019-02-25 22:57:46,3829503.592,0.00000013,0.0000000000049889970000000005,6786928,2019-02-25 22:57:46,btc,164693.6756861124,256340.36,0.00000013,btc,896721.7684,0.0,0.24118444114,256
1,[],22,[],2019-02-25 22:57:49,1057264.0,0.00000001,0.000000000000383769,6786929,2019-02-25 22:57:49,BTC,31.43617806,0.0,0.00000001,BTC,555647.8076914564,3.21e-05,0.01057264,258
1,[],22,[],2019-02-25 22:48:47,48751.0,0.00000001,0.00000000000038382600000000006,6786744,2019-02-25 22:48:47,BTC,2.4175745,0.0,0.00000001,BTC,1762.0,0.0,0.00048751,259
1,[],5,[],2019-02-25 22:57:50,0.0,0,0,6786930,2019-02-25 22:57:50,btc,0.0,0.29811708,0,btc,0.0,0.0,0.0,264
1,[],20,[],2019-02-25 22:57:52,1224919.6903,0.00000209,0.000000000080207721,6786931,2019-02-25 22:57:52,btc,7.3588594755028,114433.1447,0.00000209,btc,98280.9586,0.3417169137794,0.0253548650701,264
1,[],22,[],2019-02-25 22:57:56,5321.0,0.00000001,0.000000000000383769,6786932,2019-02-25 22:57:56,BTC,8.43386745,0.0,0.00000001,BTC,422962.8107878143,0.00012843,5.321e-05,271
0,[],22,[],2019-02-25 22:57:58,0.0,0,0,6786933,2019-02-25 22:57:58,,259.53594233,0.0,0,,14416281437.9,0.0,0.0,272
0.0000000000000052,[],28,[],2019-02-25 22:58:03,199293672257.991,4.264e-21,1.636391016e-25,6786934,2019-02-25 22:58:03,doge,21961418.670359302,57026880655.058,0.00000082,doge,226607229562.8808,0.0,4.948233710071715e-10,272
1,[],22,[],2019-02-25 22:58:08,114621.74,0.00000111,0.000000000042598359,6786935,2019-02-25 22:58:08,BTC,74.32224932,0.0,0.00000111,"BTC,LTC",8370.487639773188,1.108e-05,0.04331897,281
1,[],22,[],2019-02-25 22:58:15,864113.5,0.00000002,0.000000000000767538,6786936,2019-02-25 22:58:15,BTC,1.33136171,0.0,0.00000002,BTC,128490.66554551729,0.00116274,0.01715015,286
0,[],22,[],2019-02-25 22:58:18,0.0,0,0,6786937,2019-02-25 22:58:18,,43634.52001853,0.0,0,,419066696.0,0.0,0.0,294
