pairValue,buyBook,exchangeId,sellBook,updated,buyTotal,satoshiPrice,usdPrice,exchangeLogId,created,bestPair,sellTotalBtc,volume,pairPrice,activePairs,sellTotal,volumeBtc,buyTotalBtc,coinId
0,[],2,[],2019-01-20 23:28:45,0.0,0,0,6477011,2019-01-20 23:28:45,,0.0,0.0,0,,0.0,0.0,0.0,1
1,[],3,[],2019-02-26 17:26:57,30538.559892400863,0.01250567999999999992122301506469739251770079135894775390625,0.000000475944921144,6794966,2019-02-26 17:26:57,btc,61.106082137347286,1.52541095774,0.01250567999999999992122301506469739251770079135894775390625,btc,24.860147459476,0.0,0.28786040488548575,1
1,[],4,[],2019-02-26 17:26:58,303081.61023462,0.01242589,0.000000472908249387,6794967,2019-02-26 17:26:58,btc,9.191121952923178,0.0,0.01242589,btc,261.28171823,1.25141129,2.728945193374907,1
1,[],5,[],2019-02-26 17:27:00,0.0,0,0,6794968,2019-02-26 17:27:00,btc,0.0,0.00328503,0,btc,0.0,0.0,0.0,1
1,[],10,[],2019-02-26 17:27:02,414585.3231309,0.01080143,0.000000411084063369,6794969,2019-02-26 17:27:02,btc,6522.526884448432,2174.08759048,0.01080143,btc,1031.65349415,0.0,5.147643659132616,1
1,[],12,[],2019-02-26 17:27:05,10433.84536811,0.012510000000000000286437540353290387429296970367431640625,0.000000476109333,6794970,2019-02-26 17:27:05,btc,0.5728524603122,0.0,0.012510000000000000286437540353290387429296970367431640625,btc,36.03757799,0.0606014481098,0.3135429965034,1
1,[],20,[],2019-02-26 17:27:07,1150.0464,0.01051,0.000000399992733,6794971,2019-02-26 17:27:07,btc,0.0666025403976,0.5131,0.01051,btc,3.0401,0.0055645093014,0.0875486356215,1
1,[],21,[],2019-02-26 17:27:08,2450.33714686,0.01255820000000000026540991627,0.00000047794374306,6794972,2019-02-26 17:27:08,btc,20.985787720144742,2277.9062212900003,0.01255820000000000026540991626688992255367338657379150390625,"btc,eth",2319.08289494,26.826515948634675,24.198748081126592,1
1,[],22,[],2019-02-26 17:27:12,0.0163776,0.01300000,0.0000004947579,6794973,2019-02-26 17:27:12,BTC,0.31423927,0.0,0.01300000,BTC,0.11751954901960784,0.0,0.00020972,1
1,[],24,[],2019-02-26 17:27:12,0.0,0.000000000000,0,6794974,2019-02-26 17:27:12,btc,0.0,0.0,0.000000000000,btc,0.0,0.0,0.0,1
0.0,[],25,[],2019-02-26 17:27:13,0.0,0,0,6794975,2019-02-26 17:27:13,btc,19.230299997830443,3766.55179252,0.0,btc,1484.48582261,48.1728,0.0,1
1,[],26,[],2019-02-26 17:27:14,0.0,0,0,6794976,2019-02-26 17:27:14,,0.0,0.0,0,,0.0,0.0,0.0,1
1,[],28,[],2019-02-26 17:27:15,993.142,0.01323000,0.000000503511309,6794977,2019-02-26 17:27:15,btc,0.162839806,18070.55,0.01323000,btc,8.9,0.0,0.089302756,1
1,[],5,[],2019-02-26 17:27:16,0.0,0,0,6794978,2019-02-26 17:27:16,btc,0.0,0.00042685,0,btc,0.0,0.0,0.0,2
0.0000000001255459,[],22,[],2019-02-26 17:27:20,1148.0,1.3810049e-16,5.2558698785669996e-21,6794979,2019-02-26 17:27:20,XMR,21.01373823,0.0,0.00000110,XMR,14319.12581,0.0,0.00087635,2
1,[],5,[],2019-02-26 17:27:21,0.0,0,0,6794980,2019-02-26 17:27:21,btc,0.0,0.03188795,0,btc,0.0,0.0,0.0,3
1,[],12,[],2019-02-26 17:27:22,13646655.0015,0.000000173,0.0000000000065840859,6794981,2019-02-26 17:27:22,btc,924396.2384867623,0.0,0.000000173,btc,8121994.83542088,0.0372994368179934,0.7247466990579,3
0,[],28,[],2019-02-26 17:27:23,0.0,0,0,6794982,2019-02-26 17:27:23,,0.0,0.0,0,,0.0,0.0,0.0,3
0,[],2,[],2019-01-20 23:31:32,0.0,0,0,6477077,2019-01-20 23:31:32,,0.0,0.0,0,,0.0,0.0,0.0,4
1,[],4,[],2019-02-26 17:27:24,411324.47432847,0.00000032,0.000000000012178656,6794983,2019-02-26 17:27:24,btc,31.60861988363474,0.0,0.00000032,btc,712506.44072273,0.0,0.0583397307735309,4
1,[],12,[],2019-02-22 14:50:14,1367032.5219999999,0.00000003,0.000000000001190475,6759350,2019-02-22 14:50:14,btc,11013869.583570713,0.0,0.00000003,btc,1211697.32371984,0.00024567976024,0.02065290044,5
0,[],2,[],2019-01-20 23:31:51,0.0,0,0,6477087,2019-01-20 23:31:51,,0.0,0.0,0,,0.0,0.0,0.0,6
1,[],11,[],2019-02-26 17:27:26,4272596.5,0.00000001,0.000000000000380583,6794984,2019-02-26 17:27:26,btc,9432.730775032815,100000.0,0.00000001,btc,41747017.57452957,0.0,0.042725965,6
1,[],3,[],2019-02-26 17:27:27,1085.537475048359,0.0001510600000000000072038208731584063571062870323657989501953125,0.000000005749086798,6794985,2019-02-26 17:27:27,btc,26.3363151709563,0.0,0.0001510600000000000072038208731584063571062870323657989501953125,btc,247.537822229004,0.0,0.03339742781632559,7
1,[],4,[],2019-02-26 17:27:29,101437.12012555,0.00023922,0.000000009104306526,6794986,2019-02-26 17:27:29,btc,11.263858190331261,0.0,0.00023922,btc,36400.84937101,2.88231764,6.132286994458443,7
1,[],5,[],2019-02-26 17:27:30,0.0,0,0,6794987,2019-02-26 17:27:30,btc,0.0,0.41389514,0,btc,0.0,0.0,0.0,7
1,[],20,[],2019-02-20 02:16:17,39399275.8418,0.000000001,0.0000000000000390183,6728586,2019-02-20 02:16:17,btc,116.9737569154545,525.0,0.000000001,btc,56932965.8895,5.25e-07,0.0393992758418,8
0,[],2,[],2019-01-20 23:22:42,0.0,0,0,6476876,2019-01-20 23:22:42,,0.0,0.0,0,,0.0,0.0,0.0,9
0,[],23,[],2019-01-20 23:22:48,0.0,0,0,6476878,2019-01-20 23:22:48,,0.0,0.0,0,,0.0,0.0,0.0,9
1,[],1,[],2019-02-17 23:31:42,1822507.21,0.00000181000000000000003456111265232042484285557293333113193511962890625,0.000000000066086901,6701244,2019-02-17 23:31:42,btc,3.6990969245,17153386.5,0.00000181000000000000003456111265232042484285557293333113193511962890625,btc,1997391.71,31.11772986,3.2610482446,9
1,[],4,[],2019-02-26 17:27:32,1994173.91010097,0.00000180,0.00000000006850494,6794988,2019-02-26 17:27:32,btc,6.0692165278246515,0.0,0.00000180,btc,2354841.1474051,3.47010605,0.8109989504726762,9
1,[],28,[],2019-02-26 17:27:34,50838.0,0.00000186,0.000000000070788438,6794989,2019-02-26 17:27:34,btc,2708.76239652,3626009.0,0.00000186,btc,12076.33,0.0,0.05688413,9
1,[],4,[],2019-02-17 11:22:43,4341674.27126056,0.00000002,0.0000000000007272960000000001,6696112,2019-02-17 11:22:43,btc,0.1997230937751353,0.0,0.00000002,btc,4109766.79808031,0.00215132,0.0479381022052112,10
0,[],2,[],2019-01-20 23:23:08,0.0,0,0,6476890,2019-01-20 23:23:08,,0.0,0.0,0,,0.0,0.0,0.0,12
1,[],4,[],2019-02-26 17:27:35,4276514.06582866,0.00000125,0.000000000047572875,6794990,2019-02-26 17:27:35,btc,10.179511495242561,0.0,0.00000125,btc,5306984.37328554,1.3227579,2.4580863622977356,12
1,[],5,[],2019-02-26 17:27:36,0.0,0,0,6794991,2019-02-26 17:27:36,btc,0.0,0.16690231,0,btc,0.0,0.0,0.0,12
0.0,[],25,[],2019-02-26 17:27:37,0.0,0,0,6794992,2019-02-26 17:27:37,,0.0,0.0,0.0,btc,0.0,0.0,0.0,12
1,[],10,[],2019-02-26 17:07:58,474275.38207684,0.00000529,0.000000000201528898,6794611,2019-02-26 17:07:58,btc,666802.6252130215,10053.3108875,0.00000529,btc,747097.80562326,0.0,0.2860876019217825,13
1,[],4,[],2019-02-26 17:27:38,1185367.67564035,0.00000550,0.00000000020932065,6794993,2019-02-26 17:27:38,btc,3.145499572885363,0.0,0.00000550,btc,443116.97647193,0.73163348,0.5088253769772835,13
1,[],21,[],2019-02-26 17:27:41,526122.2258155401,0.000005630000000000000306391197136,0.000000000214268229,6794994,2019-02-26 17:27:41,btc,6.180703535952445,727580.03694699,0.000005630000000000000306391197135713611032770131714642047882080078125,btc,976810.12012579,4.03991042,2.6967248643839503,13
1,[],4,[],2019-02-26 17:27:42,689435.4976889,0.00000118,0.000000000044908794,6794995,2019-02-26 17:27:42,btc,11.117372119920491,0.0,0.00000118,btc,889598.50044197,0.09931638,0.1315039110537322,14
1,[],12,[],2019-02-26 17:27:44,217265.91304348,0.000001120000000000000076372827333137660588135986472479999065399169921875,0.000000000042625296000000004,6794996,2019-02-26 17:27:44,btc,5.2944057537002704,0.0,0.000001120000000000000076372827333137660588135986472479999065399169921875,btc,33916.19873547,4.52e-06,0.0232142600000004,14
0,[],17,[],2019-02-26 17:27:55,0.0,0,0,6794997,2019-02-26 17:27:55,btc,0.0,0.0,0,btc,0.0,0.0,0.0,14
1,[],26,[],2019-02-26 17:27:55,0.0,0.00000050,0.00000000001902915,6794998,2019-02-26 17:27:55,btc,0.0,0.0,0.00000050,btc,0.0,0.0,0.0,14
,[],12,[],2018-12-01 15:15:48,204241.84496,0.00000489,0.000000000202473384,5260204,2018-12-01 15:15:48,btc,49.5475654835,0.0,,btc,35763.2193806,0.0163153972027625,0.0203389899998,15
0,[],4,[],2019-02-26 17:27:56,0.0,0,0,6794999,2019-02-26 17:27:56,,0.0,0.0,0,,0.0,0.0,0.0,15
0,[],2,[],2019-01-20 23:23:38,0.0,0,0,6476906,2019-01-20 23:23:38,,0.0,0.0,0,,0.0,0.0,0.0,18
0,[],17,[],2019-02-26 16:29:43,0.0,0,0,6794473,2019-02-26 16:29:43,btc,0.0,0.0,0,btc,0.0,0.0,0.0,18
1,[],4,[],2019-02-26 17:27:58,25738.9683535,0.00001788,0.000000000680482404,6795000,2019-02-26 17:27:58,btc,1.2313449500850955,0.0,0.00001788,btc,9369.68559207,0.01613519,0.079211128479456,18
1,[],10,[],2019-02-26 17:28:00,783715.69783461,0.00001728,0.0000000006576474240000001,6795001,2019-02-26 17:28:00,btc,16.629237783053824,3244.4804098,0.00001728,btc,14762.62579213,0.0,0.1432136325894956,18
1,[],12,[],2019-02-26 17:28:01,193695.41749058,0.0000187000000000000005302182304323110884070047177374362945556640625,0.0000000007116902100000001,6795002,2019-02-26 17:28:01,btc,23.63098141350518,0.0,0.0000187000000000000005302182304323110884070047177374362945556640625,btc,1890.21419731,5.35942e-06,0.0363411422912156,18
0,[],2,[],2019-01-20 23:24:19,0.0,0,0,6476924,2019-01-20 23:24:19,,0.0,0.0,0,,0.0,0.0,0.0,19
1,[],3,[],2019-02-26 17:28:12,118347.7875113318,0.0000200099999999999998462514583241755872222711332142353057861328125,0.000000000761546583,6795003,2019-02-26 17:28:12,btc,0.5347056384195821,0.0,0.0000200099999999999998462514583241755872222711332142353057861328125,btc,8978.011464013742,0.0,0.030954094098793586,19
1,[],4,[],2019-02-26 17:28:13,481255.58087748,0.00001977,0.000000000752412591,6795004,2019-02-26 17:28:13,btc,2.0456194241079007,0.0,0.00001977,btc,72150.0453039,0.15643364,2.5743220655983245,19
1,[],5,[],2019-02-26 17:28:15,0.0,0,0,6795005,2019-02-26 17:28:15,btc,0.0,0.0,0,btc,0.0,0.0,0.0,19
1,[],12,[],2019-02-26 17:28:16,135345.55692976,0.00001919000000000000092097336701346677045876276679337024688720703125,0.000000000730338777,6795006,2019-02-26 17:28:16,btc,1.3579157675197806,0.0,0.00001919000000000000092097336701346677045876276679337024688720703125,btc,382.27457877,0.00010926,0.1096853800000684,19
0,[],27,[],2019-02-26 17:28:18,0.0,0,0,6795007,2019-02-26 17:28:18,,0.0,0.0,0,btc,0.0,0.0,0.0,19
1,[],4,[],2019-02-26 17:28:20,8069160.95424551,0.00000013,0.000000000004947579,6795008,2019-02-26 17:28:20,btc,7.376127992914799,0.0,0.00000013,btc,2844149.4360639,0.0,0.2582725451781454,20
0,[],17,[],2019-02-26 16:19:52,0.0,0,0,6794285,2019-02-26 16:19:52,btc,0.0,0.0,0,btc,0.0,0.0,0.0,21
1,[],4,[],2019-02-26 17:20:48,104171605.55737025,0.00000002,0.000000000000760932,6794821,2019-02-26 17:20:48,btc,1807.0981986415547,0.0,0.00000002,btc,54975780.27639335,0.00017735,1.1711725550280452,21
1,[],12,[],2019-02-26 17:20:49,18647376.0,0.00000002,0.000000000000760932,6794822,2019-02-26 17:20:49,btc,670.3899289734848,0.0,0.00000002,btc,8544410.32857329,0.0,0.24518776,21
1,[],12,[],2019-02-26 17:28:22,3265574679.6808996,0.0000000002,0.00000000000000761166,6795009,2019-02-26 17:28:22,btc,875865842970.6139,0.0,0.0000000002,btc,4963221687.356083,0.012467030743057276,0.3593984680829904,23
0.0000000003548681,[],27,[],2019-02-26 17:28:24,2000.0,3.548681e-18,1.350567661023e-22,6795010,2019-02-26 17:28:24,eth,1.3829826565934114,0.0,0.00000001,eth,2164879.85514486,0.0,7.097362e-15,23
1,[],4,[],2019-02-26 17:28:25,445555.10454858,0.00000055,0.000000000020932065,6795011,2019-02-26 17:28:25,btc,9.130797288439378,0.0,0.00000055,btc,1528776.14277979,0.00592973,0.1428919516046687,24
1,[],22,[],2019-02-26 17:28:29,11.76,0.00000100,0.0000000000380583,6795012,2019-02-26 17:28:29,BTC,7.415e-05,0.0,0.00000100,BTC,23.919354838709676,0.0,1.176e-05,24
0.0,[],25,[],2019-02-26 17:28:31,0.0,0,0,6795013,2019-02-26 17:28:31,,0.0,0.0,0.0,btc,0.0,0.0,0.0,24
1,[],4,[],2019-02-26 17:28:32,28329260.72048644,0.00000640,0.00000000024357312,6795014,2019-02-26 17:28:32,btc,167.58077649578584,0.0,0.00000640,btc,267272.27692277,0.09605312,0.4660507481739651,26
1,[],10,[],2019-02-26 17:28:33,699422.29272921,0.00000664,0.000000000252707112,6795015,2019-02-26 17:28:33,btc,26.12619027932409,3922.8267427,0.00000664,btc,14071.92039774,0.0,0.2660191521047871,26
0,[],2,[],2019-01-20 23:25:56,0.0,0,0,6476976,2019-01-20 23:25:56,,0.0,0.0,0,,0.0,0.0,0.0,26
1,[],3,[],2019-02-26 17:21:12,6199931.70213569,0.00000001,0.000000000000380466,6794830,2019-02-26 17:21:12,btc,2.3071838838977046,7274.78866605,0.00000001,btc,17560697.95925668,0.0,0.061999317021356894,27
1,[],5,[],2019-02-26 17:21:13,0.0,0,0,6794831,2019-02-26 17:21:13,btc,0.0,0.006654,0,btc,0.0,0.0,0.0,27
1,[],11,[],2019-02-26 17:21:15,9491944.20350207,0.00000005,0.00000000000190233,6794832,2019-02-26 17:21:15,btc,67506.40605986067,169525.403564,0.00000005,btc,8002256.57282965,0.0,0.44249750446473557,27
1,[],4,[],2019-02-26 17:28:34,1475297547.5570261,0.00000002,0.000000000000761166,6795016,2019-02-26 17:28:34,btc,2.632475751746553,0.0,0.00000002,"btc,ltc",334464822.8090087,0.36976747,11.452782285812244,29
1,[],7,[],2019-02-26 17:28:36,47476687.7215207,0.00000002,0.000000000000761166,6795017,2019-02-26 17:28:36,btc,44463896.84525604,4500000.0,0.00000002,btc,60228197.79175314,0.09,0.6189312873043272,29
1,[],4,[],2019-02-26 17:28:38,1442247.05811632,0.00000028,0.000000000010656324,6795018,2019-02-26 17:28:38,btc,2.3342543450425435,0.0,0.00000028,btc,1570053.83767113,0.00183582,0.097599473151802,30
0,[],17,[],2019-02-26 17:28:49,0.0,0,0,6795019,2019-02-26 17:28:49,btc,0.0,0.0,0,btc,0.0,0.0,0.0,30
1,[],4,[],2019-02-26 17:28:51,1109420.0124115,0.00005102,0.000000001941734466,6795020,2019-02-26 17:28:51,btc,4.852835206204644,0.0,0.00005102,btc,62877.87166397,0.67373735,0.7215469203889289,31
1,[],21,[],2019-02-26 17:28:53,78210.42320177,0.00005199000000000000197781027667,0.000000001978651017,6795021,2019-02-26 17:28:53,btc,1.137160010079219,129300.04022911,0.0000519900000000000019778102766654370725518674589693546295166015625,btc,19806.72412651,6.75263725,3.4147314830589814,31
0,[],2,[],2019-01-20 23:28:43,0.0,0,0,6477009,2019-01-20 23:28:43,,0.0,0.0,0,,0.0,0.0,0.0,32
1,[],4,[],2019-02-26 17:21:21,374735264.36526346,0.00000004,0.000000000001521864,6794838,2019-02-26 17:21:21,btc,9.756959042697364,0.0,0.00000004,"btc,ltc",180356677.95379582,1.65973616,8.510155188561537,33
1,[],12,[],2019-02-26 17:21:22,17534811.0,0.00000004,0.000000000001521864,6794839,2019-02-26 17:21:22,btc,35630535.00129262,0.0,0.00000004,btc,90425447.76429436,0.048514230966085,0.57484709,33
1,[],4,[],2019-02-26 17:28:54,124859785.18062755,0.00000001,0.000000000000380583,6795022,2019-02-26 17:28:54,btc,4.045848713553199,0.0,0.00000001,btc,101434712.90058504,0.01219893,1.2485978518062757,34
1,[],5,[],2019-02-26 17:28:54,0.0,0,0,6795023,2019-02-26 17:28:54,btc,0.0,0.20774995,0,btc,0.0,0.0,0.0,34
0.0000000001176493,[],4,[],2019-02-26 17:28:55,2260755484.9733334,2.352986e-18,8.95506470838e-23,6795024,2019-02-26 17:28:55,ltc,2.6756394160632087e-08,0.0,0.00000002,ltc,3461171419.4676538,0.0,4.370628720370257e-09,36
1,[],5,[],2019-02-26 17:28:56,0.0,0,0,6795025,2019-02-26 17:28:56,btc,0.0,0.0,0,btc,0.0,0.0,0.0,36
0.0000000003548681,[],27,[],2019-02-26 17:28:59,1000000.0,3.548681e-18,1.350567661023e-22,6795026,2019-02-26 17:28:59,eth,219.64001300626342,0.0,0.00000001,"ltc,eth",8163566.48751039,0.0,1.181237376e-12,36
0,[],17,[],2019-02-26 17:21:28,0.0,0,0,6794844,2019-02-26 17:21:28,btc,0.07464582822169864,0.0,0,btc,4105386.20243647,0.0,0.0,36
1,[],4,[],2019-02-26 17:29:00,408256.20147677,0.00000060,0.00000000002283498,6795027,2019-02-26 17:29:00,btc,19772.495755320673,0.0,0.00000060,btc,571990.23200613,0.03548091,0.2063788969157499,37
1,[],12,[],2019-02-26 17:29:01,514393.01204004,0.00000061,0.000000000023215563,6795028,2019-02-26 17:29:01,btc,1344.6691031306593,0.0,0.00000061,btc,898565.94157094,0.2327771559797403,0.14372482439999298,37
1,[],27,[],2019-02-26 17:29:04,14685.567,0.00000045,0.000000000017126235,6795029,2019-02-26 17:29:04,btc,25.82477206349233,0.0,0.00000045,btc,6823.34738508,0.0,0.00480032515,37
1,[],17,[],2019-02-26 16:20:55,1752.74075282,0.00000025,0.0000000000095077,6794312,2019-02-26 16:20:55,btc,0.055484923777095005,0.0,0.00000025,btc,1319.19918473,0.0,0.00043818518820499993,37
1,[],5,[],2019-02-26 17:29:06,0.0,0,0,6795030,2019-02-26 17:29:06,btc,0.0,0.0422198,0,btc,0.0,0.0,0.0,42
1,[],12,[],2019-02-26 17:29:07,241689.36288533,0.00000091,0.000000000034633053,6795031,2019-02-26 17:29:07,btc,94.70158026536684,0.0,0.00000091,btc,112660.1477589,0.0113656170530526,0.0476160700000014,42
0.0000000003548681,[],27,[],2019-02-26 17:29:10,2000.0,3.548681e-18,1.350567661023e-22,6795032,2019-02-26 17:29:10,eth,0.00315028,0.0,0.00000001,"btc,eth",11.007,0.0,7.097362e-15,42
1,[],5,[],2019-02-26 17:29:11,0.0,0,0,6795033,2019-02-26 17:29:11,btc,0.0,0.00016737,0,btc,0.0,0.0,0.0,43
1,[],12,[],2019-02-26 17:29:12,1798368.0,0.00000001,0.000000000000380583,6795034,2019-02-26 17:29:12,btc,3569.7539986225374,0.0,0.00000001,btc,12096736.47292706,1.000999001e-05,0.017983680000000002,43
0,[],17,[],2019-02-26 15:41:37,0.0,0,0,6793547,2019-02-26 15:41:37,btc,0.0,0.0,0,btc,0.0,0.0,0.0,43
1,[],12,[],2019-02-26 17:29:14,656364.0,0.00000004,0.000000000001522332,6795035,2019-02-26 17:29:14,btc,11116047.727797108,0.0,0.00000004,btc,1102390.40161834,0.00095864,0.01623847,44
1,[],4,[],2019-02-26 17:29:15,290438973.0499429,0.00000002,0.000000000000761166,6795036,2019-02-26 17:29:15,btc,473.60336182075645,0.0,0.00000002,"btc,ltc",12155941.00365541,0.00068196,0.19654676865035534,49
0.0000000001176493,[],4,[],2019-02-26 17:29:16,159261339.86817628,1.176493e-18,4.47753235419e-23,6795037,2019-02-26 17:29:16,ltc,25.475336667840626,0.0,0.00000001,ltc,10258663116.407455,0.0,1.8736985152553033e-10,52
0.0000000001255459,[],22,[],2019-02-26 17:29:19,80845862.0,1.255459e-18,4.7780635259699996e-23,6795038,2019-02-26 17:29:19,XMR,4366.96886713,0.0,0.00000001,XMR,255240310.67882353,0.0,0.80845862,57
0.0000000003548681,[],27,[],2019-02-26 17:29:22,2000.0,3.548681e-18,1.350567661023e-22,6795039,2019-02-26 17:29:22,eth,0.0,0.0,0.00000001,"btc,eth",0.0,0.0,7.097362e-15,57
0.0000000001176493,[],4,[],2019-02-26 17:29:23,1065955689.9580483,3.529479e-18,1.343259706257e-22,6795040,2019-02-26 17:29:23,ltc,18.807551078925194,0.0,0.00000003,ltc,4132730497.386818,0.001619,2.5983444654734276e-09,58
1,[],12,[],2019-02-26 17:29:24,1619671103.843957,0.0000000004,0.00000000000001522332,6795041,2019-02-26 17:29:24,btc,224005479655.23453,0.0,0.0000000004,btc,3799227845.742281,0.00409256243136983,0.5232476223011392,58
0.0000000001255459,[],22,[],2019-02-26 17:29:38,137438.0,1.255459e-18,4.7780635259699996e-23,6795042,2019-02-26 17:29:38,XMR,69.8835922,0.0,0.00000001,XMR,9887963.0,0.0,0.00137438,58
0,[],17,[],2019-02-26 16:21:28,0.0,0,0,6794326,2019-02-26 16:21:28,btc,1e+24,0.0,0,btc,49306342.21952568,0.0,0.0,58
1,[],5,[],2019-02-26 17:29:39,0.0,0,0,6795043,2019-02-26 17:29:39,btc,0.0,0.00689696,0,btc,0.0,0.0,0.0,61
1,[],22,[],2019-02-26 17:29:42,5149.5,0.00000011,0.000000000004186413,6795044,2019-02-26 17:29:42,BTC,1002.29597012,0.0,0.00000011,BTC,14947.700278135757,0.0,0.00051596,61
1,[],26,[],2019-02-26 17:29:42,0.0,0.00000800,0.0000000003044664,6795045,2019-02-26 17:29:42,btc,0.0,0.0,0.00000800,btc,0.0,0.0,0.0,61
1,[],27,[],2019-02-26 17:29:44,2493.55,0.00000045,0.000000000017126235,6795046,2019-02-26 17:29:44,btc,7.840188933430758,0.0,0.00000045,"btc,eth",20831.38399471,0.0,0.00021559750347770738,61
1,[],28,[],2019-02-26 17:29:46,13880.304,0.0000005,0.00000000001902915,6795047,2019-02-26 17:29:46,btc,2.056291378300105,928.0,0.0000005,btc,9710.59500005,0.0,0.00566391304,61
1,[],4,[],2019-02-26 17:22:05,1404314.41131977,0.00000276,0.000000000105008616,6794865,2019-02-26 17:22:05,btc,11.269091806174506,0.0,0.00000276,btc,802935.31477878,0.23028551,1.2757353665465698,67
0.0,[],25,[],2019-02-26 17:22:06,0.0,0,0,6794866,2019-02-26 17:22:06,,0.0,0.0,0.0,btc,0.0,0.0,0.0,67
1,[],12,[],2019-02-26 17:29:48,2904917.40133619,0.00000027,0.000000000010275741000000001,6795048,2019-02-26 17:29:48,btc,11115999.00113616,0.0,0.00000027,btc,2163060.79090907,0.021992569571606,0.092085636441114,71
,[],5,[],2018-11-20 23:02:39,1.5e-07,0.00000005,0.000000000002128045,4862160,2018-11-20 23:02:39,btc,2.84511358,0.0,,btc,0.00036572,0.0,0.07381892,74
1,[],5,[],2019-02-26 17:22:08,0.0,0,0,6794868,2019-02-26 17:22:08,btc,0.0,0.0,0,btc,0.0,0.0,0.0,75
1,[],4,[],2019-02-26 17:29:48,16191516.713575,0.00000001,0.000000000000380583,6795049,2019-02-26 17:29:48,btc,11388.6314586309,0.0,0.00000001,btc,34441504.9695017,0.00017764,0.16191516713575,81
0,[],20,[],2019-01-25 09:30:31,0.0,0,0,6495923,2019-01-25 09:30:31,btc,0.0,0.0,0,btc,0.0,0.0,0.0,81
1,[],4,[],2019-02-26 17:22:12,28487.88336599,0.00007476,0.0000000028443638159999998,6794870,2019-02-26 17:22:12,btc,17.772743399943785,0.0,0.00007476,btc,12732.52098728,0.01397614,0.1288133518645586,82
1,[],21,[],2019-02-26 17:22:12,64782.71711333,0.00007475999999999999572758424549,0.0000000028443638159999998,6794871,2019-02-26 17:22:12,btc,2.424406568033694,6129.38855652,0.000074759999999999995727584245486241343314759433269500732421875,btc,25824.09202597,0.46359073,2.051867108271169,82
0,[],17,[],2019-02-26 16:11:55,0.0,0,0,6794143,2019-02-26 16:11:55,btc,0.0447233088476774,0.0,0,btc,999127.19588126,0.0,0.0,84
0.0000000001176493,[],4,[],2019-02-26 17:29:50,117412572.69764471,3.529479e-18,1.343259706257e-22,6795050,2019-02-26 17:29:50,ltc,1.7828321112202465,0.0,0.00000003,ltc,400250503.4223032,0.0,2.1238885097579638e-10,85
,[],22,[],2018-11-20 23:09:34,3408.1,0.0000001,0.0000000000041895,4862324,2018-11-20 23:09:34,BTC,0.04624735,0.0,,BTC,4990.0,0.0,0.00033081,86
0,[],22,[],2019-02-22 12:52:35,0.0,0,0,6758847,2019-02-22 12:52:35,,2.0760781,0.0,0,,140622.94736842104,0.0,0.0,87
0,[],27,[],2019-02-22 12:52:37,0.0,0,0,6758848,2019-02-22 12:52:37,,0.0,0.0,0,btc,0.0,0.0,0.0,87
,[],2,[],2018-11-20 23:10:47,0.0,0,0,4862359,2018-11-20 23:10:47,,0.0,0.0,,,0.0,0.0,0.0,88
1,[],11,[],2019-02-26 17:29:53,89320.31317081,0.00014301999999999999609034961878251124289818108081817626953125,0.000000005443098066,6795051,2019-02-26 17:29:53,btc,610.6055708641134,1302.46469556,0.00014301999999999999609034961878251124289818108081817626953125,btc,105001.12334697,0.0,5.7392926689514985,89
0,[],2,[],2019-01-20 23:31:45,0.0,0,0,6477083,2019-01-20 23:31:45,,0.0,0.0,0,,0.0,0.0,0.0,91
0,[],17,[],2019-02-26 16:31:38,0.0,0,0,6794528,2019-02-26 16:31:38,btc,0.0,0.0,0,btc,0.0,0.0,0.0,91
1,[],12,[],2019-02-26 17:22:17,510364.66789733997,0.00000181999999999999993881738720447049928452543099410831928253173828125,0.000000000069244812,6794874,2019-02-26 17:22:17,btc,4.360259998290295,0.0,0.00000181999999999999993881738720447049928452543099410831928253173828125,btc,58935.9499919,0.001923498054341,0.1191358109937663,91
0,[],22,[],2019-02-26 17:22:30,0.0,0,0,6794875,2019-02-26 17:22:30,,3.1e-06,0.0,0,,2.0,0.0,0.0,91
0.0000000001176493,[],22,[],2019-02-26 17:29:56,2791021.0,4.705972e-18,1.791012941676e-22,6795052,2019-02-26 17:29:56,LTC,8.53161599,0.0,0.00000004,LTC,71994962.1,0.0,0.09164084,95
0.0000000001176493,[],4,[],2019-02-26 17:29:57,647283079.861494,7.2942566e-17,2.7760700595978e-21,6795053,2019-02-26 17:29:57,ltc,11.890067413369069,0.0,0.00000062,ltc,136367520.44482967,0.00023037,1.8280391258369692e-09,96
0,[],12,[],2019-02-26 17:29:58,0.0,0,0,6795054,2019-02-26 17:29:58,btc,255077.86232305458,0.0,0,btc,8739592.61569404,5.004995005e-06,0.0,96
0,[],17,[],2019-02-26 17:30:00,0.0,0,0,6795055,2019-02-26 17:30:00,btc,0.0,0.0,0,btc,0.0,0.0,0.0,96
1,[],4,[],2019-02-26 17:30:01,1459170.37030995,0.00000030,0.00000000001141749,6795056,2019-02-26 17:30:01,btc,3.046970734553465,0.0,0.00000030,btc,2414445.15648985,0.00107058,0.1248441638633939,99
1,[],4,[],2019-02-26 17:30:02,177436.22996411,0.00004510,0.00000000171642933,6795057,2019-02-26 17:30:02,btc,12.018028536498292,0.0,0.00004510,btc,163179.41882615,3.6544833,3.925090441867129,100
0,[],2,[],2019-01-20 23:23:55,0.0,0,0,6476914,2019-01-20 23:23:55,,0.0,0.0,0,,0.0,0.0,0.0,100
1,[],22,[],2019-02-26 17:22:54,50000.0,0.00000001,0.000000000000380466,6794882,2019-02-26 17:22:54,BTC,23.49896609,0.0,0.00000001,BTC,10277.22,0.0,0.0005,101
1,[],4,[],2019-02-26 17:30:03,480267.02740334,0.00000090,0.00000000003425247,6795058,2019-02-26 17:30:03,btc,256.29886316900706,0.0,0.00000090,btc,486487.12602483,0.01520596,0.2500171786742027,103
1,[],12,[],2019-02-26 17:30:05,62219436.54400002,0.000000011,0.00000000000041864129999999996,6795059,2019-02-26 17:30:05,btc,137279271.7695865,0.0,0.000000011,btc,122179225.48050006,0.02114283656822189,0.21084126698400021,105
1,[],27,[],2019-02-26 17:30:07,125810.89,0.00000001,0.000000000000380583,6795060,2019-02-26 17:30:07,btc,36.58637424788541,0.0,0.00000001,btc,575212.0142894,0.0,0.0012581089,105
1,[],22,[],2019-02-26 17:30:11,9328.0,0.00000001,0.000000000000380583,6795061,2019-02-26 17:30:11,BTC,51.10837004,0.0,0.00000001,BTC,470435.0,0.0,9.328e-05,107
1,[],26,[],2019-02-26 17:30:11,0.0,0.00000000,0,6795062,2019-02-26 17:30:11,btc,0.0,0.0,0.00000000,btc,0.0,0.0,0.0,107
1,[],5,[],2019-02-26 17:30:12,0.0,0,0,6795063,2019-02-26 17:30:12,btc,0.0,0.04814986,0,btc,0.0,0.0,0.0,112
1,[],22,[],2019-02-26 17:30:15,1966.0,0.00000001,0.000000000000380583,6795064,2019-02-26 17:30:15,BTC,2.81183288,0.0,0.00000001,BTC,808524.0833333334,0.0,1.966e-05,112
0.0000000003548681,[],27,[],2019-02-26 17:30:18,2000.0,3.548681e-18,1.350567661023e-22,6795065,2019-02-26 17:30:18,eth,1.35132491849924,0.0,0.00000001,"btc,eth",1328.641654,0.0,7.097362e-15,112
1,[],4,[],2019-02-26 17:30:19,395613.73851783,0.00000327,0.000000000124450641,6795066,2019-02-26 17:30:19,btc,75.10467439536689,0.0,0.00000327,btc,337950.31650449,0.05116703,0.2393817307838882,113
1,[],5,[],2019-02-26 17:30:20,0.0,0,0,6795067,2019-02-26 17:30:20,btc,0.0,0.01546817,0,btc,0.0,0.0,0.0,113
0,[],27,[],2019-02-26 17:23:28,0.0,0,0,6794893,2019-02-26 17:23:28,,0.0,0.0,0,btc,0.0,0.0,0.0,116
1,[],17,[],2019-02-26 17:13:21,152738.278,0.00000004,0.000000000001523848,6794701,2019-02-26 17:13:21,btc,1.336803027499633,0.0,0.00000004,btc,51896.221,0.0,0.0022095311199999998,116
1,[],4,[],2019-02-26 17:23:30,88017.44056314,0.00002001,0.000000000761312466,6794894,2019-02-26 17:23:30,btc,29.334232786251086,0.0,0.00002001,btc,93809.27645793,2.39660863,0.8289737101527831,120
1,[],7,[],2019-02-26 17:23:32,211753.14584337,0.0000192500000000000003465110143263672171087819151580333709716796875,0.00000000073239705,6794895,2019-02-26 17:23:32,btc,115647.0543545987,3398.07950811,0.0000192500000000000003465110143263672171087819151580333709716796875,btc,37214.90952444,0.09536456,0.0735598797573409,120
1,[],20,[],2019-02-26 17:30:22,1497844.4118,0.00000004,0.000000000001522332,6795068,2019-02-26 17:30:22,btc,32.2889710615834,117504.7889,0.00000004,btc,927753.5156,0.006275945791,0.0100081905477,125
1,[],22,[],2019-02-26 17:30:26,3053.0,0.00000001,0.000000000000380583,6795069,2019-02-26 17:30:26,BTC,0.01444887,0.0,0.00000001,BTC,296263.5111111111,0.0,3.053e-05,126
1,[],4,[],2019-02-26 17:23:39,114241.9178803,0.00001386,0.000000000527325876,6794898,2019-02-26 17:23:39,btc,11.643811234459049,0.0,0.00001386,btc,131127.48055247,0.09816008,0.684534434346455,131
0,[],2,[],2019-01-20 23:25:46,0.0,0,0,6476969,2019-01-20 23:25:46,,0.0,0.0,0,,0.0,0.0,0.0,131
0,[],17,[],2019-02-26 17:13:45,0.0,0,0,6794708,2019-02-26 17:13:45,btc,0.0009561751951600001,0.0,0,btc,35.42829368,0.0,0.0,131
1,[],4,[],2019-02-26 17:13:47,4558.88475175,0.00016001,0.000000006095772962,6794709,2019-02-26 17:13:47,btc,1.6208893141945284,0.0,0.00016001,btc,242.95965577,0.0,0.0087097550718069,135
1,[],3,[],2019-02-26 17:30:27,1067780.16685176,0.00000004,0.000000000001522332,6795070,2019-02-26 17:30:27,btc,0.6320900496762454,27805.0,0.00000004,btc,2311268.0842036502,0.0,0.0342489293370351,136
1,[],4,[],2019-02-26 17:23:52,285523.27421537,0.00000172,0.00000000006544015199999999,6794900,2019-02-26 17:23:52,btc,38.98215406221074,0.0,0.00000172,btc,577444.07168892,0.4037805,0.111488732292922,137
1,[],12,[],2019-02-26 17:23:53,294512.08498096,0.000001709999999999999933207183062944256590753866476006805896759033203125,0.00000000006505968599999999,6794901,2019-02-26 17:23:53,btc,11807.597022749767,0.0,0.000001709999999999999933207183062944256590753866476006805896759033203125,btc,122988.33537073,0.0045015056882909,0.0201443799999773,137
1,[],4,[],2019-02-26 17:30:28,106693.67931593,0.00003556,0.000000001353353148,6795071,2019-02-26 17:30:28,btc,29.111390498370156,0.0,0.00003556,btc,44860.24982622,0.82681993,0.4076505734547688,142
1,[],5,[],2019-02-26 17:30:29,0.0,0,0,6795072,2019-02-26 17:30:29,btc,0.0,0.51021552,0,btc,0.0,0.0,0.0,142
1,[],20,[],2019-02-26 17:30:42,133023.6247,0.000033891,0.0000000012898338453,6795073,2019-02-26 17:30:42,btc,0.2983041056899,8.7156,0.000033891,btc,1238.9328,0.000325058102,0.2281286845659,142
1,[],22,[],2019-02-26 17:30:45,1685.8988921568628,0.00004000,0.000000001522332,6795074,2019-02-26 17:30:45,BTC,3.00385504,0.0,0.00004000,BTC,891.218,0.0,0.00174536,142
0.0,[],25,[],2019-02-26 17:30:46,0.0,0,0,6795075,2019-02-26 17:30:46,,0.0,0.0,0.0,btc,0.0,0.0,0.0,142
1,[],28,[],2019-02-26 17:30:48,76772.0,0.00004500,0.0000000017126235,6795076,2019-02-26 17:30:48,btc,0.0829756127,928.0,0.00004500,btc,740.6025,0.0,0.0338472,142
1,[],17,[],2019-02-26 17:23:58,22967.386363640002,0.00000088,0.000000000033481008000000004,6794904,2019-02-26 17:23:58,btc,20.0699133484,0.0,0.00000088,btc,405.079105,0.0,0.0104613000000032,142
0,[],22,[],2019-02-26 17:32:50,0.0,0,0,6795077,2019-02-26 17:32:50,,56.89553723,0.0,0,,367003844.3,0.0,0.0,143
0,[],22,[],2019-02-25 15:42:22,0.0,0,0,6783783,2019-02-25 15:42:22,,4.2131946,0.0,0,,2322156.0,0.0,0.0,146
,[],22,[],2018-11-20 23:01:11,0.0,0,0,4862114,2018-11-20 23:01:11,,2.56807021,0.0,,,61828.4988236,0.0,0.0,147
1,[],12,[],2019-02-26 17:32:52,218910.46202531,0.00000250000000000000020450763478507827386465578456409275531768798828125,0.00000000009514575,6795078,2019-02-26 17:32:52,btc,16.291451424793575,0.0,0.00000250000000000000020450763478507827386465578456409275531768798828125,btc,117105.96563389,0.0014768581818127,0.0269552799999898,148
1,[],4,[],2019-02-26 17:32:53,246489.36528669,0.00000033,0.000000000012559239,6795079,2019-02-26 17:32:53,btc,219.96552610868116,0.0,0.00000033,btc,796697.03208024,0.00436904,0.0585322305629432,152
0,[],22,[],2019-02-26 17:32:55,0.0,0,0,6795080,2019-02-26 17:32:55,,0.0,0.0,0,,0.0,0.0,0.0,152
1,[],5,[],2019-02-26 17:24:19,0.0,0,0,6794913,2019-02-26 17:24:19,btc,0.0,0.0,0,btc,0.0,0.0,0.0,153
,[],16,[],2019-01-11 15:38:59,0.0,0,0,6366141,2019-01-11 15:38:59,btc,0.0,0.0,,btc,0.0,0.0,0.0,155
0,[],22,[],2019-02-26 17:32:59,0.0,0,0,6795081,2019-02-26 17:32:59,,6.74829967,0.0,0,,4646626.747643097,0.0,0.0,156
0,[],23,[],2019-01-20 23:24:29,0.0,0,0,6476932,2019-01-20 23:24:29,,0.0,0.0,0,,0.0,0.0,0.0,156
1,[],22,[],2019-02-26 17:33:03,7073.8,0.00005300,0.0000000020170899,6795082,2019-02-26 17:33:03,BTC,1.80343699,0.0,0.00005300,BTC,899.6422341958436,0.0,0.00104336,157
0,[],22,[],2019-02-26 17:33:05,0.0,0,0,6795083,2019-02-26 17:33:05,,50175.68008609,0.0,0,,54479136.04179466,0.0,0.0,158
,[],17,[],2018-11-20 22:56:10,0.0,0,0,4861976,2018-11-20 22:56:10,btc,1.1265625,0.0,,btc,1000.0,0.0,0.0,159
,[],20,[],2018-11-20 22:56:12,0.0,0,0,4861977,2018-11-20 22:56:12,btc,11912.7940471,0.0,,btc,34413894.3617,0.0,0.0,159
1,[],12,[],2019-02-26 17:33:07,182132.31819491,0.0000071999999999999996741864051463810625364203588105738162994384765625,0.00000000027401975999999997,6795084,2019-02-26 17:33:07,btc,6.6437541952158945,0.0,0.0000071999999999999996741864051463810625364203588105738162994384765625,btc,13817.31884032,0.0111880081731878,0.0931707298783112,168
1,[],17,[],2019-02-26 17:33:08,29784.95,0.000001,0.000000000038058299999999997,6795085,2019-02-26 17:33:08,btc,0.03026736251542,0.0,0.000001,btc,144.46171372,0.0,0.00716147,168
1,[],22,[],2019-02-26 17:33:12,262263.0,0.00000001,0.000000000000380583,6795086,2019-02-26 17:33:12,BTC,1.14695792,0.0,0.00000001,BTC,779972.8900917594,2.19e-06,0.00262263,169
1,[],22,[],2019-02-26 17:33:15,200000.0,0.00000001,0.000000000000380583,6795087,2019-02-26 17:33:15,BTC,13.2501524,0.0,0.00000001,BTC,144336.2939341018,0.0010901,0.002,171
1,[],22,[],2019-02-26 17:24:42,41597.0,0.00000008,0.000000000003043728,6794921,2019-02-26 17:24:42,BTC,2.19971727,0.0,0.00000008,BTC,241906.99265646262,0.0,0.00096143,173
1,[],5,[],2019-02-26 17:14:36,0.0,0,0,6794731,2019-02-26 17:14:36,btc,0.0,0.13754432,0,btc,0.0,0.0,0.0,175
1,[],22,[],2019-02-26 17:33:19,45904.0,0.0000003,0.00000000001141749,6795088,2019-02-26 17:33:19,BTC,0.52955903,0.0,0.0000003,BTC,143368.41384013777,0.0,0.0052148,176
1,[],7,[],2019-02-26 17:33:21,0.0,0,0,6795089,2019-02-26 17:33:21,btc,410932.5281358376,0.0,0,btc,117881559.31901672,0.0,0.0,178
0,[],22,[],2019-02-26 17:33:23,0.0,0,0,6795090,2019-02-26 17:33:23,,1.00242428,0.0,0,,57512.0,0.0,0.0,178
0,[],2,[],2019-01-20 23:28:34,0.0,0,0,6477001,2019-01-20 23:28:34,,0.0,0.0,0,,0.0,0.0,0.0,178
0,[],23,[],2019-01-20 23:25:08,0.0,0,0,6476952,2019-01-20 23:25:08,,0.0,0.0,0,,0.0,0.0,0.0,179
1,[],5,[],2019-02-26 17:24:52,0.0,0,0,6794925,2019-02-26 17:24:52,btc,0.0,0.00812819,0,btc,0.0,0.0,0.0,179
1,[],22,[],2019-02-26 17:24:56,7047118.666666667,0.00000003,0.000000000001141398,6794926,2019-02-26 17:24:56,BTC,5.63366894,0.0,0.00000003,"BTC,LTC",17147700.756535422,0.00043115,0.381295,179
1,[],17,[],2019-02-26 17:25:08,10504.725,0.0000001,0.00000000000380466,6794927,2019-02-26 17:25:08,btc,5.2010695838170005,0.0,0.0000001,btc,4994.45945,0.0,0.0010504725,180
0.00000000011756060000000002,[],22,[],2019-02-26 17:25:12,128605.4,1.1756060000000001e-17,4.472781123960001e-22,6794928,2019-02-26 17:25:12,LTC,0.20791888,0.0,0.0000001,LTC,64482.67922172701,0.0,0.00130544,180
1,[],26,[],2019-02-26 17:25:12,0.0,0.00000160,0.00000000006087456,6794929,2019-02-26 17:25:12,btc,0.0,25.0,0.00000160,btc,0.0,0.0,0.0,180
,[],7,[],2018-11-20 22:58:01,562227.975654,0.00000085,0.000000000036176765,4862015,2018-11-20 22:58:01,btc,21836.6059674,2491.87645172,,btc,749999.041456,0.00211021,0.127565380455,183
,[],5,[],2019-01-10 08:11:41,0.0,0,0,6347036,2019-01-10 08:11:41,btc,82.15055501,0.00261,,btc,1.19002445,0.0,0.0,187
,[],17,[],2018-11-16 20:58:10,4062536.27273,0.00000001,0.000000000000550501,4708775,2018-11-16 20:58:10,btc,3.36492563466,0.195460381006,,"btc,eth",110697919.549,0.0,0.0157628953496,187
1,[],24,[],2019-02-26 17:25:13,0.0,0.000000000001,3.80466e-17,6794930,2019-02-26 17:25:13,btc,0.0,0.0,0.000000000001,btc,0.0,0.0,0.0,187
0,[],22,[],2019-02-26 17:25:15,0.0,0,0,6794931,2019-02-26 17:25:15,,1.19374396,0.0,0,,16308.869534405507,0.0,0.0,191
0,[],22,[],2019-02-26 17:25:20,0.0,0,0,6794932,2019-02-26 17:25:20,,0.0,0.0,0,,0.0,0.0,0.0,197
0,[],23,[],2019-01-20 23:31:41,0.0,0,0,6477079,2019-01-20 23:31:41,,0.0,0.0,0,,0.0,0.0,0.0,199
0,[],22,[],2019-02-26 17:25:27,0.0,0,0,6794933,2019-02-26 17:25:27,,5.19477622,0.0,0,,21058553.0,0.0,0.0,199
1,[],26,[],2019-02-26 17:25:27,0.0,0.00000000,0,6794934,2019-02-26 17:25:27,btc,0.0,0.0,0.00000000,btc,0.0,0.0,0.0,199
0,[],17,[],2019-01-30 16:32:01,0.0,0,0,6540827,2019-01-30 16:32:01,btc,6.802544163788159,0.0,0,btc,105897.55575295,0.0,0.0,200
0,[],2,[],2019-01-20 23:30:49,0.0,0,0,6477059,2019-01-20 23:30:49,,0.0,0.0,0,,0.0,0.0,0.0,201
1,[],4,[],2019-01-25 15:51:35,2084389.58565343,0.00000936,0.000000000333526752,6499557,2019-01-25 15:51:35,btc,2.0092503037378524,0.0,0.00000936,btc,160195.80207885,0.19272417,1.242687955921835,211
1,[],7,[],2019-02-26 17:25:30,4510166.58161054,0.00000137000000000000001212029608621545406776931486092507839202880859375,0.000000000052123842,6794935,2019-02-26 17:25:30,btc,15476653.455644283,1050713.66988,0.00000137000000000000001212029608621545406776931486092507839202880859375,btc,11819749.3308272,0.0,3.561060238468469,212
1,[],12,[],2019-01-25 02:44:32,207462.42853209,0.000001080000000000000035831255497387193287295303889550268650054931640625,0.000000000038610756000000006,6493050,2019-01-25 02:44:32,btc,85023.03793723314,0.0,0.000001080000000000000035831255497387193287295303889550268650054931640625,btc,43675.73520027,0.000146250909087,0.0348620860622024,213
1,[],5,[],2019-02-26 17:25:31,0.0,0,0,6794936,2019-02-26 17:25:31,btc,0.0,0.30023876,0,btc,0.0,0.0,0.0,213
1,[],24,[],2019-02-26 17:25:31,0.0,0.000000100000,0.00000000000380466,6794937,2019-02-26 17:25:31,btc,0.0,0.0,0.000000100000,btc,0.0,0.0,0.0,213
1,[],26,[],2019-02-26 17:25:31,0.0,0.00000009,0.000000000003424194,6794938,2019-02-26 17:25:31,btc,0.0,0.0,0.00000009,btc,0.0,0.0,0.0,213
1,[],22,[],2019-02-26 17:25:35,29085.0,0.00000001,0.000000000000380466,6794939,2019-02-26 17:25:35,BTC,2.2293,0.0,0.00000001,BTC,574426.3963726171,0.00075806,0.00029085,216
1,[],27,[],2019-02-26 17:25:37,1301951.005988,0.00000008,0.000000000003043728,6794940,2019-02-26 17:25:37,btc,316.33351471644,100.0,0.00000008,"btc,ltc",235378.901,8e-06,0.03401347041937161,216
1,[],22,[],2019-02-26 17:25:41,253780.0040747906,0.00000230,0.00000000008750718,6794941,2019-02-26 17:25:41,BTC,12673.60386462,0.0,0.00000230,BTC,369616.1477936708,0.39438122,0.3671048,217
1,[],7,[],2019-02-26 17:25:42,0.0,0,0,6794942,2019-02-26 17:25:42,btc,77969.77488735563,0.0,0,btc,137043486.5550253,0.0,0.0,219
0,[],27,[],2019-02-26 17:25:44,0.0,0,0,6794943,2019-02-26 17:25:44,,0.0740438339680921,0.0,0,btc,1536429.20709513,0.0,0.0,219
0.0000000000000053,[],28,[],2019-02-26 17:25:46,168184778.138,2.49153e-18,9.479424529800001e-23,6794944,2019-02-26 17:25:46,doge,83883.3352434475,121258.343,0.00047010,"btc,doge",4823713.77951,0.0,1.0897985318770831e-11,219
1,[],22,[],2019-02-26 17:25:53,240665.0,0.00000002,0.000000000000760932,6794945,2019-02-26 17:25:53,BTC,3.01323916,0.0,0.00000002,BTC,129679.27041875875,0.0,0.00440665,221
1,[],24,[],2019-02-26 17:25:53,0.0,0.000000200000,0.00000000000760932,6794946,2019-02-26 17:25:53,btc,0.0,0.0,0.000000200000,btc,0.0,0.0,0.0,221
1,[],20,[],2019-02-26 17:25:54,40808456.2707,0.000000001,0.0000000000000380466,6794947,2019-02-26 17:25:54,btc,48.0252304539449,2030195.8282,0.000000001,btc,11088628.3145,0.0020301958282,0.0408084562707,224
0,[],22,[],2019-02-26 17:25:57,0.0,0,0,6794948,2019-02-26 17:25:57,,0.0,0.0,0,,0.0,0.0,0.0,224
1,[],26,[],2019-02-26 17:25:57,0.0,0.00000035,0.00000000001331631,6794949,2019-02-26 17:25:57,btc,0.0,0.0,0.00000035,btc,0.0,0.0,0.0,231
1,[],26,[],2019-02-26 17:25:57,0.0,0.00000006,0.000000000002282796,6794950,2019-02-26 17:25:57,btc,0.0,2150.0,0.00000006,btc,0.0,0.0,0.0,234
0.00000000035534370000000003,[],27,[],2019-02-26 17:25:59,2000.0,3.553437e-18,1.351961961642e-22,6794951,2019-02-26 17:25:59,eth,0.0113483662182,0.0,0.00000001,"btc,eth",11462.99618,0.0,7.106874e-15,234
1,[],4,[],2019-02-26 17:26:01,796581.46324819,0.00000073,0.000000000027774018,6794952,2019-02-26 17:26:01,btc,4.4477110357909595,0.0,0.00000073,btc,1076022.06933941,0.3172722,0.2208952852874656,236
1,[],24,[],2019-02-26 17:26:01,0.0,0.000000300000,0.00000000001141398,6794953,2019-02-26 17:26:01,btc,0.0,0.0,0.000000300000,btc,0.0,0.0,0.0,236
1,[],20,[],2019-02-26 17:17:58,70748361.9482,0.000000056,0.0000000000021333872,6794763,2019-02-26 17:17:58,btc,9.3200343308445,12825576.9067,0.000000056,btc,45814355.5385,0.7107033745102,0.4235923864883,237
0.00000000011756060000000002,[],22,[],2019-02-26 17:26:05,14400.0,1.1756060000000001e-17,4.472781123960001e-22,6794954,2019-02-26 17:26:05,LTC,0.0405823,0.0,0.0000001,LTC,3164.0,0.0,0.00144,237
1,[],4,[],2019-02-26 17:18:03,7736492.07513206,0.00000034,0.000000000012952708,6794765,2019-02-26 17:18:03,btc,6.030592519236525,0.0,0.00000034,btc,9461445.67807082,0.10095551,1.754804355322782,238
1,[],5,[],2019-02-26 17:18:04,0.0,0,0,6794766,2019-02-26 17:18:04,btc,0.0,0.0294777,0,btc,0.0,0.0,0.0,238
0,[],22,[],2019-02-26 17:26:08,0.0,0,0,6794955,2019-02-26 17:26:08,,0.41356282,0.0,0,,316008.5639027493,0.0,0.0,249
0.0000000001175976,[],22,[],2019-02-26 17:18:13,7121097.666666667,3.527928e-18,1.344006506736e-22,6794768,2019-02-26 17:18:13,LTC,0.52925409,0.0,0.00000003,LTC,19096234.09,0.0,0.21263595,252
1,[],28,[],2019-02-26 17:26:09,4392879.276,0.0000002,0.00000000000760932,6794956,2019-02-26 17:26:09,btc,164706.48186962973,403879.285,0.0000002,btc,1892502.9671,0.0,0.33464838952,256
1,[],22,[],2019-02-26 17:26:13,1090264.0,0.00000002,0.000000000000760932,6794957,2019-02-26 17:26:13,BTC,31.43427016,0.0,0.00000002,BTC,545727.8076914564,2.8e-05,0.01123264,258
1,[],22,[],2019-02-26 17:26:16,48751.0,0.00000001,0.000000000000380466,6794958,2019-02-26 17:26:16,BTC,2.4175745,0.0,0.00000001,BTC,1762.0,0.0,0.00048751,259
1,[],5,[],2019-02-26 17:26:18,0.0,0,0,6794959,2019-02-26 17:26:18,btc,0.0,0.10010981,0,btc,0.0,0.0,0.0,264
1,[],20,[],2019-02-26 17:26:20,1236312.0416,0.000002231,0.0000000000848819646,6794960,2019-02-26 17:26:20,btc,7.3390632746078,18294.2744,0.000002231,btc,91568.2754,0.0488555041996,0.0526532786284,264
0,[],22,[],2019-02-26 17:26:24,0.0,0,0,6794961,2019-02-26 17:26:24,,8.43388524,0.0,0,,424741.8107878143,0.0,0.0,271
0,[],22,[],2019-02-26 17:26:26,0.0,0,0,6794962,2019-02-26 17:26:26,,255.79451411,0.0,0,,14042138615.9,0.0,0.0,272
0.0000000000000053,[],28,[],2019-02-26 17:26:27,243456132894.454,4.4520000000000004e-21,1.693834632e-25,6794963,2019-02-26 17:26:27,doge,21994188.103638556,121413008411.8,0.00000084,doge,216026164735.2728,0.0,6.95202492939891e-10,272
1,[],22,[],2019-02-26 17:26:32,114648.74,0.00000200,0.0000000000760932,6794964,2019-02-26 17:26:32,BTC,74.32225009,0.0,0.00000200,"BTC,LTC",8370.527743939856,0.0,0.04337297,281
1,[],22,[],2019-02-26 17:26:35,863814.5,0.00000002,0.000000000000760932,6794965,2019-02-26 17:26:35,BTC,1.33136171,0.0,0.00000002,BTC,128490.66554551729,0.00037734,0.01714417,286
0,[],22,[],2019-02-26 14:52:09,0.0,0,0,6793240,2019-02-26 14:52:09,,43634.52001853,0.0,0,,419066696.0,0.0,0.0,294
