pairValue,buyBook,exchangeId,sellBook,updated,buyTotal,satoshiPrice,usdPrice,exchangeLogId,created,bestPair,sellTotalBtc,volume,pairPrice,activePairs,sellTotal,volumeBtc,buyTotalBtc,coinId
1,[],3,[],2019-06-05 01:59:44,423.173367066965,0.01065240999999999930991645413769219885580241680145263671875,0.0000008299292631,7739318,2019-06-05 01:59:44,btc,8.875301587235933,41.4053455178,0.01065240999999999930991645413769219885580241680145263671875,btc,22.652216119228,0.0,0.21324334548174922,1
1,[],4,[],2019-06-05 01:59:44,207672.78279651,0.01073319,0.0000008362228329,7739319,2019-06-05 01:59:44,btc,7.9366563515309325,0.0,0.01073319,btc,332.22835889,0.62532181,0.5554275031118374,1
1,[],5,[],2019-06-05 01:59:46,0.0,0,0,7739320,2019-06-05 01:59:46,btc,0.0,0.05010781,0,btc,0.0,0.0,0.0,1
1,[],10,[],2019-06-05 01:59:48,130498.0534165,0.00602968,0.00000046977236880000003,7739321,2019-06-05 01:59:48,btc,6518.644817814053,1700.670147,0.00602968,btc,1245.21300189,0.0,2.325766760816643,1
1,[],12,[],2019-06-05 01:59:52,82.19748897,0.01084000000000000067668093350903291138820350170135498046875,0.0000008445444,7739322,2019-06-05 01:59:52,btc,0.1541008250314,0.0,0.01084000000000000067668093350903291138820350170135498046875,btc,13.357241199999999,0.146927576253,0.3654333769731,1
1,[],20,[],2019-06-05 01:59:54,936.325,0.00920001,0.0000007167727791,7739323,2019-06-05 01:59:54,btc,0.2217214513591,0.2835,0.00920001,btc,17.1772,0.0026122578014,0.1216791503106,1
1,[],21,[],2019-06-05 01:59:55,2062.52007176,0.01085400000000000080013773385,0.0000008456351400000001,7739324,2019-06-05 01:59:55,btc,9.894758533843119,3718.3862882500002,0.01085400000000000080013773384735031868331134319305419921875,"btc,eth",1285.8283412,39.02361647573935,17.644772531232626,1
1,[],22,[],2019-06-05 01:59:58,0.0025666666666666667,0.00900000,0.00000070119,7739325,2019-06-05 01:59:58,BTC,0.31629903,0.0,0.00900000,BTC,0.2505752479991019,0.0,2.31e-05,1
1,[],24,[],2019-06-05 01:59:59,0.0,0.000000000000,0,7739326,2019-06-05 01:59:59,btc,0.0,0.0,0.000000000000,btc,0.0,0.0,0.0,1
0.0,[],25,[],2019-06-05 02:00:57,0.0,0,0,7739327,2019-06-05 02:00:57,btc,12.299999999687536,0.0,0.0,btc,1116.34370947,0.0,0.0,1
1,[],26,[],2019-06-05 02:01:03,0.0,0,0,7739328,2019-06-05 02:01:03,,0.0,0.0,0,,0.0,0.0,0.0,1
0,[],28,[],2019-06-05 02:01:03,0.0,0,0,7739329,2019-06-05 02:01:03,,0.0,0.0,0,,0.0,0.0,0.0,1
0,[],2,[],2019-01-20 23:28:45,0.0,0,0,6477011,2019-01-20 23:28:45,,0.0,0.0,0,,0.0,0.0,0.0,1
1,[],5,[],2019-06-05 02:01:05,0.0,0,0,7739330,2019-06-05 02:01:05,btc,0.0,0.02377554,0,btc,0.0,0.0,0.0,2
1,[],22,[],2019-06-05 02:01:08,11638.0,0.0000002,0.000000000015582,7739331,2019-06-05 02:01:08,BTC,21.00897301,0.0,0.0000002,"BTC,XMR",20678.87287795317,0.0,0.00145435,2
1,[],5,[],2019-06-03 14:48:58,0.0,0,0,7731126,2019-06-03 14:48:58,btc,0.0,0.05905545,0,btc,0.0,0.0,0.0,3
1,[],12,[],2019-06-03 14:48:59,3468623.70302,0.000000116,0.000000000009823402000000002,7731127,2019-06-03 14:48:59,btc,169531.0336573751,0.0,0.000000116,btc,2361209.62379607,0.041350953071,0.33764769154428,3
0,[],28,[],2019-06-03 14:49:00,0.0,0,0,7731128,2019-06-03 14:49:00,,0.0,0.0,0,,0.0,0.0,0.0,3
0,[],2,[],2019-01-20 23:31:32,0.0,0,0,6477077,2019-01-20 23:31:32,,0.0,0.0,0,,0.0,0.0,0.0,4
1,[],4,[],2019-05-18 21:29:50,562734.9206932,0.00000010,0.000000000007298720000000001,7650946,2019-05-18 21:29:50,btc,41.9347137769675,0.0,0.00000010,btc,1123702.32192634,0.00052462,0.029254593370966,4
0,[],12,[],2019-06-02 05:03:43,0.0,0,0,7724919,2019-06-02 05:03:43,btc,625.901992874995,0.0,0,btc,1211362.4995005,0.0,0.0,5
0,[],2,[],2019-01-20 23:31:51,0.0,0,0,6477087,2019-01-20 23:31:51,,0.0,0.0,0,,0.0,0.0,0.0,6
1,[],11,[],2019-06-05 02:01:10,9019170.276736,0.00000002,0.0000000000015582000000000002,7739332,2019-06-05 02:01:10,btc,9582.834946672145,1860540.0,0.00000002,btc,67491862.19260395,0.0,0.13592855276736002,6
1,[],3,[],2019-06-05 02:01:12,11260.692275582824,0.000088889999999999997661037642870951458462513983249664306640625,0.0000000069254199,7739333,2019-06-05 02:01:12,btc,0.6433714986433756,384.025398971,0.000088889999999999997661037642870951458462513983249664306640625,btc,336.338835898554,0.0,0.017114423687613282,7
1,[],4,[],2019-06-05 02:01:12,323864.95698672,0.00007950,0.000000006193845,7739334,2019-06-05 02:01:12,btc,8.231162714492292,0.0,0.00007950,btc,58268.07525081,1.67641347,2.0579642172019574,7
1,[],5,[],2019-06-05 02:01:14,0.0,0,0,7739335,2019-06-05 02:01:14,btc,0.0,0.05618138,0,btc,0.0,0.0,0.0,7
1,[],20,[],2019-04-07 22:06:50,3201475.0482,0.000000001,0.000000000000051590000000000004,7213932,2019-04-07 22:06:50,btc,30.8005781811902,0.0,0.000000001,btc,23077405.3926,0.0,0.0032014750482,8
0,[],2,[],2019-01-20 23:22:42,0.0,0,0,6476876,2019-01-20 23:22:42,,0.0,0.0,0,,0.0,0.0,0.0,9
0,[],23,[],2019-01-20 23:22:48,0.0,0,0,6476878,2019-01-20 23:22:48,,0.0,0.0,0,,0.0,0.0,0.0,9
1,[],1,[],2019-02-17 23:31:42,1822507.21,0.00000181000000000000003456111265232042484285557293333113193511962890625,0.000000000066086901,6701244,2019-02-17 23:31:42,btc,3.6990969245,17153386.5,0.00000181000000000000003456111265232042484285557293333113193511962890625,btc,1997391.71,31.11772986,3.2610482446,9
1,[],4,[],2019-06-05 02:01:17,2249937.26361072,0.00000047,0.0000000000366177,7739336,2019-06-05 02:01:17,btc,3.1750800332007683,0.0,0.00000047,btc,3107078.64162848,0.22856073,0.3730125012233805,9
0,[],28,[],2019-06-05 02:01:17,0.0,0,0,7739337,2019-06-05 02:01:17,,0.0,0.0,0,,0.0,0.0,0.0,9
1,[],4,[],2019-02-17 11:22:43,4341674.27126056,0.00000002,0.0000000000007272960000000001,6696112,2019-02-17 11:22:43,btc,0.1997230937751353,0.0,0.00000002,btc,4109766.79808031,0.00215132,0.0479381022052112,10
0,[],2,[],2019-01-20 23:23:08,0.0,0,0,6476890,2019-01-20 23:23:08,,0.0,0.0,0,,0.0,0.0,0.0,12
1,[],4,[],2019-06-05 02:01:18,10317571.74913854,0.00000044,0.0000000000342804,7739338,2019-06-05 02:01:18,btc,4.598023536767819,0.0,0.00000044,btc,4738940.78153831,0.94897365,2.0150970186957196,12
1,[],5,[],2019-06-05 02:01:19,0.0,0,0,7739339,2019-06-05 02:01:19,btc,0.0,0.26047491,0,btc,0.0,0.0,0.0,12
0.0,[],25,[],2019-06-05 02:03:39,0.0,0,0,7739340,2019-06-05 02:03:39,,0.0,0.0,0.0,btc,0.0,0.0,0.0,12
1,[],10,[],2019-06-05 01:25:56,340846.77416011,0.00000528,0.00000000041290920000000003,7739200,2019-06-05 01:25:56,btc,666803.2386179272,6293.38574059,0.00000528,btc,872299.45721079,0.0,0.1969855996065046,13
1,[],4,[],2019-06-05 02:03:40,480149.08561038,0.00000530,0.00000000041292300000000003,7739341,2019-06-05 02:03:40,btc,1.9912837348905803,0.0,0.00000530,btc,272630.16253705,0.63259863,0.4815010862859772,13
1,[],21,[],2019-06-05 02:03:43,1316196.33484748,0.000005360000000000000350372942465,0.00000000041759760000000005,7739342,2019-06-05 02:03:43,btc,5.36897114608669,1391539.78906598,0.0000053600000000000003503729424647605839027164620347321033477783203125,btc,873585.13708359,7.40373481,4.458467640482873,13
1,[],26,[],2019-06-05 01:28:01,0.0,0.00000050,0.000000000039101250000000004,7739204,2019-06-05 01:28:01,btc,0.0,0.0,0.00000050,btc,0.0,0.0,0.0,14
1,[],4,[],2019-06-05 02:03:44,866293.33305918,0.00000077,0.00000000005999070000000001,7739343,2019-06-05 02:03:44,btc,4.281642774037612,0.0,0.00000077,btc,808653.13041755,0.00420655,0.0582050754275007,14
1,[],12,[],2019-06-05 02:03:45,135693.30647385,0.00000073,0.0000000000568743,7739344,2019-06-05 02:03:45,btc,14.14314311616415,0.0,0.00000073,btc,31965.57755951,0.0,0.0151733299999781,14
0,[],17,[],2019-05-03 00:53:32,0.0,0,0,7558876,2019-05-03 00:53:32,btc,0.0,0.0,0,btc,0.0,0.0,0.0,14
0,[],4,[],2019-06-05 01:28:02,0.0,0,0,7739205,2019-06-05 01:28:02,,0.0,0.0,0,,0.0,0.0,0.0,15
,[],12,[],2018-12-01 15:15:48,204241.84496,0.00000489,0.000000000202473384,5260204,2018-12-01 15:15:48,btc,49.5475654835,0.0,,btc,35763.2193806,0.0163153972027625,0.0203389899998,15
1,[],4,[],2019-06-05 01:28:04,32504.44593266,0.00001151,0.000000000900110775,7739206,2019-06-05 01:28:04,btc,0.9731792674792943,0.0,0.00001151,btc,10999.23525247,0.04474731,0.0651139305289415,18
1,[],10,[],2019-06-05 01:28:07,111899.6443749,0.00001127,0.000000000881342175,7739207,2019-06-05 01:28:07,btc,15.24169632904844,18393.2119685,0.00001127,btc,13062.26317587,0.0,0.1219212515951956,18
1,[],12,[],2019-06-05 01:28:09,2837.79300159,0.000010879999999999999168846277763922358872150653041899204254150390625,0.0000000008508431999999999,7739208,2019-06-05 01:28:09,btc,0.4113501202778254,0.0,0.000010879999999999999168846277763922358872150653041899204254150390625,btc,1732.01895713,1.7885416e-05,0.0136183830993952,18
0,[],2,[],2019-01-20 23:23:38,0.0,0,0,6476906,2019-01-20 23:23:38,,0.0,0.0,0,,0.0,0.0,0.0,18
0,[],17,[],2019-05-03 00:53:39,0.0,0,0,7558882,2019-05-03 00:53:39,btc,0.0,0.0,0,btc,0.0,0.0,0.0,18
1,[],3,[],2019-06-05 01:30:10,143628.09742968722,0.000005679999999999999827672569896463983241119422018527984619140625,0.0000000004441902,7739209,2019-06-05 01:30:10,btc,0.24615046589448622,5472.91557844,0.000005679999999999999827672569896463983241119422018527984619140625,btc,6068.462808147012,0.0,0.05057375227023839,19
1,[],4,[],2019-06-05 01:30:10,534527.20481193,0.00000785,0.000000000613889625,7739210,2019-06-05 01:30:10,btc,4.001240580542727,0.0,0.00000785,btc,177220.42145697,0.11317399,0.5311809753981679,19
1,[],5,[],2019-06-05 01:30:12,0.0,0,0,7739211,2019-06-05 01:30:12,btc,0.0,0.0001074,0,btc,0.0,0.0,0.0,19
1,[],12,[],2019-06-05 01:30:14,109363.33440486,0.000007089999999999999880334437818429904609729419462382793426513671875,0.000000000554455725,7739212,2019-06-05 01:30:14,btc,0.0507191220611581,0.0,0.000007089999999999999880334437818429904609729419462382793426513671875,btc,1949.0831785,0.0,0.0216518099997114,19
0,[],27,[],2019-06-05 01:30:33,0.0,0,0,7739213,2019-06-05 01:30:33,,0.0,0.0,0,btc,0.0,0.0,0.0,19
0,[],2,[],2019-01-20 23:24:19,0.0,0,0,6476924,2019-01-20 23:24:19,,0.0,0.0,0,,0.0,0.0,0.0,19
1,[],4,[],2019-06-05 01:30:34,10062076.88478525,0.00000007,0.000000000005474175,7739214,2019-06-05 01:30:34,btc,6.4029639466023385,0.0,0.00000007,btc,2322306.93095912,0.0,0.1174938176872809,20
1,[],4,[],2019-06-05 01:30:35,4998672.684,0.00000001,0.000000000000782025,7739215,2019-06-05 01:30:35,btc,39235.22559054961,0.0,0.00000001,btc,76687008.01359268,0.00371416,0.04998672684,21
1,[],12,[],2019-06-05 01:30:36,1695734.0,0.00000001,0.000000000000782025,7739216,2019-06-05 01:30:36,btc,2566.6488669131268,0.0,0.00000001,btc,5432603.15584414,0.00082945,0.01695734,21
0,[],17,[],2019-05-03 00:53:51,0.0,0,0,7558891,2019-05-03 00:53:51,btc,0.0,0.0,0,btc,0.0,0.0,0.0,21
1,[],12,[],2019-06-05 01:32:38,5117461313.0,0.0000000003,0.00000000000002346075,7739217,2019-06-05 01:32:38,btc,726731457.0670769,0.0,0.0000000003,btc,3146791873.2954674,0.009713942214,1.1404556481,23
0.0000000003110838,[],27,[],2019-06-05 01:32:43,57753769.7933524,3.1108380000000004e-18,2.4327530869500004e-22,7739218,2019-06-05 01:32:43,eth,1023.5463694661895,542131962.1050466,0.00000001,eth,27378733.53304889,1.686484708404156e-09,1.7966262171641282e-10,23
1,[],4,[],2019-06-05 01:32:44,1834842.19116883,0.00000020,0.0000000000156405,7739219,2019-06-05 01:32:44,btc,10.634933175612444,0.0,0.00000020,btc,1798023.4859468,0.00453731,0.0521208649400052,24
0,[],22,[],2019-06-05 01:32:47,0.0,0,0,7739220,2019-06-05 01:32:47,,0.0,0.0,0,,0.0,0.0,0.0,24
0.0,[],25,[],2019-06-05 01:35:02,0.0,0,0,7739221,2019-06-05 01:35:02,,0.0,0.0,0.0,btc,0.0,0.0,0.0,24
1,[],4,[],2019-06-05 01:35:03,26943754.07342726,0.00000472,0.0000000003691158,7739222,2019-06-05 01:35:03,btc,9.238997132151718,0.0,0.00000472,btc,219288.33607877,0.05479747,0.4866054133229954,26
1,[],10,[],2019-06-05 01:35:05,71844.06962696,0.00000501,0.00000000039179452500000005,7739223,2019-06-05 01:35:05,btc,25.27528579343617,4641.33208162,0.00000501,btc,20834.82876045,0.0,0.0325702911668198,26
0,[],2,[],2019-01-20 23:25:56,0.0,0,0,6476976,2019-01-20 23:25:56,,0.0,0.0,0,,0.0,0.0,0.0,26
1,[],3,[],2019-06-05 01:35:05,20551886.10416192,0.00000001,0.000000000000782025,7739224,2019-06-05 01:35:05,btc,3.762215463410638,3963519.56756,0.00000001,btc,26010481.47709314,0.0,0.20551886104161918,27
1,[],11,[],2019-06-05 01:35:07,2071589.08157834,0.00000002,0.00000000000156405,7739225,2019-06-05 01:35:07,btc,67503.06357066176,19676.5543251,0.00000002,btc,6639861.32608848,0.0,0.0211134458157834,27
1,[],5,[],2019-04-26 09:47:06,0.0,0,0,7465326,2019-04-26 09:47:06,btc,0.0,0.0,0,btc,0.0,0.0,0.0,27
1,[],4,[],2019-06-05 01:35:08,1204013332.914657,0.00000001,0.000000000000782025,7739226,2019-06-05 01:35:08,btc,5.349857612311645,0.0,0.00000001,"btc,ltc",325506345.8507647,0.0563143,8.769456001186668,29
1,[],7,[],2019-06-05 01:35:10,90452021.33155985,0.00000001,0.000000000000782025,7739227,2019-06-05 01:35:10,btc,46548272.19865762,0.0,0.00000001,btc,37056857.57655405,0.0,0.9045202133155985,29
1,[],4,[],2019-06-05 01:35:10,15294731.1675631,0.00000006,0.00000000000469215,7739228,2019-06-05 01:35:10,btc,2.514267206551824,0.0,0.00000006,btc,2040911.22285505,0.00283206,0.1729002432094358,30
0,[],17,[],2019-05-03 01:11:25,0.0,0,0,7559066,2019-05-03 01:11:25,btc,0.0,0.0,0,btc,0.0,0.0,0.0,30
1,[],4,[],2019-06-05 01:37:11,191844.49069131,0.00004223,0.000000003302491575,7739229,2019-06-05 01:37:11,btc,2.8814890189366094,0.0,0.00004223,btc,41467.69623791,0.39269538,0.4456034109954974,31
1,[],21,[],2019-06-05 01:37:12,165161.29989629,0.00004300000000000000165405883434,0.0000000033627075000000003,7739230,2019-06-05 01:37:12,btc,4.818318933594733,140506.17131297,0.000043000000000000001654058834343885564521769993007183074951171875,btc,99479.85984918001,6.24559022,5.998093791906006,31
0,[],2,[],2019-01-20 23:28:43,0.0,0,0,6477009,2019-01-20 23:28:43,,0.0,0.0,0,,0.0,0.0,0.0,32
0,[],4,[],2019-06-05 01:37:13,0.0,0,0,7739231,2019-06-05 01:37:13,,0.0,0.0,0,,0.0,0.0,0.0,33
1,[],12,[],2019-03-30 07:55:10,40641173.964,0.00000003,0.000000000001228359,7108785,2019-03-30 07:55:10,btc,4233210.82356125,0.0,0.00000003,btc,28378394.68333462,0.0126927883965248,0.90752895892,33
0.0000000001317955,[],4,[],2019-06-05 01:37:14,388326325.0910819,6.326184e-17,4.9472340426e-21,7739232,2019-06-05 01:37:14,ltc,3.791996467628492,0.0,0.00000048,ltc,155199267.89980248,0.00174287,1.2513930533969068e-09,34
1,[],5,[],2019-06-05 01:37:15,0.0,0,0,7739233,2019-06-05 01:37:15,btc,0.0,3.989e-05,0,btc,0.0,0.0,0.0,34
0.0000000002926451,[],17,[],2019-05-02 18:17:47,200000.0,2.9264510000000002e-18,1.596703856561e-22,7556430,2019-05-02 18:17:47,eth,0.20942468735267253,0.0,0.00000001,"btc,eth",1018272.20243647,0.0,5.852902e-13,36
0.0000000001311821,[],4,[],2019-05-31 13:28:19,2417517744.0607657,1.311821e-18,1.105058333085e-22,7717483,2019-05-31 13:28:19,ltc,5.019900492391546e-08,0.0,0.00000001,ltc,7102398142.262129,0.0,3.171350544531538e-09,36
1,[],5,[],2019-05-31 13:28:21,0.0,0,0,7717484,2019-05-31 13:28:21,btc,0.0,0.0,0,btc,0.0,0.0,0.0,36
0.0000000003108179,[],27,[],2019-05-31 13:30:34,10388811.226876,6.216358000000001e-18,5.236566733830001e-22,7717485,2019-05-31 13:30:34,eth,1569.8708019850988,761866.634299,0.00000002,"ltc,eth",5084024.2511555,4.736034912207001e-12,3.3251980286483705e-11,36
1,[],4,[],2019-06-05 01:37:16,9974711.77341303,0.00000016,0.0000000000125124,7739234,2019-06-05 01:37:16,btc,19772.47792097437,0.0,0.00000016,btc,713150.36279513,0.0001031,0.1276402261766068,37
1,[],12,[],2019-06-05 01:37:17,3680409.0,0.00000017,0.000000000013294424999999999,7739235,2019-06-05 01:37:17,btc,10.526783110321595,0.0,0.00000017,btc,1860507.11969868,0.042213985358,0.1413217,37
1,[],27,[],2019-06-05 01:39:22,11126.0,0.00000018,0.00000000001407645,7739236,2019-06-05 01:39:22,btc,22.62970013895233,0.0,0.00000018,btc,4298.824295,0.0,0.00165394,37
1,[],17,[],2019-05-03 01:11:36,211752.74075282,0.00000025,0.000000000013700074999999998,7559074,2019-05-03 01:11:36,btc,0.055484923955058496,0.0,0.00000025,"btc,eth",1387.19918473,0.0,0.0005381851887916605,37
1,[],5,[],2019-06-05 01:39:23,0.0,0,0,7739237,2019-06-05 01:39:23,btc,0.0,0.01491262,0,btc,0.0,0.0,0.0,42
1,[],12,[],2019-06-05 01:39:25,130495.98768692,0.000001039999999999999995289683661636725986454621306620538234710693359375,0.0000000000813306,7739238,2019-06-05 01:39:25,btc,24.82360412765114,0.0,0.000001039999999999999995289683661636725986454621306620538234710693359375,btc,78814.80845098999,0.010972204904,0.0450781868898311,42
1,[],27,[],2019-06-05 01:39:30,506.0,0.00000002,0.00000000000156405,7739239,2019-06-05 01:39:30,btc,0.07600425,0.0,0.00000002,"btc,eth",18.0,0.0,6.000000326824641e-06,42
1,[],12,[],2019-03-13 09:13:29,1112112.0,0.00000001,0.000000000000386531,6919902,2019-03-13 09:13:29,btc,29058.00478931866,0.0,0.00000001,btc,5967681.93306694,9.99000999e-07,0.01112112,43
1,[],5,[],2019-04-26 22:38:52,0.0,0,0,7474154,2019-04-26 22:38:52,btc,0.0,0.02638891,0,btc,0.0,0.0,0.0,43
0,[],17,[],2019-04-26 22:38:53,0.0,0,0,7474155,2019-04-26 22:38:53,btc,0.0,0.0,0,btc,0.0,0.0,0.0,43
1,[],12,[],2019-03-05 01:54:08,639326.02,0.00000004,0.000000000001486676,6845775,2019-03-05 01:54:08,btc,11116042.728239931,0.0,0.00000004,btc,1103841.4595604,0.0003330765234764,0.014975410599999999,44
1,[],4,[],2019-06-05 01:39:32,104389613.19772288,0.00000001,0.000000000000782025,7739240,2019-06-05 01:39:32,btc,2660396.6117822775,0.0,0.00000001,"btc,ltc",28488474.38240226,0.00146569,0.02655551449255027,49
0.0000000001317955,[],4,[],2019-06-05 01:39:34,131364326.91376562,3.426683e-17,2.679751773075e-21,7739241,2019-06-05 01:39:34,ltc,194920.92353756752,0.0,0.00000026,ltc,177818973.7633107,0.0,1.4853255036245788e-09,52
0,[],22,[],2019-06-05 01:39:37,0.0,0,0,7739242,2019-06-05 01:39:37,,10289.52569349,0.0,0,,305146396.4566013,0.0,0.0,57
0,[],27,[],2019-06-05 01:39:42,0.0,0,0,7739243,2019-06-05 01:39:42,,0.0,0.0,0,"btc,eth",0.0,0.0,0.0,57
0.0000000001317955,[],4,[],2019-06-05 01:39:44,3527194818.5721416,1.317955e-18,1.030673758875e-22,7739244,2019-06-05 01:39:44,ltc,19.341013528397088,0.0,0.00000001,ltc,5804767409.741686,0.0,4.648684047111247e-09,58
1,[],12,[],2019-06-05 01:39:45,983953351.0,0.0000000001,0.000000000000007820250000000001,7739245,2019-06-05 01:39:45,btc,2809274.925451397,0.0,0.0000000001,btc,3563733467.708248,0.000170119067,0.09839533510000001,58
0.0000000001088141,[],22,[],2019-06-05 01:41:48,126877.0,1.088141e-18,8.50953465525e-23,7739246,2019-06-05 01:41:48,XMR,68.17454206,0.0,0.00000001,XMR,9626402.6,0.0,0.00126877,58
1,[],17,[],2019-05-03 01:12:09,1200000.0,0.0000000001,0.00000000000000548003,7559085,2019-05-03 01:12:09,btc,1e+24,0.0,0.0000000001,"btc,eth",39516342.31952568,0.0,0.00010000000058666061,58
1,[],5,[],2019-06-05 01:41:49,0.0,0,0,7739247,2019-06-05 01:41:49,btc,0.0,0.00231669,0,btc,0.0,0.0,0.0,61
1,[],22,[],2019-06-05 01:41:52,13613.833333333334,0.00000012,0.0000000000093843,7739248,2019-06-05 01:41:52,BTC,1002.29123003,0.0,0.00000012,BTC,15014.200177125656,0.0,0.00153269,61
1,[],26,[],2019-06-05 01:41:52,0.0,0.00000050,0.000000000039101250000000004,7739249,2019-06-05 01:41:52,btc,0.0,0.0,0.00000050,btc,0.0,0.0,0.0,61
1,[],27,[],2019-06-05 01:41:57,8450.0,0.0000002,0.0000000000156405,7739250,2019-06-05 01:41:57,btc,1.9582485601246655,0.0,0.0000002,"btc,eth",11379.41563696,0.0,0.001522,61
0,[],28,[],2019-06-05 01:41:58,0.0,0,0,7739251,2019-06-05 01:41:58,,0.0,0.0,0,,0.0,0.0,0.0,61
1,[],4,[],2019-06-05 01:41:59,853388.31693833,0.00000077,0.000000000060215925,7739252,2019-06-05 01:41:59,btc,2.911352709186239,0.0,0.00000077,btc,931038.63236482,0.03713049,0.4395924443060432,67
0.0,[],25,[],2019-06-05 01:42:57,0.0,0,0,7739253,2019-06-05 01:42:57,,0.0,0.0,0.0,btc,0.0,0.0,0.0,67
1,[],12,[],2019-06-02 06:23:14,910048.355,0.00000006,0.000000000005154929999999999,7725270,2019-06-02 06:23:14,btc,5.167005424215783,0.0,0.00000006,btc,738530.60239759,0.003159757462,0.0187188113,71
,[],5,[],2018-11-20 23:02:39,1.5e-07,0.00000005,0.000000000002128045,4862160,2018-11-20 23:02:39,btc,2.84511358,0.0,,btc,0.00036572,0.0,0.07381892,74
1,[],5,[],2019-06-05 01:42:58,0.0,0,0,7739254,2019-06-05 01:42:58,btc,0.0,0.48506225,0,btc,0.0,0.0,0.0,75
1,[],4,[],2019-06-04 03:25:15,715281.46076168,0.00000001,0.000000000000803619,7734085,2019-06-04 03:25:15,btc,581089.6218469425,0.0,0.00000001,btc,37692563.61091116,0.0,0.0071528146076168,81
0,[],20,[],2019-01-25 09:30:31,0.0,0,0,6495923,2019-01-25 09:30:31,btc,0.0,0.0,0,btc,0.0,0.0,0.0,81
1,[],4,[],2019-06-05 01:42:59,137381.21193784,0.00011999,0.000000009383517975,7739255,2019-06-05 01:42:59,btc,54.6762597648167,0.0,0.00011999,btc,115000.35489529,1.62881861,0.810450275541244,82
1,[],21,[],2019-06-05 01:05:14,85503.86012609,0.0001255299999999999992217336597,0.00000000974916192,7739113,2019-06-05 01:05:14,btc,16.968659777663923,21365.22321202,0.0001255299999999999992217336597377652651630342006683349609375,btc,101415.08423978,2.56568716,7.723879192083517,82
0,[],17,[],2019-03-25 22:42:34,0.0,0,0,7038780,2019-03-25 22:42:34,btc,0.0445064681804024,0.0,0,btc,995513.18476001,0.0,0.0,84
0.0000000001161485,[],4,[],2019-05-20 13:09:39,216715621.0206096,1.161485e-18,9.0533806701e-23,7657228,2019-05-20 13:09:39,ltc,1.6511566870244727,0.0,0.00000001,ltc,471032407.9048656,0.0,2.5171194308112273e-10,85
,[],22,[],2018-11-20 23:09:34,3408.1,0.0000001,0.0000000000041895,4862324,2018-11-20 23:09:34,BTC,0.04624735,0.0,,BTC,4990.0,0.0,0.00033081,86
1,[],22,[],2019-06-04 23:05:20,87656.0,0.00000004,0.00000000000305818,7738972,2019-06-04 23:05:20,BTC,1.51082059,0.0,0.00000004,BTC,256208.94736842104,0.00813157,0.00152656,87
1,[],27,[],2019-06-04 23:05:30,252983.0,0.00000008,0.00000000000611636,7738973,2019-06-04 23:05:30,btc,5.022577187036,192731.0,0.00000008,btc,148947.21141,0.03469158,0.00613129,87
,[],2,[],2018-11-20 23:10:47,0.0,0,0,4862359,2018-11-20 23:10:47,,0.0,0.0,,,0.0,0.0,0.0,88
1,[],11,[],2019-06-05 01:45:01,227586.35758675,0.000091520000000000004667689845749833921217941679060459136962890625,0.000000007157092800000001,7739256,2019-06-05 01:45:01,btc,167.5669950277613,20652.1118885,0.000091520000000000004667689845749833921217941679060459136962890625,btc,189698.95437851,0.0,3.983556888179306,89
0,[],2,[],2019-01-20 23:31:45,0.0,0,0,6477083,2019-01-20 23:31:45,,0.0,0.0,0,,0.0,0.0,0.0,91
1,[],12,[],2019-06-05 01:45:02,334712.59070821,0.00000026,0.00000000002033265,7739257,2019-06-05 01:45:02,btc,88.54705321469119,0.0,0.00000026,btc,197199.81781848,0.002739577472,0.0143846399177965,91
1,[],22,[],2019-06-05 01:47:07,75910.55,0.0000002,0.0000000000156405,7739258,2019-06-05 01:47:07,BTC,0.497,0.0,0.0000002,"BTC,LTC",6.95,0.0,0.00165931,91
0,[],17,[],2019-05-03 01:12:26,0.0,0,0,7559096,2019-05-03 01:12:26,btc,0.0,0.0,0,btc,0.0,0.0,0.0,91
1,[],22,[],2019-04-09 20:17:52,374949.73333333334,0.00000015,0.000000000007771935,7235704,2019-04-09 20:17:52,BTC,6.87372503,0.0,0.00000015,"BTC,LTC",159980.01196797504,1.1e-05,0.80510266,95
0.0000000001317955,[],4,[],2019-06-05 01:47:08,541503389.3070995,2.7677055e-17,2.1644148936375e-21,7739259,2019-06-05 01:47:08,ltc,11.305060182156371,0.0,0.00000021,ltc,153304507.3316396,0.0,8.387384358935906e-10,96
0,[],12,[],2019-06-05 01:47:09,0.0,0,0,7739260,2019-06-05 01:47:09,btc,22.33352059046953,0.0,0,btc,9676473.04695305,0.0,0.0,96
0,[],17,[],2019-05-03 01:12:32,0.0,0,0,7559100,2019-05-03 01:12:32,btc,0.0,0.0,0,btc,0.0,0.0,0.0,96
1,[],4,[],2019-04-14 03:32:46,1039404.33283278,0.00000038,0.000000000019245518,7293458,2019-04-14 03:32:46,btc,4.170086055365747,0.0,0.00000038,btc,3097704.34561074,0.06260606,0.1859928211030784,99
0,[],2,[],2019-01-20 23:23:55,0.0,0,0,6476914,2019-01-20 23:23:55,,0.0,0.0,0,,0.0,0.0,0.0,100
1,[],4,[],2019-06-05 01:49:10,232923.01192238,0.00001751,0.000000001369325775,7739261,2019-06-05 01:49:10,btc,7.773551349863099,0.0,0.00001751,btc,155965.32137688,0.78863466,0.4234624261692657,100
1,[],22,[],2019-06-05 01:49:13,150000.0,0.00000002,0.00000000000156405,7739262,2019-06-05 01:49:13,BTC,24.83526409,0.0,0.00000002,BTC,11187.719,0.0,0.0017,101
1,[],4,[],2019-06-05 01:49:14,514733.09483114,0.00000152,0.0000000001188678,7739263,2019-06-05 01:49:14,btc,549.8163556236965,0.0,0.00000152,btc,667479.00630412,0.00548933,0.1516990148602591,103
1,[],12,[],2019-06-05 01:49:17,178871869.37600002,0.000000004,0.00000000000031281,7739264,2019-06-05 01:49:17,btc,2446.922001406361,0.0,0.000000004,btc,70911472.35334982,0.001094643777,0.24176358050400004,105
0,[],27,[],2019-06-05 01:49:22,0.0,0,0,7739265,2019-06-05 01:49:22,,0.324538096,61112.0,0,btc,1923466.8,0.00061112,0.0,105
1,[],22,[],2019-04-21 00:17:26,21333.0,0.00000001,0.000000000000532493,7385819,2019-04-21 00:17:26,BTC,51.38182867,0.0,0.00000001,BTC,470435.0,0.0,0.00021333,107
1,[],26,[],2019-04-21 00:17:26,0.0,0.00000000,0,7385820,2019-04-21 00:17:26,btc,0.0,0.0,0.00000000,btc,0.0,0.0,0.0,107
1,[],5,[],2019-06-05 01:49:24,0.0,0,0,7739266,2019-06-05 01:49:24,btc,0.0,0.0,0,btc,0.0,0.0,0.0,112
0,[],22,[],2019-06-05 01:49:27,0.0,0,0,7739267,2019-06-05 01:49:27,,6.79500102,0.0,0,,3375892.0833333335,0.0,0.0,112
1,[],27,[],2019-06-05 01:49:32,1.0,0.00000001,0.000000000000782025,7739268,2019-06-05 01:49:32,btc,1.14885,0.0,0.00000001,"btc,eth",39.0,0.0,1e-08,112
1,[],4,[],2019-06-05 01:49:33,257786.65010576,0.00000084,0.0000000000656901,7739269,2019-06-05 01:49:33,btc,5.7592662702951865,0.0,0.00000084,btc,624540.54112697,0.01155991,0.1552050445441628,113
1,[],5,[],2019-06-05 01:49:34,0.0,0,0,7739270,2019-06-05 01:49:34,btc,0.0,0.0,0,btc,0.0,0.0,0.0,113
1,[],17,[],2019-04-26 02:17:47,162738.278,0.00000004,0.0000000000021069000000000002,7461287,2019-04-26 02:17:47,btc,1.3331140273775473,0.0,0.00000004,btc,51796.221,0.0,0.00230953112,116
1,[],27,[],2019-05-22 05:13:01,210000.0,0.00000001,0.00000000000079145,7666372,2019-05-22 05:13:01,btc,3919.0005001478,0.0,0.00000001,btc,128660.871,0.0,0.0021,116
1,[],4,[],2019-05-21 22:31:11,138169.03963019,0.00000701,0.000000000558364025,7664793,2019-05-21 22:31:11,btc,150.95388250938234,0.0,0.00000701,btc,344631.17141974,0.07552974,0.4288357684941946,120
1,[],7,[],2019-05-21 22:31:12,3901.07750076,0.000010679999999999999389654892212320191902108490467071533203125,0.0000000008506887,7664794,2019-05-21 22:31:12,btc,231188.94669936574,0.0,0.000010679999999999999389654892212320191902108490467071533203125,btc,4133.83151364,0.0,0.0113888422364489,120
1,[],20,[],2019-04-07 18:42:29,1914137.0852,0.000000035,0.0000000000017871910000000002,7211992,2019-04-07 18:42:29,btc,32.2497668025648,25528.85,0.000000035,btc,1001975.4986,0.00089350975,0.0152723574729,125
1,[],22,[],2019-06-05 01:49:38,10000.0,0.00000001,0.000000000000782025,7739271,2019-06-05 01:49:38,BTC,0.032061,0.0,0.00000001,BTC,299316.7611111111,0.0,0.0001,126
1,[],4,[],2019-06-05 01:49:39,441455.94140807,0.00000736,0.0000000005755704,7739272,2019-06-05 01:49:39,btc,3.8708194846017108,0.0,0.00000736,btc,168108.7773705,0.43145546,0.4913567752036109,131
0,[],2,[],2019-01-20 23:25:46,0.0,0,0,6476969,2019-01-20 23:25:46,,0.0,0.0,0,,0.0,0.0,0.0,131
1,[],17,[],2019-05-03 01:13:10,10000.0,0.00000001,0.000000000000548003,7559115,2019-05-03 01:13:10,btc,0.0953976503951408,0.0,0.00000001,btc,5037.62507334,0.0,0.0001,131
1,[],4,[],2019-06-05 01:11:52,4872.77721696,0.00010000,0.0000000077664,7739131,2019-06-05 01:11:52,btc,5.040342591555232,0.0,0.00010000,btc,247.17378338,0.0,0.0068819517514206,135
1,[],3,[],2019-06-05 01:51:40,40600.27748212,0.00000001,0.000000000000782025,7739273,2019-06-05 01:51:40,btc,0.2198966429694918,2146378.52189,0.00000001,btc,2046829.24715819,0.0,0.0004060027748212,136
1,[],4,[],2019-06-05 01:51:41,2150762.76800886,0.00000180,0.0000000001407645,7739274,2019-06-05 01:51:41,btc,109.91279408921166,0.0,0.00000180,btc,549239.59249966,0.03247295,0.4459994603929769,137
1,[],12,[],2019-06-05 01:51:43,68456.78302645,0.000001799999999999999918546601286595265634105089702643454074859619140625,0.0000000001407645,7739275,2019-06-05 01:51:43,btc,84.62899022031732,0.0,0.000001799999999999999918546601286595265634105089702643454074859619140625,btc,81282.49164191,7.737882e-06,0.0185134699999028,137
1,[],4,[],2019-06-05 01:51:45,90728.07278868,0.00001579,0.0000000012348174750000001,7739276,2019-06-05 01:51:45,btc,5.400141684697045,0.0,0.00001579,btc,148097.41036401,1.99504413,0.3010178154322517,142
1,[],5,[],2019-06-05 01:51:46,0.0,0,0,7739277,2019-06-05 01:51:46,btc,0.0,0.00327839,0,btc,0.0,0.0,0.0,142
1,[],20,[],2019-06-05 01:53:48,216118.7497,0.000015001,0.0000000011731157025,7739278,2019-06-05 01:53:48,btc,1.605304038551,0.77,0.000015001,btc,9745.0633,1.155077e-05,0.0198155547204,142
1,[],22,[],2019-06-05 01:53:52,10928.645,0.00001000,0.000000000782025,7739279,2019-06-05 01:53:52,BTC,3.00455459,0.0,0.00001000,BTC,1114.1498755539799,0.0,0.00725365,142
0.0,[],25,[],2019-06-05 01:55:52,0.0,0,0,7739280,2019-06-05 01:55:52,,0.0,0.0,0.0,,0.0,0.0,0.0,142
0,[],28,[],2019-06-05 01:55:52,0.0,0,0,7739281,2019-06-05 01:55:52,,0.0,0.0,0,,0.0,0.0,0.0,142
1,[],17,[],2019-05-03 01:13:16,32967.38636364,0.00000088,0.000000000048224264,7559122,2019-05-03 01:13:16,btc,20.06976206696776,0.0,0.00000088,btc,2746.079105,0.0,0.0105613000000032,142
0,[],22,[],2019-06-05 01:55:55,0.0,0,0,7739282,2019-06-05 01:55:55,,64.98620993,0.0,0,,787027072.3,0.0,0.0,143
0,[],22,[],2019-02-25 15:42:22,0.0,0,0,6783783,2019-02-25 15:42:22,,4.2131946,0.0,0,,2322156.0,0.0,0.0,146
,[],22,[],2018-11-20 23:01:11,0.0,0,0,4862114,2018-11-20 23:01:11,,2.56807021,0.0,,,61828.4988236,0.0,0.0,147
1,[],12,[],2019-04-21 06:38:04,193091.5971266,0.00000071,0.000000000037635183,7388679,2019-04-21 06:38:04,btc,2.301232411611175,0.0,0.00000071,btc,9957.48302385,0.00023528,0.0313308199999888,148
1,[],4,[],2019-03-19 21:31:25,255810.0415942,0.00000029,0.000000000011615747,6982695,2019-03-19 21:31:25,btc,218.94922712414143,0.0,0.00000029,btc,793529.37642722,0.00117,0.0608347789473395,152
0,[],22,[],2019-03-19 21:31:27,0.0,0,0,6982696,2019-03-19 21:31:27,,0.0,0.0,0,,0.0,0.0,0.0,152
1,[],5,[],2019-04-26 09:36:59,0.0,0,0,7465040,2019-04-26 09:36:59,btc,0.0,0.0,0,btc,0.0,0.0,0.0,153
,[],16,[],2019-01-11 15:38:59,0.0,0,0,6366141,2019-01-11 15:38:59,btc,0.0,0.0,,btc,0.0,0.0,0.0,155
0,[],23,[],2019-01-20 23:24:29,0.0,0,0,6476932,2019-01-20 23:24:29,,0.0,0.0,0,,0.0,0.0,0.0,156
0,[],22,[],2019-06-04 06:02:09,0.0,0,0,7734688,2019-06-04 06:02:09,,7.43375324,0.0,0,,5955762.942592593,0.0,0.0,156
1,[],22,[],2019-06-05 01:55:59,6996.0,0.00000001,0.000000000000782025,7739283,2019-06-05 01:55:59,BTC,1.7543039,0.0,0.00000001,BTC,57.0,0.0,6.996e-05,157
0,[],22,[],2019-05-21 23:40:32,0.0,0,0,7665049,2019-05-21 23:40:32,,50234.60468402,0.0,0,,54786159.03179465,0.0,0.0,158
,[],17,[],2018-11-20 22:56:10,0.0,0,0,4861976,2018-11-20 22:56:10,btc,1.1265625,0.0,,btc,1000.0,0.0,0.0,159
,[],20,[],2018-11-20 22:56:12,0.0,0,0,4861977,2018-11-20 22:56:12,btc,11912.7940471,0.0,,btc,34413894.3617,0.0,0.0,159
1,[],12,[],2019-05-24 02:51:20,9178.522006449999,0.00000191999999999999982841307998027158276954651228152215480804443359375,0.000000000151222656,7676256,2019-05-24 02:51:20,btc,149.80414728631675,0.0,0.00000191999999999999982841307998027158276954651228152215480804443359375,btc,1115.7451448499999,0.01783167678326,0.0120075778999181,168
1,[],17,[],2019-05-03 01:13:36,42852.0,0.00000002,0.000000000001096006,7559132,2019-05-03 01:13:36,btc,0.04279856251542,0.0,0.00000002,btc,274.46171372,0.0,0.00052852,168
1,[],22,[],2019-05-17 03:01:52,10.0,0.00000001,0.000000000000778341,7642059,2019-05-17 03:01:52,BTC,41.95893009,0.0,0.00000001,BTC,1753972.7737547632,0.0,1e-07,169
1,[],22,[],2019-05-30 08:38:18,202834.0,0.00000002,0.0000000000017416160000000001,7711049,2019-05-30 08:38:18,BTC,27.87002826,0.0,0.00000002,BTC,462189.5410507793,0.0,0.00211768,171
1,[],22,[],2019-05-29 08:05:18,349870.0,0.00000002,0.000000000001705894,7705265,2019-05-29 08:05:18,BTC,24.05907723,0.0,0.00000002,"BTC,LTC",1224285.4355616204,0.0,0.0039847,173
1,[],5,[],2019-06-05 01:56:00,0.0,0,0,7739284,2019-06-05 01:56:00,btc,0.0,0.06053641,0,btc,0.0,0.0,0.0,175
1,[],22,[],2019-06-05 01:56:04,90671.0,0.00000001,0.000000000000782025,7739285,2019-06-05 01:56:04,BTC,394.35459412,0.0,0.00000001,BTC,136275.61833431243,0.0,0.00090671,176
1,[],7,[],2019-06-05 01:56:05,0.0,0,0,7739286,2019-06-05 01:56:05,btc,522272.523796231,0.0,0,btc,21860405.84864055,0.0,0.0,178
0,[],22,[],2019-06-05 01:56:07,0.0,0,0,7739287,2019-06-05 01:56:07,,1.00242428,0.0,0,,57512.0,0.0,0.0,178
0,[],2,[],2019-01-20 23:28:34,0.0,0,0,6477001,2019-01-20 23:28:34,,0.0,0.0,0,,0.0,0.0,0.0,178
1,[],5,[],2019-06-05 01:56:09,0.0,0,0,7739288,2019-06-05 01:56:09,btc,0.0,0.01161024,0,btc,0.0,0.0,0.0,179
0,[],23,[],2019-01-20 23:25:08,0.0,0,0,6476952,2019-01-20 23:25:08,,0.0,0.0,0,,0.0,0.0,0.0,179
0,[],22,[],2019-06-05 01:56:12,0.0,0,0,7739289,2019-06-05 01:56:12,,5.3132485,0.0,0,,13258002.811946675,0.0,0.0,179
1,[],22,[],2019-06-05 01:58:17,679229.8077551306,0.00000105,0.000000000082112625,7739290,2019-06-05 01:58:17,BTC,39.19509227,0.0,0.00000105,"BTC,LTC",149316.51564143103,0.00181885,0.57852852,180
1,[],26,[],2019-06-05 01:58:17,0.0,0.00000010,0.00000000000782025,7739291,2019-06-05 01:58:17,btc,0.0,0.0,0.00000010,btc,0.0,0.0,0.0,180
1,[],17,[],2019-05-03 01:13:56,20504.725000000002,0.0000001,0.00000000000548003,7559141,2019-05-03 01:13:56,btc,5.2010695838400265,0.0,0.0000001,btc,5033.45945,0.0,0.0011504725,180
,[],7,[],2018-11-20 22:58:01,562227.975654,0.00000085,0.000000000036176765,4862015,2018-11-20 22:58:01,btc,21836.6059674,2491.87645172,,btc,749999.041456,0.00211021,0.127565380455,183
,[],5,[],2019-01-10 08:11:41,0.0,0,0,6347036,2019-01-10 08:11:41,btc,82.15055501,0.00261,,btc,1.19002445,0.0,0.0,187
,[],17,[],2018-11-16 20:58:10,4062536.27273,0.00000001,0.000000000000550501,4708775,2018-11-16 20:58:10,btc,3.36492563466,0.195460381006,,"btc,eth",110697919.549,0.0,0.0157628953496,187
1,[],24,[],2019-05-22 21:04:52,0.0,0.000000000014,0.0000000000000010960978,7670219,2019-05-22 21:04:52,btc,0.0,0.0,0.000000000014,btc,0.0,0.0,0.0,187
0,[],22,[],2019-04-25 02:54:07,0.0,0,0,7447896,2019-04-25 02:54:07,,7.54794454,0.0,0,,76361.7243344055,0.0,0.0,191
0,[],22,[],2019-06-05 01:58:22,0.0,0,0,7739292,2019-06-05 01:58:22,,0.0,0.0,0,,0.0,0.0,0.0,197
0,[],23,[],2019-01-20 23:31:41,0.0,0,0,6477079,2019-01-20 23:31:41,,0.0,0.0,0,,0.0,0.0,0.0,199
0,[],22,[],2019-06-05 01:58:24,0.0,0,0,7739293,2019-06-05 01:58:24,,10.83066794,0.0,0,,98210482.0,0.0,0.0,199
1,[],26,[],2019-06-05 01:58:25,0.0,0.00000000,0,7739294,2019-06-05 01:58:25,btc,0.0,0.0,0.00000000,btc,0.0,0.0,0.0,199
0,[],2,[],2019-01-20 23:30:49,0.0,0,0,6477059,2019-01-20 23:30:49,,0.0,0.0,0,,0.0,0.0,0.0,201
1,[],4,[],2019-01-25 15:51:35,2084389.58565343,0.00000936,0.000000000333526752,6499557,2019-01-25 15:51:35,btc,2.0092503037378524,0.0,0.00000936,btc,160195.80207885,0.19272417,1.242687955921835,211
1,[],7,[],2019-06-05 01:58:28,1170169393.7242348,0.00000018,0.00000000001407645,7739295,2019-06-05 01:58:28,btc,15201830.594824895,0.0,0.00000018,btc,6613050.75760839,0.0,11.967950945464535,212
1,[],12,[],2019-01-25 02:44:32,207462.42853209,0.000001080000000000000035831255497387193287295303889550268650054931640625,0.000000000038610756000000006,6493050,2019-01-25 02:44:32,btc,85023.03793723314,0.0,0.000001080000000000000035831255497387193287295303889550268650054931640625,btc,43675.73520027,0.000146250909087,0.0348620860622024,213
1,[],5,[],2019-05-30 00:07:46,0.0,0,0,7709357,2019-05-30 00:07:46,btc,0.0,0.06425239,0,btc,0.0,0.0,0.0,213
1,[],24,[],2019-05-30 00:07:46,0.0,0.000000399202,0.0000000000344859829346,7709358,2019-05-30 00:07:46,btc,0.0,0.0,0.000000399202,btc,0.0,0.0,0.0,213
1,[],26,[],2019-05-30 00:07:47,0.0,0.00000040,0.000000000034554919999999996,7709359,2019-05-30 00:07:47,btc,0.0,0.0,0.00000040,btc,0.0,0.0,0.0,213
0,[],22,[],2019-06-05 01:58:31,0.0,0,0,7739296,2019-06-05 01:58:31,,9.61445386,0.0,0,,3661587.094064925,0.0,0.0,216
0.0000000001317955,[],27,[],2019-06-05 01:58:37,1000.0,1.317955e-18,1.030673758875e-22,7739297,2019-06-05 01:58:37,ltc,88.87791652917753,0.0,0.00000001,"btc,ltc",393976.407688,0.0,1.317955e-15,216
1,[],22,[],2019-06-05 01:58:41,763123.0,0.00000028,0.0000000000218967,7739298,2019-06-05 01:58:41,BTC,12056.47221361,0.0,0.00000028,BTC,515807.0344097255,0.00301502,0.05728488,217
1,[],7,[],2019-06-05 01:58:41,0.0,0,0,7739299,2019-06-05 01:58:41,btc,1234864.1063221719,0.0,0,btc,164231263.13147992,0.0,0.0,219
0,[],27,[],2019-06-05 01:58:46,0.0,0,0,7739300,2019-06-05 01:58:46,,261.1953845967132,0.0,0,btc,9255255.74381025,0.0,0.0,219
0,[],28,[],2019-06-05 01:58:47,0.0,0,0,7739301,2019-06-05 01:58:47,,0.0,0.0,0,,0.0,0.0,0.0,219
1,[],22,[],2019-05-23 16:41:05,172069.0,0.00000004,0.0000000000031167080000000004,7674065,2019-05-23 16:41:05,BTC,56.76466137,0.0,0.00000004,BTC,127061.6482738741,0.0,0.00393676,221
1,[],24,[],2019-05-23 16:41:05,0.0,0.000000010000,0.0000000000007791770000000001,7674066,2019-05-23 16:41:05,btc,0.0,0.0,0.000000010000,btc,0.0,0.0,0.0,221
1,[],20,[],2019-06-05 01:58:50,12902128.025,0.000000001,0.0000000000000782025,7739302,2019-06-05 01:58:50,btc,100052.67539288469,473351.6679,0.000000001,btc,45227154.5849,0.0008817166183,0.012902128025,224
0,[],22,[],2019-06-05 01:58:52,0.0,0,0,7739303,2019-06-05 01:58:52,,0.0,0.0,0,,0.0,0.0,0.0,224
1,[],26,[],2019-06-05 01:58:53,0.0,0.00000025,0.000000000019550625000000002,7739304,2019-06-05 01:58:53,btc,0.0,0.0,0.00000025,btc,0.0,0.0,0.0,231
1,[],26,[],2019-06-05 01:58:53,0.0,0.00000006,0.00000000000469215,7739305,2019-06-05 01:58:53,btc,0.0,0.0,0.00000006,btc,0.0,0.0,0.0,234
0.0000000003110838,[],27,[],2019-06-05 01:58:59,100.0,3.1108380000000004e-18,2.4327530869500004e-22,7739306,2019-06-05 01:58:59,eth,1.14618497004,0.0,0.00000001,"btc,eth",11462.996,0.0,3.110838e-16,234
1,[],4,[],2019-05-22 17:06:12,91780.56053785,0.00000078,0.000000000061977552,7669277,2019-05-22 17:06:12,btc,5.573372450018177,0.0,0.00000078,btc,729173.93529783,0.0,0.0307060663355679,236
1,[],24,[],2019-05-22 17:06:12,0.0,0.000000010000,0.000000000000794584,7669278,2019-05-22 17:06:12,btc,0.0,0.0,0.000000010000,btc,0.0,0.0,0.0,236
1,[],5,[],2019-06-05 01:59:01,0.0,0,0,7739307,2019-06-05 01:59:01,btc,0.0,0.10719223,0,btc,0.0,0.0,0.0,237
1,[],20,[],2019-06-05 01:59:03,125651075.6818,0.000000042,0.000000000003284505,7739308,2019-06-05 01:59:03,btc,8172523.019082585,7488878.6281,0.000000042,btc,45873587.3019,0.3378719898295,0.5870109317934,237
1,[],22,[],2019-06-05 01:59:07,288100.0,0.00000003,0.000000000002346075,7739309,2019-06-05 01:59:07,BTC,1.20267422,0.0,0.00000003,"BTC,LTC",17930.94871794872,0.0,0.007541,237
1,[],4,[],2019-06-05 01:59:07,28853394.10742068,0.00000012,0.0000000000093843,7739310,2019-06-05 01:59:07,btc,2.649609381814933,0.0,0.00000012,btc,8140061.67203508,0.30192262,0.7442981574197634,238
1,[],5,[],2019-06-05 01:59:09,0.0,0,0,7739311,2019-06-05 01:59:09,btc,0.0,0.0007469,0,btc,0.0,0.0,0.0,238
0,[],22,[],2019-03-12 16:49:32,0.0,0,0,6914458,2019-03-12 16:49:32,,0.40415746,0.0,0,,526736.5639027493,0.0,0.0,249
0,[],22,[],2019-05-28 23:53:45,0.0,0,0,7703643,2019-05-28 23:53:45,,13.44714864,0.0,0,,43777534.3426455,0.0,0.0,252
0,[],28,[],2019-06-05 01:59:09,0.0,0,0,7739312,2019-06-05 01:59:09,,0.0,0.0,0,,0.0,0.0,0.0,256
1,[],22,[],2019-06-05 01:59:12,795004.0,0.00000001,0.000000000000782025,7739313,2019-06-05 01:59:12,BTC,31464.55062152,0.0,0.00000001,BTC,584362.6675322719,0.00055988,0.00795004,258
1,[],22,[],2019-05-19 18:12:02,400.0,0.00000001,0.0000000000007957800000000001,7653905,2019-05-19 18:12:02,BTC,2.415167,0.0,0.00000001,BTC,157.0,0.0,4e-06,259
1,[],5,[],2019-06-05 01:59:13,0.0,0,0,7739314,2019-06-05 01:59:13,btc,0.0,0.08753284,0,btc,0.0,0.0,0.0,264
1,[],20,[],2019-06-05 01:59:15,961157.2868,0.000000171,0.0000000000133726275,7739315,2019-06-05 01:59:15,btc,0.9759421324615,20053.6542,0.000000171,btc,51176.5911,0.0118116023238,0.0085453637263,264
0,[],22,[],2019-04-12 17:57:27,0.0,0,0,7278186,2019-04-12 17:57:27,,66.37522201,0.0,0,,677842.4169881374,0.0,0.0,271
0,[],22,[],2019-05-29 08:10:20,0.0,0,0,7705301,2019-05-29 08:10:20,,33050470.74998113,0.0,0,,14361377780.7,0.0,0.0,272
0,[],28,[],2019-05-29 08:10:54,0.0,0,0,7705302,2019-05-29 08:10:54,,0.0,22189957216.5758,0,,0.0,0.0,0.0,272
1,[],22,[],2019-05-23 07:12:29,219930.0,0.00000004,0.000000000003048688,7671985,2019-05-23 07:12:29,BTC,426.77835217,0.0,0.00000004,BTC,248664.3325962929,0.0,0.00739728,281
1,[],22,[],2019-06-05 01:59:19,984491.35,0.00000004,0.0000000000031281,7739316,2019-06-05 01:59:19,BTC,31.67276494,0.0,0.00000004,"BTC,LTC",1554389.2569583755,0.00012014,0.04014229,286
0,[],22,[],2019-06-05 01:59:22,0.0,0,0,7739317,2019-06-05 01:59:22,,7337906.16568486,0.0,0,,2024620112.6797826,0.0,0.0,294
