pairValue,buyBook,exchangeId,sellBook,updated,buyTotal,satoshiPrice,usdPrice,exchangeLogId,created,bestPair,sellTotalBtc,volume,pairPrice,activePairs,sellTotal,volumeBtc,buyTotalBtc,coinId
1,[],3,[],2019-01-24 01:55:09,98.195933541538,0.01229425999999999956358021080404796521179378032684326171875,0.000000435320075784,6482123,2019-01-24 01:55:09,btc,106.95900747469065,0.099139052022,0.01229425999999999956358021080404796521179378032684326171875,btc,13.327449453751,0.0,0.04100640495433577,1
1,[],4,[],2019-01-24 01:55:10,25082.32772389,0.01240874,0.00000043937362941600004,6482124,2019-01-24 01:55:10,btc,1.649927306175432,0.0,0.01240874,btc,126.26433877,0.64423799,1.2880598023476928,1
1,[],5,[],2019-01-24 01:55:12,0.19576748,0.01232201,0.000000436302658884,6482125,2019-01-24 01:55:12,btc,14578.4947812,0.05811137,0.01232201,btc,35555556.30071095,0.0,1.20933499,1
1,[],10,[],2019-01-24 01:55:13,269285.83337161,0.01245019,0.000000440841307596,6482126,2019-01-24 01:55:13,btc,6369.150184330301,867.2465144,0.01245019,btc,982.00364354,0.0,1.9901148988001378,1
1,[],12,[],2019-01-24 01:55:16,10377.83694377,0.01248999999999999936661776445134819368831813335418701171875,0.000000442250916,6482127,2019-01-24 01:55:16,btc,0.6272437007109,0.0,0.01248999999999999936661776445134819368831813335418701171875,btc,43.35613933,0.1304703941272,0.1853140954206,1
1,[],20,[],2019-01-24 01:55:18,1344.3693,0.010510001,0.00000037214231940840005,6482128,2019-01-24 01:55:18,btc,0.0746164438962,0.0,0.010510001,btc,3.5114,0.0,0.0888300480751,1
0.0000000003277389,[],21,[],2019-01-24 01:55:18,2210.64958782,0.00000000010192679790000001,0.00000000000000360906483076236,6482129,2019-01-24 01:55:18,eth,28.143157413251874,1959.45705185,0.310999999999999998667732370449812151491641998291015625,"btc,eth",2567.11024932,23.10772976,22.749601332795105,1
1,[],22,[],2019-01-24 01:55:22,0.0363776,0.01400000,0.0000004957176000000001,6482130,2019-01-24 01:55:22,BTC,0.312,0.0,0.01400000,BTC,0.031,0.0,0.00048472,1
0,[],2,[],2019-01-20 23:28:45,0.0,0,0,6477011,2019-01-20 23:28:45,,0.0,0.0,0,,0.0,0.0,0.0,1
1,[],24,[],2019-01-24 01:55:22,0.0,0.000000000000,0,6482131,2019-01-24 01:55:22,btc,0.0,0.0,0.000000000000,btc,0.0,0.0,0.0,1
1,[],25,[],2019-01-24 01:55:23,339.86840733,0.01250200,0.0000004426758168,6482132,2019-01-24 01:55:23,btc,18.08009999802244,474.55942656,0.01250200,btc,1412.036662,6.0467,4.119999999401655,1
1,[],28,[],2019-01-24 01:55:25,987.9,0.01131000,0.000000400469004,6482133,2019-01-24 01:55:25,btc,0.162839806,34201.2,0.01131000,btc,8.9,0.0,0.024551096,1
,[],26,[],2018-11-28 08:36:25,0.0,0.02269021,0.000000905623006625,5137884,2018-11-28 08:36:25,btc,0.0,2559.40051283,,btc,0.0,0.0,0.0,1
1,[],5,[],2019-01-24 02:41:18,1.616e-05,0.00000067,0.000000000023759674,6482157,2019-01-24 02:41:18,btc,0.17335346,0.02992009,0.00000067,btc,7.562e-05,0.0,0.50791005,2
1,[],22,[],2019-01-24 02:41:25,1254.625335862178,0.00000039,0.000000000013830258,6482158,2019-01-24 02:41:25,BTC,0.0231611,0.0,0.00000039,"BTC,XMR",14562.72385,0.0,0.00091682,2
1,[],5,[],2019-01-24 02:41:40,1.42e-06,0.00000017,0.000000000006028574,6482166,2019-01-24 02:41:40,btc,3.26754196,0.02582451,0.00000017,btc,2.267e-05,0.0,2.92967198,3
1,[],12,[],2019-01-24 02:41:42,11432319.2603943,0.000000168,0.0000000000059576496,6482167,2019-01-24 02:41:42,btc,921314.8826549669,0.0,0.000000168,btc,7996312.89877477,0.0231562222580974,0.528150590107145,3
0,[],28,[],2019-01-24 02:41:43,0.0,0,0,6482168,2019-01-24 02:41:43,,0.0,0.0,0,,0.0,0.0,0.0,3
1,[],4,[],2019-01-24 02:42:31,1045203.87876464,0.00000047,0.000000000016667234,6482187,2019-01-24 02:42:31,btc,0.4756489228562679,0.0,0.00000047,btc,322032.73528788,0.0016172,0.0622593758306344,4
0,[],2,[],2019-01-20 23:31:32,0.0,0,0,6477077,2019-01-20 23:31:32,,0.0,0.0,0,,0.0,0.0,0.0,4
1,[],12,[],2019-01-24 02:42:32,1212127.5219999999,0.00000002,0.000000000000709244,6482189,2019-01-24 02:42:32,btc,11013867.81819548,0.0,0.00000002,btc,976878.15654341,1.98e-06,0.01587509044,5
1,[],11,[],2019-01-24 02:42:42,3485283.5,0.00000002,0.000000000000709244,6482194,2019-01-24 02:42:42,btc,9432.241022779965,238000.0,0.00000002,btc,41267857.70959839,0.0,0.03575736,6
0,[],2,[],2019-01-20 23:31:51,0.0,0,0,6477087,2019-01-20 23:31:51,,0.0,0.0,0,,0.0,0.0,0.0,6
1,[],3,[],2019-01-24 02:42:48,1049.631568128516,0.00015050999999999999383500093319554480331134982407093048095703125,0.000000005337415721999999,6482197,2019-01-24 02:42:48,btc,30.108593419388622,0.0,0.00015050999999999999383500093319554480331134982407093048095703125,btc,231.077492617847,0.0,0.027978323718350753,7
1,[],4,[],2019-01-24 02:42:48,25115.12201154,0.00017202,0.000000006100207644,6482198,2019-01-24 02:42:48,btc,2.583186872011333,0.0,0.00017202,btc,13495.50046251,1.76138463,3.8374445781627395,7
1,[],5,[],2019-01-24 02:42:51,0.00534586,0.00017025,0.00000000603743955,6482199,2019-01-24 02:42:51,btc,1.28444913,0.17595216,0.00017025,btc,0.01148219,0.0,1.72104158,7
1,[],20,[],2019-01-24 02:43:00,61774165.6382,0.000000001,0.000000000000035462199999999996,6482202,2019-01-24 02:43:00,btc,121.1920033527386,7238828.4357,0.000000001,btc,25363671.9975,0.0124738294316,0.0617741656382,8
1,[],1,[],2019-01-24 02:43:08,964465.61,0.000001889999999999999903886019510246274677456312929280102252960205078125,0.00000000006702355799999999,6482207,2019-01-24 02:43:08,btc,2.0722146363,22936999.21,0.000001889999999999999903886019510246274677456312929280102252960205078125,btc,1072115.95,43.07933068,1.7873865385,9
1,[],4,[],2019-01-24 02:43:09,301417.65581012,0.00000189,0.000000000067023558,6482208,2019-01-24 02:43:09,btc,0.811602692563844,0.0,0.00000189,btc,405116.36819894,0.93735238,0.5146490246951742,9
1,[],28,[],2019-01-24 02:43:11,34500.0,0.00000165,0.00000000005851262999999999,6482209,2019-01-24 02:43:11,btc,2708.7525973402,7176584.0,0.00000165,btc,8331.02,0.0,0.02854,9
0,[],2,[],2019-01-20 23:22:42,0.0,0,0,6476876,2019-01-20 23:22:42,,0.0,0.0,0,,0.0,0.0,0.0,9
0,[],23,[],2019-01-20 23:22:48,0.0,0,0,6476878,2019-01-20 23:22:48,,0.0,0.0,0,,0.0,0.0,0.0,9
1,[],4,[],2019-01-24 02:43:24,5185061.01009386,0.00000002,0.000000000000709244,6482213,2019-01-24 02:43:24,btc,0.2155193129307594,0.0,0.00000002,btc,3899888.68768744,0.00603907,0.0555305647018772,10
1,[],4,[],2019-01-24 02:43:36,1902203.47874711,0.00000146,0.000000000051774812,6482220,2019-01-24 02:43:36,btc,1.1170143720123729,0.0,0.00000146,btc,724089.69113817,2.41974354,2.5755211608601583,12
1,[],5,[],2019-01-24 02:43:38,1.71e-05,0.00000144,0.000000000051065568,6482221,2019-01-24 02:43:38,btc,0.22786772,0.36734229,0.00000144,btc,0.00011237,0.0,0.15300142,12
0,[],2,[],2019-01-20 23:23:08,0.0,0,0,6476890,2019-01-20 23:23:08,,0.0,0.0,0,,0.0,0.0,0.0,12
,[],25,[],2019-01-11 15:39:35,0.0,0,0,6366164,2019-01-11 15:39:35,,0.0,0.0,,btc,0.0,0.0,0.0,12
1,[],4,[],2019-01-24 02:47:00,285879.49651624,0.00000668,0.000000000236887496,6482306,2019-01-24 02:47:00,btc,0.2236599704872903,0.0,0.00000668,btc,30942.33845179,0.92002681,1.2370641436338525,13
1,[],21,[],2019-01-24 02:47:03,1812581.43012141,0.0000068299999999999998285724576996269519213456078432500362396240234375,0.000000000242206826,6482307,2019-01-24 02:47:03,btc,6.2725043115928285,633495.34745308,0.0000068299999999999998285724576996269519213456078432500362396240234375,btc,815701.56773283,4.43386271,7.065030647815839,13
1,[],10,[],2019-01-24 01:45:14,619745.95168513,0.00000693,0.000000000245731563,6481888,2019-01-24 01:45:14,btc,666784.4395217119,6564.73163858,0.00000693,btc,829026.24239211,0.0,0.868394362593164,13
1,[],4,[],2019-01-24 02:43:51,734689.94053967,0.00000194,0.000000000068796668,6482229,2019-01-24 02:43:51,btc,0.2027605141647477,0.0,0.00000194,btc,82274.66939739,0.09606868,0.1905479328070822,14
1,[],12,[],2019-01-24 02:43:52,88770.17862033,0.0000019499999999999999646983772638719756287173368036746978759765625,0.00000000006915129,6482230,2019-01-24 02:43:52,btc,1.7805334953930423,0.0,0.0000019499999999999999646983772638719756287173368036746978759765625,btc,35486.9101839,0.0,0.0218884929335821,14
0,[],17,[],2019-01-24 02:43:54,0.0,0,0,6482231,2019-01-24 02:43:54,btc,0.0,0.0,0,btc,0.0,0.0,0.0,14
1,[],26,[],2019-01-24 02:43:54,0.0,0.00000020,0.00000000000709244,6482232,2019-01-24 02:43:54,btc,0.0,0.0,0.00000020,btc,0.0,0.0,0.0,14
,[],12,[],2018-12-01 15:15:48,204241.84496,0.00000489,0.000000000202473384,5260204,2018-12-01 15:15:48,btc,49.5475654835,0.0,,btc,35763.2193806,0.0163153972027625,0.0203389899998,15
0,[],4,[],2019-01-24 01:55:36,0.0,0,0,6482142,2019-01-24 01:55:36,,0.0,0.0,0,,0.0,0.0,0.0,15
1,[],4,[],2019-01-24 02:44:01,31841.60634088,0.00001754,0.0000000006220069879999999,6482235,2019-01-24 02:44:01,btc,1.3245942303706812,0.0,0.00001754,btc,12543.79939297,0.04710967,0.1755477528303774,18
1,[],10,[],2019-01-24 02:44:03,390805.08333851,0.00001796,0.000000000636901112,6482236,2019-01-24 02:44:03,btc,15.550177441597834,2381.83823588,0.00001796,btc,10293.3055702,0.0,0.1952847530194596,18
1,[],12,[],2019-01-24 02:44:04,200167.95946697998,0.0000173900000000000012141850025404465895917383022606372833251953125,0.000000000616687658,6482237,2019-01-24 02:44:04,btc,0.4593129394836766,0.0,0.0000173900000000000012141850025404465895917383022606372833251953125,btc,2064.65977383,0.0018301251740895,0.017027473250062,18
0,[],17,[],2019-01-24 02:44:05,0.0,0,0,6482238,2019-01-24 02:44:05,btc,0.0,0.0,0,btc,0.0,0.0,0.0,18
0,[],2,[],2019-01-20 23:23:38,0.0,0,0,6476906,2019-01-20 23:23:38,,0.0,0.0,0,,0.0,0.0,0.0,18
1,[],3,[],2019-01-24 02:44:36,108483.6355456357,0.0000397999999999999984107330874838481804545153863728046417236328125,0.00000000141139556,6482251,2019-01-24 02:44:36,btc,1.311142888821322,3.68907282877,0.0000397999999999999984107330874838481804545153863728046417236328125,btc,8541.441022191411,0.0,0.1058848505656057,19
1,[],4,[],2019-01-24 02:44:36,71901.64696655,0.00004040,0.00000000143267288,6482252,2019-01-24 02:44:36,btc,2.2863955456686553,0.0,0.00004040,btc,48747.16784958,0.65869234,1.6324930407844247,19
1,[],5,[],2019-01-24 02:44:38,0.00036584,0.00003500,0.000000001241177,6482253,2019-01-24 02:44:38,btc,0.30993724,0.00016296,0.00003500,btc,0.0034796,0.0,0.19483889,19
1,[],12,[],2019-01-24 02:44:39,129234.85015659,0.0000415200000000000022716030445568691220614709891378879547119140625,0.000000001472390544,6482254,2019-01-24 02:44:39,btc,1.9910444362704292,0.0,0.0000415200000000000022716030445568691220614709891378879547119140625,btc,400.27457877,0.00012414,0.0384123000000509,19
0,[],27,[],2019-01-24 02:44:40,0.0,0,0,6482255,2019-01-24 02:44:40,,0.0,0.0,0,btc,0.0,0.0,0.0,19
0,[],2,[],2019-01-20 23:24:19,0.0,0,0,6476924,2019-01-20 23:24:19,,0.0,0.0,0,,0.0,0.0,0.0,19
1,[],4,[],2019-01-24 02:45:39,8613476.27733589,0.00000015,0.00000000000531933,6482271,2019-01-24 02:45:39,btc,0.7553749448895439,0.0,0.00000015,btc,1439644.06953057,0.0001996,0.4198561676657917,20
1,[],4,[],2019-01-24 02:45:53,124131098.85101596,0.00000002,0.000000000000709244,6482277,2019-01-24 02:45:53,btc,0.837721162207017,0.0,0.00000002,btc,19219641.38947873,0.22470798,1.5256646710701596,21
1,[],12,[],2019-01-24 02:45:54,20229532.0,0.00000003,0.000000000001063866,6482278,2019-01-24 02:45:54,btc,668.0234597689523,0.0,0.00000003,btc,7859930.8441585805,0.0330748351648351,0.2775359,21
0,[],17,[],2019-01-24 02:45:56,0.0,0,0,6482279,2019-01-24 02:45:56,btc,0.0,0.0,0,btc,0.0,0.0,0.0,21
1,[],12,[],2019-01-24 02:46:14,4558663813.531896,0.0000000001,0.00000000000000354622,6482287,2019-01-24 02:46:14,btc,621663601970.8264,0.0,0.0000000001,btc,6325113884.854377,0.013193337204795203,0.4558663813531896,23
0,[],27,[],2019-01-24 02:46:15,0.0,0,0,6482288,2019-01-24 02:46:15,,0.424699,0.0,0,eth,424699.0,0.0,0.0,23
,[],25,[],2019-01-11 15:42:09,0.0,0,0,6366241,2019-01-11 15:42:09,,0.0,0.0,,btc,0.0,0.0,0.0,24
1,[],4,[],2019-01-24 02:46:38,2213025.07782268,0.00000085,0.00000000003014287,6482291,2019-01-24 02:46:38,btc,0.1556844936794788,0.0,0.00000085,btc,111704.01663459,0.0147504,0.433555941197156,24
1,[],22,[],2019-01-24 02:46:41,11.76,0.00000100,0.000000000035462199999999996,6482292,2019-01-24 02:46:41,BTC,7.415e-05,0.0,0.00000100,BTC,23.919354838709676,0.0,1.176e-05,24
1,[],4,[],2019-01-24 02:46:51,29624975.03797548,0.00000764,0.000000000270931208,6482299,2019-01-24 02:46:51,btc,0.4153232608983112,0.0,0.00000764,btc,31683.75336384,0.12755062,0.5293810650740928,26
1,[],10,[],2019-01-24 02:46:53,734094.75493527,0.00000769,0.00000000027270431799999997,6482300,2019-01-24 02:46:53,btc,27.97425691860194,0.0,0.00000769,btc,12525.42087038,0.0,0.2220622173992068,26
0,[],2,[],2019-01-20 23:25:56,0.0,0,0,6476976,2019-01-20 23:25:56,,0.0,0.0,0,,0.0,0.0,0.0,26
1,[],3,[],2019-01-24 02:46:54,7640871.32908122,0.00000001,0.000000000000354622,6482301,2019-01-24 02:46:54,btc,3.0764246738985133,32526.5,0.00000001,btc,17598239.94494621,0.0,0.0764087132908122,27
1,[],5,[],2019-01-24 02:46:56,1e-08,0.00000001,0.000000000000354622,6482302,2019-01-24 02:46:56,btc,2.62189326,3.848e-05,0.00000001,btc,4.332e-05,0.0,0.01079372,27
1,[],11,[],2019-01-24 02:46:58,10597882.41182718,0.00000005,0.00000000000177311,6482303,2019-01-24 02:46:58,btc,370.5327807235078,1000.0,0.00000005,btc,8221470.80991447,0.0,0.4932896594767663,27
1,[],4,[],2019-01-24 02:46:59,278545498.46920294,0.00000004,0.000000000001418488,6482304,2019-01-24 02:46:59,btc,2.925142319615812,0.0,0.00000004,"btc,ltc",93198509.84236383,3.51663234,3.227594885541587,29
1,[],7,[],2019-01-24 02:47:00,35999768.9786329,0.00000003,0.000000000001063866,6482305,2019-01-24 02:47:00,btc,44465218.1258036,180184.563057,0.00000003,btc,39203450.17082732,0.00541803,0.6564244169750236,29
1,[],4,[],2019-01-24 01:54:57,1301541.47066827,0.00000042,0.000000000014871528,6482113,2019-01-24 01:54:57,btc,0.4060256871483627,0.0,0.00000042,btc,543155.45340365,0.05799298,0.0817306660340684,30
0,[],17,[],2019-01-24 01:54:59,0.0,0,0,6482114,2019-01-24 01:54:59,btc,0.0,0.0,0,btc,0.0,0.0,0.0,30
1,[],4,[],2019-01-24 01:55:07,43687.08437533,0.00009920,0.00000000351251328,6482120,2019-01-24 01:55:07,btc,0.9738910757216277,0.0,0.00009920,btc,8488.00194081,3.21593667,3.361032849828453,31
1,[],21,[],2019-01-24 01:55:08,40301.945516,0.000098919999999999994803705216650513420972856692969799041748046875,0.000000003502598928,6482121,2019-01-24 01:55:08,btc,11.683189653336948,808784.83173274,0.000098919999999999994803705216650513420972856692969799041748046875,btc,106027.63327722,84.70579214,3.807086571309052,31
0,[],2,[],2019-01-20 23:28:43,0.0,0,0,6477009,2019-01-20 23:28:43,,0.0,0.0,0,,0.0,0.0,0.0,32
1,[],4,[],2019-01-24 01:55:37,131824877.73306055,0.00000006,0.000000000002124504,6482143,2019-01-24 01:55:37,btc,0.3181868379166019,0.0,0.00000006,"btc,ltc",9627512.03693292,1.47020136,2.066435214385218,33
1,[],12,[],2019-01-24 01:55:38,21863138.0,0.00000006,0.000000000002124504,6482144,2019-01-24 01:55:38,btc,17261785.04644555,0.0,0.00000006,btc,86687271.49450538,0.0207472846153848,0.85614071,33
1,[],4,[],2019-01-24 01:55:40,118759336.86223741,0.00000002,0.0000000000007081680000000001,6482145,2019-01-24 01:55:40,btc,0.8068279707830011,0.0,0.00000002,btc,26608343.38828351,0.02453484,1.2059430012311023,34
1,[],5,[],2019-01-24 01:55:42,3e-08,0.00000002,0.0000000000007081680000000001,6482146,2019-01-24 01:55:42,btc,3.13354219,0.0056294,0.00000002,btc,1.394e-05,0.0,0.80982796,34
0.00000000008900109999999999,[],4,[],2019-01-24 02:45:31,2839100064.2375655,3.560044e-18,1.2624699233679999e-22,6482267,2019-01-24 02:45:31,ltc,4.255813518568712e-09,0.0,0.00000004,ltc,815470629.265728,0.0,6.835822654422658e-09,36
1,[],5,[],2019-01-24 02:45:33,0.0,0,0,6482268,2019-01-24 02:45:33,btc,202.42234384,0.0,0,btc,1.295e-05,0.0,0.0,36
0,[],17,[],2019-01-24 02:45:35,0.0,0,0,6482269,2019-01-24 02:45:35,btc,0.08210904498563712,0.0,0,btc,5843697.91583647,0.0,0.0,36
0.00000000008900109999999999,[],27,[],2019-01-24 02:45:37,1000000.0,8.90011e-19,3.1561748084199997e-23,6482270,2019-01-24 02:45:37,ltc,448.55669329,0.0,0.00000001,"ltc,eth",3581972.58,0.0,8.900109999999999e-13,36
1,[],4,[],2019-01-24 02:44:56,473959.15889242,0.00000146,0.000000000051774812,6482262,2019-01-24 02:44:56,btc,0.435038016504436,0.0,0.00000146,btc,228884.12336056,0.03494729,0.442650435353965,37
1,[],12,[],2019-01-24 02:44:58,488400.57042241,0.00000146999999999999990171598886201653755279039614833891391754150390625,0.000000000052129433999999995,6482263,2019-01-24 02:44:58,btc,1330.9149485644975,0.0,0.00000146999999999999990171598886201653755279039614833891391754150390625,btc,762919.03276622,0.1127491837893578,0.3336791903936997,37
1,[],17,[],2019-01-24 02:44:59,1752.74075282,0.00000025,0.000000000008865549999999999,6482264,2019-01-24 02:44:59,btc,0.055487313975333234,0.0,0.00000025,btc,1388.79251806,0.0,0.00043818518820499993,37
0,[],27,[],2019-01-24 02:45:01,0.0,0,0,6482265,2019-01-24 02:45:01,,0.0,0.0,0,btc,0.0,0.0,0.0,37
1,[],5,[],2019-01-24 02:41:56,1.318e-05,0.00000102,0.000000000036171443999999996,6482173,2019-01-24 02:41:56,btc,0.10887311,0.0807525,0.00000102,btc,0.00011659,0.0,0.03969759,42
1,[],12,[],2019-01-24 02:41:57,84855.79491445,0.000001250000000000000102253817392539136932327892282046377658843994140625,0.000000000044327750000000004,6482174,2019-01-24 02:41:57,btc,108.83337552608093,0.0,0.000001250000000000000102253817392539136932327892282046377658843994140625,btc,37207.47517263,0.0354307190276142,0.032313937114136895,42
0,[],27,[],2019-01-24 02:41:59,0.0,0,0,6482175,2019-01-24 02:41:59,,0.00315028,0.0,0,"btc,eth",11.007,0.0,0.0,42
1,[],5,[],2019-01-24 02:43:05,3e-08,0.00000002,0.000000000000709244,6482204,2019-01-24 02:43:05,btc,5.73994143,0.09573028,0.00000002,btc,1.425e-05,0.0,0.47225369,43
1,[],12,[],2019-01-24 02:43:06,8221008.0,0.00000001,0.000000000000354622,6482205,2019-01-24 02:43:06,btc,20007433.128675573,0.0,0.00000001,btc,38551715.38601398,3.396603398e-07,0.08221008,43
0,[],17,[],2019-01-24 02:43:08,0.0,0,0,6482206,2019-01-24 02:43:08,btc,0.0,0.0,0,btc,0.0,0.0,0.0,43
1,[],12,[],2019-01-24 02:42:14,873424.0,0.00000007,0.000000000002482354,6482180,2019-01-24 02:42:14,btc,11114760.533252945,0.0,0.00000007,btc,956280.37320198,7.28e-05,0.02636787,44
1,[],4,[],2019-01-24 02:41:47,239703620.41198686,0.00000003,0.000000000001063866,6482170,2019-01-24 02:41:47,btc,0.23758708250773777,0.0,0.00000003,"btc,ltc",6435680.2710521,0.00072978,0.6172486735853138,49
0.00000000008900109999999999,[],4,[],2019-01-24 02:47:24,3682473714.40961,1.780022e-18,6.312349616839999e-23,6482320,2019-01-24 02:47:24,ltc,5.044116687844476,0.0,0.00000002,ltc,1562481478.0622854,0.0,3.813084376883287e-09,52
0,[],22,[],2019-01-24 02:47:06,0.0,0,0,6482308,2019-01-24 02:47:06,,3707.88113808,0.0,0,,261065328.40932402,0.0,0.0,57
0,[],27,[],2019-01-24 02:47:08,0.0,0,0,6482309,2019-01-24 02:47:08,,0.0,0.0,0,"btc,eth",0.0,0.0,0.0,57
0.00000000008900109999999999,[],4,[],2019-01-24 02:41:32,1688465262.4553072,5.3400659999999995e-18,1.8937048850519997e-22,6482162,2019-01-24 02:41:32,ltc,3.4465671299841953,0.0,0.00000006,ltc,860588533.4433978,0.00089475,7.399916866748249e-09,58
1,[],12,[],2019-01-24 02:41:33,2539654101.327952,0.0000000006,0.000000000000021277319999999998,6482163,2019-01-24 02:41:33,btc,123038816824.1242,0.0,0.0000000006,btc,3107124278.214885,0.230015128574689,1.0070195178915362,58
0,[],17,[],2019-01-24 02:41:35,0.0,0,0,6482164,2019-01-24 02:41:35,btc,1e+24,0.0,0,btc,41616695.958325684,0.0,0.0,58
0.000000000125043,[],22,[],2019-01-24 02:41:38,137438.0,1.2504299999999999e-18,4.4342998746e-23,6482165,2019-01-24 02:41:38,XMR,69.8835922,0.0,0.00000001,XMR,9887963.0,0.0,0.00137438,58
1,[],5,[],2019-01-24 02:45:59,3.21e-06,0.00000041,0.000000000014539501999999999,6482281,2019-01-24 02:45:59,btc,0.4733239,0.03036466,0.00000041,btc,0.0001341,0.0,0.05542839,61
1,[],22,[],2019-01-24 02:46:04,5111.5,0.00000011,0.000000000003900842,6482282,2019-01-24 02:46:04,BTC,1002.29606732,0.0,0.00000011,BTC,15028.700278135757,0.0,0.00051178,61
1,[],26,[],2019-01-24 02:46:04,0.0,0.00000800,0.00000000028369759999999997,6482283,2019-01-24 02:46:04,btc,0.0,0.0,0.00000800,btc,0.0,0.0,0.0,61
0,[],27,[],2019-01-24 02:46:06,0.0,0,0,6482284,2019-01-24 02:46:06,,0.0,0.0,0,"btc,eth",0.0,0.0,0.0,61
1,[],28,[],2019-01-24 02:46:08,1880.304,0.00000022,0.000000000007801684,6482285,2019-01-24 02:46:08,btc,2.065678837430106,1456.0,0.00000022,btc,11618.08240005,0.0,0.00016391304,61
,[],25,[],2019-01-11 15:43:02,0.0,0,0,6366273,2019-01-11 15:43:02,,0.0,0.0,,btc,0.0,0.0,0.0,67
1,[],4,[],2019-01-24 02:47:19,1250977.66135813,0.00000187,0.000000000066314314,6482318,2019-01-24 02:47:19,btc,0.6066823155760892,0.0,0.00000187,btc,187260.31100995,0.08137109,0.8664064821410182,67
1,[],12,[],2019-01-24 02:44:34,2853162.0,0.00000008,0.000000000002836976,6482249,2019-01-24 02:44:34,btc,16893773.05292382,0.0,0.00000008,btc,2172117.13746249,0.0190220678621397,0.07618613,71
,[],5,[],2018-11-20 23:02:39,1.5e-07,0.00000005,0.000000000002128045,4862160,2018-11-20 23:02:39,btc,2.84511358,0.0,,btc,0.00036572,0.0,0.07381892,74
1,[],5,[],2019-01-24 02:42:34,3.421e-05,0.00000156,0.000000000055321032,6482190,2019-01-24 02:42:34,btc,1.43011192,0.0,0.00000156,btc,0.0001585,0.0,0.50003041,75
1,[],4,[],2019-01-24 02:43:44,64421539.78469478,0.00000001,0.000000000000354622,6482224,2019-01-24 02:43:44,btc,0.7486706825842339,0.0,0.00000001,btc,13906829.86456505,0.0,0.6442153978469478,81
0,[],20,[],2019-01-24 02:43:46,0.0,0,0,6482225,2019-01-24 02:43:46,btc,0.0,0.0,0,btc,0.0,0.0,0.0,81
1,[],4,[],2019-01-24 02:40:39,24044.91212553,0.00007805,0.0000000027678247099999997,6482150,2019-01-24 02:40:39,btc,1.2476367388491705,0.0,0.00007805,btc,11012.40470202,0.15350843,0.1068992648584209,82
1,[],21,[],2019-01-24 02:40:39,69469.65444424,0.0000817600000000000032458757903697232904960401356220245361328125,0.000000002899389472,6482151,2019-01-24 02:40:39,btc,2.731520840193805,15219.50788636,0.0000817600000000000032458757903697232904960401356220245361328125,btc,29173.29586745,1.2581797,4.786575831535752,82
0,[],17,[],2019-01-24 02:44:00,0.0,0,0,6482234,2019-01-24 02:44:00,btc,0.0447233088476774,0.0,0,btc,999127.19588126,0.0,0.0,84
0.00000000008900109999999999,[],4,[],2019-01-24 02:46:46,468238267.19461733,1.1570142999999999e-17,4.103027250946e-22,6482296,2019-01-24 02:46:46,ltc,0.19754182499588774,0.0,0.00000013,ltc,74144115.22277421,0.0,1.5548378993380821e-09,85
,[],22,[],2018-11-20 23:09:34,3408.1,0.0000001,0.0000000000041895,4862324,2018-11-20 23:09:34,BTC,0.04624735,0.0,,BTC,4990.0,0.0,0.00033081,86
0,[],22,[],2019-01-24 02:46:49,0.0,0,0,6482297,2019-01-24 02:46:49,,2.07810912,0.0,0,,154826.94736842104,0.0,0.0,87
0,[],27,[],2019-01-24 02:46:51,0.0,0,0,6482298,2019-01-24 02:46:51,,0.0,0.0,0,btc,0.0,0.0,0.0,87
,[],2,[],2018-11-20 23:10:47,0.0,0,0,4862359,2018-11-20 23:10:47,,0.0,0.0,,,0.0,0.0,0.0,88
1,[],11,[],2019-01-24 02:41:31,104988.71321244,0.00021500999999999998953982560667697043754742480814456939697265625,0.000000007624727622,6482161,2019-01-24 02:41:31,btc,234.46428435539383,36.1,0.00021500999999999998953982560667697043754742480814456939697265625,btc,180157.19078078,0.0,8.732491081742209,89
1,[],12,[],2019-01-24 02:42:36,269398.32675885997,0.00000137999999999999991637657063836552850943917292170226573944091796875,0.00000000004893783599999999,6482191,2019-01-24 02:42:36,btc,1.1127319488182308,0.0,0.00000137999999999999991637657063836552850943917292170226573944091796875,btc,2909.31851102,0.0074854868772961,0.0926971489999656,91
0,[],17,[],2019-01-24 02:42:37,0.0,0,0,6482192,2019-01-24 02:42:37,btc,0.0,0.0,0,btc,0.0,0.0,0.0,91
0,[],2,[],2019-01-20 23:31:45,0.0,0,0,6477083,2019-01-20 23:31:45,,0.0,0.0,0,,0.0,0.0,0.0,91
0.00000000008900109999999999,[],22,[],2019-01-24 02:45:44,48026955.0,4.4500549999999995e-18,1.5780874042099998e-22,6482272,2019-01-24 02:45:44,LTC,5.85724591,0.0,0.00000005,LTC,58637735.1,2.24186650812e-12,1.39070865,95
1,[],4,[],2019-01-24 02:43:47,140868816.6894671,0.00000001,0.000000000000354622,6482226,2019-01-24 02:43:47,btc,1.4045313172316876,0.0,0.00000001,"btc,ltc",68473095.76519114,0.00047295,0.07693072039390324,96
1,[],12,[],2019-01-24 02:43:49,1212416.0,0.00000001,0.000000000000354622,6482227,2019-01-24 02:43:49,btc,255059.2635896603,0.0,0.00000001,btc,7846613.56674301,1.151e-05,0.01212416,96
0,[],17,[],2019-01-24 02:43:50,0.0,0,0,6482228,2019-01-24 02:43:50,btc,0.0,0.0,0,btc,0.0,0.0,0.0,96
1,[],4,[],2019-01-24 02:45:56,1578653.14912319,0.00000041,0.000000000014539501999999999,6482280,2019-01-24 02:45:56,btc,0.3124088159561456,0.0,0.00000041,btc,484478.68633221,0.01052439,0.1740141292814931,99
1,[],4,[],2019-01-24 02:44:12,146417.48770604,0.00004226,0.000000001498632572,6482242,2019-01-24 02:44:12,btc,1.5690686160134248,0.0,0.00004226,btc,31170.88296347,1.2052985,3.516063621240548,100
0,[],2,[],2019-01-20 23:23:55,0.0,0,0,6476914,2019-01-20 23:23:55,,0.0,0.0,0,,0.0,0.0,0.0,100
1,[],22,[],2019-01-24 02:44:11,50000.0,0.00000001,0.000000000000354622,6482240,2019-01-24 02:44:11,BTC,23.49896609,0.0,0.00000001,BTC,10277.22,0.0,0.0005,101
1,[],4,[],2019-01-24 02:47:54,125592.06976241,0.00000106,0.000000000037589931999999996,6482343,2019-01-24 02:47:54,btc,0.3949066153225293,0.0,0.00000106,btc,141110.87074901,0.01604531,0.0617250830915173,103
1,[],12,[],2019-01-24 02:41:27,95801436.24669921,0.000000016,0.0000000000005673952,6482159,2019-01-24 02:41:27,btc,9137281665.361832,0.0,0.000000016,btc,147044829.69929704,0.06341129827487688,0.5761987137004881,105
1,[],27,[],2019-01-24 02:41:28,261901.0,0.00000006,0.000000000002127732,6482160,2019-01-24 02:41:28,btc,0.0720402019,0.0,0.00000006,btc,580.038,0.0,0.01014994,105
0,[],22,[],2019-01-24 02:45:47,0.0,0,0,6482273,2019-01-24 02:45:47,,1.07253299,0.0,0,,94300.0,0.0,0.0,107
1,[],26,[],2019-01-24 02:45:47,0.0,0.00000000,0,6482274,2019-01-24 02:45:47,btc,0.0,0.0,0.00000000,btc,0.0,0.0,0.0,107
1,[],5,[],2019-01-24 02:44:47,1e-08,0.00000001,0.000000000000354622,6482258,2019-01-24 02:44:47,btc,5.9858607,0.0021197,0.00000001,btc,1.512e-05,0.0,0.02443779,112
1,[],22,[],2019-01-24 02:44:50,1966.0,0.00000001,0.000000000000354622,6482259,2019-01-24 02:44:50,BTC,2.85046692,0.0,0.00000001,BTC,1092967.0833333333,0.0,1.966e-05,112
0,[],27,[],2019-01-24 02:44:52,0.0,0,0,6482260,2019-01-24 02:44:52,,1.25125,0.0,0,"btc,eth",79.0,0.0,0.0,112
1,[],4,[],2019-01-24 02:41:49,467224.5478738,0.00000427,0.000000000151423594,6482171,2019-01-24 02:41:49,btc,0.4109775767065995,0.0,0.00000427,btc,67546.65893519,0.38472475,0.4912169329415098,113
1,[],5,[],2019-01-24 02:41:50,2.791e-05,0.00000403,0.000000000142912666,6482172,2019-01-24 02:41:50,btc,2.36350768,0.00360813,0.00000403,btc,0.00361559,0.0,0.26310011,113
1,[],17,[],2019-01-24 02:43:33,233369.0,0.00000004,0.000000000001418488,6482218,2019-01-24 02:43:33,btc,1.3376290576013292,0.0,0.00000004,btc,72546.975,0.0,0.00543476,116
0,[],27,[],2019-01-24 02:43:35,0.0,0,0,6482219,2019-01-24 02:43:35,,0.0,0.0,0,btc,0.0,0.0,0.0,116
1,[],4,[],2019-01-24 02:43:22,89855.72876068,0.00002165,0.0000000007677566299999999,6482211,2019-01-24 02:43:22,btc,0.5979072828625971,0.0,0.00002165,btc,19368.32375848,0.8910258,1.2208074201809063,120
1,[],7,[],2019-01-24 02:43:23,22600.100435289998,0.00001503000000000000009278168511261952744462178088724613189697265625,0.000000000532996866,6482212,2019-01-24 02:43:23,btc,124.94137880194212,361.5293694,0.00001503000000000000009278168511261952744462178088724613189697265625,btc,23782.6553421,0.00859291,0.1775152495979605,120
1,[],20,[],2019-01-24 02:43:31,1215767.5588,0.000000013,0.0000000000004610086,6482217,2019-01-24 02:43:31,btc,31.5508068693966,389.85,0.000000013,btc,1105519.8058,5.06805e-06,0.0068489678606,125
1,[],22,[],2019-01-24 02:42:13,3053.0,0.00000001,0.000000000000354622,6482179,2019-01-24 02:42:13,BTC,0.01415863,0.0,0.00000001,BTC,293039.4,3.198e-05,3.053e-05,126
0,[],22,[],2019-01-24 02:46:19,0.0,0,0,6482289,2019-01-24 02:46:19,,3.30709612,0.0,0,,19391.67229247642,0.0,0.0,130
1,[],4,[],2019-01-24 02:46:43,85335.76188036,0.00001585,0.00000000056207587,6482293,2019-01-24 02:46:43,btc,0.569373105707492,0.0,0.00001585,btc,28977.97521807,0.14418277,0.504885458961181,131
0,[],17,[],2019-01-24 02:46:44,0.0,0,0,6482294,2019-01-24 02:46:44,btc,0.0008451375975800001,0.0,0,btc,30.89614684,0.0,0.0,131
0,[],2,[],2019-01-20 23:25:46,0.0,0,0,6476969,2019-01-20 23:25:46,,0.0,0.0,0,,0.0,0.0,0.0,131
1,[],4,[],2019-01-24 02:47:37,4563.542512,0.00019531,0.000000006926122281999999,6482331,2019-01-24 02:47:37,btc,1.6269232683341472,0.0,0.00019531,btc,206.10257325,0.0,0.0099067016610031,135
1,[],3,[],2019-01-24 02:44:41,187326.86685176,0.00000003,0.000000000001063866,6482256,2019-01-24 02:44:41,btc,0.2481695918751273,32496.25,0.00000003,btc,1275781.69793913,0.0,0.0034596573370351,136
1,[],4,[],2019-01-24 02:41:13,97187.57575563,0.00000183,0.000000000064895826,6482155,2019-01-24 02:41:13,btc,0.4848907383535994,0.0,0.00000183,btc,187900.11664107,0.08359022,0.1193822402214939,137
1,[],12,[],2019-01-24 02:41:14,303154.75324676,0.000001870000000000000095373470405946125794116596807725727558135986328125,0.000000000066314314,6482156,2019-01-24 02:41:14,btc,11798.823110910607,0.0,0.000001870000000000000095373470405946125794116596807725727558135986328125,btc,133375.08079908,0.082297422851203,0.0321867300000104,137
1,[],5,[],2019-01-24 02:42:20,0.00106279,0.00002938,0.000000001041879436,6482182,2019-01-24 02:42:20,btc,5.73515417,0.6490376,0.00002938,btc,0.0018636,0.0,1.38802221,142
1,[],17,[],2019-01-24 02:42:21,12500.0,0.0000001,0.00000000000354622,6482183,2019-01-24 02:42:21,btc,0.5782815519541443,0.0,0.0000001,btc,4834.207754,0.0,0.00125,142
1,[],20,[],2019-01-24 02:42:23,152911.3297,0.00002502,0.0000000008872642439999999,6482184,2019-01-24 02:42:23,btc,2.5057686606,120.1271,0.00002502,btc,5122.8931,0.0038780859993,0.1971377546538,142
1,[],22,[],2019-01-24 02:42:27,990.0,0.00001880,0.0000000006666893599999999,6482185,2019-01-24 02:42:27,BTC,0.00152287,0.0,0.00001880,BTC,15.055608820709493,6.551e-05,0.00022106,142
1,[],28,[],2019-01-24 02:42:30,78430.0,0.00002000,0.000000000709244,6482186,2019-01-24 02:42:30,btc,0.05152625387,92532.0,0.00002000,btc,1349.7234,0.0,0.0242247,142
,[],25,[],2019-01-11 15:38:27,0.0,0,0,6366122,2019-01-11 15:38:27,,0.0,0.0,,btc,0.0,0.0,0.0,142
0,[],22,[],2019-01-24 02:47:23,0.0,0,0,6482319,2019-01-24 02:47:23,,54.93330297,0.0,0,,667563265.8,0.0,0.0,143
1,[],21,[],2019-01-24 02:47:34,46786203.8840306,0.0000003,0.000000000010638659999999999,6482328,2019-01-24 02:47:34,btc,34.972547759258404,31039305.46046054,0.0000003,btc,66862539.11369638,9.59834336,8.502102285885792,145
0,[],22,[],2019-01-24 02:42:54,0.0,0,0,6482200,2019-01-24 02:42:54,,2.39270934,0.0,0,,786514.0,0.0,0.0,146
,[],22,[],2018-11-20 23:01:11,0.0,0,0,4862114,2018-11-20 23:01:11,,2.56807021,0.0,,,61828.4988236,0.0,0.0,147
1,[],12,[],2019-01-24 02:47:25,8696372.79165366,0.000003870000000000000216627930871293727932425099425017833709716796875,0.000000000137238714,6482321,2019-01-24 02:47:25,btc,17.07812275753692,0.0,0.000003870000000000000216627930871293727932425099425017833709716796875,btc,111504.34227441,0.0029505429498764,0.1110333363612101,148
1,[],4,[],2019-01-24 02:48:01,113744.61220942,0.00000041,0.000000000014539501999999999,6482347,2019-01-24 02:48:01,btc,0.696510137123281,0.0,0.00000041,btc,522239.78263584,0.00171599,0.0320220905155112,152
0,[],22,[],2019-01-24 02:48:04,0.0,0,0,6482348,2019-01-24 02:48:04,,0.0,0.0,0,,0.0,0.0,0.0,152
1,[],5,[],2019-01-24 02:44:55,0.0,0,0,6482261,2019-01-24 02:44:55,btc,4.32752783,1.001e-05,0,btc,0.00161275,0.0,0.0,153
,[],16,[],2019-01-11 15:38:59,0.0,0,0,6366141,2019-01-11 15:38:59,btc,0.0,0.0,,btc,0.0,0.0,0.0,155
0,[],22,[],2019-01-24 02:44:44,0.0,0,0,6482257,2019-01-24 02:44:44,,6.78848922,0.0,0,,4237721.742592593,0.0,0.0,156
0,[],23,[],2019-01-20 23:24:29,0.0,0,0,6476932,2019-01-20 23:24:29,,0.0,0.0,0,,0.0,0.0,0.0,156
1,[],22,[],2019-01-24 02:46:12,7906.0,0.00000801,0.00000000028405222199999997,6482286,2019-01-24 02:46:12,BTC,43.81543407,0.0,0.00000801,BTC,1572.3690079421112,0.0,0.00743836,157
0,[],22,[],2019-01-24 02:43:20,0.0,0,0,6482210,2019-01-24 02:43:20,,50175.67300261,0.0,0,,53770788.04179466,0.0,0.0,158
,[],17,[],2018-11-20 22:56:10,0.0,0,0,4861976,2018-11-20 22:56:10,btc,1.1265625,0.0,,btc,1000.0,0.0,0.0,159
,[],20,[],2018-11-20 22:56:12,0.0,0,0,4861977,2018-11-20 22:56:12,btc,11912.7940471,0.0,,btc,34413894.3617,0.0,0.0,159
1,[],12,[],2019-01-24 02:44:17,185281.91626983,0.0000101699999999999991903872065268643609670107252895832061767578125,0.00000000036065057399999997,6482245,2019-01-24 02:44:17,btc,6.655271020043045,0.0,0.0000101699999999999991903872065268643609670107252895832061767578125,btc,14194.51236569,0.0047406323752939,0.1073531893744073,168
1,[],17,[],2019-01-24 02:44:18,29784.95,0.000001,0.000000000035462199999999996,6482246,2019-01-24 02:44:18,btc,0.0353989844335,0.0,0.000001,btc,196.82520268,0.0,0.00716147,168
0,[],22,[],2019-01-24 02:44:08,0.0,0,0,6482239,2019-01-24 02:44:08,,1.13392792,0.0,0,,692360.5537281231,0.0,0.0,169
1,[],22,[],2019-01-24 02:42:57,54963.555555555555,0.0000003,0.00000000001063866,6482201,2019-01-24 02:42:57,BTC,2.75403855,0.0,0.0000003,BTC,67328.81207749767,0.0007427,0.00705188,171
1,[],22,[],2019-01-24 02:44:22,81445.1619047619,0.00000021,0.000000000007447062,6482247,2019-01-24 02:44:22,BTC,2.84535942,0.0,0.00000021,BTC,235821.48728559108,0.00309663,0.00730195,173
1,[],5,[],2019-01-24 02:44:35,5.731e-05,0.00000470,0.00000000016667233999999999,6482250,2019-01-24 02:44:35,btc,0.41440789,0.01902931,0.00000470,btc,0.00034746,0.0,0.93919316,175
1,[],22,[],2019-01-24 02:42:17,56022.27333333333,0.00000150,0.0000000000531933,6482181,2019-01-24 02:42:17,BTC,0.60035542,0.0,0.00000150,BTC,118760.29444388876,0.00016607,0.04143299,176
1,[],7,[],2019-01-24 02:47:28,0.0,0,0,6482324,2019-01-24 02:47:28,btc,10931.262742621293,0.0,0,btc,125037464.01384753,0.0,0.0,178
0,[],22,[],2019-01-24 02:47:31,0.0,0,0,6482325,2019-01-24 02:47:31,,1.00242428,0.0,0,,57512.0,0.0,0.0,178
0,[],2,[],2019-01-20 23:28:34,0.0,0,0,6477001,2019-01-20 23:28:34,,0.0,0.0,0,,0.0,0.0,0.0,178
1,[],5,[],2019-01-24 02:45:48,3e-08,0.00000002,0.000000000000709244,6482275,2019-01-24 02:45:48,btc,12.61191164,0.77060278,0.00000002,btc,2.21e-05,0.0,1.42561438,179
1,[],22,[],2019-01-24 02:45:52,9259352.5,0.00000002,0.000000000000709244,6482276,2019-01-24 02:45:52,BTC,5.83764585,0.0,0.00000002,"BTC,LTC",17485250.451989967,0.0153496,0.40265503,179
0,[],23,[],2019-01-20 23:25:08,0.0,0,0,6476952,2019-01-20 23:25:08,,0.0,0.0,0,,0.0,0.0,0.0,179
1,[],17,[],2019-01-24 02:48:50,10504.725,0.0000001,0.00000000000354706,6482361,2019-01-24 02:48:50,btc,5.206984534928569,0.0,0.0000001,btc,7893.797658699999,0.0,0.0010504725,180
1,[],22,[],2019-01-24 02:48:54,1468.0,0.00000031,0.000000000010995886000000001,6482362,2019-01-24 02:48:54,BTC,0.22769588,0.0,0.00000031,"BTC,LTC",26805.816254853482,0.0,0.00040342,180
1,[],26,[],2019-01-24 02:49:04,0.0,0.00000010,0.00000000000354706,6482363,2019-01-24 02:49:04,btc,0.0,3609.02,0.00000010,btc,0.0,0.0,0.0,180
,[],7,[],2018-11-20 22:58:01,562227.975654,0.00000085,0.000000000036176765,4862015,2018-11-20 22:58:01,btc,21836.6059674,2491.87645172,,btc,749999.041456,0.00211021,0.127565380455,183
,[],5,[],2019-01-10 08:11:41,0.0,0,0,6347036,2019-01-10 08:11:41,btc,82.15055501,0.00261,,btc,1.19002445,0.0,0.0,187
1,[],24,[],2019-01-24 02:44:11,0.0,0.000000000001,3.54622e-17,6482241,2019-01-24 02:44:11,btc,0.0,0.0,0.000000000001,btc,0.0,0.0,0.0,187
,[],17,[],2018-11-16 20:58:10,4062536.27273,0.00000001,0.000000000000550501,4708775,2018-11-16 20:58:10,btc,3.36492563466,0.195460381006,,"btc,eth",110697919.549,0.0,0.0157628953496,187
0,[],22,[],2019-01-24 02:48:15,0.0,0,0,6482356,2019-01-24 02:48:15,,1.19410323,0.0,0,,13721.456201072173,0.0,0.0,191
0,[],22,[],2019-01-24 02:46:37,0.0,0,0,6482290,2019-01-24 02:46:37,,0.0,0.0,0,,0.0,0.0,0.0,197
1,[],26,[],2019-01-24 02:42:31,0.0,0.00000000,0,6482188,2019-01-24 02:42:31,btc,0.0,754477.0,0.00000000,btc,0.0,0.0,0.0,199
0,[],23,[],2019-01-20 23:31:41,0.0,0,0,6477079,2019-01-20 23:31:41,,0.0,0.0,0,,0.0,0.0,0.0,199
0,[],17,[],2019-01-24 02:47:33,0.0,0,0,6482326,2019-01-24 02:47:33,btc,6.802544163862218,0.0,0,btc,105897.55575295,0.0,0.0,200
0,[],2,[],2019-01-20 23:30:49,0.0,0,0,6477059,2019-01-20 23:30:49,,0.0,0.0,0,,0.0,0.0,0.0,201
1,[],4,[],2019-01-24 02:48:01,209502.15854981,0.00000967,0.000000000342919474,6482346,2019-01-24 02:48:01,btc,2.2057487965880003,0.0,0.00000967,btc,177432.01337139,0.24525067,1.543604241111885,211
1,[],7,[],2019-01-24 02:46:45,17826457.08972922,0.000001170000000000000021170673721038202330646527116186916828155517578125,0.000000000041490774,6482295,2019-01-24 02:46:45,btc,16317791.267259413,580327.11627,0.000001170000000000000021170673721038202330646527116186916828155517578125,btc,12730350.79252797,0.0,7.927648507135061,212
1,[],5,[],2019-01-24 02:47:17,5.29e-06,0.00000033,0.000000000011702526,6482314,2019-01-24 02:47:17,btc,0.93557939,0.16265536,0.00000033,btc,3.054e-05,0.0,0.15277954,213
1,[],12,[],2019-01-24 02:47:18,235397.42853209,0.000001069999999999999919816744131662034078544820658862590789794921875,0.000000000037944554,6482315,2019-01-24 02:47:18,btc,85023.03733787405,0.0,0.000001069999999999999919816744131662034078544820658862590789794921875,btc,43413.72820726,0.0002249853713759,0.0096525360622024,213
1,[],24,[],2019-01-24 02:47:18,0.0,0.000000050000,0.00000000000177311,6482316,2019-01-24 02:47:18,btc,0.0,0.0,0.000000050000,btc,0.0,0.0,0.0,213
1,[],26,[],2019-01-24 02:47:18,0.0,0.00000003,0.000000000001063866,6482317,2019-01-24 02:47:18,btc,0.0,0.0,0.00000003,btc,0.0,0.0,0.0,213
1,[],22,[],2019-01-24 02:42:04,336251.75,0.00000004,0.000000000001418488,6482176,2019-01-24 02:42:04,BTC,70.2216567,0.0,0.00000004,BTC,174000.46129395306,0.0003432,0.00700807,216
1,[],27,[],2019-01-24 02:42:06,5087845.0,0.00000011,0.000000000003900842,6482177,2019-01-24 02:42:06,btc,619.88453612916,5755.0,0.00000011,"btc,ltc",269241.09411,0.0040285,0.0534925,216
1,[],22,[],2019-01-24 02:48:30,288910.98182760586,0.00000230,0.00000000008156306,6482358,2019-01-24 02:48:30,BTC,12547.87537727,0.0,0.00000230,BTC,357051.04314279975,0.13237183,0.40771602,217
1,[],7,[],2019-01-24 02:43:25,0.0,0,0,6482214,2019-01-24 02:43:25,btc,302.5729991391106,0.0,0,btc,133152724.1214003,0.0,0.0,219
0,[],27,[],2019-01-24 02:43:27,0.0,0,0,6482215,2019-01-24 02:43:27,,0.0747309448198,0.0,0,btc,1605140.29226592,0.0,0.0,219
0.0000000000000057,[],28,[],2019-01-24 02:43:29,238816286.198,2.280057e-18,8.085583734540001e-23,6482216,2019-01-24 02:43:29,doge,143035.5147817675,28824.0,0.00040001,"btc,doge",6859472.34751,0.0,1.738649571899051e-11,219
1,[],22,[],2019-01-24 02:43:42,204716.0,0.0000007,0.00000000002482354,6482222,2019-01-24 02:43:42,BTC,2.08332423,0.0,0.0000007,BTC,19472.55212317522,0.01222786,0.02105448,221
1,[],24,[],2019-01-24 02:43:43,0.0,0.000000800000,0.00000000002836976,6482223,2019-01-24 02:43:43,btc,0.0,0.0,0.000000800000,btc,0.0,0.0,0.0,221
1,[],26,[],2019-01-24 02:47:33,0.0,0.00000002,0.000000000000709244,6482327,2019-01-24 02:47:33,btc,0.0,11168.0,0.00000002,btc,0.0,0.0,0.0,231
1,[],26,[],2019-01-24 02:47:13,0.0,0.00000003,0.000000000001063866,6482312,2019-01-24 02:47:13,btc,0.0,0.0,0.00000003,btc,0.0,0.0,0.0,234
0,[],27,[],2019-01-24 02:47:15,0.0,0,0,6482313,2019-01-24 02:47:15,,0.001146299618,0.0,0,"btc,eth",11462.99618,0.0,0.0,234
0,[],22,[],2019-01-24 02:43:03,0.0,0,0,6482203,2019-01-24 02:43:03,,3.11852563,0.0,0,,90313875.02329598,0.0,0.0,235
1,[],4,[],2019-01-24 02:48:06,724521.2360784,0.00000105,0.00000000003723531,6482349,2019-01-24 02:48:06,btc,0.3693439342284197,0.0,0.00000105,btc,265976.02056882,0.07560921,0.2525133007514615,236
1,[],24,[],2019-01-24 02:48:06,0.0,0.000000010000,0.000000000000354622,6482350,2019-01-24 02:48:06,btc,0.0,0.0,0.000000010000,btc,0.0,0.0,0.0,236
1,[],20,[],2019-01-24 02:47:10,33186617.867,0.000000062,0.0000000000021986563999999998,6482310,2019-01-24 02:47:10,btc,14.0895116704255,26049071.5666,0.000000062,btc,25345353.044,1.6223346955061,0.3227319879056,237
0,[],22,[],2019-01-24 02:47:12,0.0,0,0,6482311,2019-01-24 02:47:12,,0.04083605,0.0,0,,4179.0,0.0,0.0,237
1,[],4,[],2019-01-24 02:44:13,5041460.53648855,0.00000031,0.000000000010993282,6482243,2019-01-24 02:44:13,btc,0.5700345909899791,0.0,0.00000031,btc,1689996.97566256,0.23765288,1.4493646436774323,238
1,[],5,[],2019-01-24 02:44:15,3.96e-06,0.00000032,0.000000000011347904,6482244,2019-01-24 02:44:15,btc,0.60997001,0.00010344,0.00000032,btc,2.906e-05,0.0,0.20691281,238
1,[],22,[],2019-01-24 02:44:32,281968.75,0.00000005,0.00000000000177311,6482248,2019-01-24 02:44:32,BTC,15.40523069,0.0,0.00000005,BTC,240508.69643307183,0.00012245,0.00945438,249
0.00000000008900109999999999,[],22,[],2019-01-24 02:43:57,2422166.0,4.4500549999999995e-18,1.5780874042099998e-22,6482233,2019-01-24 02:43:57,LTC,0.43490749,0.0,0.00000005,LTC,12631887.29,7.96559845e-13,0.04470538,252
1,[],28,[],2019-01-24 02:45:30,3215469.1,0.00000009,0.000000000003191598,6482266,2019-01-24 02:45:30,btc,164692.82142318288,318822.71,0.00000009,btc,1085873.4025,0.0,0.05558683991,256
0,[],27,[],2019-01-24 02:49:33,0.0,0,0,6482378,2019-01-24 02:49:33,,4.96668,0.0,0,"btc,eth",90.59,0.0,0.0,257
1,[],22,[],2019-01-24 02:42:41,57309.166666666664,0.00000009,0.000000000003191598,6482193,2019-01-24 02:42:41,BTC,35605.68088025,0.0,0.00000009,BTC,709585.3310213444,8.949e-05,0.00092462,258
1,[],22,[],2019-01-24 02:48:27,6620.804,0.00000750,0.0000000002659665,6482357,2019-01-24 02:48:27,BTC,4.68382194,0.0,0.00000750,BTC,5828.378238095238,0.0,0.03359089,262
1,[],5,[],2019-01-24 02:47:58,5.231e-05,0.00000257,0.000000000091137854,6482344,2019-01-24 02:47:58,btc,10.10742221,0.50231312,0.00000257,btc,0.03709929,0.0,0.13917195,264
1,[],20,[],2019-01-24 02:47:59,1787849.9098,0.00000181,0.00000000006418658199999999,6482345,2019-01-24 02:47:59,btc,5.1275936403457,61141.1064,0.00000181,btc,84675.4917,0.3942111766357,0.0398697209088,264
1,[],22,[],2019-01-24 02:49:51,150501.0,0.00000018,0.000000000006384708,6482387,2019-01-24 02:49:51,BTC,126.56366524,0.0,0.00000018,BTC,200556.05470818645,0.00030876,0.00460907,271
0,[],22,[],2019-01-24 02:42:45,0.0,0,0,6482195,2019-01-24 02:42:45,,105.69699934,0.0,0,,10568699925.0,0.0,0.0,272
0.0000000000000057,[],28,[],2019-01-24 02:42:47,361064652681.25,3.0210000000000005e-21,1.071313062e-25,6482196,2019-01-24 02:42:47,doge,4442552.397828551,3150447283.998,0.00000053,doge,123784241672.73299,0.0,5.394261925096216e-10,272
