pairValue,buyBook,exchangeId,sellBook,updated,buyTotal,satoshiPrice,usdPrice,exchangeLogId,created,bestPair,sellTotalBtc,volume,pairPrice,activePairs,sellTotal,volumeBtc,buyTotalBtc,coinId
1,[],3,[],2019-06-01 22:28:53,410.080019227533,0.0108332099999999993678034826416478608734905719757080078125,0.000000928930424364,7724102,2019-06-01 22:28:53,btc,3.875158746044407,42.7172265465,0.0108332099999999993678034826416478608734905719757080078125,btc,23.827019730564,0.0,0.37925622229724154,1
1,[],4,[],2019-06-01 22:28:54,207692.7904334,0.01080500,0.000000926511462,7724103,2019-06-01 22:28:54,btc,7.658517005218632,0.0,0.01080500,btc,303.77501771,0.80583345,0.6409940351295552,1
1,[],5,[],2019-06-01 22:28:56,0.0,0,0,7724104,2019-06-01 22:28:56,btc,0.0,0.02338389,0,btc,0.0,0.0,0.0,1
1,[],10,[],2019-06-01 22:28:58,312492.8688837,0.00699,0.000000599381316,7724105,2019-06-01 22:28:58,btc,6520.112523622413,1634.24435712,0.00699,btc,1201.79792064,0.0,2.424243230629225,1
1,[],20,[],2019-06-01 22:31:01,934.173,0.00920886,0.000000789645010824,7724106,2019-06-01 22:31:01,btc,0.2236972368539,0.0,0.00920886,btc,17.3498,0.0,0.0998304167403,1
1,[],21,[],2019-06-01 22:31:02,2265.14026668,0.01087430999999999987892795872,0.000000932454683604,7724107,2019-06-01 22:31:02,btc,9.199527087605103,3192.13658788,0.01087430999999999987892795871857742895372211933135986328125,"btc,eth",1175.31573029,32.221975184475696,20.646166562172652,1
1,[],22,[],2019-06-01 22:31:06,0.0025666666666666667,0.00900000,0.0000007717356,7724108,2019-06-01 22:31:06,BTC,0.31629903,0.0,0.00900000,BTC,0.2505752479991019,0.0,2.31e-05,1
1,[],24,[],2019-06-01 22:31:07,0.0,0.000000000000,0,7724109,2019-06-01 22:31:07,btc,0.0,0.0,0.000000000000,btc,0.0,0.0,0.0,1
0.0,[],25,[],2019-06-01 22:31:08,0.0,0,0,7724110,2019-06-01 22:31:08,btc,13.199999999535068,5712.99226915,0.0,btc,1188.09322697,62.4888,0.0,1
1,[],26,[],2019-06-01 22:31:12,0.0,0,0,7724111,2019-06-01 22:31:12,,0.0,0.0,0,,0.0,0.0,0.0,1
0,[],28,[],2019-06-01 22:32:29,0.0,0,0,7724112,2019-06-01 22:32:29,,0.0,341957.4,0,,0.0,0.0,0.0,1
1,[],12,[],2019-06-01 22:01:05,79.87050889,0.01084000000000000067668093350903291138820350170135498046875,0.0000009310237520000001,7723959,2019-06-01 22:01:05,btc,0.1576194668134,0.0,0.01084000000000000067668093350903291138820350170135498046875,btc,13.75763606,0.100339741606,0.3367690257175,1
0,[],2,[],2019-01-20 23:28:45,0.0,0,0,6477011,2019-01-20 23:28:45,,0.0,0.0,0,,0.0,0.0,0.0,1
1,[],5,[],2019-06-01 22:32:30,0.0,0,0,7724113,2019-06-01 22:32:30,btc,0.0,0.03186462,0,btc,0.0,0.0,0.0,2
1,[],22,[],2019-06-01 22:32:34,11638.0,0.0000002,0.00000000001714968,7724114,2019-06-01 22:32:34,BTC,21.00897301,0.0,0.0000002,"BTC,XMR",20678.87287795317,0.0,0.00145435,2
1,[],5,[],2019-06-01 22:32:36,0.0,0,0,7724115,2019-06-01 22:32:36,btc,0.0,0.15127725,0,btc,0.0,0.0,0.0,3
1,[],12,[],2019-06-01 22:32:37,2590942.46939,0.000000118,0.0000000000101183112,7724116,2019-06-01 22:32:37,btc,169531.07377230556,0.0,0.000000118,btc,2601139.24490056,0.076869689339,0.24638947770242,3
0,[],28,[],2019-06-01 22:32:39,0.0,0,0,7724117,2019-06-01 22:32:39,,0.0,0.0,0,,0.0,0.0,0.0,3
0,[],2,[],2019-01-20 23:31:32,0.0,0,0,6477077,2019-01-20 23:31:32,,0.0,0.0,0,,0.0,0.0,0.0,4
1,[],4,[],2019-05-18 21:29:50,562734.9206932,0.00000010,0.000000000007298720000000001,7650946,2019-05-18 21:29:50,btc,41.9347137769675,0.0,0.00000010,btc,1123702.32192634,0.00052462,0.029254593370966,4
0,[],12,[],2019-06-01 19:28:01,0.0,0,0,7723527,2019-06-01 19:28:01,btc,625.901992874995,0.0,0,btc,1211362.4995005,0.0,0.0,5
0,[],2,[],2019-01-20 23:31:51,0.0,0,0,6477087,2019-01-20 23:31:51,,0.0,0.0,0,,0.0,0.0,0.0,6
1,[],11,[],2019-06-01 22:32:40,9060347.776736,0.00000002,0.0000000000017149680000000002,7724118,2019-06-01 22:32:40,btc,9582.817696002945,4718185.0,0.00000002,btc,67260595.46260394,0.0,0.13675210276736,6
1,[],3,[],2019-06-01 22:32:41,12577.797267035801,0.00008915999999999999338189116127040279025095514953136444091796875,0.000000007645327344,7724119,2019-06-01 22:32:41,btc,0.11244421216574417,255.346731599,0.00008915999999999999338189116127040279025095514953136444091796875,btc,187.549241243082,0.0,0.02728863471754283,7
1,[],4,[],2019-06-01 22:32:42,317097.06449839,0.00009001,0.000000007718213484,7724120,2019-06-01 22:32:42,btc,9.396344838746431,0.0,0.00009001,btc,58071.11035622,1.4406998,1.6383667315370256,7
1,[],5,[],2019-06-01 22:32:44,0.0,0,0,7724121,2019-06-01 22:32:44,btc,0.0,0.46981579,0,btc,0.0,0.0,0.0,7
1,[],20,[],2019-04-07 22:06:50,3201475.0482,0.000000001,0.000000000000051590000000000004,7213932,2019-04-07 22:06:50,btc,30.8005781811902,0.0,0.000000001,btc,23077405.3926,0.0,0.0032014750482,8
0,[],2,[],2019-01-20 23:22:42,0.0,0,0,6476876,2019-01-20 23:22:42,,0.0,0.0,0,,0.0,0.0,0.0,9
0,[],23,[],2019-01-20 23:22:48,0.0,0,0,6476878,2019-01-20 23:22:48,,0.0,0.0,0,,0.0,0.0,0.0,9
1,[],4,[],2019-06-01 22:32:46,2951838.19686792,0.00000048,0.000000000041159232,7724122,2019-06-01 22:32:46,btc,3.255133135436408,0.0,0.00000048,btc,3140418.62343981,0.24277898,0.3204279145473082,9
0,[],28,[],2019-06-01 22:33:35,0.0,0,0,7724123,2019-06-01 22:33:35,,0.0,3569684.0,0,,0.0,0.0,0.0,9
1,[],1,[],2019-02-17 23:31:42,1822507.21,0.00000181000000000000003456111265232042484285557293333113193511962890625,0.000000000066086901,6701244,2019-02-17 23:31:42,btc,3.6990969245,17153386.5,0.00000181000000000000003456111265232042484285557293333113193511962890625,btc,1997391.71,31.11772986,3.2610482446,9
1,[],4,[],2019-02-17 11:22:43,4341674.27126056,0.00000002,0.0000000000007272960000000001,6696112,2019-02-17 11:22:43,btc,0.1997230937751353,0.0,0.00000002,btc,4109766.79808031,0.00215132,0.0479381022052112,10
0,[],2,[],2019-01-20 23:23:08,0.0,0,0,6476890,2019-01-20 23:23:08,,0.0,0.0,0,,0.0,0.0,0.0,12
1,[],4,[],2019-06-01 22:33:36,7239332.99839849,0.00000044,0.000000000037729296,7724124,2019-06-01 22:33:36,btc,4.716978235201937,0.0,0.00000044,btc,5033375.23957757,0.63049562,1.1065764825815867,12
1,[],5,[],2019-06-01 22:33:37,0.0,0,0,7724125,2019-06-01 22:33:37,btc,0.0,0.2436036,0,btc,0.0,0.0,0.0,12
0.0,[],25,[],2019-06-01 22:33:39,0.0,0,0,7724126,2019-06-01 22:33:39,,0.0,0.0,0.0,btc,0.0,0.0,0.0,12
1,[],4,[],2019-06-01 22:33:40,333315.45038622,0.00000543,0.000000000465613812,7724127,2019-06-01 22:33:40,btc,1.78602479661136,0.0,0.00000543,btc,235922.92272569,0.38362146,0.4568805241533687,13
1,[],10,[],2019-06-01 22:33:42,654054.46339873,0.00000536,0.000000000459611424,7724128,2019-06-01 22:33:42,btc,666803.2856282137,28677.8786144,0.00000536,btc,869704.19295442,0.0,0.2447447510901778,13
1,[],21,[],2019-06-01 22:33:43,1830554.93031627,0.000005540000000000000321051778912,0.000000000475046136,7724129,2019-06-01 22:33:43,btc,2.6927445732611486,630978.33562182,0.0000055400000000000003210517789120626019894189084880053997039794921875,btc,426961.78116194,3.57390944,7.215160873160038,13
1,[],4,[],2019-06-01 22:33:44,906761.55455674,0.00000075,0.0000000000643113,7724130,2019-06-01 22:33:44,btc,4.23560219511539,0.0,0.00000075,btc,845924.39721643,0.01467503,0.0788388585340741,14
1,[],12,[],2019-06-01 22:33:47,135508.63133378,0.00000073,0.000000000062596332,7724131,2019-06-01 22:33:47,btc,14.139194481428115,0.0,0.00000073,btc,21325.79861006,5.154845e-06,0.015273329999976099,14
1,[],26,[],2019-06-01 22:35:47,0.0,0,0,7724132,2019-06-01 22:35:47,,0.0,0.0,0,,0.0,0.0,0.0,14
0,[],17,[],2019-05-03 00:53:32,0.0,0,0,7558876,2019-05-03 00:53:32,btc,0.0,0.0,0,btc,0.0,0.0,0.0,14
0,[],4,[],2019-06-01 22:35:48,0.0,0,0,7724133,2019-06-01 22:35:48,,0.0,0.0,0,,0.0,0.0,0.0,15
,[],12,[],2018-12-01 15:15:48,204241.84496,0.00000489,0.000000000202473384,5260204,2018-12-01 15:15:48,btc,49.5475654835,0.0,,btc,35763.2193806,0.0163153972027625,0.0203389899998,15
1,[],4,[],2019-06-01 22:35:49,35308.02349673,0.00001089,0.000000000933800076,7724134,2019-06-01 22:35:49,btc,0.9813319059444486,0.0,0.00001089,btc,11906.36520121,0.08823509,0.0889225835673547,18
1,[],10,[],2019-06-01 22:35:51,494947.65797995,0.00001247,0.000000001069282548,7724135,2019-06-01 22:35:51,btc,15.34062803809308,2176.54006207,0.00001247,btc,13281.65146029,0.0,0.1516217831311857,18
1,[],12,[],2019-06-01 22:35:52,3234.55567411,0.000012049999999999999825291661925685815504039055667817592620849609375,0.00000000103326822,7724136,2019-06-01 22:35:52,btc,0.4010291437150728,0.0,0.000012049999999999999825291661925685815504039055667817592620849609375,btc,1475.46762187,0.000206393121,0.0132365032824185,18
0,[],2,[],2019-01-20 23:23:38,0.0,0,0,6476906,2019-01-20 23:23:38,,0.0,0.0,0,,0.0,0.0,0.0,18
0,[],17,[],2019-05-03 00:53:39,0.0,0,0,7558882,2019-05-03 00:53:39,btc,0.0,0.0,0,btc,0.0,0.0,0.0,18
1,[],3,[],2019-06-01 22:37:53,148644.40798717542,0.0000055099999999999997612500080013120395960868336260318756103515625,0.000000000472473684,7724137,2019-06-01 22:37:53,btc,0.22384959406444888,5449.68204435,0.0000055099999999999997612500080013120395960868336260318756103515625,btc,6000.644779201002,0.0,0.0479896242019694,19
1,[],4,[],2019-06-01 22:37:54,513960.07074477,0.00000820,0.0000000007031368800000001,7724138,2019-06-01 22:37:54,btc,4.076231224378245,0.0,0.00000820,btc,166830.33567438,0.19013346,0.4121431059994865,19
1,[],5,[],2019-06-01 22:37:56,0.0,0,0,7724139,2019-06-01 22:37:56,btc,0.0,0.0,0,btc,0.0,0.0,0.0,19
1,[],12,[],2019-06-01 22:37:57,15209.16707267,0.000007089999999999999880334437818429904609729419462382793426513671875,0.000000000607956156,7724140,2019-06-01 22:37:57,btc,0.0527972268453626,0.0,0.000007089999999999999880334437818429904609729419462382793426513671875,btc,1949.0831785,0.00145584,0.0269205199997139,19
0,[],27,[],2019-06-01 22:38:02,0.0,0,0,7724141,2019-06-01 22:38:02,,0.0,0.0,0,btc,0.0,0.0,0.0,19
0,[],2,[],2019-01-20 23:24:19,0.0,0,0,6476924,2019-01-20 23:24:19,,0.0,0.0,0,,0.0,0.0,0.0,19
1,[],4,[],2019-06-01 22:38:03,10062076.88478525,0.00000007,0.000000000006002388,7724142,2019-06-01 22:38:03,btc,6.411239436602338,0.0,0.00000007,btc,2322306.93095912,0.0,0.1174938176872809,20
1,[],4,[],2019-06-01 22:38:05,8553090.048,0.00000001,0.000000000000857484,7724143,2019-06-01 22:38:05,btc,1793.578266683811,0.0,0.00000001,btc,71748883.49751575,0.0325382,0.08553090048,21
1,[],12,[],2019-06-01 22:38:06,2140017.0,0.00000001,0.0000000000008574840000000001,7724144,2019-06-01 22:38:06,btc,2566.6125287053546,0.0,0.00000001,btc,5033244.76723275,0.0,0.02140017,21
0,[],17,[],2019-05-03 00:53:51,0.0,0,0,7558891,2019-05-03 00:53:51,btc,0.0,0.0,0,btc,0.0,0.0,0.0,21
1,[],12,[],2019-06-01 22:40:07,5299107221.0,0.0000000003,0.00000000000002572452,7724145,2019-06-01 22:40:07,btc,709129802.0643144,0.0,0.0000000003,btc,3224665218.250393,0.010631926973,1.1949619056,23
0.0000000003115152,[],27,[],2019-06-01 22:40:17,64211333.9610017,1.2460607999999999e-17,1.0684771990272e-21,7724146,2019-06-01 22:40:17,eth,105072.805914702,1685458.750943,0.00000004,eth,19817974.82,2.1001840783919998e-11,3.7414719650916317e-10,23
1,[],4,[],2019-06-01 22:40:18,1872242.21867487,0.00000024,0.000000000020579616,7724147,2019-06-01 22:40:18,btc,10.733597769119838,0.0,0.00000024,btc,1726518.99546968,0.00258184,0.0636996331200117,24
1,[],22,[],2019-06-01 22:40:21,21.76,0.00000100,0.00000000008574840000000001,7724148,2019-06-01 22:40:21,BTC,7.415e-05,0.0,0.00000100,BTC,23.919354838709676,0.0,1.186e-05,24
0.0,[],25,[],2019-06-01 22:40:22,0.0,0,0,7724149,2019-06-01 22:40:22,,0.0,0.0,0.0,btc,0.0,0.0,0.0,24
1,[],4,[],2019-06-01 22:40:23,26942481.75933427,0.00000481,0.000000000412449804,7724150,2019-06-01 22:40:23,btc,13.421212406559041,0.0,0.00000481,btc,246041.54091943,0.11623933,0.4737444014895064,26
1,[],10,[],2019-06-01 22:40:25,151400.07560897,0.0000042,0.00000000036014328,7724151,2019-06-01 22:40:25,btc,25.58506983479905,8580.90480462,0.0000042,btc,23240.73504721,0.0,0.0376304412230892,26
0,[],2,[],2019-01-20 23:25:56,0.0,0,0,6476976,2019-01-20 23:25:56,,0.0,0.0,0,,0.0,0.0,0.0,26
1,[],5,[],2019-04-26 09:47:06,0.0,0,0,7465326,2019-04-26 09:47:06,btc,0.0,0.0,0,btc,0.0,0.0,0.0,27
1,[],3,[],2019-06-01 22:40:26,21611072.185043,0.00000001,0.0000000000008574840000000001,7724152,2019-06-01 22:40:26,btc,3.7666319930617616,4486055.18501,0.00000001,btc,26152382.56528196,0.0,0.21611072185043,27
1,[],11,[],2019-06-01 22:40:27,2110243.08157834,0.00000002,0.0000000000017149680000000002,7724153,2019-06-01 22:40:27,btc,67503.04527066177,19676.5543251,0.00000002,btc,6588861.32608848,0.0,0.0211134458157834,27
1,[],4,[],2019-06-01 22:40:29,1197154908.4379904,0.00000001,0.000000000000857484,7724154,2019-06-01 22:40:29,btc,4.8506888779296995,0.0,0.00000001,"btc,ltc",295664300.21686655,0.06580577,8.630588847854028,29
1,[],7,[],2019-06-01 22:40:30,85451021.33155985,0.00000001,0.0000000000008574840000000001,7724155,2019-06-01 22:40:30,btc,46548272.13040082,0.0,0.00000001,btc,35158593.4218814,0.0,0.8545102133155985,29
1,[],4,[],2019-06-01 22:40:30,15242848.2015631,0.00000006,0.000000000005144904,7724156,2019-06-01 22:40:30,btc,2.562666443401238,0.0,0.00000006,btc,2020880.51679651,0.00085594,0.1687433592294358,30
0,[],17,[],2019-05-03 01:11:25,0.0,0,0,7559066,2019-05-03 01:11:25,btc,0.0,0.0,0,btc,0.0,0.0,0.0,30
1,[],4,[],2019-06-01 22:42:31,106982.90249823,0.00004246,0.0000000036408770640000003,7724157,2019-06-01 22:42:31,btc,3.1865045343582863,0.0,0.00004246,btc,43342.77629305,0.65016948,0.4882474463705896,31
1,[],21,[],2019-06-01 22:42:32,175160.14804005,0.00004452000000000000065353972234,0.0000000038175187680000005,7724158,2019-06-01 22:42:32,btc,5.62214601768861,136776.86256425,0.000044520000000000000653539722339502304748748429119586944580078125,btc,113599.8940121,6.30800464,6.480448084575165,31
0,[],2,[],2019-01-20 23:28:43,0.0,0,0,6477009,2019-01-20 23:28:43,,0.0,0.0,0,,0.0,0.0,0.0,32
0,[],4,[],2019-06-01 22:42:33,0.0,0,0,7724159,2019-06-01 22:42:33,,0.0,0.0,0,,0.0,0.0,0.0,33
1,[],12,[],2019-03-30 07:55:10,40641173.964,0.00000003,0.000000000001228359,7108785,2019-03-30 07:55:10,btc,4233210.82356125,0.0,0.00000003,btc,28378394.68333462,0.0126927883965248,0.90752895892,33
0.00000000013181190000000002,[],4,[],2019-06-01 22:42:34,466989824.9928879,6.458783100000001e-17,5.538303167720401e-21,7724160,2019-06-01 22:42:34,ltc,3.721020614353548,0.0,0.00000049,ltc,156036318.54436523,0.0,1.8117332018005407e-09,34
1,[],5,[],2019-06-01 22:42:36,0.0,0,0,7724161,2019-06-01 22:42:36,btc,0.0,1.262e-05,0,btc,0.0,0.0,0.0,34
0.0000000002926451,[],17,[],2019-05-02 18:17:47,200000.0,2.9264510000000002e-18,1.596703856561e-22,7556430,2019-05-02 18:17:47,eth,0.20942468735267253,0.0,0.00000001,"btc,eth",1018272.20243647,0.0,5.852902e-13,36
0.0000000001311821,[],4,[],2019-05-31 13:28:19,2417517744.0607657,1.311821e-18,1.105058333085e-22,7717483,2019-05-31 13:28:19,ltc,5.019900492391546e-08,0.0,0.00000001,ltc,7102398142.262129,0.0,3.171350544531538e-09,36
1,[],5,[],2019-05-31 13:28:21,0.0,0,0,7717484,2019-05-31 13:28:21,btc,0.0,0.0,0,btc,0.0,0.0,0.0,36
0.0000000003108179,[],27,[],2019-05-31 13:30:34,10388811.226876,6.216358000000001e-18,5.236566733830001e-22,7717485,2019-05-31 13:30:34,eth,1569.8708019850988,761866.634299,0.00000002,"ltc,eth",5084024.2511555,4.736034912207001e-12,3.3251980286483705e-11,36
1,[],4,[],2019-06-01 22:42:36,9984605.27240114,0.00000015,0.00000000001286226,7724162,2019-06-01 22:42:36,btc,19772.502894509886,0.0,0.00000015,btc,736058.76933135,0.00185575,0.129013969811371,37
1,[],12,[],2019-06-01 22:42:38,3640509.74028571,0.00000018,0.000000000015434712,7724163,2019-06-01 22:42:38,btc,9.35803816976026,0.0,0.00000018,btc,975157.66114724,0.009535899065,0.1629384832514278,37
1,[],27,[],2019-06-01 22:44:44,19110.0,0.00000018,0.000000000015434712,7724164,2019-06-01 22:44:44,btc,24.12337022903233,0.0,0.00000018,btc,5792.49438508,0.0,0.00293138,37
1,[],17,[],2019-05-03 01:11:36,211752.74075282,0.00000025,0.000000000013700074999999998,7559074,2019-05-03 01:11:36,btc,0.055484923955058496,0.0,0.00000025,"btc,eth",1387.19918473,0.0,0.0005381851887916605,37
1,[],5,[],2019-06-01 22:44:46,0.0,0,0,7724165,2019-06-01 22:44:46,btc,0.0,0.00107333,0,btc,0.0,0.0,0.0,42
1,[],12,[],2019-06-01 22:44:47,142737.10708547,0.000001030000000000000091033409109486651544784763245843350887298583984375,0.00000000008832085200000001,7724166,2019-06-01 22:44:47,btc,24.79030090417897,0.0,0.000001030000000000000091033409109486651544784763245843350887298583984375,btc,72428.88087489,0.0,0.0560697399999613,42
1,[],27,[],2019-06-01 22:44:56,506.0,0.00000002,0.000000000001714968,7724167,2019-06-01 22:44:56,btc,0.07600425,0.0,0.00000002,"btc,eth",18.0,0.0,6.000000327277869e-06,42
1,[],12,[],2019-03-13 09:13:29,1112112.0,0.00000001,0.000000000000386531,6919902,2019-03-13 09:13:29,btc,29058.00478931866,0.0,0.00000001,btc,5967681.93306694,9.99000999e-07,0.01112112,43
1,[],5,[],2019-04-26 22:38:52,0.0,0,0,7474154,2019-04-26 22:38:52,btc,0.0,0.02638891,0,btc,0.0,0.0,0.0,43
0,[],17,[],2019-04-26 22:38:53,0.0,0,0,7474155,2019-04-26 22:38:53,btc,0.0,0.0,0,btc,0.0,0.0,0.0,43
1,[],12,[],2019-03-05 01:54:08,639326.02,0.00000004,0.000000000001486676,6845775,2019-03-05 01:54:08,btc,11116042.728239931,0.0,0.00000004,btc,1103841.4595604,0.0003330765234764,0.014975410599999999,44
1,[],4,[],2019-06-01 22:44:57,105292788.52947043,0.00000001,0.000000000000857484,7724168,2019-06-01 22:44:57,btc,1395.266868803671,0.0,0.00000001,"btc,ltc",28017047.77528054,0.00157596,0.0342034181192504,49
0.00000000013181190000000002,[],4,[],2019-06-01 22:44:58,133590537.4749375,3.954357e-17,3.3907978577880004e-21,7724169,2019-06-01 22:44:58,ltc,194919.8938695549,0.0,0.0000003,ltc,163236979.83004135,0.0,1.385572477761318e-09,52
0,[],22,[],2019-06-01 22:45:01,0.0,0,0,7724170,2019-06-01 22:45:01,,10289.52569349,0.0,0,,305146396.4566013,0.0,0.0,57
1,[],27,[],2019-06-01 22:45:16,2297.0,0.0000003,0.00000000002572452,7724171,2019-06-01 22:45:16,btc,0.0,0.0,0.0000003,"btc,eth",0.0,0.0,0.0003891,57
0.00000000013181190000000002,[],4,[],2019-06-01 22:45:17,3421440497.0161414,1.3181190000000001e-18,1.1302659525960001e-22,7724172,2019-06-01 22:45:17,ltc,19.341013531781943,0.0,0.00000001,ltc,5851479934.768803,0.0,4.50986572648642e-09,58
1,[],12,[],2019-06-01 22:45:18,719883801.0,0.0000000001,0.000000000000008574840000000001,7724173,2019-06-01 22:45:18,btc,2306759.679021439,0.0,0.0000000001,btc,3394943135.9180384,0.001426486993,0.0719883801,58
0.0000000001090522,[],22,[],2019-06-01 22:47:21,126877.0,1.0905220000000001e-18,9.351051666480001e-23,7724174,2019-06-01 22:47:21,XMR,68.17454206,0.0,0.00000001,XMR,9626402.6,0.0,0.00126877,58
1,[],17,[],2019-05-03 01:12:09,1200000.0,0.0000000001,0.00000000000000548003,7559085,2019-05-03 01:12:09,btc,1e+24,0.0,0.0000000001,"btc,eth",39516342.31952568,0.0,0.00010000000058666061,58
1,[],5,[],2019-06-01 22:47:24,0.0,0,0,7724175,2019-06-01 22:47:24,btc,0.0,0.01855737,0,btc,0.0,0.0,0.0,61
1,[],22,[],2019-06-01 22:47:27,13613.833333333334,0.00000012,0.000000000010289808,7724176,2019-06-01 22:47:27,BTC,1002.29123003,0.0,0.00000012,BTC,15014.200177125656,0.0,0.00153269,61
1,[],26,[],2019-06-01 22:47:27,0.0,0,0,7724177,2019-06-01 22:47:27,,0.0,0.0,0,,0.0,0.0,0.0,61
1,[],27,[],2019-06-01 22:47:34,8450.0,0.0000002,0.00000000001714968,7724178,2019-06-01 22:47:34,btc,1.9582485601246655,0.0,0.0000002,"btc,eth",11379.41563696,0.0,0.001522,61
0,[],28,[],2019-06-01 22:48:22,0.0,0,0,7724179,2019-06-01 22:48:22,,0.0,791.0,0,,0.0,0.0,0.0,61
1,[],4,[],2019-06-01 22:48:24,798792.0116474,0.00000068,0.00000000005830891200000001,7724180,2019-06-01 22:48:24,btc,2.9064836664704394,0.0,0.00000068,btc,940490.8336208,0.04985635,0.3970713569202091,67
0.0,[],25,[],2019-06-01 22:48:26,0.0,0,0,7724181,2019-06-01 22:48:26,,0.0,0.0,0.0,btc,0.0,0.0,0.0,67
1,[],12,[],2019-06-01 22:48:27,894658.355,0.00000006,0.000000000005144904,7724182,2019-06-01 22:48:27,btc,5.167005424215783,0.0,0.00000006,btc,738530.60239759,0.003221897182,0.0181235913,71
,[],5,[],2018-11-20 23:02:39,1.5e-07,0.00000005,0.000000000002128045,4862160,2018-11-20 23:02:39,btc,2.84511358,0.0,,btc,0.00036572,0.0,0.07381892,74
1,[],5,[],2019-06-01 22:48:29,0.0,0,0,7724183,2019-06-01 22:48:29,btc,0.0,0.06397271,0,btc,0.0,0.0,0.0,75
0,[],4,[],2019-05-25 21:33:44,0.0,0,0,7686249,2019-05-25 21:33:44,,133656.37989170782,0.0,0,,33439209.5909442,0.0,0.0,81
0,[],20,[],2019-01-25 09:30:31,0.0,0,0,6495923,2019-01-25 09:30:31,btc,0.0,0.0,0,btc,0.0,0.0,0.0,81
1,[],4,[],2019-06-01 22:48:29,30667.96573418,0.00011234,0.000000009632975256,7724184,2019-06-01 22:48:29,btc,55.86864161161307,0.0,0.00011234,btc,122433.80184667,0.22178971,0.6824249850798918,82
1,[],21,[],2019-06-01 22:48:30,74967.51928217,0.0001114900000000000048969162059,0.000000009560089116,7724185,2019-06-01 22:48:30,btc,16.37197765733497,37242.01944255,0.000111490000000000004896916205865409210673533380031585693359375,btc,98207.99303534,3.95049794,6.214723031999857,82
0,[],17,[],2019-03-25 22:42:34,0.0,0,0,7038780,2019-03-25 22:42:34,btc,0.0445064681804024,0.0,0,btc,995513.18476001,0.0,0.0,84
0.0000000001161485,[],4,[],2019-05-20 13:09:39,216715621.0206096,1.161485e-18,9.0533806701e-23,7657228,2019-05-20 13:09:39,ltc,1.6511566870244727,0.0,0.00000001,ltc,471032407.9048656,0.0,2.5171194308112273e-10,85
,[],22,[],2018-11-20 23:09:34,3408.1,0.0000001,0.0000000000041895,4862324,2018-11-20 23:09:34,BTC,0.04624735,0.0,,BTC,4990.0,0.0,0.00033081,86
1,[],22,[],2019-06-01 22:48:33,62656.0,0.00000001,0.000000000000857484,7724186,2019-06-01 22:48:33,BTC,1.46326592,0.0,0.00000001,BTC,411487.21403508773,0.0020507,0.00062656,87
1,[],27,[],2019-06-01 22:48:37,98782.0,0.00000008,0.000000000006859872,7724187,2019-06-01 22:48:37,btc,5.057418228036,2280.0,0.00000008,btc,92485.67341,0.000228,0.00133114,87
,[],2,[],2018-11-20 23:10:47,0.0,0,0,4862359,2018-11-20 23:10:47,,0.0,0.0,,,0.0,0.0,0.0,88
1,[],11,[],2019-06-01 22:48:39,121971.91040653,0.00007804000000000000498122376679788203546195290982723236083984375,0.000000006691805136000001,7724188,2019-06-01 22:48:39,btc,167.40796099799985,2114.00055127,0.00007804000000000000498122376679788203546195290982723236083984375,btc,201220.06007962,0.0,1.8834622519674953,89
0,[],2,[],2019-01-20 23:31:45,0.0,0,0,6477083,2019-01-20 23:31:45,,0.0,0.0,0,,0.0,0.0,0.0,91
1,[],12,[],2019-06-01 22:48:40,322187.41413534,0.0000004,0.00000000003429936,7724189,2019-06-01 22:48:40,btc,88.5446830028965,0.0,0.0000004,btc,147880.594995,0.015229552696,0.0206896148999807,91
1,[],22,[],2019-06-01 22:50:44,75910.55,0.0000002,0.00000000001714968,7724190,2019-06-01 22:50:44,BTC,0.497,0.0,0.0000002,"BTC,LTC",6.95,0.0,0.00165931,91
0,[],17,[],2019-05-03 01:12:26,0.0,0,0,7559096,2019-05-03 01:12:26,btc,0.0,0.0,0,btc,0.0,0.0,0.0,91
1,[],22,[],2019-04-09 20:17:52,374949.73333333334,0.00000015,0.000000000007771935,7235704,2019-04-09 20:17:52,BTC,6.87372503,0.0,0.00000015,"BTC,LTC",159980.01196797504,1.1e-05,0.80510266,95
0.00000000013181190000000002,[],4,[],2019-06-01 22:50:45,543487007.2500627,2.8998618e-17,2.4865850957112003e-21,7724191,2019-06-01 22:50:45,ltc,11.302987465629865,0.0,0.00000022,ltc,153371045.12804347,0.0,8.809891739299723e-10,96
0,[],12,[],2019-06-01 22:50:46,0.0,0,0,7724192,2019-06-01 22:50:46,btc,17.17750296048951,0.0,0,btc,9674260.04895105,0.0,0.0,96
0,[],17,[],2019-05-03 01:12:32,0.0,0,0,7559100,2019-05-03 01:12:32,btc,0.0,0.0,0,btc,0.0,0.0,0.0,96
1,[],4,[],2019-04-14 03:32:46,1039404.33283278,0.00000038,0.000000000019245518,7293458,2019-04-14 03:32:46,btc,4.170086055365747,0.0,0.00000038,btc,3097704.34561074,0.06260606,0.1859928211030784,99
0,[],2,[],2019-01-20 23:23:55,0.0,0,0,6476914,2019-01-20 23:23:55,,0.0,0.0,0,,0.0,0.0,0.0,100
1,[],4,[],2019-06-01 22:52:47,241237.67118951,0.00001570,0.00000000134624988,7724193,2019-06-01 22:52:47,btc,7.441489654169846,0.0,0.00001570,btc,159016.88921107,0.26550392,0.3478147952702602,100
1,[],22,[],2019-06-01 22:20:03,150000.0,0.00000002,0.0000000000017177560000000003,7724044,2019-06-01 22:20:03,BTC,24.83526409,0.0,0.00000002,BTC,11187.719,0.0,0.0017,101
1,[],4,[],2019-06-01 22:52:48,539199.79677584,0.00000171,0.000000000146629764,7724194,2019-06-01 22:52:48,btc,549.1887674150896,0.0,0.00000171,btc,669471.0959039,0.04330236,0.1794997364689971,103
1,[],12,[],2019-06-01 22:52:51,175732795.0,0.000000003,0.0000000000002572452,7724195,2019-06-01 22:52:51,btc,2404.7003395810084,0.0,0.000000003,btc,71387577.03595689,0.00445788452,0.23376927900000002,105
0,[],27,[],2019-06-01 22:52:57,0.0,0,0,7724196,2019-06-01 22:52:57,,0.30253084,3034.0,0,btc,2095427.0,3.034e-05,0.0,105
1,[],22,[],2019-04-21 00:17:26,21333.0,0.00000001,0.000000000000532493,7385819,2019-04-21 00:17:26,BTC,51.38182867,0.0,0.00000001,BTC,470435.0,0.0,0.00021333,107
1,[],26,[],2019-04-21 00:17:26,0.0,0.00000000,0,7385820,2019-04-21 00:17:26,btc,0.0,0.0,0.00000000,btc,0.0,0.0,0.0,107
1,[],5,[],2019-06-01 22:20:19,0.0,0,0,7724048,2019-06-01 22:20:19,btc,0.0,0.0,0,btc,0.0,0.0,0.0,112
0,[],22,[],2019-06-01 22:20:22,0.0,0,0,7724049,2019-06-01 22:20:22,,6.79500102,0.0,0,,3375892.0833333335,0.0,0.0,112
1,[],27,[],2019-06-01 22:20:30,1.0,0.00000001,0.0000000000008588780000000001,7724050,2019-06-01 22:20:30,btc,1.15032588,0.0,0.00000001,"btc,eth",1818.0,0.0,1e-08,112
1,[],4,[],2019-06-01 22:20:31,256568.7758308,0.00000084,0.00000000007214575200000001,7724051,2019-06-01 22:20:31,btc,5.541390292449479,0.0,0.00000084,btc,604657.21928957,0.02470388,0.1546890518579389,113
1,[],5,[],2019-06-01 22:20:32,0.0,0,0,7724052,2019-06-01 22:20:32,btc,0.0,0.0,0,btc,0.0,0.0,0.0,113
1,[],17,[],2019-04-26 02:17:47,162738.278,0.00000004,0.0000000000021069000000000002,7461287,2019-04-26 02:17:47,btc,1.3331140273775473,0.0,0.00000004,btc,51796.221,0.0,0.00230953112,116
1,[],27,[],2019-05-22 05:13:01,210000.0,0.00000001,0.00000000000079145,7666372,2019-05-22 05:13:01,btc,3919.0005001478,0.0,0.00000001,btc,128660.871,0.0,0.0021,116
1,[],4,[],2019-05-21 22:31:11,138169.03963019,0.00000701,0.000000000558364025,7664793,2019-05-21 22:31:11,btc,150.95388250938234,0.0,0.00000701,btc,344631.17141974,0.07552974,0.4288357684941946,120
1,[],7,[],2019-05-21 22:31:12,3901.07750076,0.000010679999999999999389654892212320191902108490467071533203125,0.0000000008506887,7664794,2019-05-21 22:31:12,btc,231188.94669936574,0.0,0.000010679999999999999389654892212320191902108490467071533203125,btc,4133.83151364,0.0,0.0113888422364489,120
1,[],20,[],2019-04-07 18:42:29,1914137.0852,0.000000035,0.0000000000017871910000000002,7211992,2019-04-07 18:42:29,btc,32.2497668025648,25528.85,0.000000035,btc,1001975.4986,0.00089350975,0.0152723574729,125
1,[],22,[],2019-06-01 22:20:35,10000.0,0.00000001,0.0000000000008588780000000001,7724053,2019-06-01 22:20:35,BTC,0.032061,0.0,0.00000001,BTC,299316.7611111111,0.0,0.0001,126
1,[],4,[],2019-06-01 22:20:36,430320.02481065,0.00000803,0.000000000689679034,7724054,2019-06-01 22:20:36,btc,4.996779607895299,0.0,0.00000803,btc,183129.66444478,0.42883454,1.5488698664128033,131
0,[],2,[],2019-01-20 23:25:46,0.0,0,0,6476969,2019-01-20 23:25:46,,0.0,0.0,0,,0.0,0.0,0.0,131
1,[],17,[],2019-05-03 01:13:10,10000.0,0.00000001,0.000000000000548003,7559115,2019-05-03 01:13:10,btc,0.0953976503951408,0.0,0.00000001,btc,5037.62507334,0.0,0.0001,131
1,[],4,[],2019-06-01 22:22:37,4877.33287432,0.00010000,0.000000008588780000000001,7724055,2019-06-01 22:22:37,btc,5.03221070889025,0.0,0.00010000,btc,202.13055914,0.0,0.0067319517514342,135
1,[],3,[],2019-06-01 22:22:38,544057.22392675,0.00000001,0.0000000000008588780000000001,7724056,2019-06-01 22:22:38,btc,0.2222043787516683,1657749.79937,0.00000001,btc,1905502.4316845,0.0,0.0054405722392675,136
1,[],4,[],2019-06-01 22:22:39,2151051.37891,0.00000182,0.000000000156315796,7724057,2019-06-01 22:22:39,btc,109.22166220702167,0.0,0.00000182,btc,531504.58280973,0.02507061,0.4904608717594279,137
1,[],12,[],2019-06-01 22:22:40,88800.76831767,0.000001769999999999999994019540816569957542014890350401401519775390625,0.000000000152021406,7724058,2019-06-01 22:22:40,btc,57.841555247361185,0.0,0.000001769999999999999994019540816569957542014890350401401519775390625,btc,50821.49064291,7.1376742e-05,0.0184849232583769,137
1,[],4,[],2019-06-01 22:22:41,101844.50696231,0.00001754,0.0000000015064720120000002,7724059,2019-06-01 22:22:41,btc,8.704461496954655,0.0,0.00001754,btc,123925.02267269,0.25079103,0.9157994379774949,142
1,[],5,[],2019-06-01 22:22:43,0.0,0,0,7724060,2019-06-01 22:22:43,btc,0.0,0.00086856,0,btc,0.0,0.0,0.0,142
1,[],20,[],2019-06-01 22:24:45,209222.3288,0.000015611,0.0000000013407944458000002,7724061,2019-06-01 22:24:45,btc,1.6080804779453,0.0,0.000015611,btc,9872.8163,0.0,0.0213828067121,142
1,[],22,[],2019-06-01 22:24:48,11028.645,0.00001000,0.0000000008588780000000001,7724062,2019-06-01 22:24:48,BTC,3.27323936,0.0,0.00001000,BTC,1114.1496937357979,0.00223944,0.00745365,142
0.0,[],25,[],2019-06-01 22:24:50,0.0,0,0,7724063,2019-06-01 22:24:50,,0.0,0.0,0.0,btc,0.0,0.0,0.0,142
0,[],28,[],2019-06-01 22:24:51,0.0,0,0,7724064,2019-06-01 22:24:51,,0.0,0.0,0,,0.0,0.0,0.0,142
1,[],17,[],2019-05-03 01:13:16,32967.38636364,0.00000088,0.000000000048224264,7559122,2019-05-03 01:13:16,btc,20.06976206696776,0.0,0.00000088,btc,2746.079105,0.0,0.0105613000000032,142
0,[],22,[],2019-06-01 22:24:54,0.0,0,0,7724065,2019-06-01 22:24:54,,64.98618676,0.0,0,,787024755.3,0.0,0.0,143
0,[],22,[],2019-02-25 15:42:22,0.0,0,0,6783783,2019-02-25 15:42:22,,4.2131946,0.0,0,,2322156.0,0.0,0.0,146
,[],22,[],2018-11-20 23:01:11,0.0,0,0,4862114,2018-11-20 23:01:11,,2.56807021,0.0,,,61828.4988236,0.0,0.0,147
1,[],12,[],2019-04-21 06:38:04,193091.5971266,0.00000071,0.000000000037635183,7388679,2019-04-21 06:38:04,btc,2.301232411611175,0.0,0.00000071,btc,9957.48302385,0.00023528,0.0313308199999888,148
1,[],4,[],2019-03-19 21:31:25,255810.0415942,0.00000029,0.000000000011615747,6982695,2019-03-19 21:31:25,btc,218.94922712414143,0.0,0.00000029,btc,793529.37642722,0.00117,0.0608347789473395,152
0,[],22,[],2019-03-19 21:31:27,0.0,0,0,6982696,2019-03-19 21:31:27,,0.0,0.0,0,,0.0,0.0,0.0,152
1,[],5,[],2019-04-26 09:36:59,0.0,0,0,7465040,2019-04-26 09:36:59,btc,0.0,0.0,0,btc,0.0,0.0,0.0,153
,[],16,[],2019-01-11 15:38:59,0.0,0,0,6366141,2019-01-11 15:38:59,btc,0.0,0.0,,btc,0.0,0.0,0.0,155
0,[],22,[],2019-06-01 22:24:57,0.0,0,0,7724066,2019-06-01 22:24:57,,7.44455324,0.0,0,,5955762.942592593,0.0,0.0,156
0,[],23,[],2019-01-20 23:24:29,0.0,0,0,6476932,2019-01-20 23:24:29,,0.0,0.0,0,,0.0,0.0,0.0,156
1,[],22,[],2019-06-01 22:25:00,6996.0,0.00000001,0.0000000000008588780000000001,7724067,2019-06-01 22:25:00,BTC,1.7543039,0.0,0.00000001,BTC,57.0,0.0,6.996e-05,157
0,[],22,[],2019-05-21 23:40:32,0.0,0,0,7665049,2019-05-21 23:40:32,,50234.60468402,0.0,0,,54786159.03179465,0.0,0.0,158
,[],17,[],2018-11-20 22:56:10,0.0,0,0,4861976,2018-11-20 22:56:10,btc,1.1265625,0.0,,btc,1000.0,0.0,0.0,159
,[],20,[],2018-11-20 22:56:12,0.0,0,0,4861977,2018-11-20 22:56:12,btc,11912.7940471,0.0,,btc,34413894.3617,0.0,0.0,159
1,[],12,[],2019-05-24 02:51:20,9178.522006449999,0.00000191999999999999982841307998027158276954651228152215480804443359375,0.000000000151222656,7676256,2019-05-24 02:51:20,btc,149.80414728631675,0.0,0.00000191999999999999982841307998027158276954651228152215480804443359375,btc,1115.7451448499999,0.01783167678326,0.0120075778999181,168
1,[],17,[],2019-05-03 01:13:36,42852.0,0.00000002,0.000000000001096006,7559132,2019-05-03 01:13:36,btc,0.04279856251542,0.0,0.00000002,btc,274.46171372,0.0,0.00052852,168
1,[],22,[],2019-05-17 03:01:52,10.0,0.00000001,0.000000000000778341,7642059,2019-05-17 03:01:52,BTC,41.95893009,0.0,0.00000001,BTC,1753972.7737547632,0.0,1e-07,169
1,[],22,[],2019-05-30 08:38:18,202834.0,0.00000002,0.0000000000017416160000000001,7711049,2019-05-30 08:38:18,BTC,27.87002826,0.0,0.00000002,BTC,462189.5410507793,0.0,0.00211768,171
1,[],22,[],2019-05-29 08:05:18,349870.0,0.00000002,0.000000000001705894,7705265,2019-05-29 08:05:18,BTC,24.05907723,0.0,0.00000002,"BTC,LTC",1224285.4355616204,0.0,0.0039847,173
1,[],5,[],2019-06-01 22:25:01,0.0,0,0,7724068,2019-06-01 22:25:01,btc,0.0,0.07204406,0,btc,0.0,0.0,0.0,175
1,[],22,[],2019-06-01 22:25:07,90671.0,0.00000001,0.0000000000008588780000000001,7724069,2019-06-01 22:25:07,BTC,394.35459412,0.0,0.00000001,BTC,136275.61833431243,0.0,0.00090671,176
1,[],7,[],2019-06-01 22:25:10,0.0,0,0,7724070,2019-06-01 22:25:10,btc,522272.5137934946,2548.45154845,0,btc,21477346.91829112,2.548e-05,0.0,178
0,[],22,[],2019-06-01 22:25:12,0.0,0,0,7724071,2019-06-01 22:25:12,,1.00242428,0.0,0,,57512.0,0.0,0.0,178
0,[],2,[],2019-01-20 23:28:34,0.0,0,0,6477001,2019-01-20 23:28:34,,0.0,0.0,0,,0.0,0.0,0.0,178
1,[],5,[],2019-06-01 22:25:13,0.0,0,0,7724072,2019-06-01 22:25:13,btc,0.0,0.15005485,0,btc,0.0,0.0,0.0,179
0,[],22,[],2019-06-01 22:25:15,0.0,0,0,7724073,2019-06-01 22:25:15,,5.31336687,0.0,0,,13263921.311946675,0.0,0.0,179
0,[],23,[],2019-01-20 23:25:08,0.0,0,0,6476952,2019-01-20 23:25:08,,0.0,0.0,0,,0.0,0.0,0.0,179
1,[],22,[],2019-06-01 22:27:19,681953.0287609161,0.00000107,0.00000000009189994600000001,7724074,2019-06-01 22:27:19,BTC,39.18914304,0.0,0.00000107,"BTC,LTC",144807.08376237814,0.00139148,0.58143958,180
1,[],26,[],2019-06-01 22:27:20,0.0,0,0,7724075,2019-06-01 22:27:20,,0.0,0.0,0,,0.0,0.0,0.0,180
1,[],17,[],2019-05-03 01:13:56,20504.725000000002,0.0000001,0.00000000000548003,7559141,2019-05-03 01:13:56,btc,5.2010695838400265,0.0,0.0000001,btc,5033.45945,0.0,0.0011504725,180
,[],7,[],2018-11-20 22:58:01,562227.975654,0.00000085,0.000000000036176765,4862015,2018-11-20 22:58:01,btc,21836.6059674,2491.87645172,,btc,749999.041456,0.00211021,0.127565380455,183
,[],5,[],2019-01-10 08:11:41,0.0,0,0,6347036,2019-01-10 08:11:41,btc,82.15055501,0.00261,,btc,1.19002445,0.0,0.0,187
,[],17,[],2018-11-16 20:58:10,4062536.27273,0.00000001,0.000000000000550501,4708775,2018-11-16 20:58:10,btc,3.36492563466,0.195460381006,,"btc,eth",110697919.549,0.0,0.0157628953496,187
1,[],24,[],2019-05-22 21:04:52,0.0,0.000000000014,0.0000000000000010960978,7670219,2019-05-22 21:04:52,btc,0.0,0.0,0.000000000014,btc,0.0,0.0,0.0,187
0,[],22,[],2019-04-25 02:54:07,0.0,0,0,7447896,2019-04-25 02:54:07,,7.54794454,0.0,0,,76361.7243344055,0.0,0.0,191
0,[],22,[],2019-06-01 22:27:25,0.0,0,0,7724076,2019-06-01 22:27:25,,0.0,0.0,0,,0.0,0.0,0.0,197
0,[],23,[],2019-01-20 23:31:41,0.0,0,0,6477079,2019-01-20 23:31:41,,0.0,0.0,0,,0.0,0.0,0.0,199
0,[],22,[],2019-06-01 22:27:29,0.0,0,0,7724077,2019-06-01 22:27:29,,10.92249999,0.0,0,,98728037.0,0.0,0.0,199
1,[],26,[],2019-06-01 22:27:29,0.0,0,0,7724078,2019-06-01 22:27:29,,0.0,0.0,0,,0.0,0.0,0.0,199
0,[],2,[],2019-01-20 23:30:49,0.0,0,0,6477059,2019-01-20 23:30:49,,0.0,0.0,0,,0.0,0.0,0.0,201
1,[],4,[],2019-01-25 15:51:35,2084389.58565343,0.00000936,0.000000000333526752,6499557,2019-01-25 15:51:35,btc,2.0092503037378524,0.0,0.00000936,btc,160195.80207885,0.19272417,1.242687955921835,211
1,[],7,[],2019-06-01 22:27:33,1170196356.7039578,0.00000037,0.000000000031778486000000004,7724079,2019-06-01 22:27:33,btc,15201833.254150618,218369.93094,0.00000037,btc,6786537.40107219,0.0,11.977918348061934,212
1,[],12,[],2019-01-25 02:44:32,207462.42853209,0.000001080000000000000035831255497387193287295303889550268650054931640625,0.000000000038610756000000006,6493050,2019-01-25 02:44:32,btc,85023.03793723314,0.0,0.000001080000000000000035831255497387193287295303889550268650054931640625,btc,43675.73520027,0.000146250909087,0.0348620860622024,213
1,[],5,[],2019-05-30 00:07:46,0.0,0,0,7709357,2019-05-30 00:07:46,btc,0.0,0.06425239,0,btc,0.0,0.0,0.0,213
1,[],24,[],2019-05-30 00:07:46,0.0,0.000000399202,0.0000000000344859829346,7709358,2019-05-30 00:07:46,btc,0.0,0.0,0.000000399202,btc,0.0,0.0,0.0,213
1,[],26,[],2019-05-30 00:07:47,0.0,0.00000040,0.000000000034554919999999996,7709359,2019-05-30 00:07:47,btc,0.0,0.0,0.00000040,btc,0.0,0.0,0.0,213
0,[],22,[],2019-06-01 22:27:36,0.0,0,0,7724080,2019-06-01 22:27:36,,9.61445386,0.0,0,,3661587.094064925,0.0,0.0,216
1,[],27,[],2019-06-01 22:27:41,194550.0,0.00000001,0.0000000000008588780000000001,7724081,2019-06-01 22:27:41,btc,88.91793967917752,2000.0,0.00000001,"btc,ltc",385585.407688,2e-05,0.0019355000000013211,216
1,[],22,[],2019-06-01 22:27:45,725210.0344827586,0.00000029,0.000000000024907462000000003,7724082,2019-06-01 22:27:45,BTC,12056.47856597,0.0,0.00000029,BTC,518288.6446520223,0.00987163,0.05564642,217
1,[],7,[],2019-06-01 22:27:47,0.0,0,0,7724083,2019-06-01 22:27:47,btc,1234864.1040716618,0.0,0,btc,164001712.13147992,0.0,0.0,219
0,[],27,[],2019-06-01 22:27:51,0.0,0,0,7724084,2019-06-01 22:27:51,,261.41644782671324,0.0,0,btc,15857918.74381025,0.0,0.0,219
0,[],28,[],2019-06-01 22:27:53,0.0,0,0,7724085,2019-06-01 22:27:53,,0.0,14664.0,0,,0.0,0.0,0.0,219
1,[],22,[],2019-05-23 16:41:05,172069.0,0.00000004,0.0000000000031167080000000004,7674065,2019-05-23 16:41:05,BTC,56.76466137,0.0,0.00000004,BTC,127061.6482738741,0.0,0.00393676,221
1,[],24,[],2019-05-23 16:41:05,0.0,0.000000010000,0.0000000000007791770000000001,7674066,2019-05-23 16:41:05,btc,0.0,0.0,0.000000010000,btc,0.0,0.0,0.0,221
1,[],20,[],2019-06-01 22:27:55,10520188.5,0.000000002,0.0000000000001717756,7724086,2019-06-01 22:27:55,btc,100052.67419088971,100187.8571,0.000000002,btc,45432148.0108,0.0002003757142,0.011210053,224
0,[],22,[],2019-06-01 22:27:58,0.0,0,0,7724087,2019-06-01 22:27:58,,0.0,0.0,0,,0.0,0.0,0.0,224
1,[],26,[],2019-06-01 22:27:58,0.0,0,0,7724088,2019-06-01 22:27:58,,0.0,0.0,0,,0.0,0.0,0.0,231
1,[],26,[],2019-06-01 22:27:58,0.0,0,0,7724089,2019-06-01 22:27:58,,0.0,0.0,0,,0.0,0.0,0.0,234
0.0000000003123597,[],27,[],2019-06-01 22:28:06,100.0,3.123597e-18,2.682788744166e-22,7724090,2019-06-01 22:28:06,eth,0.01134836604,0.0,0.00000001,"btc,eth",11462.996,0.0,3.1235969999999997e-16,234
1,[],4,[],2019-05-22 17:06:12,91780.56053785,0.00000078,0.000000000061977552,7669277,2019-05-22 17:06:12,btc,5.573372450018177,0.0,0.00000078,btc,729173.93529783,0.0,0.0307060663355679,236
1,[],24,[],2019-05-22 17:06:12,0.0,0.000000010000,0.000000000000794584,7669278,2019-05-22 17:06:12,btc,0.0,0.0,0.000000010000,btc,0.0,0.0,0.0,236
1,[],5,[],2019-06-01 22:28:07,0.0,0,0,7724091,2019-06-01 22:28:07,btc,0.0,0.12183442,0,btc,0.0,0.0,0.0,237
1,[],20,[],2019-06-01 22:28:09,118376194.5467,0.000000042,0.0000000000036072876000000003,7724092,2019-06-01 22:28:09,btc,608.7504768108643,10650857.3227,0.000000042,btc,43226829.5657,0.4671353668492,0.4350036383929,237
1,[],22,[],2019-06-01 22:28:12,288100.0,0.00000003,0.0000000000025766340000000004,7724093,2019-06-01 22:28:12,BTC,1.20267422,0.0,0.00000003,"BTC,LTC",17930.94871794872,0.0,0.007541,237
1,[],4,[],2019-06-01 22:28:14,27056914.95723668,0.00000011,0.000000000009447658,7724094,2019-06-01 22:28:14,btc,2.726247271943521,0.0,0.00000011,btc,8953976.36024487,0.01166439,0.5439771191949944,238
1,[],5,[],2019-06-01 22:28:16,0.0,0,0,7724095,2019-06-01 22:28:16,btc,0.0,0.01585448,0,btc,0.0,0.0,0.0,238
0,[],22,[],2019-03-12 16:49:32,0.0,0,0,6914458,2019-03-12 16:49:32,,0.40415746,0.0,0,,526736.5639027493,0.0,0.0,249
0,[],22,[],2019-05-28 23:53:45,0.0,0,0,7703643,2019-05-28 23:53:45,,13.44714864,0.0,0,,43777534.3426455,0.0,0.0,252
0,[],28,[],2019-06-01 22:28:18,0.0,0,0,7724096,2019-06-01 22:28:18,,0.0,338310.19994233,0,,0.0,0.0,0.0,256
1,[],22,[],2019-06-01 22:28:22,1021960.0,0.00000001,0.0000000000008588780000000001,7724097,2019-06-01 22:28:22,BTC,31464.5506333,0.0,0.00000001,BTC,584951.6675322719,1.251e-05,0.0102196,258
1,[],22,[],2019-05-19 18:12:02,400.0,0.00000001,0.0000000000007957800000000001,7653905,2019-05-19 18:12:02,BTC,2.415167,0.0,0.00000001,BTC,157.0,0.0,4e-06,259
1,[],5,[],2019-06-01 22:28:23,0.0,0,0,7724098,2019-06-01 22:28:23,btc,0.0,0.09356068,0,btc,0.0,0.0,0.0,264
1,[],20,[],2019-06-01 22:28:25,959018.4995,0.000000154,0.000000000013226721200000002,7724099,2019-06-01 22:28:25,btc,0.9761376162247,24861.0,0.000000154,btc,51736.5911,0.01441938,0.0080537773876,264
0,[],22,[],2019-04-12 17:57:27,0.0,0,0,7278186,2019-04-12 17:57:27,,66.37522201,0.0,0,,677842.4169881374,0.0,0.0,271
0,[],22,[],2019-05-29 08:10:20,0.0,0,0,7705301,2019-05-29 08:10:20,,33050470.74998113,0.0,0,,14361377780.7,0.0,0.0,272
0,[],28,[],2019-05-29 08:10:54,0.0,0,0,7705302,2019-05-29 08:10:54,,0.0,22189957216.5758,0,,0.0,0.0,0.0,272
1,[],22,[],2019-05-23 07:12:29,219930.0,0.00000004,0.000000000003048688,7671985,2019-05-23 07:12:29,BTC,426.77835217,0.0,0.00000004,BTC,248664.3325962929,0.0,0.00739728,281
1,[],22,[],2019-06-01 22:28:30,378680.43333333335,0.00000004,0.0000000000034355120000000005,7724100,2019-06-01 22:28:30,BTC,31.6746666,0.0,0.00000004,"BTC,LTC",1540658.4569583754,4.408e-05,0.01589089,286
0,[],22,[],2019-06-01 22:28:32,0.0,0,0,7724101,2019-06-01 22:28:32,,7337904.96568486,0.0,0,,2004620112.6797826,0.0,0.0,294
