pairValue,buyBook,exchangeId,sellBook,updated,buyTotal,satoshiPrice,usdPrice,exchangeLogId,created,bestPair,sellTotalBtc,volume,pairPrice,activePairs,sellTotal,volumeBtc,buyTotalBtc,coinId
1,[],24,[],2019-02-23 07:04:28,0.0,0.000000000000,0,6764800,2019-02-23 07:04:28,btc,0.0,0.0,0.000000000000,btc,0.0,0.0,0.0,1
0.0,[],25,[],2019-02-23 07:04:29,0.0,0,0,6764801,2019-02-23 07:04:29,btc,12.22369999876986,329.06046344,0.0,btc,918.86248864,4.29,0.0,1
1,[],26,[],2019-02-23 07:04:39,0.0,0,0,6764802,2019-02-23 07:04:39,,0.0,0.0,0,,0.0,0.0,0.0,1
1,[],28,[],2019-02-23 07:04:45,993.21,0.01323000,0.000000523204164,6764803,2019-02-23 07:04:45,btc,0.162839806,17415.7,0.01323000,btc,8.9,0.0,0.090071836,1
0,[],2,[],2019-01-20 23:28:45,0.0,0,0,6477011,2019-01-20 23:28:45,,0.0,0.0,0,,0.0,0.0,0.0,1
1,[],3,[],2019-02-23 07:04:13,30547.11938877276,0.01275421000000000019969359499327765661291778087615966796875,0.000000504388192028,6764792,2019-02-23 07:04:13,btc,61.13099673231798,1.01548648681,0.01275421000000000019969359499327765661291778087615966796875,btc,26.563426257907,0.0,0.15186655659645648,1
1,[],4,[],2019-02-23 07:04:13,120062.53933761,0.01283902,0.000000507742156136,6764793,2019-02-23 07:04:13,btc,9.167064677340504,0.0,0.01283902,btc,256.65947564,0.62841517,1.2224157648313703,1
1,[],5,[],2019-02-23 07:04:15,0.0,0,0,6764794,2019-02-23 07:04:15,btc,0.0,0.01833463,0,btc,0.0,0.0,0.0,1
1,[],10,[],2019-02-23 07:04:18,414393.03125705,0.01171721,0.000000463378160428,6764795,2019-02-23 07:04:18,btc,6523.200416370836,1386.08723942,0.01171721,btc,1081.55353814,0.0,5.574703751214174,1
1,[],12,[],2019-02-23 07:04:20,10436.96510627,0.01280000000000000061339822110539898858405649662017822265625,0.00000050619904,6764796,2019-02-23 07:04:20,btc,0.23958231637740002,0.0,0.01280000000000000061339822110539898858405649662017822265625,btc,10.83277623,0.095976034404,0.3668166138304,1
1,[],20,[],2019-02-23 07:04:23,1150.6337,0.010500214,0.0000004152498630152,6764797,2019-02-23 07:04:23,btc,0.060761108601,0.4716,0.010500214,btc,2.7883,0.00499896,0.0910128572425,1
1,[],21,[],2019-02-23 07:04:23,2662.01244167,0.01282120999999999955143437091,0.0000005070378276279999,6764798,2019-02-23 07:04:23,btc,47.9982720932053,6670.143853760001,0.0128212099999999995514343709146487526595592498779296875,"btc,eth",4241.36836643,82.33316295560323,24.993483878647965,1
1,[],22,[],2019-02-23 07:04:28,0.0163776,0.01300000,0.0000005141084,6764799,2019-02-23 07:04:28,BTC,0.31423927,0.0,0.01300000,BTC,0.11751954901960784,0.0,0.00020972,1
1,[],5,[],2019-02-23 07:04:46,0.0,0,0,6764804,2019-02-23 07:04:46,btc,0.0,0.01035771,0,btc,0.0,0.0,0.0,2
0.0000000001265536,[],22,[],2019-02-23 07:04:50,1148.0,1.3920896e-16,5.505268899328e-21,6764805,2019-02-23 07:04:50,XMR,21.01373823,0.0,0.00000110,XMR,14319.12581,0.0,0.00087635,2
1,[],5,[],2019-02-23 07:04:50,0.0,0,0,6764806,2019-02-23 07:04:50,btc,0.0,0.04205557,0,btc,0.0,0.0,0.0,3
1,[],12,[],2019-02-23 07:04:52,12944800.8822,0.000000172,0.0000000000068020496,6764807,2019-02-23 07:04:52,btc,924396.5995023949,0.0,0.000000172,btc,8663156.71362204,0.14856391273895678,0.6086492673927,3
0,[],28,[],2019-02-23 07:04:57,0.0,0,0,6764808,2019-02-23 07:04:57,,0.0,0.0,0,,0.0,0.0,0.0,3
0,[],2,[],2019-01-20 23:31:32,0.0,0,0,6477077,2019-01-20 23:31:32,,0.0,0.0,0,,0.0,0.0,0.0,4
1,[],4,[],2019-02-22 15:52:28,400439.70738348,0.00000032,0.000000000012596480000000001,6759744,2019-02-22 15:52:28,btc,31.576426407239886,0.0,0.00000032,btc,685876.08766458,0.0,0.0547125982053145,4
1,[],12,[],2019-02-22 14:50:14,1367032.5219999999,0.00000003,0.000000000001190475,6759350,2019-02-22 14:50:14,btc,11013869.583570713,0.0,0.00000003,btc,1211697.32371984,0.00024567976024,0.02065290044,5
1,[],11,[],2019-02-23 07:04:59,3301329.5,0.00000002,0.000000000000790936,6764809,2019-02-23 07:04:59,btc,9432.834995181234,61187.0,0.00000002,btc,41406686.95347657,0.0,0.033501425,6
0,[],2,[],2019-01-20 23:31:51,0.0,0,0,6477087,2019-01-20 23:31:51,,0.0,0.0,0,,0.0,0.0,0.0,6
1,[],3,[],2019-02-23 07:04:59,1091.956916111364,0.00015101000000000000598847360588905530676129274070262908935546875,0.000000005971962268,6764810,2019-02-23 07:04:59,btc,27.605796873748474,0.0,0.00015101000000000000598847360588905530676129274070262908935546875,btc,249.144760639695,0.0,0.03419747781770456,7
1,[],4,[],2019-02-23 07:05:01,102771.44350505,0.00024041,0.000000009507446188,6764811,2019-02-23 07:05:01,btc,15.57763796421452,0.0,0.00024041,btc,50248.52200592,4.09920862,6.876264943538774,7
1,[],5,[],2019-02-23 07:05:02,0.0,0,0,6764812,2019-02-23 07:05:02,btc,0.0,0.68199237,0,btc,0.0,0.0,0.0,7
1,[],20,[],2019-02-20 02:16:17,39399275.8418,0.000000001,0.0000000000000390183,6728586,2019-02-20 02:16:17,btc,116.9737569154545,525.0,0.000000001,btc,56932965.8895,5.25e-07,0.0393992758418,8
1,[],4,[],2019-02-23 07:05:05,1876818.60366845,0.00000174,0.00000000006881143199999999,6764813,2019-02-23 07:05:05,btc,4.086782985914681,0.0,0.00000174,btc,2073937.65358113,2.33982404,0.6041882528719734,9
1,[],28,[],2019-02-23 07:05:10,43948.0,0.00000175,0.00000000006920689999999999,6764814,2019-02-23 07:05:10,btc,2708.763440957195,3618831.0,0.00000175,btc,12613.2201,0.0,0.044282,9
0,[],2,[],2019-01-20 23:22:42,0.0,0,0,6476876,2019-01-20 23:22:42,,0.0,0.0,0,,0.0,0.0,0.0,9
0,[],23,[],2019-01-20 23:22:48,0.0,0,0,6476878,2019-01-20 23:22:48,,0.0,0.0,0,,0.0,0.0,0.0,9
1,[],1,[],2019-02-17 23:31:42,1822507.21,0.00000181000000000000003456111265232042484285557293333113193511962890625,0.000000000066086901,6701244,2019-02-17 23:31:42,btc,3.6990969245,17153386.5,0.00000181000000000000003456111265232042484285557293333113193511962890625,btc,1997391.71,31.11772986,3.2610482446,9
1,[],4,[],2019-02-17 11:22:43,4341674.27126056,0.00000002,0.0000000000007272960000000001,6696112,2019-02-17 11:22:43,btc,0.1997230937751353,0.0,0.00000002,btc,4109766.79808031,0.00215132,0.0479381022052112,10
1,[],4,[],2019-02-23 07:05:11,2424357.36984202,0.00000144,0.000000000056947392,6764815,2019-02-23 07:05:11,btc,16.455473382430913,0.0,0.00000144,btc,7398529.72889407,2.10373238,2.2201506160286004,12
1,[],5,[],2019-02-23 07:05:12,0.0,0,0,6764816,2019-02-23 07:05:12,btc,0.0,1.0454833,0,btc,0.0,0.0,0.0,12
0.0,[],25,[],2019-02-23 07:05:14,0.0,0,0,6764817,2019-02-23 07:05:14,,0.0,0.0,0.0,btc,0.0,0.0,0.0,12
0,[],2,[],2019-01-20 23:23:08,0.0,0,0,6476890,2019-01-20 23:23:08,,0.0,0.0,0,,0.0,0.0,0.0,12
1,[],4,[],2019-02-23 07:05:14,1279501.37156662,0.00000581,0.000000000229766908,6764818,2019-02-23 07:05:14,btc,3.0542486848153034,0.0,0.00000581,btc,416633.43087123,0.41474752,1.1660419695302866,13
1,[],21,[],2019-02-23 07:05:18,378133.4058613,0.000005839999999999999989838857239,0.000000000230953312,6764819,2019-02-23 07:05:18,btc,6.100717298428273,677913.01653341,0.000005839999999999999989838857239465852444482152350246906280517578125,btc,954690.00983318,3.93436003,1.9847493463629924,13
1,[],10,[],2019-02-22 22:03:09,487662.45142447,0.00000578,0.00000000022923075399999998,6762029,2019-02-22 22:03:09,btc,666802.5519920025,23155.0440649,0.00000578,btc,727017.28591317,0.0,0.315768840178396,13
1,[],4,[],2019-02-23 07:05:19,672651.88516958,0.00000131,0.000000000051806308,6764820,2019-02-23 07:05:19,btc,13.276233870643354,0.0,0.00000131,btc,880919.03772963,0.04023787,0.1352987860425269,14
1,[],12,[],2019-02-23 07:05:20,116494.91304348,0.00000110999999999999996035831596741250137938550324179232120513916015625,0.000000000043896948,6764821,2019-02-23 07:05:20,btc,5.287015057425311,0.0,0.00000110999999999999996035831596741250137938550324179232120513916015625,btc,29489.60927439,0.0047792560239848,0.0211640100000004,14
1,[],26,[],2019-02-23 07:05:32,0.0,0.00000050,0.000000000019773399999999998,6764822,2019-02-23 07:05:32,btc,0.0,0.0,0.00000050,btc,0.0,0.0,0.0,14
0,[],17,[],2019-02-23 06:05:29,0.0,0,0,6764623,2019-02-23 06:05:29,btc,0.0,0.0,0,btc,0.0,0.0,0.0,14
0,[],4,[],2019-02-23 07:05:33,0.0,0,0,6764823,2019-02-23 07:05:33,,0.0,0.0,0,,0.0,0.0,0.0,15
,[],12,[],2018-12-01 15:15:48,204241.84496,0.00000489,0.000000000202473384,5260204,2018-12-01 15:15:48,btc,49.5475654835,0.0,,btc,35763.2193806,0.0163153972027625,0.0203389899998,15
1,[],4,[],2019-02-23 07:05:36,26824.32198375,0.00001810,0.00000000071579708,6764824,2019-02-23 07:05:36,btc,1.2020223150079299,0.0,0.00001810,btc,6550.60422313,0.0226122,0.0985528361251514,18
1,[],10,[],2019-02-23 07:05:38,785856.86437819,0.00001825,0.0000000007217291,6764825,2019-02-23 07:05:38,btc,15.542650981472766,17426.2586848,0.00001825,btc,10850.37807742,0.0,0.1849806394449995,18
1,[],12,[],2019-02-23 07:05:39,199507.10374561,0.00001800000000000000045601543374740316494353464804589748382568359375,0.0000000007118424,6764826,2019-02-23 07:05:39,btc,21.98183582161214,0.0,0.00001800000000000000045601543374740316494353464804589748382568359375,btc,1853.74705462,0.0071012977322216,0.0363897726617575,18
0,[],17,[],2019-02-23 07:05:41,0.0,0,0,6764827,2019-02-23 07:05:41,btc,0.0,0.0,0,btc,0.0,0.0,0.0,18
0,[],2,[],2019-01-20 23:23:38,0.0,0,0,6476906,2019-01-20 23:23:38,,0.0,0.0,0,,0.0,0.0,0.0,18
1,[],3,[],2019-02-23 07:05:43,120776.3141567528,0.00002203999999999999904500003200524815838434733450412750244140625,0.000000000871611472,6764828,2019-02-23 07:05:43,btc,0.6164291713841923,2341.30882281,0.00002203999999999999904500003200524815838434733450412750244140625,btc,11589.386060691473,0.0,0.07966178993169826,19
1,[],4,[],2019-02-23 07:05:44,635777.93552035,0.00002035,0.00000000080477738,6764829,2019-02-23 07:05:44,btc,2.5131436642875418,0.0,0.00002035,btc,74316.85615876,0.73044389,2.629393896242892,19
1,[],5,[],2019-02-23 07:05:46,0.0,0,0,6764830,2019-02-23 07:05:46,btc,0.0,0.00924847,0,btc,0.0,0.0,0.0,19
1,[],12,[],2019-02-23 07:05:47,132561.47773503,0.000018190000000000000330950544746855257471906952559947967529296875,0.000000000719356292,6764831,2019-02-23 07:05:47,btc,1.2838552542800514,0.0,0.000018190000000000000330950544746855257471906952559947967529296875,btc,442.16286621,0.00810448,0.07752710000019569,19
0,[],27,[],2019-02-23 07:05:49,0.0,0,0,6764832,2019-02-23 07:05:49,,0.0,0.0,0,btc,0.0,0.0,0.0,19
0,[],2,[],2019-01-20 23:24:19,0.0,0,0,6476924,2019-01-20 23:24:19,,0.0,0.0,0,,0.0,0.0,0.0,19
1,[],4,[],2019-02-23 07:05:51,8071160.95424551,0.00000013,0.000000000005141084,6764833,2019-02-23 07:05:51,btc,7.376065179582633,0.0,0.00000013,btc,2843149.4360639,0.0,0.2585325451781454,20
1,[],4,[],2019-02-23 07:05:52,104150384.86437024,0.00000002,0.000000000000790936,6764834,2019-02-23 07:05:52,btc,359.51289750582265,0.0,0.00000002,btc,55731908.51417261,0.0,1.1707481411680452,21
1,[],12,[],2019-02-23 07:05:52,18647376.0,0.00000002,0.000000000000790936,6764835,2019-02-23 07:05:52,btc,670.3899289734848,0.0,0.00000002,btc,8544410.32857329,0.0,0.24518776,21
0,[],17,[],2019-02-23 05:05:01,0.0,0,0,6764220,2019-02-23 05:05:01,btc,0.0,0.0,0,btc,0.0,0.0,0.0,21
1,[],12,[],2019-02-23 07:05:55,3629318728.6808996,0.0000000002,0.00000000000000790936,6764836,2019-02-23 07:05:55,btc,875865842010.5427,0.0,0.0000000002,btc,4720111111.976471,0.04120117193006951,0.42196495148299046,23
0.000000000371476,[],27,[],2019-02-23 07:05:57,2000.0,3.714760000000001e-18,1.4690687076800002e-22,6764837,2019-02-23 07:05:57,eth,1.3429826565934113,0.0,0.00000001,eth,1964879.85514486,0.0,7.429520000000001e-15,23
1,[],4,[],2019-02-23 07:05:58,288992.81054197,0.00000060,0.00000000002372808,6764838,2019-02-23 07:05:58,btc,8.386153390466013,0.0,0.00000060,btc,1478082.01201659,0.00049644,0.1423878217127546,24
1,[],22,[],2019-02-23 07:06:03,11.76,0.00000100,0.000000000039546799999999996,6764839,2019-02-23 07:06:03,BTC,7.415e-05,0.0,0.00000100,BTC,23.919354838709676,0.0,1.176e-05,24
0.0,[],25,[],2019-02-23 07:06:05,0.0,0,0,6764840,2019-02-23 07:06:05,,0.0,0.0,0.0,btc,0.0,0.0,0.0,24
1,[],4,[],2019-02-23 07:06:06,26863370.90853829,0.00000615,0.00000000024321282,6764841,2019-02-23 07:06:06,btc,140.36293356590704,0.0,0.00000615,btc,237804.62855281,0.06375722,0.467443912224414,26
1,[],10,[],2019-02-23 07:06:08,692857.38344701,0.00000601,0.000000000237676268,6764842,2019-02-23 07:06:08,btc,25.92896810762037,6079.9508561,0.00000601,btc,14577.86340564,0.0,0.2408944989832149,26
0,[],2,[],2019-01-20 23:25:56,0.0,0,0,6476976,2019-01-20 23:25:56,,0.0,0.0,0,,0.0,0.0,0.0,26
1,[],3,[],2019-02-23 07:06:08,10713774.85086352,0.00000002,0.000000000000790936,6764843,2019-02-23 07:06:08,btc,2.897119493200456,170804.27123,0.00000002,btc,18612766.60043417,0.0,0.1439229799959135,27
1,[],5,[],2019-02-23 07:06:09,0.0,0,0,6764844,2019-02-23 07:06:09,btc,0.0,0.03869042,0,btc,0.0,0.0,0.0,27
1,[],11,[],2019-02-23 07:06:11,9657302.940399151,0.00000005,0.0000000000019773399999999997,6764845,2019-02-23 07:06:11,btc,67506.53137702076,146281.413934,0.00000005,btc,8171781.9763934,0.0,0.450973774642923,27
1,[],4,[],2019-02-23 07:06:12,1411668111.3180125,0.00000002,0.000000000000790936,6764846,2019-02-23 07:06:12,btc,9.957204543928468,0.0,0.00000002,"btc,ltc",494861055.3455597,0.39731875,9.374211676016003,29
1,[],7,[],2019-02-23 07:06:14,35120999.95936194,0.00000002,0.000000000000790936,6764847,2019-02-23 07:06:14,btc,44465227.33428344,2597002.19696,0.00000002,btc,60094780.44776539,0.02696224,0.3522099995936194,29
1,[],4,[],2019-02-23 07:06:14,1386545.84350156,0.00000030,0.00000000001186404,6764848,2019-02-23 07:06:14,btc,2.313425488582898,0.0,0.00000030,btc,1513173.97584778,0.0111413,0.0933226092872833,30
0,[],17,[],2019-02-23 06:06:18,0.0,0,0,6764651,2019-02-23 06:06:18,btc,0.0,0.0,0,btc,0.0,0.0,0.0,30
1,[],4,[],2019-02-23 07:06:16,1133714.26934971,0.00005701,0.000000002254563068,6764849,2019-02-23 07:06:16,btc,5.287591892245926,0.0,0.00005701,btc,62884.33733182,0.78250247,1.5306731769973645,31
1,[],21,[],2019-02-23 07:06:17,63080.55771185,0.00005720000000000000122324025909,0.00000000226207696,6764850,2019-02-23 07:06:17,btc,2.5557759716910904,87799.64942192,0.0000572000000000000012232402590850455226245685480535030364990234375,btc,39416.59110414,5.15994655,3.185747687285535,31
0,[],2,[],2019-01-20 23:28:43,0.0,0,0,6477009,2019-01-20 23:28:43,,0.0,0.0,0,,0.0,0.0,0.0,32
1,[],4,[],2019-02-23 07:06:17,363740208.3963355,0.00000004,0.000000000001581872,6764851,2019-02-23 07:06:17,btc,9.824548659157628,0.0,0.00000004,"btc,ltc",171718129.60149035,0.25307774,8.406617686057679,33
1,[],12,[],2019-02-23 07:06:18,16182507.379,0.00000005,0.0000000000019773399999999997,6764852,2019-02-23 07:06:18,btc,35620494.43226307,0.0,0.00000005,btc,89083512.35064909,0.0037311998002002,0.53799288895,33
1,[],4,[],2019-02-23 07:06:20,129303923.68272509,0.00000001,0.000000000000395468,6764853,2019-02-23 07:06:20,btc,4.3999494601785765,0.0,0.00000001,btc,99829786.62114432,0.00467337,1.293039236827251,34
1,[],5,[],2019-02-23 07:06:21,0.0,0,0,6764854,2019-02-23 07:06:21,btc,0.0,0.5199042,0,btc,0.0,0.0,0.0,34
0.000000000123149,[],4,[],2019-02-23 07:06:22,1260228265.9913146,2.46298e-18,9.7402977464e-23,6764855,2019-02-23 07:06:22,ltc,2.659602278917861e-08,0.0,0.00000002,ltc,3197194471.9893126,0.0,2.1363629735717184e-09,36
1,[],5,[],2019-02-23 07:06:23,0.0,0,0,6764856,2019-02-23 07:06:23,btc,0.0,0.0,0,btc,0.0,0.0,0.0,36
0,[],17,[],2019-02-23 07:06:24,0.0,0,0,6764857,2019-02-23 07:06:24,btc,0.07464582844529837,0.0,0,btc,4105386.20243647,0.0,0.0,36
0.000000000371476,[],27,[],2019-02-23 07:06:27,2000.0,3.714760000000001e-18,1.4690687076800002e-22,6764858,2019-02-23 07:06:27,eth,114.2235941557863,0.0,0.00000001,"ltc,eth",4163566.4875004,0.0,7.429520000000001e-15,36
1,[],4,[],2019-02-23 07:06:28,273571.44631012,0.00000075,0.0000000000296601,6764859,2019-02-23 07:06:28,btc,19772.477610712773,0.0,0.00000075,btc,562965.55973278,0.00665408,0.1268163259136404,37
1,[],12,[],2019-02-23 07:06:29,484315.58929211,0.00000074,0.000000000029264632,6764860,2019-02-23 07:06:29,btc,1347.084378739909,0.0,0.00000074,btc,872339.54849173,0.0963869325178756,0.1257035207274866,37
1,[],17,[],2019-02-23 07:06:41,1752.74075282,0.00000025,0.000000000009886699999999999,6764861,2019-02-23 07:06:41,btc,0.055484923777095005,0.0,0.00000025,btc,1319.19918473,0.0,0.00043818518820499993,37
1,[],27,[],2019-02-23 07:06:44,14685.567,0.00000045,0.00000000001779606,6764862,2019-02-23 07:06:44,btc,25.83024737411233,0.0,0.00000045,btc,6763.38138508,0.0,0.00480032515,37
1,[],5,[],2019-02-23 07:06:46,0.0,0,0,6764863,2019-02-23 07:06:46,btc,0.0,0.00532652,0,btc,0.0,0.0,0.0,42
1,[],12,[],2019-02-23 07:06:47,136913.07356234,0.00000097,0.000000000038360396,6764864,2019-02-23 07:06:47,btc,94.69856220371263,0.0,0.00000097,btc,101595.06450592,0.0273675554475741,0.0424249779650308,42
0.000000000371476,[],27,[],2019-02-23 07:06:50,2000.0,3.714760000000001e-18,1.4690687076800002e-22,6764865,2019-02-23 07:06:50,eth,0.00315028,0.0,0.00000001,"btc,eth",11.007,0.0,7.429520000000001e-15,42
1,[],5,[],2019-02-23 07:06:52,0.0,0,0,6764866,2019-02-23 07:06:52,btc,0.0,4.6e-05,0,btc,0.0,0.0,0.0,43
1,[],12,[],2019-02-23 07:06:53,3651999.0,0.00000001,0.000000000000395468,6764867,2019-02-23 07:06:53,btc,20003931.28669576,0.0,0.00000001,btc,39482700.26613386,0.00099847994006,0.03651999,43
0,[],17,[],2019-02-23 05:13:59,0.0,0,0,6764445,2019-02-23 05:13:59,btc,0.0,0.0,0,btc,0.0,0.0,0.0,43
1,[],12,[],2019-02-23 07:07:04,679546.0,0.00000005,0.0000000000019773399999999997,6764868,2019-02-23 07:07:04,btc,11115177.727969607,0.0,0.00000005,btc,1099245.39762234,0.0007432,0.01729618,44
1,[],4,[],2019-02-23 07:07:05,304154790.4440582,0.00000002,0.000000000000790936,6764869,2019-02-23 07:07:05,btc,474.57134500068145,0.0,0.00000002,"btc,ltc",12287186.99500239,0.00016452,0.21763833380658,49
0,[],4,[],2019-02-23 07:07:07,0.0,0,0,6764870,2019-02-23 07:07:07,,25.469936314289107,0.0,0,,10724285300.576591,0.0,0.0,52
0.0000000001265536,[],22,[],2019-02-23 07:07:12,80945862.0,1.2655359999999999e-18,5.0047899084799994e-23,6764871,2019-02-23 07:07:12,XMR,4366.33224183,0.0,0.00000001,XMR,248874057.67882353,0.0,0.80945862,57
0.000000000371476,[],27,[],2019-02-23 07:07:14,2000.0,3.714760000000001e-18,1.4690687076800002e-22,6764872,2019-02-23 07:07:14,eth,0.0,0.0,0.00000001,"btc,eth",0.0,0.0,7.429520000000001e-15,57
0.000000000123149,[],4,[],2019-02-23 07:07:16,855382054.6642373,3.69447e-18,1.46104466196e-22,6764873,2019-02-23 07:07:16,ltc,18.810559398387902,0.0,0.00000003,ltc,3900067296.256049,0.0,1.9648888956280116e-09,58
1,[],12,[],2019-02-23 07:07:17,1648214241.843957,0.0000000004,0.00000000000001581872,6764874,2019-02-23 07:07:17,btc,224005479476.7892,0.0,0.0000000004,btc,3709301736.226249,0.009788364787412579,0.5346659566011391,58
0,[],17,[],2019-02-23 07:07:19,0.0,0,0,6764875,2019-02-23 07:07:19,btc,1e+24,0.0,0,btc,41481695.95832568,0.0,0.0,58
0.0000000001265536,[],22,[],2019-02-23 07:07:22,137438.0,1.2655359999999999e-18,5.0047899084799994e-23,6764876,2019-02-23 07:07:22,XMR,69.8835922,0.0,0.00000001,XMR,9887963.0,0.0,0.00137438,58
1,[],5,[],2019-02-23 07:07:23,0.0,0,0,6764877,2019-02-23 07:07:23,btc,0.0,0.00836322,0,btc,0.0,0.0,0.0,61
1,[],22,[],2019-02-23 07:07:27,5149.5,0.00000011,0.000000000004350148,6764878,2019-02-23 07:07:27,BTC,1002.29597012,0.0,0.00000011,BTC,14947.700278135757,0.0,0.00051596,61
1,[],26,[],2019-02-23 07:07:27,0.0,0.00000800,0.00000000031637439999999997,6764879,2019-02-23 07:07:27,btc,0.0,0.0,0.00000800,btc,0.0,0.0,0.0,61
1,[],27,[],2019-02-23 07:07:30,2493.55,0.00000045,0.00000000001779606,6764880,2019-02-23 07:07:30,btc,2.9490818105130616,0.0,0.00000045,"btc,eth",19198.38399471,0.0,0.0002155975036404648,61
1,[],28,[],2019-02-23 07:07:35,13882.304,0.0000005,0.000000000019773399999999998,6764881,2019-02-23 07:07:35,btc,2.056328285685105,768.0,0.0000005,btc,9746.52450005,0.0,0.00566491304,61
1,[],4,[],2019-02-23 07:07:36,1456754.26760378,0.00000282,0.000000000111521976,6764882,2019-02-23 07:07:36,btc,11.365879841155358,0.0,0.00000282,btc,819805.82804512,0.12281092,1.3921250343272635,67
0.0,[],25,[],2019-02-23 07:07:38,0.0,0,0,6764883,2019-02-23 07:07:38,,0.0,0.0,0.0,btc,0.0,0.0,0.0,67
1,[],12,[],2019-02-23 07:07:39,3007357.53068831,0.00000022,0.000000000008700296000000001,6764884,2019-02-23 07:07:39,btc,11115998.397985738,0.0,0.00000022,btc,2040326.93646717,0.0002660183523976,0.1061207364411114,71
,[],5,[],2018-11-20 23:02:39,1.5e-07,0.00000005,0.000000000002128045,4862160,2018-11-20 23:02:39,btc,2.84511358,0.0,,btc,0.00036572,0.0,0.07381892,74
1,[],5,[],2019-02-23 07:07:40,0.0,0,0,6764885,2019-02-23 07:07:40,btc,0.0,0.0,0,btc,0.0,0.0,0.0,75
1,[],4,[],2019-02-23 07:07:42,17233280.92031862,0.00000001,0.000000000000395468,6764886,2019-02-23 07:07:42,btc,11388.638595673243,0.0,0.00000001,btc,34444270.17624532,0.0,0.1723328092031862,81
0,[],20,[],2019-01-25 09:30:31,0.0,0,0,6495923,2019-01-25 09:30:31,btc,0.0,0.0,0,btc,0.0,0.0,0.0,81
1,[],4,[],2019-02-23 07:07:44,41132.73601411,0.00007698,0.000000003044312664,6764887,2019-02-23 07:07:44,btc,17.757749083039055,0.0,0.00007698,btc,12559.62313571,0.0074543,0.5327281544970311,82
1,[],21,[],2019-02-23 07:07:44,1068004.5660047801,0.00007642000000000000355104834426,0.000000003022166456,6764888,2019-02-23 07:07:44,btc,2.222246576666153,7157.49990238,0.00007642000000000000355104834426356319454498589038848876953125,btc,23419.79840851,0.55230766,2.5036543354979157,82
0,[],17,[],2019-02-23 07:07:56,0.0,0,0,6764889,2019-02-23 07:07:56,btc,0.0447233088476774,0.0,0,btc,999127.19588126,0.0,0.0,84
0.000000000123149,[],4,[],2019-02-23 07:07:57,173176299.2856233,4.92596e-18,1.94805954928e-22,6764890,2019-02-23 07:07:57,ltc,1.7830422472472982,0.0,0.00000004,ltc,405740065.19711226,0.0,4.694599063500414e-10,85
,[],22,[],2018-11-20 23:09:34,3408.1,0.0000001,0.0000000000041895,4862324,2018-11-20 23:09:34,BTC,0.04624735,0.0,,BTC,4990.0,0.0,0.00033081,86
0,[],22,[],2019-02-22 12:52:35,0.0,0,0,6758847,2019-02-22 12:52:35,,2.0760781,0.0,0,,140622.94736842104,0.0,0.0,87
0,[],27,[],2019-02-22 12:52:37,0.0,0,0,6758848,2019-02-22 12:52:37,,0.0,0.0,0,btc,0.0,0.0,0.0,87
,[],2,[],2018-11-20 23:10:47,0.0,0,0,4862359,2018-11-20 23:10:47,,0.0,0.0,,,0.0,0.0,0.0,88
1,[],11,[],2019-02-23 07:07:59,93504.00955405,0.000147090000000000002862432513239809850347228348255157470703125,0.000000005816938812,6764891,2019-02-23 07:07:59,btc,608.6119674122906,72.71435371,0.000147090000000000002862432513239809850347228348255157470703125,btc,95400.57170622,0.0,6.356377971280435,89
0,[],2,[],2019-01-20 23:31:45,0.0,0,0,6477083,2019-01-20 23:31:45,,0.0,0.0,0,,0.0,0.0,0.0,91
1,[],12,[],2019-02-23 07:08:01,427985.69905833,0.000001399999999999999936647356556240762159859514213167130947113037109375,0.00000000005536552,6764892,2019-02-23 07:08:01,btc,4.316808186927429,0.0,0.000001399999999999999936647356556240762159859514213167130947113037109375,btc,57588.79173553,0.0066148372277721,0.039953849093827,91
0,[],17,[],2019-02-23 07:08:03,0.0,0,0,6764893,2019-02-23 07:08:03,btc,0.0,0.0,0,btc,0.0,0.0,0.0,91
0,[],22,[],2019-02-23 07:08:05,0.0,0,0,6764894,2019-02-23 07:08:05,,3.1e-06,0.0,0,,2.0,0.0,0.0,91
0.000000000123149,[],22,[],2019-02-23 07:08:09,3401520.0,4.92596e-18,1.94805954928e-22,6764895,2019-02-23 07:08:09,LTC,8.54674091,0.0,0.00000004,LTC,72080461.1,5.172258e-13,0.1008108,95
0.000000000123149,[],4,[],2019-02-23 07:08:11,628380845.2599044,7.38894e-17,2.92208932392e-21,6764896,2019-02-23 07:08:11,ltc,11.907365614529585,0.0,0.0000006,ltc,147265093.87376165,0.0,1.20720720340983e-09,96
0,[],12,[],2019-02-23 07:08:12,0.0,0,0,6764897,2019-02-23 07:08:12,btc,255075.88332041586,0.0,0,btc,8538439.84546427,0.00269017,0.0,96
0,[],17,[],2019-02-23 07:08:14,0.0,0,0,6764898,2019-02-23 07:08:14,btc,0.0,0.0,0,btc,0.0,0.0,0.0,96
1,[],4,[],2019-02-23 07:08:15,1372597.10405389,0.00000032,0.000000000012654976,6764899,2019-02-23 07:08:15,btc,3.1942761550174894,0.0,0.00000032,btc,2498232.19786023,0.01962214,0.1144760841978588,99
1,[],4,[],2019-02-23 07:08:15,1200325.75304728,0.00003728,0.000000001474304704,6764900,2019-02-23 07:08:15,btc,9.059741681178192,0.0,0.00003728,btc,107885.17557997,5.78599293,1.9814647293040775,100
0,[],2,[],2019-01-20 23:23:55,0.0,0,0,6476914,2019-01-20 23:23:55,,0.0,0.0,0,,0.0,0.0,0.0,100
1,[],22,[],2019-02-23 07:08:19,50000.0,0.00000001,0.000000000000395468,6764901,2019-02-23 07:08:19,BTC,23.49896609,0.0,0.00000001,BTC,10277.22,0.0,0.0005,101
1,[],4,[],2019-02-23 07:08:20,459871.69151213,0.00000088,0.000000000034801184,6764902,2019-02-23 07:08:20,btc,256.3163632132937,0.0,0.00000088,btc,484847.93192658,0.01831184,0.2322078778758542,103
1,[],12,[],2019-02-23 07:08:23,60287144.17286972,0.000000013,0.0000000000005141084,6764903,2019-02-23 07:08:23,btc,137279450.703977,0.0,0.000000013,btc,117519684.99574713,0.02063764754992494,0.20723818424730636,105
1,[],27,[],2019-02-23 07:08:25,397342.89,0.00000001,0.000000000000395468,6764904,2019-02-23 07:08:25,btc,0.2136902355560939,0.0,0.00000001,btc,379815.05581977,0.0,0.0039734289,105
1,[],22,[],2019-02-23 06:08:24,9328.0,0.00000001,0.00000000000039491900000000003,6764704,2019-02-23 06:08:24,BTC,51.10837004,0.0,0.00000001,BTC,470435.0,0.0,9.328e-05,107
1,[],26,[],2019-02-23 06:08:25,0.0,0.00000000,0,6764705,2019-02-23 06:08:25,btc,0.0,0.0,0.00000000,btc,0.0,0.0,0.0,107
1,[],5,[],2019-02-23 06:08:26,0.0,0,0,6764706,2019-02-23 06:08:26,btc,0.0,0.00121379,0,btc,0.0,0.0,0.0,112
1,[],22,[],2019-02-23 06:08:30,1966.0,0.00000001,0.00000000000039491900000000003,6764707,2019-02-23 06:08:30,BTC,2.81183288,0.0,0.00000001,BTC,808524.0833333334,0.0,1.966e-05,112
0.00000000037067570000000003,[],27,[],2019-02-23 06:08:32,2000.0,3.706757e-18,1.463868767683e-22,6764708,2019-02-23 06:08:32,eth,1.35132491849924,0.0,0.00000001,"btc,eth",1328.641654,0.0,7.413514e-15,112
1,[],4,[],2019-02-23 06:08:33,370628.66139959,0.00000316,0.000000000124794404,6764709,2019-02-23 06:08:33,btc,5.607697239439802,0.0,0.00000316,btc,340435.681246,0.04383503,0.1625074740572892,113
1,[],5,[],2019-02-23 06:08:35,0.0,0,0,6764710,2019-02-23 06:08:35,btc,0.0,0.0,0,btc,0.0,0.0,0.0,113
1,[],17,[],2019-02-23 06:08:37,152738.278,0.00000004,0.0000000000015796760000000001,6764711,2019-02-23 06:08:37,btc,1.3368030275302178,0.0,0.00000004,btc,51896.221,0.0,0.0022095311199999998,116
0,[],27,[],2019-02-23 06:08:38,0.0,0,0,6764712,2019-02-23 06:08:38,,0.0,0.0,0,btc,0.0,0.0,0.0,116
1,[],4,[],2019-02-23 06:08:39,71151.79453042,0.00002850,0.00000000112551915,6764713,2019-02-23 06:08:39,btc,28.39200109353708,0.0,0.00002850,btc,56379.33481173,0.44901155,0.9115826483549387,120
1,[],7,[],2019-02-23 06:08:40,211640.3970987,0.00002648000000000000058049919038349884203853434883058071136474609375,0.000000001045745512,6764714,2019-02-23 06:08:40,btc,115647.30241984785,1114.09992218,0.00002648000000000000058049919038349884203853434883058071136474609375,btc,38400.90569856,0.03303505,0.0673656975152534,120
1,[],20,[],2019-02-23 06:08:45,1185235.5618,0.000000012,0.0000000000004739028,6764715,2019-02-23 06:08:45,btc,31.9235181096527,20234.4779,0.000000012,btc,1129871.1271,0.0002428137348,0.0034733279724,125
1,[],22,[],2019-02-23 06:08:50,3053.0,0.00000001,0.00000000000039491900000000003,6764716,2019-02-23 06:08:50,BTC,0.01444887,0.0,0.00000001,BTC,296263.5111111111,0.0,3.053e-05,126
0,[],2,[],2019-01-20 23:25:46,0.0,0,0,6476969,2019-01-20 23:25:46,,0.0,0.0,0,,0.0,0.0,0.0,131
1,[],4,[],2019-02-23 06:08:51,106091.86344317,0.00001491,0.000000000588824229,6764717,2019-02-23 06:08:51,btc,23.96607936838709,0.0,0.00001491,btc,121331.24042237,0.18569032,0.580541452621877,131
0,[],17,[],2019-02-23 06:08:52,0.0,0,0,6764718,2019-02-23 06:08:52,btc,0.0009561751951600001,0.0,0,btc,35.42829368,0.0,0.0,131
1,[],4,[],2019-02-23 06:08:53,4557.53841126,0.00016911,0.000000006678475209,6764719,2019-02-23 06:08:53,btc,1.6462887882650394,0.0,0.00016911,btc,334.27808618,0.0,0.0091240433196452,135
1,[],3,[],2019-02-23 06:08:54,1512642.49571841,0.00000005,0.000000000001974595,6764720,2019-02-23 06:08:54,btc,0.1541207686247732,43535.8333333,0.00000005,btc,617845.98258313,0.0,0.0557254579470342,136
1,[],4,[],2019-02-23 06:08:56,267636.48445094,0.00000170,0.00000000006713623000000001,6764721,2019-02-23 06:08:56,btc,38.87620585533119,0.0,0.00000170,btc,632901.6551543,0.10345693,0.0783124116706481,137
1,[],12,[],2019-02-23 06:08:57,326706.50598369,0.000001579999999999999907326193003542780246561960666440427303314208984375,0.000000000062397202,6764722,2019-02-23 06:08:57,btc,11807.600160120364,0.0,0.000001579999999999999907326193003542780246561960666440427303314208984375,btc,124451.38316351,0.000806803116884,0.0736066099999586,137
1,[],4,[],2019-02-23 06:08:58,209860.47453088,0.00004605,0.000000001818601995,6764723,2019-02-23 06:08:58,btc,28.509069379337998,0.0,0.00004605,btc,42949.58451109,0.44727393,0.4555496119166878,142
1,[],5,[],2019-02-23 06:08:59,0.0,0,0,6764724,2019-02-23 06:08:59,btc,0.0,0.22495873,0,btc,0.0,0.0,0.0,142
1,[],17,[],2019-02-23 06:09:00,22967.386363640002,0.00000088,0.000000000034752872,6764725,2019-02-23 06:09:00,btc,20.069913353028554,0.0,0.00000088,btc,2746.079105,0.0,0.0104613000000032,142
1,[],20,[],2019-02-23 06:09:02,133475.0353,0.000045043,0.0000000017788336517000002,6764726,2019-02-23 06:09:02,btc,0.4934565146914,40.1643,0.000045043,btc,3751.6313,0.00181140993,0.2405473404469,142
1,[],22,[],2019-02-23 06:09:06,1660.2794996606253,0.00004651,0.000000001836768269,6764727,2019-02-23 06:09:06,BTC,3.00424677,0.0,0.00004651,BTC,896.9785515239478,0.0,0.00506652,142
0.0,[],25,[],2019-02-23 06:09:07,0.0,0,0,6764728,2019-02-23 06:09:07,,0.0,0.0,0.0,btc,0.0,0.0,0.0,142
1,[],28,[],2019-02-23 06:09:13,76883.0,0.00004500,0.0000000017771355000000001,6764729,2019-02-23 06:09:13,btc,0.059933722,1223.0,0.00004500,btc,406.4319,0.0,0.0388422,142
0,[],22,[],2019-02-23 06:09:16,0.0,0,0,6764730,2019-02-23 06:09:16,,61.28465123,0.0,0,,749385405.3,0.0,0.0,143
1,[],21,[],2019-02-23 06:09:17,53158139.10816394,0.00000025,0.000000000009872975,6764731,2019-02-23 06:09:17,btc,41.88843043904719,16781683.08116274,0.00000025,btc,88133835.36232698,4.26050728,3.885983956245096,145
0,[],22,[],2019-02-23 06:09:20,0.0,0,0,6764732,2019-02-23 06:09:20,,4.24946284,0.0,0,,1812156.0,0.0,0.0,146
,[],22,[],2018-11-20 23:01:11,0.0,0,0,4862114,2018-11-20 23:01:11,,2.56807021,0.0,,,61828.4988236,0.0,0.0,147
1,[],12,[],2019-02-23 06:09:23,113139.7187459,0.00000252000000000000001302018388937842274799550068564713001251220703125,0.000000000099519588,6764733,2019-02-23 06:09:23,btc,16.28880820616064,0.0,0.00000252000000000000001302018388937842274799550068564713001251220703125,btc,117006.71783468,0.0002216633766176,0.0285961800000041,148
1,[],4,[],2019-02-23 06:09:24,240513.36796929,0.00000028,0.000000000011057732000000001,6764734,2019-02-23 06:09:24,btc,219.93940399935187,0.0,0.00000028,btc,793660.54846363,0.0,0.0564957890840236,152
0,[],22,[],2019-02-23 06:09:27,0.0,0,0,6764735,2019-02-23 06:09:27,,0.0,0.0,0,,0.0,0.0,0.0,152
1,[],5,[],2019-02-23 06:09:28,0.0,0,0,6764736,2019-02-23 06:09:28,btc,0.0,0.0,0,btc,0.0,0.0,0.0,153
,[],16,[],2019-01-11 15:38:59,0.0,0,0,6366141,2019-01-11 15:38:59,btc,0.0,0.0,,btc,0.0,0.0,0.0,155
0,[],23,[],2019-01-20 23:24:29,0.0,0,0,6476932,2019-01-20 23:24:29,,0.0,0.0,0,,0.0,0.0,0.0,156
0,[],22,[],2019-02-23 06:09:30,0.0,0,0,6764737,2019-02-23 06:09:30,,6.74608761,0.0,0,,4644402.242592593,0.0,0.0,156
1,[],22,[],2019-02-23 06:09:34,7073.8,0.00005300,0.0000000020930707,6764738,2019-02-23 06:09:34,BTC,1.80343699,0.0,0.00005300,BTC,899.6422341958436,0.0,0.00104336,157
0,[],22,[],2019-02-23 06:09:38,0.0,0,0,6764739,2019-02-23 06:09:38,,50175.68008609,0.0,0,,54479136.04179466,0.0,0.0,158
,[],17,[],2018-11-20 22:56:10,0.0,0,0,4861976,2018-11-20 22:56:10,btc,1.1265625,0.0,,btc,1000.0,0.0,0.0,159
,[],20,[],2018-11-20 22:56:12,0.0,0,0,4861977,2018-11-20 22:56:12,btc,11912.7940471,0.0,,btc,34413894.3617,0.0,0.0,159
1,[],12,[],2019-02-23 06:09:39,183038.38027635,0.0000073799999999999996448652415936830806231228052638471126556396484375,0.000000000291450222,6764740,2019-02-23 06:09:39,btc,6.659752287898041,0.0,0.0000073799999999999996448652415936830806231228052638471126556396484375,btc,14779.86789902,0.0016760082799687,0.0995241700457761,168
1,[],17,[],2019-02-23 05:18:47,29784.95,0.000001,0.0000000000394415,6764507,2019-02-23 05:18:47,btc,0.03026736251542,0.0,0.000001,btc,144.46171372,0.0,0.00716147,168
0,[],22,[],2019-02-23 06:09:44,0.0,0,0,6764741,2019-02-23 06:09:44,,1.14714792,0.0,0,,798972.8900917594,0.0,0.0,169
1,[],22,[],2019-02-23 06:11:47,0.0,0.00000018,0.000000000007108542,6764742,2019-02-23 06:11:47,BTC,2.25,0.0,0.00000018,BTC,300.0,0.0,0.0,171
1,[],22,[],2019-02-23 06:11:58,136688.125,0.0000001,0.00000000000394919,6764743,2019-02-23 06:11:58,BTC,2.66806542,0.0,0.0000001,BTC,280140.683281622,9.1e-06,0.00903395,173
1,[],5,[],2019-02-23 06:11:59,0.0,0,0,6764744,2019-02-23 06:11:59,btc,0.0,0.6761095,0,btc,0.0,0.0,0.0,175
1,[],22,[],2019-02-23 06:12:04,45784.0,0.0000003,0.000000000011847570000000001,6764745,2019-02-23 06:12:04,BTC,0.5289391,0.0,0.0000003,BTC,142708.91384013777,0.0,0.0052016,176
0,[],2,[],2019-01-20 23:28:34,0.0,0,0,6477001,2019-01-20 23:28:34,,0.0,0.0,0,,0.0,0.0,0.0,178
1,[],7,[],2019-02-23 06:12:05,0.0,0,0,6764746,2019-02-23 06:12:05,btc,410932.4276880804,0.0,0,btc,117633886.5967608,0.0,0.0,178
0,[],22,[],2019-02-23 06:12:08,0.0,0,0,6764747,2019-02-23 06:12:08,,1.00242428,0.0,0,,57512.0,0.0,0.0,178
0,[],23,[],2019-01-20 23:25:08,0.0,0,0,6476952,2019-01-20 23:25:08,,0.0,0.0,0,,0.0,0.0,0.0,179
1,[],5,[],2019-02-23 06:12:09,0.0,0,0,6764748,2019-02-23 06:12:09,btc,0.0,0.21522284,0,btc,0.0,0.0,0.0,179
1,[],22,[],2019-02-23 06:12:13,6970947.0,0.00000002,0.0000000000007898380000000001,6764749,2019-02-23 06:12:13,BTC,5.57996334,0.0,0.00000002,"BTC,LTC",18407477.468656633,0.00434874,0.37435966,179
0.0000000001228591,[],22,[],2019-02-23 06:12:19,128605.4,1.2285910000000002e-17,4.8519392912900005e-22,6764750,2019-02-23 06:12:19,LTC,0.20960327,0.0,0.0000001,LTC,65868.79700014742,0.0,0.00130544,180
1,[],26,[],2019-02-23 06:12:19,0.0,0.00000100,0.0000000000394919,6764751,2019-02-23 06:12:19,btc,0.0,10.0,0.00000100,btc,0.0,0.0,0.0,180
1,[],17,[],2019-02-23 05:19:26,10504.725,0.0000001,0.00000000000394415,6764517,2019-02-23 05:19:26,btc,5.2010695838170005,0.0,0.0000001,btc,4994.45945,0.0,0.0010504725,180
,[],7,[],2018-11-20 22:58:01,562227.975654,0.00000085,0.000000000036176765,4862015,2018-11-20 22:58:01,btc,21836.6059674,2491.87645172,,btc,749999.041456,0.00211021,0.127565380455,183
,[],5,[],2019-01-10 08:11:41,0.0,0,0,6347036,2019-01-10 08:11:41,btc,82.15055501,0.00261,,btc,1.19002445,0.0,0.0,187
,[],17,[],2018-11-16 20:58:10,4062536.27273,0.00000001,0.000000000000550501,4708775,2018-11-16 20:58:10,btc,3.36492563466,0.195460381006,,"btc,eth",110697919.549,0.0,0.0157628953496,187
1,[],24,[],2019-02-23 06:12:20,0.0,0.000000000001,3.94919e-17,6764752,2019-02-23 06:12:20,btc,0.0,0.0,0.000000000001,btc,0.0,0.0,0.0,187
0,[],22,[],2019-02-23 06:12:23,0.0,0,0,6764753,2019-02-23 06:12:23,,1.19374396,0.0,0,,16308.869534405507,0.0,0.0,191
0,[],22,[],2019-02-23 06:12:28,0.0,0,0,6764754,2019-02-23 06:12:28,,0.0,0.0,0,,0.0,0.0,0.0,197
0,[],23,[],2019-01-20 23:31:41,0.0,0,0,6477079,2019-01-20 23:31:41,,0.0,0.0,0,,0.0,0.0,0.0,199
0,[],22,[],2019-02-23 06:12:39,0.0,0,0,6764755,2019-02-23 06:12:39,,5.17330081,0.0,0,,21824453.0,0.0,0.0,199
1,[],26,[],2019-02-23 06:12:39,0.0,0.00000000,0,6764756,2019-02-23 06:12:39,btc,0.0,0.0,0.00000000,btc,0.0,0.0,0.0,199
0,[],17,[],2019-01-30 16:32:01,0.0,0,0,6540827,2019-01-30 16:32:01,btc,6.802544163788159,0.0,0,btc,105897.55575295,0.0,0.0,200
0,[],2,[],2019-01-20 23:30:49,0.0,0,0,6477059,2019-01-20 23:30:49,,0.0,0.0,0,,0.0,0.0,0.0,201
1,[],4,[],2019-01-25 15:51:35,2084389.58565343,0.00000936,0.000000000333526752,6499557,2019-01-25 15:51:35,btc,2.0092503037378524,0.0,0.00000936,btc,160195.80207885,0.19272417,1.242687955921835,211
1,[],7,[],2019-02-23 06:12:42,4244195.9593586195,0.000001410000000000000052661867921965921368609997443854808807373046875,0.000000000055683579000000006,6764757,2019-02-23 06:12:42,btc,15475872.075551504,14686.0606926,0.000001410000000000000052661867921965921368609997443854808807373046875,btc,11857449.59829777,0.0,3.2493210899777334,212
1,[],12,[],2019-01-25 02:44:32,207462.42853209,0.000001080000000000000035831255497387193287295303889550268650054931640625,0.000000000038610756000000006,6493050,2019-01-25 02:44:32,btc,85023.03793723314,0.0,0.000001080000000000000035831255497387193287295303889550268650054931640625,btc,43675.73520027,0.000146250909087,0.0348620860622024,213
1,[],5,[],2019-02-23 06:12:44,0.0,0,0,6764758,2019-02-23 06:12:44,btc,0.0,0.19003579,0,btc,0.0,0.0,0.0,213
1,[],24,[],2019-02-23 06:12:44,0.0,0.000000150000,0.0000000000059237850000000005,6764759,2019-02-23 06:12:44,btc,0.0,0.0,0.000000150000,btc,0.0,0.0,0.0,213
1,[],26,[],2019-02-23 06:12:44,0.0,0.00000009,0.000000000003554271,6764760,2019-02-23 06:12:44,btc,0.0,0.0,0.00000009,btc,0.0,0.0,0.0,213
1,[],22,[],2019-02-23 06:14:46,79971.0,0.00000001,0.00000000000039491900000000003,6764761,2019-02-23 06:14:46,BTC,2.19621377,0.0,0.00000001,BTC,246112.59081706151,0.0005,0.00079971,216
1,[],27,[],2019-02-23 06:14:49,1237748.0,0.00000008,0.0000000000031593520000000002,6764762,2019-02-23 06:14:49,btc,355.93414913334,998.0,0.00000008,"btc,ltc",219465.505,7.984e-05,0.03407226000006143,216
1,[],22,[],2019-02-23 06:14:54,261864.3171998338,0.00000220,0.00000000008688218,6764763,2019-02-23 06:14:54,BTC,15623.5707624,0.0,0.00000220,BTC,369537.63168535766,0.02744224,0.37428833,217
1,[],7,[],2019-02-23 06:14:55,0.0,0,0,6764764,2019-02-23 06:14:55,btc,77969.61377456698,0.0,0,btc,137043486.5550253,0.0,0.0,219
0,[],27,[],2019-02-23 06:14:57,0.0,0,0,6764765,2019-02-23 06:14:57,,0.0740438339680921,0.0,0,btc,1536429.20709513,0.0,0.0,219
0.0000000000000052,[],28,[],2019-02-23 06:15:00,168116952.092,4.316468e-18,1.704655226092e-22,6764766,2019-02-23 06:15:00,doge,83869.8037917675,14093.0,0.00083009,"btc,doge",4822403.34751,0.0,1.135960775406288e-11,219
1,[],22,[],2019-02-23 06:15:06,276135.6,0.00000013,0.000000000005133947,6764767,2019-02-23 06:15:06,BTC,3.00139081,0.0,0.00000013,BTC,106418.27041875875,0.0,0.03106356,221
1,[],24,[],2019-02-23 06:15:06,0.0,0.000000200000,0.00000000000789838,6764768,2019-02-23 06:15:06,btc,0.0,0.0,0.000000200000,btc,0.0,0.0,0.0,221
1,[],20,[],2019-02-23 06:15:09,43228436.1239,0.000000001,0.0000000000000394919,6764769,2019-02-23 06:15:09,btc,47.9980618956477,99600.0,0.000000001,btc,11214728.0749,0.0002988,0.0432284361239,224
0,[],22,[],2019-02-23 06:15:12,0.0,0,0,6764770,2019-02-23 06:15:12,,0.0,0.0,0,,0.0,0.0,0.0,224
1,[],26,[],2019-02-23 06:15:12,0.0,0.00000036,0.000000000014217084,6764771,2019-02-23 06:15:12,btc,0.0,0.0,0.00000036,btc,0.0,0.0,0.0,231
1,[],26,[],2019-02-23 06:15:12,0.0,0.00000006,0.000000000002369514,6764772,2019-02-23 06:15:12,btc,0.0,0.0,0.00000006,btc,0.0,0.0,0.0,234
0.00000000037067570000000003,[],27,[],2019-02-23 06:15:15,2000.0,3.706757e-18,1.463868767683e-22,6764773,2019-02-23 06:15:15,eth,0.0113483662182,0.0,0.00000001,"btc,eth",11462.99618,0.0,7.413514e-15,234
1,[],4,[],2019-02-23 06:15:16,1081450.76720116,0.00000086,0.000000000033963034,6764774,2019-02-23 06:15:16,btc,4.496501374455116,0.0,0.00000086,btc,1021668.36511837,0.1073758,0.4226240797181719,236
1,[],24,[],2019-02-23 06:15:16,0.0,0.000000300000,0.000000000011847570000000001,6764775,2019-02-23 06:15:16,btc,0.0,0.0,0.000000300000,btc,0.0,0.0,0.0,236
1,[],20,[],2019-02-23 06:15:18,66381062.1658,0.000000061,0.0000000000024090059,6764776,2019-02-23 06:15:18,btc,10.127736908333,29912637.9552,0.000000061,btc,45530070.0222,1.9655283939191,0.4146436008198,237
1,[],22,[],2019-02-23 06:15:23,116403.0,0.00000004,0.0000000000015796760000000001,6764777,2019-02-23 06:15:23,BTC,0.0405823,0.0,0.00000004,"BTC,LTC",3164.0,0.0,0.00482009,237
1,[],4,[],2019-02-23 06:15:24,9252151.63252185,0.00000033,0.000000000013032327,6764778,2019-02-23 06:15:24,btc,5.9943022099883825,0.0,0.00000033,btc,9123610.89558392,0.6062517,2.237749393161552,238
1,[],5,[],2019-02-23 06:15:25,0.0,0,0,6764779,2019-02-23 06:15:25,btc,0.0,0.1052373,0,btc,0.0,0.0,0.0,238
0,[],22,[],2019-02-23 06:15:27,0.0,0,0,6764780,2019-02-23 06:15:27,,27.41366601,0.0,0,,316008.5639027493,0.0,0.0,249
0.0000000001228591,[],22,[],2019-02-23 06:15:33,7121097.666666667,3.685773e-18,1.4555817873870002e-22,6764781,2019-02-23 06:15:33,LTC,0.54180351,0.0,0.00000003,LTC,14549981.09,0.0,0.21263595,252
0,[],28,[],2019-02-23 06:17:35,0.0,0,0,6764782,2019-02-23 06:17:35,,0.0,0.0,0,,0.0,0.0,0.0,256
1,[],22,[],2019-02-23 06:17:40,2433447.6666666665,0.00000003,0.000000000001184757,6764783,2019-02-23 06:17:40,BTC,31.42327216,0.0,0.00000003,BTC,516927.80769145646,0.00045,0.05185815,258
1,[],22,[],2019-02-23 06:17:43,48751.0,0.00000001,0.00000000000039491900000000003,6764784,2019-02-23 06:17:43,BTC,2.4175745,0.0,0.00000001,BTC,1762.0,0.0,0.00048751,259
1,[],5,[],2019-02-23 06:17:45,0.0,0,0,6764785,2019-02-23 06:17:45,btc,0.0,0.27542895,0,btc,0.0,0.0,0.0,264
1,[],20,[],2019-02-23 06:17:48,1218160.073,0.00000161,0.000000000063581959,6764786,2019-02-23 06:17:48,btc,7.6841623921506,37476.484,0.00000161,btc,108117.4306,0.125808556788,0.0232823379801,264
1,[],22,[],2019-02-23 06:17:52,25664.0,0.00000001,0.00000000000039491900000000003,6764787,2019-02-23 06:17:52,BTC,8.4442135,0.0,0.00000001,BTC,427909.69136002666,6.25e-05,0.00025664,271
0,[],22,[],2019-02-23 06:17:56,0.0,0,0,6764788,2019-02-23 06:17:56,,259.46097823,0.0,0,,14408785027.9,0.0,0.0,272
0.0000000000000052,[],28,[],2019-02-23 06:17:57,228014918758.06,4.212e-21,1.663398828e-25,6764789,2019-02-23 06:17:57,doge,10960172.321521673,21969568268.428,0.00000081,doge,210113334967.16354,0.0,6.055178304098928e-10,272
1,[],22,[],2019-02-23 06:19:59,113514.0,0.00000207,0.000000000081748233,6764790,2019-02-23 06:19:59,BTC,5.52296881,0.0,0.00000207,"BTC,LTC",11610.487639773188,0.02638503,0.00622712,281
1,[],22,[],2019-02-23 06:20:12,58579.0,0.00000002,0.0000000000007898380000000001,6764791,2019-02-23 06:20:12,BTC,1.33236055,0.0,0.00000002,BTC,142018.04598459575,5.03e-05,0.00096388,286
0,[],22,[],2019-02-22 20:00:43,0.0,0,0,6761229,2019-02-22 20:00:43,,43634.52003953,0.0,0,,419068796.0,0.0,0.0,294
