pairValue,buyBook,exchangeId,sellBook,updated,buyTotal,satoshiPrice,usdPrice,exchangeLogId,created,bestPair,sellTotalBtc,volume,pairPrice,activePairs,sellTotal,volumeBtc,buyTotalBtc,coinId
1,[],3,[],2019-02-13 13:08:57,137.786622088521,0.013746239999999999847890563842156552709639072418212890625,0.0000004978530725759999,6653783,2019-02-13 13:08:57,btc,107.07889447584421,0.21127235,0.013746239999999999847890563842156552709639072418212890625,btc,21.745143551851,0.0,0.3963869242455731,1
1,[],4,[],2019-02-13 13:08:58,102.12623819,0.01378817,0.000000499371668158,6653784,2019-02-13 13:08:58,btc,0.8793726203185551,0.0,0.01378817,btc,60.65251906,0.8134739,1.0723274809178154,1
1,[],5,[],2019-02-13 13:09:00,0.3622033,0.01331592,0.000000482268001008,6653785,2019-02-13 13:09:00,btc,14578.64128514,0.03974919,0.01331592,btc,35555556.15055738,0.0,3.16267965,1
1,[],10,[],2019-02-13 13:09:02,414214.26495263,0.0121103,0.00000043860357921999996,6653786,2019-02-13 13:09:02,btc,6533.363845449004,1485.10612939,0.0121103,btc,1037.99183493,0.0,4.7517248608113665,1
1,[],12,[],2019-02-13 13:09:04,10437.56683143,0.01374000000000000047684078907650473411194980144500732421875,0.000000497627076,6653787,2019-02-13 13:09:04,btc,0.3254791276684,0.0,0.01374000000000000047684078907650473411194980144500732421875,btc,17.10692267,3.1245941085237,0.3909416057903,1
1,[],20,[],2019-02-13 13:09:08,1152.8371,0.010500104,0.0000003802864666096,6653788,2019-02-13 13:09:08,btc,0.0573537536243,0.0,0.010500104,btc,2.5253,0.0,0.1012784876915,1
1,[],21,[],2019-02-13 13:09:09,2688.41498994,0.01385689000000000017931434115,0.000000501860527886,6653789,2019-02-13 13:09:09,btc,27.123449722506116,3160.96801066,0.0138568900000000001793143411532582831569015979766845703125,"btc,eth",2446.65433278,40.11490944534618,25.620565567043677,1
1,[],22,[],2019-02-13 13:09:14,0.0280576,0.01350000,0.0000004889349,6653790,2019-02-13 13:09:14,BTC,0.3139634,0.0,0.01350000,BTC,0.10070366666666666,0.0,0.00036518,1
1,[],24,[],2019-02-13 13:09:14,0.0,0.000000000000,0,6653791,2019-02-13 13:09:14,btc,0.0,0.0,0.000000000000,btc,0.0,0.0,0.0,1
0.0,[],25,[],2019-02-13 13:09:15,0.0,0,0,6653792,2019-02-13 13:09:15,btc,26.819999997892307,2747.03929314,0.0,btc,1888.01335878,37.2418,0.0,1
1,[],26,[],2019-02-13 13:09:26,0.0,0,0,6653793,2019-02-13 13:09:26,,0.0,0.0,0,,0.0,0.0,0.0,1
1,[],28,[],2019-02-13 13:09:28,992.992,0.01232000,0.00000044619836799999997,6653794,2019-02-13 13:09:28,btc,0.162839806,17863.25,0.01232000,btc,8.9,0.0,0.087165856,1
0,[],2,[],2019-01-20 23:28:45,0.0,0,0,6477011,2019-01-20 23:28:45,,0.0,0.0,0,,0.0,0.0,0.0,1
1,[],5,[],2019-02-13 13:09:30,1.092e-05,0.00000057,0.000000000020643918,6653795,2019-02-13 13:09:30,btc,0.14371134,0.00244761,0.00000057,btc,5.556e-05,0.0,0.23676809,2
1,[],22,[],2019-02-13 13:09:35,1198.0,0.00000017,0.000000000006156958,6653796,2019-02-13 13:09:35,BTC,2.12229306,0.0,0.00000017,"BTC,XMR",14654.709143333333,0.0,0.00088485,2
1,[],5,[],2019-02-13 13:09:36,1.29e-06,0.00000017,0.000000000006156958,6653797,2019-02-13 13:09:36,btc,4.31800948,0.36127846,0.00000017,btc,2.278e-05,0.0,3.52126482,3
1,[],12,[],2019-02-13 13:09:37,12149575.24436279,0.000000174,0.0000000000063018275999999994,6653798,2019-02-13 13:09:37,btc,923494.59402629,0.0,0.000000174,btc,8432972.09862158,0.06604013450235546,0.5004988947010351,3
0,[],28,[],2019-02-13 13:09:39,0.0,0,0,6653799,2019-02-13 13:09:39,,0.0,0.0,0,,0.0,0.0,0.0,3
0,[],2,[],2019-01-20 23:31:32,0.0,0,0,6477077,2019-01-20 23:31:32,,0.0,0.0,0,,0.0,0.0,0.0,4
1,[],4,[],2019-02-13 13:09:40,369147.03697918,0.00000033,0.000000000011951741999999999,6653800,2019-02-13 13:09:40,btc,0.3421570858954524,0.0,0.00000033,btc,323903.63275106,0.0,0.0446654066399035,4
1,[],12,[],2019-02-13 13:09:41,1377854.5219999999,0.00000004,0.000000000001448696,6653801,2019-02-13 13:09:41,btc,11113878.379845798,0.0,0.00000004,btc,1063793.10693666,0.0015980410089898,0.02282932044,5
0,[],2,[],2019-01-20 23:31:51,0.0,0,0,6477087,2019-01-20 23:31:51,,0.0,0.0,0,,0.0,0.0,0.0,6
1,[],11,[],2019-02-13 13:09:43,4852550.0,0.00000002,0.000000000000724348,6653802,2019-02-13 13:09:43,btc,9433.355250227747,288000.0,0.00000002,btc,40881390.32265751,0.0,0.068360695,6
1,[],3,[],2019-02-13 13:09:43,1074.273146428111,0.00014521000000000000053346216333238771767355501651763916015625,0.0000000052591286539999996,6653803,2019-02-13 13:09:43,btc,28.399990609446498,0.0,0.00014521000000000000053346216333238771767355501651763916015625,btc,235.145665820227,0.0,0.031531977816658056,7
1,[],4,[],2019-02-13 13:09:44,14392.5298905,0.00019614,0.000000007103680836,6653804,2019-02-13 13:09:44,btc,1.9899803608705902,0.0,0.00019614,btc,8997.24356057,7.39855555,2.5159866366126953,7
1,[],5,[],2019-02-13 13:09:45,0.0056058,0.00018771,0.0000000067983681539999996,6653805,2019-02-13 13:09:45,btc,2.01200547,0.43611081,0.00018771,btc,0.01225089,0.0,1.63883481,7
1,[],20,[],2019-02-13 13:09:47,44226494.8418,0.000000001,0.0000000000000362174,6653806,2019-02-13 13:09:47,btc,116.5824581611263,14554640.7279,0.000000001,btc,28715325.8892,0.0145546407279,0.0442264948418,8
0,[],2,[],2019-01-20 23:22:42,0.0,0,0,6476876,2019-01-20 23:22:42,,0.0,0.0,0,,0.0,0.0,0.0,9
0,[],23,[],2019-01-20 23:22:48,0.0,0,0,6476878,2019-01-20 23:22:48,,0.0,0.0,0,,0.0,0.0,0.0,9
1,[],1,[],2019-02-13 13:09:49,1623900.94,0.000001799999999999999918546601286595265634105089702643454074859619140625,0.00000000006519132,6653807,2019-02-13 13:09:49,btc,0.9858022965000001,29539182.09,0.000001799999999999999918546601286595265634105089702643454074859619140625,btc,533067.01,54.7519962,2.8674618272,9
1,[],4,[],2019-02-13 13:09:50,293347.17148791,0.00000183,0.000000000066277842,6653808,2019-02-13 13:09:50,btc,0.7130030300044052,0.0,0.00000183,btc,365611.80739815,1.46305738,0.5068467451003889,9
1,[],28,[],2019-02-13 13:09:51,44885.0,0.00000167,0.000000000060483058,6653809,2019-02-13 13:09:51,btc,2708.76119522,3615648.157,0.00000167,btc,11732.68,0.0,0.04579495,9
1,[],4,[],2019-02-10 09:54:02,5828483.02026053,0.00000002,0.000000000000726692,6623074,2019-02-10 09:54:02,btc,0.2014004865591215,0.0,0.00000002,btc,4198675.28035349,0.00021932,0.0653957035452106,10
0,[],2,[],2019-01-20 23:23:08,0.0,0,0,6476890,2019-01-20 23:23:08,,0.0,0.0,0,,0.0,0.0,0.0,12
1,[],4,[],2019-02-13 13:09:52,1962904.78111361,0.00000141,0.000000000051066534,6653810,2019-02-13 13:09:52,btc,1.423044158105276,0.0,0.00000141,btc,957714.36243448,3.72538954,1.6507879230999503,12
1,[],5,[],2019-02-13 13:09:54,2.017e-05,0.00000139,0.000000000050342186,6653811,2019-02-13 13:09:54,btc,0.43236437,0.20947212,0.00000139,btc,0.00010285,0.0,0.21508581,12
0.0,[],25,[],2019-02-13 13:09:55,0.0,0,0,6653812,2019-02-13 13:09:55,,0.0,0.0,0.0,btc,0.0,0.0,0.0,12
1,[],10,[],2019-02-13 11:59:13,444088.50821594,0.00000585,0.0000000002114892,6653214,2019-02-13 11:59:13,btc,666806.4614232037,12150.3114171,0.00000585,btc,749520.5202277,0.0,0.3616547100966625,13
1,[],4,[],2019-02-13 13:09:55,1316716.2900654,0.00000613,0.000000000222012662,6653813,2019-02-13 13:09:55,btc,0.3834069023664485,0.0,0.00000613,btc,57247.74743915,0.33688764,1.3800541141022988,13
1,[],21,[],2019-02-13 13:09:59,599388.25892816,0.000006240000000000000395254575597,0.000000000225996576,6653814,2019-02-13 13:09:59,btc,5.617769128390055,352502.24041303,0.0000062400000000000003952545755969705254528889781795442104339599609375,btc,795661.93907986,2.18739304,3.4245153534406767,13
1,[],4,[],2019-02-13 13:09:59,989052.46825342,0.00000135,0.00000000004889349,6653815,2019-02-13 13:09:59,btc,0.1180149866157513,0.0,0.00000135,btc,65716.61950493,0.00489215,0.41275506354155,14
1,[],12,[],2019-02-13 13:10:00,87691.2231405,0.000001219999999999999965968520108938744073157067759893834590911865234375,0.000000000044185227999999996,6653816,2019-02-13 13:10:00,btc,2.774115834243743,0.0,0.000001219999999999999965968520108938744073157067759893834590911865234375,btc,29589.33636749,0.0,0.009208740000005,14
0,[],17,[],2019-02-13 13:10:02,0.0,0,0,6653817,2019-02-13 13:10:02,btc,0.0,0.0,0,btc,0.0,0.0,0.0,14
1,[],26,[],2019-02-13 13:10:02,0.0,0.00000050,0.0000000000181087,6653818,2019-02-13 13:10:02,btc,0.0,0.0,0.00000050,btc,0.0,0.0,0.0,14
0,[],4,[],2019-02-13 13:10:03,0.0,0,0,6653819,2019-02-13 13:10:03,,0.0,0.0,0,,0.0,0.0,0.0,15
,[],12,[],2018-12-01 15:15:48,204241.84496,0.00000489,0.000000000202473384,5260204,2018-12-01 15:15:48,btc,49.5475654835,0.0,,btc,35763.2193806,0.0163153972027625,0.0203389899998,15
0,[],2,[],2019-01-20 23:23:38,0.0,0,0,6476906,2019-01-20 23:23:38,,0.0,0.0,0,,0.0,0.0,0.0,18
1,[],4,[],2019-02-13 13:10:03,27511.47389466,0.00001900,0.0000000006881306,6653820,2019-02-13 13:10:03,btc,2.1904528512086587,0.0,0.00001900,btc,6276.56656588,0.26464723,0.1110675052450753,18
1,[],10,[],2019-02-13 13:10:06,789643.6010888,0.00001754,0.0000000006352531960000001,6653821,2019-02-13 13:10:06,btc,15.543903629988362,438.68653913,0.00001754,btc,10882.63792481,0.0,0.2950617449221179,18
1,[],12,[],2019-02-13 13:10:08,204562.26902087,0.0000179000000000000014134526882259024205268360674381256103515625,0.00000000064829146,6653822,2019-02-13 13:10:08,btc,22.612884420270408,0.0,0.0000179000000000000014134526882259024205268360674381256103515625,btc,1865.93017713,0.000722830188,0.0385677482809058,18
0,[],17,[],2019-02-13 13:10:10,0.0,0,0,6653823,2019-02-13 13:10:10,btc,0.0,0.0,0,btc,0.0,0.0,0.0,18
0,[],2,[],2019-01-20 23:24:19,0.0,0,0,6476924,2019-01-20 23:24:19,,0.0,0.0,0,,0.0,0.0,0.0,19
1,[],3,[],2019-02-13 13:10:11,129649.36022350097,0.00002602000000000000159657877196739406144843087531626224517822265625,0.0000000009423767480000001,6653824,2019-02-13 13:10:11,btc,0.4672449630434957,0.0,0.00002602000000000000159657877196739406144843087531626224517822265625,btc,5018.393100515442,0.0,0.09981791493182643,19
1,[],4,[],2019-02-13 13:10:11,207008.91160915,0.00002865,0.00000000103762851,6653825,2019-02-13 13:10:11,btc,0.2202736666399764,0.0,0.00002865,btc,7142.62290522,0.66931538,2.190868196776886,19
1,[],5,[],2019-02-13 13:10:12,0.00020513,0.00002507,0.000000000907970218,6653826,2019-02-13 13:10:12,btc,0.2717141,0.00093159,0.00002507,btc,0.00306962,0.0,0.06602284,19
1,[],12,[],2019-02-13 13:10:13,134777.0,0.00002248999999999999981873007037780354266942595131695270538330078125,0.0000000008145293259999999,6653827,2019-02-13 13:10:13,btc,0.031810134456097004,0.0,0.00002248999999999999981873007037780354266942595131695270538330078125,btc,352.20824053,0.0,0.031723839999999996,19
0,[],27,[],2019-02-13 13:10:16,0.0,0,0,6653828,2019-02-13 13:10:16,,0.0,0.0,0,btc,0.0,0.0,0.0,19
1,[],4,[],2019-02-13 13:10:17,8114186.09293738,0.00000014,0.000000000005070436,6653829,2019-02-13 13:10:17,btc,0.7707827932436357,0.0,0.00000014,btc,1592783.19386541,0.0,0.2644718132083657,20
1,[],4,[],2019-02-13 13:10:17,113888735.57123545,0.00000002,0.000000000000724348,6653830,2019-02-13 13:10:17,btc,0.6120240603113652,0.0,0.00000002,btc,17187247.5223107,0.00824781,1.3156151553053494,21
1,[],12,[],2019-02-13 13:10:19,17644700.0,0.00000002,0.000000000000724348,6653831,2019-02-13 13:10:19,btc,669.7027676690421,0.0,0.00000002,btc,8844608.84715552,0.0019626200599397,0.22593428000000002,21
0,[],17,[],2019-02-13 13:10:20,0.0,0,0,6653832,2019-02-13 13:10:20,btc,0.0,0.0,0,btc,0.0,0.0,0.0,21
1,[],12,[],2019-02-13 13:10:22,3025188683.0438967,0.0000000002,0.00000000000000724348,6653833,2019-02-13 13:10:22,btc,825864718737.1814,0.0,0.0000000002,btc,4332529151.071132,0.011460478318681317,0.3568328065555898,23
0,[],27,[],2019-02-13 13:10:24,0.0,0,0,6653834,2019-02-13 13:10:24,,0.7240921565934114,0.0,0,eth,727098.85514486,0.0,0.0,23
1,[],4,[],2019-02-13 13:10:25,385823.07218158,0.00000068,0.000000000024627832,6653835,2019-02-13 13:10:25,btc,0.1645596690321396,0.0,0.00000068,btc,155124.37203923,0.0001024,0.1950396078538422,24
1,[],22,[],2019-02-13 13:10:30,11.76,0.00000100,0.0000000000362174,6653836,2019-02-13 13:10:30,BTC,7.415e-05,0.0,0.00000100,BTC,23.919354838709676,0.0,1.176e-05,24
0.0,[],25,[],2019-02-13 13:10:31,0.0,0,0,6653837,2019-02-13 13:10:31,,0.0,0.0,0.0,btc,0.0,0.0,0.0,24
1,[],4,[],2019-02-13 13:10:32,28995521.35811644,0.00000670,0.00000000024265658,6653838,2019-02-13 13:10:32,btc,0.4963913390300189,0.0,0.00000670,btc,37312.33068589,0.32231838,0.4497643822149483,26
1,[],10,[],2019-02-13 13:10:34,734881.69333278,0.000005,0.00000000018108700000000002,6653839,2019-02-13 13:10:34,btc,25.93650416528786,5293.58062127,0.000005,btc,15724.17466294,0.0,0.2069683688550637,26
0,[],2,[],2019-01-20 23:25:56,0.0,0,0,6476976,2019-01-20 23:25:56,,0.0,0.0,0,,0.0,0.0,0.0,26
1,[],3,[],2019-02-13 13:10:35,4399338.98586802,0.00000001,0.000000000000362174,6653840,2019-02-13 13:10:35,btc,2.458159906730297,1500533.01413,0.00000001,btc,16224062.7786409,0.0,0.043993389858680204,27
1,[],5,[],2019-02-13 13:10:36,1e-08,0.00000001,0.000000000000362174,6653841,2019-02-13 13:10:36,btc,1.59852033,2.9e-07,0.00000001,btc,4.345e-05,0.0,0.1192779,27
1,[],11,[],2019-02-13 13:10:38,10063976.7912115,0.00000005,0.00000000000181087,6653842,2019-02-13 13:10:38,btc,370.6330924447541,20.0,0.00000005,btc,8170857.7193934005,0.0,0.4660996184459823,27
1,[],4,[],2019-02-13 13:10:40,525344901.3613819,0.00000002,0.000000000000724348,6653843,2019-02-13 13:10:40,btc,0.3839547572274809,0.0,0.00000002,"btc,ltc",24680353.20052294,0.07325573,8.87334504155625,29
1,[],7,[],2019-02-13 13:10:41,29043662.6179442,0.00000002,0.000000000000724348,6653844,2019-02-13 13:10:41,btc,44465225.098402694,12618.2921512,0.00000002,btc,52458686.88593035,0.00032758,0.4260752889496193,29
1,[],4,[],2019-02-13 13:10:42,1520510.69845997,0.00000029,0.000000000010503046,6653845,2019-02-13 13:10:42,btc,0.1717837583854341,0.0,0.00000029,btc,371324.82715313,0.00644335,0.1178334860588401,30
0,[],17,[],2019-02-13 13:10:45,0.0,0,0,6653846,2019-02-13 13:10:45,btc,0.0,0.0,0,btc,0.0,0.0,0.0,30
1,[],4,[],2019-02-13 13:10:46,1149970.5015907,0.00006823,0.000000002471113202,6653847,2019-02-13 13:10:46,btc,0.7284372133286992,0.0,0.00006823,btc,8807.40443799,2.28019187,2.9603122735672853,31
1,[],21,[],2019-02-13 13:10:46,76222.13721376,0.00006833000000000000477475697869,0.000000002474734942,6653848,2019-02-13 13:10:46,btc,3.726676953552523,251765.7000472,0.000068330000000000004774756978687122455085045658051967620849609375,btc,48891.591895030004,17.93843552,5.013988362986292,31
0,[],2,[],2019-01-20 23:28:43,0.0,0,0,6477009,2019-01-20 23:28:43,,0.0,0.0,0,,0.0,0.0,0.0,32
1,[],4,[],2019-02-13 13:10:48,141920328.72945577,0.00000004,0.000000000001448696,6653849,2019-02-13 13:10:48,btc,1.8109002455297734,0.0,0.00000004,"btc,ltc",39797256.69324788,0.65775239,2.3981449985299736,33
1,[],12,[],2019-02-13 13:10:49,12102663.991,0.00000005,0.00000000000181087,6653850,2019-02-13 13:10:49,btc,34508869.304241516,0.0,0.00000005,btc,89091577.31868115,0.0048267587539466,0.36958745955,33
1,[],4,[],2019-02-13 13:10:50,135950253.30350298,0.00000001,0.000000000000362174,6653851,2019-02-13 13:10:50,btc,1.1165929390379261,0.0,0.00000001,btc,44403259.08099628,0.16488677,1.3595025330350299,34
1,[],5,[],2019-02-13 13:10:52,1e-08,0.00000001,0.000000000000362174,6653852,2019-02-13 13:10:52,btc,5.06282857,0.19027252,0.00000001,btc,1.343e-05,0.0,0.85344058,34
0.0000000001177747,[],4,[],2019-02-13 13:10:52,870427559.4727,2.355494e-18,8.53098683956e-23,6653853,2019-02-13 13:10:52,ltc,1.1294329532898574e-08,0.0,0.00000002,ltc,2277985557.267522,0.0,1.402923948915429e-09,36
1,[],5,[],2019-02-13 13:10:54,0.0,0,0,6653854,2019-02-13 13:10:54,btc,197.5393601,0.0,0,btc,1.325e-05,0.0,0.0,36
0,[],17,[],2019-02-13 13:10:56,0.0,0,0,6653855,2019-02-13 13:10:56,btc,0.1415580987630196,0.0,0,btc,10796613.27743647,0.0,0.0,36
0,[],27,[],2019-02-13 13:10:59,0.0,0,0,6653856,2019-02-13 13:10:59,,240.2503276744,0.0,0,"ltc,eth",3711879.06,0.0,0.0,36
1,[],4,[],2019-02-13 13:00:46,234105.53186365,0.00000123,0.000000000044508657000000003,6653651,2019-02-13 13:00:46,btc,0.4668035709190237,0.0,0.00000123,btc,283251.13293418,0.01386578,0.1172017223389617,37
1,[],12,[],2019-02-13 13:00:47,539299.65523058,0.000001269999999999999910766366496839285815667608403600752353668212890625,0.000000000045956093,6653652,2019-02-13 13:00:47,btc,1364.2418747147703,0.0,0.000001269999999999999910766366496839285815667608403600752353668212890625,btc,733074.34056708,0.0667238242999389,0.3477863377686032,37
1,[],17,[],2019-02-13 13:00:49,1752.74075282,0.00000025,0.000000000009046475,6653653,2019-02-13 13:00:49,btc,0.055484923983467466,0.0,0.00000025,btc,1387.19918473,0.0,0.00043818518820499993,37
1,[],27,[],2019-02-13 13:00:51,16052.0,0.00000052,0.000000000018816668000000002,6653654,2019-02-13 13:00:51,btc,26.73595537911233,0.0,0.00000052,btc,6579.81438508,0.0,0.00550422,37
1,[],5,[],2019-02-13 13:11:01,1.48e-05,0.00000098,0.000000000035493051999999996,6653857,2019-02-13 13:11:01,btc,0.09735927,0.08263842,0.00000098,btc,0.00011052,0.0,0.04381329,42
1,[],12,[],2019-02-13 13:11:02,128076.9947362,0.00000096,0.000000000034768703999999995,6653858,2019-02-13 13:11:02,btc,95.62448761791934,0.0,0.00000096,btc,104845.57065033,0.0188479754080663,0.0461845299999967,42
0,[],27,[],2019-02-13 13:11:05,0.0,0,0,6653859,2019-02-13 13:11:05,,0.00315028,0.0,0,"btc,eth",11.007,0.0,0.0,42
1,[],5,[],2019-02-13 13:11:06,3e-08,0.00000002,0.000000000000724348,6653860,2019-02-13 13:11:06,btc,6.13528493,0.01059221,0.00000002,btc,1.425e-05,0.0,0.55326272,43
1,[],12,[],2019-02-13 13:11:07,3866366.0,0.00000001,0.000000000000362174,6653861,2019-02-13 13:11:07,btc,20007457.492720265,0.0,0.00000001,btc,38976014.21018979,2.1978022e-07,0.03866366,43
0,[],17,[],2019-02-13 13:11:08,0.0,0,0,6653862,2019-02-13 13:11:08,btc,0.0,0.0,0,btc,0.0,0.0,0.0,43
1,[],12,[],2019-02-13 13:11:10,742468.0,0.00000005,0.00000000000181087,6653863,2019-02-13 13:11:10,btc,11115166.868367633,0.0,0.00000005,btc,1031580.53046952,0.0003258,0.0203802,44
1,[],4,[],2019-02-13 13:11:10,225275542.00856274,0.00000002,0.000000000000724348,6653864,2019-02-13 13:11:10,btc,0.18369271438778623,0.0,0.00000002,"btc,ltc",4535093.98561652,0.00035111,0.4279236750474508,49
0.0000000001177747,[],4,[],2019-02-13 13:11:11,1908699313.7717342,1.177747e-18,4.26549341978e-23,6653865,2019-02-13 13:11:11,ltc,4.645173508919099,0.0,0.00000001,ltc,3821127129.9474792,0.0,2.2479648906967187e-09,52
0,[],22,[],2019-02-13 05:54:27,0.0,0,0,6650710,2019-02-13 05:54:27,,8109.06443955,0.0,0,,266275513.67882353,0.0,0.0,57
0,[],27,[],2019-02-13 05:54:30,0.0,0,0,6650711,2019-02-13 05:54:30,,0.0,0.0,0,"btc,eth",0.0,0.0,0.0,57
0.0000000001177747,[],4,[],2019-02-13 13:11:12,1284861737.6032786,5.888735e-18,2.13274670989e-22,6653866,2019-02-13 13:11:12,ltc,3.2772090079053036,0.0,0.00000005,ltc,973076191.2925123,0.002,4.184233947267531e-09,58
1,[],12,[],2019-02-13 13:11:13,1886494471.843957,0.0000000005,0.000000000000018108700000000002,6653867,2019-02-13 13:11:13,btc,224005490977.01224,0.0,0.0000000005,btc,3685173429.9453597,0.02698224552697302,0.6582992794011392,58
0,[],17,[],2019-02-13 13:11:15,0.0,0,0,6653868,2019-02-13 13:11:15,btc,1e+24,0.0,0,btc,41481695.95832568,0.0,0.0,58
0.00000000013741980000000002,[],22,[],2019-02-13 13:11:18,137438.0,1.3741980000000002e-18,4.97698786452e-23,6653869,2019-02-13 13:11:18,XMR,69.8835922,0.0,0.00000001,XMR,9887963.0,0.0,0.00137438,58
1,[],5,[],2019-02-13 13:11:19,1.451e-05,0.00000084,0.000000000030422616,6653870,2019-02-13 13:11:19,btc,0.21775119,0.00575713,0.00000084,btc,8.481e-05,0.0,0.13199092,61
1,[],22,[],2019-02-13 13:11:42,5149.5,0.00000011,0.000000000003983914,6653871,2019-02-13 13:11:42,BTC,1002.29598212,0.0,0.00000011,BTC,14957.700278135757,0.0,0.00051596,61
1,[],26,[],2019-02-13 13:11:42,0.0,0.00000800,0.0000000002897392,6653872,2019-02-13 13:11:42,btc,0.0,0.0,0.00000800,btc,0.0,0.0,0.0,61
1,[],27,[],2019-02-13 13:11:44,9954.3559,0.00000059,0.000000000021368266,6653873,2019-02-13 13:11:44,btc,10.660677388947013,0.0,0.00000059,"btc,eth",15252.75055623,0.0,0.0007863899827133496,61
1,[],28,[],2019-02-13 13:11:49,19894.304,0.00000091,0.000000000032957834,6653874,2019-02-13 13:11:49,btc,2.056375543700105,805.481,0.00000091,btc,9772.52450005,0.0,0.00993521304,61
1,[],4,[],2019-02-13 12:02:57,440503.06221896,0.00000236,0.00000000008531872,6653279,2019-02-13 12:02:57,btc,1.1516110017117216,0.0,0.00000236,btc,285465.08814648,0.15122671,0.6094911440924925,67
0.0,[],25,[],2019-02-13 12:02:58,0.0,0,0,6653280,2019-02-13 12:02:58,,0.0,0.0,0.0,btc,0.0,0.0,0.0,67
1,[],12,[],2019-02-13 13:11:50,2622332.56540523,0.00000019,0.000000000006881306,6653875,2019-02-13 13:11:50,btc,11115896.141270151,0.0,0.00000019,btc,1759568.06485376,0.0125759036989074,0.0784726764411117,71
,[],5,[],2018-11-20 23:02:39,1.5e-07,0.00000005,0.000000000002128045,4862160,2018-11-20 23:02:39,btc,2.84511358,0.0,,btc,0.00036572,0.0,0.07381892,74
1,[],5,[],2019-01-25 15:53:51,3.303e-05,0.00000156,0.000000000055588884,6499610,2019-01-25 15:53:51,btc,1.42844212,0.0,0.00000156,btc,0.00015937,0.0,0.49487621,75
0,[],20,[],2019-01-25 09:30:31,0.0,0,0,6495923,2019-01-25 09:30:31,btc,0.0,0.0,0,btc,0.0,0.0,0.0,81
1,[],4,[],2019-02-13 13:11:51,32822324.95692337,0.00000001,0.000000000000362174,6653876,2019-02-13 13:11:51,btc,0.7668881456247842,0.0,0.00000001,btc,14615939.68425178,0.0,0.3282232495692337,81
1,[],4,[],2019-02-13 13:11:54,24118.43168269,0.00007612,0.000000002756868488,6653877,2019-02-13 13:11:54,btc,1.3321018335286194,0.0,0.00007612,btc,11323.14177095,0.02759167,0.1124388319510265,82
1,[],21,[],2019-02-13 13:11:54,142834.80519089,0.00007511999999999999905707370740,0.000000002720651088,6653878,2019-02-13 13:11:54,btc,3.883051208983993,2510.54881587,0.00007511999999999999905707370739804673576145432889461517333984375,btc,45610.77581387,0.18969158,2.8260675129307167,82
0,[],17,[],2019-02-07 10:02:39,0.0,0,0,6611495,2019-02-07 10:02:39,btc,0.0447233088476774,0.0,0,btc,999127.19588126,0.0,0.0,84
0.0000000001177747,[],4,[],2019-02-13 13:11:55,152975084.6646044,8.244229000000001e-18,2.985845393846e-22,6653879,2019-02-13 13:11:55,ltc,0.1956906326699937,0.0,0.00000007,ltc,99186847.13365331,0.0,6.857809334959652e-10,85
,[],22,[],2018-11-20 23:09:34,3408.1,0.0000001,0.0000000000041895,4862324,2018-11-20 23:09:34,BTC,0.04624735,0.0,,BTC,4990.0,0.0,0.00033081,86
0,[],22,[],2019-02-13 13:11:58,0.0,0,0,6653880,2019-02-13 13:11:58,,2.0760781,0.0,0,,140622.94736842104,0.0,0.0,87
0,[],27,[],2019-02-13 13:12:00,0.0,0,0,6653881,2019-02-13 13:12:00,,0.0,0.0,0,btc,0.0,0.0,0.0,87
,[],2,[],2018-11-20 23:10:47,0.0,0,0,4862359,2018-11-20 23:10:47,,0.0,0.0,,,0.0,0.0,0.0,88
1,[],11,[],2019-02-13 13:12:02,104384.18769618,0.0001451099999999999981027676287936856169835664331912994384765625,0.000000005255506914,6653882,2019-02-13 13:12:02,btc,702.3987596996982,268.71796139,0.0001451099999999999981027676287936856169835664331912994384765625,btc,188295.67743349,0.0,7.600673089125653,89
0,[],2,[],2019-01-20 23:31:45,0.0,0,0,6477083,2019-01-20 23:31:45,,0.0,0.0,0,,0.0,0.0,0.0,91
1,[],12,[],2019-02-13 13:12:03,441399.66144774,0.000003009999999999999980258846843383935265592299401760101318359375,0.000000000109014374,6653883,2019-02-13 13:12:03,btc,4.133778878316538,0.0,0.000003009999999999999980258846843383935265592299401760101318359375,btc,42129.16696639,0.0027918196774244,0.0729183195191837,91
0,[],17,[],2019-02-13 13:12:05,0.0,0,0,6653884,2019-02-13 13:12:05,btc,0.0,0.0,0,btc,0.0,0.0,0.0,91
0.0000000001177747,[],22,[],2019-02-13 13:12:09,23273459.4,5.888735e-18,2.13274670989e-22,6653885,2019-02-13 13:12:09,LTC,8.17576354,0.0,0.00000005,LTC,67492261.1,0.0,0.89586509,95
1,[],4,[],2019-02-13 13:12:10,134639298.59053305,0.00000001,0.000000000000362174,6653886,2019-02-13 13:12:10,btc,0.9760204777826651,0.0,0.00000001,"btc,ltc",48336402.74348307,0.00618391,0.006833992509485225,96
1,[],12,[],2019-02-13 13:12:12,572409.0,0.00000001,0.000000000000362174,6653887,2019-02-13 13:12:12,btc,255062.9973688799,0.0,0.00000001,btc,8742801.54676297,0.00122123,0.00572409,96
0,[],17,[],2019-02-13 13:12:14,0.0,0,0,6653888,2019-02-13 13:12:14,btc,0.0,0.0,0,btc,0.0,0.0,0.0,96
1,[],4,[],2019-02-13 13:12:15,1745384.46388921,0.00000032,0.000000000011589568,6653889,2019-02-13 13:12:15,btc,0.1479010502893101,0.0,0.00000032,btc,324168.57268635,0.01072569,0.2038982472462577,99
0,[],2,[],2019-01-20 23:23:55,0.0,0,0,6476914,2019-01-20 23:23:55,,0.0,0.0,0,,0.0,0.0,0.0,100
1,[],4,[],2019-02-13 13:12:16,206186.71893515,0.00004011,0.000000001452679914,6653890,2019-02-13 13:12:16,btc,1.1054289788774456,0.0,0.00004011,btc,24736.38011417,0.95762219,1.5851581252925135,100
1,[],22,[],2019-02-13 13:12:20,50000.0,0.00000001,0.000000000000362174,6653891,2019-02-13 13:12:20,BTC,23.49896609,0.0,0.00000001,BTC,10277.22,0.0,0.0005,101
1,[],4,[],2019-02-13 13:12:22,206100.87656866,0.00000095,0.00000000003440653,6653892,2019-02-13 13:12:22,btc,0.4044974993067811,0.0,0.00000095,btc,158117.6044032,0.01218577,0.1019472016354188,103
1,[],12,[],2019-02-13 13:12:25,53387952.4663887,0.000000016,0.0000000000005794784000000001,6653893,2019-02-13 13:12:25,btc,137278875.365554,0.0,0.000000016,btc,123976347.50160316,0.18850729535415317,0.3218537434622192,105
1,[],27,[],2019-02-13 13:12:26,4109342.89,0.00000001,0.000000000000362174,6653894,2019-02-13 13:12:26,btc,0.3614577513692299,0.0,0.00000001,btc,323444.42860553,0.0,0.0410934289,105
1,[],22,[],2019-02-13 13:02:44,271183.5714285714,0.00000007,0.000000000002533013,6653693,2019-02-13 13:02:44,BTC,51.12453289,0.0,0.00000007,BTC,669300.0,0.002,0.01628285,107
1,[],26,[],2019-02-13 13:02:44,0.0,0.00000000,0,6653694,2019-02-13 13:02:44,btc,0.0,0.0,0.00000000,btc,0.0,0.0,0.0,107
1,[],5,[],2019-02-13 13:12:28,1e-08,0.00000001,0.000000000000362174,6653895,2019-02-13 13:12:28,btc,2.91527562,0.00958701,0.00000001,btc,1.571e-05,0.0,0.08599884,112
1,[],22,[],2019-02-13 13:12:32,189093.0,0.00000001,0.000000000000362174,6653896,2019-02-13 13:12:32,BTC,2.81183288,0.0,0.00000001,BTC,808524.0833333334,0.0,0.00189093,112
0.0000000003402879,[],27,[],2019-02-13 13:12:34,500000.0,3.4028790000000004e-18,1.2324342989460002e-22,6653897,2019-02-13 13:12:34,eth,1.35132491849924,0.0,0.00000001,"btc,eth",1328.641654,0.0,1.7014395000000002e-12,112
1,[],4,[],2019-02-13 13:12:35,442204.71134307,0.00000325,0.00000000011770654999999999,6653898,2019-02-13 13:12:35,btc,0.243375616442658,0.0,0.00000325,btc,53317.30948854,0.05319155,0.1874509089002881,113
1,[],5,[],2019-02-13 13:12:36,1.554e-05,0.00000325,0.00000000011770654999999999,6653899,2019-02-13 13:12:36,btc,0.81323477,0.0005203,0.00000325,btc,0.00141486,0.0,0.22193655,113
1,[],17,[],2019-02-13 13:12:37,152738.278,0.00000004,0.000000000001448696,6653900,2019-02-13 13:12:37,btc,1.3368030274687155,0.0,0.00000004,btc,51896.221,0.0,0.0022095311199999998,116
0,[],27,[],2019-02-13 13:12:39,0.0,0,0,6653901,2019-02-13 13:12:39,,0.0,0.0,0,btc,0.0,0.0,0.0,116
1,[],4,[],2019-02-13 13:12:40,31742.0041606,0.00002831,0.000000001025314594,6653902,2019-02-13 13:12:40,btc,0.3470089780118434,0.0,0.00002831,btc,11690.24437152,7.62629217,0.7529324040930694,120
1,[],7,[],2019-02-13 13:12:44,16348.65334469,0.00002741000000000000014666219627645915579705615527927875518798828125,0.000000000992718934,6653903,2019-02-13 13:12:44,btc,115647.30046231265,87.04675369,0.00002741000000000000014666219627645915579705615527927875518798828125,btc,29739.21367551,0.00238692,0.0560788042621189,120
1,[],20,[],2019-02-13 13:03:07,1093445.8166,0.000000014,0.0000000000005066026000000001,6653704,2019-02-13 13:03:07,btc,33.8691165036599,1088.85,0.000000014,btc,1150552.4764,1.52439e-05,0.0052654043171,125
1,[],22,[],2019-02-13 13:03:11,3053.0,0.00000001,0.000000000000361859,6653705,2019-02-13 13:03:11,BTC,0.01444889,0.0,0.00000001,BTC,296264.5111111111,0.0,3.053e-05,126
1,[],4,[],2019-02-13 13:03:12,100340.60592403,0.00001456,0.000000000526866704,6653706,2019-02-13 13:03:12,btc,0.5247827584060306,0.0,0.00001456,btc,28101.34563423,0.45672966,0.6242265608043303,131
0,[],17,[],2019-02-13 13:03:14,0.0,0,0,6653707,2019-02-13 13:03:14,btc,0.0009561751951600001,0.0,0,btc,35.42829368,0.0,0.0,131
0,[],2,[],2019-01-20 23:25:46,0.0,0,0,6476969,2019-01-20 23:25:46,,0.0,0.0,0,,0.0,0.0,0.0,131
1,[],4,[],2019-02-13 13:03:14,4618.72257165,0.00016013,0.000000005794448167,6653708,2019-02-13 13:03:14,btc,1.6397450704738545,0.0,0.00016013,btc,295.92689166,0.0,0.0082576416403639,135
1,[],3,[],2019-02-13 13:03:15,1856587.65894064,0.00000006,0.000000000002171154,6653709,2019-02-13 13:03:15,btc,0.11619022294799519,46370.0,0.00000006,btc,380319.48998015,0.0,0.0692588294414791,136
1,[],4,[],2019-02-13 13:03:16,56206.37193052,0.00000174,0.000000000062963466,6653710,2019-02-13 13:03:16,btc,0.0468620560065392,0.0,0.00000174,btc,23195.80753993,0.04439445,0.0688302490972846,137
1,[],12,[],2019-02-13 13:03:27,307826.07898665,0.00000176000000000000008976326626441988310034503228962421417236328125,0.000000000063687184,6653711,2019-02-13 13:03:27,btc,11982.946503547366,0.0,0.00000176000000000000008976326626441988310034503228962421417236328125,btc,158158.64120849,0.0342151627953571,0.04671981266993,137
1,[],4,[],2019-02-13 13:03:28,713498.05687351,0.00005206,0.000000001883837954,6653712,2019-02-13 13:03:28,btc,0.7439783066664185,0.0,0.00005206,btc,10810.88687297,1.65383091,0.4257601871158361,142
1,[],5,[],2019-02-13 13:03:29,0.00151567,0.00004960,0.0000000017948206400000002,6653713,2019-02-13 13:03:29,btc,0.83030535,0.85313989,0.00004960,btc,0.00302259,0.0,1.05215227,142
1,[],17,[],2019-02-13 13:03:30,22967.386363640002,0.00000088,0.000000000031843592,6653714,2019-02-13 13:03:30,btc,20.069913352647458,0.0,0.00000088,btc,2746.079105,0.0,0.0104613000000032,142
1,[],20,[],2019-02-13 13:03:32,138145.0739,0.00006,0.0000000021711540000000003,6653715,2019-02-13 13:03:32,btc,0.4594082949612,7378.0344,0.00006,btc,4549.1256,0.5705060771748,0.2441657492633,142
1,[],22,[],2019-02-13 13:03:36,1602.4,0.00001020,0.00000000036909618000000004,6653716,2019-02-13 13:03:36,BTC,3.00910435,0.0,0.00001020,BTC,917.058396139644,0.0,0.00170694,142
0.0,[],25,[],2019-02-13 13:03:37,0.0,0,0,6653717,2019-02-13 13:03:37,,0.0,0.0,0.0,btc,0.0,0.0,0.0,142
1,[],28,[],2019-02-13 13:03:39,77893.0,0.00004500,0.0000000016283655,6653718,2019-02-13 13:03:39,btc,0.048809112,1953.0,0.00004500,btc,249.5089,0.0,0.0586872,142
0,[],22,[],2019-02-13 13:13:01,0.0,0,0,6653912,2019-02-13 13:13:01,,67.4285069,0.0,0,,834770972.3,0.0,0.0,143
1,[],21,[],2019-02-13 13:13:01,40706048.02016921,0.00000028,0.000000000010140872000000001,6653913,2019-02-13 13:13:01,btc,39.36043335516207,3521434.82759802,0.00000028,btc,77009318.21971641,0.99060335,6.4200605285153145,145
0,[],22,[],2019-02-13 13:13:04,0.0,0,0,6653914,2019-02-13 13:13:04,,4.25427726,0.0,0,,2259598.0,0.0,0.0,146
,[],22,[],2018-11-20 23:01:11,0.0,0,0,4862114,2018-11-20 23:01:11,,2.56807021,0.0,,,61828.4988236,0.0,0.0,147
1,[],12,[],2019-02-13 13:03:48,8679298.14892697,0.00000302999999999999978877139594768408414893201552331447601318359375,0.000000000109643277,6653722,2019-02-13 13:03:48,btc,16.55864454896738,0.0,0.00000302999999999999978877139594768408414893201552331447601318359375,btc,121949.66449333,0.0016209746926608,0.1094160700000259,148
1,[],4,[],2019-02-13 13:13:05,270559.19177439,0.00000036,0.000000000013038263999999999,6653915,2019-02-13 13:13:05,btc,0.7779011927963962,0.0,0.00000036,btc,586529.57485546,0.0,0.0640408165858802,152
0,[],22,[],2019-02-13 13:13:08,0.0,0,0,6653916,2019-02-13 13:13:08,,0.0,0.0,0,,0.0,0.0,0.0,152
1,[],5,[],2019-02-13 13:13:10,0.0,0,0,6653917,2019-02-13 13:13:10,btc,4.35601725,0.0,0,btc,0.0021126,0.0,0.0,153
,[],16,[],2019-01-11 15:38:59,0.0,0,0,6366141,2019-01-11 15:38:59,btc,0.0,0.0,,btc,0.0,0.0,0.0,155
0,[],23,[],2019-01-20 23:24:29,0.0,0,0,6476932,2019-01-20 23:24:29,,0.0,0.0,0,,0.0,0.0,0.0,156
0,[],22,[],2019-02-13 13:13:13,0.0,0,0,6653918,2019-02-13 13:13:13,,6.74608761,0.0,0,,4644402.242592593,0.0,0.0,156
1,[],22,[],2019-02-13 13:13:17,7913.8,0.00005300,0.0000000019195222,6653919,2019-02-13 13:13:17,BTC,43.78801181,0.0,0.00005300,BTC,1067.5805334758436,0.0,0.00785176,157
0,[],22,[],2019-02-13 13:13:21,0.0,0,0,6653920,2019-02-13 13:13:21,,50175.67558609,0.0,0,,54029136.04179466,0.0,0.0,158
,[],17,[],2018-11-20 22:56:10,0.0,0,0,4861976,2018-11-20 22:56:10,btc,1.1265625,0.0,,btc,1000.0,0.0,0.0,159
,[],20,[],2018-11-20 22:56:12,0.0,0,0,4861977,2018-11-20 22:56:12,btc,11912.7940471,0.0,,btc,34413894.3617,0.0,0.0,159
1,[],12,[],2019-02-13 13:13:22,180033.0581295,0.0000081000000000000003746135346371914920382550917565822601318359375,0.00000000029336094,6653921,2019-02-13 13:13:22,btc,6.661576722282935,0.0,0.0000081000000000000003746135346371914920382550917565822601318359375,btc,14748.25630431,0.0115268250456236,0.0928616684000107,168
1,[],17,[],2019-02-13 13:13:24,29784.95,0.000001,0.0000000000362174,6653922,2019-02-13 13:13:24,btc,0.03026736251542,0.0,0.000001,btc,144.46171372,0.0,0.00716147,168
0,[],22,[],2019-02-13 13:13:27,0.0,0,0,6653923,2019-02-13 13:13:27,,1.14776715,0.0,0,,721548.0900917595,0.0,0.0,169
1,[],22,[],2019-02-13 13:04:28,245000.0,0.00000011,0.000000000003980449,6653732,2019-02-13 13:04:28,BTC,11.33112555,0.0,0.00000011,BTC,131141.7766476831,4.225e-05,0.0224,171
1,[],22,[],2019-02-13 13:04:32,220930.66666666666,0.00000018,0.000000000006513462,6653733,2019-02-13 13:04:32,BTC,2.64962579,0.0,0.00000018,BTC,242595.339643114,5.343e-05,0.01641152,173
1,[],5,[],2019-02-13 13:04:34,2.22e-05,0.00000196,0.000000000070924364,6653734,2019-02-13 13:04:34,btc,0.22907604,0.00330223,0.00000196,btc,0.00024075,0.0,0.25669318,175
1,[],22,[],2019-02-13 13:04:38,49534.52380952381,0.00000063,0.000000000022797117,6653735,2019-02-13 13:04:38,BTC,0.50172101,0.0,0.00000063,BTC,128186.47031396699,0.0,0.01817508,176
1,[],7,[],2019-02-13 13:04:39,0.0,0,0,6653736,2019-02-13 13:04:39,btc,410974.1987511513,0.0,0,btc,115535570.82091746,0.0,0.0,178
0,[],22,[],2019-02-13 13:04:42,0.0,0,0,6653737,2019-02-13 13:04:42,,1.00242428,0.0,0,,57512.0,0.0,0.0,178
0,[],2,[],2019-01-20 23:28:34,0.0,0,0,6477001,2019-01-20 23:28:34,,0.0,0.0,0,,0.0,0.0,0.0,178
1,[],5,[],2019-02-13 13:04:44,3e-08,0.00000002,0.000000000000723718,6653738,2019-02-13 13:04:44,btc,31.3252193,0.02534585,0.00000002,btc,2.088e-05,0.0,0.57169491,179
1,[],22,[],2019-02-13 13:04:49,7780285.0,0.00000002,0.000000000000723718,6653739,2019-02-13 13:04:49,BTC,5.92824511,0.0,0.00000002,"BTC,LTC",17868273.399292473,0.00079998,0.38286554,179
0,[],23,[],2019-01-20 23:25:08,0.0,0,0,6476952,2019-01-20 23:25:08,,0.0,0.0,0,,0.0,0.0,0.0,179
1,[],17,[],2019-02-13 13:04:51,10504.725,0.0000001,0.0000000000036185900000000002,6653740,2019-02-13 13:04:51,btc,5.206166879879652,0.0,0.0000001,btc,6755.0074587,0.0,0.0010504725,180
1,[],22,[],2019-02-13 13:04:56,13654.4,0.0000005,0.000000000018092950000000002,6653741,2019-02-13 13:04:56,BTC,0.09143332,0.0,0.0000005,"BTC,LTC",6337.240674120756,0.00501523,0.00160544,180
1,[],26,[],2019-02-13 13:04:56,0.0,0.00000150,0.00000000005427885,6653742,2019-02-13 13:04:56,btc,0.0,2870.5,0.00000150,btc,0.0,0.0,0.0,180
,[],7,[],2018-11-20 22:58:01,562227.975654,0.00000085,0.000000000036176765,4862015,2018-11-20 22:58:01,btc,21836.6059674,2491.87645172,,btc,749999.041456,0.00211021,0.127565380455,183
,[],5,[],2019-01-10 08:11:41,0.0,0,0,6347036,2019-01-10 08:11:41,btc,82.15055501,0.00261,,btc,1.19002445,0.0,0.0,187
1,[],24,[],2019-02-13 13:04:56,0.0,0.000000000001,3.61859e-17,6653743,2019-02-13 13:04:56,btc,0.0,0.0,0.000000000001,btc,0.0,0.0,0.0,187
,[],17,[],2018-11-16 20:58:10,4062536.27273,0.00000001,0.000000000000550501,4708775,2018-11-16 20:58:10,btc,3.36492563466,0.195460381006,,"btc,eth",110697919.549,0.0,0.0157628953496,187
0,[],22,[],2019-02-13 13:04:59,0.0,0,0,6653744,2019-02-13 13:04:59,,1.19370255,0.0,0,,14406.10286773884,0.0,0.0,191
0,[],22,[],2019-02-13 13:05:07,0.0,0,0,6653745,2019-02-13 13:05:07,,0.0,0.0,0,,0.0,0.0,0.0,197
0,[],23,[],2019-01-20 23:31:41,0.0,0,0,6477079,2019-01-20 23:31:41,,0.0,0.0,0,,0.0,0.0,0.0,199
0,[],22,[],2019-02-13 13:05:10,0.0,0,0,6653746,2019-02-13 13:05:10,,5.15195517,0.0,0,,19804684.0,0.0,0.0,199
1,[],26,[],2019-02-13 13:05:10,0.0,0.00000000,0,6653747,2019-02-13 13:05:10,btc,0.0,762291.0,0.00000000,btc,0.0,0.0,0.0,199
0,[],17,[],2019-01-30 16:32:01,0.0,0,0,6540827,2019-01-30 16:32:01,btc,6.802544163788159,0.0,0,btc,105897.55575295,0.0,0.0,200
0,[],2,[],2019-01-20 23:30:49,0.0,0,0,6477059,2019-01-20 23:30:49,,0.0,0.0,0,,0.0,0.0,0.0,201
1,[],4,[],2019-01-25 15:51:35,2084389.58565343,0.00000936,0.000000000333526752,6499557,2019-01-25 15:51:35,btc,2.0092503037378524,0.0,0.00000936,btc,160195.80207885,0.19272417,1.242687955921835,211
1,[],7,[],2019-02-13 13:05:15,4770472.35217794,0.000001340000000000000087593235616190145975679115508683025836944580078125,0.000000000048489106000000006,6653748,2019-02-13 13:05:15,btc,15450813.915108878,1902888.44848,0.000001340000000000000087593235616190145975679115508683025836944580078125,btc,11067862.14149686,0.0,3.6315878999081703,212
1,[],5,[],2019-02-13 13:05:18,3.08e-06,0.00000029,0.000000000010493911000000001,6653749,2019-02-13 13:05:18,btc,1.17376012,0.28900145,0.00000029,btc,3.02e-05,0.0,0.13189855,213
1,[],24,[],2019-02-13 13:05:18,0.0,0.000000050000,0.0000000000018092950000000001,6653750,2019-02-13 13:05:18,btc,0.0,0.0,0.000000050000,btc,0.0,0.0,0.0,213
1,[],26,[],2019-02-13 13:05:18,0.0,0.00000009,0.000000000003256731,6653751,2019-02-13 13:05:18,btc,0.0,0.0,0.00000009,btc,0.0,0.0,0.0,213
1,[],12,[],2019-01-25 02:44:32,207462.42853209,0.000001080000000000000035831255497387193287295303889550268650054931640625,0.000000000038610756000000006,6493050,2019-01-25 02:44:32,btc,85023.03793723314,0.0,0.000001080000000000000035831255497387193287295303889550268650054931640625,btc,43675.73520027,0.000146250909087,0.0348620860622024,213
1,[],22,[],2019-02-13 13:05:22,121087.0,0.00000002,0.000000000000723718,6653752,2019-02-13 13:05:22,BTC,2.19288044,0.0,0.00000002,BTC,153809.63137942314,0.0002891,0.00160774,216
1,[],27,[],2019-02-13 13:05:24,5203157.5555,0.00000004,0.000000000001447436,6653753,2019-02-13 13:05:24,btc,256.82994371176,0.0,0.00000004,"btc,ltc",272101.909,0.0,0.05469726222,216
1,[],22,[],2019-02-13 13:05:28,223039.91215608703,0.00000207,0.000000000074904813,6653754,2019-02-13 13:05:28,BTC,12677.09322172,0.0,0.00000207,BTC,445123.22815821867,0.10648131,0.25649261,217
1,[],7,[],2019-02-13 13:05:30,0.0,0,0,6653755,2019-02-13 13:05:30,btc,77970.0557979151,0.0,0,btc,137090858.32140028,0.0,0.0,219
0,[],27,[],2019-02-13 13:05:33,0.0,0,0,6653756,2019-02-13 13:05:33,,5.341893788316972,0.0,0,btc,1605140.99226595,0.0,0.0,219
0.0000000000000052,[],28,[],2019-02-13 13:05:36,169956223.952,6.76052e-18,2.4463550066800003e-22,6653757,2019-02-13 13:05:36,doge,88584.47496696751,14346.0,0.00130010,"btc,doge",4974548.69631,0.0,1.584403029683526e-11,219
1,[],22,[],2019-02-13 13:05:39,172181.6,0.00000015,0.0000000000054278850000000006,6653758,2019-02-13 13:05:39,BTC,3.02672826,0.0,0.00000015,BTC,95405.07001039218,0.01311882,0.01777616,221
1,[],24,[],2019-02-13 13:05:39,0.0,0.000000201200,0.000000000007280603080000001,6653759,2019-02-13 13:05:39,btc,0.0,8710.84699,0.000000201200,btc,0.0,0.00159029,0.0,221
1,[],20,[],2019-02-13 13:05:42,52269469.1018,0.000000003,0.0000000000001085577,6653760,2019-02-13 13:05:42,btc,49.8568239773503,113294.6168,0.000000003,btc,10281219.2359,0.0004148838504,0.054898039522,224
0,[],22,[],2019-02-13 13:05:45,0.0,0,0,6653761,2019-02-13 13:05:45,,0.0,0.0,0,,0.0,0.0,0.0,224
1,[],26,[],2019-02-13 13:05:45,0.0,0.00000035,0.000000000012665065000000001,6653762,2019-02-13 13:05:45,btc,0.0,0.0,0.00000035,btc,0.0,0.0,0.0,231
1,[],26,[],2019-02-13 13:05:46,0.0,0.00000005,0.0000000000018092950000000001,6653763,2019-02-13 13:05:46,btc,0.0,200.0,0.00000005,btc,0.0,0.0,0.0,234
0,[],27,[],2019-02-13 13:05:48,0.0,0,0,6653764,2019-02-13 13:05:48,,0.0113483662182,0.0,0,"btc,eth",11462.99618,0.0,0.0,234
0,[],22,[],2019-02-13 13:05:51,0.0,0,0,6653765,2019-02-13 13:05:51,,2.76542139,0.0,0,,92332288.06349206,0.0,0.0,235
1,[],4,[],2019-02-13 13:05:52,1159617.89596799,0.00000103,0.000000000037271477000000004,6653766,2019-02-13 13:05:52,btc,0.3601538714168363,0.0,0.00000103,btc,242700.41021256,0.2661273,0.4335096513491373,236
1,[],24,[],2019-02-13 13:05:53,0.0,0.000000020010,0.000000000000724079859,6653767,2019-02-13 13:05:53,btc,0.0,0.0,0.000000020010,btc,0.0,0.0,0.0,236
1,[],20,[],2019-02-13 13:05:55,66462287.4207,0.000000065,0.0000000000023520835000000002,6653768,2019-02-13 13:05:55,btc,14.9325036640906,21248910.8998,0.000000065,btc,26708691.0515,1.4122672555359,0.4014539669251,237
1,[],22,[],2019-02-13 13:06:00,136267.0,0.00000004,0.000000000001447436,6653769,2019-02-13 13:06:00,BTC,0.04209605,0.0,0.00000004,"BTC,LTC",22179.0,0.0,0.00541601,237
1,[],4,[],2019-02-13 13:06:01,4537349.71976316,0.00000033,0.000000000011941347,6653770,2019-02-13 13:06:01,btc,0.669674208883361,0.0,0.00000033,btc,1815084.27989275,0.25311845,1.3727464857402032,238
1,[],5,[],2019-02-13 13:06:03,4.25e-06,0.00000033,0.000000000011941347,6653771,2019-02-13 13:06:03,btc,0.85050633,0.01144214,0.00000033,btc,3.008e-05,0.0,0.25968371,238
0,[],22,[],2019-02-13 13:06:06,0.0,0,0,6653772,2019-02-13 13:06:06,,15.41678688,0.0,0,,370860.0639027493,0.0,0.0,249
0.00000000011760700000000002,[],22,[],2019-02-13 13:06:11,7025765.666666667,3.52821e-18,1.2767145423900002e-22,6653773,2019-02-13 13:06:11,LTC,0.46265531,0.0,0.00000003,LTC,12972210.09,3.4784034355e-13,0.20977599,252
1,[],28,[],2019-02-13 13:06:13,3365203.286,0.00000012,0.000000000004342308,6653774,2019-02-13 13:06:13,btc,164693.69588148908,164159.3,0.00000012,btc,955838.2751,0.0,0.1964703763,256
1,[],22,[],2019-02-13 13:06:18,275551.7916666667,0.00000008,0.000000000002894872,6653775,2019-02-13 13:06:18,BTC,30.18636856,0.0,0.00000008,BTC,387790.1122661123,0.00631576,0.01094617,258
1,[],22,[],2019-01-26 20:58:41,368451.0,0.00000001,0.000000000000356135,6510120,2019-01-26 20:58:41,BTC,2.642917,0.0,0.00000001,"BTC,LTC",1862.0,0.0,0.02488451,259
1,[],22,[],2019-02-13 13:06:23,13369.624375624375,0.00001300,0.0000000004704167,6653776,2019-02-13 13:06:23,BTC,1293.00240436,0.0,0.00001300,"BTC,LTC",5213.820006999424,0.03654727,0.03993286,262
1,[],5,[],2019-02-13 13:06:25,1.925e-05,0.00000204,0.00000000007381923600000001,6653777,2019-02-13 13:06:25,btc,0.63810254,0.15106259,0.00000204,btc,0.00030208,0.0,0.16182732,264
1,[],20,[],2019-02-13 13:06:27,1359949.5122,0.00000195,0.000000000070562505,6653778,2019-02-13 13:06:27,btc,4.968415405281,58773.9191,0.00000195,btc,98969.1922,0.1801347703778,0.0251013589319,264
1,[],22,[],2019-02-13 13:06:32,95356.5,0.00000002,0.000000000000723718,6653779,2019-02-13 13:06:32,BTC,8.27980096,0.0,0.00000002,BTC,227209.31707431233,0.0,0.0014095,271
0,[],22,[],2019-02-13 13:06:35,0.0,0,0,6653780,2019-02-13 13:06:35,,384.77798703,0.0,0,,15106717515.9,0.0,0.0,272
0.0000000000000052,[],28,[],2019-02-13 13:06:37,187584784290.314,4.68e-21,1.6935001200000001e-25,6653781,2019-02-13 13:06:37,doge,440769287.22412884,18298896111.7912,0.0000009,doge,218998282987.2875,0.0,4.941242453438302e-10,272
1,[],22,[],2019-02-13 13:08:39,12779.0,0.00001501,0.000000000543150359,6653782,2019-02-13 13:08:39,BTC,74.06579281,0.0,0.00001501,BTC,1308.582716680558,0.01211587,0.03508994,281
