pairValue,buyBook,exchangeId,sellBook,updated,buyTotal,satoshiPrice,usdPrice,exchangeLogId,created,bestPair,sellTotalBtc,volume,pairPrice,activePairs,sellTotal,volumeBtc,buyTotalBtc,coinId
1,[],3,[],2019-05-11 20:32:29,32391.085395287548,0.0108772000000000000630162588777238852344453334808349609375,0.0000007509586248400001,7617032,2019-05-11 20:32:29,btc,3.369655742404858,106.152426005,0.0108772000000000000630162588777238852344453334808349609375,btc,22.78272263786,0.0,0.4954213440687752,1
1,[],4,[],2019-05-11 20:32:29,251108.74339221,0.01094678,0.0000007557624071660001,7617033,2019-05-11 20:32:29,btc,9.436766964946083,0.0,0.01094678,btc,398.25227253,3.98210388,0.4302324365598321,1
1,[],5,[],2019-05-11 20:32:31,0.0,0,0,7617034,2019-05-11 20:32:31,btc,0.0,0.13807824,0,btc,0.0,0.0,0.0,1
1,[],10,[],2019-05-11 20:32:34,253853.87606301,0.00910006,0.0000006282654123820001,7617035,2019-05-11 20:32:34,btc,6525.313399462411,1840.36186369,0.00910006,btc,1473.70379384,0.0,3.5792150746906213,1
1,[],12,[],2019-05-11 20:32:36,83.12312358,0.01106000000000000038635761256955447606742382049560546875,0.0000007635790820000001,7617036,2019-05-11 20:32:36,btc,0.2018838819321,0.0,0.01106000000000000038635761256955447606742382049560546875,btc,14.57031997,0.7940417464763,0.4195939464329,1
1,[],20,[],2019-05-11 20:32:38,975.3887,0.010700233,0.0000007387408762501001,7617037,2019-05-11 20:32:38,btc,0.0782507035296,0.2615,0.010700233,btc,5.1613,0.0029653685064,0.1755486967917,1
1,[],21,[],2019-05-11 20:32:40,2130.51216945,0.01110327000000000015333956327,0.000000766566429819,7617038,2019-05-11 20:32:40,btc,15.98924881758472,7469.62808258,0.01110327000000000015333956326912812073715031147003173828125,"btc,eth",1918.64705718,75.85371823496781,14.432186755714495,1
0,[],22,[],2019-05-11 20:32:43,0.0,0,0,7617039,2019-05-11 20:32:43,,0.3163308,0.0,0,,0.2527518593615956,0.0,0.0,1
1,[],24,[],2019-05-11 20:32:44,0.0,0.000000000000,0,7617040,2019-05-11 20:32:44,btc,0.0,0.0,0.000000000000,btc,0.0,0.0,0.0,1
0.0,[],25,[],2019-05-11 20:32:45,0.0,0,0,7617041,2019-05-11 20:32:45,btc,22.299999999123735,3271.75269308,0.0,btc,1963.24842024,35.5361,0.0,1
1,[],26,[],2019-05-11 20:32:46,0.0,0,0,7617042,2019-05-11 20:32:46,,0.0,0.0,0,,0.0,0.0,0.0,1
1,[],28,[],2019-05-11 20:32:47,987.9,0.01131000,0.000000780839007,7617043,2019-05-11 20:32:47,btc,0.161275621,359061.6298,0.01131000,btc,8.7605,0.0,0.024551096,1
0,[],2,[],2019-01-20 23:28:45,0.0,0,0,6477011,2019-01-20 23:28:45,,0.0,0.0,0,,0.0,0.0,0.0,1
1,[],5,[],2019-05-11 20:32:49,0.0,0,0,7617044,2019-05-11 20:32:49,btc,0.0,0.00034758,0,btc,0.0,0.0,0.0,2
1,[],22,[],2019-05-11 20:32:53,9148.0,0.00000001,0.0000000000006903970000000001,7617045,2019-05-11 20:32:53,BTC,21.00846647,0.0,0.00000001,"BTC,XMR",24148.96059725142,0.0,0.00095635,2
1,[],5,[],2019-05-11 20:32:55,0.0,0,0,7617046,2019-05-11 20:32:55,btc,0.0,0.08882365,0,btc,0.0,0.0,0.0,3
1,[],12,[],2019-05-11 20:32:56,3329274.27585643,0.000000146,0.000000000010079796200000001,7617047,2019-05-11 20:32:56,btc,2714597.273602628,0.0,0.000000146,btc,3284441.94866635,0.3095310322515073,0.36209551596863593,3
0,[],28,[],2019-05-11 20:32:57,0.0,0,0,7617048,2019-05-11 20:32:57,,0.0,0.0,0,,0.0,0.0,0.0,3
0,[],2,[],2019-01-20 23:31:32,0.0,0,0,6477077,2019-01-20 23:31:32,,0.0,0.0,0,,0.0,0.0,0.0,4
1,[],4,[],2019-04-26 19:14:12,610911.70993152,0.00000026,0.000000000013566046,7471614,2019-04-26 19:14:12,btc,31.457742656463164,0.0,0.00000026,btc,718733.71307795,0.00142695,0.0638464483338706,4
0,[],12,[],2019-04-25 23:08:22,0.0,0,0,7459310,2019-04-25 23:08:22,btc,1111851.94727753,0.0,0,btc,953412.0,0.0,0.0,5
1,[],11,[],2019-05-11 20:32:59,5042415.307535999,0.00000001,0.0000000000006903970000000001,7617049,2019-05-11 20:32:59,btc,9576.518892469494,953882.934,0.00000001,btc,47477888.75253575,0.0,0.05042415307536,6
0,[],2,[],2019-01-20 23:31:51,0.0,0,0,6477087,2019-01-20 23:31:51,,0.0,0.0,0,,0.0,0.0,0.0,6
1,[],3,[],2019-05-11 20:33:00,11174.51574625774,0.0001397600000000000035858815916611774810007773339748382568359375,0.000000009648988472000001,7617050,2019-05-11 20:33:00,btc,14.362095465242113,72.2557011207,0.0001397600000000000035858815916611774810007773339748382568359375,btc,346.225549964109,0.0,0.03924660516585302,7
1,[],4,[],2019-05-11 20:33:01,53156.00617036,0.00013105,0.000000009047652685,7617051,2019-05-11 20:33:01,btc,8.03244433072213,0.0,0.00013105,btc,36129.06821051,4.16508346,3.3502694740535692,7
1,[],5,[],2019-05-11 20:33:03,0.0,0,0,7617052,2019-05-11 20:33:03,btc,0.0,0.44096992,0,btc,0.0,0.0,0.0,7
1,[],20,[],2019-04-07 22:06:50,3201475.0482,0.000000001,0.000000000000051590000000000004,7213932,2019-04-07 22:06:50,btc,30.8005781811902,0.0,0.000000001,btc,23077405.3926,0.0,0.0032014750482,8
1,[],4,[],2019-05-11 20:33:06,23676331.19479596,0.00000064,0.000000000044185408000000003,7617053,2019-05-11 20:33:06,btc,4.44594876788736,0.0,0.00000064,btc,3494155.3989021,1.16021191,0.8076395228247224,9
1,[],28,[],2019-05-11 20:33:07,18055.0,0.00000021,0.000000000014498337000000001,7617054,2019-05-11 20:33:07,btc,2708.775233808764,3472023.0,0.00000021,btc,25766.3492,0.0,0.00186155,9
0,[],2,[],2019-01-20 23:22:42,0.0,0,0,6476876,2019-01-20 23:22:42,,0.0,0.0,0,,0.0,0.0,0.0,9
0,[],23,[],2019-01-20 23:22:48,0.0,0,0,6476878,2019-01-20 23:22:48,,0.0,0.0,0,,0.0,0.0,0.0,9
1,[],1,[],2019-02-17 23:31:42,1822507.21,0.00000181000000000000003456111265232042484285557293333113193511962890625,0.000000000066086901,6701244,2019-02-17 23:31:42,btc,3.6990969245,17153386.5,0.00000181000000000000003456111265232042484285557293333113193511962890625,btc,1997391.71,31.11772986,3.2610482446,9
1,[],4,[],2019-02-17 11:22:43,4341674.27126056,0.00000002,0.0000000000007272960000000001,6696112,2019-02-17 11:22:43,btc,0.1997230937751353,0.0,0.00000002,btc,4109766.79808031,0.00215132,0.0479381022052112,10
1,[],4,[],2019-05-11 20:33:08,9868670.604056,0.00000079,0.000000000054541363000000005,7617055,2019-05-11 20:33:08,btc,6.581107000979922,0.0,0.00000079,btc,4731598.99435569,0.92797306,4.157994678765583,12
1,[],5,[],2019-05-11 20:33:09,0.0,0,0,7617056,2019-05-11 20:33:09,btc,0.0,0.10210518,0,btc,0.0,0.0,0.0,12
0.0,[],25,[],2019-05-11 20:33:10,0.0,0,0,7617057,2019-05-11 20:33:10,,0.0,0.0,0.0,btc,0.0,0.0,0.0,12
0,[],2,[],2019-01-20 23:23:08,0.0,0,0,6476890,2019-01-20 23:23:08,,0.0,0.0,0,,0.0,0.0,0.0,12
1,[],4,[],2019-05-11 20:33:12,32192805.13530283,0.00000608,0.000000000419761376,7617058,2019-05-11 20:33:12,btc,2.338640194459442,0.0,0.00000608,btc,283521.13374335,1.32289,1.153962979083803,13
1,[],21,[],2019-05-11 20:33:16,2935618.67089796,0.000006160000000000000314171431925,0.00000000042528455200000005,7617059,2019-05-11 20:33:16,btc,2.932790768779215,1594700.75247482,0.000006160000000000000314171431925469590851207613013684749603271484375,btc,424477.15306152997,9.72412221,15.855706331324456,13
1,[],10,[],2019-05-11 20:02:18,704121.14730092,0.00000596,0.00000000041184970799999994,7616905,2019-05-11 20:02:18,btc,666793.5884570029,23081.8067273,0.00000596,btc,730209.10701226,0.0,0.5071980303328028,13
1,[],4,[],2019-05-11 20:33:17,1010695.67257109,0.00000084,0.000000000057993348000000005,7617060,2019-05-11 20:33:17,btc,8.11984824546523,0.0,0.00000084,btc,1264946.76129107,0.01940279,0.1696175447391838,14
1,[],12,[],2019-05-11 20:33:18,249126.7819571,0.00000085,0.00000000005868374500000001,7617061,2019-05-11 20:33:18,btc,0.1187516700632496,0.0,0.00000085,btc,14931.03903504,0.0,0.0243930199999722,14
1,[],26,[],2019-05-11 20:35:18,0.0,0.00000050,0.000000000034519850000000005,7617062,2019-05-11 20:35:18,btc,0.0,0.0,0.00000050,btc,0.0,0.0,0.0,14
0,[],17,[],2019-05-03 00:53:32,0.0,0,0,7558876,2019-05-03 00:53:32,btc,0.0,0.0,0,btc,0.0,0.0,0.0,14
0,[],4,[],2019-05-11 20:35:19,0.0,0,0,7617063,2019-05-11 20:35:19,,0.0,0.0,0,,0.0,0.0,0.0,15
,[],12,[],2018-12-01 15:15:48,204241.84496,0.00000489,0.000000000202473384,5260204,2018-12-01 15:15:48,btc,49.5475654835,0.0,,btc,35763.2193806,0.0163153972027625,0.0203389899998,15
1,[],4,[],2019-05-11 20:35:21,32164.86414439,0.00001245,0.0000000008595442650000001,7617064,2019-05-11 20:35:21,btc,1.1009447596138158,0.0,0.00001245,btc,13646.91791608,0.10963865,0.0607599378338176,18
1,[],10,[],2019-05-11 20:35:23,334106.63640284,0.00001498,0.000000001034214706,7617065,2019-05-11 20:35:23,btc,15.409044996267472,2629.98990149,0.00001498,btc,9963.70135075,0.0,0.5009276251749346,18
1,[],12,[],2019-05-11 20:35:24,221538.84184847,0.0000120399999999999999210353873735357410623691976070404052734375,0.0000000008312379880000001,7617066,2019-05-11 20:35:24,btc,33215.328486843944,0.0,0.0000120399999999999999210353873735357410623691976070404052734375,btc,1818.7658888400001,0.0052193630016919,0.0174748128674114,18
0,[],2,[],2019-01-20 23:23:38,0.0,0,0,6476906,2019-01-20 23:23:38,,0.0,0.0,0,,0.0,0.0,0.0,18
0,[],17,[],2019-05-03 00:53:39,0.0,0,0,7558882,2019-05-03 00:53:39,btc,0.0,0.0,0,btc,0.0,0.0,0.0,18
1,[],3,[],2019-05-11 20:37:25,158716.17079089078,0.0000128900000000000002531481968492954592875321395695209503173828125,0.0000000008899217330000001,7617067,2019-05-11 20:37:25,btc,0.2563280180041955,877.526669329,0.0000128900000000000002531481968492954592875321395695209503173828125,btc,7252.566877867577,0.0,0.051675138714594795,19
1,[],4,[],2019-05-11 20:37:26,409640.77045002,0.00001215,0.000000000838832355,7617068,2019-05-11 20:37:26,btc,3.456198904460946,0.0,0.00001215,btc,115069.55592132,0.25017106,0.6544017636933405,19
1,[],5,[],2019-05-11 20:37:28,0.0,0,0,7617069,2019-05-11 20:37:28,btc,0.0,0.00067168,0,btc,0.0,0.0,0.0,19
1,[],12,[],2019-05-11 20:37:29,207315.66969316,0.000012239999999999999700226772925137908032411360181868076324462890625,0.0000000008450459280000001,7617070,2019-05-11 20:37:29,btc,0.3021682412121224,0.0,0.000012239999999999999700226772925137908032411360181868076324462890625,btc,3015.57901296,0.00022504,0.0820090899996931,19
1,[],27,[],2019-05-11 20:37:34,100.0,0.0000001,0.00000000000690397,7617071,2019-05-11 20:37:34,btc,0.0,0.0,0.0000001,btc,0.0,0.0,1e-05,19
0,[],2,[],2019-01-20 23:24:19,0.0,0,0,6476924,2019-01-20 23:24:19,,0.0,0.0,0,,0.0,0.0,0.0,19
1,[],4,[],2019-05-11 20:37:34,1835078.57391266,0.00000009,0.000000000006213573000000001,7617072,2019-05-11 20:37:34,btc,5.279309685630553,0.0,0.00000009,btc,2279170.28595418,0.0,0.0608465352282092,20
1,[],4,[],2019-05-11 20:37:36,73319152.80551691,0.00000001,0.0000000000006903970000000001,7617073,2019-05-11 20:37:36,btc,1831.8827586720074,0.0,0.00000001,btc,55179405.04778949,0.0126375,0.7331915280551692,21
1,[],12,[],2019-05-11 20:37:37,5195602.0,0.00000001,0.0000000000006903970000000001,7617074,2019-05-11 20:37:37,btc,2895.661719010819,0.0,0.00000001,btc,7235925.79820176,0.00017748,0.05195602,21
0,[],17,[],2019-05-03 00:53:51,0.0,0,0,7558891,2019-05-03 00:53:51,btc,0.0,0.0,0,btc,0.0,0.0,0.0,21
1,[],12,[],2019-05-11 20:39:39,7796235319.296512,0.0000000005,0.00000000000003451985,7617075,2019-05-11 20:39:39,btc,311121829950.0008,0.0,0.0000000005,btc,2618313853.769635,0.13472410710389618,1.8307732435482558,23
0.0000000002830089,[],27,[],2019-05-11 20:39:44,15284978.0,5.660178e-18,3.907769910666e-22,7617076,2019-05-11 20:39:44,eth,184.013745279652,714187872.542,0.00000002,eth,5456507.2284,4.042430483791305e-09,5.3022589082412e-11,23
1,[],4,[],2019-05-11 20:39:45,746034.42018953,0.00000030,0.000000000020711910000000003,7617077,2019-05-11 20:39:45,btc,13.907201065011893,0.0,0.00000030,btc,2068096.30516324,0.03816122,0.0434801578896015,24
1,[],22,[],2019-05-11 20:39:49,21.76,0.00000100,0.00000000006903970000000001,7617078,2019-05-11 20:39:49,BTC,7.415e-05,0.0,0.00000100,BTC,23.919354838709676,0.0,1.186e-05,24
0.0,[],25,[],2019-05-11 20:39:50,0.0,0,0,7617079,2019-05-11 20:39:50,,0.0,0.0,0.0,btc,0.0,0.0,0.0,24
1,[],4,[],2019-05-11 20:09:01,26988056.24613411,0.00000427,0.000000000295066821,7616927,2019-05-11 20:09:01,btc,11.263176245519352,0.0,0.00000427,btc,330804.5419583,0.06470408,0.4947141035562301,26
1,[],10,[],2019-05-11 20:09:03,158531.32050974,0.00000802,0.000000000554200446,7616928,2019-05-11 20:09:03,btc,25.84490511074487,3600.52950319,0.00000802,btc,19849.69690304,0.0,0.0654956684864123,26
0,[],2,[],2019-01-20 23:25:56,0.0,0,0,6476976,2019-01-20 23:25:56,,0.0,0.0,0,,0.0,0.0,0.0,26
1,[],11,[],2019-04-30 04:16:17,7094566.83690364,0.00000006,0.000000000003115554,7518027,2019-04-30 04:16:17,btc,67504.138725751,6116.07566417,0.00000006,btc,6591680.7351637,0.0,0.38529422037817224,27
1,[],5,[],2019-04-26 09:47:06,0.0,0,0,7465326,2019-04-26 09:47:06,btc,0.0,0.0,0,btc,0.0,0.0,0.0,27
1,[],3,[],2019-04-28 02:38:55,141621.60361514,0.00000001,0.0000000000005253330000000001,7491060,2019-04-28 02:38:55,btc,2.501704004580372,921815.184511,0.00000001,btc,21091882.2176418,0.0,0.0014162160361513999,27
1,[],4,[],2019-05-11 20:39:51,1450419973.2544065,0.00000001,0.0000000000006903970000000001,7617080,2019-05-11 20:39:51,btc,5.110726391486848,0.0,0.00000001,"btc,ltc",310491161.583669,0.07672356,9.495210721240905,29
1,[],7,[],2019-05-11 20:39:53,113385941.7229273,0.00000001,0.0000000000006903970000000001,7617081,2019-05-11 20:39:53,btc,46550610.7630168,0.0,0.00000001,btc,43183306.52242329,0.0,1.133859417229273,29
1,[],4,[],2019-05-11 20:39:54,1567401.16000815,0.00000011,0.000000000007594367,7617082,2019-05-11 20:39:54,btc,2.5845436016638264,0.0,0.00000011,btc,2063128.84218893,0.00012954,0.0383575571522799,30
0,[],17,[],2019-05-03 01:11:25,0.0,0,0,7559066,2019-05-03 01:11:25,btc,0.0,0.0,0,btc,0.0,0.0,0.0,30
1,[],4,[],2019-05-11 20:41:55,176526.13400995,0.00005311,0.000000003666698467,7617083,2019-05-11 20:41:55,btc,6.148580232076245,0.0,0.00005311,btc,59390.90085665,1.10030256,0.9931172180420661,31
1,[],21,[],2019-05-11 20:41:56,53437.1061397,0.00005280000000000000269289798793,0.0000000036452961600000005,7617084,2019-05-11 20:41:56,btc,4.03688513312913,315679.24225824,0.0000528000000000000026928979879325964930103509686887264251708984375,btc,68260.24069105,17.31979281,2.46553614616999,31
0,[],2,[],2019-01-20 23:28:43,0.0,0,0,6477009,2019-01-20 23:28:43,,0.0,0.0,0,,0.0,0.0,0.0,32
0,[],4,[],2019-05-11 20:11:09,0.0,0,0,7616934,2019-05-11 20:11:09,,0.0,0.0,0,,0.0,0.0,0.0,33
1,[],12,[],2019-03-30 07:55:10,40641173.964,0.00000003,0.000000000001228359,7108785,2019-03-30 07:55:10,btc,4233210.82356125,0.0,0.00000003,btc,28378394.68333462,0.0126927883965248,0.90752895892,33
1,[],4,[],2019-05-11 20:41:57,10000.0,0.00000001,0.0000000000006903970000000001,7617085,2019-05-11 20:41:57,btc,3.131930234403139,0.0,0.00000001,btc,138635404.28265294,0.01495719,0.0001,34
1,[],5,[],2019-05-11 20:41:58,0.0,0,0,7617086,2019-05-11 20:41:58,btc,0.0,0.00430278,0,btc,0.0,0.0,0.0,34
0.000000000133684,[],4,[],2019-05-02 18:17:45,3384239970.6360936,1.3368400000000002e-18,7.293946092400001e-23,7556428,2019-05-02 18:17:45,ltc,5.381102735485169e-08,0.0,0.00000001,ltc,6862894551.7408495,0.0,4.524187362345155e-09,36
1,[],5,[],2019-05-02 18:17:46,0.0,0,0,7556429,2019-05-02 18:17:46,btc,0.0,0.0,0,btc,0.0,0.0,0.0,36
0.0000000002926451,[],17,[],2019-05-02 18:17:47,200000.0,2.9264510000000002e-18,1.596703856561e-22,7556430,2019-05-02 18:17:47,eth,0.20942468735267253,0.0,0.00000001,"btc,eth",1018272.20243647,0.0,5.852902e-13,36
0.000000000133684,[],27,[],2019-05-02 18:17:55,7883196.008,1.3368400000000002e-18,7.293946092400001e-23,7556431,2019-05-02 18:17:55,ltc,25567.4086131264,0.0,0.00000001,"ltc,eth",21753551.64,0.0,1.0538571751334722e-11,36
1,[],4,[],2019-05-11 20:42:00,266320.54881372,0.00000022,0.000000000015188734,7617087,2019-05-11 20:42:00,btc,19772.871544258807,0.0,0.00000022,btc,952676.36850569,0.01328674,0.0201381419466327,37
1,[],12,[],2019-05-11 20:42:01,1316109.7142856999,0.00000021,0.000000000014498337000000001,7617088,2019-05-11 20:42:01,btc,19604.33736521869,0.0,0.00000021,btc,404092.20812284,0.0416304492838841,0.133897259999997,37
1,[],27,[],2019-05-11 20:44:10,1600.0,0.00000015,0.000000000010355955000000001,7617089,2019-05-11 20:44:10,btc,24.12824334291843,0.0,0.00000015,btc,5839.49448498,0.0,3e-05,37
1,[],17,[],2019-05-03 01:11:36,211752.74075282,0.00000025,0.000000000013700074999999998,7559074,2019-05-03 01:11:36,btc,0.055484923955058496,0.0,0.00000025,"btc,eth",1387.19918473,0.0,0.0005381851887916605,37
1,[],5,[],2019-05-11 20:44:12,0.0,0,0,7617090,2019-05-11 20:44:12,btc,0.0,0.07167878,0,btc,0.0,0.0,0.0,42
1,[],12,[],2019-05-11 20:44:13,358517.61412653,0.000003000000000000000076002572291233860823922441340982913970947265625,0.00000000020711910000000003,7617091,2019-05-11 20:44:13,btc,2227607.6412394056,0.0,0.000003000000000000000076002572291233860823922441340982913970947265625,btc,71876.84801171,0.4341837634545631,0.0854973498028305,42
1,[],27,[],2019-05-11 20:44:25,506.0,0.00000002,0.0000000000013807940000000001,7617092,2019-05-11 20:44:25,btc,1.22636089793465,0.0,0.00000002,"btc,eth",1336.4475157,0.0,3.000000440248645e-06,42
1,[],12,[],2019-03-13 09:13:29,1112112.0,0.00000001,0.000000000000386531,6919902,2019-03-13 09:13:29,btc,29058.00478931866,0.0,0.00000001,btc,5967681.93306694,9.99000999e-07,0.01112112,43
1,[],5,[],2019-04-26 22:38:52,0.0,0,0,7474154,2019-04-26 22:38:52,btc,0.0,0.02638891,0,btc,0.0,0.0,0.0,43
0,[],17,[],2019-04-26 22:38:53,0.0,0,0,7474155,2019-04-26 22:38:53,btc,0.0,0.0,0,btc,0.0,0.0,0.0,43
1,[],12,[],2019-03-05 01:54:08,639326.02,0.00000004,0.000000000001486676,6845775,2019-03-05 01:54:08,btc,11116042.728239931,0.0,0.00000004,btc,1103841.4595604,0.0003330765234764,0.014975410599999999,44
1,[],4,[],2019-05-11 20:44:26,130105357.71668,0.00000001,0.0000000000006903970000000001,7617093,2019-05-11 20:44:26,btc,436.82523411364446,0.0,0.00000001,"btc,ltc",23049031.09584506,0.00119067,0.27256830682800276,49
1,[],4,[],2019-05-11 20:44:27,76320849.13473801,0.00000001,0.0000000000006903970000000001,7617094,2019-05-11 20:44:27,btc,21662.480153969293,0.0,0.00000001,"btc,ltc",107120388.24239878,0.06995383,0.03510328372546455,52
0,[],22,[],2019-05-11 20:44:30,0.0,0,0,7617095,2019-05-11 20:44:30,,10289.64343849,0.0,0,,311140042.4566013,0.0,0.0,57
0,[],27,[],2019-05-11 20:44:40,0.0,0,0,7617096,2019-05-11 20:44:40,,0.0,0.0,0,"btc,eth",0.0,0.0,0.0,57
0.00000000012900510000000002,[],4,[],2019-05-11 20:44:42,1049369965.9406304,1.290051e-18,8.906473402470001e-23,7617097,2019-05-11 20:44:42,ltc,19.110263349818723,0.0,0.00000001,ltc,6047914786.257433,0.0,1.3537407739316763e-09,58
1,[],12,[],2019-05-11 20:44:43,1507981365.0,0.0000000001,0.000000000000006903970000000001,7617098,2019-05-11 20:44:43,btc,120199314.64942442,0.0,0.0000000001,btc,4534484540.112896,0.00842334404645175,0.1507981365,58
0.0000000001114397,[],22,[],2019-05-11 20:46:47,137323.0,1.114397e-18,7.69376345609e-23,7617099,2019-05-11 20:46:47,XMR,69.17947824,0.0,0.00000001,XMR,9887848.044444444,0.0,0.00137323,58
1,[],17,[],2019-05-03 01:12:09,1200000.0,0.0000000001,0.00000000000000548003,7559085,2019-05-03 01:12:09,btc,1e+24,0.0,0.0000000001,"btc,eth",39516342.31952568,0.0,0.00010000000058666061,58
1,[],5,[],2019-05-11 20:46:48,0.0,0,0,7617100,2019-05-11 20:46:48,btc,0.0,0.06520687,0,btc,0.0,0.0,0.0,61
1,[],22,[],2019-05-11 20:46:50,13613.833333333334,0.00000012,0.000000000008284764,7617101,2019-05-11 20:46:50,BTC,1002.29626883,0.0,0.00000012,BTC,15392.180177125656,0.0,0.00153269,61
1,[],26,[],2019-05-11 20:46:51,0.0,0.00000050,0.000000000034519850000000005,7617102,2019-05-11 20:46:51,btc,0.0,0.0,0.00000050,btc,0.0,0.0,0.0,61
0.0000000002830089,[],27,[],2019-05-11 20:46:59,100000.0,2.830089e-18,1.953884955333e-22,7617103,2019-05-11 20:46:59,eth,1.9482732497246655,0.0,0.00000001,"btc,eth",13266.51663696,0.0,2.830089e-13,61
1,[],28,[],2019-05-11 20:47:01,1039.304,0.00000008,0.0000000000055231760000000004,7617104,2019-05-11 20:47:01,btc,2.056501795415105,770.0,0.00000008,btc,10022.46650005,0.0,2.439304e-05,61
1,[],4,[],2019-05-11 20:47:02,1194362.54588042,0.00000098,0.000000000067658906,7617105,2019-05-11 20:47:02,btc,2.145165226749166,0.0,0.00000098,btc,709543.97238261,0.09087135,0.773098581808157,67
0.0,[],25,[],2019-05-11 20:47:03,0.0,0,0,7617106,2019-05-11 20:47:03,,0.0,0.0,0.0,btc,0.0,0.0,0.0,67
1,[],12,[],2019-05-11 20:47:04,1438805.0,0.0000001,0.00000000000690397,7617107,2019-05-11 20:47:04,btc,55556353.36003282,0.0,0.0000001,btc,1529084.72529908,0.0005303493606395,0.02188825,71
,[],5,[],2018-11-20 23:02:39,1.5e-07,0.00000005,0.000000000002128045,4862160,2018-11-20 23:02:39,btc,2.84511358,0.0,,btc,0.00036572,0.0,0.07381892,74
1,[],5,[],2019-05-11 20:47:06,0.0,0,0,7617108,2019-05-11 20:47:06,btc,0.0,0.0112777,0,btc,0.0,0.0,0.0,75
0,[],4,[],2019-05-11 20:47:07,0.0,0,0,7617109,2019-05-11 20:47:07,,133647.3445887475,0.0,0,,34200062.02546142,0.00136741,0.0,81
0,[],20,[],2019-01-25 09:30:31,0.0,0,0,6495923,2019-01-25 09:30:31,btc,0.0,0.0,0,btc,0.0,0.0,0.0,81
1,[],4,[],2019-05-11 20:47:09,27141.2511244,0.00006796,0.000000004691938012,7617110,2019-05-11 20:47:09,btc,19.030305974383964,0.0,0.00006796,btc,32258.3753713,0.59925454,0.2803641491344023,82
1,[],21,[],2019-05-11 20:47:10,248882.45385964,0.00006475999999999999660361960085,0.000000004471010972,7617111,2019-05-11 20:47:10,btc,2.9013235568461178,7795.99748441,0.00006475999999999999660361960085452892599278129637241363525390625,btc,37777.13243597,0.50880833,1.4222954990744507,82
0,[],17,[],2019-03-25 22:42:34,0.0,0,0,7038780,2019-03-25 22:42:34,btc,0.0445064681804024,0.0,0,btc,995513.18476001,0.0,0.0,84
0.00000000013644,[],4,[],2019-05-01 19:17:39,299701867.376,1.3644e-18,7.259508504e-23,7542161,2019-05-01 19:17:39,ltc,1.6769037726995486,0.0,0.00000001,ltc,427823536.87452894,0.00010978,4.089132278478144e-10,85
,[],22,[],2018-11-20 23:09:34,3408.1,0.0000001,0.0000000000041895,4862324,2018-11-20 23:09:34,BTC,0.04624735,0.0,,BTC,4990.0,0.0,0.00033081,86
1,[],22,[],2019-05-11 20:47:14,85999.0,0.00000001,0.0000000000006903970000000001,7617112,2019-05-11 20:47:14,BTC,3.66445213,0.0,0.00000001,BTC,336978.29736842104,4e-05,0.00085999,87
1,[],27,[],2019-05-11 20:47:19,10674.0,0.00000001,0.0000000000006903970000000001,7617113,2019-05-11 20:47:19,btc,4.960708560736,0.0,0.00000001,btc,10217.62841,0.0,0.00010674,87
,[],2,[],2018-11-20 23:10:47,0.0,0,0,4862359,2018-11-20 23:10:47,,0.0,0.0,,,0.0,0.0,0.0,88
1,[],11,[],2019-05-11 20:47:21,78076.31275879,0.00013750000000000000828330459778925387581693939864635467529296875,0.000000009492958750000002,7617114,2019-05-11 20:47:21,btc,176.81666808350639,4832.29129458,0.00013750000000000000828330459778925387581693939864635467529296875,btc,190818.46862082,0.0,4.460563139855404,89
0,[],2,[],2019-01-20 23:31:45,0.0,0,0,6477083,2019-01-20 23:31:45,,0.0,0.0,0,,0.0,0.0,0.0,91
0,[],17,[],2019-05-03 01:12:26,0.0,0,0,7559096,2019-05-03 01:12:26,btc,0.0,0.0,0,btc,0.0,0.0,0.0,91
1,[],12,[],2019-05-11 20:17:01,480106.45358794,0.00000026,0.000000000017966597999999998,7616965,2019-05-11 20:17:01,btc,89.86133184476023,0.0,0.00000026,btc,195723.66702957998,0.0205030761558699,0.0430348220722595,91
1,[],22,[],2019-05-11 20:19:05,76014.0,0.0000008,0.00000000005528184,7616966,2019-05-11 20:19:05,BTC,0.1,0.0,0.0000008,"BTC,LTC",1.0,0.0,0.0017135,91
1,[],22,[],2019-04-09 20:17:52,374949.73333333334,0.00000015,0.000000000007771935,7235704,2019-04-09 20:17:52,BTC,6.87372503,0.0,0.00000015,"BTC,LTC",159980.01196797504,1.1e-05,0.80510266,95
0.00000000012900510000000002,[],4,[],2019-05-11 20:47:22,548249761.9760879,7.740306e-17,5.343884041482001e-21,7617115,2019-05-11 20:47:22,ltc,11.307783345706218,0.0,0.0000006,ltc,136767760.6574925,0.0,1.4399772581851496e-09,96
0,[],12,[],2019-05-11 20:47:23,0.0,0,0,7617116,2019-05-11 20:47:23,btc,25054.270818496476,0.0,0,btc,7546780.46658341,2.3576423576e-06,0.0,96
0,[],17,[],2019-05-03 01:12:32,0.0,0,0,7559100,2019-05-03 01:12:32,btc,0.0,0.0,0,btc,0.0,0.0,0.0,96
1,[],4,[],2019-04-14 03:32:46,1039404.33283278,0.00000038,0.000000000019245518,7293458,2019-04-14 03:32:46,btc,4.170086055365747,0.0,0.00000038,btc,3097704.34561074,0.06260606,0.1859928211030784,99
0,[],2,[],2019-01-20 23:23:55,0.0,0,0,6476914,2019-01-20 23:23:55,,0.0,0.0,0,,0.0,0.0,0.0,100
1,[],4,[],2019-05-11 20:21:09,416908.69005306,0.00003331,0.000000002301797613,7616969,2019-05-11 20:21:09,btc,7.023055656522755,0.0,0.00003331,btc,120951.51657123,0.57122103,0.5469778739818911,100
1,[],22,[],2019-05-11 20:49:27,130000.0,0.00000001,0.0000000000006903970000000001,7617117,2019-05-11 20:49:27,BTC,24.83526409,0.0,0.00000001,BTC,11187.719,0.0,0.0013,101
1,[],4,[],2019-05-11 20:21:13,635753.45892162,0.00000590,0.00000000040770357,7616971,2019-05-11 20:21:13,btc,254.39115407206583,0.0,0.00000590,btc,365882.57593118,1.64626243,0.9021989462751968,103
1,[],12,[],2019-05-11 20:21:16,102274655.76392001,0.000000005,0.0000000000003455115,7616972,2019-05-11 20:21:16,btc,468525272.54733115,0.0,0.000000005,btc,109892754.2130515,0.10294315112460323,0.25020280896776004,105
0,[],27,[],2019-05-11 20:21:25,0.0,0,0,7616973,2019-05-11 20:21:25,,0.0584885651331397,0.0,0,btc,600596.63747933,0.0,0.0,105
1,[],22,[],2019-04-21 00:17:26,21333.0,0.00000001,0.000000000000532493,7385819,2019-04-21 00:17:26,BTC,51.38182867,0.0,0.00000001,BTC,470435.0,0.0,0.00021333,107
1,[],26,[],2019-04-21 00:17:26,0.0,0.00000000,0,7385820,2019-04-21 00:17:26,btc,0.0,0.0,0.00000000,btc,0.0,0.0,0.0,107
1,[],5,[],2019-05-11 20:49:29,0.0,0,0,7617118,2019-05-11 20:49:29,btc,0.0,0.00144267,0,btc,0.0,0.0,0.0,112
1,[],22,[],2019-05-11 20:49:32,79003.0,0.00000001,0.0000000000006903970000000001,7617119,2019-05-11 20:49:32,BTC,2.78774668,0.0,0.00000001,BTC,1151913.0833333333,0.00229029,0.00079003,112
1,[],27,[],2019-05-11 20:49:38,1.0,0.00000001,0.0000000000006903970000000001,7617120,2019-05-11 20:49:38,btc,1.25032588,0.0,0.00000001,"btc,eth",1819.0,0.0,1e-08,112
1,[],4,[],2019-05-11 20:49:39,373304.67712819,0.00000153,0.00000000010563074100000001,7617121,2019-05-11 20:49:39,btc,4.855627346977712,0.0,0.00000153,btc,523939.95818115,0.00915476,0.2091546863634335,113
1,[],5,[],2019-05-11 20:49:40,0.0,0,0,7617122,2019-05-11 20:49:40,btc,0.0,0.00712242,0,btc,0.0,0.0,0.0,113
1,[],17,[],2019-04-26 02:17:47,162738.278,0.00000004,0.0000000000021069000000000002,7461287,2019-04-26 02:17:47,btc,1.3331140273775473,0.0,0.00000004,btc,51796.221,0.0,0.00230953112,116
0,[],27,[],2019-04-26 02:19:51,0.0,0,0,7461288,2019-04-26 02:19:51,,0.0,0.0,0,,0.0,0.0,0.0,116
1,[],4,[],2019-05-07 20:09:28,131822.85721655,0.00001022,0.00000000060230548,7572994,2019-05-07 20:09:28,btc,132.18460413545117,0.0,0.00001022,btc,268070.13193351,0.06918336,1.0489745103085106,120
1,[],7,[],2019-05-07 20:09:30,9501.79941055,0.000011699999999999999788190263583231853772304020822048187255859375,0.0000000006895277999999999,7572995,2019-05-07 20:09:30,btc,231185.88817567716,62.23644451,0.000011699999999999999788190263583231853772304020822048187255859375,btc,4076.97424313,0.00072692,0.018013380795019,120
1,[],20,[],2019-04-07 18:42:29,1914137.0852,0.000000035,0.0000000000017871910000000002,7211992,2019-04-07 18:42:29,btc,32.2497668025648,25528.85,0.000000035,btc,1001975.4986,0.00089350975,0.0152723574729,125
1,[],22,[],2019-05-11 20:49:43,10000.0,0.00000001,0.0000000000006903970000000001,7617123,2019-05-11 20:49:43,BTC,0.032061,0.0,0.00000001,BTC,299316.7611111111,0.0,0.0001,126
1,[],4,[],2019-05-11 20:49:44,1858904.80839049,0.00000683,0.000000000471541151,7617124,2019-05-11 20:49:44,btc,3.374643827934268,0.0,0.00000683,btc,168787.46305371,0.12957738,0.3683818281813619,131
0,[],2,[],2019-01-20 23:25:46,0.0,0,0,6476969,2019-01-20 23:25:46,,0.0,0.0,0,,0.0,0.0,0.0,131
1,[],17,[],2019-05-03 01:13:10,10000.0,0.00000001,0.000000000000548003,7559115,2019-05-03 01:13:10,btc,0.0953976503951408,0.0,0.00000001,btc,5037.62507334,0.0,0.0001,131
1,[],4,[],2019-05-11 20:23:50,4712.44233831,0.00010321,0.0000000071320483829999994,7616981,2019-05-11 20:23:50,btc,6.011839234540249,0.0,0.00010321,btc,195.61424306,0.0005214,0.0073617379535685,135
1,[],3,[],2019-05-11 20:23:51,72005.0,0.00000001,0.000000000000691023,7616982,2019-05-11 20:23:51,btc,0.2059755670486088,728604.5,0.00000001,btc,1786709.68412391,0.0,0.00072005,136
1,[],4,[],2019-05-11 20:23:52,2408123.17077002,0.00000185,0.00000000012783925499999998,7616983,2019-05-11 20:23:52,btc,318.4607380010974,0.0,0.00000185,btc,533040.20103619,0.23095884,0.6059547760246508,137
1,[],12,[],2019-05-11 20:23:55,325016.46321366,0.0000018500000000000000751026844880708921436962555162608623504638671875,0.000000000127839255,7616984,2019-05-11 20:23:55,btc,48531.24252163778,0.0,0.0000018500000000000000751026844880708921436962555162608623504638671875,btc,41733.39122142,0.0002336382217779,0.024402635727121,137
1,[],17,[],2019-05-03 01:13:16,32967.38636364,0.00000088,0.000000000048224264,7559122,2019-05-03 01:13:16,btc,20.06976206696776,0.0,0.00000088,btc,2746.079105,0.0,0.0105613000000032,142
1,[],4,[],2019-05-11 20:23:55,59695.99798048,0.00002900,0.0000000020039667,7616985,2019-05-11 20:23:55,btc,5.245905529665807,0.0,0.00002900,btc,75012.12854522,0.27462382,0.3140822884168644,142
1,[],5,[],2019-05-11 20:23:57,0.0,0,0,7616986,2019-05-11 20:23:57,btc,0.0,0.143809,0,btc,0.0,0.0,0.0,142
1,[],20,[],2019-05-11 20:25:59,162667.3915,0.00002857,0.000000001974252711,7616987,2019-05-11 20:25:59,btc,1.7236292324484,362.3535,0.00002857,btc,8546.1706,0.011777018421,0.04632115807,142
1,[],22,[],2019-05-11 20:26:02,1370.0,0.00000200,0.0000000001382046,7616988,2019-05-11 20:26:02,BTC,3.2756588,0.0,0.00000200,BTC,1135.5948275773155,0.0,0.0003632,142
0.0,[],25,[],2019-05-11 20:26:03,0.0,0,0,7616989,2019-05-11 20:26:03,,0.0,0.0,0.0,btc,0.0,0.0,0.0,142
1,[],28,[],2019-05-11 20:26:05,79102.0,0.00003311,0.0000000022879771529999997,7616990,2019-05-11 20:26:05,btc,0.0555251924,248229.6893,0.00003311,btc,438.37303,0.0,0.07347342,142
0,[],22,[],2019-05-11 20:26:07,0.0,0,0,7616991,2019-05-11 20:26:07,,64.16505383,0.0,0,,688775795.8,0.0,0.0,143
0,[],22,[],2019-02-25 15:42:22,0.0,0,0,6783783,2019-02-25 15:42:22,,4.2131946,0.0,0,,2322156.0,0.0,0.0,146
,[],22,[],2018-11-20 23:01:11,0.0,0,0,4862114,2018-11-20 23:01:11,,2.56807021,0.0,,,61828.4988236,0.0,0.0,147
1,[],12,[],2019-04-21 06:38:04,193091.5971266,0.00000071,0.000000000037635183,7388679,2019-04-21 06:38:04,btc,2.301232411611175,0.0,0.00000071,btc,9957.48302385,0.00023528,0.0313308199999888,148
1,[],4,[],2019-03-19 21:31:25,255810.0415942,0.00000029,0.000000000011615747,6982695,2019-03-19 21:31:25,btc,218.94922712414143,0.0,0.00000029,btc,793529.37642722,0.00117,0.0608347789473395,152
0,[],22,[],2019-03-19 21:31:27,0.0,0,0,6982696,2019-03-19 21:31:27,,0.0,0.0,0,,0.0,0.0,0.0,152
1,[],5,[],2019-04-26 09:36:59,0.0,0,0,7465040,2019-04-26 09:36:59,btc,0.0,0.0,0,btc,0.0,0.0,0.0,153
,[],16,[],2019-01-11 15:38:59,0.0,0,0,6366141,2019-01-11 15:38:59,btc,0.0,0.0,,btc,0.0,0.0,0.0,155
0,[],22,[],2019-05-11 16:24:45,0.0,0,0,7616280,2019-05-11 16:24:45,,6.80191271,0.0,0,,4673448.342592592,0.0,0.0,156
0,[],23,[],2019-01-20 23:24:29,0.0,0,0,6476932,2019-01-20 23:24:29,,0.0,0.0,0,,0.0,0.0,0.0,156
1,[],22,[],2019-05-11 20:26:14,7066.0,0.00000800,0.0000000005528184,7616992,2019-05-11 20:26:14,BTC,1.79802465,0.0,0.00000800,BTC,802.6461988741639,0.0,0.00062996,157
0,[],22,[],2019-05-07 22:25:46,0.0,0,0,7574238,2019-05-07 22:25:46,,50234.60468402,0.0,0,,54786159.03179465,0.0,0.0,158
,[],17,[],2018-11-20 22:56:10,0.0,0,0,4861976,2018-11-20 22:56:10,btc,1.1265625,0.0,,btc,1000.0,0.0,0.0,159
,[],20,[],2018-11-20 22:56:12,0.0,0,0,4861977,2018-11-20 22:56:12,btc,11912.7940471,0.0,,btc,34413894.3617,0.0,0.0,159
1,[],17,[],2019-05-03 01:13:36,42852.0,0.00000002,0.000000000001096006,7559132,2019-05-03 01:13:36,btc,0.04279856251542,0.0,0.00000002,btc,274.46171372,0.0,0.00052852,168
1,[],12,[],2019-05-11 20:26:15,266342.16343005,0.0000039899999999999999147361727513949603007858968339860439300537109375,0.000000000275718177,7616993,2019-05-11 20:26:15,btc,23.17514008264602,0.0,0.0000039899999999999999147361727513949603007858968339860439300537109375,btc,12626.91716398,3.591e-07,0.051033954299893,168
1,[],22,[],2019-05-07 03:57:18,743122.0,0.00000001,0.000000000000593596,7562020,2019-05-07 03:57:18,BTC,41.40912107,0.0,0.00000001,BTC,1593401.2737547632,0.00342649,0.00743122,169
1,[],22,[],2019-05-11 20:28:18,255790.0,0.00000003,0.000000000002073069,7616994,2019-05-11 20:28:18,BTC,27.85797373,0.0,0.00000003,BTC,428427.75197766203,0.0017052,0.0037957,171
1,[],22,[],2019-05-11 20:28:23,215028.2,0.00000014,0.000000000009674322,7616995,2019-05-11 20:28:23,BTC,823.68423768,0.0,0.00000014,"BTC,LTC",693221.1983490599,0.00499557,0.01305882,173
1,[],5,[],2019-05-06 19:49:32,0.0,0,0,7559281,2019-05-06 19:49:32,btc,0.0,0.00023336,0,btc,0.0,0.0,0.0,175
1,[],22,[],2019-05-11 20:28:28,90671.0,0.00000001,0.0000000000006910229999999999,7616996,2019-05-11 20:28:28,BTC,394.35459412,0.0,0.00000001,BTC,136275.61833431243,0.0,0.00090671,176
0,[],2,[],2019-01-20 23:28:34,0.0,0,0,6477001,2019-01-20 23:28:34,,0.0,0.0,0,,0.0,0.0,0.0,178
1,[],7,[],2019-05-11 20:28:30,0.0,0,0,7616997,2019-05-11 20:28:30,btc,520274.2870788149,0.0,0,btc,27457332.23673972,0.0,0.0,178
0,[],22,[],2019-05-11 20:28:32,0.0,0,0,7616998,2019-05-11 20:28:32,,1.00242428,0.0,0,,57512.0,0.0,0.0,178
0,[],23,[],2019-01-20 23:25:08,0.0,0,0,6476952,2019-01-20 23:25:08,,0.0,0.0,0,,0.0,0.0,0.0,179
1,[],5,[],2019-05-11 20:28:34,0.0,0,0,7616999,2019-05-11 20:28:34,btc,0.0,0.00953424,0,btc,0.0,0.0,0.0,179
1,[],22,[],2019-05-11 20:28:37,3007516.0,0.00000001,0.0000000000006910229999999999,7617000,2019-05-11 20:28:37,BTC,5.33672257,0.0,0.00000001,BTC,14228815.411946677,0.0,0.03007516,179
1,[],17,[],2019-05-03 01:13:56,20504.725000000002,0.0000001,0.00000000000548003,7559141,2019-05-03 01:13:56,btc,5.2010695838400265,0.0,0.0000001,btc,5033.45945,0.0,0.0011504725,180
1,[],22,[],2019-05-11 20:30:41,656741.6291435591,0.00000180,0.00000000012438414,7617001,2019-05-11 20:30:41,BTC,39.27308501,0.0,0.00000180,"BTC,LTC",47430.71131743627,0.00373976,0.57771033,180
1,[],26,[],2019-05-11 20:30:42,0.0,0.00000010,0.00000000000691023,7617002,2019-05-11 20:30:42,btc,0.0,1100.0,0.00000010,btc,0.0,0.0,0.0,180
,[],7,[],2018-11-20 22:58:01,562227.975654,0.00000085,0.000000000036176765,4862015,2018-11-20 22:58:01,btc,21836.6059674,2491.87645172,,btc,749999.041456,0.00211021,0.127565380455,183
,[],5,[],2019-01-10 08:11:41,0.0,0,0,6347036,2019-01-10 08:11:41,btc,82.15055501,0.00261,,btc,1.19002445,0.0,0.0,187
1,[],24,[],2019-04-30 17:34:05,0.0,0.000000000014,7.396256000000001e-16,7526291,2019-04-30 17:34:05,btc,0.0,0.0,0.000000000014,btc,0.0,0.0,0.0,187
,[],17,[],2018-11-16 20:58:10,4062536.27273,0.00000001,0.000000000000550501,4708775,2018-11-16 20:58:10,btc,3.36492563466,0.195460381006,,"btc,eth",110697919.549,0.0,0.0157628953496,187
0,[],22,[],2019-04-25 02:54:07,0.0,0,0,7447896,2019-04-25 02:54:07,,7.54794454,0.0,0,,76361.7243344055,0.0,0.0,191
0,[],22,[],2019-05-11 20:30:47,0.0,0,0,7617003,2019-05-11 20:30:47,,0.0,0.0,0,,0.0,0.0,0.0,197
0,[],23,[],2019-01-20 23:31:41,0.0,0,0,6477079,2019-01-20 23:31:41,,0.0,0.0,0,,0.0,0.0,0.0,199
0.0000000001286001,[],22,[],2019-05-11 20:30:50,53813439.5,2.572002e-18,1.777312538046e-22,7617004,2019-05-11 20:30:50,LTC,7.64521369,0.0,0.00000002,LTC,35260436.0,2.365962777783e-12,0.62226498,199
1,[],26,[],2019-05-11 20:30:50,0.0,0.00000000,0,7617005,2019-05-11 20:30:50,btc,0.0,0.0,0.00000000,btc,0.0,0.0,0.0,199
0,[],2,[],2019-01-20 23:30:49,0.0,0,0,6477059,2019-01-20 23:30:49,,0.0,0.0,0,,0.0,0.0,0.0,201
1,[],4,[],2019-01-25 15:51:35,2084389.58565343,0.00000936,0.000000000333526752,6499557,2019-01-25 15:51:35,btc,2.0092503037378524,0.0,0.00000936,btc,160195.80207885,0.19272417,1.242687955921835,211
1,[],7,[],2019-05-11 20:30:54,13838565.57152945,0.00000085,0.000000000058736955,7617006,2019-05-11 20:30:54,btc,15200781.047811927,309323.651069,0.00000085,btc,13059164.58229807,0.0,1.1897283068190876,212
1,[],5,[],2019-05-07 13:02:51,0.0,0,0,7566706,2019-05-07 13:02:51,btc,0.0,0.43032184,0,btc,0.0,0.0,0.0,213
1,[],24,[],2019-05-07 13:02:52,0.0,0.000000050000,0.000000000002968865,7566707,2019-05-07 13:02:52,btc,0.0,0.0,0.000000050000,btc,0.0,0.0,0.0,213
1,[],26,[],2019-05-07 13:02:52,0.0,0.00000040,0.00000000002375092,7566708,2019-05-07 13:02:52,btc,0.0,0.0,0.00000040,btc,0.0,0.0,0.0,213
1,[],12,[],2019-01-25 02:44:32,207462.42853209,0.000001080000000000000035831255497387193287295303889550268650054931640625,0.000000000038610756000000006,6493050,2019-01-25 02:44:32,btc,85023.03793723314,0.0,0.000001080000000000000035831255497387193287295303889550268650054931640625,btc,43675.73520027,0.000146250909087,0.0348620860622024,213
0,[],22,[],2019-05-11 20:30:57,0.0,0,0,7617007,2019-05-11 20:30:57,,9.58164616,0.0,0,,2460817.094064925,0.0,0.0,216
0,[],27,[],2019-05-11 20:31:06,0.0,0,0,7617008,2019-05-11 20:31:06,,62.25505410367708,1515.0,0,"btc,ltc",227180.947308,1.515e-05,0.0,216
1,[],22,[],2019-05-11 20:31:10,291205.4,0.00000075,0.000000000051826725,7617009,2019-05-11 20:31:10,BTC,12054.94436059,0.0,0.00000075,BTC,436390.0005265019,0.01626177,0.02770333,217
1,[],7,[],2019-05-11 20:31:11,0.0,0,0,7617010,2019-05-11 20:31:11,btc,111302.56865462937,0.0,0,btc,137781098.61523312,0.0,0.0,219
0,[],27,[],2019-05-11 20:31:17,0.0,0,0,7617011,2019-05-11 20:31:17,,0.06997067,0.0,0,btc,1753528.0,0.0,0.0,219
0.0000000000000039,[],28,[],2019-05-11 20:31:19,552985890.83,2.5350000000000004e-18,1.751743305e-22,7617012,2019-05-11 20:31:19,doge,3651185.568400157,15205.0,0.00065000,"btc,doge",45529124.3823,0.0,2.13103582159955e-11,219
1,[],22,[],2019-05-11 20:31:23,381170.0,0.00000004,0.0000000000027640919999999997,7617013,2019-05-11 20:31:23,BTC,56.7649867,0.0,0.00000004,BTC,131552.84827387411,0.0,0.0123008,221
1,[],24,[],2019-05-11 20:31:23,0.0,0.000000010000,0.0000000000006910229999999999,7617014,2019-05-11 20:31:23,btc,0.0,0.0,0.000000010000,btc,0.0,0.0,0.0,221
1,[],20,[],2019-05-11 20:31:25,15529202.6192,0.000000012,0.0000000000008292275999999999,7617015,2019-05-11 20:31:25,btc,100091.60647538026,555022.816,0.000000012,btc,25374327.0223,0.0062415873151,0.1107493680253,224
0,[],22,[],2019-05-11 20:31:27,0.0,0,0,7617016,2019-05-11 20:31:27,,0.0,0.0,0,,0.0,0.0,0.0,224
1,[],26,[],2019-05-11 20:31:28,0.0,0.00000026,0.000000000017966597999999998,7617017,2019-05-11 20:31:28,btc,0.0,0.0,0.00000026,btc,0.0,0.0,0.0,231
1,[],26,[],2019-05-11 20:31:28,0.0,0.00000005,0.000000000003455115,7617018,2019-05-11 20:31:28,btc,0.0,200.0,0.00000005,btc,0.0,0.0,0.0,234
0,[],27,[],2019-05-11 20:31:38,0.0,0,0,7617019,2019-05-11 20:31:38,,0.01134836604,0.0,0,"btc,eth",11462.996,0.0,0.0,234
1,[],4,[],2019-04-29 21:02:20,217188.93193785,0.00000080,0.00000000004151584,7514327,2019-04-29 21:02:20,btc,5.239800103892936,0.0,0.00000080,btc,797346.30008933,0.0,0.0590549781555679,236
1,[],24,[],2019-04-29 21:02:20,0.0,0.000000100000,0.00000000000518948,7514328,2019-04-29 21:02:20,btc,0.0,0.0,0.000000100000,btc,0.0,0.0,0.0,236
1,[],5,[],2019-05-06 20:53:15,0.0,0,0,7559637,2019-05-06 20:53:15,btc,0.0,0.20253514,0,btc,0.0,0.0,0.0,237
1,[],20,[],2019-05-06 20:53:18,38173217.6136,0.000000083,0.0000000000047460728,7559638,2019-05-06 20:53:18,btc,21342.514614200165,8832375.7238,0.000000083,btc,27701499.3386,0.7554403456107,1.3621107610479,237
1,[],22,[],2019-05-06 20:53:20,343938.0,0.00000009,0.000000000005146344,7559639,2019-05-06 20:53:20,BTC,1.20267422,0.0,0.00000009,BTC,17930.94871794872,0.0,0.01017442,237
1,[],4,[],2019-05-11 20:31:39,9343587.43202496,0.00000015,0.000000000010365345,7617020,2019-05-11 20:31:39,btc,3.4518406391064698,0.0,0.00000015,btc,9453682.40846088,0.17130983,0.8492855810165084,238
1,[],5,[],2019-05-11 20:31:40,0.0,0,0,7617021,2019-05-11 20:31:40,btc,0.0,0.0025951,0,btc,0.0,0.0,0.0,238
0,[],22,[],2019-03-12 16:49:32,0.0,0,0,6914458,2019-03-12 16:49:32,,0.40415746,0.0,0,,526736.5639027493,0.0,0.0,249
0,[],22,[],2019-05-11 20:31:42,0.0,0,0,7617022,2019-05-11 20:31:42,,4.53616,0.0,0,,39012346.69978836,0.0,0.0,252
1,[],28,[],2019-05-11 20:31:44,45118178.22,0.0000003,0.00000000002073069,7617023,2019-05-11 20:31:44,btc,43891.84105549241,256124.1709,0.0000003,btc,2887397.6982,0.0,0.64236450382,256
1,[],22,[],2019-05-11 20:31:47,1088993.5,0.00000002,0.0000000000013820459999999999,7617024,2019-05-11 20:31:47,BTC,21.88116616,0.0,0.00000002,BTC,522884.63333384093,0.0,0.01124633,258
1,[],22,[],2019-03-13 00:07:30,47146.0,0.00000001,0.000000000000387233,6917028,2019-03-13 00:07:30,BTC,2.415167,0.0,0.00000001,BTC,157.0,0.0,0.00047146,259
1,[],5,[],2019-05-11 20:31:49,0.0,0,0,7617025,2019-05-11 20:31:49,btc,0.0,0.28125976,0,btc,0.0,0.0,0.0,264
1,[],20,[],2019-05-11 20:31:50,1246135.3124,0.000000512,0.000000000035380377599999997,7617026,2019-05-11 20:31:50,btc,4.9328496825569,70259.7779,0.000000512,btc,87941.8317,0.0820502481776,0.0181355279482,264
0,[],22,[],2019-04-12 17:57:27,0.0,0,0,7278186,2019-04-12 17:57:27,,66.37522201,0.0,0,,677842.4169881374,0.0,0.0,271
0,[],22,[],2019-05-11 20:31:53,0.0,0,0,7617027,2019-05-11 20:31:53,,33051802.3172899,0.0,0,,15696307799.7,0.0,0.0,272
0.0000000000000039,[],28,[],2019-05-11 20:31:55,268899238682.584,2.301e-21,1.590043923e-25,7617028,2019-05-11 20:31:55,doge,26560079.436544094,8406011396.0699,0.00000059,doge,366066569760.476,0.0,2.0542533995641617e-10,272
1,[],22,[],2019-05-11 20:31:59,127494.9,0.0000001,0.00000000000691023,7617029,2019-05-11 20:31:59,BTC,427.36616185,0.0,0.0000001,BTC,251562.95264460208,0.00053887,0.0039353,281
1,[],22,[],2019-05-11 20:32:03,307852.1,0.00000002,0.0000000000013820459999999999,7617030,2019-05-11 20:32:03,BTC,1.50216037,0.0,0.00000002,"BTC,LTC",533128.8256135201,0.00720789,0.01130836,286
0,[],22,[],2019-05-11 20:32:06,0.0,0,0,7617031,2019-05-11 20:32:06,,7337892.75526966,0.0,0,,1388519262.7797825,0.0,0.0,294
