pairValue,buyBook,exchangeId,sellBook,updated,buyTotal,satoshiPrice,usdPrice,exchangeLogId,created,bestPair,sellTotalBtc,volume,pairPrice,activePairs,sellTotal,volumeBtc,buyTotalBtc,coinId
1,[],3,[],2019-03-05 03:01:38,30535.625601902862,0.01251222999999999918596671477644122205674648284912109375,0.000000464133664512,6846275,2019-03-05 03:01:38,btc,61.075408471018164,0.273798342745,0.01251222999999999918596671477644122205674648284912109375,btc,22.495850686769,0.0,0.25157840069400106,1
1,[],4,[],2019-03-05 03:01:39,207900.46211796,0.01270320,0.00000047121758208,6846276,2019-03-05 03:01:39,btc,9.45709459414902,0.0,0.01270320,btc,280.17059163,0.68184242,2.9483769041174503,1
1,[],5,[],2019-03-05 03:01:41,0.0,0,0,6846277,2019-03-05 03:01:41,btc,0.0,0.08017076,0,btc,0.0,0.0,0.0,1
1,[],10,[],2019-03-05 03:01:44,414650.99721724,0.01130909,0.000000419503908096,6846278,2019-03-05 03:01:44,btc,6521.079231905869,2105.80320754,0.01130909,btc,1002.94270341,0.0,5.541000569171429,1
1,[],12,[],2019-03-05 03:01:46,10493.53825366,0.01254000000000000079880546621780013083480298519134521484375,0.00000046516377600000006,6846279,2019-03-05 03:01:46,btc,0.4978224960508,0.0,0.01254000000000000079880546621780013083480298519134521484375,btc,30.08568124,0.1936284157477,0.4094922545333,1
1,[],20,[],2019-03-05 03:01:48,1152.0583,0.010500213,0.0000003894991011072,6846280,2019-03-05 03:01:48,btc,0.0625062184556,0.0,0.010500213,btc,3.0899,0.0,0.1004622630051,1
1,[],21,[],2019-03-05 03:01:49,2011.0947209199999,0.01256576000000000047085446653,0.00000046611932774400006,6846281,2019-03-05 03:01:49,btc,15.35217909423983,3523.9950344,0.01256576000000000047085446652772589004598557949066162109375,"btc,eth",1611.18948001,35.16798738296048,21.0754560595928,1
1,[],22,[],2019-03-05 03:01:53,0.006382215384615385,0.01300000,0.0000004822272,6846282,2019-03-05 03:01:53,BTC,0.31439419,0.0,0.01300000,BTC,0.12751438772928525,0.0,7.978e-05,1
1,[],24,[],2019-03-05 03:01:53,0.0,0.000000000000,0,6846283,2019-03-05 03:01:53,btc,0.0,0.0,0.000000000000,btc,0.0,0.0,0.0,1
0.0,[],25,[],2019-03-05 03:01:54,0.0,0,0,6846284,2019-03-05 03:01:54,btc,30.93749999831769,4933.28647225,0.0,btc,2411.97036239,63.1116,0.0,1
1,[],26,[],2019-03-05 03:02:03,0.0,0,0,6846285,2019-03-05 03:02:03,,0.0,0.0,0,,0.0,0.0,0.0,1
1,[],28,[],2019-03-05 03:02:05,993.142,0.01323000,0.0000004907589120000001,6846286,2019-03-05 03:02:05,btc,0.162839806,18336.8,0.01323000,btc,8.9,0.0,0.089302756,1
0,[],2,[],2019-01-20 23:28:45,0.0,0,0,6477011,2019-01-20 23:28:45,,0.0,0.0,0,,0.0,0.0,0.0,1
1,[],5,[],2019-03-05 02:53:43,0.0,0,0,6846086,2019-03-05 02:53:43,btc,0.0,0.01076537,0,btc,0.0,0.0,0.0,2
0.0000000001258764,[],22,[],2019-03-05 02:53:47,1148.0,1.3846404e-16,5.129192665740001e-21,6846087,2019-03-05 02:53:47,XMR,21.01373823,0.0,0.00000110,XMR,14319.12581,0.0,0.00087635,2
1,[],5,[],2019-03-05 03:02:07,0.0,0,0,6846287,2019-03-05 03:02:07,btc,0.0,0.98417998,0,btc,0.0,0.0,0.0,3
1,[],12,[],2019-03-05 03:02:08,13343589.6515,0.000000176,0.0000000000065286144,6846288,2019-03-05 03:02:08,btc,924384.5403294932,0.0,0.000000176,btc,8034254.74297487,0.04510491380682086,0.7442982025083,3
0,[],28,[],2019-03-05 03:02:10,0.0,0,0,6846289,2019-03-05 03:02:10,,0.0,0.0,0,,0.0,0.0,0.0,3
0,[],2,[],2019-01-20 23:31:32,0.0,0,0,6477077,2019-01-20 23:31:32,,0.0,0.0,0,,0.0,0.0,0.0,4
1,[],4,[],2019-03-05 03:02:11,379057.70224311,0.00000032,0.000000000011870208,6846290,2019-03-05 03:02:11,btc,32.10772888956506,0.0,0.00000032,btc,715647.52175842,0.0,0.0485486592663305,4
1,[],12,[],2019-03-05 03:02:13,1379823.02,0.00000003,0.000000000001112832,6846291,2019-03-05 03:02:13,btc,11013925.647185193,0.0,0.00000003,btc,1487826.32371984,6.786e-05,0.0214373704,5
0,[],2,[],2019-01-20 23:31:51,0.0,0,0,6477087,2019-01-20 23:31:51,,0.0,0.0,0,,0.0,0.0,0.0,6
1,[],11,[],2019-03-05 03:02:15,5580884.5,0.00000002,0.000000000000741888,6846292,2019-03-05 03:02:15,btc,9568.203380782814,133333.333333,0.00000002,btc,41644298.74119657,0.0,0.079092525,6
1,[],3,[],2019-03-05 03:02:16,1081.616710702546,0.00015175999999999999711362830279171021174988709390163421630859375,0.000000005629446144,6846293,2019-03-05 03:02:16,btc,28.402034233092024,0.0,0.00015175999999999999711362830279171021174988709390163421630859375,btc,243.122414578101,0.0,0.033355418717269374,7
1,[],4,[],2019-03-05 03:02:18,96995.99411842,0.00025002,0.000000009274341888,6846294,2019-03-05 03:02:18,btc,25.969567184352304,0.0,0.00025002,btc,60963.66935743,4.87582924,6.148592891085593,7
1,[],5,[],2019-03-05 03:02:20,0.0,0,0,6846295,2019-03-05 03:02:20,btc,0.0,0.86480625,0,btc,0.0,0.0,0.0,7
1,[],20,[],2019-02-20 02:16:17,39399275.8418,0.000000001,0.0000000000000390183,6728586,2019-02-20 02:16:17,btc,116.9737569154545,525.0,0.000000001,btc,56932965.8895,5.25e-07,0.0393992758418,8
0,[],2,[],2019-01-20 23:22:42,0.0,0,0,6476876,2019-01-20 23:22:42,,0.0,0.0,0,,0.0,0.0,0.0,9
0,[],23,[],2019-01-20 23:22:48,0.0,0,0,6476878,2019-01-20 23:22:48,,0.0,0.0,0,,0.0,0.0,0.0,9
1,[],4,[],2019-03-05 03:02:22,2075653.8837278,0.00000165,0.00000000006120576,6846296,2019-03-05 03:02:22,btc,6.237960380297504,0.0,0.00000165,btc,2855732.86604724,1.17603009,0.919427784534586,9
1,[],28,[],2019-03-05 03:02:24,47563.15,0.00000166,0.000000000061576704,6846297,2019-03-05 03:02:24,btc,2708.761281370583,3615860.29,0.00000166,btc,11954.1497,0.0,0.050224829,9
1,[],1,[],2019-02-17 23:31:42,1822507.21,0.00000181000000000000003456111265232042484285557293333113193511962890625,0.000000000066086901,6701244,2019-02-17 23:31:42,btc,3.6990969245,17153386.5,0.00000181000000000000003456111265232042484285557293333113193511962890625,btc,1997391.71,31.11772986,3.2610482446,9
1,[],4,[],2019-02-17 11:22:43,4341674.27126056,0.00000002,0.0000000000007272960000000001,6696112,2019-02-17 11:22:43,btc,0.1997230937751353,0.0,0.00000002,btc,4109766.79808031,0.00215132,0.0479381022052112,10
1,[],4,[],2019-03-05 03:02:26,6442816.78412213,0.00000119,0.000000000044142336,6846298,2019-03-05 03:02:26,btc,10.989741616413188,0.0,0.00000119,btc,6016519.08983067,4.16100559,3.940883031812388,12
0,[],2,[],2019-01-20 23:23:08,0.0,0,0,6476890,2019-01-20 23:23:08,,0.0,0.0,0,,0.0,0.0,0.0,12
1,[],5,[],2019-03-05 03:02:27,0.0,0,0,6846299,2019-03-05 03:02:27,btc,0.0,0.44363156,0,btc,0.0,0.0,0.0,12
0.0,[],25,[],2019-03-05 03:02:29,0.0,0,0,6846300,2019-03-05 03:02:29,,0.0,0.0,0.0,btc,0.0,0.0,0.0,12
1,[],4,[],2019-03-05 03:02:31,31935714.40860345,0.00000566,0.000000000209954304,6846301,2019-03-05 03:02:31,btc,2.9723322139774573,0.0,0.00000566,btc,414558.27338982,0.43588309,0.7445079204927432,13
1,[],10,[],2019-03-05 03:02:33,414952.04772279,0.00000532,0.000000000197342208,6846302,2019-03-05 03:02:33,btc,666802.4834492927,13425.4938215,0.00000532,btc,727697.50205074,0.0,0.2282755485173785,13
1,[],21,[],2019-03-05 03:02:34,1009692.13583714,0.000005750000000000000004499439016,0.0000000002132928,6846303,2019-03-05 03:02:34,btc,6.391421555417831,783710.10256723,0.0000057500000000000000044994390158148434011309291236102581024169921875,btc,1006953.75702786,4.50624639,5.352443290183365,13
1,[],4,[],2019-03-05 03:02:35,719414.31025274,0.00000130,0.00000000004822272,6846304,2019-03-05 03:02:35,btc,17.427757064813292,0.0,0.00000130,btc,906851.23847263,0.06254729,0.1696460134094346,14
1,[],12,[],2019-03-05 03:02:36,213660.43169654,0.000001359999999999999896105784720490294859018831630237400531768798828125,0.000000000050448383999999995,6846305,2019-03-05 03:02:36,btc,5.291273084472009,0.0,0.000001359999999999999896105784720490294859018831630237400531768798828125,btc,31237.09622013,0.0001497868032,0.0227925199998559,14
0,[],17,[],2019-03-05 03:02:47,0.0,0,0,6846306,2019-03-05 03:02:47,btc,0.0,0.0,0,btc,0.0,0.0,0.0,14
1,[],26,[],2019-03-05 03:02:47,0.0,0.00000050,0.0000000000185472,6846307,2019-03-05 03:02:47,btc,0.0,0.0,0.00000050,btc,0.0,0.0,0.0,14
0,[],4,[],2019-03-05 03:02:49,0.0,0,0,6846308,2019-03-05 03:02:49,,0.0,0.0,0,,0.0,0.0,0.0,15
,[],12,[],2018-12-01 15:15:48,204241.84496,0.00000489,0.000000000202473384,5260204,2018-12-01 15:15:48,btc,49.5475654835,0.0,,btc,35763.2193806,0.0163153972027625,0.0203389899998,15
1,[],4,[],2019-03-05 03:02:50,25251.27212365,0.00001770,0.00000000065657088,6846309,2019-03-05 03:02:50,btc,1.3577291634973632,0.0,0.00001770,btc,15775.48953458,0.01558072,0.0707690495821354,18
1,[],10,[],2019-03-05 03:02:52,786460.28465139,0.00001728,0.0000000006409912320000001,6846310,2019-03-05 03:02:52,btc,15.39276892481408,3945.33641317,0.00001728,btc,13627.07450289,0.0,0.1820854405488966,18
1,[],12,[],2019-03-05 03:02:54,193621.25125865,0.00001652000000000000107355964396038672248323564417660236358642578125,0.0000000006127994880000001,6846311,2019-03-05 03:02:54,btc,23.632937885767475,0.0,0.00001652000000000000107355964396038672248323564417660236358642578125,btc,2012.80043045,0.0283408838428069,0.0368543709662633,18
0,[],2,[],2019-01-20 23:23:38,0.0,0,0,6476906,2019-01-20 23:23:38,,0.0,0.0,0,,0.0,0.0,0.0,18
0,[],17,[],2019-03-05 02:54:33,0.0,0,0,6846112,2019-03-05 02:54:33,btc,0.0,0.0,0,btc,0.0,0.0,0.0,18
1,[],3,[],2019-03-05 03:03:06,118694.17191588353,0.000020100000000000000678623823802126935333944857120513916015625,0.0000000007455974400000001,6846312,2019-03-05 03:03:06,btc,0.5483373544727321,0.0,0.000020100000000000000678623823802126935333944857120513916015625,btc,9920.83263074671,0.0,0.03706401138828108,19
1,[],4,[],2019-03-05 03:03:07,406355.56263949,0.00001900,0.0000000007047936,6846313,2019-03-05 03:03:07,btc,2.206054657860243,0.0,0.00001900,btc,75919.37399416,0.39973577,2.253925966610455,19
1,[],5,[],2019-03-05 03:03:09,0.0,0,0,6846314,2019-03-05 03:03:09,btc,0.0,0.00548902,0,btc,0.0,0.0,0.0,19
1,[],12,[],2019-03-05 03:03:10,134876.83709864,0.00001836999999999999860756348668555659742196439765393733978271484375,0.000000000681424128,6846315,2019-03-05 03:03:10,btc,0.11187289071027991,0.0,0.00001836999999999999860756348668555659742196439765393733978271484375,btc,417.56200924,0.00131037,0.1134063898985309,19
0,[],27,[],2019-03-05 03:03:12,0.0,0,0,6846316,2019-03-05 03:03:12,,0.0,0.0,0,btc,0.0,0.0,0.0,19
0,[],2,[],2019-01-20 23:24:19,0.0,0,0,6476924,2019-01-20 23:24:19,,0.0,0.0,0,,0.0,0.0,0.0,19
1,[],4,[],2019-03-05 03:03:13,2777931.30750687,0.00000013,0.0000000000048222720000000006,6846317,2019-03-05 03:03:13,btc,7.37859059072158,0.0,0.00000013,btc,2855684.97012105,0.0001008,0.0778367123002956,20
1,[],4,[],2019-03-05 03:03:14,104056136.21537024,0.00000002,0.000000000000741888,6846318,2019-03-05 03:03:14,btc,1799.0982216782281,0.0,0.00000002,btc,55494697.40039335,0.0,1.1678631674280453,21
1,[],12,[],2019-03-05 03:03:16,17916951.0,0.00000002,0.000000000000741888,6846319,2019-03-05 03:03:16,btc,670.8733402334847,0.0,0.00000002,btc,8127598.32857329,0.0,0.23057926,21
0,[],17,[],2019-03-05 03:03:18,0.0,0,0,6846320,2019-03-05 03:03:18,btc,0.0,0.0,0,btc,0.0,0.0,0.0,21
1,[],12,[],2019-03-05 03:03:19,3121632755.531895,0.0000000001,0.0000000000000037094400000000006,6846321,2019-03-05 03:03:19,btc,975866455574.2476,0.0,0.0000000001,btc,5106596847.664552,0.01687291429400599,0.3121632755531895,23
0,[],27,[],2019-03-05 03:03:22,0.0,0,0,6846322,2019-03-05 03:03:22,,13.503633221578426,0.0,0,eth,2004616.85364636,0.0,0.0,23
1,[],4,[],2019-03-05 03:03:24,483768.07603918,0.00000044,0.000000000016321536,6846323,2019-03-05 03:03:24,btc,8.741478686145106,0.0,0.00000044,btc,1544346.02288548,0.0,0.1460439122545246,24
1,[],22,[],2019-03-05 03:03:27,11.76,0.00000100,0.0000000000370944,6846324,2019-03-05 03:03:27,BTC,7.415e-05,0.0,0.00000100,BTC,23.919354838709676,0.0,1.176e-05,24
0.0,[],25,[],2019-03-05 03:03:28,0.0,0,0,6846325,2019-03-05 03:03:28,,0.0,0.0,0.0,btc,0.0,0.0,0.0,24
1,[],4,[],2019-03-05 03:03:31,26581992.84878791,0.00000600,0.0000000002225664,6846326,2019-03-05 03:03:31,btc,62.10468174318101,0.0,0.00000600,btc,240602.48947964,0.09193641,0.453993487830853,26
1,[],10,[],2019-03-05 03:03:33,686609.67412002,0.000006,0.0000000002225664,6846327,2019-03-05 03:03:33,btc,26.12703431609743,4537.22423066,0.000006,btc,14179.66681629,0.0,0.2280466132848322,26
0,[],2,[],2019-01-20 23:25:56,0.0,0,0,6476976,2019-01-20 23:25:56,,0.0,0.0,0,,0.0,0.0,0.0,26
1,[],3,[],2019-03-05 03:03:34,10350241.88133568,0.00000001,0.000000000000370944,6846328,2019-03-05 03:03:34,btc,2.1370644272749866,1654558.94107,0.00000001,btc,16393479.14130495,0.0,0.1035024188133568,27
1,[],5,[],2019-03-05 03:03:35,0.0,0,0,6846329,2019-03-05 03:03:35,btc,0.0,5.968e-05,0,btc,0.0,0.0,0.0,27
1,[],11,[],2019-03-05 03:03:37,9462011.01151506,0.00000005,0.00000000000185472,6846330,2019-03-05 03:03:37,btc,67506.37927837588,8043.88,0.00000005,btc,7972323.38084264,0.0,0.4410008448653851,27
1,[],4,[],2019-03-05 03:03:38,1389324714.679596,0.00000002,0.000000000000741888,6846331,2019-03-05 03:03:38,btc,2.8057894407571986,0.0,0.00000002,"btc,ltc",204315585.06704816,0.19079308,9.752841207140088,29
1,[],7,[],2019-03-05 03:03:39,35378168.81376059,0.00000002,0.000000000000741888,6846332,2019-03-05 03:03:39,btc,44462590.67142736,80306.5416409,0.00000002,btc,46027741.5737255,0.00183393,0.37665743203623775,29
1,[],4,[],2019-03-05 03:03:40,2329435.60421251,0.00000023,0.000000000008531712,6846333,2019-03-05 03:03:40,btc,2.4335870366679173,0.0,0.00000023,btc,1689978.90733414,0.00470227,0.0999989781018852,30
0,[],17,[],2019-03-05 02:55:10,0.0,0,0,6846135,2019-03-05 02:55:10,btc,0.0,0.0,0,btc,0.0,0.0,0.0,30
1,[],4,[],2019-03-05 03:03:42,211881.56678408,0.00007151,0.000000002652620544,6846334,2019-03-05 03:03:42,btc,10.278864390157327,0.0,0.00007151,btc,93226.43819531,4.68416388,3.7350912554332893,31
1,[],21,[],2019-03-05 03:03:43,178947.53937108,0.00007577999999999999612611961686,0.000000002811013632,6846335,2019-03-05 03:03:43,btc,12.419409648830985,1805931.63049895,0.000075779999999999996126119616857153005184954963624477386474609375,btc,144606.1576988,137.536666,12.754098674403828,31
0,[],2,[],2019-01-20 23:28:43,0.0,0,0,6477009,2019-01-20 23:28:43,,0.0,0.0,0,,0.0,0.0,0.0,32
1,[],4,[],2019-03-05 03:03:44,441122404.2948489,0.00000004,0.000000000001483776,6846336,2019-03-05 03:03:44,btc,12.218099186855484,0.0,0.00000004,"btc,ltc",222019183.4319566,0.30367198,10.546094973926692,33
1,[],12,[],2019-03-05 03:03:46,16282726.35,0.00000004,0.000000000001483776,6846337,2019-03-05 03:03:46,btc,35634760.07187729,0.0,0.00000004,btc,96298436.45854135,0.001726350449551,0.3075745005,33
1,[],4,[],2019-03-05 03:03:47,112899500.00525624,0.00000001,0.000000000000370944,6846338,2019-03-05 03:03:47,btc,3.5743861217148685,0.0,0.00000001,btc,101178345.56602378,0.0193738,1.1289950000525624,34
1,[],5,[],2019-03-05 03:03:49,0.0,0,0,6846339,2019-03-05 03:03:49,btc,0.0,0.10728824,0,btc,0.0,0.0,0.0,34
0.0000000001230542,[],4,[],2019-03-05 03:03:50,2475602403.4573336,1.230542e-18,4.5646217164799997e-23,6846340,2019-03-05 03:03:50,ltc,6.226127844687517e-08,0.0,0.00000001,ltc,8349566672.494629,0.0,3.0463327327551936e-09,36
1,[],5,[],2019-03-05 03:03:52,0.0,0,0,6846341,2019-03-05 03:03:52,btc,0.0,0.0,0,btc,0.0,0.0,0.0,36
0.0000000003379985,[],27,[],2019-03-05 03:04:05,11290000.0,3.379985e-18,1.25378515584e-22,6846342,2019-03-05 03:04:05,eth,222.6013767858684,0.0,0.00000001,"ltc,eth",11165403.32426039,0.0,2.0283631045999998e-11,36
0,[],17,[],2019-03-05 02:55:24,0.0,0,0,6846144,2019-03-05 02:55:24,btc,0.07464582798133755,0.0,0,btc,4105386.20243647,0.0,0.0,36
1,[],4,[],2019-03-05 03:04:06,192441.43735005,0.00000057,0.000000000021143808000000002,6846343,2019-03-05 03:04:06,btc,19772.480306283254,0.0,0.00000057,btc,559421.65843876,0.02781265,0.0769679978317748,37
1,[],12,[],2019-03-05 03:04:07,451575.05193813,0.00000057,0.000000000021143808000000002,6846344,2019-03-05 03:04:07,btc,1345.8118555385154,0.0,0.00000057,btc,946005.15402386,0.1020681186766687,0.103499238848706,37
1,[],17,[],2019-03-05 03:04:09,1752.74075282,0.00000025,0.0000000000092736,6846345,2019-03-05 03:04:09,btc,0.05548492398215869,0.0,0.00000025,btc,1387.19918473,0.0,0.00043818518820499993,37
1,[],27,[],2019-03-05 03:04:11,14685.567,0.00000045,0.00000000001669248,6846346,2019-03-05 03:04:11,btc,25.77745805411233,0.0,0.00000045,btc,6527.38138508,0.0,0.00480032515,37
1,[],5,[],2019-03-05 03:04:13,0.0,0,0,6846347,2019-03-05 03:04:13,btc,0.0,0.00128803,0,btc,0.0,0.0,0.0,42
1,[],12,[],2019-03-05 03:04:14,262164.29450743,0.00000110000000000000005610204141526242693771564518101513385772705078125,0.000000000040803840000000004,6846348,2019-03-05 03:04:14,btc,94.6382271330987,0.0,0.00000110000000000000005610204141526242693771564518101513385772705078125,btc,90622.00461036,0.0772361351427731,0.0687790749475546,42
0.0000000003379985,[],27,[],2019-03-05 03:04:16,2000.0,3.379985e-18,1.25378515584e-22,6846349,2019-03-05 03:04:16,eth,0.00315028,0.0,0.00000001,"btc,eth",11.007,0.0,6.75997e-15,42
1,[],5,[],2019-03-05 03:04:18,0.0,0,0,6846350,2019-03-05 03:04:18,btc,0.0,0.00027471,0,btc,0.0,0.0,0.0,43
1,[],12,[],2019-03-05 03:04:20,1209361.0,0.00000001,0.000000000000370944,6846351,2019-03-05 03:04:20,btc,3569.074552336114,0.0,0.00000001,btc,11768494.65174823,0.0,0.01209361,43
0,[],17,[],2019-03-05 03:04:21,0.0,0,0,6846352,2019-03-05 03:04:21,btc,0.0,0.0,0,btc,0.0,0.0,0.0,43
1,[],12,[],2019-03-05 01:54:08,639326.02,0.00000004,0.000000000001486676,6845775,2019-03-05 01:54:08,btc,11116042.728239931,0.0,0.00000004,btc,1103841.4595604,0.0003330765234764,0.014975410599999999,44
1,[],4,[],2019-03-05 03:04:22,290872344.1324073,0.00000002,0.000000000000741888,6846353,2019-03-05 03:04:22,btc,473.6321873242091,0.0,0.00000002,"btc,ltc",12404401.0234987,0.01924606,0.20097492694370003,49
0,[],4,[],2019-03-05 03:04:24,0.0,0,0,6846354,2019-03-05 03:04:24,,25.80878385272211,0.0,0,,9708415059.333303,0.0,0.0,52
0.0000000001250902,[],22,[],2019-03-05 03:04:27,80845862.0,1.250902e-18,4.64014591488e-23,6846355,2019-03-05 03:04:27,XMR,4366.97466637,0.0,0.00000001,XMR,255820234.67882353,0.0,0.80845862,57
0.0000000003379985,[],27,[],2019-03-05 03:04:30,2000.0,3.379985e-18,1.25378515584e-22,6846356,2019-03-05 03:04:30,eth,0.0,0.0,0.00000001,"btc,eth",0.0,0.0,6.75997e-15,57
0.0000000001230542,[],4,[],2019-03-05 03:04:31,796891471.8568333,3.691626e-18,1.369386514944e-22,6846357,2019-03-05 03:04:31,ltc,18.807185257551968,0.0,0.00000003,ltc,4123359232.006152,0.0,1.724527758690924e-09,58
1,[],12,[],2019-03-05 03:04:32,1724380755.843957,0.0000000004,0.000000000000014837760000000002,6846358,2019-03-05 03:04:32,btc,224005953968.94092,0.0,0.0000000004,btc,3816550384.180397,0.025700701297198394,0.5648981865011392,58
0,[],17,[],2019-03-05 03:04:47,0.0,0,0,6846359,2019-03-05 03:04:47,btc,1e+24,0.0,0,btc,49226522.0897055,0.0,0.0,58
0.0000000001250902,[],22,[],2019-03-05 03:04:50,137438.0,1.250902e-18,4.64014591488e-23,6846360,2019-03-05 03:04:50,XMR,69.8835922,0.0,0.00000001,XMR,9887963.0,0.0,0.00137438,58
1,[],5,[],2019-03-05 03:04:52,0.0,0,0,6846361,2019-03-05 03:04:52,btc,0.0,0.00589067,0,btc,0.0,0.0,0.0,61
1,[],22,[],2019-03-05 03:04:55,13759.5,0.00000012,0.000000000004451328,6846362,2019-03-05 03:04:55,BTC,1002.29597012,0.0,0.00000012,BTC,14947.700278135757,0.0,0.00155017,61
1,[],26,[],2019-03-05 03:04:55,0.0,0.00000800,0.0000000002967552,6846363,2019-03-05 03:04:55,btc,0.0,0.0,0.00000800,btc,0.0,0.0,0.0,61
1,[],27,[],2019-03-05 03:04:58,4413.2201,0.00000047,0.000000000017434368,6846364,2019-03-05 03:04:58,btc,7.76072757961638,0.0,0.00000047,"btc,eth",19950.11257617,0.0,0.0012446999688429674,61
1,[],28,[],2019-03-05 03:06:59,13880.304,0.0000005,0.0000000000185472,6846365,2019-03-05 03:06:59,btc,2.056312978300105,793.0,0.0000005,btc,9730.59500005,0.0,0.00566391304,61
1,[],4,[],2019-03-05 02:56:19,1293750.76444107,0.00000272,0.00000000010075832,6846168,2019-03-05 02:56:19,btc,11.156981807586513,0.0,0.00000272,btc,775163.42139313,0.19754739,1.0532606363754284,67
0.0,[],25,[],2019-03-05 02:56:21,0.0,0,0,6846169,2019-03-05 02:56:21,,0.0,0.0,0.0,btc,0.0,0.0,0.0,67
1,[],12,[],2019-03-05 03:06:59,1787087.85726231,0.00000021,0.000000000007789824,6846366,2019-03-05 03:06:59,btc,11115899.277115999,0.0,0.00000021,btc,2221781.14289041,0.0007227417282733,0.0816797664411092,71
,[],5,[],2018-11-20 23:02:39,1.5e-07,0.00000005,0.000000000002128045,4862160,2018-11-20 23:02:39,btc,2.84511358,0.0,,btc,0.00036572,0.0,0.07381892,74
1,[],5,[],2019-03-05 03:07:01,0.0,0,0,6846367,2019-03-05 03:07:01,btc,0.0,0.0,0,btc,0.0,0.0,0.0,75
0,[],4,[],2019-03-05 03:09:02,0.0,0,0,6846368,2019-03-05 03:09:02,,0.0,0.0,0,,0.0,0.0,0.0,81
0,[],20,[],2019-01-25 09:30:31,0.0,0,0,6495923,2019-01-25 09:30:31,btc,0.0,0.0,0,btc,0.0,0.0,0.0,81
1,[],4,[],2019-03-05 03:09:04,28189.86767517,0.00007706,0.000000002858494464,6846369,2019-03-05 03:09:04,btc,18.135118679579723,0.0,0.00007706,btc,12366.79390039,0.0250741,0.1662085497383061,82
1,[],21,[],2019-03-05 03:09:05,748411.06880867,0.00007414999999999999987388560330,0.00000000275054976,6846370,2019-03-05 03:09:05,btc,2.2635561538689535,422.64253817,0.000074149999999999999873885603296486124236253090202808380126953125,btc,25950.2046158,0.03108038,1.7752629770623147,82
0,[],17,[],2019-03-05 03:09:07,0.0,0,0,6846371,2019-03-05 03:09:07,btc,0.0447233088476774,0.0,0,btc,999127.19588126,0.0,0.0,84
0.0000000001230542,[],4,[],2019-03-05 03:09:08,121090030.66553254,3.691626e-18,1.369386514944e-22,6846372,2019-03-05 03:09:08,ltc,1.749493079885533,0.0,0.00000003,ltc,412172946.8867975,0.0,2.293797749722699e-10,85
,[],22,[],2018-11-20 23:09:34,3408.1,0.0000001,0.0000000000041895,4862324,2018-11-20 23:09:34,BTC,0.04624735,0.0,,BTC,4990.0,0.0,0.00033081,86
0,[],22,[],2019-02-22 12:52:35,0.0,0,0,6758847,2019-02-22 12:52:35,,2.0760781,0.0,0,,140622.94736842104,0.0,0.0,87
0,[],27,[],2019-02-22 12:52:37,0.0,0,0,6758848,2019-02-22 12:52:37,,0.0,0.0,0,btc,0.0,0.0,0.0,87
,[],2,[],2018-11-20 23:10:47,0.0,0,0,4862359,2018-11-20 23:10:47,,0.0,0.0,,,0.0,0.0,0.0,88
1,[],11,[],2019-03-05 03:09:11,91827.38423354,0.00014191000000000000163570545996805094546289183199405670166015625,0.000000005264066304,6846373,2019-03-05 03:09:11,btc,609.9153253762881,9611.86814423,0.00014191000000000000163570545996805094546289183199405670166015625,btc,104972.0113305,0.0,6.088197697456551,89
0,[],2,[],2019-01-20 23:31:45,0.0,0,0,6477083,2019-01-20 23:31:45,,0.0,0.0,0,,0.0,0.0,0.0,91
0,[],17,[],2019-03-05 02:09:36,0.0,0,0,6845993,2019-03-05 02:09:36,btc,0.0,0.0,0,btc,0.0,0.0,0.0,91
1,[],12,[],2019-03-05 03:09:11,474711.04454717,0.0000011400000000000000966436132510128942385563277639448642730712890625,0.000000000042287616000000004,6846374,2019-03-05 03:09:11,btc,39.56286716267781,0.0,0.0000011400000000000000966436132510128942385563277639448642730712890625,btc,71666.05348619,0.0016783968579455,0.0867764630999929,91
1,[],22,[],2019-03-05 03:09:26,65900.0,0.00000001,0.000000000000370944,6846375,2019-03-05 03:09:26,BTC,3e-06,0.0,0.00000001,BTC,1.0,0.0,0.000659,91
0.0000000001230542,[],22,[],2019-03-05 03:09:29,1820000.0,6.152709999999999e-18,2.28231085824e-22,6846376,2019-03-05 03:09:29,LTC,8.54731773,0.0,0.00000005,LTC,72219994.1,0.0,0.091,95
0.0000000001230542,[],4,[],2019-03-05 03:09:31,646558463.1947199,7.7524146e-17,2.8757116813824e-21,6846377,2019-03-05 03:09:31,ltc,11.894686005381413,0.0,0.00000063,ltc,136359063.75997812,0.00010079,1.913773649194146e-09,96
1,[],12,[],2019-03-05 03:09:32,75309.47400001,0.00000001,0.000000000000370944,6846378,2019-03-05 03:09:32,btc,378535.46164871764,0.0,0.00000001,btc,8978849.42490483,0.0005340308491508,0.0007530947400001,96
0,[],17,[],2019-03-05 03:09:33,0.0,0,0,6846379,2019-03-05 03:09:33,btc,0.0,0.0,0,btc,0.0,0.0,0.0,96
1,[],4,[],2019-03-05 03:09:35,1850511.75609632,0.00000023,0.000000000008531712,6846380,2019-03-05 03:09:35,btc,2.6639930238567278,0.0,0.00000023,btc,2527231.00082141,0.04739962,0.1210771578017786,99
0,[],2,[],2019-01-20 23:23:55,0.0,0,0,6476914,2019-01-20 23:23:55,,0.0,0.0,0,,0.0,0.0,0.0,100
1,[],4,[],2019-03-05 03:09:36,335212.78269735,0.00004182,0.000000001551287808,6846381,2019-03-05 03:09:36,btc,11.18557035711224,0.0,0.00004182,btc,152470.45539309,2.79610933,2.418904979298946,100
1,[],22,[],2019-03-05 03:09:39,50000.0,0.00000001,0.000000000000370944,6846382,2019-03-05 03:09:39,BTC,23.49896609,0.0,0.00000001,BTC,10277.22,0.0,0.0005,101
1,[],4,[],2019-03-05 03:09:40,378277.09027334,0.00000074,0.000000000027449856,6846383,2019-03-05 03:09:40,btc,256.0459401540273,0.0,0.00000074,btc,407396.12063739,0.09445465,0.1648281834899864,103
1,[],12,[],2019-03-05 03:09:43,64252283.746,0.000000009,0.0000000000003338496,6846384,2019-03-05 03:09:43,btc,137279914.45843977,0.0,0.000000009,btc,126478625.6234138,0.03130484850949071,0.231562168714,105
1,[],27,[],2019-03-05 03:09:45,115397.89,0.00000001,0.000000000000370944,6846385,2019-03-05 03:09:45,btc,36.59332814491341,1044311.50067673,0.00000001,btc,822331.73571724,0.02088623,0.0011539789,105
1,[],22,[],2019-03-05 03:09:52,9328.0,0.00000001,0.000000000000370944,6846386,2019-03-05 03:09:52,BTC,51.10837004,0.0,0.00000001,BTC,470435.0,0.0,9.328e-05,107
1,[],26,[],2019-03-05 03:09:52,0.0,0.00000000,0,6846387,2019-03-05 03:09:52,btc,0.0,0.0,0.00000000,btc,0.0,0.0,0.0,107
1,[],5,[],2019-03-05 03:09:55,0.0,0,0,6846388,2019-03-05 03:09:55,btc,0.0,1.947e-05,0,btc,0.0,0.0,0.0,112
1,[],22,[],2019-03-05 03:09:58,1966.0,0.00000001,0.000000000000370944,6846389,2019-03-05 03:09:58,BTC,2.81183288,0.0,0.00000001,BTC,808524.0833333334,0.0,1.966e-05,112
0.0000000003379985,[],27,[],2019-03-05 03:10:01,22000.0,2.027991e-17,7.52271093504e-22,6846390,2019-03-05 03:10:01,eth,1.24892491849924,0.0,0.00000006,"btc,eth",1288.641654,0.0,4.1235817e-13,112
1,[],4,[],2019-03-05 03:10:02,1245722.1988665,0.00000201,0.000000000074559744,6846391,2019-03-05 03:10:02,btc,4.836674740992219,0.0,0.00000201,btc,335839.3759002,0.03879784,0.9145330585326975,113
1,[],5,[],2019-03-05 03:10:03,0.0,0,0,6846392,2019-03-05 03:10:03,btc,0.0,0.0,0,btc,0.0,0.0,0.0,113
0,[],27,[],2019-03-05 03:10:17,0.0,0,0,6846393,2019-03-05 03:10:17,,0.0,0.0,0,btc,0.0,0.0,0.0,116
1,[],17,[],2019-03-05 02:57:49,152738.278,0.00000004,0.0000000000014817400000000001,6846196,2019-03-05 02:57:49,btc,1.33680302678,0.0,0.00000004,btc,50696.221,0.0,0.0022095311199999998,116
1,[],4,[],2019-03-05 03:10:18,93177.08674891,0.00002468,0.000000000915489792,6846394,2019-03-05 03:10:18,btc,29.32907583922318,0.0,0.00002468,btc,86054.37353884,1.57714791,1.2716616020597902,120
1,[],7,[],2019-03-05 03:10:19,21319.849665050002,0.0000263199999999999987242670085318962946985266171395778656005859375,0.000000000976324608,6846395,2019-03-05 03:10:19,btc,115647.69108813601,30.12407667,0.0000263199999999999987242670085318962946985266171395778656005859375,btc,56501.30881301,0.00092773,0.055976224191732704,120
1,[],20,[],2019-03-05 03:10:22,1951504.4027,0.000000035,0.0000000000012983040000000001,6846396,2019-03-05 03:10:22,btc,32.2957660501996,25880.9,0.000000035,btc,1009791.7699,0.000933762,0.0223859488566,125
1,[],22,[],2019-03-05 03:10:26,3053.0,0.00000001,0.000000000000370944,6846397,2019-03-05 03:10:26,BTC,0.01444887,0.0,0.00000001,BTC,296263.5111111111,0.0,3.053e-05,126
0,[],2,[],2019-01-20 23:25:46,0.0,0,0,6476969,2019-01-20 23:25:46,,0.0,0.0,0,,0.0,0.0,0.0,131
1,[],4,[],2019-03-05 03:10:27,154592.46586711,0.00001275,0.0000000004729536,6846398,2019-03-05 03:10:27,btc,4.110396276351534,0.0,0.00001275,btc,116908.57076787,0.18118504,0.7498537335186211,131
0,[],17,[],2019-03-05 03:10:28,0.0,0,0,6846399,2019-03-05 03:10:28,btc,0.0009561751951600001,0.0,0,btc,35.42829368,0.0,0.0,131
1,[],4,[],2019-03-05 03:10:31,4557.16769066,0.00016001,0.000000005935474944,6846400,2019-03-05 03:10:31,btc,1.6199299648277652,0.0,0.00016001,btc,238.12730989,0.0,0.0084138372270943,135
1,[],3,[],2019-03-04 23:53:52,1063515.28776843,0.00000004,0.000000000001486156,6845230,2019-03-04 23:53:52,btc,0.10322328207855509,23700.2,0.00000004,btc,531673.35144011,0.0,0.0312037341737019,136
1,[],4,[],2019-03-05 03:10:32,277979.80172146,0.00000159,0.000000000058980096,6846401,2019-03-05 03:10:32,btc,38.23364457603299,0.0,0.00000159,btc,516289.53938555,0.02233996,0.0794860192976466,137
1,[],12,[],2019-03-05 03:10:33,293091.79473693,0.00000154999999999999998279913253351747215447176131419837474822998046875,0.000000000057496320000000004,6846402,2019-03-05 03:10:33,btc,11807.60044707881,0.0,0.00000154999999999999998279913253351747215447176131419837474822998046875,btc,125097.44127342,0.0019801391066254,0.0183385799999993,137
1,[],17,[],2019-03-05 02:58:11,22967.386363640002,0.00000088,0.000000000032598280000000005,6846209,2019-03-05 02:58:11,btc,20.069913352620567,0.0,0.00000088,btc,2746.079105,0.0,0.0104613000000032,142
1,[],4,[],2019-03-05 03:10:34,108998.05469385,0.00004126,0.000000001530514944,6846403,2019-03-05 03:10:34,btc,28.74781624249778,0.0,0.00004126,btc,42090.96683284,0.13157096,0.7795251716295035,142
1,[],5,[],2019-03-05 03:10:35,0.0,0,0,6846404,2019-03-05 03:10:35,btc,0.0,0.18855963,0,btc,0.0,0.0,0.0,142
1,[],20,[],2019-03-05 03:10:48,132787.5661,0.000028061,0.0000000010409059584000001,6846405,2019-03-05 03:10:48,btc,0.3065065109112,0.0,0.000028061,btc,1594.2632,0.0,0.2221833447839,142
1,[],22,[],2019-03-05 03:10:51,1685.8988921568628,0.00004000,0.000000001483776,6846406,2019-03-05 03:10:51,BTC,3.00385504,0.0,0.00004000,BTC,891.218,0.0,0.00174536,142
0.0,[],25,[],2019-03-05 03:10:54,0.0,0,0,6846407,2019-03-05 03:10:54,,0.0,0.0,0.0,btc,0.0,0.0,0.0,142
1,[],28,[],2019-03-05 03:11:04,76144.0,0.00000820,0.00000000030417408,6846408,2019-03-05 03:11:04,btc,0.0639742472,1755.0,0.00000820,btc,500.6113,0.0,0.004468,142
0,[],22,[],2019-03-05 03:11:12,0.0,0,0,6846409,2019-03-05 03:11:12,,60.71782865,0.0,0,,695843617.3,0.0,0.0,143
0,[],22,[],2019-02-25 15:42:22,0.0,0,0,6783783,2019-02-25 15:42:22,,4.2131946,0.0,0,,2322156.0,0.0,0.0,146
,[],22,[],2018-11-20 23:01:11,0.0,0,0,4862114,2018-11-20 23:01:11,,2.56807021,0.0,,,61828.4988236,0.0,0.0,147
1,[],12,[],2019-03-05 03:11:13,224214.54022627,0.00000216000000000000007166251099477438657459060777910053730010986328125,0.00000000008012390400000001,6846410,2019-03-05 03:11:13,btc,28.61494715516359,0.0,0.00000216000000000000007166251099477438657459060777910053730010986328125,btc,117332.98938791,8.5487e-06,0.0351238399999046,148
1,[],4,[],2019-03-05 03:11:14,259414.34502552,0.00000030,0.00000000001112832,6846411,2019-03-05 03:11:14,btc,219.9919735693928,0.0,0.00000030,btc,840507.10255279,0.00589473,0.0619082257628358,152
0,[],22,[],2019-03-05 03:11:17,0.0,0,0,6846412,2019-03-05 03:11:17,,0.0,0.0,0,,0.0,0.0,0.0,152
1,[],5,[],2019-03-05 02:58:36,0.0,0,0,6846218,2019-03-05 02:58:36,btc,0.0,0.0,0,btc,0.0,0.0,0.0,153
,[],16,[],2019-01-11 15:38:59,0.0,0,0,6366141,2019-01-11 15:38:59,btc,0.0,0.0,,btc,0.0,0.0,0.0,155
0,[],23,[],2019-01-20 23:24:29,0.0,0,0,6476932,2019-01-20 23:24:29,,0.0,0.0,0,,0.0,0.0,0.0,156
0,[],22,[],2019-03-05 03:11:26,0.0,0,0,6846413,2019-03-05 03:11:26,,6.7463875,0.0,0,,4674391.242592593,0.0,0.0,156
1,[],22,[],2019-03-05 02:58:44,7073.8,0.00005300,0.0000000019633055,6846220,2019-03-05 02:58:44,BTC,1.80343699,0.0,0.00005300,BTC,899.6422341958436,0.0,0.00104336,157
0,[],22,[],2019-03-05 02:58:47,0.0,0,0,6846221,2019-03-05 02:58:47,,50175.67608608,0.0,0,,54079135.04179466,0.0,0.0,158
,[],17,[],2018-11-20 22:56:10,0.0,0,0,4861976,2018-11-20 22:56:10,btc,1.1265625,0.0,,btc,1000.0,0.0,0.0,159
,[],20,[],2018-11-20 22:56:12,0.0,0,0,4861977,2018-11-20 22:56:12,btc,11912.7940471,0.0,,btc,34413894.3617,0.0,0.0,159
1,[],12,[],2019-03-05 03:11:28,180386.09366319,0.0000074200000000000001089232870565837174581247381865978240966796875,0.000000000275240448,6846414,2019-03-05 03:11:28,btc,6.6416561107587135,0.0,0.0000074200000000000001089232870565837174581247381865978240966796875,btc,13564.68371047,0.0129408562509048,0.08465118969994449,168
1,[],17,[],2019-03-05 03:11:39,29784.95,0.000001,0.0000000000370944,6846415,2019-03-05 03:11:39,btc,0.03026736251542,0.0,0.000001,btc,144.46171372,0.0,0.00716147,168
0,[],22,[],2019-03-05 02:59:04,0.0,0,0,6846224,2019-03-05 02:59:04,,1.1341504,0.0,0,,539283.174707144,0.0,0.0,169
1,[],22,[],2019-03-05 03:11:43,203600.0,0.00000002,0.000000000000741888,6846416,2019-03-05 03:11:43,BTC,13.25047031,0.0,0.00000002,BTC,146217.2939341018,0.0,0.002072,171
1,[],22,[],2019-03-05 02:59:12,831727.6666666666,0.00000004,0.00000000000148174,6846226,2019-03-05 02:59:12,BTC,2.1938388,0.0,0.00000004,"BTC,LTC",236317.04593143624,2.36e-06,0.02490185,173
1,[],5,[],2019-03-05 01:59:40,0.0,0,0,6845846,2019-03-05 01:59:40,btc,0.0,0.00384852,0,btc,0.0,0.0,0.0,175
1,[],22,[],2019-03-05 03:11:47,36490.833333333336,0.0000003,0.00000000001112832,6846417,2019-03-05 03:11:47,BTC,0.54826403,0.0,0.0000003,BTC,138776.41384013777,0.0,0.00239125,176
0,[],2,[],2019-01-20 23:28:34,0.0,0,0,6477001,2019-01-20 23:28:34,,0.0,0.0,0,,0.0,0.0,0.0,178
1,[],7,[],2019-03-05 03:11:48,0.0,0,0,6846418,2019-03-05 03:11:48,btc,410918.84255256574,0.0,0,btc,117734633.84370454,0.0,0.0,178
0,[],22,[],2019-03-05 03:11:51,0.0,0,0,6846419,2019-03-05 03:11:51,,1.00242438,0.0,0,,57522.0,0.0,0.0,178
0,[],23,[],2019-01-20 23:25:08,0.0,0,0,6476952,2019-01-20 23:25:08,,0.0,0.0,0,,0.0,0.0,0.0,179
1,[],5,[],2019-03-05 03:11:53,0.0,0,0,6846420,2019-03-05 03:11:53,btc,0.0,0.12451137,0,btc,0.0,0.0,0.0,179
1,[],22,[],2019-03-05 03:12:01,6949180.5,0.00000002,0.000000000000741888,6846421,2019-03-05 03:12:01,BTC,5.66994705,0.0,0.00000002,"BTC,LTC",18378268.089868754,0.0,0.37392433,179
1,[],17,[],2019-03-05 03:12:13,10504.725,0.0000001,0.00000000000370944,6846422,2019-03-05 03:12:13,btc,5.2010695838170005,0.0,0.0000001,btc,4994.45945,0.0,0.0010504725,180
1,[],22,[],2019-03-05 03:12:18,148605.4,0.00000100,0.0000000000370944,6846423,2019-03-05 03:12:18,BTC,0.24514472,0.0,0.00000100,"BTC,LTC",83009.47835911435,0.02170155,0.01180544,180
1,[],26,[],2019-03-05 03:12:18,0.0,0.00000125,0.000000000046368,6846424,2019-03-05 03:12:18,btc,0.0,150.0,0.00000125,btc,0.0,0.0,0.0,180
,[],7,[],2018-11-20 22:58:01,562227.975654,0.00000085,0.000000000036176765,4862015,2018-11-20 22:58:01,btc,21836.6059674,2491.87645172,,btc,749999.041456,0.00211021,0.127565380455,183
,[],5,[],2019-01-10 08:11:41,0.0,0,0,6347036,2019-01-10 08:11:41,btc,82.15055501,0.00261,,btc,1.19002445,0.0,0.0,187
,[],17,[],2018-11-16 20:58:10,4062536.27273,0.00000001,0.000000000000550501,4708775,2018-11-16 20:58:10,btc,3.36492563466,0.195460381006,,"btc,eth",110697919.549,0.0,0.0157628953496,187
1,[],24,[],2019-03-05 03:12:18,0.0,0.000000000001,3.70944e-17,6846425,2019-03-05 03:12:18,btc,0.0,0.0,0.000000000001,btc,0.0,0.0,0.0,187
0,[],22,[],2019-03-04 23:55:24,0.0,0,0,6845261,2019-03-04 23:55:24,,7.42841024,0.0,0,,79361.7243078683,0.0,0.0,191
0,[],22,[],2019-03-05 02:59:39,0.0,0,0,6846236,2019-03-05 02:59:39,,0.0,0.0,0,,0.0,0.0,0.0,197
0,[],23,[],2019-01-20 23:31:41,0.0,0,0,6477079,2019-01-20 23:31:41,,0.0,0.0,0,,0.0,0.0,0.0,199
0,[],22,[],2019-03-05 03:12:21,0.0,0,0,6846426,2019-03-05 03:12:21,,5.19477622,0.0,0,,21058553.0,0.0,0.0,199
1,[],26,[],2019-03-05 03:12:21,0.0,0.00000000,0,6846427,2019-03-05 03:12:21,btc,0.0,153623.0,0.00000000,btc,0.0,0.0,0.0,199
0,[],17,[],2019-01-30 16:32:01,0.0,0,0,6540827,2019-01-30 16:32:01,btc,6.802544163788159,0.0,0,btc,105897.55575295,0.0,0.0,200
0,[],2,[],2019-01-20 23:30:49,0.0,0,0,6477059,2019-01-20 23:30:49,,0.0,0.0,0,,0.0,0.0,0.0,201
1,[],4,[],2019-01-25 15:51:35,2084389.58565343,0.00000936,0.000000000333526752,6499557,2019-01-25 15:51:35,btc,2.0092503037378524,0.0,0.00000936,btc,160195.80207885,0.19272417,1.242687955921835,211
1,[],7,[],2019-03-05 03:12:25,2675848.18014836,0.000001260000000000000006510091944689211373997750342823565006256103515625,0.000000000046738944,6846428,2019-03-05 03:12:25,btc,15476656.126680652,338447.924069,0.000001260000000000000006510091944689211373997750342823565006256103515625,btc,13513000.13182219,0.43421649,2.2926245328284165,212
1,[],12,[],2019-01-25 02:44:32,207462.42853209,0.000001080000000000000035831255497387193287295303889550268650054931640625,0.000000000038610756000000006,6493050,2019-01-25 02:44:32,btc,85023.03793723314,0.0,0.000001080000000000000035831255497387193287295303889550268650054931640625,btc,43675.73520027,0.000146250909087,0.0348620860622024,213
1,[],5,[],2019-03-05 03:12:27,0.0,0,0,6846429,2019-03-05 03:12:27,btc,0.0,0.11265962,0,btc,0.0,0.0,0.0,213
1,[],24,[],2019-03-05 03:12:27,0.0,0.000000120000,0.000000000004451328,6846430,2019-03-05 03:12:27,btc,0.0,0.0,0.000000120000,btc,0.0,0.0,0.0,213
1,[],26,[],2019-03-05 03:12:27,0.0,0.00000010,0.00000000000370944,6846431,2019-03-05 03:12:27,btc,0.0,0.0,0.00000010,btc,0.0,0.0,0.0,213
1,[],22,[],2019-03-05 03:12:31,45166.0,0.00000002,0.000000000000741888,6846432,2019-03-05 03:12:31,BTC,2.23272342,0.0,0.00000002,BTC,620045.3963726171,0.00038792,0.00061247,216
1,[],27,[],2019-03-05 03:12:33,1298602.0,0.00000003,0.000000000001112832,6846433,2019-03-05 03:12:33,btc,316.25863360644,0.0,0.00000003,"btc,ltc",238161.907,0.0,0.0337720400002215,216
1,[],22,[],2019-03-05 03:12:36,175639.06081954937,0.00000179,0.000000000066398976,6846434,2019-03-05 03:12:36,BTC,12673.42685365,0.0,0.00000179,BTC,387177.0407067686,0.01985056,0.20106515,217
1,[],7,[],2019-03-05 03:12:38,0.0,0,0,6846435,2019-03-05 03:12:38,btc,77969.65966620563,0.0,0,btc,136168678.88835862,0.0,0.0,219
0,[],27,[],2019-03-05 03:12:40,0.0,0,0,6846436,2019-03-05 03:12:40,,0.03997288,0.0,0,btc,2007233.0,0.0,0.0,219
0.0000000000000053,[],28,[],2019-03-05 03:12:49,169558225.595,5.300053e-18,1.9660228600320002e-22,6846437,2019-03-05 03:12:49,doge,84213.6327103825,445867.0,0.00100001,"btc,doge",3504260.84751,0.0,1.953425700196949e-11,219
1,[],22,[],2019-03-05 03:12:52,295713.6666666667,0.00000004,0.000000000001483776,6846438,2019-03-05 03:12:52,BTC,2.79594873,0.0,0.00000004,BTC,84264.27041875875,0.000172,0.00922585,221
1,[],24,[],2019-03-05 03:12:52,0.0,0.000000200000,0.00000000000741888,6846439,2019-03-05 03:12:52,btc,0.0,0.0,0.000000200000,btc,0.0,0.0,0.0,221
1,[],20,[],2019-03-05 03:12:54,39105329.5253,0.000000001,0.0000000000000370944,6846440,2019-03-05 03:12:54,btc,48.4414392087255,1038039.1081,0.000000001,btc,15826885.0042,0.0010380391081,0.0391053295253,224
0,[],22,[],2019-03-05 03:12:57,0.0,0,0,6846441,2019-03-05 03:12:57,,0.0,0.0,0,,0.0,0.0,0.0,224
1,[],26,[],2019-03-05 03:12:57,0.0,0.00000035,0.00000000001298304,6846442,2019-03-05 03:12:57,btc,0.0,0.0,0.00000035,btc,0.0,0.0,0.0,231
1,[],26,[],2019-03-05 03:12:58,0.0,0.00000005,0.00000000000185472,6846443,2019-03-05 03:12:58,btc,0.0,100.0,0.00000005,btc,0.0,0.0,0.0,234
0.0000000003379985,[],27,[],2019-03-05 03:13:00,2000.0,3.379985e-18,1.25378515584e-22,6846444,2019-03-05 03:13:00,eth,0.01134836604,0.0,0.00000001,"btc,eth",11462.996,0.0,6.75997e-15,234
1,[],4,[],2019-03-05 03:13:01,774618.04367093,0.00000075,0.0000000000278208,6846445,2019-03-05 03:13:01,btc,4.746137181145671,0.0,0.00000075,btc,1228907.40802309,0.06948974,0.1939099763229914,236
1,[],24,[],2019-03-05 03:13:02,0.0,0.000000300000,0.00000000001112832,6846446,2019-03-05 03:13:02,btc,0.0,0.0,0.000000300000,btc,0.0,0.0,0.0,236
1,[],20,[],2019-03-05 03:13:04,173867803.3161,0.00000006,0.000000000002225664,6846447,2019-03-05 03:13:04,btc,13.1666694148921,30896481.5563,0.00000006,btc,41847638.8167,2.0407300119936,0.6107486991456,237
0.0000000001230542,[],22,[],2019-03-05 03:13:07,751594.9,2.0919213999999998e-17,7.7598569180159995e-22,6846448,2019-03-05 03:13:07,LTC,0.0413973,0.0,0.00000017,LTC,7239.0,0.0,0.12541949,237
1,[],4,[],2019-03-05 03:00:28,8802344.58765485,0.00000033,0.000000000012224355,6846260,2019-03-05 03:00:28,btc,6.668756110184545,0.0,0.00000033,btc,10537777.1101789,0.17149878,2.1859135450432405,238
1,[],5,[],2019-03-05 03:00:30,0.0,0,0,6846261,2019-03-05 03:00:30,btc,0.0,0.00471607,0,btc,0.0,0.0,0.0,238
0,[],22,[],2019-03-05 03:13:10,0.0,0,0,6846449,2019-03-05 03:13:10,,0.41339518,0.0,0,,316626.5639027493,0.0,0.0,249
0.0000000001228576,[],22,[],2019-03-05 03:00:37,87163180.66666667,4.914304e-18,1.82043020224e-22,6846263,2019-03-05 03:00:37,LTC,0.99961926,0.0,0.00000004,LTC,17915189.09,1.5600639877248e-11,2.70466333,252
1,[],28,[],2019-03-05 03:00:39,2215341.628,0.00000035,0.000000000012965225,6846264,2019-03-05 03:00:39,btc,164732.8091208998,88310.3,0.00000035,btc,2598317.3844,0.0,0.36897778962,256
1,[],22,[],2019-03-05 03:13:19,1070354.0,0.00000002,0.000000000000741888,6846450,2019-03-05 03:13:19,BTC,31.47164001,0.0,0.00000002,BTC,671687.0957866946,0.0003,0.01087354,258
1,[],22,[],2019-03-05 03:00:51,48751.0,0.00000001,0.000000000000370435,6846266,2019-03-05 03:00:51,BTC,2.4175745,0.0,0.00000001,BTC,1762.0,0.0,0.00048751,259
1,[],5,[],2019-03-05 03:00:54,0.0,0,0,6846267,2019-03-05 03:00:54,btc,0.0,0.61587811,0,btc,0.0,0.0,0.0,264
1,[],20,[],2019-03-05 03:00:55,1253739.3152,0.00000221,0.000000000081866135,6846268,2019-03-05 03:00:55,btc,7.4577083054246,243621.6407,0.00000221,btc,106865.0252,0.6020112831447,0.0182123059593,264
0,[],22,[],2019-03-05 03:01:00,0.0,0,0,6846269,2019-03-05 03:01:00,,8.45802393,0.0,0,,433537.34411321935,0.0,0.0,271
0,[],22,[],2019-03-05 03:13:22,0.0,0,0,6846451,2019-03-05 03:13:22,,264.68187857,0.0,0,,13780784220.692,0.0,0.0,272
0.0000000000000053,[],28,[],2019-03-05 03:13:28,216837877380.905,5.0350000000000004e-21,1.8677030400000002e-25,6846452,2019-03-05 03:13:28,doge,151020974.9227681,14856059740.1343,0.00000095,doge,192115058978.2923,0.0,6.114437140679811e-10,272
1,[],22,[],2019-03-05 03:13:33,159422.74,0.00000200,0.0000000000741888,6846453,2019-03-05 03:13:33,BTC,74.34381172,0.0,0.00000200,"BTC,LTC",9549.447639773189,0.0102506,0.0446675,281
1,[],22,[],2019-03-05 03:13:36,93292.0,0.00000003,0.000000000001112832,6846454,2019-03-05 03:13:36,BTC,1.18405159,0.0,0.00000003,BTC,129481.44086072838,0.00920085,0.00253452,286
0,[],22,[],2019-03-05 03:01:18,0.0,0,0,6846274,2019-03-05 03:01:18,,43641.05520291,0.0,0,,831015134.0,0.0,0.0,294
