pairValue,buyBook,exchangeId,sellBook,updated,buyTotal,satoshiPrice,usdPrice,exchangeLogId,created,bestPair,sellTotalBtc,volume,pairPrice,activePairs,sellTotal,volumeBtc,buyTotalBtc,coinId
1,[],3,[],2019-02-26 23:15:23,30534.32600204086,0.0124970600000000008067413403978207497857511043548583984375,0.00000047543690093400005,6797509,2019-02-26 23:15:23,btc,61.07680478387232,0.006449206496,0.0124970600000000008067413403978207497857511043548583984375,btc,22.621926475229,0.0,0.23533502716318747,1
1,[],4,[],2019-02-26 23:15:24,303082.30281711,0.01257954,0.000000478574761806,6797510,2019-02-26 23:15:24,btc,9.192766903150265,0.0,0.01257954,btc,261.56186273,0.95534964,2.737767581988055,1
1,[],5,[],2019-02-26 23:15:27,0.0,0,0,6797511,2019-02-26 23:15:27,btc,0.0,0.00328503,0,btc,0.0,0.0,0.0,1
1,[],10,[],2019-02-26 23:15:29,414636.09690861,0.01056169,0.000000401807878191,6797512,2019-02-26 23:15:29,btc,6522.959345305325,1533.92679561,0.01056169,btc,1071.61008927,0.0,5.4170174689110135,1
1,[],12,[],2019-02-26 23:15:32,10441.04187636,0.01252999999999999947153384027842548675835132598876953125,0.000000476690067,6797513,2019-02-26 23:15:32,btc,0.5631629991246,0.0,0.01252999999999999947153384027842548675835132598876953125,btc,35.28729387,0.0619970329972,0.4019953465008,1
1,[],20,[],2019-02-26 23:15:34,1150.0464,0.01051,0.00000039984138899999997,6797514,2019-02-26 23:15:34,btc,0.0665459125693,0.4173,0.01051,btc,3.0401,0.0045537988002,0.0875490456215,1
1,[],21,[],2019-02-26 23:15:35,2172.1232131,0.01255283999999999913765869053,0.0000004775589896759999,6797515,2019-02-26 23:15:35,btc,23.062406542370024,2443.28207099,0.0125528399999999991376586905289514106698334217071533203125,"btc,eth",2430.64723588,29.678616260842958,21.54385552710471,1
1,[],22,[],2019-02-26 23:15:39,0.0163776,0.01300000,0.0000004945707,6797516,2019-02-26 23:15:39,BTC,0.31423927,0.0,0.01300000,BTC,0.11751954901960784,0.0,0.00020972,1
1,[],24,[],2019-02-26 23:15:40,0.0,0.000000000000,0,6797517,2019-02-26 23:15:40,btc,0.0,0.0,0.000000000000,btc,0.0,0.0,0.0,1
0.0,[],25,[],2019-02-26 23:15:41,0.0,0,0,6797518,2019-02-26 23:15:41,btc,18.939599997938487,3558.83996731,0.0,btc,1464.99222726,45.6315,0.0,1
1,[],26,[],2019-02-26 23:15:42,0.0,0,0,6797519,2019-02-26 23:15:42,,0.0,0.0,0,,0.0,0.0,0.0,1
1,[],28,[],2019-02-26 23:15:44,993.142,0.01323000,0.000000503320797,6797520,2019-02-26 23:15:44,btc,0.162839806,18068.9,0.01323000,btc,8.9,0.0,0.089302756,1
0,[],2,[],2019-01-20 23:28:45,0.0,0,0,6477011,2019-01-20 23:28:45,,0.0,0.0,0,,0.0,0.0,0.0,1
1,[],5,[],2019-02-26 23:07:04,0.0,0,0,6797349,2019-02-26 23:07:04,btc,0.0,0.00057401,0,btc,0.0,0.0,0.0,2
0.0000000001257297,[],22,[],2019-02-26 23:07:08,1148.0,1.3830266999999999e-16,5.271184982778e-21,6797350,2019-02-26 23:07:08,XMR,21.01373823,0.0,0.00000110,XMR,14319.12581,0.0,0.00087635,2
1,[],5,[],2019-02-26 23:15:45,0.0,0,0,6797521,2019-02-26 23:15:45,btc,0.0,0.02759262,0,btc,0.0,0.0,0.0,3
1,[],12,[],2019-02-26 23:15:45,13656003.3385,0.000000173,0.0000000000065815947,6797522,2019-02-26 23:15:45,btc,924396.2393539388,0.0,0.000000173,btc,8133474.07341622,0.02657217499975723,0.7265748900219,3
0,[],28,[],2019-02-26 23:15:47,0.0,0,0,6797523,2019-02-26 23:15:47,,0.0,0.0,0,,0.0,0.0,0.0,3
0,[],2,[],2019-01-20 23:31:32,0.0,0,0,6477077,2019-01-20 23:31:32,,0.0,0.0,0,,0.0,0.0,0.0,4
1,[],4,[],2019-02-26 23:15:48,411324.47432847,0.00000032,0.000000000012174047999999999,6797524,2019-02-26 23:15:48,btc,31.98829919645077,0.0,0.00000032,btc,712506.44072273,0.0,0.0583397307735309,4
1,[],12,[],2019-02-22 14:50:14,1367032.5219999999,0.00000003,0.000000000001190475,6759350,2019-02-22 14:50:14,btc,11013869.583570713,0.0,0.00000003,btc,1211697.32371984,0.00024567976024,0.02065290044,5
0,[],2,[],2019-01-20 23:31:51,0.0,0,0,6477087,2019-01-20 23:31:51,,0.0,0.0,0,,0.0,0.0,0.0,6
1,[],11,[],2019-02-26 23:15:50,4272596.5,0.00000001,0.000000000000380439,6797525,2019-02-26 23:15:50,btc,9432.752878832815,100000.0,0.00000001,btc,41807017.57452957,0.0,0.042725965,6
1,[],3,[],2019-02-26 23:15:51,1085.537475048359,0.0001510600000000000072038208731584063571062870323657989501953125,0.000000005746911534,6797526,2019-02-26 23:15:51,btc,26.3363151709563,0.0,0.0001510600000000000072038208731584063571062870323657989501953125,btc,247.537822229004,0.0,0.03339742781632559,7
1,[],4,[],2019-02-26 23:15:52,101775.19629494,0.00023916,0.000000009098579124,6797527,2019-02-26 23:15:52,btc,10.572888075229706,0.0,0.00023916,btc,33678.72803701,3.25367034,6.0741799025346435,7
1,[],5,[],2019-02-26 23:15:53,0.0,0,0,6797528,2019-02-26 23:15:53,btc,0.0,0.26138731,0,btc,0.0,0.0,0.0,7
1,[],20,[],2019-02-20 02:16:17,39399275.8418,0.000000001,0.0000000000000390183,6728586,2019-02-20 02:16:17,btc,116.9737569154545,525.0,0.000000001,btc,56932965.8895,5.25e-07,0.0393992758418,8
0,[],2,[],2019-01-20 23:22:42,0.0,0,0,6476876,2019-01-20 23:22:42,,0.0,0.0,0,,0.0,0.0,0.0,9
0,[],23,[],2019-01-20 23:22:48,0.0,0,0,6476878,2019-01-20 23:22:48,,0.0,0.0,0,,0.0,0.0,0.0,9
1,[],1,[],2019-02-17 23:31:42,1822507.21,0.00000181000000000000003456111265232042484285557293333113193511962890625,0.000000000066086901,6701244,2019-02-17 23:31:42,btc,3.6990969245,17153386.5,0.00000181000000000000003456111265232042484285557293333113193511962890625,btc,1997391.71,31.11772986,3.2610482446,9
1,[],4,[],2019-02-26 23:15:55,1955701.9777705,0.00000181,0.000000000068859459,6797529,2019-02-26 23:15:55,btc,5.712029002961131,0.0,0.00000181,btc,2175440.06936709,3.08063931,0.7368909863706731,9
1,[],28,[],2019-02-26 23:15:57,50843.5,0.00000186,0.000000000070761654,6797530,2019-02-26 23:15:57,btc,2708.762682539512,3670375.75,0.00000186,btc,12195.0788,0.0,0.05688425,9
1,[],4,[],2019-02-17 11:22:43,4341674.27126056,0.00000002,0.0000000000007272960000000001,6696112,2019-02-17 11:22:43,btc,0.1997230937751353,0.0,0.00000002,btc,4109766.79808031,0.00215132,0.0479381022052112,10
0,[],2,[],2019-01-20 23:23:08,0.0,0,0,6476890,2019-01-20 23:23:08,,0.0,0.0,0,,0.0,0.0,0.0,12
1,[],4,[],2019-02-26 23:15:59,4083139.87235258,0.00000122,0.000000000046413558,6797531,2019-02-26 23:15:59,btc,10.143148658117475,0.0,0.00000122,btc,5298088.75394154,1.38164701,2.4311574581392947,12
1,[],5,[],2019-02-26 23:15:59,0.0,0,0,6797532,2019-02-26 23:15:59,btc,0.0,0.25322673,0,btc,0.0,0.0,0.0,12
0.0,[],25,[],2019-02-26 23:16:01,0.0,0,0,6797533,2019-02-26 23:16:01,,0.0,0.0,0.0,btc,0.0,0.0,0.0,12
1,[],10,[],2019-02-26 22:55:17,474104.37096848,0.0000053,0.00000000020197823,6797167,2019-02-26 22:55:17,btc,666802.6252138801,7923.51854721,0.0000053,btc,747097.80562326,0.0,0.2852549496123205,13
1,[],4,[],2019-02-26 23:16:02,1181662.83415051,0.00000544,0.000000000206958816,6797534,2019-02-26 23:16:02,btc,3.073526123478883,0.0,0.00000544,btc,430917.47137399,0.64173172,0.4915425858678298,13
1,[],21,[],2019-02-26 23:16:05,553537.50020212,0.000005560000000000000129564328016,0.00000000021152408400000002,6797535,2019-02-26 23:16:05,btc,5.460700057079945,796894.2238204,0.0000055600000000000001295643280163627508727586246095597743988037109375,btc,869830.71970495,4.42979002,2.840847244429419,13
0,[],17,[],2019-02-26 21:50:05,0.0,0,0,6796702,2019-02-26 21:50:05,btc,0.0,0.0,0,btc,0.0,0.0,0.0,14
1,[],4,[],2019-02-26 23:16:06,687923.82635705,0.00000127,0.000000000048315753,6797536,2019-02-26 23:16:06,btc,13.051811676427107,0.0,0.00000127,btc,900545.92924099,0.10571661,0.1305360256180036,14
1,[],12,[],2019-02-26 23:16:07,217265.91304348,0.000001120000000000000076372827333137660588135986472479999065399169921875,0.000000000042609168,6797537,2019-02-26 23:16:07,btc,5.294409462059277,0.0,0.000001120000000000000076372827333137660588135986472479999065399169921875,btc,33916.19873547,0.0,0.0232142600000004,14
1,[],26,[],2019-02-26 23:16:18,0.0,0.00000050,0.00000000001902195,6797538,2019-02-26 23:16:18,btc,0.0,0.0,0.00000050,btc,0.0,0.0,0.0,14
0,[],4,[],2019-02-26 23:07:47,0.0,0,0,6797369,2019-02-26 23:07:47,,0.0,0.0,0,,0.0,0.0,0.0,15
,[],12,[],2018-12-01 15:15:48,204241.84496,0.00000489,0.000000000202473384,5260204,2018-12-01 15:15:48,btc,49.5475654835,0.0,,btc,35763.2193806,0.0163153972027625,0.0203389899998,15
0,[],17,[],2019-02-26 23:07:53,0.0,0,0,6797373,2019-02-26 23:07:53,btc,0.0,0.0,0,btc,0.0,0.0,0.0,18
0,[],2,[],2019-01-20 23:23:38,0.0,0,0,6476906,2019-01-20 23:23:38,,0.0,0.0,0,,0.0,0.0,0.0,18
1,[],4,[],2019-02-26 23:16:19,26306.25631867,0.00001790,0.00000000068098581,6797539,2019-02-26 23:16:19,btc,1.2323892706781696,0.0,0.00001790,btc,9426.51247796,0.0071335,0.0893788360857109,18
1,[],10,[],2019-02-26 23:16:22,783760.97897829,0.00001728,0.000000000657398592,6797540,2019-02-26 23:16:22,btc,16.629065989447216,12720.4022407,0.00001728,btc,14753.19698742,0.0,0.1439755785008994,18
1,[],12,[],2019-02-26 23:16:23,193474.26115945,0.0000187000000000000005302182304323110884070047177374362945556640625,0.00000000071142093,6797541,2019-02-26 23:16:23,btc,23.630964485686608,0.0,0.0000187000000000000005302182304323110884070047177374362945556640625,btc,1890.18419731,6.8255e-06,0.0326871860854585,18
0,[],2,[],2019-01-20 23:24:19,0.0,0,0,6476924,2019-01-20 23:24:19,,0.0,0.0,0,,0.0,0.0,0.0,19
1,[],3,[],2019-02-26 23:16:34,118351.57772255004,0.00002000000000000000163606107828062619091724627651274204254150390625,0.000000000760878,6797542,2019-02-26 23:16:34,btc,0.5286560728341213,0.0,0.00002000000000000000163606107828062619091724627651274204254150390625,btc,9053.568872553742,0.0,0.03090599409879988,19
1,[],4,[],2019-02-26 23:16:36,475447.77015502,0.00001983,0.000000000754410537,6797543,2019-02-26 23:16:36,btc,2.031802702590274,0.0,0.00001983,btc,71836.19333423,0.15849225,2.4602159811625497,19
1,[],5,[],2019-02-26 23:16:37,0.0,0,0,6797544,2019-02-26 23:16:37,btc,0.0,0.00031489,0,btc,0.0,0.0,0.0,19
1,[],12,[],2019-02-26 23:16:37,135344.56243129,0.000019499999999999999646983772638719756287173368036746978759765625,0.0000000007418560499999999,6797545,2019-02-26 23:16:37,btc,1.357926557183466,0.0,0.000019499999999999999646983772638719756287173368036746978759765625,btc,382.27457877,0.00010926,0.109688500000071,19
0,[],27,[],2019-02-26 23:16:40,0.0,0,0,6797546,2019-02-26 23:16:40,,0.0,0.0,0,btc,0.0,0.0,0.0,19
1,[],4,[],2019-02-26 23:08:00,8067919.95424551,0.00000013,0.000000000004954742,6797379,2019-02-26 23:08:00,btc,7.3759226929147985,0.0,0.00000013,btc,2842908.4360639,0.00026143,0.2581112151781454,20
1,[],4,[],2019-02-26 23:08:01,104036087.13737024,0.00000002,0.000000000000762268,6797380,2019-02-26 23:08:01,btc,1807.0981986415547,0.0,0.00000002,btc,54975780.27639335,0.00017735,1.1684621866280451,21
1,[],12,[],2019-02-26 23:08:03,18647376.0,0.00000002,0.0000000000007622680000000001,6797381,2019-02-26 23:08:03,btc,670.3772032734847,0.0,0.00000002,btc,8255366.32857329,0.0,0.24518776,21
0,[],17,[],2019-02-26 23:08:04,0.0,0,0,6797382,2019-02-26 23:08:04,btc,0.0,0.0,0,btc,0.0,0.0,0.0,21
1,[],12,[],2019-02-26 23:08:06,3215696532.6808996,0.0000000002,0.00000000000000762268,6797383,2019-02-26 23:08:06,btc,875865843010.0005,0.0,0.0000000002,btc,4950529854.020418,0.024448593899100975,0.3494098687829904,23
0.000000000357201,[],27,[],2019-02-26 23:08:09,2000.0,3.57201e-18,1.36141445934e-22,6797384,2019-02-26 23:08:09,eth,1.3829826565934114,0.0,0.00000001,eth,2164879.85514486,0.0,7.14402e-15,23
1,[],4,[],2019-02-26 23:08:10,461254.2163491,0.00000053,0.000000000020200102000000003,6797385,2019-02-26 23:08:10,btc,9.12634066403932,0.0,0.00000053,btc,1520915.76142524,0.01031564,0.1475382853912574,24
1,[],22,[],2019-02-26 23:08:14,11.76,0.00000100,0.0000000000381134,6797386,2019-02-26 23:08:14,BTC,7.415e-05,0.0,0.00000100,BTC,23.919354838709676,0.0,1.176e-05,24
0.0,[],25,[],2019-02-26 23:08:16,0.0,0,0,6797387,2019-02-26 23:08:16,,0.0,0.0,0.0,btc,0.0,0.0,0.0,24
1,[],4,[],2019-02-26 23:08:17,28280444.50731653,0.00000661,0.000000000251929574,6797388,2019-02-26 23:08:17,btc,167.54829245911975,0.0,0.00000661,btc,263776.43308007,0.08986947,0.4695869276230544,26
1,[],10,[],2019-02-26 23:08:20,699272.10261618,0.00000664,0.000000000253072976,6797389,2019-02-26 23:08:20,btc,26.125702114528497,3898.17726558,0.00000664,btc,14008.99694573,0.0,0.2649946230548956,26
0,[],2,[],2019-01-20 23:25:56,0.0,0,0,6476976,2019-01-20 23:25:56,,0.0,0.0,0,,0.0,0.0,0.0,26
1,[],3,[],2019-02-26 23:08:23,6199746.70213569,0.00000001,0.00000000000038113400000000005,6797390,2019-02-26 23:08:23,btc,2.3167939879642705,101318.626768,0.00000001,btc,17588297.14858839,0.0,0.061997467021356896,27
1,[],5,[],2019-02-26 23:08:24,0.0,0,0,6797391,2019-02-26 23:08:24,btc,0.0,0.00636819,0,btc,0.0,0.0,0.0,27
1,[],11,[],2019-02-26 23:08:25,9491944.20350207,0.00000005,0.00000000000190567,6797392,2019-02-26 23:08:25,btc,67506.40605986067,169525.403564,0.00000005,btc,8002256.57282965,0.0,0.44249750446473557,27
1,[],4,[],2019-02-26 23:08:27,1469617131.5234926,0.00000002,0.000000000000762268,6797393,2019-02-26 23:08:27,btc,5.152942077440303,0.0,0.00000002,"btc,ltc",392422611.74977344,0.51715693,11.425226468477716,29
1,[],7,[],2019-02-26 23:08:27,47476687.7215207,0.00000002,0.0000000000007622680000000001,6797394,2019-02-26 23:08:27,btc,44462590.76774984,0.0,0.00000002,btc,47164116.521593474,0.0,0.6189312873043272,29
1,[],4,[],2019-02-26 23:08:29,1439182.71487823,0.00000028,0.000000000010671752,6797395,2019-02-26 23:08:29,btc,2.334251439083168,0.0,0.00000028,btc,1570044.46360863,0.00183582,0.0968759610718031,30
0,[],17,[],2019-02-26 22:58:28,0.0,0,0,6797197,2019-02-26 22:58:28,btc,0.0,0.0,0,btc,0.0,0.0,0.0,30
1,[],4,[],2019-02-26 23:08:41,1117136.18501523,0.00005103,0.000000001944926802,6797396,2019-02-26 23:08:41,btc,4.8574148632413365,0.0,0.00005103,btc,63219.67412615,0.77447003,1.0999032570905785,31
1,[],21,[],2019-02-26 23:08:42,76688.61343861,0.00005147000000000000018022042192,0.0000000019616966980000003,6797397,2019-02-26 23:08:42,btc,1.0689539224194218,125843.90825455,0.0000514700000000000001802204219192304890384548343718051910400390625,btc,18591.15337456,6.5330257,3.3535780899024723,31
0,[],2,[],2019-01-20 23:28:43,0.0,0,0,6477009,2019-01-20 23:28:43,,0.0,0.0,0,,0.0,0.0,0.0,32
1,[],4,[],2019-02-26 23:08:43,374754626.2375689,0.00000004,0.000000000001524536,6797398,2019-02-26 23:08:43,btc,9.714333533290313,0.0,0.00000004,"btc,ltc",180287957.8652915,1.50400411,8.467464866938448,33
1,[],12,[],2019-02-26 23:08:45,16560691.0,0.00000004,0.0000000000015245360000000002,6797399,2019-02-26 23:08:45,btc,35630539.57920408,0.0,0.00000004,btc,90520256.8122464,0.0295071912087925,0.53588229,33
1,[],4,[],2019-02-26 23:08:46,124756880.68062755,0.00000001,0.000000000000381134,6797400,2019-02-26 23:08:46,btc,4.044463117617997,0.0,0.00000001,btc,101680786.9276837,0.01275785,1.2475688068062756,34
1,[],5,[],2019-02-26 23:08:47,0.0,0,0,6797401,2019-02-26 23:08:47,btc,0.0,0.20692402,0,btc,0.0,0.0,0.0,34
0.0000000001173297,[],4,[],2019-02-26 23:08:48,2255765484.9733334,2.346594e-18,8.943667575960001e-23,6797402,2019-02-26 23:08:48,ltc,2.7784877401635416e-08,0.0,0.00000002,ltc,3507844752.8009872,0.0,4.358755696569603e-09,36
1,[],5,[],2019-02-26 23:08:50,0.0,0,0,6797403,2019-02-26 23:08:50,btc,0.0,0.0,0,btc,0.0,0.0,0.0,36
0,[],17,[],2019-02-26 23:08:51,0.0,0,0,6797404,2019-02-26 23:08:51,btc,0.07464582824744151,0.0,0,btc,4105386.20243647,0.0,0.0,36
0.000000000357201,[],27,[],2019-02-26 23:08:54,1000000.0,3.57201e-18,1.36141445934e-22,6797405,2019-02-26 23:08:54,eth,218.41600790626342,0.0,0.00000001,"ltc,eth",8163566.48751039,0.0,1.178094426e-12,36
1,[],17,[],2019-02-26 22:00:06,1752.74075282,0.00000025,0.000000000009528699999999999,6796841,2019-02-26 22:00:06,btc,0.055484923777095005,0.0,0.00000025,btc,1319.19918473,0.0,0.00043818518820499993,37
1,[],4,[],2019-02-26 23:08:55,401244.09470721,0.00000060,0.00000000002286804,6797406,2019-02-26 23:08:55,btc,19772.495893703443,0.0,0.00000060,btc,572086.36941515,0.02471038,0.2021716839217095,37
1,[],12,[],2019-02-26 23:08:56,458136.03960631,0.00000061,0.000000000023249174000000002,6797407,2019-02-26 23:08:56,btc,1344.7249970931682,0.0,0.00000061,btc,965074.78675675,0.21319772222933,0.10976444439999919,37
1,[],27,[],2019-02-26 23:08:58,14685.567,0.00000045,0.00000000001715103,6797408,2019-02-26 23:08:58,btc,25.82160393111233,0.0,0.00000045,btc,6804.86438508,0.0,0.00480032515,37
1,[],5,[],2019-02-26 23:08:59,0.0,0,0,6797409,2019-02-26 23:08:59,btc,0.0,0.06871301,0,btc,0.0,0.0,0.0,42
1,[],12,[],2019-02-26 23:09:00,240599.79936153,0.00000092,0.000000000035064328000000004,6797410,2019-02-26 23:09:00,btc,94.70712986639789,0.0,0.00000092,btc,112172.42163686,0.0164658890281783,0.0470717300000007,42
0.000000000357201,[],27,[],2019-02-26 23:09:03,2000.0,3.57201e-18,1.36141445934e-22,6797411,2019-02-26 23:09:03,eth,0.00315028,0.0,0.00000001,"btc,eth",11.007,0.0,7.14402e-15,42
1,[],5,[],2019-02-26 23:09:04,0.0,0,0,6797412,2019-02-26 23:09:04,btc,0.0,0.00016737,0,btc,0.0,0.0,0.0,43
1,[],12,[],2019-02-26 23:09:05,1793400.0,0.00000001,0.00000000000038113400000000005,6797413,2019-02-26 23:09:05,btc,3569.7539966245354,0.0,0.00000001,btc,12096636.57282716,6.2007992008e-05,0.017934000000000002,43
0,[],17,[],2019-02-26 23:09:06,0.0,0,0,6797414,2019-02-26 23:09:06,btc,0.0,0.0,0,btc,0.0,0.0,0.0,43
1,[],12,[],2019-02-26 23:09:08,656459.0,0.00000004,0.0000000000015245360000000002,6797415,2019-02-26 23:09:08,btc,11116047.727795307,0.0,0.00000004,btc,1102354.40161834,0.000668238201798,0.01624028,44
1,[],4,[],2019-02-26 23:09:09,290435799.33727527,0.00000002,0.000000000000762268,6797416,2019-02-26 23:09:09,btc,473.60336182075076,0.0,0.00000002,"btc,ltc",12155941.00365541,0.00068196,0.19654676864799903,49
0.0000000001173297,[],4,[],2019-02-26 23:09:09,122458096.0281663,1.173297e-18,4.4718337879800003e-23,6797417,2019-02-26 23:09:09,ltc,25.47533666679927,0.0,0.00000001,ltc,10261234855.557455,0.0,1.4367971669555943e-10,52
0.0000000001257297,[],22,[],2019-02-26 23:09:16,80845862.0,1.257297e-18,4.7919863479800004e-23,6797418,2019-02-26 23:09:16,XMR,4366.96886713,0.0,0.00000001,XMR,255240310.67882353,0.0,0.80845862,57
0.000000000357201,[],27,[],2019-02-26 23:09:19,2000.0,3.57201e-18,1.36141445934e-22,6797419,2019-02-26 23:09:19,eth,0.0,0.0,0.00000001,"btc,eth",0.0,0.0,7.14402e-15,57
0,[],17,[],2019-02-26 22:00:42,0.0,0,0,6796856,2019-02-26 22:00:42,btc,1e+24,0.0,0,btc,49226522.0897055,0.0,0.0,58
0.0000000001173297,[],4,[],2019-02-26 23:09:20,1065955689.9580483,3.5198910000000006e-18,1.3415501363940003e-22,6797420,2019-02-26 23:09:20,ltc,18.80755102014264,0.0,0.00000003,ltc,4132999751.9015503,0.001619,2.591285937363483e-09,58
1,[],12,[],2019-02-26 23:09:21,1629364092.843957,0.0000000004,0.00000000000001524536,6797421,2019-02-26 23:09:21,btc,224005479679.70926,0.0,0.0000000004,btc,3799019668.582441,0.004216122444157045,0.5251248179011392,58
0.0000000001257297,[],22,[],2019-02-26 23:09:36,137438.0,1.257297e-18,4.7919863479800004e-23,6797422,2019-02-26 23:09:36,XMR,69.8835922,0.0,0.00000001,XMR,9887963.0,0.0,0.00137438,58
1,[],5,[],2019-02-26 23:09:37,0.0,0,0,6797423,2019-02-26 23:09:37,btc,0.0,0.01647767,0,btc,0.0,0.0,0.0,61
1,[],22,[],2019-02-26 23:09:41,5149.5,0.00000011,0.0000000000041924740000000005,6797424,2019-02-26 23:09:41,BTC,1002.29597012,0.0,0.00000011,BTC,14947.700278135757,0.0,0.00051596,61
1,[],26,[],2019-02-26 23:09:41,0.0,0.00000800,0.0000000003049072,6797425,2019-02-26 23:09:41,btc,0.0,0.0,0.00000800,btc,0.0,0.0,0.0,61
1,[],27,[],2019-02-26 23:09:43,2493.55,0.00000045,0.00000000001715103,6797426,2019-02-26 23:09:43,btc,7.841844928616269,0.0,0.00000045,"btc,eth",20831.38399471,0.0,0.0002155975035005698,61
1,[],28,[],2019-02-26 23:09:45,13880.304,0.0000005,0.0000000000190567,6797427,2019-02-26 23:09:45,btc,2.056291378300105,985.0,0.0000005,btc,9710.59500005,0.0,0.00566391304,61
1,[],4,[],2019-02-26 23:09:45,1394745.94833908,0.00000276,0.000000000105192984,6797428,2019-02-26 23:09:45,btc,11.266273539934902,0.0,0.00000276,btc,803574.35453618,0.24280296,1.2493498419275986,67
0.0,[],25,[],2019-02-26 23:09:47,0.0,0,0,6797429,2019-02-26 23:09:47,,0.0,0.0,0.0,btc,0.0,0.0,0.0,67
1,[],12,[],2019-02-26 23:09:48,2909338.50471428,0.00000025,0.00000000000952835,6797430,2019-02-26 23:09:48,btc,11115999.00774805,0.0,0.00000025,btc,2181882.01015293,0.0198124404107349,0.0942591864411105,71
,[],5,[],2018-11-20 23:02:39,1.5e-07,0.00000005,0.000000000002128045,4862160,2018-11-20 23:02:39,btc,2.84511358,0.0,,btc,0.00036572,0.0,0.07381892,74
1,[],5,[],2019-02-26 23:09:50,0.0,0,0,6797431,2019-02-26 23:09:50,btc,0.0,0.0,0,btc,0.0,0.0,0.0,75
1,[],4,[],2019-02-26 18:38:41,16191516.713575,0.00000001,0.000000000000381725,6795612,2019-02-26 18:38:41,btc,11388.6314586309,0.0,0.00000001,btc,34441504.9695017,0.00017764,0.16191516713575,81
0,[],20,[],2019-01-25 09:30:31,0.0,0,0,6495923,2019-01-25 09:30:31,btc,0.0,0.0,0,btc,0.0,0.0,0.0,81
1,[],4,[],2019-02-26 23:09:51,28476.63816647,0.00007425,0.00000000282991995,6797432,2019-02-26 23:09:51,btc,17.77488765559709,0.0,0.00007425,btc,12760.55258083,0.01735548,0.1278266598096076,82
1,[],21,[],2019-02-26 23:09:51,65417.82730249,0.00007566999999999999887336649129,0.0000000028840409780000002,6797433,2019-02-26 23:09:51,btc,2.221252944022444,5840.85140248,0.000075669999999999998873366491292102864463231526315212249755859375,btc,24049.62192085,0.44136019,2.102525148578045,82
0,[],17,[],2019-02-26 23:01:51,0.0,0,0,6797235,2019-02-26 23:01:51,btc,0.0447233088476774,0.0,0,btc,999127.19588126,0.0,0.0,84
0.0000000001173297,[],4,[],2019-02-26 23:10:03,119907583.17664471,3.5198910000000006e-18,1.3415501363940003e-22,6797434,2019-02-26 23:10:03,ltc,1.782832102560503,0.0,0.00000003,ltc,400250503.4223032,0.0,2.1766666303436897e-10,85
,[],22,[],2018-11-20 23:09:34,3408.1,0.0000001,0.0000000000041895,4862324,2018-11-20 23:09:34,BTC,0.04624735,0.0,,BTC,4990.0,0.0,0.00033081,86
0,[],22,[],2019-02-22 12:52:35,0.0,0,0,6758847,2019-02-22 12:52:35,,2.0760781,0.0,0,,140622.94736842104,0.0,0.0,87
0,[],27,[],2019-02-22 12:52:37,0.0,0,0,6758848,2019-02-22 12:52:37,,0.0,0.0,0,btc,0.0,0.0,0.0,87
,[],2,[],2018-11-20 23:10:47,0.0,0,0,4862359,2018-11-20 23:10:47,,0.0,0.0,,,0.0,0.0,0.0,88
1,[],11,[],2019-02-26 23:10:05,86796.97351594,0.00014001000000000000966261792800793273272574879229068756103515625,0.000000005336257134000001,6797435,2019-02-26 23:10:05,btc,609.6512960863987,2822.45301399,0.00014001000000000000966261792800793273272574879229068756103515625,btc,99054.75758977,0.0,5.392722983201516,89
0,[],2,[],2019-01-20 23:31:45,0.0,0,0,6477083,2019-01-20 23:31:45,,0.0,0.0,0,,0.0,0.0,0.0,91
1,[],12,[],2019-02-26 23:10:06,479694.58125741,0.000001740000000000000069492480346544649449924690998159348964691162109375,0.00000000006631731600000001,6797436,2019-02-26 23:10:06,btc,4.363035231042797,0.0,0.000001740000000000000069492480346544649449924690998159348964691162109375,btc,59670.4799919,0.001827107654341,0.0987948752937801,91
0,[],22,[],2019-02-26 23:10:19,0.0,0,0,6797437,2019-02-26 23:10:19,,3.1e-06,0.0,0,,2.0,0.0,0.0,91
0,[],17,[],2019-02-26 23:01:58,0.0,0,0,6797239,2019-02-26 23:01:58,btc,0.0,0.0,0,btc,0.0,0.0,0.0,91
0.0000000001173297,[],22,[],2019-02-26 23:10:23,2791021.0,4.693188e-18,1.7887335151920001e-22,6797438,2019-02-26 23:10:23,LTC,8.53161599,0.0,0.00000004,LTC,71994962.1,0.0,0.09164084,95
0.0000000001173297,[],4,[],2019-02-26 23:10:24,646988450.6151512,8.330408700000001e-17,3.1750019894658004e-21,6797439,2019-02-26 23:10:24,ltc,11.890067413237285,0.0,0.00000071,ltc,136367520.44482967,0.00023037,1.8029693095557164e-09,96
0,[],12,[],2019-02-26 23:10:25,0.0,0,0,6797440,2019-02-26 23:10:25,btc,255077.86232305458,0.0,0,btc,8739592.61569404,5.004995005e-06,0.0,96
0,[],17,[],2019-02-26 23:10:36,0.0,0,0,6797441,2019-02-26 23:10:36,btc,0.0,0.0,0,btc,0.0,0.0,0.0,96
1,[],4,[],2019-02-26 23:02:10,1443477.65351121,0.00000031,0.000000000011813821,6797245,2019-02-26 23:02:10,btc,3.047174858045191,0.0,0.00000031,btc,2429319.47010114,0.00086668,0.1271164887854971,99
0,[],2,[],2019-01-20 23:23:55,0.0,0,0,6476914,2019-01-20 23:23:55,,0.0,0.0,0,,0.0,0.0,0.0,100
1,[],4,[],2019-02-26 23:10:37,183119.70523532,0.00004675,0.00000000178180145,6797442,2019-02-26 23:10:37,btc,11.75263474577759,0.0,0.00004675,btc,158239.92741694,3.79780234,4.230390261259517,100
1,[],22,[],2019-02-26 23:10:40,50000.0,0.00000001,0.000000000000381134,6797443,2019-02-26 23:10:40,BTC,23.49896609,0.0,0.00000001,BTC,10277.22,0.0,0.0005,101
1,[],4,[],2019-02-26 23:10:42,479377.65958593,0.00000092,0.000000000035064328000000004,6797444,2019-02-26 23:10:42,btc,256.29975113899457,0.0,0.00000092,btc,487643.1858197,0.01621337,0.249293751168644,103
1,[],12,[],2019-02-26 23:10:44,61276965.54400002,0.000000011,0.0000000000004192474,6797445,2019-02-26 23:10:44,btc,137279271.772841,0.0,0.000000011,btc,122443460.77620435,0.01676782101298719,0.20945994098400023,105
1,[],27,[],2019-02-26 23:10:46,125810.89,0.00000001,0.000000000000381134,6797446,2019-02-26 23:10:46,btc,36.58510134075966,0.0,0.00000001,btc,575922.56793212,0.0,0.0012581089,105
1,[],22,[],2019-02-26 23:10:49,9328.0,0.00000001,0.000000000000381134,6797447,2019-02-26 23:10:49,BTC,51.10837004,0.0,0.00000001,BTC,470435.0,0.0,9.328e-05,107
1,[],26,[],2019-02-26 23:10:49,0.0,0.00000000,0,6797448,2019-02-26 23:10:49,btc,0.0,0.0,0.00000000,btc,0.0,0.0,0.0,107
1,[],5,[],2019-02-26 23:10:50,0.0,0,0,6797449,2019-02-26 23:10:50,btc,0.0,0.04812945,0,btc,0.0,0.0,0.0,112
1,[],22,[],2019-02-26 23:10:54,1966.0,0.00000001,0.000000000000381134,6797450,2019-02-26 23:10:54,BTC,2.81183288,0.0,0.00000001,BTC,808524.0833333334,0.0,1.966e-05,112
0.000000000357201,[],27,[],2019-02-26 23:10:58,2000.0,3.57201e-18,1.36141445934e-22,6797451,2019-02-26 23:10:58,eth,1.35132491849924,0.0,0.00000001,"btc,eth",1328.641654,0.0,7.14402e-15,112
1,[],4,[],2019-02-26 23:10:58,387313.21928677,0.00000291,0.000000000110909994,6797452,2019-02-26 23:10:58,btc,85.06608411590103,0.0,0.00000291,btc,319739.70424097,0.38567563,0.1959410686388672,113
1,[],5,[],2019-02-26 23:10:59,0.0,0,0,6797453,2019-02-26 23:10:59,btc,0.0,0.1180509,0,btc,0.0,0.0,0.0,113
1,[],17,[],2019-02-26 23:11:01,152738.278,0.00000004,0.0000000000015245360000000002,6797454,2019-02-26 23:11:01,btc,1.33680302678,0.0,0.00000004,btc,50696.221,0.0,0.0022095311199999998,116
0,[],27,[],2019-02-26 23:11:03,0.0,0,0,6797455,2019-02-26 23:11:03,,0.0,0.0,0,btc,0.0,0.0,0.0,116
1,[],4,[],2019-02-26 23:11:04,326336.86693663,0.00002203,0.000000000839638202,6797456,2019-02-26 23:11:04,btc,29.088448666074733,0.0,0.00002203,btc,80674.75059609,3.00604572,2.516678659527692,120
1,[],7,[],2019-02-26 23:11:06,15921.46639064,0.00001756999999999999949079794447914792954179574735462665557861328125,0.000000000669652438,6797457,2019-02-26 23:11:06,btc,115647.72244448448,4267.82980408,0.00001756999999999999949079794447914792954179574735462665557861328125,btc,56415.73976436,0.11242318,0.0551306044640301,120
1,[],20,[],2019-02-26 23:02:55,1501162.3955,0.00000004,0.000000000001524364,6797261,2019-02-26 23:02:55,btc,32.2909198576994,128739.7889,0.00000004,btc,945515.0386,0.007051022791,0.010215124441,125
1,[],22,[],2019-02-26 23:11:11,3053.0,0.00000001,0.000000000000381134,6797458,2019-02-26 23:11:11,BTC,0.01444887,0.0,0.00000001,BTC,296263.5111111111,0.0,3.053e-05,126
0,[],17,[],2019-02-26 22:02:11,0.0,0,0,6796898,2019-02-26 22:02:11,btc,0.0009561751951600001,0.0,0,btc,35.42829368,0.0,0.0,131
0,[],2,[],2019-01-20 23:25:46,0.0,0,0,6476969,2019-01-20 23:25:46,,0.0,0.0,0,,0.0,0.0,0.0,131
1,[],4,[],2019-02-26 23:02:59,2680734.61680618,0.00001397,0.000000000532384127,6797263,2019-02-26 23:02:59,btc,10.17957642495844,0.0,0.00001397,btc,129578.11876791,0.0982606,0.7344590103986793,131
1,[],4,[],2019-02-26 23:11:11,4558.89196741,0.00016001,0.000000006098525134000001,6797459,2019-02-26 23:11:11,btc,1.6208894074617979,0.0,0.00016001,btc,242.95965577,0.0,0.0087097550153771,135
1,[],3,[],2019-02-26 23:11:12,1067833.16685176,0.00000004,0.0000000000015245360000000002,6797460,2019-02-26 23:11:12,btc,0.6402423705362453,17905.0,0.00000004,btc,2343705.33020365,0.0,0.0342510493370351,136
1,[],4,[],2019-02-26 23:11:13,276634.9403836,0.00000175,0.00000000006669845000000001,6797461,2019-02-26 23:11:13,btc,38.98221081300239,0.0,0.00000175,btc,577446.96248263,0.38854139,0.0974743422414278,137
1,[],12,[],2019-02-26 23:11:14,294923.41985807,0.00000172999999999999995347796898081949024117420776747167110443115234375,0.000000000065936182,6797462,2019-02-26 23:11:14,btc,11807.597022429769,0.0,0.00000172999999999999995347796898081949024117420776747167110443115234375,btc,122988.33537073,0.0041214956882909,0.0208084399999853,137
1,[],4,[],2019-02-26 23:11:15,112802.71697365,0.00003555,0.00000000135493137,6797463,2019-02-26 23:11:15,btc,29.123329861981198,0.0,0.00003555,btc,45286.60490457,0.33581098,0.4317856812758737,142
1,[],5,[],2019-02-26 23:11:16,0.0,0,0,6797464,2019-02-26 23:11:16,btc,0.0,0.45665789,0,btc,0.0,0.0,0.0,142
1,[],17,[],2019-02-26 23:11:18,22967.386363640002,0.00000088,0.000000000033539792000000004,6797465,2019-02-26 23:11:18,btc,20.069913352860297,0.0,0.00000088,btc,2746.079105,0.0,0.0104613000000032,142
1,[],20,[],2019-02-26 23:11:20,133023.6247,0.000033891,0.0000000012917012394000001,6797466,2019-02-26 23:11:20,btc,0.2983041056899,8.7156,0.000033891,btc,1238.9328,0.000325058102,0.2281286845659,142
1,[],22,[],2019-02-26 23:11:23,1685.8988921568628,0.00004000,0.0000000015245360000000002,6797467,2019-02-26 23:11:23,BTC,3.00385504,0.0,0.00004000,BTC,891.218,0.0,0.00174536,142
0.0,[],25,[],2019-02-26 23:11:24,0.0,0,0,6797468,2019-02-26 23:11:24,,0.0,0.0,0.0,btc,0.0,0.0,0.0,142
1,[],28,[],2019-02-26 23:11:26,76772.0,0.00004500,0.0000000017151030000000001,6797469,2019-02-26 23:11:26,btc,0.0829756127,904.0,0.00004500,btc,740.6025,0.0,0.0338472,142
0,[],22,[],2019-02-26 23:11:29,0.0,0,0,6797470,2019-02-26 23:11:29,,60.80280694,0.0,0,,704341446.3,0.0,0.0,143
0,[],22,[],2019-02-25 15:42:22,0.0,0,0,6783783,2019-02-25 15:42:22,,4.2131946,0.0,0,,2322156.0,0.0,0.0,146
,[],22,[],2018-11-20 23:01:11,0.0,0,0,4862114,2018-11-20 23:01:11,,2.56807021,0.0,,,61828.4988236,0.0,0.0,147
1,[],12,[],2019-02-26 23:03:25,218909.03797468,0.00000250000000000000020450763478507827386465578456409275531768798828125,0.00000000009527275000000001,6797275,2019-02-26 23:03:25,btc,16.291379243178202,0.0,0.00000250000000000000020450763478507827386465578456409275531768798828125,btc,117105.96563389,0.0014768581818127,0.0269552799999944,148
1,[],4,[],2019-02-26 23:11:31,246514.75807298,0.00000033,0.000000000012577422000000001,6797471,2019-02-26 23:11:31,btc,219.96771161028826,0.0,0.00000033,btc,800814.6791546,0.00436904,0.0585292308710566,152
0,[],22,[],2019-02-26 23:11:33,0.0,0,0,6797472,2019-02-26 23:11:33,,0.0,0.0,0,,0.0,0.0,0.0,152
1,[],5,[],2019-02-26 23:03:33,0.0,0,0,6797278,2019-02-26 23:03:33,btc,0.0,0.0,0,btc,0.0,0.0,0.0,153
,[],16,[],2019-01-11 15:38:59,0.0,0,0,6366141,2019-01-11 15:38:59,btc,0.0,0.0,,btc,0.0,0.0,0.0,155
0,[],23,[],2019-01-20 23:24:29,0.0,0,0,6476932,2019-01-20 23:24:29,,0.0,0.0,0,,0.0,0.0,0.0,156
0,[],22,[],2019-02-26 23:11:36,0.0,0,0,6797473,2019-02-26 23:11:36,,6.74829967,0.0,0,,4646626.747643097,0.0,0.0,156
1,[],22,[],2019-02-26 23:11:39,7073.8,0.00005300,0.0000000020200102,6797474,2019-02-26 23:11:39,BTC,1.80343699,0.0,0.00005300,BTC,899.6422341958436,0.0,0.00104336,157
0,[],22,[],2019-02-26 23:11:42,0.0,0,0,6797475,2019-02-26 23:11:42,,50175.68008609,0.0,0,,54479136.04179466,0.0,0.0,158
,[],17,[],2018-11-20 22:56:10,0.0,0,0,4861976,2018-11-20 22:56:10,btc,1.1265625,0.0,,btc,1000.0,0.0,0.0,159
,[],20,[],2018-11-20 22:56:12,0.0,0,0,4861977,2018-11-20 22:56:12,btc,11912.7940471,0.0,,btc,34413894.3617,0.0,0.0,159
1,[],12,[],2019-02-26 23:11:44,181406.78259591,0.000008130000000000000087382358293641715363264665938913822174072265625,0.000000000309861942,6797476,2019-02-26 23:11:44,btc,6.642222486857871,0.0,0.000008130000000000000087382358293641715363264665938913822174072265625,btc,13614.44413222,0.0054787064076038,0.0895172922215953,168
1,[],17,[],2019-02-26 23:03:50,29784.95,0.000001,0.000000000038109099999999996,6797283,2019-02-26 23:03:50,btc,0.03026736251542,0.0,0.000001,btc,144.46171372,0.0,0.00716147,168
1,[],22,[],2019-02-26 23:11:48,262263.0,0.00000001,0.000000000000381134,6797477,2019-02-26 23:11:48,BTC,1.14695792,0.0,0.00000001,BTC,779972.8900917594,2.19e-06,0.00262263,169
1,[],22,[],2019-02-26 23:03:58,200000.0,0.00000001,0.000000000000381091,6797285,2019-02-26 23:03:58,BTC,13.2501524,0.0,0.00000001,BTC,144336.2939341018,0.0010622,0.002,171
1,[],22,[],2019-02-26 23:04:01,33544.0,0.00000005,0.0000000000019054549999999998,6797286,2019-02-26 23:04:01,BTC,2.19664002,0.0,0.00000005,BTC,238040.10850564364,0.00062419,0.00033724,173
1,[],5,[],2019-02-26 23:04:02,0.0,0,0,6797287,2019-02-26 23:04:02,btc,0.0,0.15993409,0,btc,0.0,0.0,0.0,175
1,[],22,[],2019-02-26 23:11:55,45904.0,0.0000003,0.00000000001143402,6797478,2019-02-26 23:11:55,BTC,0.52955903,0.0,0.0000003,BTC,143368.41384013777,0.0,0.0052148,176
1,[],7,[],2019-02-26 23:11:57,0.0,0,0,6797479,2019-02-26 23:11:57,btc,410932.5281358376,0.0,0,btc,117881559.31901672,0.0,0.0,178
0,[],22,[],2019-02-26 23:12:00,0.0,0,0,6797480,2019-02-26 23:12:00,,1.00242428,0.0,0,,57512.0,0.0,0.0,178
0,[],2,[],2019-01-20 23:28:34,0.0,0,0,6477001,2019-01-20 23:28:34,,0.0,0.0,0,,0.0,0.0,0.0,178
0,[],23,[],2019-01-20 23:25:08,0.0,0,0,6476952,2019-01-20 23:25:08,,0.0,0.0,0,,0.0,0.0,0.0,179
1,[],5,[],2019-02-26 23:12:01,0.0,0,0,6797481,2019-02-26 23:12:01,btc,0.0,0.00752761,0,btc,0.0,0.0,0.0,179
1,[],22,[],2019-02-26 23:12:06,7047118.666666667,0.00000003,0.000000000001143402,6797482,2019-02-26 23:12:06,BTC,5.63366894,0.0,0.00000003,"BTC,LTC",17147700.756535422,0.00043115,0.381295,179
1,[],17,[],2019-02-26 23:04:28,10504.725,0.0000001,0.0000000000038109099999999996,6797293,2019-02-26 23:04:28,btc,5.2010695838170005,0.0,0.0000001,btc,4994.45945,0.0,0.0010504725,180
0.000000000117265,[],22,[],2019-02-26 23:04:35,128605.4,1.1726500000000002e-17,4.4688636115e-22,6797294,2019-02-26 23:04:35,LTC,0.20860545,0.0,0.0000001,LTC,64865.15904628841,0.0,0.00130544,180
1,[],26,[],2019-02-26 23:04:35,0.0,0.00000160,0.00000000006097455999999999,6797295,2019-02-26 23:04:35,btc,0.0,25.0,0.00000160,btc,0.0,0.0,0.0,180
,[],7,[],2018-11-20 22:58:01,562227.975654,0.00000085,0.000000000036176765,4862015,2018-11-20 22:58:01,btc,21836.6059674,2491.87645172,,btc,749999.041456,0.00211021,0.127565380455,183
,[],5,[],2019-01-10 08:11:41,0.0,0,0,6347036,2019-01-10 08:11:41,btc,82.15055501,0.00261,,btc,1.19002445,0.0,0.0,187
,[],17,[],2018-11-16 20:58:10,4062536.27273,0.00000001,0.000000000000550501,4708775,2018-11-16 20:58:10,btc,3.36492563466,0.195460381006,,"btc,eth",110697919.549,0.0,0.0157628953496,187
1,[],24,[],2019-02-26 23:12:06,0.0,0.000000000001,3.81134e-17,6797483,2019-02-26 23:12:06,btc,0.0,0.0,0.000000000001,btc,0.0,0.0,0.0,187
0,[],22,[],2019-02-26 23:04:39,0.0,0,0,6797297,2019-02-26 23:04:39,,1.19374396,0.0,0,,16308.869534405507,0.0,0.0,191
0,[],22,[],2019-02-26 23:04:44,0.0,0,0,6797298,2019-02-26 23:04:44,,0.0,0.0,0,,0.0,0.0,0.0,197
0,[],23,[],2019-01-20 23:31:41,0.0,0,0,6477079,2019-01-20 23:31:41,,0.0,0.0,0,,0.0,0.0,0.0,199
0,[],22,[],2019-02-26 23:12:09,0.0,0,0,6797484,2019-02-26 23:12:09,,5.19477622,0.0,0,,21058553.0,0.0,0.0,199
1,[],26,[],2019-02-26 23:12:09,0.0,0.00000000,0,6797485,2019-02-26 23:12:09,btc,0.0,4.0,0.00000000,btc,0.0,0.0,0.0,199
0,[],17,[],2019-01-30 16:32:01,0.0,0,0,6540827,2019-01-30 16:32:01,btc,6.802544163788159,0.0,0,btc,105897.55575295,0.0,0.0,200
0,[],2,[],2019-01-20 23:30:49,0.0,0,0,6477059,2019-01-20 23:30:49,,0.0,0.0,0,,0.0,0.0,0.0,201
1,[],4,[],2019-01-25 15:51:35,2084389.58565343,0.00000936,0.000000000333526752,6499557,2019-01-25 15:51:35,btc,2.0092503037378524,0.0,0.00000936,btc,160195.80207885,0.19272417,1.242687955921835,211
1,[],7,[],2019-02-26 23:14:21,4404031.11017013,0.0000013299999999999999715787242504649867669286322779953479766845703125,0.000000000050690822000000004,6797486,2019-02-26 23:14:21,btc,15476653.604996286,757279.663362,0.0000013299999999999999715787242504649867669286322779953479766845703125,btc,11925016.00627162,0.0,3.413239958049691,212
1,[],12,[],2019-01-25 02:44:32,207462.42853209,0.000001080000000000000035831255497387193287295303889550268650054931640625,0.000000000038610756000000006,6493050,2019-01-25 02:44:32,btc,85023.03793723314,0.0,0.000001080000000000000035831255497387193287295303889550268650054931640625,btc,43675.73520027,0.000146250909087,0.0348620860622024,213
1,[],5,[],2019-02-26 23:14:23,0.0,0,0,6797487,2019-02-26 23:14:23,btc,0.0,0.37674557,0,btc,0.0,0.0,0.0,213
1,[],24,[],2019-02-26 23:14:23,0.0,0.000000100000,0.000000000003811340000000001,6797488,2019-02-26 23:14:23,btc,0.0,0.0,0.000000100000,btc,0.0,0.0,0.0,213
1,[],26,[],2019-02-26 23:14:23,0.0,0.00000010,0.000000000003811340000000001,6797489,2019-02-26 23:14:23,btc,0.0,0.0,0.00000010,btc,0.0,0.0,0.0,213
1,[],22,[],2019-02-26 23:14:27,29085.0,0.00000001,0.000000000000381134,6797490,2019-02-26 23:14:27,BTC,2.2293,0.0,0.00000001,BTC,574426.3963726171,0.00075806,0.00029085,216
1,[],27,[],2019-02-26 23:14:29,1301251.005988,0.00000007,0.000000000002667938,6797491,2019-02-26 23:14:29,btc,316.33345711644,580.0,0.00000007,"btc,ltc",234898.901,6.96e-05,0.033957470419371194,216
1,[],22,[],2019-02-26 23:14:33,253780.0040747906,0.00000230,0.00000000008766082,6797492,2019-02-26 23:14:33,BTC,12673.66149943,0.0,0.00000230,BTC,385489.1452312174,0.39438122,0.3671048,217
1,[],7,[],2019-02-26 23:14:34,0.0,0,0,6797493,2019-02-26 23:14:34,btc,77969.77488735563,0.0,0,btc,137043486.5550253,0.0,0.0,219
0,[],27,[],2019-02-26 23:14:37,0.0,0,0,6797494,2019-02-26 23:14:37,,0.0740438339680921,0.0,0,btc,1536429.20709513,0.0,0.0,219
0.0000000000000052,[],28,[],2019-02-26 23:14:39,167530653.514,2.34e-18,8.918535600000001e-23,6797495,2019-02-26 23:14:39,doge,83883.3352434475,1217601.0,0.00045000,"btc,doge",4823713.77951,0.0,9.09334222840524e-12,219
1,[],22,[],2019-02-26 23:14:43,240665.0,0.00000002,0.000000000000762268,6797496,2019-02-26 23:14:43,BTC,3.01323916,0.0,0.00000002,BTC,129679.27041875875,0.0,0.00440665,221
1,[],24,[],2019-02-26 23:14:43,0.0,0.000000200000,0.000000000007622680000000001,6797497,2019-02-26 23:14:43,btc,0.0,0.0,0.000000200000,btc,0.0,0.0,0.0,221
1,[],20,[],2019-02-26 23:05:23,40808456.2707,0.000000001,0.0000000000000381091,6797313,2019-02-26 23:05:23,btc,48.0255751569449,2030195.8282,0.000000001,btc,11203529.3145,0.0020301958282,0.0408084562707,224
0,[],22,[],2019-02-26 23:05:26,0.0,0,0,6797314,2019-02-26 23:05:26,,0.0,0.0,0,,0.0,0.0,0.0,224
1,[],26,[],2019-02-26 23:14:44,0.0,0.00000035,0.000000000013339690000000001,6797498,2019-02-26 23:14:44,btc,0.0,0.0,0.00000035,btc,0.0,0.0,0.0,231
1,[],26,[],2019-02-26 23:05:27,0.0,0.00000006,0.000000000002286546,6797316,2019-02-26 23:05:27,btc,0.0,2050.0,0.00000006,btc,0.0,0.0,0.0,234
0.00000000035721990000000005,[],27,[],2019-02-26 23:05:29,2000.0,3.572199000000001e-18,1.361332889109e-22,6797317,2019-02-26 23:05:29,eth,0.0113483662182,0.0,0.00000001,"btc,eth",11462.99618,0.0,7.144398e-15,234
1,[],4,[],2019-02-26 23:14:45,890665.10093772,0.00000075,0.00000000002858505,6797499,2019-02-26 23:14:45,btc,4.4416671776768535,0.0,0.00000075,btc,1073677.26014352,0.16042897,0.285595854871295,236
1,[],24,[],2019-02-26 23:14:45,0.0,0.000000300000,0.00000000001143402,6797500,2019-02-26 23:14:45,btc,0.0,0.0,0.000000300000,btc,0.0,0.0,0.0,236
1,[],20,[],2019-02-26 23:14:47,70662846.7217,0.000000055,0.0000000000020962370000000002,6797501,2019-02-26 23:14:47,btc,9.3132772520809,13078084.092,0.000000055,btc,45748142.4008,0.7274757667726,0.4189665955467,237
0.0000000001173297,[],22,[],2019-02-26 23:14:51,14400.0,1.1732970000000001e-17,4.471833787980001e-22,6797502,2019-02-26 23:14:51,LTC,0.0405823,0.0,0.0000001,LTC,3164.0,0.0,0.00144,237
1,[],4,[],2019-02-26 23:14:52,7619362.84054993,0.00000034,0.000000000012958556000000001,6797503,2019-02-26 23:14:52,btc,6.02706082102464,0.0,0.00000034,btc,9458383.55507081,0.10884567,1.7153868653594562,238
1,[],5,[],2019-02-26 23:14:53,0.0,0,0,6797504,2019-02-26 23:14:53,btc,0.0,0.02180234,0,btc,0.0,0.0,0.0,238
0,[],22,[],2019-02-26 23:05:42,0.0,0,0,6797324,2019-02-26 23:05:42,,0.41356282,0.0,0,,316008.5639027493,0.0,0.0,249
0.0000000001173297,[],22,[],2019-02-26 23:14:57,7121097.666666667,3.5198910000000006e-18,1.3415501363940003e-22,6797505,2019-02-26 23:14:57,LTC,0.52925409,0.0,0.00000003,LTC,19096234.09,0.0,0.21263595,252
1,[],28,[],2019-02-26 23:05:51,4649279.276,0.00000021,0.000000000008002911,6797326,2019-02-26 23:05:51,btc,164706.5177491547,393675.385,0.00000021,btc,1963115.4671,0.0,0.38022038952,256
1,[],22,[],2019-02-26 23:15:01,1066287.3333333333,0.00000003,0.000000000001143402,6797506,2019-02-26 23:15:01,BTC,31.43427016,0.0,0.00000003,BTC,545727.8076914564,0.0004986,0.01084334,258
1,[],22,[],2019-02-26 23:05:58,48751.0,0.00000001,0.000000000000381091,6797328,2019-02-26 23:05:58,BTC,2.4175745,0.0,0.00000001,BTC,1762.0,0.0,0.00048751,259
1,[],5,[],2019-02-26 23:15:02,0.0,0,0,6797507,2019-02-26 23:15:02,btc,0.0,0.06784459,0,btc,0.0,0.0,0.0,264
1,[],20,[],2019-02-26 23:15:04,1220297.4248,0.00000201,0.000000000076607934,6797508,2019-02-26 23:15:04,btc,7.3390825224958,18294.2744,0.00000201,btc,91568.2754,0.0488555041996,0.0170806856285,264
0,[],22,[],2019-02-26 23:06:04,0.0,0,0,6797331,2019-02-26 23:06:04,,8.43388524,0.0,0,,424741.8107878143,0.0,0.0,271
0,[],22,[],2019-02-26 23:06:06,0.0,0,0,6797332,2019-02-26 23:06:06,,255.79451411,0.0,0,,14042138615.9,0.0,0.0,272
0.0000000000000052,[],28,[],2019-02-26 23:06:11,263436350434.807,4.9400000000000004e-21,1.88258954e-25,6797333,2019-02-26 23:06:11,doge,21988980.581080448,124330953171.82,0.00000095,doge,210157049836.25278,0.0,7.740630545597375e-10,272
1,[],22,[],2019-02-26 23:06:16,114648.74,0.00000200,0.0000000000762182,6797334,2019-02-26 23:06:16,BTC,74.32244193,0.0,0.00000200,"BTC,LTC",8380.527743939856,0.0,0.04337297,281
1,[],22,[],2019-02-26 23:06:24,863814.5,0.00000002,0.000000000000762182,6797335,2019-02-26 23:06:24,BTC,1.33236171,0.0,0.00000002,BTC,138490.6655455173,5.99e-06,0.01714417,286
0,[],22,[],2019-02-26 23:06:26,0.0,0,0,6797336,2019-02-26 23:06:26,,43634.52001853,0.0,0,,419066696.0,0.0,0.0,294
