pairValue,buyBook,exchangeId,sellBook,updated,buyTotal,satoshiPrice,usdPrice,exchangeLogId,created,bestPair,sellTotalBtc,volume,pairPrice,activePairs,sellTotal,volumeBtc,buyTotalBtc,coinId
1,[],3,[],2019-04-07 19:35:36,31342.33982396799,0.01337567999999999916738158134421610157005488872528076171875,0.0000006875179774080001,7212412,2019-04-07 19:35:36,btc,60.04587018829527,0.0,0.01337567999999999916738158134421610157005488872528076171875,btc,16.927753645416,0.0,0.5000028200291134,1
1,[],4,[],2019-04-07 19:35:36,207829.46431057,0.01343685,0.0000006906621521100001,7212413,2019-04-07 19:35:36,btc,7.833860409881444,0.0,0.01343685,btc,263.94585294,1.340926,1.9641847349421464,1
1,[],5,[],2019-04-07 19:35:38,0.0,0,0,7212414,2019-04-07 19:35:38,btc,0.0,0.00064319,0,btc,0.0,0.0,0.0,1
1,[],10,[],2019-04-07 19:35:41,422038.5619497,0.01002518,0.0000005153002671080001,7212415,2019-04-07 19:35:41,btc,6521.999978242674,1627.63361847,0.01002518,btc,1160.06070707,0.0,4.378409838064805,1
1,[],12,[],2019-04-07 19:35:44,83.15620288,0.0134599999999999997424282582869636826217174530029296875,0.000000691852076,7212416,2019-04-07 19:35:44,btc,0.1968100641332,0.0,0.0134599999999999997424282582869636826217174530029296875,btc,6.34498753,0.9512211476323,0.4578133346081,1
1,[],20,[],2019-04-07 19:35:46,1188.8358,0.01330002,0.0000006836290080120001,7212417,2019-04-07 19:35:46,btc,0.02715125366,0.6847,0.01330002,btc,1.5915,0.0098377470751,0.1761676274703,1
1,[],21,[],2019-04-07 19:35:47,2423.70775845,0.01348206000000000057137405918,0.0000006929859732360001,7212418,2019-04-07 19:35:47,btc,20.204676259750503,1902.80995709,0.0134820600000000005713740591772875632159411907196044921875,"btc,eth",1885.2528691,24.50993958083658,24.837283445236295,1
1,[],22,[],2019-04-07 19:35:51,0.07690488253968254,0.01260000,0.0000006476475600000001,7212419,2019-04-07 19:35:51,BTC,0.31439419,0.0,0.01260000,BTC,0.12751438772928525,0.0,0.0009684,1
1,[],24,[],2019-04-07 19:35:53,0.0,0.000000000000,0,7212420,2019-04-07 19:35:53,btc,0.0,0.0,0.000000000000,btc,0.0,0.0,0.0,1
0.0,[],25,[],2019-04-07 19:35:53,0.0,0,0,7212421,2019-04-07 19:35:53,btc,44.54999999765155,174.62318016,0.0,btc,3235.16859858,2.3762,0.0,1
1,[],26,[],2019-04-07 19:35:55,0.0,0,0,7212422,2019-04-07 19:35:55,,0.0,0.0,0,,0.0,0.0,0.0,1
1,[],28,[],2019-04-07 19:36:24,988.9,0.01300200,0.0000006683106012000001,7212423,2019-04-07 19:36:24,btc,0.160132948,18452.458,0.01300200,btc,8.7812,0.0,0.037553096,1
0,[],2,[],2019-01-20 23:28:45,0.0,0,0,6477011,2019-01-20 23:28:45,,0.0,0.0,0,,0.0,0.0,0.0,1
1,[],5,[],2019-04-07 19:36:26,0.0,0,0,7212424,2019-04-07 19:36:26,btc,0.0,0.20443196,0,btc,0.0,0.0,0.0,2
0.0000000001351866,[],22,[],2019-04-07 19:36:29,1148.0,1.4870526e-16,7.643539587156e-21,7212425,2019-04-07 19:36:29,XMR,21.02425527,0.0,0.00000110,XMR,24942.398537272726,0.0,0.00087635,2
1,[],5,[],2019-04-07 19:36:31,0.0,0,0,7212426,2019-04-07 19:36:31,btc,0.0,0.06822632,0,btc,0.0,0.0,0.0,3
1,[],12,[],2019-04-07 19:36:32,2478120.02918377,0.00000019,0.000000000009766114000000001,7212427,2019-04-07 19:36:32,btc,23498.966298245647,0.0,0.00000019,btc,2313939.60884451,0.05209645449837896,0.3105331653013163,3
0,[],28,[],2019-04-07 19:36:40,0.0,0,0,7212428,2019-04-07 19:36:40,,0.0,0.0,0,,0.0,0.0,0.0,3
0,[],2,[],2019-01-20 23:31:32,0.0,0,0,6477077,2019-01-20 23:31:32,,0.0,0.0,0,,0.0,0.0,0.0,4
1,[],4,[],2019-03-31 15:22:41,353217.65794564,0.00000029,0.000000000011904674,7122029,2019-03-31 15:22:41,btc,32.078041210795526,0.0,0.00000029,btc,733585.73137669,0.0,0.0341999475799974,4
1,[],12,[],2019-04-07 19:36:43,751951.0,0.00000001,0.0000000000005140060000000001,7212429,2019-04-07 19:36:43,btc,1111896.5687910803,0.0,0.00000001,btc,1471455.00798202,0.00050077,0.00751951,5
0,[],2,[],2019-01-20 23:31:51,0.0,0,0,6477087,2019-01-20 23:31:51,,0.0,0.0,0,,0.0,0.0,0.0,6
1,[],11,[],2019-04-07 19:36:44,5201640.66422,0.00000002,0.0000000000010280120000000001,7212430,2019-04-07 19:36:44,btc,9584.205706300481,88179.6,0.00000002,btc,42912775.62863166,0.0,0.0573142766422,6
1,[],3,[],2019-04-07 19:36:45,878.953066995696,0.0001591499999999999924275850826660416714730672538280487060546875,0.00000000818040549,7212431,2019-04-07 19:36:45,btc,1024.6906877987487,0.0,0.0001591499999999999924275850826660416714730672538280487060546875,btc,235.512754148164,0.0,0.0324222993096275,7
1,[],4,[],2019-04-07 19:36:46,75987.35912488,0.00021436,0.000000011018232616000002,7212432,2019-04-07 19:36:46,btc,11.8752538864555,0.0,0.00021436,btc,41814.21230613,2.7176098,5.425315660382293,7
1,[],5,[],2019-04-07 19:36:47,0.0,0,0,7212433,2019-04-07 19:36:47,btc,0.0,0.26625818,0,btc,0.0,0.0,0.0,7
1,[],20,[],2019-04-07 07:48:27,3201475.0482,0.000000001,0.0000000000000514486,7206564,2019-04-07 07:48:27,btc,30.7985719811902,0.0,0.000000001,btc,22378805.3926,0.0,0.0032014750482,8
0,[],2,[],2019-01-20 23:22:42,0.0,0,0,6476876,2019-01-20 23:22:42,,0.0,0.0,0,,0.0,0.0,0.0,9
0,[],23,[],2019-01-20 23:22:48,0.0,0,0,6476878,2019-01-20 23:22:48,,0.0,0.0,0,,0.0,0.0,0.0,9
1,[],4,[],2019-04-07 19:36:48,1371336.43214667,0.00000119,0.00000000006116671400000001,7212434,2019-04-07 19:36:48,btc,4.099304665856416,0.0,0.00000119,btc,2428100.45849121,2.87004618,0.9831195513444952,9
1,[],28,[],2019-04-07 19:36:56,18305.0,0.0000005,0.0000000000257003,7212435,2019-04-07 19:36:56,btc,2708.780087333777,3573922.0,0.0000005,btc,25153.1818,0.0,0.00198655,9
1,[],1,[],2019-02-17 23:31:42,1822507.21,0.00000181000000000000003456111265232042484285557293333113193511962890625,0.000000000066086901,6701244,2019-02-17 23:31:42,btc,3.6990969245,17153386.5,0.00000181000000000000003456111265232042484285557293333113193511962890625,btc,1997391.71,31.11772986,3.2610482446,9
1,[],4,[],2019-02-17 11:22:43,4341674.27126056,0.00000002,0.0000000000007272960000000001,6696112,2019-02-17 11:22:43,btc,0.1997230937751353,0.0,0.00000002,btc,4109766.79808031,0.00215132,0.0479381022052112,10
0,[],2,[],2019-01-20 23:23:08,0.0,0,0,6476890,2019-01-20 23:23:08,,0.0,0.0,0,,0.0,0.0,0.0,12
1,[],4,[],2019-04-07 19:36:57,3744243.32380863,0.00000129,0.000000000066306774,7212436,2019-04-07 19:36:57,btc,6.945974429259407,0.0,0.00000129,btc,3808911.93554115,0.64669577,2.28775843150145,12
1,[],5,[],2019-04-07 19:37:00,0.0,0,0,7212437,2019-04-07 19:37:00,btc,0.0,0.07002342,0,btc,0.0,0.0,0.0,12
0.0,[],25,[],2019-04-07 19:37:02,0.0,0,0,7212438,2019-04-07 19:37:02,,0.0,0.0,0.0,btc,0.0,0.0,0.0,12
1,[],4,[],2019-04-07 19:37:03,32132753.8236648,0.00000944,0.000000000485221664,7212439,2019-04-07 19:37:03,btc,3.608710318674799,0.0,0.00000944,btc,282208.88061078,1.74636819,2.095821227600645,13
1,[],21,[],2019-04-07 19:37:06,1120071.75399044,0.000009429999999999999499159311633,0.000000000484707658,7212440,2019-04-07 19:37:06,btc,6.731919969158599,2506555.86917996,0.00000942999999999999949915931163335613973686122335493564605712890625,btc,625927.18541904,23.47729339,9.07883162134918,13
1,[],10,[],2019-04-07 18:57:19,547654.24556445,0.00000922,0.000000000472213364,7212273,2019-04-07 18:57:19,btc,666790.1507047275,6925.83601356,0.00000922,btc,611357.44508666,0.0,1.1547839390309669,13
1,[],4,[],2019-04-07 19:37:07,1812686.88059334,0.00000115,0.00000000005911069,7212441,2019-04-07 19:37:07,btc,6.23274762872162,0.0,0.00000115,btc,948843.81688186,0.01550039,0.2308739674175448,14
1,[],12,[],2019-04-07 19:37:08,313138.68315807,0.00000099,0.00000000005088659400000001,7212442,2019-04-07 19:37:08,btc,0.157557305974,0.0,0.00000099,btc,11104.003996,0.000605804195807,0.0404439899999587,14
0,[],17,[],2019-04-07 19:37:10,0.0,0,0,7212443,2019-04-07 19:37:10,btc,0.0,0.0,0,btc,0.0,0.0,0.0,14
1,[],26,[],2019-04-07 19:37:10,0.0,0.00000050,0.0000000000257003,7212444,2019-04-07 19:37:10,btc,0.0,0.0,0.00000050,btc,0.0,0.0,0.0,14
0,[],4,[],2019-04-07 19:37:12,0.0,0,0,7212445,2019-04-07 19:37:12,,0.0,0.0,0,,0.0,0.0,0.0,15
,[],12,[],2018-12-01 15:15:48,204241.84496,0.00000489,0.000000000202473384,5260204,2018-12-01 15:15:48,btc,49.5475654835,0.0,,btc,35763.2193806,0.0163153972027625,0.0203389899998,15
0,[],2,[],2019-01-20 23:23:38,0.0,0,0,6476906,2019-01-20 23:23:38,,0.0,0.0,0,,0.0,0.0,0.0,18
1,[],4,[],2019-04-07 19:37:13,25361.02495143,0.00001554,0.000000000798765324,7212446,2019-04-07 19:37:13,btc,1.008332891225981,0.0,0.00001554,btc,13127.41664695,0.02656532,0.0622295799038464,18
1,[],10,[],2019-04-07 19:37:15,486626.2243638,0.0000159,0.0000000008172695400000001,7212447,2019-04-07 19:37:15,btc,15.392588193224865,3973.04657611,0.0000159,btc,13757.09626539,0.0,0.0663349251206708,18
1,[],12,[],2019-04-07 19:37:17,315907.39517241,0.000015039999999999999997037959664769601886291638948023319244384765625,0.0000000007730650240000001,7212448,2019-04-07 19:37:17,btc,33215.00874745391,0.0,0.000015039999999999999997037959664769601886291638948023319244384765625,btc,825.36299504,0.0145270986066792,0.0367282444164295,18
0,[],17,[],2019-04-07 19:37:19,0.0,0,0,7212449,2019-04-07 19:37:19,btc,0.0,0.0,0,btc,0.0,0.0,0.0,18
0,[],2,[],2019-01-20 23:24:19,0.0,0,0,6476924,2019-01-20 23:24:19,,0.0,0.0,0,,0.0,0.0,0.0,19
1,[],3,[],2019-04-07 19:37:20,124801.6023827541,0.0000300099999999999989702161029558880045442492701113224029541015625,0.0000000015425320060000001,7212450,2019-04-07 19:37:20,btc,0.5326677315485883,3289.53971034,0.0000300099999999999989702161029558880045442492701113224029541015625,btc,7841.843214467007,0.0,0.22147058742409517,19
1,[],4,[],2019-04-07 19:37:22,296512.16848687,0.00003501,0.000000001799535006,7212451,2019-04-07 19:37:22,btc,8.965210369103449,0.0,0.00003501,btc,162653.81823915,0.58346253,4.831866588644983,19
1,[],5,[],2019-04-07 19:37:24,0.0,0,0,7212452,2019-04-07 19:37:24,btc,0.0,0.00116217,0,btc,0.0,0.0,0.0,19
1,[],12,[],2019-04-07 19:37:25,183953.49571033,0.0000357000000000000003962108419131027403636835515499114990234375,0.0000000018350014200000003,7212453,2019-04-07 19:37:25,btc,0.0975884967890325,0.0,0.0000357000000000000003962108419131027403636835515499114990234375,btc,568.07145267,0.0166714972993914,0.0823420751922958,19
0,[],27,[],2019-04-07 19:38:06,0.0,0,0,7212454,2019-04-07 19:38:06,,0.0,0.0,0,,0.0,0.0,0.0,19
1,[],4,[],2019-04-07 19:38:07,1423114.09920322,0.00000011,0.000000000005654066000000001,7212455,2019-04-07 19:38:07,btc,6.075594577343329,0.0,0.00000011,btc,2366581.04881084,0.0,0.0461847363435042,20
1,[],4,[],2019-04-07 19:38:09,88351254.31545188,0.00000001,0.0000000000005140060000000001,7212456,2019-04-07 19:38:09,btc,38.58246802283107,0.0,0.00000001,btc,64206044.05856905,0.00421778,0.8835125431545188,21
1,[],12,[],2019-04-07 19:38:10,10220998.0,0.00000001,0.0000000000005140060000000001,7212457,2019-04-07 19:38:10,btc,2904.541230868961,0.0,0.00000001,btc,4979046.70529471,0.00186683001998,0.10220998,21
0,[],17,[],2019-04-07 19:38:12,0.0,0,0,7212458,2019-04-07 19:38:12,btc,0.0,0.0,0,btc,0.0,0.0,0.0,21
1,[],12,[],2019-04-07 19:38:13,3559779368.0,0.0000000002,0.000000000000010280120000000002,7212459,2019-04-07 19:38:13,btc,317475322045.6844,0.0,0.0000000002,btc,2134415798.8521485,0.028832469539860107,0.44394102090000004,23
0,[],27,[],2019-04-07 19:38:13,0.0,0,0,7212460,2019-04-07 19:38:13,,0.0,0.0,0,,0.0,0.0,0.0,23
1,[],4,[],2019-04-07 19:38:14,519998.8430731,0.00000048,0.000000000024672288000000003,7212461,2019-04-07 19:38:14,btc,14.263819607830108,0.0,0.00000048,btc,2092960.91551977,0.03702674,0.1572343415785076,24
1,[],22,[],2019-04-07 19:38:17,11.76,0.00000100,0.0000000000514006,7212462,2019-04-07 19:38:17,BTC,7.415e-05,0.0,0.00000100,BTC,23.919354838709676,0.0,1.176e-05,24
0.0,[],25,[],2019-04-07 19:38:19,0.0,0,0,7212463,2019-04-07 19:38:19,,0.0,0.0,0.0,btc,0.0,0.0,0.0,24
1,[],4,[],2019-04-07 19:38:20,26744527.17436257,0.00000809,0.00000000041583085400000004,7212464,2019-04-07 19:38:20,btc,170.78270678935928,0.0,0.00000809,btc,265966.90873372,0.26127699,0.8562542931458754,26
0,[],2,[],2019-01-20 23:25:56,0.0,0,0,6476976,2019-01-20 23:25:56,,0.0,0.0,0,,0.0,0.0,0.0,26
1,[],10,[],2019-04-07 19:38:22,95144.63395111,0.00000686,0.00000000035260811600000006,7212465,2019-04-07 19:38:22,btc,25.566703117340374,4302.92068053,0.00000686,btc,21474.97984198,0.0,0.1200586343567499,26
1,[],3,[],2019-04-07 19:38:23,4844972.57664697,0.00000001,0.0000000000005140060000000001,7212466,2019-04-07 19:38:23,btc,1.850688950588636,486348.557295,0.00000001,btc,14159192.67841403,0.0,0.0484497257664697,27
1,[],5,[],2019-04-07 19:38:24,0.0,0,0,7212467,2019-04-07 19:38:24,btc,0.0,0.01099274,0,btc,0.0,0.0,0.0,27
1,[],11,[],2019-04-07 19:38:25,7108765.91256781,0.00000006,0.000000000003084036,7212468,2019-04-07 19:38:25,btc,67502.97299864117,1198400.0,0.00000006,btc,6586383.7503637,0.0,0.38614616491802245,27
1,[],4,[],2019-04-07 19:38:26,1800093732.6143477,0.00000003,0.0000000000015420180000000002,7212469,2019-04-07 19:38:26,btc,4.718114846422,0.0,0.00000003,"btc,ltc",389551036.50924194,0.22274127,17.94254290424133,29
1,[],7,[],2019-04-07 19:38:30,41908460.05589363,0.00000003,0.000000000001542018,7212470,2019-04-07 19:38:30,btc,44883945.925787814,12964.6351648,0.00000003,btc,29625402.50266653,0.00062824,0.5586484850032071,29
1,[],4,[],2019-04-07 19:38:31,2396486.3084543,0.00000017,0.000000000008738102000000002,7212471,2019-04-07 19:38:31,btc,3.1883337292963243,0.0,0.00000017,btc,2631363.38466656,0.00756464,0.0938516599081415,30
0,[],17,[],2019-04-07 19:38:33,0.0,0,0,7212472,2019-04-07 19:38:33,btc,0.0,0.0,0,btc,0.0,0.0,0.0,30
1,[],4,[],2019-04-07 19:38:34,163034.74104569,0.00009447,0.000000004855814682000001,7212473,2019-04-07 19:38:34,btc,9.553724048215198,0.0,0.00009447,btc,54374.09187592,4.65923653,2.4305446421431927,31
1,[],21,[],2019-04-07 19:38:34,59016.97436776,0.00009896000000000000119699389289,0.000000005086603376,7212474,2019-04-07 19:38:34,btc,6.457627593474913,2512709.91633833,0.000098960000000000001196993892893516431286116130650043487548828125,btc,59846.48863236,273.7894558,5.595411622249132,31
0,[],2,[],2019-01-20 23:28:43,0.0,0,0,6477009,2019-01-20 23:28:43,,0.0,0.0,0,,0.0,0.0,0.0,32
1,[],12,[],2019-03-30 07:55:10,40641173.964,0.00000003,0.000000000001228359,7108785,2019-03-30 07:55:10,btc,4233210.82356125,0.0,0.00000003,btc,28378394.68333462,0.0126927883965248,0.90752895892,33
0,[],4,[],2019-04-07 19:38:36,0.0,0,0,7212475,2019-04-07 19:38:36,,0.0,0.0,0,,0.0,0.0,0.0,33
1,[],4,[],2019-04-07 19:38:38,1540962.00872552,0.00000001,0.0000000000005140060000000001,7212476,2019-04-07 19:38:38,btc,4.265937688057457,0.0,0.00000001,btc,157250077.00079027,0.00322525,0.0154096200872552,34
1,[],5,[],2019-04-07 19:38:40,0.0,0,0,7212477,2019-04-07 19:38:40,btc,0.0,1.1e-06,0,btc,0.0,0.0,0.0,34
0.0000000001795889,[],4,[],2019-04-07 19:38:41,2703424567.9347806,1.795889e-18,9.230977213340001e-23,7212478,2019-04-07 19:38:41,ltc,6.024207958304774e-08,0.0,0.00000001,ltc,6530776415.079887,0.0,4.8550504438838256e-09,36
1,[],5,[],2019-04-07 19:38:42,0.0,0,0,7212479,2019-04-07 19:38:42,btc,0.0,0.0,0,btc,0.0,0.0,0.0,36
0,[],17,[],2019-04-07 19:38:43,0.0,0,0,7212480,2019-04-07 19:38:43,btc,0.11068695860083937,0.0,0,btc,7709499.277436471,0.0,0.0,36
0,[],27,[],2019-04-07 19:39:09,0.0,0,0,7212481,2019-04-07 19:39:09,,0.0,0.0,0,,0.0,0.0,0.0,36
1,[],4,[],2019-04-07 19:39:09,943661.52797438,0.00000040,0.00000000002056024,7212482,2019-04-07 19:39:09,btc,19775.110630279767,0.0,0.00000040,btc,819957.22427555,0.02518518,0.1001252052246703,37
1,[],12,[],2019-04-07 19:39:10,643008.7950411,0.0000004,0.00000000002056024,7212483,2019-04-07 19:39:10,btc,18.667921488103808,0.0,0.0000004,btc,482420.21717953,0.0265135248510125,0.184977940378361,37
1,[],17,[],2019-04-07 19:39:12,1752.74075282,0.00000025,0.00000000001285015,7212484,2019-04-07 19:39:12,btc,0.05548492397644868,0.0,0.00000025,btc,1387.19918473,0.0,0.00043818518820499993,37
0,[],27,[],2019-04-07 19:39:12,0.0,0,0,7212485,2019-04-07 19:39:12,,0.0,0.0,0,,0.0,0.0,0.0,37
1,[],5,[],2019-04-07 19:39:13,0.0,0,0,7212486,2019-04-07 19:39:13,btc,0.0,4.972e-05,0,btc,0.0,0.0,0.0,42
1,[],12,[],2019-04-07 19:39:15,208006.96626459,0.00000081,0.000000000041634486,7212487,2019-04-07 19:39:15,btc,10.205345866482352,0.0,0.00000081,btc,42774.83149988,0.0047356187812188,0.0168191870813411,42
0,[],27,[],2019-04-07 19:39:15,0.0,0,0,7212488,2019-04-07 19:39:15,,0.0,0.0,0,,0.0,0.0,0.0,42
1,[],5,[],2019-04-03 07:21:02,0.0,0,0,7159930,2019-04-03 07:21:02,btc,0.0,0.00286478,0,btc,0.0,0.0,0.0,43
0,[],17,[],2019-04-03 07:21:05,0.0,0,0,7159931,2019-04-03 07:21:05,btc,0.0,0.0,0,btc,0.0,0.0,0.0,43
1,[],12,[],2019-03-13 09:13:29,1112112.0,0.00000001,0.000000000000386531,6919902,2019-03-13 09:13:29,btc,29058.00478931866,0.0,0.00000001,btc,5967681.93306694,9.99000999e-07,0.01112112,43
1,[],12,[],2019-03-05 01:54:08,639326.02,0.00000004,0.000000000001486676,6845775,2019-03-05 01:54:08,btc,11116042.728239931,0.0,0.00000004,btc,1103841.4595604,0.0003330765234764,0.014975410599999999,44
1,[],4,[],2019-04-07 19:39:16,124761683.60261665,0.00000001,0.0000000000005140060000000001,7212489,2019-04-07 19:39:16,btc,481.36669261135245,0.0,0.00000001,"btc,ltc",18448052.84631327,0.00391832,0.19167637518068137,49
0.0000000001795889,[],4,[],2019-04-07 19:39:18,1339618994.138,1.795889e-18,9.230977213340001e-23,7212490,2019-04-07 19:39:18,ltc,24.562088455906775,0.0,0.00000001,ltc,6906399381.85841,0.0,2.405807015763499e-09,52
0.0000000001351866,[],22,[],2019-04-07 19:39:21,3.0,9.463062e-18,4.864070646372001e-22,7212491,2019-04-07 19:39:21,XMR,10308.14342123,0.0,0.00000007,XMR,314385094.4566013,3.50133294e-15,2.1e-07,57
0,[],27,[],2019-04-07 19:40:26,0.0,0,0,7212492,2019-04-07 19:40:26,,0.0,0.0,0,,0.0,0.0,0.0,57
0.0000000001795889,[],4,[],2019-04-07 19:40:27,1195855164.3009994,1.795889e-18,9.230977213340001e-23,7212493,2019-04-07 19:40:27,ltc,18.62766953614679,0.0,0.00000001,ltc,4731657085.6443205,0.0,2.1476231351613578e-09,58
1,[],12,[],2019-04-07 19:40:28,777944038.0,0.0000000002,0.000000000000010280120000000002,7212494,2019-04-07 19:40:28,btc,8621351.848851198,0.0,0.0000000002,btc,1900497466.5482876,0.009336792054345656,0.13801573420000002,58
0,[],17,[],2019-04-07 19:40:30,0.0,0,0,7212495,2019-04-07 19:40:30,btc,1e+24,0.0,0,btc,49306342.21952568,0.0,0.0,58
0.0000000001351866,[],22,[],2019-04-07 19:40:33,137438.0,1.351866e-18,6.948672351960001e-23,7212496,2019-04-07 19:40:33,XMR,69.1795942,0.0,0.00000001,XMR,9887963.0,0.0,0.00137438,58
1,[],5,[],2019-04-07 19:40:35,0.0,0,0,7212497,2019-04-07 19:40:35,btc,0.0,0.05001882,0,btc,0.0,0.0,0.0,61
1,[],22,[],2019-04-07 19:40:38,115587.83333333333,0.0000003,0.00000000001542018,7212498,2019-04-07 19:40:38,BTC,1002.29602762,0.0,0.0000003,BTC,15234.52361146909,0.0,0.01563531,61
1,[],26,[],2019-04-07 19:40:38,0.0,0.00000800,0.0000000004112048,7212499,2019-04-07 19:40:38,btc,0.0,0.0,0.00000800,btc,0.0,0.0,0.0,61
0,[],27,[],2019-04-07 19:40:45,0.0,0,0,7212500,2019-04-07 19:40:45,,0.0,0.0,0,,0.0,0.0,0.0,61
1,[],28,[],2019-04-07 19:40:54,1639.304,0.0000002,0.00000000001028012,7212501,2019-04-07 19:40:54,btc,2.071450024942105,831.0,0.0000002,btc,26758.35620005,0.0,0.00011139304,61
1,[],4,[],2019-04-07 19:40:55,1614271.71629832,0.00000191,0.000000000098175146,7212502,2019-04-07 19:40:55,btc,9.533339039872056,0.0,0.00000191,btc,911111.62923567,0.11376113,1.2477339721803533,67
0.0,[],25,[],2019-04-07 19:40:57,0.0,0,0,7212503,2019-04-07 19:40:57,,0.0,0.0,0.0,btc,0.0,0.0,0.0,67
1,[],12,[],2019-04-07 19:40:59,1136993.52380949,0.00000025,0.00000000001285015,7212504,2019-04-07 19:40:59,btc,56667922.009881645,0.0,0.00000025,btc,1226296.44620226,0.0062721800899091,0.0747720599999925,71
,[],5,[],2018-11-20 23:02:39,1.5e-07,0.00000005,0.000000000002128045,4862160,2018-11-20 23:02:39,btc,2.84511358,0.0,,btc,0.00036572,0.0,0.07381892,74
1,[],5,[],2019-04-07 19:41:01,0.0,0,0,7212505,2019-04-07 19:41:01,btc,0.0,0.04003861,0,btc,0.0,0.0,0.0,75
0,[],20,[],2019-01-25 09:30:31,0.0,0,0,6495923,2019-01-25 09:30:31,btc,0.0,0.0,0,btc,0.0,0.0,0.0,81
1,[],4,[],2019-04-07 19:41:02,3278481.00028221,0.00000001,0.0000000000005140060000000001,7212506,2019-04-07 19:41:02,btc,135894.21486862944,0.0,0.00000001,btc,35704212.31498174,0.0,0.0327848100028221,81
1,[],4,[],2019-04-07 19:41:03,18720.25776514,0.00007937,0.000000004079665622,7212507,2019-04-07 19:41:03,btc,17.710134362182792,0.0,0.00007937,btc,12453.30370846,0.12446988,0.2726797767058285,82
1,[],21,[],2019-04-07 19:41:04,754923.35554645,0.00007514000000000000225371804552,0.000000003862241084,7212508,2019-04-07 19:41:04,btc,3.8054836288639837,20264.45217617,0.000075140000000000002253718045519548240918084047734737396240234375,btc,44999.95393773,1.52583823,2.853697108421766,82
0,[],17,[],2019-03-25 22:42:34,0.0,0,0,7038780,2019-03-25 22:42:34,btc,0.0445064681804024,0.0,0,btc,995513.18476001,0.0,0.0,84
0.0000000001795889,[],4,[],2019-04-07 19:41:05,248128933.6102013,1.795889e-18,9.230977213340001e-23,7212509,2019-04-07 19:41:05,ltc,1.6928290653556568,0.0,0.00000001,ltc,449689677.9232909,0.0,4.4561202245229085e-10,85
,[],22,[],2018-11-20 23:09:34,3408.1,0.0000001,0.0000000000041895,4862324,2018-11-20 23:09:34,BTC,0.04624735,0.0,,BTC,4990.0,0.0,0.00033081,86
1,[],22,[],2019-04-07 19:41:08,107643.2,0.00000005,0.00000000000257003,7212510,2019-04-07 19:41:08,BTC,3.66195928,0.0,0.00000005,BTC,224414.04041017056,0.0,0.00154216,87
0,[],27,[],2019-04-07 19:41:28,0.0,0,0,7212511,2019-04-07 19:41:28,,0.0,0.0,0,,0.0,0.0,0.0,87
,[],2,[],2018-11-20 23:10:47,0.0,0,0,4862359,2018-11-20 23:10:47,,0.0,0.0,,,0.0,0.0,0.0,88
1,[],11,[],2019-04-07 19:41:30,89185.7430984,0.000140060000000000010877965195277283783070743083953857421875,0.0000000071991680360000015,7212512,2019-04-07 19:41:30,btc,529.7881104889811,1387.75081344,0.000140060000000000010877965195277283783070743083953857421875,btc,102003.91013473,0.0,5.748227127860167,89
0,[],2,[],2019-01-20 23:31:45,0.0,0,0,6477083,2019-01-20 23:31:45,,0.0,0.0,0,,0.0,0.0,0.0,91
1,[],12,[],2019-04-07 19:41:31,321858.42384076,0.00000075,0.000000000038550450000000006,7212513,2019-04-07 19:41:31,btc,83.11694459649055,0.0,0.00000075,btc,101135.12012314,0.0008027497214584,0.042957740826309,91
0,[],17,[],2019-04-07 19:41:32,0.0,0,0,7212514,2019-04-07 19:41:32,btc,0.0,0.0,0,btc,0.0,0.0,0.0,91
1,[],22,[],2019-04-07 19:41:47,65900.0,0.00000001,0.0000000000005140060000000001,7212515,2019-04-07 19:41:47,BTC,3e-06,0.0,0.00000001,BTC,1.0,0.0,0.000659,91
0,[],22,[],2019-03-21 12:10:46,0.0,0,0,6996572,2019-03-21 12:10:46,,4.56897116,0.0,0,,46768900.1,0.0,0.0,95
0.0000000001795889,[],4,[],2019-04-07 19:41:48,537124497.7192008,2.5142446000000002e-17,1.2923368098676003e-21,7212516,2019-04-07 19:41:48,ltc,11.963949687348643,0.0,0.00000014,ltc,142312769.4881207,0.0,1.2224322989876744e-09,96
0,[],12,[],2019-04-07 19:41:49,0.0,0,0,7212517,2019-04-07 19:41:49,btc,50.5310000001998,0.0,0,btc,5051061.01997998,0.0001028271728272,0.0,96
0,[],17,[],2019-04-07 19:41:51,0.0,0,0,7212518,2019-04-07 19:41:51,btc,0.0,0.0,0,btc,0.0,0.0,0.0,96
1,[],4,[],2019-04-03 20:04:38,1523570.8786377,0.00000040,0.00000000002042612,7166515,2019-04-03 20:04:38,btc,4.6810255304234305,0.0,0.00000040,btc,3209413.55187158,0.19593752,0.1820333463725714,99
0,[],2,[],2019-01-20 23:23:55,0.0,0,0,6476914,2019-01-20 23:23:55,,0.0,0.0,0,,0.0,0.0,0.0,100
1,[],4,[],2019-04-07 19:41:52,345706.27441435,0.00004499,0.0000000023125129940000004,7212519,2019-04-07 19:41:52,btc,10.905583386909601,0.0,0.00004499,btc,159519.52540068,0.51004606,3.6733048552001124,100
1,[],22,[],2019-04-07 19:41:56,120000.0,0.00000002,0.0000000000010280120000000001,7212520,2019-04-07 19:41:56,BTC,24.82891609,0.0,0.00000002,BTC,11877.22,0.0,0.0014,101
1,[],4,[],2019-04-07 19:41:58,393294.05262749,0.00000087,0.000000000044718522,7212521,2019-04-07 19:41:58,btc,286.41164215688235,0.0,0.00000087,btc,666168.06234454,0.00094051,0.2164333613126123,103
1,[],12,[],2019-04-07 19:42:00,37194419.0,0.000000007,0.00000000000035980420000000004,7212522,2019-04-07 19:42:00,btc,468419818.57325006,0.0,0.000000007,btc,92183115.67336929,0.00665862299650424,0.06842113600000001,105
0,[],27,[],2019-04-07 19:42:08,0.0,0,0,7212523,2019-04-07 19:42:08,,0.0,0.0,0,,0.0,0.0,0.0,105
1,[],22,[],2019-04-01 17:44:48,9328.0,0.00000001,0.00000000000041453500000000006,7138290,2019-04-01 17:44:48,BTC,51.38182867,0.0,0.00000001,BTC,470435.0,0.00050637,9.328e-05,107
1,[],26,[],2019-04-01 17:44:48,0.0,0.00000000,0,7138291,2019-04-01 17:44:48,btc,0.0,0.0,0.00000000,btc,0.0,0.0,0.0,107
1,[],5,[],2019-04-07 19:42:10,0.0,0,0,7212524,2019-04-07 19:42:10,btc,0.0,0.00350023,0,btc,0.0,0.0,0.0,112
0,[],22,[],2019-04-07 19:42:13,0.0,0,0,7212525,2019-04-07 19:42:13,,2.7872961,0.0,0,,1029384.0833333334,0.0,0.0,112
0,[],27,[],2019-04-07 19:42:13,0.0,0,0,7212526,2019-04-07 19:42:13,,0.0,0.0,0,,0.0,0.0,0.0,112
1,[],4,[],2019-04-07 19:42:14,221951.76478469,0.00000170,0.00000000008738102000000001,7212527,2019-04-07 19:42:14,btc,3.814512638947798,0.0,0.00000170,btc,477817.98586469,0.03029855,0.2162935016563583,113
1,[],5,[],2019-04-07 19:42:16,0.0,0,0,7212528,2019-04-07 19:42:16,btc,0.0,1.787e-05,0,btc,0.0,0.0,0.0,113
1,[],17,[],2019-04-07 19:42:18,152738.278,0.00000004,0.0000000000020560240000000002,7212529,2019-04-07 19:42:18,btc,1.3368030274450335,0.0,0.00000004,btc,51896.221,0.0,0.0022095311199999998,116
0,[],27,[],2019-04-07 19:42:18,0.0,0,0,7212530,2019-04-07 19:42:18,,0.0,0.0,0,,0.0,0.0,0.0,116
1,[],4,[],2019-04-07 19:42:19,63221320.23490974,0.00001227,0.000000000630685362,7212531,2019-04-07 19:42:19,btc,117.91017419411536,0.0,0.00001227,btc,227327.76356226,0.07872081,7.132711637658898,120
1,[],7,[],2019-04-07 19:43:07,9460.36281002,0.000011820000000000000333331452717633425208987318910658359527587890625,0.0000000006075550920000001,7212532,2019-04-07 19:43:07,btc,231199.39293904617,44.7450501,0.000011820000000000000333331452717633425208987318910658359527587890625,btc,10813.66556849,0.00070189,0.0164766011003531,120
1,[],20,[],2019-04-07 18:42:29,1914137.0852,0.000000035,0.0000000000017871910000000002,7211992,2019-04-07 18:42:29,btc,32.2497668025648,25528.85,0.000000035,btc,1001975.4986,0.00089350975,0.0152723574729,125
0,[],22,[],2019-04-07 19:43:10,0.0,0,0,7212533,2019-04-07 19:43:10,,0.01444887,0.0,0,,296263.5111111111,0.0,0.0,126
0,[],2,[],2019-01-20 23:25:46,0.0,0,0,6476969,2019-01-20 23:25:46,,0.0,0.0,0,,0.0,0.0,0.0,131
1,[],4,[],2019-04-07 19:43:11,3241124.13931953,0.00001075,0.00000000055255645,7212534,2019-04-07 19:43:11,btc,4.529454127178211,0.0,0.00001075,btc,181545.43003806,0.18338313,0.5652604320479891,131
0,[],17,[],2019-04-07 19:43:13,0.0,0,0,7212535,2019-04-07 19:43:13,btc,0.0953976503951408,0.0,0,btc,5037.62507334,0.0,0.0,131
1,[],4,[],2019-04-07 19:43:14,4728.40448215,0.00011021,0.0000000056648601260000004,7212536,2019-04-07 19:43:14,btc,9.983668823184264,0.0,0.00011021,btc,242.95868326,0.0,0.010363735169202,135
1,[],3,[],2019-03-07 00:20:44,877702.73244099,0.00000004,0.00000000000154846,6863392,2019-03-07 00:20:44,btc,0.119366241821405,0.0,0.00000004,btc,760637.99421222,0.0,0.023771231960604298,136
1,[],4,[],2019-04-07 19:43:15,2378990.69475774,0.00000103,0.000000000052942618000000006,7212537,2019-04-07 19:43:15,btc,50.320029516330315,0.0,0.00000103,btc,594981.57101553,0.06497427,0.146459834869355,137
1,[],12,[],2019-04-07 19:43:16,158245.26415092,0.000001039999999999999995289683661636725986454621306620538234710693359375,0.000000000053456624000000005,7212538,2019-04-07 19:43:16,btc,10234.705904653953,0.0,0.000001039999999999999995289683661636725986454621306620538234710693359375,btc,10529.14273091,0.0,0.0132488099999876,137
0.0,[],25,[],2019-04-07 19:43:27,0.0,0,0,7212544,2019-04-07 19:43:27,,0.0,0.0,0.0,btc,0.0,0.0,0.0,142
1,[],28,[],2019-04-07 19:43:36,77757.207,0.00004735,0.0000000024338184100000003,7212545,2019-04-07 19:43:36,btc,0.0477314554747,1989.0,0.00004735,btc,312.37303,0.0,0.01634985145,142
1,[],4,[],2019-04-07 19:43:17,40660.53347913,0.00002531,0.000000001300949186,7212539,2019-04-07 19:43:17,btc,4.614260740646019,0.0,0.00002531,btc,71216.64794332,0.94638007,0.2277403136131089,142
1,[],5,[],2019-04-07 19:43:19,0.0,0,0,7212540,2019-04-07 19:43:19,btc,0.0,0.13269816,0,btc,0.0,0.0,0.0,142
1,[],17,[],2019-04-07 19:43:21,22967.386363640002,0.00000088,0.00000000004523252800000001,7212541,2019-04-07 19:43:21,btc,20.069762067408,0.0,0.00000088,btc,2746.079105,0.0,0.0104613000000032,142
1,[],20,[],2019-04-07 19:43:23,60386.3009,0.00002855,0.0000000014674871300000001,7212542,2019-04-07 19:43:23,btc,1.3841158758415,0.0499,0.00002855,btc,3331.5358,1.424645e-06,0.0450291693496,142
1,[],22,[],2019-04-07 19:43:26,1621.0,0.00001020,0.00000000052428612,7212543,2019-04-07 19:43:26,BTC,3.27948712,0.0,0.00001020,BTC,1169.5278181818182,0.0,0.0007584,142
0,[],22,[],2019-04-07 19:43:39,0.0,0,0,7212546,2019-04-07 19:43:39,,62.98070713,0.0,0,,767832216.8,0.0,0.0,143
0,[],22,[],2019-02-25 15:42:22,0.0,0,0,6783783,2019-02-25 15:42:22,,4.2131946,0.0,0,,2322156.0,0.0,0.0,146
,[],22,[],2018-11-20 23:01:11,0.0,0,0,4862114,2018-11-20 23:01:11,,2.56807021,0.0,,,61828.4988236,0.0,0.0,147
1,[],12,[],2019-04-07 19:43:40,258244.84638715,0.0000020399999999999999500377954875229846720685600303113460540771484375,0.00000000010485722400000001,7212547,2019-04-07 19:43:40,btc,9.695706204969989,0.0,0.0000020399999999999999500377954875229846720685600303113460540771484375,btc,106378.07595907,0.0,0.010905759999954301,148
1,[],4,[],2019-03-19 21:31:25,255810.0415942,0.00000029,0.000000000011615747,6982695,2019-03-19 21:31:25,btc,218.94922712414143,0.0,0.00000029,btc,793529.37642722,0.00117,0.0608347789473395,152
0,[],22,[],2019-03-19 21:31:27,0.0,0,0,6982696,2019-03-19 21:31:27,,0.0,0.0,0,,0.0,0.0,0.0,152
1,[],5,[],2019-04-07 19:43:41,0.0,0,0,7212548,2019-04-07 19:43:41,btc,0.0,0.0,0,btc,0.0,0.0,0.0,153
,[],16,[],2019-01-11 15:38:59,0.0,0,0,6366141,2019-01-11 15:38:59,btc,0.0,0.0,,btc,0.0,0.0,0.0,155
0,[],22,[],2019-04-07 19:43:44,0.0,0,0,7212549,2019-04-07 19:43:44,,6.80640151,0.0,0,,4675792.242592593,0.0,0.0,156
0,[],23,[],2019-01-20 23:24:29,0.0,0,0,6476932,2019-01-20 23:24:29,,0.0,0.0,0,,0.0,0.0,0.0,156
1,[],22,[],2019-04-07 19:43:47,7066.0,0.00000800,0.0000000004112048,7212550,2019-04-07 19:43:47,BTC,1.79802465,0.0,0.00000800,BTC,802.6461988741639,0.0,0.00062996,157
0,[],22,[],2019-04-07 19:43:49,0.0,0,0,7212551,2019-04-07 19:43:49,,50234.63122879,0.0,0,,55030636.03179465,0.0,0.0,158
,[],17,[],2018-11-20 22:56:10,0.0,0,0,4861976,2018-11-20 22:56:10,btc,1.1265625,0.0,,btc,1000.0,0.0,0.0,159
,[],20,[],2018-11-20 22:56:12,0.0,0,0,4861977,2018-11-20 22:56:12,btc,11912.7940471,0.0,,btc,34413894.3617,0.0,0.0,159
1,[],12,[],2019-04-07 19:43:51,245828.24755606,0.0000061299999999999997543696610147190284578755381517112255096435546875,0.000000000315085678,7212552,2019-04-07 19:43:51,btc,17.95174017651545,0.0,0.0000061299999999999997543696610147190284578755381517112255096435546875,btc,10232.346678150001,0.00172810388992,0.1111194791999796,168
1,[],17,[],2019-04-07 19:43:53,22852.0,0.00000001,0.0000000000005140060000000001,7212553,2019-04-07 19:43:53,btc,0.04106974251542,0.0,0.00000001,btc,256.46171372,0.0,0.00022852000000000001,168
1,[],22,[],2019-04-07 03:35:46,993744.0,0.00000001,0.000000000000511532,7204372,2019-04-07 03:35:46,BTC,45.65738194,0.0,0.00000001,BTC,529106.1947107811,0.0,0.00993744,169
1,[],22,[],2019-04-07 19:43:56,640018.6666666666,0.00000005,0.00000000000257003,7212554,2019-04-07 19:43:56,BTC,11.28981843,0.0,0.00000005,BTC,121955.29625227844,0.0,0.01551998,171
1,[],22,[],2019-04-01 09:30:11,464224.0,0.00000029,0.000000000011989963000000002,7131874,2019-04-01 09:30:11,BTC,2.300003,0.0,0.00000029,"BTC,LTC",295879.07579844765,0.00203181,0.12689866,173
1,[],5,[],2019-04-07 19:43:57,0.0,0,0,7212555,2019-04-07 19:43:57,btc,0.0,0.00348508,0,btc,0.0,0.0,0.0,175
1,[],22,[],2019-04-07 19:44:01,634768.6666666666,0.00000003,0.0000000000015420180000000002,7212556,2019-04-07 19:44:01,BTC,0.52441472,0.0,0.00000003,BTC,129184.40469601455,0.0,0.00704306,176
1,[],7,[],2019-04-07 19:44:03,0.0,0,0,7212557,2019-04-07 19:44:03,btc,409259.93594906956,20000.0,0,btc,47437347.23671812,0.0002,0.0,178
0,[],22,[],2019-04-07 19:44:06,0.0,0,0,7212558,2019-04-07 19:44:06,,1.00242438,0.0,0,,57522.0,0.0,0.0,178
0,[],2,[],2019-01-20 23:28:34,0.0,0,0,6477001,2019-01-20 23:28:34,,0.0,0.0,0,,0.0,0.0,0.0,178
1,[],5,[],2019-04-07 19:44:07,0.0,0,0,7212559,2019-04-07 19:44:07,btc,0.0,0.15574749,0,btc,0.0,0.0,0.0,179
1,[],22,[],2019-04-07 19:44:10,833807.0,0.00000001,0.0000000000005140060000000001,7212560,2019-04-07 19:44:10,BTC,5.52123924,0.0,0.00000001,BTC,17683112.192249708,0.00032751,0.00833807,179
0,[],23,[],2019-01-20 23:25:08,0.0,0,0,6476952,2019-01-20 23:25:08,,0.0,0.0,0,,0.0,0.0,0.0,179
1,[],17,[],2019-04-07 19:44:12,10504.725,0.0000001,0.00000000000514006,7212561,2019-04-07 19:44:12,btc,5.201069583842794,0.0,0.0000001,btc,5033.45945,0.0,0.0010504725,180
1,[],22,[],2019-04-07 19:44:15,675720.2973262032,0.00000085,0.000000000043690510000000003,7212562,2019-04-07 19:44:15,BTC,38.04385313,0.0,0.00000085,"BTC,LTC",138871.8594236411,9.7e-05,0.56292729,180
1,[],26,[],2019-04-07 19:44:16,0.0,0.00000125,0.00000000006425075,7212563,2019-04-07 19:44:16,btc,0.0,155.17,0.00000125,btc,0.0,0.0,0.0,180
,[],7,[],2018-11-20 22:58:01,562227.975654,0.00000085,0.000000000036176765,4862015,2018-11-20 22:58:01,btc,21836.6059674,2491.87645172,,btc,749999.041456,0.00211021,0.127565380455,183
1,[],24,[],2019-04-07 19:44:16,0.0,0.000000000014,7.196084000000001e-16,7212564,2019-04-07 19:44:16,btc,0.0,0.0,0.000000000014,btc,0.0,0.0,0.0,187
,[],5,[],2019-01-10 08:11:41,0.0,0,0,6347036,2019-01-10 08:11:41,btc,82.15055501,0.00261,,btc,1.19002445,0.0,0.0,187
,[],17,[],2018-11-16 20:58:10,4062536.27273,0.00000001,0.000000000000550501,4708775,2018-11-16 20:58:10,btc,3.36492563466,0.195460381006,,"btc,eth",110697919.549,0.0,0.0157628953496,187
1,[],22,[],2019-03-26 06:20:29,12315.0,0.00000001,0.00000000000039339800000000003,7044441,2019-03-26 06:20:29,BTC,7.56699454,0.0,0.00000001,BTC,79361.7243344055,0.0,0.00012315,191
0,[],22,[],2019-04-07 19:44:21,0.0,0,0,7212565,2019-04-07 19:44:21,,0.0,0.0,0,,0.0,0.0,0.0,197
0.0000000001795889,[],22,[],2019-04-07 19:44:24,97000000.0,1.795889e-18,9.230977213340001e-23,7212566,2019-04-07 19:44:24,LTC,5.45812985,0.0,0.00000001,LTC,26942169.15,7.183556000000001e-12,0.97,199
1,[],26,[],2019-04-07 19:44:24,0.0,0.00000000,0,7212567,2019-04-07 19:44:24,btc,0.0,146522.0,0.00000000,btc,0.0,0.0,0.0,199
0,[],23,[],2019-01-20 23:31:41,0.0,0,0,6477079,2019-01-20 23:31:41,,0.0,0.0,0,,0.0,0.0,0.0,199
0,[],2,[],2019-01-20 23:30:49,0.0,0,0,6477059,2019-01-20 23:30:49,,0.0,0.0,0,,0.0,0.0,0.0,201
1,[],4,[],2019-01-25 15:51:35,2084389.58565343,0.00000936,0.000000000333526752,6499557,2019-01-25 15:51:35,btc,2.0092503037378524,0.0,0.00000936,btc,160195.80207885,0.19272417,1.242687955921835,211
1,[],7,[],2019-04-07 19:44:29,2973625.04218589,0.00000110999999999999996035831596741250137938550324179232120513916015625,0.000000000057054666000000005,7212568,2019-04-07 19:44:29,btc,15586195.018864682,198670.256381,0.00000110999999999999996035831596741250137938550324179232120513916015625,btc,12999320.02387375,0.0,2.3557694935946767,212
1,[],5,[],2019-04-07 19:44:30,0.0,0,0,7212569,2019-04-07 19:44:30,btc,0.0,0.26533829,0,btc,0.0,0.0,0.0,213
1,[],24,[],2019-04-07 19:44:31,0.0,0.000000220000,0.000000000011308132000000002,7212570,2019-04-07 19:44:31,btc,0.0,0.0,0.000000220000,btc,0.0,0.0,0.0,213
1,[],26,[],2019-04-07 19:44:31,0.0,0.00000040,0.00000000002056024,7212571,2019-04-07 19:44:31,btc,0.0,0.0,0.00000040,btc,0.0,0.0,0.0,213
1,[],12,[],2019-01-25 02:44:32,207462.42853209,0.000001080000000000000035831255497387193287295303889550268650054931640625,0.000000000038610756000000006,6493050,2019-01-25 02:44:32,btc,85023.03793723314,0.0,0.000001080000000000000035831255497387193287295303889550268650054931640625,btc,43675.73520027,0.000146250909087,0.0348620860622024,213
1,[],22,[],2019-04-07 19:44:35,435836.0,0.00000001,0.0000000000005140060000000001,7212572,2019-04-07 19:44:35,BTC,9.52190871,0.0,0.00000001,BTC,1112735.9818427025,0.0,0.00435836,216
0,[],27,[],2019-04-07 19:44:58,0.0,0,0,7212573,2019-04-07 19:44:58,,0.0,0.0,0,,0.0,0.0,0.0,216
1,[],22,[],2019-04-07 19:45:13,491272.5252035398,0.00000184,0.00000000009457710400000001,7212574,2019-04-07 19:45:13,BTC,12043.58685914,0.0,0.00000184,BTC,300545.2194920708,0.190879,0.30692652,217
1,[],7,[],2019-04-07 19:45:15,0.0,0,0,7212575,2019-04-07 19:45:15,btc,77969.70443924062,0.0,0,btc,136424979.15198368,0.0,0.0,219
0,[],27,[],2019-04-07 19:45:15,0.0,0,0,7212576,2019-04-07 19:45:15,,0.0,0.0,0,,0.0,0.0,0.0,219
0.000000000000006600000000000001,[],28,[],2019-04-07 19:45:36,261227577.638,5.61e-18,2.8835736600000004e-22,7212577,2019-04-07 19:45:36,doge,110064.6669440466,387307.5472,0.00085000,"btc,doge",16614234.63126,0.0,1.522280478040265e-11,219
1,[],22,[],2019-04-02 19:32:29,694653.0,0.00000007,0.00000000000330008,7153804,2019-04-02 19:32:29,BTC,2.83309452,0.0,0.00000007,BTC,94373.03430328587,0.00135954,0.03572421,221
1,[],24,[],2019-04-02 19:32:29,0.0,0.000000140000,0.00000000000660016,7153805,2019-04-02 19:32:29,btc,0.0,0.0,0.000000140000,btc,0.0,0.0,0.0,221
1,[],20,[],2019-03-31 04:10:59,44278413.4439,0.000000004,0.0000000000001637328,7116160,2019-03-31 04:10:59,btc,505.9313517634928,196869.539,0.000000004,btc,19332181.9792,0.000787478156,0.0533873483986,224
0,[],22,[],2019-03-31 04:11:02,0.0,0,0,7116161,2019-03-31 04:11:02,,0.0,0.0,0,,0.0,0.0,0.0,224
1,[],26,[],2019-04-07 19:45:38,0.0,0.00000022,0.000000000011308132000000002,7212578,2019-04-07 19:45:38,btc,0.0,0.0,0.00000022,btc,0.0,0.0,0.0,231
1,[],26,[],2019-04-07 19:45:39,0.0,0.00000005,0.00000000000257003,7212579,2019-04-07 19:45:39,btc,0.0,200.0,0.00000005,btc,0.0,0.0,0.0,234
0,[],27,[],2019-04-07 19:46:48,0.0,0,0,7212580,2019-04-07 19:46:48,,0.0,0.0,0,,0.0,0.0,0.0,234
1,[],4,[],2019-04-07 19:46:50,17264017.70971325,0.00000085,0.000000000043690510000000003,7212581,2019-04-07 19:46:50,btc,4.929038079245087,0.0,0.00000085,btc,1282284.85618107,0.05078652,0.3267639879546412,236
1,[],24,[],2019-04-07 19:46:50,0.0,0.000000500000,0.0000000000257003,7212582,2019-04-07 19:46:50,btc,0.0,0.0,0.000000500000,btc,0.0,0.0,0.0,236
1,[],20,[],2019-04-07 19:46:52,75214389.4458,0.000000033,0.0000000000016962198000000001,7212583,2019-04-07 19:46:52,btc,482.0038439486493,7279291.9196,0.000000033,btc,31032344.7402,0.2468528648363,0.6071267582706,237
1,[],22,[],2019-04-07 19:46:56,795976.9,0.00000001,0.0000000000005140060000000001,7212584,2019-04-07 19:46:56,BTC,1.20377519,0.0,0.00000001,"BTC,LTC",18869.0,0.0,0.12586331,237
1,[],4,[],2019-04-07 19:46:57,5657068.51197238,0.00000036,0.000000000018504216,7212585,2019-04-07 19:46:57,btc,5.0516697205429875,0.0,0.00000036,btc,8547284.57328022,0.64823431,1.3458400942155826,238
1,[],5,[],2019-04-07 19:46:59,0.0,0,0,7212586,2019-04-07 19:46:59,btc,0.0,0.12273496,0,btc,0.0,0.0,0.0,238
0,[],22,[],2019-03-12 16:49:32,0.0,0,0,6914458,2019-03-12 16:49:32,,0.40415746,0.0,0,,526736.5639027493,0.0,0.0,249
0.0000000001795889,[],22,[],2019-04-07 19:47:03,18951759.0,1.795889e-18,9.230977213340001e-23,7212587,2019-04-07 19:47:03,LTC,2.7230552,0.0,0.00000001,LTC,31476785.414074074,1.97204775201e-12,0.18951759,252
1,[],28,[],2019-04-07 19:47:11,1693207.399,0.00000104,0.000000000053456624000000005,7212588,2019-04-07 19:47:11,btc,164694.23638604002,766748.3328,0.00000104,btc,494939.74335962,0.0,1.05420724682,256
1,[],22,[],2019-04-07 19:47:14,1143358.5,0.00000002,0.0000000000010280120000000001,7212589,2019-04-07 19:47:14,BTC,21.75700264,0.0,0.00000002,BTC,545178.2454253442,0.0,0.01233363,258
1,[],22,[],2019-03-13 00:07:30,47146.0,0.00000001,0.000000000000387233,6917028,2019-03-13 00:07:30,BTC,2.415167,0.0,0.00000001,BTC,157.0,0.0,0.00047146,259
1,[],5,[],2019-04-07 19:47:16,0.0,0,0,7212590,2019-04-07 19:47:16,btc,0.0,0.25925276,0,btc,0.0,0.0,0.0,264
1,[],20,[],2019-04-07 19:47:19,1263052.2066,0.00000155,0.00000000007967093,7212591,2019-04-07 19:47:19,btc,4.7194504093689,98147.5367,0.00000155,btc,92069.8142,0.201202450235,0.0270824238364,264
0,[],22,[],2019-04-07 19:47:21,0.0,0,0,7212592,2019-04-07 19:47:21,,66.41067466,0.0,0,,640842.4233983938,0.0,0.0,271
0,[],22,[],2019-04-07 19:47:23,0.0,0,0,7212593,2019-04-07 19:47:23,,111843.11266242,0.0,0,,14245627424.692,0.0,0.0,272
0.000000000000006600000000000001,[],28,[],2019-04-07 19:47:36,233362479557.083,2.9040000000000002e-21,1.4926734240000003e-25,7212594,2019-04-07 19:47:36,doge,44525683.60067179,26417137430.8999,0.00000044,doge,253843892920.3362,0.0,5.56331816585401e-10,272
1,[],22,[],2019-04-07 19:47:41,205832.0,0.00000017,0.000000000008738102000000002,7212595,2019-04-07 19:47:41,BTC,79.51581032,0.0,0.00000017,BTC,44251.28614701752,0.0021336,0.01653582,281
1,[],22,[],2019-04-07 19:47:44,923599.9345238095,0.00000009,0.000000000004626054,7212596,2019-04-07 19:47:44,BTC,1.42649911,0.0,0.00000009,BTC,268871.80009233375,0.01116336,0.05790956,286
0,[],22,[],2019-04-07 19:47:47,0.0,0,0,7212597,2019-04-07 19:47:47,,1044974.57066254,0.0,0,,1132418521.4347825,0.0,0.0,294
