pairValue,buyBook,exchangeId,sellBook,updated,buyTotal,satoshiPrice,usdPrice,exchangeLogId,created,bestPair,sellTotalBtc,volume,pairPrice,activePairs,sellTotal,volumeBtc,buyTotalBtc,coinId
1,[],3,[],2019-01-23 22:03:35,97.757917161538,0.01229425999999999956358021080404796521179378032684326171875,0.00000043508033771399997,6480240,2019-01-23 22:03:35,btc,106.96083341079193,0.099139052022,0.01229425999999999956358021080404796521179378032684326171875,btc,13.469525038451001,0.0,0.03577031049435697,1
1,[],4,[],2019-01-23 22:03:35,25074.66291281,0.01237149,0.000000437813422461,6480241,2019-01-23 22:03:35,btc,1.6788379027884244,0.0,0.01237149,btc,128.56311945,0.63976259,1.1930090862382499,1
1,[],5,[],2019-01-23 22:03:37,0.18344547,0.01232200,0.0000004360620258,6480242,2019-01-23 22:03:37,btc,14578.49478118,0.08461031,0.01232200,btc,35555556.30071093,0.0,1.20346216,1
1,[],10,[],2019-01-23 22:03:39,269024.00852474,0.0122432,0.00000043327338047999996,6480243,2019-01-23 22:03:39,btc,6369.094930512873,1079.77314268,0.0122432,btc,978.09288911,0.0,2.0132849825083903,1
1,[],12,[],2019-01-23 22:03:42,10377.423676,0.0125000000000000006938893903907228377647697925567626953125,0.00000044236125000000003,6480244,2019-01-23 22:03:42,btc,0.641963737762,0.0,0.0125000000000000006938893903907228377647697925567626953125,btc,44.51181704,0.0585103076829,0.1796551065011,1
1,[],20,[],2019-01-23 22:03:44,1344.3693,0.010510001,0.00000037193737438889997,6480245,2019-01-23 22:03:44,btc,0.0746164438962,0.0,0.010510001,btc,3.5114,0.0,0.0888300480751,1
0.00000000032721840000000004,[],21,[],2019-01-23 22:03:44,2173.0229875,0.00000000010241935920000001,0.000000000000003624508460792881,6480246,2019-01-23 22:03:44,eth,28.254211007278066,1941.8840651199998,0.313000000000000000444089209850062616169452667236328125,"btc,eth",2570.34809566,22.93821572,23.56552094511077,1
1,[],22,[],2019-01-23 22:03:48,0.0363776,0.01400000,0.0000004954446,6480247,2019-01-23 22:03:48,BTC,0.312,0.0,0.01400000,BTC,0.031,0.0,0.00048472,1
1,[],24,[],2019-01-23 22:03:48,0.0,0.000000000000,0,6480248,2019-01-23 22:03:48,btc,0.0,0.0,0.000000000000,btc,0.0,0.0,0.0,1
1,[],25,[],2019-01-23 22:03:49,260.01747874,0.01225000,0.000000433514025,6480249,2019-01-23 22:03:49,btc,15.127099998428386,599.89578663,0.01225000,btc,1179.83234569,7.663,3.119999999704176,1
1,[],28,[],2019-01-23 22:03:51,987.9,0.01131000,0.00000040024845899999997,6480250,2019-01-23 22:03:51,btc,0.162839806,34879.8,0.01131000,btc,8.9,0.0,0.024551096,1
0,[],2,[],2019-01-20 23:28:45,0.0,0,0,6477011,2019-01-20 23:28:45,,0.0,0.0,0,,0.0,0.0,0.0,1
,[],26,[],2018-11-28 08:36:25,0.0,0.02269021,0.000000905623006625,5137884,2018-11-28 08:36:25,btc,0.0,2559.40051283,,btc,0.0,0.0,0.0,1
1,[],5,[],2019-01-23 21:53:54,1.616e-05,0.00000067,0.000000000023710563,6480065,2019-01-23 21:53:54,btc,0.17338407,0.02994375,0.00000067,btc,7.564e-05,0.0,0.50791005,2
1,[],22,[],2019-01-23 21:53:58,1254.625335862178,0.00000039,0.000000000013801671,6480066,2019-01-23 21:53:58,BTC,0.0231611,0.0,0.00000039,"BTC,XMR",14562.72385,0.0,0.00091682,2
1,[],5,[],2019-01-23 21:54:12,1.42e-06,0.00000017,0.000000000006016113,6480074,2019-01-23 21:54:12,btc,3.26791996,0.02680761,0.00000017,btc,2.267e-05,0.0,2.93596624,3
1,[],12,[],2019-01-23 21:54:13,11427998.5706943,0.000000168,0.0000000000059453352,6480075,2019-01-23 21:54:13,btc,921314.8833629524,0.0,0.000000168,btc,8000480.46037477,0.03439116877409618,0.527475317237545,3
0,[],28,[],2019-01-23 21:54:15,0.0,0,0,6480076,2019-01-23 21:54:15,,0.0,0.0,0,,0.0,0.0,0.0,3
0,[],2,[],2019-01-20 23:31:32,0.0,0,0,6477077,2019-01-20 23:31:32,,0.0,0.0,0,,0.0,0.0,0.0,4
1,[],4,[],2019-01-23 21:56:55,1128605.34278738,0.00000049,0.000000000017340561,6480095,2019-01-23 21:56:55,btc,0.4775480017156114,0.0,0.00000049,btc,320373.46693463,0.00302237,0.0648316607738051,4
1,[],12,[],2019-01-23 21:56:56,1212127.5219999999,0.00000002,0.000000000000707778,6480097,2019-01-23 21:56:56,btc,11013867.818600481,0.0,0.00000002,btc,978378.15654341,1.98e-06,0.01587509044,5
0,[],2,[],2019-01-20 23:31:51,0.0,0,0,6477087,2019-01-20 23:31:51,,0.0,0.0,0,,0.0,0.0,0.0,6
1,[],11,[],2019-01-23 21:57:07,3485283.5,0.00000002,0.000000000000707778,6480102,2019-01-23 21:57:07,btc,9432.239424679965,238000.0,0.00000002,btc,41261470.70959839,0.0,0.03575736,6
1,[],3,[],2019-01-23 21:57:15,1049.631568128516,0.00015050999999999999383500093319554480331134982407093048095703125,0.000000005326383339,6480105,2019-01-23 21:57:15,btc,30.108593419388622,0.0,0.00015050999999999999383500093319554480331134982407093048095703125,btc,231.077492617847,0.0,0.027978323718350753,7
1,[],4,[],2019-01-23 21:57:15,24668.65613375,0.00017475,0.000000006184210275,6480106,2019-01-23 21:57:15,btc,2.3616880384820407,0.0,0.00017475,btc,12366.81669562,1.49392922,3.7743717131359316,7
1,[],5,[],2019-01-23 21:57:18,0.00518361,0.00017024,0.000000006024606336,6480107,2019-01-23 21:57:18,btc,1.28610691,0.17996411,0.00017024,btc,0.01157053,0.0,1.73131085,7
1,[],20,[],2019-01-23 21:57:30,61774165.6382,0.000000001,0.0000000000000353889,6480110,2019-01-23 21:57:30,btc,121.1920033527386,7238828.4357,0.000000001,btc,25363671.9975,0.0124738294316,0.0617741656382,8
0,[],2,[],2019-01-20 23:22:42,0.0,0,0,6476876,2019-01-20 23:22:42,,0.0,0.0,0,,0.0,0.0,0.0,9
0,[],23,[],2019-01-20 23:22:48,0.0,0,0,6476878,2019-01-20 23:22:48,,0.0,0.0,0,,0.0,0.0,0.0,9
1,[],1,[],2019-01-23 21:57:41,437845.3,0.00000190999999999999992415680542812150832787665422074496746063232421875,0.00000000006759279899999999,6480115,2019-01-23 21:57:41,btc,2.7529513742000002,23151579.52,0.00000190999999999999992415680542812150832787665422074496746063232421875,btc,1401587.45,43.54886034,0.8202226305,9
1,[],4,[],2019-01-23 21:57:42,405625.30253674,0.00000187,0.000000000066177243,6480116,2019-01-23 21:57:42,btc,0.85856226556738,0.0,0.00000187,btc,428533.44466815,0.90878677,0.6978721282926185,9
1,[],28,[],2019-01-23 21:57:44,34500.0,0.00000165,0.000000000058391685,6480117,2019-01-23 21:57:44,btc,2708.7525973402,7169642.0,0.00000165,btc,8331.02,0.0,0.02854,9
1,[],4,[],2019-01-23 21:57:51,5382778.695,0.00000002,0.000000000000707778,6480121,2019-01-23 21:57:51,btc,0.2155193129307594,0.0,0.00000002,btc,3899888.68768744,0.00046199,0.0594849184,10
1,[],4,[],2019-01-23 22:00:02,1714183.43729856,0.00000149,0.000000000052729461,6480128,2019-01-23 22:00:02,btc,1.3802767606455766,0.0,0.00000149,btc,880067.026421,2.11332061,2.3459100100520556,12
1,[],5,[],2019-01-23 22:00:06,1.763e-05,0.00000144,0.000000000050960016,6480129,2019-01-23 22:00:06,btc,0.16528452,0.38324956,0.00000144,btc,0.00011614,0.0,0.17385274,12
0,[],2,[],2019-01-20 23:23:08,0.0,0,0,6476890,2019-01-20 23:23:08,,0.0,0.0,0,,0.0,0.0,0.0,12
,[],25,[],2019-01-11 15:39:35,0.0,0,0,6366164,2019-01-11 15:39:35,,0.0,0.0,,btc,0.0,0.0,0.0,12
1,[],4,[],2019-01-23 22:02:57,331514.95820711,0.00000680,0.00000000024064452,6480214,2019-01-23 22:02:57,btc,0.1625929213916716,0.0,0.00000680,btc,22039.82586121,0.79617832,1.5287683847731461,13
1,[],21,[],2019-01-23 22:03:00,1448959.65513646,0.000006749999999999999747489314028126017319664242677390575408935546875,0.000000000238875075,6480215,2019-01-23 22:03:00,btc,5.63413475782593,719186.91457388,0.000006749999999999999747489314028126017319664242677390575408935546875,btc,734948.03646538,5.0524666,5.242988882847066,13
1,[],10,[],2019-01-23 21:42:53,622837.53967011,0.00000692,0.000000000244378416,6479797,2019-01-23 21:42:53,btc,666784.4542601698,3073.56489376,0.00000692,btc,831039.84732885,0.0,0.8890935218627778,13
1,[],4,[],2019-01-23 22:00:25,725881.77254129,0.00000189,0.000000000066885021,6480137,2019-01-23 22:00:25,btc,0.2315318855111884,0.0,0.00000189,btc,93307.89435691,0.08181705,0.1736835901232477,14
1,[],12,[],2019-01-23 22:00:27,88770.17862033,0.0000019499999999999999646983772638719756287173368036746978759765625,0.000000000069008355,6480138,2019-01-23 22:00:27,btc,1.7805460951897905,0.0,0.0000019499999999999999646983772638719756287173368036746978759765625,btc,35486.9101839,0.0005416213158135,0.0218884929335821,14
0,[],17,[],2019-01-23 22:00:28,0.0,0,0,6480139,2019-01-23 22:00:28,btc,0.0,0.0,0,btc,0.0,0.0,0.0,14
1,[],26,[],2019-01-23 22:00:28,0.0,0.00000020,0.00000000000707778,6480140,2019-01-23 22:00:28,btc,0.0,0.0,0.00000020,btc,0.0,0.0,0.0,14
0,[],4,[],2019-01-23 22:04:05,0.0,0,0,6480259,2019-01-23 22:04:05,,0.0,0.0,0,,0.0,0.0,0.0,15
,[],12,[],2018-12-01 15:15:48,204241.84496,0.00000489,0.000000000202473384,5260204,2018-12-01 15:15:48,btc,49.5475654835,0.0,,btc,35763.2193806,0.0163153972027625,0.0203389899998,15
1,[],4,[],2019-01-23 22:00:34,31683.18227429,0.00001750,0.00000000061930575,6480143,2019-01-23 22:00:34,btc,1.3245942303706812,0.0,0.00001750,btc,12543.79939297,0.04732616,0.1728212415525495,18
1,[],10,[],2019-01-23 22:00:36,390851.38064802,0.00001788,0.000000000632753532,6480144,2019-01-23 22:00:36,btc,15.548951479597834,2316.13823588,0.00001788,btc,10227.6055702,0.0,0.1961114240025475,18
1,[],12,[],2019-01-23 22:00:37,200276.5394258,0.000017379999999999999615862833479695837013423442840576171875,0.000000000615059082,6480145,2019-01-23 22:00:37,btc,0.4586395414836766,0.0,0.000017379999999999999615862833479695837013423442840576171875,btc,2062.88767383,0.0019696071740895,0.0188945713208511,18
0,[],17,[],2019-01-23 22:00:39,0.0,0,0,6480146,2019-01-23 22:00:39,btc,0.0,0.0,0,btc,0.0,0.0,0.0,18
0,[],2,[],2019-01-20 23:23:38,0.0,0,0,6476906,2019-01-20 23:23:38,,0.0,0.0,0,,0.0,0.0,0.0,18
1,[],3,[],2019-01-23 22:01:09,108475.2618458357,0.0000397999999999999984107330874838481804545153863728046417236328125,0.00000000140847822,6480159,2019-01-23 22:01:09,btc,1.311142888821322,3.68907282877,0.0000397999999999999984107330874838481804545153863728046417236328125,btc,8541.441022191411,0.0,0.1055908499656277,19
1,[],4,[],2019-01-23 22:01:10,74119.92118727,0.00004037,0.000000001428649893,6480160,2019-01-23 22:01:10,btc,2.2652200673003935,0.0,0.00004037,btc,47995.74933472,0.62416255,1.7217689612525773,19
1,[],5,[],2019-01-23 22:01:11,0.00033086,0.00003257,0.000000001152616473,6480161,2019-01-23 22:01:11,btc,0.30994665,0.00016296,0.00003257,btc,0.00347992,0.0,0.19113796,19
1,[],12,[],2019-01-23 22:01:12,129235.05701754,0.0000410500000000000016893604570800135888930526562035083770751953125,0.000000001452714345,6480162,2019-01-23 22:01:12,btc,1.9930179603715243,0.0,0.0000410500000000000016893604570800135888930526562035083770751953125,btc,397.27457877,0.0019926751306722,0.0384086399998416,19
0,[],27,[],2019-01-23 22:01:14,0.0,0,0,6480163,2019-01-23 22:01:14,,0.0,0.0,0,btc,0.0,0.0,0.0,19
0,[],2,[],2019-01-20 23:24:19,0.0,0,0,6476924,2019-01-20 23:24:19,,0.0,0.0,0,,0.0,0.0,0.0,19
1,[],4,[],2019-01-23 22:01:48,8473476.27733589,0.00000015,0.000000000005308335,6480179,2019-01-23 22:01:48,btc,0.7553749448895439,0.0,0.00000015,btc,1439644.06953057,0.0001996,0.4177561676657917,20
1,[],4,[],2019-01-23 22:02:02,124141598.85101596,0.00000002,0.000000000000707778,6480185,2019-01-23 22:02:02,btc,0.854188706997017,0.0,0.00000002,btc,19164171.82597873,0.22779277,1.5258746710701596,21
1,[],12,[],2019-01-23 22:02:03,19909844.0,0.00000003,0.000000000001061667,6480186,2019-01-23 22:02:03,btc,668.0234648838374,0.0,0.00000003,btc,7860058.71628645,0.0330697202797203,0.27114214000000003,21
0,[],17,[],2019-01-23 22:02:04,0.0,0,0,6480187,2019-01-23 22:02:04,btc,0.0,0.0,0,btc,0.0,0.0,0.0,21
1,[],12,[],2019-01-23 22:02:21,4558665420.531896,0.0000000001,0.0000000000000035388900000000002,6480195,2019-01-23 22:02:21,btc,621663601970.9225,0.0,0.0000000001,btc,6305114448.957274,0.013194075885414583,0.4558665420531896,23
0,[],27,[],2019-01-23 22:02:23,0.0,0,0,6480196,2019-01-23 22:02:23,,0.424699,0.0,0,eth,424699.0,0.0,0.0,23
,[],25,[],2019-01-11 15:42:09,0.0,0,0,6366241,2019-01-11 15:42:09,,0.0,0.0,,btc,0.0,0.0,0.0,24
1,[],4,[],2019-01-23 22:02:32,2224657.96913376,0.00000089,0.000000000031496121,6480199,2019-01-23 22:02:32,btc,0.1662795787210699,0.0,0.00000089,btc,116316.17065043,0.01080861,0.4432292424374062,24
1,[],22,[],2019-01-23 22:02:35,11.76,0.00000100,0.0000000000353889,6480200,2019-01-23 22:02:35,BTC,7.415e-05,0.0,0.00000100,BTC,23.919354838709676,0.0,1.176e-05,24
1,[],4,[],2019-01-23 22:02:46,29626001.97518481,0.00000762,0.00000000026966341799999997,6480207,2019-01-23 22:02:46,btc,0.4130195736870897,0.0,0.00000762,btc,31279.35203707,0.14418194,0.5372034480164117,26
1,[],10,[],2019-01-23 22:02:48,734094.75493527,0.00000769,0.00000000027214064099999995,6480208,2019-01-23 22:02:48,btc,27.974355479806015,0.0,0.00000769,btc,12525.42087038,0.0,0.2220622173992068,26
0,[],2,[],2019-01-20 23:25:56,0.0,0,0,6476976,2019-01-20 23:25:56,,0.0,0.0,0,,0.0,0.0,0.0,26
1,[],3,[],2019-01-23 22:02:50,7684489.32908122,0.00000001,0.000000000000353889,6480209,2019-01-23 22:02:50,btc,3.0752937709335133,30313.0,0.00000001,btc,17598360.85644621,0.0,0.07684489329081219,27
1,[],5,[],2019-01-23 22:02:52,1e-08,0.00000001,0.000000000000353889,6480210,2019-01-23 22:02:52,btc,2.62189326,3.848e-05,0.00000001,btc,4.332e-05,0.0,0.01079372,27
1,[],11,[],2019-01-23 22:02:54,10597882.41182718,0.00000005,0.0000000000017694449999999998,6480211,2019-01-23 22:02:54,btc,370.5327807235078,1000.0,0.00000005,btc,8221470.80991447,0.0,0.4932896594767663,27
1,[],4,[],2019-01-23 22:02:55,220194695.10293603,0.00000003,0.000000000001061667,6480212,2019-01-23 22:02:55,btc,3.3293201296480444,0.0,0.00000003,"btc,ltc",108876803.07422858,2.54015178,3.22807152245434,29
1,[],7,[],2019-01-23 22:02:56,35999768.9786329,0.00000003,0.000000000001061667,6480213,2019-01-23 22:02:56,btc,44465218.12579986,180184.563057,0.00000003,btc,39203421.39390244,0.00541803,0.6564244169750236,29
1,[],4,[],2019-01-23 22:03:23,1298433.65223103,0.00000040,0.00000000001415556,6480230,2019-01-23 22:03:23,btc,0.338527041594913,0.0,0.00000040,btc,495826.99034536,0.04059221,0.0804610557131508,30
0,[],17,[],2019-01-23 22:03:24,0.0,0,0,6480231,2019-01-23 22:03:24,btc,0.0,0.0,0,btc,0.0,0.0,0.0,30
1,[],4,[],2019-01-23 22:03:32,42635.98041161,0.00009560,0.00000000338317884,6480237,2019-01-23 22:03:32,btc,0.9663532856739737,0.0,0.00009560,btc,8558.40439308,3.35847014,3.1469117119642758,31
1,[],21,[],2019-01-23 22:03:33,46830.80510235,0.0000960000000000000024320823133194835463655181229114532470703125,0.0000000033973344,6480238,2019-01-23 22:03:33,btc,5.567324444331805,756488.56881209,0.0000960000000000000024320823133194835463655181229114532470703125,btc,51976.62534481,80.41914474,4.170967969479568,31
0,[],2,[],2019-01-20 23:28:43,0.0,0,0,6477009,2019-01-20 23:28:43,,0.0,0.0,0,,0.0,0.0,0.0,32
1,[],4,[],2019-01-23 22:04:07,127227060.75116162,0.00000006,0.000000000002123334,6480260,2019-01-23 22:04:07,btc,0.3191725824733465,0.0,0.00000006,"btc,ltc",9686375.04870909,1.41787588,2.1195217730684823,33
1,[],12,[],2019-01-23 22:04:08,21878992.0,0.00000006,0.000000000002123334,6480261,2019-01-23 22:04:08,btc,17261785.06432269,0.0,0.00000006,btc,86942659.25174814,0.0001589916083916,0.85719197,33
1,[],4,[],2019-01-23 22:04:09,119792041.66523741,0.00000002,0.000000000000707778,6480262,2019-01-23 22:04:09,btc,0.8215975407830011,0.0,0.00000002,btc,27100662.38828351,0.01428395,1.2165970972911022,34
1,[],5,[],2019-01-23 22:04:10,3e-08,0.00000002,0.000000000000707778,6480263,2019-01-23 22:04:10,btc,3.13196319,0.00572734,0.00000002,btc,1.394e-05,0.0,0.808623,34
0.0000000000890537,[],4,[],2019-01-23 22:01:41,2841297599.8047957,3.562148e-18,1.260604993572e-22,6480175,2019-01-23 22:01:41,ltc,4.2634519804505425e-09,0.0,0.00000004,ltc,816221229.265728,0.0,6.847690599411596e-09,36
1,[],5,[],2019-01-23 22:01:43,0.0,0,0,6480176,2019-01-23 22:01:43,btc,202.42234384,0.0,0,btc,1.295e-05,0.0,0.0,36
0,[],17,[],2019-01-23 22:01:45,0.0,0,0,6480177,2019-01-23 22:01:45,btc,0.08210904499207482,0.0,0,btc,5843697.91583647,0.0,0.0,36
0.0000000000890537,[],27,[],2019-01-23 22:01:47,1000000.0,8.90537e-19,3.15151248393e-23,6480178,2019-01-23 22:01:47,ltc,448.55669329,0.0,0.00000001,"ltc,eth",3581972.58,0.0,8.905369999999999e-13,36
1,[],4,[],2019-01-23 22:01:33,479965.15889242,0.00000147,0.000000000052021683,6480170,2019-01-23 22:01:33,btc,0.4365989310019951,0.0,0.00000147,btc,227929.75612724,0.05774059,0.4514236652452693,37
1,[],12,[],2019-01-23 22:01:34,510542.57042241,0.00000145999999999999999745971430986646311112053808756172657012939453125,0.000000000051667794,6480171,2019-01-23 22:01:34,btc,1330.8584955019714,0.0,0.00000145999999999999999745971430986646311112053808756172657012939453125,btc,722472.44342562,0.2028526175259812,0.3635020903936997,37
1,[],17,[],2019-01-23 22:01:36,1752.74075282,0.00000025,0.000000000008847225,6480172,2019-01-23 22:01:36,btc,0.055487313975613406,0.0,0.00000025,btc,1388.79251806,0.0,0.00043818518820499993,37
0,[],27,[],2019-01-23 22:01:37,0.0,0,0,6480173,2019-01-23 22:01:37,,0.0,0.0,0,btc,0.0,0.0,0.0,37
1,[],5,[],2019-01-23 21:56:22,1.234e-05,0.00000120,0.00000000004246668,6480081,2019-01-23 21:56:22,btc,0.10998621,0.10273401,0.00000120,btc,0.00011337,0.0,0.03971376,42
1,[],12,[],2019-01-23 21:56:23,84871.76824593,0.000001250000000000000102253817392539136932327892282046377658843994140625,0.000000000044236125000000006,6480082,2019-01-23 21:56:23,btc,108.833398603004,0.0,0.000001250000000000000102253817392539136932327892282046377658843994140625,btc,37207.47517263,0.0356140756709813,0.0323139371141353,42
0,[],27,[],2019-01-23 21:56:26,0.0,0,0,6480083,2019-01-23 21:56:26,,0.00315028,0.0,0,"btc,eth",11.007,0.0,0.0,42
1,[],5,[],2019-01-23 21:57:38,3e-08,0.00000002,0.000000000000707778,6480112,2019-01-23 21:57:38,btc,5.83445513,0.0,0.00000002,btc,1.425e-05,0.0,0.4722758,43
1,[],12,[],2019-01-23 21:57:39,8221008.0,0.00000001,0.000000000000353889,6480113,2019-01-23 21:57:39,btc,20007433.128675673,0.0,0.00000001,btc,38551720.38101898,2.397602398e-07,0.08221008,43
0,[],17,[],2019-01-23 21:57:41,0.0,0,0,6480114,2019-01-23 21:57:41,btc,0.0,0.0,0,btc,0.0,0.0,0.0,43
1,[],12,[],2019-01-23 21:56:39,870969.0,0.00000007,0.000000000002477223,6480088,2019-01-23 21:56:39,btc,11114760.533992866,0.0,0.00000007,btc,956262.37320198,0.00015057,0.02619602,44
1,[],4,[],2019-01-23 21:54:18,239412259.53395733,0.00000003,0.000000000001061667,6480078,2019-01-23 21:54:18,btc,0.23758708251782296,0.0,0.00000003,"btc,ltc",6444629.07182458,0.00135399,0.606897206343178,49
0.0000000000890537,[],4,[],2019-01-23 22:03:21,3630502120.8385096,1.781074e-18,6.30302496786e-23,6480228,2019-01-23 22:03:21,ltc,5.044116687826341,0.0,0.00000002,ltc,1554754381.5149555,0.0,3.722772670692777e-09,52
0,[],22,[],2019-01-23 22:03:03,0.0,0,0,6480216,2019-01-23 22:03:03,,3707.88113808,0.0,0,,261065328.40932402,0.0,0.0,57
0,[],27,[],2019-01-23 22:03:05,0.0,0,0,6480217,2019-01-23 22:03:05,,0.0,0.0,0,"btc,eth",0.0,0.0,0.0,57
0.0000000000890537,[],4,[],2019-01-23 21:54:04,1691719912.188974,5.3432219999999995e-18,1.890907490358e-22,6480070,2019-01-23 21:54:04,ltc,3.4465671305746084,0.0,0.00000006,ltc,940390613.1792278,0.00089475,7.422628984672842e-09,58
1,[],12,[],2019-01-23 21:54:05,2513267427.3279524,0.0000000006,0.00000000000002123334,6480071,2019-01-23 21:54:05,btc,123038816824.11961,0.0,0.0000000006,btc,3103013757.070075,0.2254834509493192,0.9499418735915363,58
0,[],17,[],2019-01-23 21:54:07,0.0,0,0,6480072,2019-01-23 21:54:07,btc,1e+24,0.0,0,btc,41616695.958325684,0.0,0.0,58
0.0000000001257816,[],22,[],2019-01-23 21:54:10,137438.0,1.257816e-18,4.45127246424e-23,6480073,2019-01-23 21:54:10,XMR,69.8835922,0.0,0.00000001,XMR,9887963.0,0.0,0.00137438,58
1,[],5,[],2019-01-23 22:02:08,2.63e-06,0.00000035,0.000000000012386115,6480189,2019-01-23 22:02:08,btc,0.4733239,0.02823592,0.00000035,btc,0.0001341,0.0,0.04578149,61
1,[],22,[],2019-01-23 22:02:11,5111.5,0.00000011,0.000000000003892779,6480190,2019-01-23 22:02:11,BTC,1002.29606732,0.0,0.00000011,BTC,15028.700278135757,0.0,0.00051178,61
1,[],26,[],2019-01-23 22:02:11,0.0,0.00000800,0.0000000002831112,6480191,2019-01-23 22:02:11,btc,0.0,0.0,0.00000800,btc,0.0,0.0,0.0,61
0,[],27,[],2019-01-23 22:02:14,0.0,0,0,6480192,2019-01-23 22:02:14,,0.0,0.0,0,"btc,eth",0.0,0.0,0.0,61
1,[],28,[],2019-01-23 22:02:16,1880.304,0.00000022,0.000000000007785558,6480193,2019-01-23 22:02:16,btc,2.065678837430106,1504.0,0.00000022,btc,11618.08240005,0.0,0.00016391304,61
,[],25,[],2019-01-11 15:43:02,0.0,0,0,6366273,2019-01-11 15:43:02,,0.0,0.0,,btc,0.0,0.0,0.0,67
1,[],4,[],2019-01-23 22:03:16,1255497.51950261,0.00000184,0.000000000065115576,6480226,2019-01-23 22:03:16,btc,0.3444532931263028,0.0,0.00000184,btc,124261.91068198,0.06705632,0.8745269920412437,67
1,[],12,[],2019-01-23 22:01:00,2853130.0,0.00000008,0.000000000002831112,6480157,2019-01-23 22:01:00,btc,16893773.05273202,0.0,0.00000008,btc,2170197.13746249,0.0190843044255762,0.07618356999999999,71
,[],5,[],2018-11-20 23:02:39,1.5e-07,0.00000005,0.000000000002128045,4862160,2018-11-20 23:02:39,btc,2.84511358,0.0,,btc,0.00036572,0.0,0.07381892,74
1,[],5,[],2019-01-23 21:56:59,3.421e-05,0.00000156,0.000000000055206684,6480098,2019-01-23 21:56:59,btc,1.43011192,0.0,0.00000156,btc,0.0001585,0.0,0.50003041,75
1,[],4,[],2019-01-23 22:00:19,64421539.78469478,0.00000001,0.000000000000353889,6480132,2019-01-23 22:00:19,btc,0.7486706825842339,0.0,0.00000001,btc,13906829.86456505,0.0,0.6442153978469478,81
0,[],20,[],2019-01-23 22:00:20,0.0,0,0,6480133,2019-01-23 22:00:20,btc,0.0,0.0,0,btc,0.0,0.0,0.0,81
1,[],4,[],2019-01-23 21:53:32,25460.30128317,0.00008100,0.0000000028665009,6480058,2019-01-23 21:53:32,btc,1.281407925317931,0.0,0.00008100,btc,11020.87916644,0.03823989,0.2215528653887605,82
1,[],21,[],2019-01-23 21:53:32,62107.18579982,0.000081100000000000006176829880910617021072539500892162322998046875,0.0000000028700397900000003,6480059,2019-01-23 21:53:32,btc,3.3990642460173714,6422.42697178,0.000081100000000000006176829880910617021072539500892162322998046875,btc,37405.30713827,0.5280705,4.445396466024312,82
0,[],17,[],2019-01-23 22:00:33,0.0,0,0,6480142,2019-01-23 22:00:33,btc,0.0447233088476774,0.0,0,btc,999127.19588126,0.0,0.0,84
0.0000000000890537,[],4,[],2019-01-23 22:02:41,479647787.9087472,1.1576981e-17,4.0969662291089996e-22,6480204,2019-01-23 22:02:41,ltc,0.1975418249911283,0.0,0.00000013,ltc,74005341.72890995,0.0,1.6113314720844577e-09,85
,[],22,[],2018-11-20 23:09:34,3408.1,0.0000001,0.0000000000041895,4862324,2018-11-20 23:09:34,BTC,0.04624735,0.0,,BTC,4990.0,0.0,0.00033081,86
0,[],22,[],2019-01-23 22:02:44,0.0,0,0,6480205,2019-01-23 22:02:44,,2.07810912,0.0,0,,154826.94736842104,0.0,0.0,87
0,[],27,[],2019-01-23 22:02:45,0.0,0,0,6480206,2019-01-23 22:02:45,,0.0,0.0,0,btc,0.0,0.0,0.0,87
,[],2,[],2018-11-20 23:10:47,0.0,0,0,4862359,2018-11-20 23:10:47,,0.0,0.0,,,0.0,0.0,0.0,88
1,[],11,[],2019-01-23 21:54:03,102653.25284543,0.00021300000000000000031398494915180208408855833113193511962890625,0.0000000075378357,6480069,2019-01-23 21:54:03,btc,234.39940659730442,796.70765102,0.00021300000000000000031398494915180208408855833113193511962890625,btc,179899.39078078,0.0,8.24598492458733,89
0,[],2,[],2019-01-20 23:31:45,0.0,0,0,6477083,2019-01-20 23:31:45,,0.0,0.0,0,,0.0,0.0,0.0,91
1,[],12,[],2019-01-23 21:57:00,240906.45805751,0.0000013200000000000000673224496983149123252587742172181606292724609375,0.000000000046713348,6480099,2019-01-23 21:57:00,btc,1.1160846335413315,0.0,0.0000013200000000000000673224496983149123252587742172181606292724609375,btc,4769.401769,0.0748636913030774,0.055170530199975504,91
0,[],17,[],2019-01-23 21:57:01,0.0,0,0,6480100,2019-01-23 21:57:01,btc,0.0,0.0,0,btc,0.0,0.0,0.0,91
0.0000000000890537,[],22,[],2019-01-23 22:01:51,48026955.0,4.452685e-18,1.575756241965e-22,6480180,2019-01-23 22:01:51,LTC,9.29095511,0.0,0.00000005,LTC,79813955.1,2.2263425e-14,1.39070865,95
1,[],4,[],2019-01-23 22:00:22,140898242.0101352,0.00000001,0.000000000000353889,6480134,2019-01-23 22:00:22,btc,1.4018556874073025,0.0,0.00000001,"btc,ltc",68189770.79446198,0.00038799,0.07713568779601013,96
1,[],12,[],2019-01-23 22:00:23,1213466.0,0.00000001,0.000000000000353889,6480135,2019-01-23 22:00:23,btc,255059.2635896403,0.0,0.00000001,btc,7846612.56674301,1.01e-06,0.01213466,96
0,[],17,[],2019-01-23 22:00:24,0.0,0,0,6480136,2019-01-23 22:00:24,btc,0.0,0.0,0,btc,0.0,0.0,0.0,96
1,[],4,[],2019-01-23 22:02:05,1585509.14912319,0.00000041,0.000000000014509449,6480188,2019-01-23 22:02:05,btc,0.3124088159561456,0.0,0.00000041,btc,484478.68633221,0.00799783,0.1768250892814931,99
1,[],4,[],2019-01-23 22:00:45,143214.56535158,0.00004087,0.000000001446344343,6480150,2019-01-23 22:00:45,btc,1.2970914103997861,0.0,0.00004087,btc,27167.3618298,1.39504176,3.383887534140913,100
0,[],2,[],2019-01-20 23:23:55,0.0,0,0,6476914,2019-01-20 23:23:55,,0.0,0.0,0,,0.0,0.0,0.0,100
1,[],22,[],2019-01-23 22:00:44,50000.0,0.00000001,0.000000000000353889,6480148,2019-01-23 22:00:44,BTC,23.49896609,0.0,0.00000001,BTC,10277.22,0.0,0.0005,101
1,[],4,[],2019-01-23 22:03:53,122242.97018621,0.00000105,0.000000000037158345,6480251,2019-01-23 22:03:53,btc,0.3949066153225293,0.0,0.00000105,btc,141110.87074901,0.01621115,0.0575375149841271,103
1,[],12,[],2019-01-23 21:53:59,95051592.24669921,0.000000016,0.0000000000005662224000000001,6480067,2019-01-23 21:53:59,btc,9137281645.060455,0.0,0.000000016,btc,147938849.1568395,0.24508334851722144,0.5655314437004881,105
1,[],27,[],2019-01-23 21:54:00,261901.0,0.00000006,0.000000000002123334,6480068,2019-01-23 21:54:00,btc,0.0720402019,0.0,0.00000006,btc,580.038,0.0,0.01014994,105
0,[],22,[],2019-01-23 22:01:55,0.0,0,0,6480181,2019-01-23 22:01:55,,1.07253299,0.0,0,,94300.0,0.0,0.0,107
1,[],26,[],2019-01-23 22:01:55,0.0,0.00000000,0,6480182,2019-01-23 22:01:55,btc,0.0,0.0,0.00000000,btc,0.0,0.0,0.0,107
1,[],5,[],2019-01-23 22:01:23,1e-08,0.00000001,0.000000000000353889,6480166,2019-01-23 22:01:23,btc,5.98567182,0.00450321,0.00000001,btc,1.512e-05,0.0,0.02458502,112
1,[],22,[],2019-01-23 22:01:26,1966.0,0.00000001,0.000000000000353889,6480167,2019-01-23 22:01:26,BTC,2.85046692,0.0,0.00000001,BTC,1092967.0833333333,0.005,1.966e-05,112
0,[],27,[],2019-01-23 22:01:28,0.0,0,0,6480168,2019-01-23 22:01:28,,1.25125,0.0,0,"btc,eth",79.0,0.0,0.0,112
1,[],4,[],2019-01-23 21:54:19,447971.94271489,0.00000428,0.000000000151464492,6480079,2019-01-23 21:54:19,btc,0.4345109030453959,0.0,0.00000428,btc,67374.89909904,0.38507056,0.4108008275468615,113
1,[],5,[],2019-01-23 21:56:19,0.0,0,0,6480080,2019-01-23 21:56:19,btc,0.0,0.0010543,0,btc,0.0,0.0,0.0,113
1,[],17,[],2019-01-23 21:58:00,233369.0,0.00000004,0.000000000001415556,6480126,2019-01-23 21:58:00,btc,1.3376290576022638,0.0,0.00000004,btc,72546.975,0.0,0.00543476,116
0,[],27,[],2019-01-23 22:00:01,0.0,0,0,6480127,2019-01-23 22:00:01,,0.0,0.0,0,btc,0.0,0.0,0.0,116
1,[],4,[],2019-01-23 21:57:48,90892.60739831,0.00001875,0.0000000006635418749999999,6480119,2019-01-23 21:57:48,btc,0.302708980694689,0.0,0.00001875,btc,13409.10183548,1.91678332,1.2169433811356356,120
1,[],7,[],2019-01-23 21:57:49,23027.77686621,0.000014840000000000000217846574113167434916249476373195648193359375,0.000000000525171276,6480120,2019-01-23 21:57:49,btc,124.94096841849242,4298.25751455,0.000014840000000000000217846574113167434916249476373195648193359375,btc,23778.14779995,0.16060331,0.1841619470309576,120
1,[],20,[],2019-01-23 21:57:58,1215767.5588,0.000000013,0.0000000000004600557,6480125,2019-01-23 21:57:58,btc,31.5508063254312,389.85,0.000000013,btc,1105130.7355,5.06805e-06,0.0068489678606,125
1,[],22,[],2019-01-23 21:56:38,3053.0,0.00000001,0.000000000000353889,6480087,2019-01-23 21:56:38,BTC,0.01415863,0.0,0.00000001,BTC,293039.4,3.198e-05,3.053e-05,126
0,[],22,[],2019-01-23 22:02:26,0.0,0,0,6480197,2019-01-23 22:02:26,,3.30709612,0.0,0,,19391.67229247642,0.0,0.0,130
1,[],4,[],2019-01-23 22:02:37,86490.7151382,0.00001591,0.000000000563037399,6480201,2019-01-23 22:02:37,btc,0.56999886180567,0.0,0.00001591,btc,29025.62771991,0.16010164,0.5233828441014692,131
0,[],17,[],2019-01-23 22:02:38,0.0,0,0,6480202,2019-01-23 22:02:38,btc,0.0008451375975800001,0.0,0,btc,30.89614684,0.0,0.0,131
0,[],2,[],2019-01-20 23:25:46,0.0,0,0,6476969,2019-01-20 23:25:46,,0.0,0.0,0,,0.0,0.0,0.0,131
1,[],4,[],2019-01-23 22:03:34,4563.55557239,0.00019489,0.000000006896942721,6480239,2019-01-23 22:03:34,btc,1.6269232683341472,0.0,0.00019489,btc,206.10257325,0.0,0.0099048169272922,135
1,[],3,[],2019-01-23 22:01:17,191860.2001851,0.00000003,0.000000000001061667,6480164,2019-01-23 22:01:17,btc,0.2460893918751273,26046.25,0.00000003,btc,1234227.69793913,0.0,0.0035956573370353,136
1,[],4,[],2019-01-23 21:53:49,97305.94524641,0.00000184,0.000000000065115576,6480063,2019-01-23 21:53:49,btc,0.6111108138634194,0.0,0.00000184,btc,221065.47302764,0.0863469,0.1195754618007203,137
1,[],12,[],2019-01-23 21:53:50,303759.84752575,0.00000191999999999999982841307998027158276954651228152215480804443359375,0.000000000067946688,6480064,2019-01-23 21:53:50,btc,11798.821606820915,0.0,0.00000191999999999999982841307998027158276954651228152215480804443359375,btc,132632.07380608,0.0748972462075115,0.0333513419999893,137
,[],25,[],2019-01-11 15:38:27,0.0,0,0,6366122,2019-01-11 15:38:27,,0.0,0.0,,btc,0.0,0.0,0.0,142
1,[],5,[],2019-01-23 21:56:45,0.00106065,0.00002923,0.000000001034417547,6480090,2019-01-23 21:56:45,btc,5.7437725,0.51541011,0.00002923,btc,0.00186358,0.0,1.56286394,142
1,[],17,[],2019-01-23 21:56:46,12500.0,0.0000001,0.0000000000035388899999999997,6480091,2019-01-23 21:56:46,btc,0.5782815519599107,0.0,0.0000001,btc,4834.207754,0.0,0.00125,142
1,[],20,[],2019-01-23 21:56:48,152911.3297,0.00002502,0.000000000885430278,6480092,2019-01-23 21:56:48,btc,2.5057686606,120.1271,0.00002502,btc,5122.8931,0.0038780859993,0.1971377546538,142
1,[],22,[],2019-01-23 21:56:51,990.0,0.00001880,0.00000000066531132,6480093,2019-01-23 21:56:51,BTC,0.00152287,0.0,0.00001880,BTC,15.055608820709493,6.551e-05,0.00022106,142
1,[],28,[],2019-01-23 21:56:54,78430.0,0.00002000,0.000000000707778,6480094,2019-01-23 21:56:54,btc,0.05152625387,88888.0,0.00002000,btc,1349.7234,0.0,0.0242247,142
0,[],22,[],2019-01-23 22:03:20,0.0,0,0,6480227,2019-01-23 22:03:20,,54.93330297,0.0,0,,667563265.8,0.0,0.0,143
1,[],21,[],2019-01-23 22:03:32,43094705.14945129,0.00000029,0.000000000010262781,6480236,2019-01-23 22:03:32,btc,33.35193260687657,28384916.72459442,0.00000029,btc,62867186.76467541,8.78200779,7.42592686022676,145
0,[],22,[],2019-01-23 21:57:20,0.0,0,0,6480108,2019-01-23 21:57:20,,2.39270934,0.0,0,,786514.0,0.0,0.0,146
,[],22,[],2018-11-20 23:01:11,0.0,0,0,4862114,2018-11-20 23:01:11,,2.56807021,0.0,,,61828.4988236,0.0,0.0,147
1,[],12,[],2019-01-23 22:03:22,8696740.29276718,0.000005100000000000000298610962345957631214332650415599346160888671875,0.00000000018048339,6480229,2019-01-23 22:03:22,btc,17.07831166833715,0.0,0.000005100000000000000298610962345957631214332650415599346160888671875,btc,111533.02891109,0.0016942842573564,0.112617586361443,148
1,[],4,[],2019-01-23 22:04:00,111789.6074185,0.00000038,0.000000000013447782,6480255,2019-01-23 22:04:00,btc,0.696510137123281,0.0,0.00000038,btc,522239.78263584,0.00171599,0.0312220905090131,152
0,[],22,[],2019-01-23 22:04:03,0.0,0,0,6480256,2019-01-23 22:04:03,,0.0,0.0,0,,0.0,0.0,0.0,152
1,[],5,[],2019-01-23 22:01:31,0.0,0,0,6480169,2019-01-23 22:01:31,btc,4.32752783,1.001e-05,0,btc,0.00161275,0.0,0.0,153
,[],16,[],2019-01-11 15:38:59,0.0,0,0,6366141,2019-01-11 15:38:59,btc,0.0,0.0,,btc,0.0,0.0,0.0,155
0,[],22,[],2019-01-23 22:01:20,0.0,0,0,6480165,2019-01-23 22:01:20,,6.78848922,0.0,0,,4237721.742592593,0.0,0.0,156
0,[],23,[],2019-01-20 23:24:29,0.0,0,0,6476932,2019-01-20 23:24:29,,0.0,0.0,0,,0.0,0.0,0.0,156
1,[],22,[],2019-01-23 22:02:19,7906.0,0.00000801,0.000000000283465089,6480194,2019-01-23 22:02:19,BTC,43.81543407,0.0,0.00000801,BTC,1572.3690079421112,0.0,0.00743836,157
0,[],22,[],2019-01-23 21:57:46,0.0,0,0,6480118,2019-01-23 21:57:46,,50175.67300261,0.0,0,,53770788.04179466,0.0,0.0,158
,[],17,[],2018-11-20 22:56:10,0.0,0,0,4861976,2018-11-20 22:56:10,btc,1.1265625,0.0,,btc,1000.0,0.0,0.0,159
,[],20,[],2018-11-20 22:56:12,0.0,0,0,4861977,2018-11-20 22:56:12,btc,11912.7940471,0.0,,btc,34413894.3617,0.0,0.0,159
1,[],12,[],2019-01-23 22:00:49,185006.03758355,0.00001075000000000000041351470858597139113044249825179576873779296875,0.000000000380430675,6480153,2019-01-23 22:00:49,btc,6.652263263096288,0.0,0.00001075000000000000041351470858597139113044249825179576873779296875,btc,13918.15908934,0.0047405315752939,0.1043688165000011,168
1,[],17,[],2019-01-23 22:00:51,29784.95,0.000001,0.0000000000353889,6480154,2019-01-23 22:00:51,btc,0.0353989844335,0.0,0.000001,btc,196.82520268,0.0,0.00716147,168
0,[],22,[],2019-01-23 22:00:41,0.0,0,0,6480147,2019-01-23 22:00:41,,1.13392792,0.0,0,,692360.5537281231,0.0,0.0,169
1,[],22,[],2019-01-23 21:57:25,54963.555555555555,0.0000003,0.00000000001061667,6480109,2019-01-23 21:57:25,BTC,2.75403855,0.0,0.0000003,BTC,67328.81207749767,0.0007427,0.00705188,171
1,[],22,[],2019-01-23 22:00:55,80172.4,0.0000002,0.00000000000707778,6480155,2019-01-23 22:00:55,BTC,2.84535942,0.0,0.0000002,BTC,235821.48728559108,0.00309663,0.00703467,173
1,[],5,[],2019-01-23 22:01:02,6.288e-05,0.00000475,0.000000000168097275,6480158,2019-01-23 22:01:02,btc,0.420626,0.01877459,0.00000475,btc,0.00035387,0.0,0.93966815,175
1,[],22,[],2019-01-23 21:56:43,56022.27333333333,0.00000150,0.00000000005308335,6480089,2019-01-23 21:56:43,BTC,0.60035542,0.0,0.00000150,BTC,118760.29444388876,0.00016607,0.04143299,176
1,[],7,[],2019-01-23 22:03:26,0.0,0,0,6480232,2019-01-23 22:03:26,btc,10931.262742621293,0.0,0,btc,125037464.01384753,0.0,0.0,178
0,[],22,[],2019-01-23 22:03:28,0.0,0,0,6480233,2019-01-23 22:03:28,,1.00242428,0.0,0,,57512.0,0.0,0.0,178
0,[],2,[],2019-01-20 23:28:34,0.0,0,0,6477001,2019-01-20 23:28:34,,0.0,0.0,0,,0.0,0.0,0.0,178
1,[],5,[],2019-01-23 22:01:57,6e-08,0.00000003,0.000000000001061667,6480183,2019-01-23 22:01:57,btc,12.64415752,0.51774878,0.00000003,btc,2.424e-05,0.0,1.82278398,179
1,[],22,[],2019-01-23 22:02:01,9708639.666666666,0.00000003,0.000000000001061667,6480184,2019-01-23 22:02:01,BTC,5.82738921,0.0,0.00000003,"BTC,LTC",17143362.451989967,0.00187099,0.42203715,179
0,[],23,[],2019-01-20 23:25:08,0.0,0,0,6476952,2019-01-20 23:25:08,,0.0,0.0,0,,0.0,0.0,0.0,179
1,[],17,[],2019-01-23 21:53:34,10504.725,0.0000001,0.0000000000035388899999999997,6480060,2019-01-23 21:53:34,btc,5.206993673128637,0.0,0.0000001,btc,7852.8949587,0.0,0.0010504725,180
1,[],22,[],2019-01-23 21:53:38,1468.0,0.00000031,0.000000000010970559,6480061,2019-01-23 21:53:38,BTC,0.22769588,0.0,0.00000031,"BTC,LTC",26805.816254853482,0.0,0.00040342,180
1,[],26,[],2019-01-23 21:53:48,0.0,0.00000010,0.00000000000353889,6480062,2019-01-23 21:53:48,btc,0.0,3674.02,0.00000010,btc,0.0,0.0,0.0,180
,[],7,[],2018-11-20 22:58:01,562227.975654,0.00000085,0.000000000036176765,4862015,2018-11-20 22:58:01,btc,21836.6059674,2491.87645172,,btc,749999.041456,0.00211021,0.127565380455,183
1,[],24,[],2019-01-23 22:00:45,0.0,0.000000000001,3.53889e-17,6480149,2019-01-23 22:00:45,btc,0.0,0.0,0.000000000001,btc,0.0,0.0,0.0,187
,[],5,[],2019-01-10 08:11:41,0.0,0,0,6347036,2019-01-10 08:11:41,btc,82.15055501,0.00261,,btc,1.19002445,0.0,0.0,187
,[],17,[],2018-11-16 20:58:10,4062536.27273,0.00000001,0.000000000000550501,4708775,2018-11-16 20:58:10,btc,3.36492563466,0.195460381006,,"btc,eth",110697919.549,0.0,0.0157628953496,187
0,[],22,[],2019-01-23 22:04:13,0.0,0,0,6480264,2019-01-23 22:04:13,,1.19410323,0.0,0,,13721.456201072173,0.0,0.0,191
0,[],22,[],2019-01-23 22:02:31,0.0,0,0,6480198,2019-01-23 22:02:31,,0.0,0.0,0,,0.0,0.0,0.0,197
0,[],23,[],2019-01-20 23:31:41,0.0,0,0,6477079,2019-01-20 23:31:41,,0.0,0.0,0,,0.0,0.0,0.0,199
1,[],26,[],2019-01-23 21:56:55,0.0,0.00000000,0,6480096,2019-01-23 21:56:55,btc,0.0,748558.0,0.00000000,btc,0.0,0.0,0.0,199
0,[],17,[],2019-01-23 22:03:30,0.0,0,0,6480234,2019-01-23 22:03:30,btc,6.802544163864759,0.0,0,btc,105897.55575295,0.0,0.0,200
0,[],2,[],2019-01-20 23:30:49,0.0,0,0,6477059,2019-01-20 23:30:49,,0.0,0.0,0,,0.0,0.0,0.0,201
1,[],4,[],2019-01-23 22:03:59,209584.63556616,0.00000967,0.000000000342210663,6480254,2019-01-23 22:03:59,btc,2.146384694830516,0.0,0.00000967,btc,173455.74462909,0.29634596,1.5130440887925172,211
1,[],7,[],2019-01-23 22:02:40,17821874.624889597,0.000001179999999999999925426948273188276772316385176964104175567626953125,0.000000000041758902,6480203,2019-01-23 22:02:40,btc,16317791.245847866,667103.153811,0.000001179999999999999925426948273188276772316385176964104175567626953125,btc,12712413.326757729,0.0,7.923363739310202,212
1,[],5,[],2019-01-23 22:03:14,5.29e-06,0.00000033,0.000000000011678337,6480222,2019-01-23 22:03:14,btc,0.89548928,0.15417478,0.00000033,btc,3.054e-05,0.0,0.14289085,213
1,[],12,[],2019-01-23 22:03:15,233931.42853209,0.0000010600000000000000155604695795119596368749625980854034423828125,0.000000000037512234,6480223,2019-01-23 22:03:15,btc,85023.03769473477,0.0,0.0000010600000000000000155604695795119596368749625980854034423828125,btc,43709.72820726,0.0005198964203311,0.0080830160622024,213
1,[],24,[],2019-01-23 22:03:16,0.0,0.000000050000,0.000000000001769445,6480224,2019-01-23 22:03:16,btc,0.0,0.0,0.000000050000,btc,0.0,0.0,0.0,213
1,[],26,[],2019-01-23 22:03:16,0.0,0.00000003,0.000000000001061667,6480225,2019-01-23 22:03:16,btc,0.0,0.0,0.00000003,btc,0.0,0.0,0.0,213
1,[],22,[],2019-01-23 21:56:29,336251.75,0.00000004,0.000000000001415556,6480084,2019-01-23 21:56:29,BTC,70.2216567,0.0,0.00000004,BTC,174000.46129395306,0.0003432,0.00700807,216
1,[],27,[],2019-01-23 21:56:31,5077895.0,0.00000011,0.000000000003892779,6480085,2019-01-23 21:56:31,btc,619.88519807916,0.0,0.00000011,"btc,ltc",268896.09411,0.0,0.052497,216
1,[],22,[],2019-01-23 22:04:20,286680.98182760586,0.00000224,0.000000000079271136,6480266,2019-01-23 22:04:20,BTC,12547.88031727,0.0,0.00000224,BTC,358851.04314279975,0.12321783,0.40109,217
1,[],7,[],2019-01-23 21:57:52,0.0,0,0,6480122,2019-01-23 21:57:52,btc,302.5729991391106,0.0,0,btc,133152724.1214003,0.0,0.0,219
0,[],27,[],2019-01-23 21:57:54,0.0,0,0,6480123,2019-01-23 21:57:54,,0.0747309448198,0.0,0,btc,1605140.29226592,0.0,0.0,219
0.0000000000000057,[],28,[],2019-01-23 21:57:56,238816286.198,2.280057e-18,8.068870916730001e-23,6480124,2019-01-23 21:57:56,doge,143035.5147817675,566532.0,0.00040001,"btc,doge",6859472.34751,0.0,1.738649571899051e-11,219
1,[],22,[],2019-01-23 22:00:17,204716.0,0.0000007,0.00000000002477223,6480130,2019-01-23 22:00:17,BTC,2.08260673,0.0,0.0000007,BTC,18722.55212317522,0.01222786,0.02105448,221
1,[],24,[],2019-01-23 22:00:18,0.0,0.000000800000,0.00000000002831112,6480131,2019-01-23 22:00:18,btc,0.0,0.0,0.000000800000,btc,0.0,0.0,0.0,221
1,[],26,[],2019-01-23 22:03:30,0.0,0.00000002,0.000000000000707778,6480235,2019-01-23 22:03:30,btc,0.0,10714.0,0.00000002,btc,0.0,0.0,0.0,231
1,[],26,[],2019-01-23 22:03:10,0.0,0.00000003,0.000000000001061667,6480220,2019-01-23 22:03:10,btc,0.0,100.0,0.00000003,btc,0.0,0.0,0.0,234
0,[],27,[],2019-01-23 22:03:12,0.0,0,0,6480221,2019-01-23 22:03:12,,0.001146299618,0.0,0,"btc,eth",11462.99618,0.0,0.0,234
0,[],22,[],2019-01-23 21:57:35,0.0,0,0,6480111,2019-01-23 21:57:35,,3.11852563,0.0,0,,90313875.02329598,0.0,0.0,235
1,[],4,[],2019-01-23 22:04:04,721300.7494382,0.00000105,0.000000000037158345,6480257,2019-01-23 22:04:04,btc,0.37346098047231,0.0,0.00000105,btc,269056.89620885,0.11560193,0.2491464608782515,236
1,[],24,[],2019-01-23 22:04:04,0.0,0.000000010000,0.000000000000353889,6480258,2019-01-23 22:04:04,btc,0.0,0.0,0.000000010000,btc,0.0,0.0,0.0,236
1,[],20,[],2019-01-23 22:03:07,32655028.8285,0.000000057,0.0000000000020171673,6480218,2019-01-23 22:03:07,btc,13.8942892298799,24742562.2,0.000000057,btc,23087711.5548,1.4965905523907,0.2867719974177,237
0,[],22,[],2019-01-23 22:03:10,0.0,0,0,6480219,2019-01-23 22:03:10,,0.04083605,0.0,0,,4179.0,0.0,0.0,237
1,[],4,[],2019-01-23 22:00:46,5109291.42312441,0.00000031,0.000000000010970559,6480151,2019-01-23 22:00:46,btc,0.5709897399614811,0.0,0.00000031,btc,1692094.61169451,0.25264994,1.470392218534549,238
1,[],5,[],2019-01-23 22:00:47,3.96e-06,0.00000032,0.000000000011324448,6480152,2019-01-23 22:00:47,btc,0.60622001,3.935e-05,0.00000032,btc,2.906e-05,0.0,0.20697689,238
1,[],22,[],2019-01-23 22:00:59,281968.75,0.00000005,0.000000000001769445,6480156,2019-01-23 22:00:59,BTC,15.40308959,0.0,0.00000005,BTC,224038.69643307183,0.00012245,0.00945438,249
0.0000000000890537,[],22,[],2019-01-23 22:00:32,2422166.0,4.452685e-18,1.575756241965e-22,6480141,2019-01-23 22:00:32,LTC,0.43490749,0.0,0.00000005,LTC,12631887.29,7.97030615e-13,0.04470538,252
1,[],28,[],2019-01-23 22:01:40,3215469.1,0.00000009,0.000000000003185001,6480174,2019-01-23 22:01:40,btc,164692.82142318288,340845.71,0.00000009,btc,1085873.4025,0.0,0.05558683991,256
0,[],27,[],2019-01-23 21:54:17,0.0,0,0,6480077,2019-01-23 21:54:17,,4.96668,0.0,0,"btc,eth",90.59,0.0,0.0,257
1,[],22,[],2019-01-23 21:57:05,55635.166666666664,0.00000009,0.000000000003185001,6480101,2019-01-23 21:57:05,BTC,35605.68088025,0.0,0.00000009,BTC,709585.3310213444,8.949e-05,0.00078396,258
1,[],22,[],2019-01-23 22:04:16,6620.804,0.00000750,0.00000000026541675,6480265,2019-01-23 22:04:16,BTC,4.68382194,0.0,0.00000750,BTC,5828.378238095238,0.0,0.03359089,262
1,[],5,[],2019-01-23 22:03:56,4.031e-05,0.00000207,0.000000000073255023,6480252,2019-01-23 22:03:56,btc,5.80566074,0.12436475,0.00000207,btc,0.00747596,0.0,0.11876408,264
1,[],20,[],2019-01-23 22:03:58,1789226.5482,0.000001703,0.0000000000602672967,6480253,2019-01-23 22:03:58,btc,5.1529642730957,6466.0097,0.000001703,btc,86224.0867,0.0490723280411,0.0420160509557,264
1,[],22,[],2019-01-23 21:56:35,150501.0,0.00000018,0.000000000006370002,6480086,2019-01-23 21:56:35,BTC,126.56366524,0.0,0.00000018,BTC,200556.05470818645,0.00030876,0.00460907,271
0,[],22,[],2019-01-23 21:57:10,0.0,0,0,6480103,2019-01-23 21:57:10,,105.69699934,0.0,0,,10568699925.0,0.0,0.0,272
0.0000000000000057,[],28,[],2019-01-23 21:57:14,361464652681.25,2.8500000000000002e-21,1.0085836500000001e-25,6480104,2019-01-23 21:57:14,doge,4431971.265060808,1007601306.0,0.0000005,doge,122797538596.127,0.0,4.928685925096215e-10,272
