pairValue,buyBook,exchangeId,sellBook,updated,buyTotal,satoshiPrice,usdPrice,exchangeLogId,created,bestPair,sellTotalBtc,volume,pairPrice,activePairs,sellTotal,volumeBtc,buyTotalBtc,coinId
1,[],3,[],2019-02-04 17:49:12,110.458783485351,0.01222222000000000065311756003438858897425234317779541015625,0.00000042315158973000007,6582040,2019-02-04 17:49:12,btc,107.06815855992616,0.31692584,0.01222222000000000065311756003438858897425234317779541015625,btc,22.259783066672,0.0,0.2607417799920458,1
1,[],4,[],2019-02-04 17:49:13,25073.96633441,0.01227438,0.00000042495744717,6582041,2019-02-04 17:49:13,btc,0.9488952995043994,0.0,0.01227438,btc,73.12910066,0.63853307,1.1789645516120126,1
1,[],5,[],2019-02-04 17:49:15,0.26020647,0.01232177,0.00000042659816005500004,6582042,2019-02-04 17:49:15,btc,14578.00075584,0.97051956,0.01232177,btc,35555556.03709124,0.0,1.56380812,1
1,[],10,[],2019-02-04 17:49:17,271611.08367652,0.01213399,0.00000042009693478500007,6582043,2019-02-04 17:49:17,btc,6533.443499874621,1521.02037775,0.01213399,btc,1054.71372459,0.0,4.815519146296764,1
1,[],12,[],2019-02-04 17:49:20,10427.05210892,0.0122500000000000004718447854656915296800434589385986328125,0.000000424113375,6582044,2019-02-04 17:49:20,btc,0.3551787449525,0.0,0.0122500000000000004718447854656915296800434589385986328125,btc,22.45282625,0.9485421257913,0.2334907032852,1
1,[],20,[],2019-02-04 17:49:21,1150.3103,0.01200001,0.000000415458346215,6582045,2019-02-04 17:49:21,btc,0.0566246204203,0.0354,0.01200001,btc,2.488,0.000424800354,0.0967650198377,1
1,[],21,[],2019-02-04 17:49:22,2477.46707544,0.01224739000000000035961456035,0.000000424023012885,6582046,2019-02-04 17:49:22,btc,22.53225444594491,2429.5370399599997,0.0122473900000000003596145603523837053216993808746337890625,"btc,eth",2456.06597139,25.079972418750092,22.726495722639772,1
1,[],22,[],2019-02-04 17:49:26,0.0263776,0.01350000,0.00000046739025,6582047,2019-02-04 17:49:26,BTC,0.31397231,0.0,0.01350000,BTC,0.10124366666666666,0.0,0.00034472,1
1,[],24,[],2019-02-04 17:49:27,0.0,0.000000000000,0,6582048,2019-02-04 17:49:27,btc,0.0,0.0,0.000000000000,btc,0.0,0.0,0.0,1
0.0,[],25,[],2019-02-04 17:49:27,0.0,0,0,6582049,2019-02-04 17:49:27,btc,14.303399997888201,1391.53231119,0.0,btc,1106.489889,17.32,0.0,1
1,[],26,[],2019-02-04 17:49:38,0.0,0,0,6582050,2019-02-04 17:49:38,,0.0,0.0,0,,0.0,0.0,0.0,1
1,[],28,[],2019-02-04 17:49:39,987.9,0.01131000,0.000000391569165,6582051,2019-02-04 17:49:39,btc,0.162839806,17958.8,0.01131000,btc,8.9,0.0,0.024551096,1
0,[],2,[],2019-01-20 23:28:45,0.0,0,0,6477011,2019-01-20 23:28:45,,0.0,0.0,0,,0.0,0.0,0.0,1
1,[],5,[],2019-02-04 17:49:41,2.073e-05,0.00000072,0.00000000002492748,6582052,2019-02-04 17:49:41,btc,0.16624871,2.248e-05,0.00000072,btc,7.019e-05,0.0,0.45799324,2
0,[],22,[],2019-02-04 17:49:44,0.0,0,0,6582053,2019-02-04 17:49:44,,0.0,0.0,0,,0.0,0.0,0.0,2
1,[],5,[],2019-02-04 17:49:46,1.42e-06,0.00000017,0.000000000005885655,6582054,2019-02-04 17:49:46,btc,3.31475034,0.19087874,0.00000017,btc,2.267e-05,0.0,3.75669737,3
1,[],12,[],2019-02-04 17:49:47,12684673.96961982,0.000000168,0.000000000005816412,6582055,2019-02-04 17:49:47,btc,921361.5573015413,0.0,0.000000168,btc,8300243.76968789,0.1345179698949351,0.5766970378091748,3
0,[],28,[],2019-02-04 17:49:48,0.0,0,0,6582056,2019-02-04 17:49:48,,0.0,0.0,0,,0.0,0.0,0.0,3
0,[],2,[],2019-01-20 23:31:32,0.0,0,0,6477077,2019-01-20 23:31:32,,0.0,0.0,0,,0.0,0.0,0.0,4
1,[],4,[],2019-02-04 17:49:49,359107.43913984,0.00000031,0.000000000010732665,6582057,2019-02-04 17:49:49,btc,0.327541711031863,0.0,0.00000031,btc,333686.6498222,0.00022455,0.0398246231999024,4
1,[],12,[],2019-02-04 11:45:00,1455062.5219999999,0.00000006,0.000000000002067366,6580089,2019-02-04 11:45:00,btc,11014978.33387675,0.0,0.00000006,btc,913905.39031991,0.0043587519080919,0.03000872044,5
0,[],2,[],2019-01-20 23:31:51,0.0,0,0,6477087,2019-01-20 23:31:51,,0.0,0.0,0,,0.0,0.0,0.0,6
1,[],11,[],2019-02-04 17:49:51,9252109.4999525,0.00000002,0.00000000000069243,6582058,2019-02-04 17:49:51,btc,9433.401314118097,2216416.00005,0.00000002,btc,42116650.65169307,0.0,0.14860267499905,6
1,[],3,[],2019-02-04 17:49:52,1069.652384675756,0.000150559999999999995050348200464895853656344115734100341796875,0.00000000521261304,6582059,2019-02-04 17:49:52,btc,28.510202753279106,0.0,0.000150559999999999995050348200464895853656344115734100341796875,btc,234.145665820227,0.0,0.030997767816609203,7
1,[],4,[],2019-02-04 17:49:52,28090.35262762,0.00019737,0.000000006833245455,6582060,2019-02-04 17:49:52,btc,3.4762242104664223,0.0,0.00019737,btc,15352.42820307,3.83324564,4.652792007178154,7
1,[],5,[],2019-02-04 17:49:54,0.00642262,0.00019551,0.000000006768849465000001,6582061,2019-02-04 17:49:54,btc,1.25196965,0.46885401,0.00019551,btc,0.01223313,0.0,1.68737247,7
1,[],20,[],2019-02-04 17:49:56,66461509.91,0.000000001,0.0000000000000346215,6582062,2019-02-04 17:49:56,btc,116.1335270767722,0.0,0.000000001,btc,29825029.7669,0.0,0.06646150991,8
1,[],1,[],2019-02-04 17:49:57,4282575.43,0.000001940000000000000060442102711721901187047478742897510528564453125,0.00000000006716571,6582063,2019-02-04 17:49:57,btc,5.1987463732,12041699.06,0.000001940000000000000060442102711721901187047478742897510528564453125,btc,2595515.56,23.79325224,8.1986374123,9
1,[],4,[],2019-02-04 17:49:57,483444.66621424,0.00000192,0.00000000006647328,6582064,2019-02-04 17:49:57,btc,1.1647631737152968,0.0,0.00000192,btc,568604.6091083,0.85494757,0.8788040801211108,9
1,[],28,[],2019-02-04 17:49:59,34500.0,0.00000165,0.000000000057125475000000006,6582065,2019-02-04 17:49:59,btc,2708.7727197804,3620348.0,0.00000165,btc,15427.14,0.0,0.02854,9
0,[],2,[],2019-01-20 23:22:42,0.0,0,0,6476876,2019-01-20 23:22:42,,0.0,0.0,0,,0.0,0.0,0.0,9
0,[],23,[],2019-01-20 23:22:48,0.0,0,0,6476878,2019-01-20 23:22:48,,0.0,0.0,0,,0.0,0.0,0.0,9
1,[],4,[],2019-02-04 13:46:54,7341799.37826053,0.00000002,0.0000000000006899800000000001,6580850,2019-02-04 13:46:54,btc,0.1999615409270056,0.0,0.00000002,btc,4135980.29534268,0.00062922,0.0786653918652106,10
1,[],4,[],2019-02-04 17:50:00,2446600.88154495,0.00000139,0.000000000048123885000000004,6582066,2019-02-04 17:50:00,btc,1.347308691883067,0.0,0.00000139,btc,939169.77278854,1.28324087,3.1470766278538163,12
1,[],5,[],2019-02-04 17:50:01,1.452e-05,0.00000135,0.000000000046739025000000004,6582067,2019-02-04 17:50:01,btc,0.6386963,1.07249208,0.00000135,btc,0.00012475,0.0,0.37561663,12
0.0,[],25,[],2019-02-04 17:50:02,0.0,0,0,6582068,2019-02-04 17:50:02,,0.0,0.0,0.0,btc,0.0,0.0,0.0,12
0,[],2,[],2019-01-20 23:23:08,0.0,0,0,6476890,2019-01-20 23:23:08,,0.0,0.0,0,,0.0,0.0,0.0,12
1,[],4,[],2019-02-04 17:50:03,277074.48535987,0.00000614,0.00000000021257601000000001,6582069,2019-02-04 17:50:03,btc,0.4981383359336248,0.0,0.00000614,btc,74077.11585751,0.7981295,1.1440553727380005,13
1,[],10,[],2019-02-04 17:50:06,602126.6803666,0.00000608,0.00000000021049872,6582070,2019-02-04 17:50:06,btc,666809.6464359144,5537.05813314,0.00000608,btc,738564.85640815,0.0,0.7921315381551784,13
1,[],21,[],2019-02-04 17:50:07,1124138.99962969,0.000006170000000000000218427706478,0.000000000213614655,6582071,2019-02-04 17:50:07,btc,4.166809971215553,496001.76778477,0.00000617000000000000021842770647761966529287747107446193695068359375,btc,602874.14743048,3.10613253,5.814736810521335,13
1,[],4,[],2019-02-04 17:50:08,1127390.68386474,0.00000140,0.0000000000484701,6582072,2019-02-04 17:50:08,btc,0.1663025808931604,0.0,0.00000140,btc,82368.35435421,0.02074582,0.4213019246668272,14
1,[],12,[],2019-02-04 17:50:10,86747.42857143,0.000001300000000000000047051663780439678674838432925753295421600341796875,0.00000000004500795,6582073,2019-02-04 17:50:10,btc,1.7865149981493762,0.0,0.000001300000000000000047051663780439678674838432925753295421600341796875,btc,38139.00835211,0.0010286200000076,0.0103567300000016,14
0,[],17,[],2019-02-04 17:50:12,0.0,0,0,6582074,2019-02-04 17:50:12,btc,0.0,0.0,0,btc,0.0,0.0,0.0,14
1,[],26,[],2019-02-04 17:50:12,0.0,0.00000049,0.000000000016964535,6582075,2019-02-04 17:50:12,btc,0.0,0.0,0.00000049,btc,0.0,0.0,0.0,14
0,[],4,[],2019-02-04 17:50:12,0.0,0,0,6582076,2019-02-04 17:50:12,,0.0,0.0,0,,0.0,0.0,0.0,15
,[],12,[],2018-12-01 15:15:48,204241.84496,0.00000489,0.000000000202473384,5260204,2018-12-01 15:15:48,btc,49.5475654835,0.0,,btc,35763.2193806,0.0163153972027625,0.0203389899998,15
1,[],4,[],2019-02-04 17:50:14,27094.77844732,0.00001838,0.0000000006363431700000001,6582077,2019-02-04 17:50:14,btc,2.217437581689741,0.0,0.00001838,btc,7531.12681197,0.02401063,0.1175731071899164,18
1,[],10,[],2019-02-04 17:50:16,397149.16816831,0.00001741,0.0000000006027603150000001,6582078,2019-02-04 17:50:16,btc,15.588677152443537,7715.95752102,0.00001741,btc,12562.502636,0.0,0.3055608305927716,18
1,[],12,[],2019-02-04 17:50:18,200752.11399729998,0.0000161600000000000011322019710657826863098307512700557708740234375,0.00000000055948344,6582079,2019-02-04 17:50:18,btc,0.1855517169406319,0.0,0.0000161600000000000011322019710657826863098307512700557708740234375,btc,1700.82700711,0.0009029565151486,0.0159169121620487,18
0,[],17,[],2019-02-04 17:50:20,0.0,0,0,6582080,2019-02-04 17:50:20,btc,0.0,0.0,0,btc,0.0,0.0,0.0,18
0,[],2,[],2019-01-20 23:23:38,0.0,0,0,6476906,2019-01-20 23:23:38,,0.0,0.0,0,,0.0,0.0,0.0,18
1,[],3,[],2019-02-04 17:50:22,113495.48043714708,0.000028500000000000001569057384021022016895585693418979644775390625,0.00000000098671275,6582081,2019-02-04 17:50:22,btc,0.41204162253267745,853.154775524,0.000028500000000000001569057384021022016895585693418979644775390625,btc,5315.205267496272,0.0,0.23542564257692708,19
1,[],4,[],2019-02-04 17:50:22,59964.21317448,0.00002860,0.0000000009901749,6582082,2019-02-04 17:50:22,btc,0.2712106226549334,0.0,0.00002860,btc,8755.58710064,0.33505293,0.5272132196246186,19
1,[],5,[],2019-02-04 17:50:24,0.00022484,0.00002561,0.000000000886656615,6582083,2019-02-04 17:50:24,btc,0.27786509,0.01365754,0.00002561,btc,0.00313869,0.0,0.18286261,19
1,[],12,[],2019-02-04 17:50:25,133588.87443666,0.00002822000000000000086174990754361857625553966499865055084228515625,0.0000000009770187300000001,6582084,2019-02-04 17:50:25,btc,1.996478629575111,0.0,0.00002822000000000000086174990754361857625553966499865055084228515625,btc,537.9523619,0.0014848014187708,0.0316898266025452,19
0,[],27,[],2019-02-04 17:50:31,0.0,0,0,6582085,2019-02-04 17:50:31,,0.0,0.0,0,btc,0.0,0.0,0.0,19
0,[],2,[],2019-01-20 23:24:19,0.0,0,0,6476924,2019-01-20 23:24:19,,0.0,0.0,0,,0.0,0.0,0.0,19
1,[],4,[],2019-02-04 17:50:32,8006180.3054235,0.00000013,0.000000000004500795,6582086,2019-02-04 17:50:32,btc,0.8116717874116198,0.0,0.00000013,btc,1595552.31051721,0.0,0.2554230874915714,20
1,[],4,[],2019-02-04 17:50:36,122921861.40022224,0.00000002,0.00000000000069243,6582087,2019-02-04 17:50:36,btc,0.6237694736658483,0.0,0.00000002,btc,15372948.00229118,0.0012638,1.468014812214285,21
1,[],12,[],2019-02-04 17:50:37,19029387.0,0.00000002,0.00000000000069243,6582088,2019-02-04 17:50:37,btc,668.5451868047564,0.0,0.00000002,btc,8549966.70429836,1.6585014985e-06,0.25352231000000003,21
0,[],17,[],2019-02-04 17:50:39,0.0,0,0,6582089,2019-02-04 17:50:39,btc,0.0,0.0,0,btc,0.0,0.0,0.0,21
1,[],12,[],2019-02-04 17:50:41,2162354448.5458817,0.0000000002,0.000000000000006924300000000001,6582090,2019-02-04 17:50:41,btc,1729404717665.165,0.0,0.0000000002,btc,5130040066.432782,0.259381629944658,0.22285992275598684,23
0,[],27,[],2019-02-04 17:50:46,0.0,0,0,6582091,2019-02-04 17:50:46,,0.424699,0.0,0,eth,424699.0,0.0,0.0,23
1,[],4,[],2019-02-04 17:50:47,3611638.62008968,0.00000080,0.0000000000276972,6582092,2019-02-04 17:50:47,btc,0.077386382170194,0.0,0.00000080,btc,70233.92220237,0.00761667,0.4511161268113057,24
1,[],22,[],2019-02-04 17:50:50,11.76,0.00000100,0.0000000000346215,6582093,2019-02-04 17:50:50,BTC,7.415e-05,0.0,0.00000100,BTC,23.919354838709676,0.0,1.176e-05,24
0.0,[],25,[],2019-02-04 17:50:51,0.0,0,0,6582094,2019-02-04 17:50:51,,0.0,0.0,0.0,btc,0.0,0.0,0.0,24
1,[],4,[],2019-02-04 17:50:52,27842496.41883646,0.00000685,0.000000000237157275,6582095,2019-02-04 17:50:52,btc,0.4402789437317102,0.0,0.00000685,btc,37767.58988272,0.12617914,0.4725212280782169,26
1,[],10,[],2019-02-04 17:50:54,730839.73533438,0.00000588,0.00000000020357442,6582096,2019-02-04 17:50:54,btc,25.975773677598465,0.0,0.00000588,btc,13118.16646401,0.0,0.2070550833237349,26
0,[],2,[],2019-01-20 23:25:56,0.0,0,0,6476976,2019-01-20 23:25:56,,0.0,0.0,0,,0.0,0.0,0.0,26
1,[],3,[],2019-02-04 17:50:54,7899546.28416656,0.00000002,0.00000000000069243,6582097,2019-02-04 17:50:54,btc,2.5122377529370286,86455.1486685,0.00000002,btc,16106561.97591972,0.0,0.0925223452948169,27
1,[],5,[],2019-02-04 17:50:56,1e-08,0.00000001,0.000000000000346215,6582098,2019-02-04 17:50:56,btc,1.17706403,0.00391829,0.00000001,btc,4.362e-05,0.0,0.15710101,27
1,[],11,[],2019-02-04 17:50:58,10065216.691211501,0.00000005,0.000000000001731075,6582099,2019-02-04 17:50:58,btc,370.63310344475406,550157.720616,0.00000005,btc,8170877.7193934005,0.0,0.4661316134459823,27
1,[],4,[],2019-02-04 17:50:59,289587096.56643677,0.00000003,0.000000000001038645,6582100,2019-02-04 17:50:59,btc,3.979069493448155,0.0,0.00000003,"btc,ltc",117716427.04409502,0.96568044,3.208229372543824,29
1,[],7,[],2019-02-04 17:51:00,39719460.44287711,0.00000003,0.000000000001038645,6582101,2019-02-04 17:51:00,btc,44465206.20563481,606662.00959,0.00000003,btc,40680024.89808779,0.0,0.7239454071361162,29
1,[],4,[],2019-02-04 17:51:00,1404647.2903658,0.00000029,0.000000000010040235,6582102,2019-02-04 17:51:00,btc,0.2553676171100699,0.0,0.00000029,btc,540587.72401225,0.00462617,0.090773946742417,30
0,[],17,[],2019-02-04 17:51:02,0.0,0,0,6582103,2019-02-04 17:51:02,btc,0.0,0.0,0,btc,0.0,0.0,0.0,30
1,[],4,[],2019-02-04 17:51:03,1135391.2201975,0.00006870,0.0000000023784970500000003,6582104,2019-02-04 17:51:03,btc,1.5621205026333438,0.0,0.00006870,btc,18750.71718645,0.96523642,1.8687526101752465,31
1,[],21,[],2019-02-04 17:51:04,52482.48043843,0.00006904000000000000305915015542,0.0000000023902683600000004,6582105,2019-02-04 17:51:04,btc,1.5868200765509097,94235.56516586,0.00006904000000000000305915015541557977485354058444499969482421875,btc,21489.468342879998,6.68462296,3.194074683205985,31
0,[],2,[],2019-01-20 23:28:43,0.0,0,0,6477009,2019-01-20 23:28:43,,0.0,0.0,0,,0.0,0.0,0.0,32
1,[],4,[],2019-02-04 17:51:05,147727649.09811556,0.00000005,0.000000000001731075,6582106,2019-02-04 17:51:05,btc,1.1902371186604548,0.0,0.00000005,"btc,ltc",23595149.3631723,0.66905893,2.6097703980378975,33
1,[],12,[],2019-02-04 17:51:06,18381637.0,0.00000006,0.00000000000207729,6582107,2019-02-04 17:51:06,btc,17261782.2845975,0.0,0.00000006,btc,89736224.76823159,0.0373288696170632,0.6806608199999999,33
1,[],4,[],2019-02-04 17:51:07,110005637.07815793,0.00000002,0.00000000000069243,6582108,2019-02-04 17:51:07,btc,0.7714334331524844,0.0,0.00000002,btc,25714447.77174948,0.00516819,1.1009450778415792,34
1,[],5,[],2019-02-04 17:51:09,1e-08,0.00000001,0.000000000000346215,6582109,2019-02-04 17:51:09,btc,3.92263216,0.00202364,0.00000001,btc,1.343e-05,0.0,0.74413633,34
0.0000000000983767,[],4,[],2019-02-04 17:51:09,1237231050.2716665,2.951301e-18,1.021784675715e-22,6582110,2019-02-04 17:51:09,ltc,8.12677641506264e-09,0.0,0.00000003,ltc,1630235562.0455277,0.0,2.285426975632285e-09,36
1,[],5,[],2019-02-04 17:51:10,0.0,0,0,6582111,2019-02-04 17:51:10,btc,204.33336467,0.0,0,btc,1.295e-05,0.0,0.0,36
0,[],17,[],2019-02-04 17:51:12,0.0,0,0,6582112,2019-02-04 17:51:12,btc,0.07494043761190312,0.0,0,btc,4134847.20243647,0.0,0.0,36
0.0000000000983767,[],27,[],2019-02-04 17:51:17,1000000.0,1.967534e-18,6.8118978381e-23,6582113,2019-02-04 17:51:17,ltc,447.7307979714,0.0,0.00000002,"ltc,eth",3711879.16,0.0,1.967534e-12,36
1,[],4,[],2019-02-04 17:51:18,376626.62814827,0.00000142,0.00000000004916253,6582114,2019-02-04 17:51:18,btc,0.3849041888150054,0.0,0.00000142,btc,203087.22919558,0.06891138,0.31212662217488,37
1,[],12,[],2019-02-04 17:51:20,410693.43498513,0.000001480000000000000017730500227741696761540879379026591777801513671875,0.00000000005123982,6582115,2019-02-04 17:51:20,btc,1331.075991503786,0.0,0.000001480000000000000017730500227741696761540879379026591777801513671875,btc,781891.87347341,0.3633593490255589,0.2855047553999985,37
1,[],17,[],2019-02-04 17:51:21,1752.74075282,0.00000025,0.000000000008655375,6582116,2019-02-04 17:51:21,btc,0.0554849239659899,0.0,0.00000025,btc,1387.19918473,0.0,0.00043818518820499993,37
1,[],27,[],2019-02-04 17:51:25,16843.0,0.00000046,0.00000000001592589,6582117,2019-02-04 17:51:25,btc,43.30929497030353,0.0,0.00000046,btc,29579.81438508,0.0,0.00561124,37
1,[],5,[],2019-02-04 17:51:27,1.503e-05,0.00000097,0.000000000033582855,6582118,2019-02-04 17:51:27,btc,0.10514018,0.08629484,0.00000097,btc,0.00011212,0.0,0.04682771,42
1,[],12,[],2019-02-04 17:51:28,149511.56446467,0.00000110000000000000005610204141526242693771564518101513385772705078125,0.000000000038083650000000006,6582119,2019-02-04 17:51:28,btc,85.06829278482415,0.0,0.00000110000000000000005610204141526242693771564518101513385772705078125,btc,97943.05057228,0.0065767488873821,0.0512914900000089,42
0,[],27,[],2019-02-04 17:51:34,0.0,0,0,6582120,2019-02-04 17:51:34,,0.00315028,0.0,0,"btc,eth",11.007,0.0,0.0,42
1,[],5,[],2019-02-04 17:51:36,3e-08,0.00000002,0.00000000000069243,6582121,2019-02-04 17:51:36,btc,6.09448901,0.0070446,0.00000002,btc,1.425e-05,0.0,0.52678241,43
1,[],12,[],2019-02-04 17:51:37,6402130.0,0.00000002,0.00000000000069243,6582122,2019-02-04 17:51:37,btc,20007456.464672454,0.0,0.00000002,btc,38833161.74765234,0.0,0.06402145000000001,43
0,[],17,[],2019-02-04 17:51:38,0.0,0,0,6582123,2019-02-04 17:51:38,btc,0.0,0.0,0,btc,0.0,0.0,0.0,43
1,[],12,[],2019-02-04 17:51:40,870580.0,0.00000007,0.0000000000024235050000000004,6582124,2019-02-04 17:51:40,btc,11115205.975253943,0.0,0.00000007,btc,988268.57342656,0.0012251142657347,0.02607607,44
1,[],4,[],2019-02-04 17:51:41,234638653.73245037,0.00000002,0.00000000000069243,6582125,2019-02-04 17:51:41,btc,0.18088827522976672,0.0,0.00000002,"btc,ltc",8199712.59428555,0.00868755,0.5350616868710185,49
0.0000000000983767,[],4,[],2019-02-04 17:51:42,4873220923.90257,9.83767e-19,3.40594891905e-23,6582126,2019-02-04 17:51:42,ltc,4.645173504093823,0.0,0.00000001,ltc,1829032156.2967892,0.0,4.794113928644859e-09,52
0,[],22,[],2019-02-04 17:51:45,0.0,0,0,6582127,2019-02-04 17:51:45,,3693.1548887,0.0,0,,247203597.90882352,0.0,0.0,57
0,[],27,[],2019-02-04 17:51:50,0.0,0,0,6582128,2019-02-04 17:51:50,,0.0,0.0,0,"btc,eth",0.0,0.0,0.0,57
0.0000000000983767,[],4,[],2019-02-04 17:51:51,1406538676.332188,4.918835e-18,1.7029744595250001e-22,6582129,2019-02-04 17:51:51,ltc,3.2882093421346585,0.0,0.00000005,ltc,1123720164.6058567,0.0,5.369798476584967e-09,58
1,[],12,[],2019-02-04 17:51:53,2071282818.843957,0.0000000005,0.00000000000001731075,6582130,2019-02-04 17:51:53,btc,625181487118.4496,0.0,0.0000000005,btc,3160751185.7113886,0.02700568366113886,0.7506409777011391,58
0,[],17,[],2019-02-04 17:51:54,0.0,0,0,6582131,2019-02-04 17:51:54,btc,1e+24,0.0,0,btc,41616695.95832568,0.0,0.0,58
0.0000000001225448,[],22,[],2019-02-04 17:51:57,137438.0,1.2254480000000001e-18,4.2426847932e-23,6582132,2019-02-04 17:51:57,XMR,69.8835922,0.0,0.00000001,XMR,9887963.0,0.0,0.00137438,58
1,[],5,[],2019-02-04 17:51:59,7.96e-06,0.00000065,0.000000000022503975,6582133,2019-02-04 17:51:59,btc,0.3301289,0.02195672,0.00000065,btc,0.00015926,0.0,0.04850859,61
1,[],22,[],2019-02-04 17:52:02,5111.5,0.00000011,0.000000000003808365,6582134,2019-02-04 17:52:02,BTC,1002.29606732,0.0,0.00000011,BTC,15028.700278135757,0.0,0.00051178,61
1,[],26,[],2019-02-04 17:52:02,0.0,0.00000800,0.000000000276972,6582135,2019-02-04 17:52:02,btc,0.0,0.0,0.00000800,btc,0.0,0.0,0.0,61
0,[],27,[],2019-02-04 17:52:08,0.0,0,0,6582136,2019-02-04 17:52:08,,0.12530792,0.0,0,"btc,eth",155.7688,0.0,0.0,61
1,[],28,[],2019-02-04 17:52:09,6884.304,0.0000006,0.0000000000207729,6582137,2019-02-04 17:52:09,btc,2.064635633700105,883.0,0.0000006,btc,11325.10450005,0.0,0.00216611304,61
1,[],4,[],2019-02-04 16:55:40,1345115.10594797,0.00000185,0.000000000064088995,6581738,2019-02-04 16:55:40,btc,0.7565546113211306,0.0,0.00000185,btc,264202.17198389,0.09284106,1.0311103229159673,67
0.0,[],25,[],2019-02-04 16:55:42,0.0,0,0,6581739,2019-02-04 16:55:42,,0.0,0.0,0.0,btc,0.0,0.0,0.0,67
1,[],12,[],2019-02-04 17:52:11,2437190.66344444,0.00000012,0.00000000000415458,6582138,2019-02-04 17:52:11,btc,11115995.622479763,0.0,0.00000012,btc,2416223.46069485,0.0375327065634375,0.0604755364411108,71
,[],5,[],2018-11-20 23:02:39,1.5e-07,0.00000005,0.000000000002128045,4862160,2018-11-20 23:02:39,btc,2.84511358,0.0,,btc,0.00036572,0.0,0.07381892,74
1,[],5,[],2019-01-25 15:53:51,3.303e-05,0.00000156,0.000000000055588884,6499610,2019-01-25 15:53:51,btc,1.42844212,0.0,0.00000156,btc,0.00015937,0.0,0.49487621,75
1,[],4,[],2019-02-04 17:52:13,71232175.13092338,0.00000001,0.000000000000346215,6582139,2019-02-04 17:52:13,btc,0.8164048853705091,0.0,0.00000001,btc,15307943.35273608,0.0,0.7123217513092337,81
0,[],20,[],2019-01-25 09:30:31,0.0,0,0,6495923,2019-01-25 09:30:31,btc,0.0,0.0,0,btc,0.0,0.0,0.0,81
1,[],4,[],2019-02-04 17:52:14,23678.91315952,0.00007028,0.00000000243319902,6582140,2019-02-04 17:52:14,btc,0.4809441734573336,0.0,0.00007028,btc,4873.58022154,0.05562521,0.0798065671541819,82
1,[],21,[],2019-02-04 17:52:15,82096.1484649,0.00007514999999999999707577663655,0.000000002601805725,6582141,2019-02-04 17:52:15,btc,3.516023947665083,4489.14300536,0.000075149999999999997075776636545896280949818901717662811279296875,btc,39989.4600925,0.33882007,4.117744244189443,82
0,[],17,[],2019-02-04 17:52:17,0.0,0,0,6582142,2019-02-04 17:52:17,btc,0.0447233088476774,0.0,0,btc,999127.19588126,0.0,0.0,84
0.0000000000983767,[],4,[],2019-02-04 17:52:18,334077922.504392,1.1805204e-17,4.08713870286e-22,6582143,2019-02-04 17:52:18,ltc,0.19579063228300067,0.0,0.00000012,ltc,70304548.30418517,0.00010079,1.3162803315693318e-09,85
,[],22,[],2018-11-20 23:09:34,3408.1,0.0000001,0.0000000000041895,4862324,2018-11-20 23:09:34,BTC,0.04624735,0.0,,BTC,4990.0,0.0,0.00033081,86
0,[],22,[],2019-02-04 17:52:20,0.0,0,0,6582144,2019-02-04 17:52:20,,2.07810912,0.0,0,,154826.94736842104,0.0,0.0,87
0,[],27,[],2019-02-04 17:52:24,0.0,0,0,6582145,2019-02-04 17:52:24,,0.0,0.0,0,btc,0.0,0.0,0.0,87
,[],2,[],2018-11-20 23:10:47,0.0,0,0,4862359,2018-11-20 23:10:47,,0.0,0.0,,,0.0,0.0,0.0,88
1,[],11,[],2019-02-04 17:52:26,101253.49026747,0.0001832100000000000026255386753604170735343359410762786865234375,0.000000006343005015000001,6582146,2019-02-04 17:52:26,btc,245.84913693675858,3750.81352418,0.0001832100000000000026255386753604170735343359410762786865234375,btc,183858.88947277,0.0,7.3628373668047375,89
0,[],2,[],2019-01-20 23:31:45,0.0,0,0,6477083,2019-01-20 23:31:45,,0.0,0.0,0,,0.0,0.0,0.0,91
1,[],12,[],2019-02-04 17:52:28,463077.71677287,0.000003549999999999999892295356185289989525699638761579990386962890625,0.000000000122906325,6582147,2019-02-04 17:52:28,btc,1115.3681534435905,0.0,0.000003549999999999999892295356185289989525699638761579990386962890625,btc,35317.94268241,0.0095915684137136,0.120751543699864,91
0,[],17,[],2019-02-04 17:52:29,0.0,0,0,6582148,2019-02-04 17:52:29,btc,0.0,0.0,0,btc,0.0,0.0,0.0,91
0.0000000000983767,[],22,[],2019-02-04 17:52:33,25823826.0,4.918835e-18,1.7029744595250001e-22,6582149,2019-02-04 17:52:33,LTC,8.80623359,0.0,0.00000005,LTC,76324729.6,0.0,0.95795662,95
0.0000000000983767,[],4,[],2019-02-04 17:52:34,132255686.53660077,9.83767e-17,3.40594891905e-21,6582150,2019-02-04 17:52:34,ltc,1.0786685702877994,0.0,0.00000100,ltc,69098185.67305765,0.00020951,6.809621900633238e-10,96
1,[],12,[],2019-02-04 17:52:35,224403.0,0.00000001,0.000000000000346215,6582151,2019-02-04 17:52:35,btc,255063.4218704056,0.0,0.00000001,btc,8940018.33297676,6.5e-06,0.00224403,96
0,[],17,[],2019-02-04 17:52:37,0.0,0,0,6582152,2019-02-04 17:52:37,btc,0.0,0.0,0,btc,0.0,0.0,0.0,96
1,[],4,[],2019-02-04 17:52:38,1427748.1340837,0.00000033,0.000000000011425095,6582153,2019-02-04 17:52:38,btc,0.1298578758098629,0.0,0.00000033,btc,275112.80544768,0.04339081,0.1136110113156141,99
0,[],2,[],2019-01-20 23:23:55,0.0,0,0,6476914,2019-01-20 23:23:55,,0.0,0.0,0,,0.0,0.0,0.0,100
1,[],4,[],2019-02-04 17:52:39,64343.12207863,0.00004400,0.000000001523346,6582154,2019-02-04 17:52:39,btc,1.2237692279354813,0.0,0.00004400,btc,24947.39539234,0.55305975,2.5315180036238814,100
1,[],22,[],2019-02-04 17:52:44,50000.0,0.00000001,0.000000000000346215,6582155,2019-02-04 17:52:44,BTC,23.50383609,0.0,0.00000001,BTC,11277.22,0.0,0.0005,101
1,[],4,[],2019-02-04 17:52:45,166948.69603561,0.00000097,0.000000000033582855,6582156,2019-02-04 17:52:45,btc,0.3949438632493883,0.0,0.00000097,btc,151184.63758112,0.00600624,0.1141112598994225,103
1,[],12,[],2019-02-04 17:52:48,92916149.5303887,0.000000016,0.000000000000553944,6582157,2019-02-04 17:52:48,btc,138279087.214197,0.0,0.000000016,btc,136236882.9701973,0.12228309911923176,0.7379187594862192,105
1,[],27,[],2019-02-04 17:52:52,10161405.89,0.00000001,0.000000000000346215,6582158,2019-02-04 17:52:52,btc,0.6930134677960939,0.0,0.00000001,btc,708890.78181977,0.0,0.1016140589,105
0,[],22,[],2019-02-04 17:52:55,0.0,0,0,6582159,2019-02-04 17:52:55,,1.07253299,0.0,0,,94300.0,0.0,0.0,107
1,[],26,[],2019-02-04 17:52:55,0.0,0.00000000,0,6582160,2019-02-04 17:52:55,btc,0.0,0.0,0.00000000,btc,0.0,0.0,0.0,107
1,[],5,[],2019-02-04 17:52:56,3e-08,0.00000002,0.00000000000069243,6582161,2019-02-04 17:52:56,btc,2.92986145,0.00653413,0.00000002,btc,1.649e-05,0.0,0.12951147,112
1,[],22,[],2019-02-04 17:52:59,2229188.0,0.00000002,0.00000000000069243,6582162,2019-02-04 17:52:59,BTC,2.81683288,0.0,0.00000002,BTC,808529.0833333334,0.0,0.02960411,112
0.0000000003113481,[],27,[],2019-02-04 17:53:05,500000.0,3.113481e-18,1.077933824415e-22,6582163,2019-02-04 17:53:05,eth,1.25356065,0.0,0.00000001,"btc,eth",1328.0,0.0,1.5567405e-12,112
1,[],4,[],2019-02-04 17:53:06,489156.43992547,0.00000413,0.000000000142986795,6582164,2019-02-04 17:53:06,btc,0.4152434096508139,0.0,0.00000413,btc,73430.66305422,0.0812756,0.3316736229533364,113
1,[],5,[],2019-02-04 17:53:07,2.517e-05,0.00000381,0.000000000131907915,6582165,2019-02-04 17:53:07,btc,2.19727244,0.0,0.00000381,btc,0.00334105,0.0,0.20701871,113
1,[],17,[],2019-02-04 17:53:09,174538.724,0.00000004,0.00000000000138486,6582166,2019-02-04 17:53:09,btc,1.3368030274101437,0.0,0.00000004,btc,51896.221,0.0,0.00308154896,116
0,[],27,[],2019-02-04 17:53:13,0.0,0,0,6582167,2019-02-04 17:53:13,,0.0,0.0,0,btc,0.0,0.0,0.0,116
1,[],4,[],2019-02-04 17:53:14,40312.23154529,0.00002425,0.0000000008395713750000001,6582168,2019-02-04 17:53:14,btc,0.5831870406972844,0.0,0.00002425,btc,18245.16901275,1.98373928,0.7141700672459345,120
1,[],7,[],2019-02-04 17:53:15,15076.56756034,0.0000180999999999999994985781792689039093602332286536693572998046875,0.00000000062664915,6582169,2019-02-04 17:53:15,btc,88979.22159457195,43.90594602,0.0000180999999999999994985781792689039093602332286536693572998046875,btc,29618.44779635,0.00157698,0.1350233673294964,120
1,[],20,[],2019-02-04 17:53:17,1617028.1906,0.000000014,0.000000000000484701,6582170,2019-02-04 17:53:17,btc,33.7487591931607,10640.1551,0.000000014,btc,1063782.1766,0.0001850438476,0.0089722132172,125
1,[],22,[],2019-02-04 17:53:20,3053.0,0.00000001,0.000000000000346215,6582171,2019-02-04 17:53:20,BTC,0.01444889,0.0,0.00000001,BTC,296264.5111111111,0.0,3.053e-05,126
1,[],4,[],2019-02-04 17:53:21,91032.378877,0.00001704,0.0000000005899503600000001,6582172,2019-02-04 17:53:21,btc,0.5213592427747628,0.0,0.00001704,btc,26267.3794908,0.45027499,0.6288925951259152,131
0,[],17,[],2019-02-04 17:53:23,0.0,0,0,6582173,2019-02-04 17:53:23,btc,0.0009561751951600001,0.0,0,btc,35.42829368,0.0,0.0,131
0,[],2,[],2019-01-20 23:25:46,0.0,0,0,6476969,2019-01-20 23:25:46,,0.0,0.0,0,,0.0,0.0,0.0,131
1,[],4,[],2019-02-04 17:53:23,4609.9987497,0.00016000,0.0000000055394400000000005,6582174,2019-02-04 17:53:23,btc,1.6402199907774775,0.0,0.00016000,btc,302.35845559,0.0,0.0113649733745049,135
1,[],3,[],2019-02-04 17:53:24,1845851.66354937,0.00000007,0.0000000000024235050000000004,6582175,2019-02-04 17:53:24,btc,0.1495284473589911,129428.572444,0.00000007,btc,368218.63099994,0.0,0.0685716942725346,136
1,[],4,[],2019-02-04 17:53:25,92707.75942034,0.00000180,0.0000000000623187,6582176,2019-02-04 17:53:25,btc,0.0770727538218203,0.0,0.00000180,btc,34889.45819576,0.10307776,0.1277707952702295,137
1,[],12,[],2019-02-04 17:53:26,297233.86532823,0.000001830000000000000054831898570195658493275914224795997142791748046875,0.000000000063357345,6582177,2019-02-04 17:53:26,btc,11982.844734098679,0.0,0.000001830000000000000054831898570195658493275914224795997142791748046875,btc,124167.90188533,0.1136530486555525,0.0278929500000165,137
1,[],5,[],2019-02-04 17:53:28,0.00136836,0.00004121,0.000000001426752015,6582178,2019-02-04 17:53:28,btc,3.79395256,4.28982343,0.00004121,btc,0.0027405,0.0,1.30891385,142
1,[],17,[],2019-02-04 17:53:29,12500.0,0.0000001,0.00000000000346215,6582179,2019-02-04 17:53:29,btc,20.261021579017395,0.0,0.0000001,btc,5931.99821453,0.0,0.00125,142
1,[],20,[],2019-02-04 17:53:31,151937.8562,0.00004,0.0000000013848600000000001,6582180,2019-02-04 17:53:31,btc,2.582554033893,23358.5806,0.00004,btc,6653.1853,0.979654433165,0.3199727058479,142
1,[],22,[],2019-02-04 17:53:46,962.0,0.00001800,0.0000000006231870000000001,6582181,2019-02-04 17:53:46,BTC,3.00449528,0.0,0.00001800,BTC,899.098,0.0,0.0001637,142
0.0,[],25,[],2019-02-04 17:53:47,0.0,0,0,6582182,2019-02-04 17:53:47,,0.0,0.0,0.0,btc,0.0,0.0,0.0,142
1,[],28,[],2019-02-04 17:53:51,78710.001,0.00004450,0.0000000015406567500000001,6582183,2019-02-04 17:53:51,btc,0.0403772,4099.77,0.00004450,btc,805.0,0.0,0.0352462445,142
0,[],22,[],2019-02-04 17:53:54,0.0,0,0,6582184,2019-02-04 17:53:54,,61.43843029,0.0,0,,808795527.8,0.0,0.0,143
1,[],21,[],2019-02-04 17:53:55,35897285.55492432,0.00000027,0.000000000009347805000000001,6582185,2019-02-04 17:53:55,btc,51.647884655981606,3164394.6343649,0.00000027,btc,89759394.57873134,0.84418188,5.435278050406769,145
0,[],22,[],2019-02-04 13:52:37,0.0,0,0,6580969,2019-02-04 13:52:37,,4.57539719,0.0,0,,1920827.5,0.0,0.0,146
,[],22,[],2018-11-20 23:01:11,0.0,0,0,4862114,2018-11-20 23:01:11,,2.56807021,0.0,,,61828.4988236,0.0,0.0,147
1,[],12,[],2019-02-04 17:53:56,8687510.90909924,0.0000036299999999999999733784998567909241273810039274394512176513671875,0.000000000125676045,6582186,2019-02-04 17:53:56,btc,16.507212589833014,0.0,0.0000036299999999999999733784998567909241273810039274394512176513671875,btc,113058.26888043,0.0063738331540906,0.1231548199996868,148
1,[],4,[],2019-02-04 17:53:57,305369.82618221,0.00000032,0.00000000001107888,6582187,2019-02-04 17:53:57,btc,0.6855025765430487,0.0,0.00000032,btc,497890.28615549,0.0025014,0.0675037249324234,152
0,[],22,[],2019-02-04 17:53:59,0.0,0,0,6582188,2019-02-04 17:53:59,,0.0,0.0,0,,0.0,0.0,0.0,152
1,[],5,[],2019-02-04 17:54:01,0.0,0,0,6582189,2019-02-04 17:54:01,btc,4.41744381,0.0,0,btc,0.00161275,0.0,0.0,153
,[],16,[],2019-01-11 15:38:59,0.0,0,0,6366141,2019-01-11 15:38:59,btc,0.0,0.0,,btc,0.0,0.0,0.0,155
0,[],23,[],2019-01-20 23:24:29,0.0,0,0,6476932,2019-01-20 23:24:29,,0.0,0.0,0,,0.0,0.0,0.0,156
0,[],22,[],2019-02-04 17:54:11,0.0,0,0,6582190,2019-02-04 17:54:11,,6.73312347,0.0,0,,4564272.742592593,0.0,0.0,156
1,[],22,[],2019-02-04 17:54:14,7906.0,0.00000801,0.000000000277318215,6582191,2019-02-04 17:54:14,BTC,43.78801181,0.0,0.00000801,BTC,1067.5805334758436,0.0,0.00743836,157
0,[],22,[],2019-02-04 17:54:16,0.0,0,0,6582192,2019-02-04 17:54:16,,50175.6753658,0.0,0,,54007107.04179466,0.0,0.0,158
,[],17,[],2018-11-20 22:56:10,0.0,0,0,4861976,2018-11-20 22:56:10,btc,1.1265625,0.0,,btc,1000.0,0.0,0.0,159
,[],20,[],2018-11-20 22:56:12,0.0,0,0,4861977,2018-11-20 22:56:12,btc,11912.7940471,0.0,,btc,34413894.3617,0.0,0.0,159
1,[],12,[],2019-02-04 17:54:18,198571.08457992,0.00000770000000000000081623076353398715809817076660692691802978515625,0.00000000026658555000000004,6582193,2019-02-04 17:54:18,btc,6.686493266327628,0.0,0.00000770000000000000081623076353398715809817076660692691802978515625,btc,14768.77168828,0.0085559908030734,0.0873577370792755,168
1,[],17,[],2019-02-04 17:54:19,29784.95,0.000001,0.0000000000346215,6582194,2019-02-04 17:54:19,btc,0.03026736251542,0.0,0.000001,btc,144.46171372,0.0,0.00716147,168
0,[],22,[],2019-02-04 17:54:22,0.0,0,0,6582195,2019-02-04 17:54:22,,1.14610387,0.0,0,,685792.1900917594,0.0,0.0,169
1,[],22,[],2019-02-04 17:54:27,204444.9441532258,0.00000032,0.00000000001107888,6582196,2019-02-04 17:54:27,BTC,10.3224903,0.0,0.00000032,BTC,108549.8083853319,0.00456545,0.0258135,171
1,[],22,[],2019-02-04 17:54:36,300724.7238095238,0.00000028,0.00000000000969402,6582197,2019-02-04 17:54:36,BTC,2.66392347,0.0,0.00000028,BTC,230690.5656621423,0.00779156,0.03122596,173
1,[],5,[],2019-02-04 17:54:38,4.712e-05,0.00000387,0.000000000133985205,6582198,2019-02-04 17:54:38,btc,0.36739652,0.01404852,0.00000387,btc,0.00030862,0.0,0.78535793,175
1,[],22,[],2019-02-04 17:54:41,49549.25714285715,0.0000004,0.0000000000138486,6582199,2019-02-04 17:54:41,BTC,0.63358303,0.0,0.0000004,BTC,155090.40184992214,0.0,0.01679357,176
1,[],7,[],2019-02-04 17:54:42,0.0,0,0,6582200,2019-02-04 17:54:42,btc,233208.5809029795,0.0,0,btc,115100187.61861145,0.0,0.0,178
0,[],22,[],2019-02-04 17:54:45,0.0,0,0,6582201,2019-02-04 17:54:45,,1.00242428,0.0,0,,57512.0,0.0,0.0,178
0,[],2,[],2019-01-20 23:28:34,0.0,0,0,6477001,2019-01-20 23:28:34,,0.0,0.0,0,,0.0,0.0,0.0,178
0,[],23,[],2019-01-20 23:25:08,0.0,0,0,6476952,2019-01-20 23:25:08,,0.0,0.0,0,,0.0,0.0,0.0,179
1,[],5,[],2019-02-04 17:54:46,3e-08,0.00000002,0.00000000000069243,6582202,2019-02-04 17:54:46,btc,17.0848309,0.07097018,0.00000002,btc,2.088e-05,0.0,1.25638231,179
1,[],22,[],2019-02-04 17:54:50,8340773.0,0.00000002,0.00000000000069243,6582203,2019-02-04 17:54:50,BTC,5.53156482,0.0,0.00000002,"BTC,LTC",18591683.068656635,0.00010938,0.3940753,179
1,[],17,[],2019-02-04 17:54:52,10504.725,0.0000001,0.00000000000346215,6582204,2019-02-04 17:54:52,btc,5.206166879877391,0.0,0.0000001,btc,6755.0074587,0.0,0.0010504725,180
1,[],22,[],2019-02-04 17:54:56,39549.94545454546,0.00000011,0.000000000003808365,6582205,2019-02-04 17:54:56,BTC,0.09618191,0.0,0.00000011,"BTC,LTC",16812.39315481,0.00010979,0.00413695,180
1,[],26,[],2019-02-04 17:54:56,0.0,0.00000010,0.00000000000346215,6582206,2019-02-04 17:54:56,btc,0.0,100.0,0.00000010,btc,0.0,0.0,0.0,180
,[],7,[],2018-11-20 22:58:01,562227.975654,0.00000085,0.000000000036176765,4862015,2018-11-20 22:58:01,btc,21836.6059674,2491.87645172,,btc,749999.041456,0.00211021,0.127565380455,183
,[],5,[],2019-01-10 08:11:41,0.0,0,0,6347036,2019-01-10 08:11:41,btc,82.15055501,0.00261,,btc,1.19002445,0.0,0.0,187
,[],17,[],2018-11-16 20:58:10,4062536.27273,0.00000001,0.000000000000550501,4708775,2018-11-16 20:58:10,btc,3.36492563466,0.195460381006,,"btc,eth",110697919.549,0.0,0.0157628953496,187
1,[],24,[],2019-02-04 17:54:57,0.0,0.000000000001,3.4621500000000003e-17,6582207,2019-02-04 17:54:57,btc,0.0,0.0,0.000000000001,btc,0.0,0.0,0.0,187
0,[],22,[],2019-02-04 17:54:59,0.0,0,0,6582208,2019-02-04 17:54:59,,1.19382741,0.0,0,,13380.036201072173,0.0,0.0,191
0,[],22,[],2019-02-04 17:55:05,0.0,0,0,6582209,2019-02-04 17:55:05,,0.0,0.0,0,,0.0,0.0,0.0,197
0,[],23,[],2019-01-20 23:31:41,0.0,0,0,6477079,2019-01-20 23:31:41,,0.0,0.0,0,,0.0,0.0,0.0,199
1,[],26,[],2019-02-04 17:55:06,0.0,0.00000000,0,6582210,2019-02-04 17:55:06,btc,0.0,780342.0,0.00000000,btc,0.0,0.0,0.0,199
0,[],17,[],2019-01-30 16:32:01,0.0,0,0,6540827,2019-01-30 16:32:01,btc,6.802544163788159,0.0,0,btc,105897.55575295,0.0,0.0,200
0,[],2,[],2019-01-20 23:30:49,0.0,0,0,6477059,2019-01-20 23:30:49,,0.0,0.0,0,,0.0,0.0,0.0,201
1,[],4,[],2019-01-25 15:51:35,2084389.58565343,0.00000936,0.000000000333526752,6499557,2019-01-25 15:51:35,btc,2.0092503037378524,0.0,0.00000936,btc,160195.80207885,0.19272417,1.242687955921835,211
1,[],7,[],2019-02-04 17:55:09,16532877.8265942,0.00000146999999999999990171598886201653755279039614833891391754150390625,0.000000000050893605,6582211,2019-02-04 17:55:09,btc,16567795.361767948,293707.560459,0.00000146999999999999990171598886201653755279039614833891391754150390625,btc,12696362.61339116,0.41183551,8.484940954837972,212
1,[],12,[],2019-01-25 02:44:32,207462.42853209,0.000001080000000000000035831255497387193287295303889550268650054931640625,0.000000000038610756000000006,6493050,2019-01-25 02:44:32,btc,85023.03793723314,0.0,0.000001080000000000000035831255497387193287295303889550268650054931640625,btc,43675.73520027,0.000146250909087,0.0348620860622024,213
1,[],5,[],2019-02-04 17:55:11,5.29e-06,0.00000035,0.000000000012117525,6582212,2019-02-04 17:55:11,btc,1.13229783,0.12563696,0.00000035,btc,3.171e-05,0.0,0.22566674,213
1,[],24,[],2019-02-04 17:55:11,0.0,0.000000050000,0.000000000001731075,6582213,2019-02-04 17:55:11,btc,0.0,0.0,0.000000050000,btc,0.0,0.0,0.0,213
1,[],26,[],2019-02-04 17:55:11,0.0,0.00000009,0.000000000003115935,6582214,2019-02-04 17:55:11,btc,0.0,0.0,0.00000009,btc,0.0,0.0,0.0,213
1,[],22,[],2019-02-04 17:55:16,276400.0,0.00000002,0.00000000000069243,6582215,2019-02-04 17:55:16,BTC,70.20492877,0.0,0.00000002,BTC,291693.63137942314,0.0,0.004714,216
1,[],27,[],2019-02-04 17:55:23,5054645.0,0.00000015,0.000000000005193225,6582216,2019-02-04 17:55:23,btc,313.98413178316,18000.0,0.00000015,"btc,ltc",287018.13411,0.00666,0.0516735,216
1,[],22,[],2019-02-04 17:55:26,251654.48250399102,0.00000233,0.00000000008066809500000001,6582217,2019-02-04 17:55:26,BTC,12677.92104421,0.0,0.00000233,BTC,491995.002979676,0.00256237,0.32280779,217
1,[],7,[],2019-02-04 17:55:27,0.0,0,0,6582218,2019-02-04 17:55:27,btc,77970.02600413912,0.0,0,btc,134531561.1214003,0.0,0.0,219
0,[],27,[],2019-02-04 17:55:33,0.0,0,0,6582219,2019-02-04 17:55:33,,5.3418937883169715,0.0,0,btc,1605140.99226592,0.0,0.0,219
0.0000000000000056,[],28,[],2019-02-04 17:55:38,205085365.436,6.244000000000001e-18,2.1617664600000005e-22,6582220,2019-02-04 17:55:38,doge,88554.0318717675,14326.0,0.00111500,"btc,doge",4969437.84751,0.0,3.063770626176434e-11,219
1,[],22,[],2019-02-04 17:55:41,217001.0754716981,0.00000054,0.00000000001869561,6582221,2019-02-04 17:55:41,BTC,3.00140129,0.0,0.00000054,BTC,35272.55212317522,0.0,0.02761742,221
1,[],24,[],2019-02-04 17:55:41,0.0,0.000000550000,0.000000000019041825,6582222,2019-02-04 17:55:41,btc,0.0,0.0,0.000000550000,btc,0.0,0.0,0.0,221
1,[],20,[],2019-02-04 17:55:43,10336811.321,0.000000007,0.0000000000002423505,6582223,2019-02-04 17:55:43,btc,5.641112219184,146112.0,0.000000007,btc,7428872.3288,0.001381061,0.0175345206008,224
0,[],22,[],2019-02-04 17:55:46,0.0,0,0,6582224,2019-02-04 17:55:46,,0.0,0.0,0,,0.0,0.0,0.0,224
1,[],26,[],2019-02-04 17:55:46,0.0,0.00000022,0.00000000000761673,6582225,2019-02-04 17:55:46,btc,0.0,0.0,0.00000022,btc,0.0,0.0,0.0,231
1,[],26,[],2019-02-04 17:55:46,0.0,0.00000005,0.000000000001731075,6582226,2019-02-04 17:55:46,btc,0.0,100.0,0.00000005,btc,0.0,0.0,0.0,234
0,[],27,[],2019-02-04 17:55:53,0.0,0,0,6582227,2019-02-04 17:55:53,,0.0113483662182,0.0,0,"btc,eth",11462.99618,0.0,0.0,234
0.0000000000983767,[],22,[],2019-02-04 17:55:56,4910000.0,9.83767e-19,3.40594891905e-23,6582228,2019-02-04 17:55:56,LTC,2.80256691,0.0,0.00000001,LTC,97369440.06349206,9.83767e-15,0.0491,235
1,[],4,[],2019-02-04 17:55:57,732406.33117911,0.00000063,0.000000000021811545,6582229,2019-02-04 17:55:57,btc,0.1574658650665557,0.0,0.00000063,btc,143014.1945998,0.01690424,0.1515782427731886,236
1,[],24,[],2019-02-04 17:55:57,0.0,0.000000010000,0.000000000000346215,6582230,2019-02-04 17:55:57,btc,0.0,0.0,0.000000010000,btc,0.0,0.0,0.0,236
1,[],20,[],2019-02-04 17:55:59,20621403.9742,0.00000006,0.00000000000207729,6582231,2019-02-04 17:55:59,btc,16.2578896741615,10452909.0422,0.00000006,btc,26144985.9023,0.6410678014121,0.3739431519722,237
1,[],22,[],2019-02-04 17:56:10,10000.0,0.00000001,0.000000000000346215,6582232,2019-02-04 17:56:10,BTC,0.04083605,0.0,0.00000001,BTC,4179.0,0.0,0.0001,237
1,[],4,[],2019-02-04 17:56:14,4153182.0981558,0.00000035,0.000000000012117525,6582233,2019-02-04 17:56:14,btc,0.5026078739425724,0.0,0.00000035,btc,1215978.29111002,0.6881638,1.308808480379264,238
1,[],5,[],2019-02-04 17:56:15,4.29e-06,0.00000033,0.000000000011425095,6582234,2019-02-04 17:56:15,btc,0.79466094,0.00457621,0.00000033,btc,3.008e-05,0.0,0.27068179,238
1,[],22,[],2019-02-04 17:56:18,199984.0,0.00000003,0.000000000001038645,6582235,2019-02-04 17:56:18,BTC,15.41362805,0.0,0.00000003,BTC,291606.3139027493,0.00146619,0.00599952,249
0.0000000000983767,[],22,[],2019-02-04 17:56:22,1311049.0,2.951301e-18,1.021784675715e-22,6582236,2019-02-04 17:56:22,LTC,0.46385524,0.0,0.00000003,LTC,14489283.09,6.5274907984e-14,0.03833449,252
1,[],28,[],2019-02-04 17:56:29,2329675.778,0.0000001,0.00000000000346215,6582237,2019-02-04 17:56:29,btc,164692.28295855894,175016.811,0.0000001,btc,621653.1485,0.0,0.07983160099,256
1,[],22,[],2019-02-04 17:56:33,84204.66666666667,0.00000003,0.000000000001038645,6582238,2019-02-04 17:56:33,BTC,35605.55903929,0.0,0.00000003,BTC,506789.34188300685,0.00112401,0.00130966,258
1,[],22,[],2019-01-26 20:58:41,368451.0,0.00000001,0.000000000000356135,6510120,2019-01-26 20:58:41,BTC,2.642917,0.0,0.00000001,"BTC,LTC",1862.0,0.0,0.02488451,259
1,[],22,[],2019-02-04 17:56:36,44934.09428571429,0.00000700,0.0000000002423505,6582239,2019-02-04 17:56:36,BTC,4.70992424,0.0,0.00000700,BTC,8475.446929624764,0.0,0.089659,262
1,[],5,[],2019-02-04 17:56:38,6.676e-05,0.00000362,0.00000000012532983000000001,6582240,2019-02-04 17:56:38,btc,1.04044452,0.59328637,0.00000362,btc,0.00079004,0.0,0.21580802,264
1,[],20,[],2019-02-04 17:56:40,1239995.9346,0.000003011,0.00000000010424533650000001,6582241,2019-02-04 17:56:40,btc,4.9952432538931,16040.4276,0.000003011,btc,94264.3517,0.068684790533,0.0221800523638,264
1,[],22,[],2019-02-04 17:56:43,131617.0,0.00000002,0.00000000000069243,6582242,2019-02-04 17:56:43,BTC,8.62043076,0.0,0.00000002,BTC,342070.0960910512,6.8e-05,0.00213471,271
0,[],22,[],2019-02-04 17:56:46,0.0,0,0,6582243,2019-02-04 17:56:46,,369.26513139,0.0,0,,14581807828.9,0.0,0.0,272
0.0000000000000056,[],28,[],2019-02-04 17:56:50,252637896255.63,6.4400000000000006e-21,2.2296246000000004e-25,6582244,2019-02-04 17:56:50,doge,299087774.3531923,18262218427.234,0.00000115,doge,154420751381.531,0.0,9.018098442674606e-10,272
0,[],22,[],2019-02-04 17:56:52,0.0,0,0,6582245,2019-02-04 17:56:52,,0.0,0.0,0,,0.0,0.0,0.0,281
