pairValue,buyBook,exchangeId,sellBook,updated,buyTotal,satoshiPrice,usdPrice,exchangeLogId,created,bestPair,sellTotalBtc,volume,pairPrice,activePairs,sellTotal,volumeBtc,buyTotalBtc,coinId
1,[],3,[],2019-06-28 22:41:32,31410.370023181935,0.00814212999999999915978765585578003083355724811553955078125,0.000000998595604915,7776831,2019-06-28 22:41:32,btc,9.362409566651607,105.197249944,0.00814212999999999915978765585578003083355724811553955078125,btc,42.79340290602,0.0,0.3833733533720177,1
1,[],4,[],2019-06-28 22:41:33,208204.61766568,0.00824394,0.000001011082143269999961171869633,7776832,2019-06-28 22:41:33,btc,9.402195414568725,0.0,0.00824394,btc,460.4914963,1.60241215,3.934676527590524,1
1,[],5,[],2019-06-28 22:41:35,0.0,0,0,7776833,2019-06-28 22:41:35,btc,0.0,0.15001006,0,btc,0.0,0.0,0.0,1
1,[],10,[],2019-06-28 22:41:38,245923.89274426,0.003319,0.00000040706041449999996,7776834,2019-06-28 22:41:38,btc,6521.913480602401,1760.85958475,0.003319,btc,1241.30992692,0.0,1.3601226275452403,1
1,[],12,[],2019-06-28 22:41:41,93.90972241,0.0082599999999999999811262085813723388127982616424560546875,0.000001013051829999999958781443059,7776835,2019-06-28 22:41:41,btc,0.6584538924358,0.0,0.0082599999999999999811262085813723388127982616424560546875,btc,29.09997452,1.540598534942,0.12654528163940001,1
1,[],20,[],2019-06-28 22:41:42,928.6583,0.008010055,0.0000009823972005024999,7776836,2019-06-28 22:41:42,btc,0.1516341221773,1.7312,0.008010055,btc,11.3318,0.0153661750259,0.1286180089098,1
1,[],21,[],2019-06-28 22:41:44,2666.57559986,0.008278030000000000457327509196,0.000001015263128365000017100470182,7776837,2019-06-28 22:41:44,btc,8.854655253204504,5721.27132663,0.00827803000000000045732750919569298275746405124664306640625,"btc,eth",1533.73896138,44.89346439802514,16.017419706613694,1
1,[],22,[],2019-06-28 22:41:47,0.0469,0.00850000,0.000001042486749999999959965852721,7776838,2019-06-28 22:41:47,BTC,0.01666796,0.0,0.00850000,BTC,0.25318100557485945,0.0,0.00025139,1
1,[],24,[],2019-06-28 22:41:48,0.0,0.000000000000,0,7776839,2019-06-28 22:41:48,btc,0.0,0.0,0.000000000000,btc,0.0,0.0,0.0,1
0.0,[],25,[],2019-06-28 22:41:49,0.0,0,0,7776840,2019-06-28 22:41:49,btc,29.6844999989232,22197.44909524,0.0,btc,3413.97329625,184.01,0.0,1
1,[],26,[],2019-06-28 22:41:51,0.0,0,0,7776841,2019-06-28 22:41:51,,0.0,0.0,0,,0.0,0.0,0.0,1
0,[],28,[],2019-06-28 22:41:53,0.0,0,0,7776842,2019-06-28 22:41:53,,0.0,0.0,0,,0.0,0.0,0.0,1
0,[],2,[],2019-01-20 23:28:45,0.0,0,0,6477011,2019-01-20 23:28:45,,0.0,0.0,0,,0.0,0.0,0.0,1
1,[],5,[],2019-06-17 14:29:02,0.0,0,0,7740076,2019-06-17 14:29:02,btc,0.0,2.72e-05,0,btc,0.0,0.0,0.0,2
1,[],22,[],2019-06-17 14:29:06,11550.3,0.0000002,0.0000000000185828,7740077,2019-06-17 14:29:06,BTC,21.00897301,0.0,0.0000002,"BTC,XMR",20678.87287795317,1.754e-05,0.00143681,2
1,[],5,[],2019-06-03 14:48:58,0.0,0,0,7731126,2019-06-03 14:48:58,btc,0.0,0.05905545,0,btc,0.0,0.0,0.0,3
1,[],12,[],2019-06-03 14:48:59,3468623.70302,0.000000116,0.000000000009823402000000002,7731127,2019-06-03 14:48:59,btc,169531.0336573751,0.0,0.000000116,btc,2361209.62379607,0.041350953071,0.33764769154428,3
0,[],28,[],2019-06-03 14:49:00,0.0,0,0,7731128,2019-06-03 14:49:00,,0.0,0.0,0,,0.0,0.0,0.0,3
0,[],2,[],2019-01-20 23:31:32,0.0,0,0,6477077,2019-01-20 23:31:32,,0.0,0.0,0,,0.0,0.0,0.0,4
1,[],4,[],2019-05-18 21:29:50,562734.9206932,0.00000010,0.000000000007298720000000001,7650946,2019-05-18 21:29:50,btc,41.9347137769675,0.0,0.00000010,btc,1123702.32192634,0.00052462,0.029254593370966,4
0,[],12,[],2019-06-02 05:03:43,0.0,0,0,7724919,2019-06-02 05:03:43,btc,625.901992874995,0.0,0,btc,1211362.4995005,0.0,0.0,5
0,[],2,[],2019-01-20 23:31:51,0.0,0,0,6477087,2019-01-20 23:31:51,,0.0,0.0,0,,0.0,0.0,0.0,6
1,[],11,[],2019-06-28 22:41:55,9362532.276736,0.00000002,0.00000000000245291,7776843,2019-06-28 22:41:55,btc,9583.568469362632,300000.0,0.00000002,btc,76378844.64770687,0.0,0.10173217276736,6
1,[],3,[],2019-06-28 22:41:56,11567.950748065667,0.0000536099999999999966317221211653532009222544729709625244140625,0.000000006575025254999999,7776844,2019-06-28 22:41:56,btc,1026.294889113864,627.29874475,0.0000536099999999999966317221211653532009222544729709625244140625,btc,403.28178555309603,0.0,0.014442261302345664,7
1,[],4,[],2019-06-28 22:41:57,558551.02917913,0.00006401,0.000000007850538455,7776845,2019-06-28 22:41:57,btc,6.98235668508238,0.0,0.00006401,btc,56480.7874928,1.08498957,2.220307168405178,7
1,[],5,[],2019-06-28 22:41:58,0.0,0,0,7776846,2019-06-28 22:41:58,btc,0.0,0.09173417,0,btc,0.0,0.0,0.0,7
1,[],20,[],2019-04-07 22:06:50,3201475.0482,0.000000001,0.000000000000051590000000000004,7213932,2019-04-07 22:06:50,btc,30.8005781811902,0.0,0.000000001,btc,23077405.3926,0.0,0.0032014750482,8
0,[],2,[],2019-01-20 23:22:42,0.0,0,0,6476876,2019-01-20 23:22:42,,0.0,0.0,0,,0.0,0.0,0.0,9
0,[],23,[],2019-01-20 23:22:48,0.0,0,0,6476878,2019-01-20 23:22:48,,0.0,0.0,0,,0.0,0.0,0.0,9
1,[],4,[],2019-06-28 22:42:00,2147334.99294721,0.00000040,0.0000000000490582,7776847,2019-06-28 22:42:00,btc,2.962976402920094,0.0,0.00000040,btc,3187584.46319245,0.14643548,0.3957752837006907,9
0,[],28,[],2019-06-28 22:42:02,0.0,0,0,7776848,2019-06-28 22:42:02,,0.0,0.0,0,,0.0,0.0,0.0,9
1,[],1,[],2019-02-17 23:31:42,1822507.21,0.00000181000000000000003456111265232042484285557293333113193511962890625,0.000000000066086901,6701244,2019-02-17 23:31:42,btc,3.6990969245,17153386.5,0.00000181000000000000003456111265232042484285557293333113193511962890625,btc,1997391.71,31.11772986,3.2610482446,9
1,[],4,[],2019-02-17 11:22:43,4341674.27126056,0.00000002,0.0000000000007272960000000001,6696112,2019-02-17 11:22:43,btc,0.1997230937751353,0.0,0.00000002,btc,4109766.79808031,0.00215132,0.0479381022052112,10
1,[],4,[],2019-06-28 22:42:03,29838469.301036,0.00000029,0.000000000035567194999999996,7776849,2019-06-28 22:42:03,btc,7.738315325955716,0.0,0.00000029,btc,8744207.43494005,0.35023277,1.411369395955515,12
1,[],5,[],2019-06-28 22:42:04,0.0,0,0,7776850,2019-06-28 22:42:04,btc,0.0,0.05404424,0,btc,0.0,0.0,0.0,12
0.0,[],25,[],2019-06-28 22:42:06,0.0,0,0,7776851,2019-06-28 22:42:06,,0.0,0.0,0.0,btc,0.0,0.0,0.0,12
0,[],2,[],2019-01-20 23:23:08,0.0,0,0,6476890,2019-01-20 23:23:08,,0.0,0.0,0,,0.0,0.0,0.0,12
1,[],4,[],2019-06-28 22:42:07,450828.93971902,0.00000245,0.000000000300481475,7776852,2019-06-28 22:42:07,btc,1.9236673360634438,0.0,0.00000245,btc,342465.07293163,0.213097,0.2102293959315115,13
1,[],21,[],2019-06-28 22:42:10,5446943.87996379,0.000002430000000000000027680765666,0.00000000029802856499999997,7776853,2019-06-28 22:42:10,btc,2.962997209419938,1160053.00124086,0.00000243000000000000002768076566572741370464427745901048183441162109375,btc,855937.54916725,3.00105525,1.9123321165685,13
1,[],10,[],2019-06-28 21:16:08,580491.83897838,0.00000254,0.0000000003125343,7776511,2019-06-28 21:16:08,btc,666797.6572394088,39123.623673,0.00000254,btc,875091.04326436,0.0,0.199017307429663,13
1,[],4,[],2019-06-28 22:42:12,1052695.88505008,0.00000036,0.00000000004415238,7776854,2019-06-28 22:42:12,btc,3.0103428403996957,0.0,0.00000036,btc,773747.39362799,0.01651382,0.0844863909736334,14
1,[],12,[],2019-06-28 22:42:13,223115.0,0.00000045,0.000000000055190474999999995,7776855,2019-06-28 22:42:13,btc,193.48083608023757,0.0,0.00000045,btc,40728.04744547,0.00017898999,0.00965069,14
1,[],26,[],2019-06-28 22:44:13,0.0,0.00000050,0.00000000006132275,7776856,2019-06-28 22:44:13,btc,0.0,0.0,0.00000050,btc,0.0,0.0,0.0,14
0,[],17,[],2019-05-03 00:53:32,0.0,0,0,7558876,2019-05-03 00:53:32,btc,0.0,0.0,0,btc,0.0,0.0,0.0,14
0,[],4,[],2019-06-28 22:44:14,0.0,0,0,7776857,2019-06-28 22:44:14,,0.0,0.0,0,,0.0,0.0,0.0,15
,[],12,[],2018-12-01 15:15:48,204241.84496,0.00000489,0.000000000202473384,5260204,2018-12-01 15:15:48,btc,49.5475654835,0.0,,btc,35763.2193806,0.0163153972027625,0.0203389899998,15
1,[],4,[],2019-06-28 22:44:16,29990.07605727,0.00000803,0.0000000009848433649999999,7776858,2019-06-28 22:44:16,btc,2.3583865259911545,0.0,0.00000803,btc,16082.49662753,0.01706964,0.030555223731224,18
1,[],10,[],2019-06-28 22:44:18,399450.99518163,0.00000811,0.000000000994655005,7776859,2019-06-28 22:44:18,btc,14.89878441701345,13238.5729038,0.00000811,btc,11340.69146513,0.0,0.3054208167104501,18
1,[],12,[],2019-06-28 22:44:20,1701.86658675,0.000008509999999999999837252580292545900420009274967014789581298828125,0.000000001043713205,7776860,2019-06-28 22:44:20,btc,0.5295025771450735,0.0,0.000008509999999999999837252580292545900420009274967014789581298828125,btc,1928.81278592,1.723275e-06,0.0035966587089925,18
0,[],2,[],2019-01-20 23:23:38,0.0,0,0,6476906,2019-01-20 23:23:38,,0.0,0.0,0,,0.0,0.0,0.0,18
0,[],17,[],2019-05-03 00:53:39,0.0,0,0,7558882,2019-05-03 00:53:39,btc,0.0,0.0,0,btc,0.0,0.0,0.0,18
1,[],3,[],2019-06-28 22:46:21,160426.83921463552,0.000007900000000000000595422149085589325068212929181754589080810546875,0.00000000096889945,7776861,2019-06-28 22:46:21,btc,190.33267303725148,16041.8444588,0.000007900000000000000595422149085589325068212929181754589080810546875,btc,18444.379439380635,0.0,0.1069276860866151,19
1,[],4,[],2019-06-28 22:46:22,207625.43987334,0.00000720,0.0000000008830475999999999,7776862,2019-06-28 22:46:22,btc,4.080436403029693,0.0,0.00000720,btc,237265.5207429,0.26860671,0.7612338324089664,19
1,[],5,[],2019-06-28 22:46:23,0.0,0,0,7776863,2019-06-28 22:46:23,btc,0.0,0.0,0,btc,0.0,0.0,0.0,19
1,[],12,[],2019-06-28 22:46:24,106997.03212348,0.0000060599999999999995775427918953681682978640310466289520263671875,0.0000000007432317299999999,7776864,2019-06-28 22:46:24,btc,1.2051709304913647,0.0,0.0000060599999999999995775427918953681682978640310466289520263671875,btc,3008.56634116,0.0,0.0095125199998414,19
0,[],27,[],2019-06-28 22:46:30,0.0,0,0,7776865,2019-06-28 22:46:30,,0.0,0.0,0,btc,0.0,0.0,0.0,19
0,[],2,[],2019-01-20 23:24:19,0.0,0,0,6476924,2019-01-20 23:24:19,,0.0,0.0,0,,0.0,0.0,0.0,19
1,[],4,[],2019-06-28 22:46:31,9961191.09278478,0.00000005,0.000000000006132275,7776866,2019-06-28 22:46:31,btc,5.161999225062317,0.0,0.00000005,btc,2237645.99057627,0.0,0.1113794166205056,20
0,[],4,[],2019-06-28 22:46:32,0.0,0,0,7776867,2019-06-28 22:46:32,,13838.477069021374,0.0,0,,165879930.57370672,0.0,0.0,21
0,[],12,[],2019-06-28 22:46:33,0.0,0,0,7776868,2019-06-28 22:46:33,btc,2602.9606819574524,0.0,0,btc,10311974.54345651,4.995e-07,0.0,21
0,[],17,[],2019-05-03 00:53:51,0.0,0,0,7558891,2019-05-03 00:53:51,btc,0.0,0.0,0,btc,0.0,0.0,0.0,21
1,[],12,[],2019-06-28 22:48:35,7223419745.455566,0.0000000006,0.0000000000000735873,7776869,2019-06-28 22:48:35,btc,1426620312287.7407,0.0,0.0000000006,btc,2630773219.8992352,0.674659412017,2.121536013000083,23
0.0000000002509667,[],27,[],2019-06-28 22:48:41,96475762.7652348,2.509667e-16,3.077993640485e-20,7776870,2019-06-28 22:48:41,eth,1131.3679040043116,52151618.27140619,0.00000100,eth,5088874.62788612,1.806188096024411e-08,1.0462846178804994e-08,23
1,[],4,[],2019-06-22 05:45:29,6100414.07522138,0.00000017,0.00000000001823352,7751732,2019-06-22 05:45:29,btc,10.22685272773715,0.0,0.00000017,btc,1790815.48208265,0.0,0.1345450262400025,24
0,[],22,[],2019-06-22 05:45:31,0.0,0,0,7751733,2019-06-22 05:45:31,,6.22e-05,0.0,0,,517.4264705882352,0.0,0.0,24
0.0,[],25,[],2019-06-22 05:45:32,0.0,0,0,7751734,2019-06-22 05:45:32,,0.0,0.0,0.0,btc,0.0,0.0,0.0,24
1,[],4,[],2019-06-28 22:48:43,26917793.91371777,0.00000274,0.00000000033604866999999996,7776871,2019-06-28 22:48:43,btc,7.318784032585033,0.0,0.00000274,btc,198198.13997364,0.10532537,0.3222108564954715,26
1,[],10,[],2019-06-28 22:48:45,128698.80175,0.00000451,0.000000000553131205,7776872,2019-06-28 22:48:45,btc,25.13167605911845,5775.42428038,0.00000451,btc,19877.84036682,0.0,0.0473984321238347,26
0,[],2,[],2019-01-20 23:25:56,0.0,0,0,6476976,2019-01-20 23:25:56,,0.0,0.0,0,,0.0,0.0,0.0,26
1,[],5,[],2019-04-26 09:47:06,0.0,0,0,7465326,2019-04-26 09:47:06,btc,0.0,0.0,0,btc,0.0,0.0,0.0,27
1,[],3,[],2019-06-17 14:30:26,13571825.64059417,0.00000001,0.00000000000092914,7740112,2019-06-17 14:30:26,btc,3.485049956644059,4264730.43754,0.00000001,btc,23500048.28518193,0.0,0.1357182564059417,27
1,[],11,[],2019-06-17 14:30:28,2031833.58157834,0.00000001,0.00000000000092914,7740113,2019-06-17 14:30:28,btc,67502.92060589766,32677.9652116,0.00000001,btc,6487362.95640949,0.0,0.0203183358157834,27
0.00000000009694650000000001,[],4,[],2019-06-28 22:48:47,429557462.0724972,9.4038105e-17,1.1533350406777501e-20,7776873,2019-06-28 22:48:47,ltc,10.53072980901416,0.0,0.00000097,ltc,610609107.0680182,0.3428783,1.1081422111121532e-08,29
1,[],7,[],2019-06-28 22:48:49,5089000.83628903,0.00000001,0.000000000001226455,7776874,2019-06-28 22:48:49,btc,46548272.41317322,1045174.79608,0.00000001,btc,46488873.46535604,0.0104937,0.050890008362890295,29
1,[],4,[],2019-06-28 22:48:50,15247247.18640204,0.00000004,0.00000000000490582,7776875,2019-06-28 22:48:50,btc,2.5761836567667915,0.0,0.00000004,btc,2271461.54845355,0.0,0.1669783403867238,30
0,[],17,[],2019-05-03 01:11:25,0.0,0,0,7559066,2019-05-03 01:11:25,btc,0.0,0.0,0,btc,0.0,0.0,0.0,30
1,[],4,[],2019-06-28 22:50:52,218823.34623944,0.00002610,0.00000000320104755,7776876,2019-06-28 22:50:52,btc,3.407544496097932,0.0,0.00002610,btc,53055.1311365,0.1933697,0.3032896994040109,31
1,[],21,[],2019-06-28 22:50:53,729880.2250479,0.00002803000000000000098681479654,0.000000003437753365,7776877,2019-06-28 22:50:53,btc,4.873351419393318,98323.2764027,0.000028030000000000000986814796544166483727167360484600067138671875,btc,127836.5577107,2.89334637,3.651539369213233,31
0,[],2,[],2019-01-20 23:28:43,0.0,0,0,6477009,2019-01-20 23:28:43,,0.0,0.0,0,,0.0,0.0,0.0,32
0,[],4,[],2019-06-28 22:50:54,0.0,0,0,7776878,2019-06-28 22:50:54,,0.0,0.0,0,,0.0,0.0,0.0,33
1,[],12,[],2019-03-30 07:55:10,40641173.964,0.00000003,0.000000000001228359,7108785,2019-03-30 07:55:10,btc,4233210.82356125,0.0,0.00000003,btc,28378394.68333462,0.0126927883965248,0.90752895892,33
0.00000000009694650000000001,[],4,[],2019-06-28 22:50:56,149371364.45258617,5.3320575000000004e-17,6.5395285811625004e-21,7776879,2019-06-28 22:50:56,ltc,4.526366607679091,0.0,0.00000055,ltc,165598900.65875596,0.00077867,6.338364047892505e-10,34
1,[],5,[],2019-06-28 22:50:58,0.0,0,0,7776880,2019-06-28 22:50:58,btc,0.0,0.00018496,0,btc,0.0,0.0,0.0,34
0.0000000002926451,[],17,[],2019-05-02 18:17:47,200000.0,2.9264510000000002e-18,1.596703856561e-22,7556430,2019-05-02 18:17:47,eth,0.20942468735267253,0.0,0.00000001,"btc,eth",1018272.20243647,0.0,5.852902e-13,36
0.0000000001311821,[],4,[],2019-05-31 13:28:19,2417517744.0607657,1.311821e-18,1.105058333085e-22,7717483,2019-05-31 13:28:19,ltc,5.019900492391546e-08,0.0,0.00000001,ltc,7102398142.262129,0.0,3.171350544531538e-09,36
1,[],5,[],2019-05-31 13:28:21,0.0,0,0,7717484,2019-05-31 13:28:21,btc,0.0,0.0,0,btc,0.0,0.0,0.0,36
0.0000000003108179,[],27,[],2019-05-31 13:30:34,10388811.226876,6.216358000000001e-18,5.236566733830001e-22,7717485,2019-05-31 13:30:34,eth,1569.8708019850988,761866.634299,0.00000002,"ltc,eth",5084024.2511555,4.736034912207001e-12,3.3251980286483705e-11,36
1,[],4,[],2019-06-25 10:05:55,10747826.61931615,0.00000014,0.000000000015920562,7762320,2019-06-25 10:05:55,btc,19773.05513423956,0.0,0.00000014,btc,682946.14349671,0.0006293,0.1362851255028938,37
1,[],12,[],2019-06-25 10:05:57,4167862.54235103,0.00000013,0.000000000014783379,7762321,2019-06-25 10:05:57,btc,7.381091518261743,0.0,0.00000013,btc,1713444.53926904,0.016313049979,0.1478110147956336,37
1,[],27,[],2019-06-25 10:08:02,10970.0,0.00000019,0.000000000021606477,7762322,2019-06-25 10:08:02,btc,22.62970013895233,0.0,0.00000019,btc,4298.824295,0.0,0.00167419,37
1,[],17,[],2019-05-03 01:11:36,211752.74075282,0.00000025,0.000000000013700074999999998,7559074,2019-05-03 01:11:36,btc,0.055484923955058496,0.0,0.00000025,"btc,eth",1387.19918473,0.0,0.0005381851887916605,37
1,[],5,[],2019-06-28 22:51:00,0.0,0,0,7776881,2019-06-28 22:51:00,btc,0.0,0.18127128,0,btc,0.0,0.0,0.0,42
1,[],12,[],2019-06-28 22:51:01,2024789.36835055,0.000001579999999999999907326193003542780246561960666440427303314208984375,0.00000000019377988999999998,7776882,2019-06-28 22:51:01,btc,526.322702721185,0.0,0.000001579999999999999907326193003542780246561960666440427303314208984375,btc,145186.14871708,0.065626873223,0.0623257776922321,42
1,[],27,[],2019-06-28 22:51:11,683.0,0.00000140,0.0000000001717037,7776883,2019-06-28 22:51:11,btc,0.07600425,0.0,0.00000140,"btc,eth",18.0,0.0,0.0005422,42
1,[],12,[],2019-03-13 09:13:29,1112112.0,0.00000001,0.000000000000386531,6919902,2019-03-13 09:13:29,btc,29058.00478931866,0.0,0.00000001,btc,5967681.93306694,9.99000999e-07,0.01112112,43
1,[],5,[],2019-04-26 22:38:52,0.0,0,0,7474154,2019-04-26 22:38:52,btc,0.0,0.02638891,0,btc,0.0,0.0,0.0,43
0,[],17,[],2019-04-26 22:38:53,0.0,0,0,7474155,2019-04-26 22:38:53,btc,0.0,0.0,0,btc,0.0,0.0,0.0,43
1,[],12,[],2019-03-05 01:54:08,639326.02,0.00000004,0.000000000001486676,6845775,2019-03-05 01:54:08,btc,11116042.728239931,0.0,0.00000004,btc,1103841.4595604,0.0003330765234764,0.014975410599999999,44
0.00000000009694650000000001,[],4,[],2019-06-28 22:51:12,110015450.49844708,5.3320575000000004e-17,6.5395285811625004e-21,7776884,2019-06-28 22:51:12,ltc,2762.2134684161088,0.0,0.00000055,ltc,26850190.32532352,0.00066187,4.5735426498593716e-10,49
0.00000000009694650000000001,[],4,[],2019-06-28 22:51:13,318386959.4490864,2.0358765000000003e-17,2.4969109128075003e-21,7776885,2019-06-28 22:51:13,ltc,28232.086198024797,0.0,0.00000021,ltc,195951409.0902407,0.0,1.800145841836295e-09,52
0,[],22,[],2019-06-28 22:51:16,0.0,0,0,7776886,2019-06-28 22:51:16,,10289.80784133,0.0,0,,287058287.4566013,0.0,0.0,57
0,[],27,[],2019-06-28 22:51:26,0.0,0,0,7776887,2019-06-28 22:51:26,,0.0,0.0,0,"btc,eth",0.0,0.0,0.0,57
0,[],4,[],2019-06-28 22:51:27,0.0,0,0,7776888,2019-06-28 22:51:27,,19.719361030572347,0.0,0,,6085129995.992692,0.0,0.0,58
0,[],12,[],2019-06-28 22:51:29,0.0,0,0,7776889,2019-06-28 22:51:29,btc,54170688.27561517,0.0,0,btc,3421066053.790167,0.000257432167,0.0,58
0.0000000000828069,[],22,[],2019-06-28 22:53:32,126877.0,8.280690000000001e-19,1.015589365395e-22,7776890,2019-06-28 22:53:32,XMR,68.17454206,0.0,0.00000001,XMR,9626402.6,0.0,0.00126877,58
1,[],17,[],2019-05-03 01:12:09,1200000.0,0.0000000001,0.00000000000000548003,7559085,2019-05-03 01:12:09,btc,1e+24,0.0,0.0000000001,"btc,eth",39516342.31952568,0.0,0.00010000000058666061,58
1,[],5,[],2019-06-17 14:31:27,0.0,0,0,7740135,2019-06-17 14:31:27,btc,0.0,0.00079154,0,btc,0.0,0.0,0.0,61
1,[],22,[],2019-06-17 14:31:30,13612.833333333334,0.00000012,0.00000000001114968,7740136,2019-06-17 14:31:30,BTC,1002.29123003,0.0,0.00000012,BTC,15014.200177125656,0.0,0.00153257,61
1,[],26,[],2019-06-17 14:31:30,0.0,0.00000050,0.000000000046457,7740137,2019-06-17 14:31:30,btc,0.0,0.0,0.00000050,btc,0.0,0.0,0.0,61
1,[],27,[],2019-06-17 14:31:36,8400.0,0.00000018,0.00000000001672452,7740138,2019-06-17 14:31:36,btc,1.9742539297246655,0.0,0.00000018,"btc,eth",10953.51663696,0.0,0.001512,61
0,[],28,[],2019-06-17 14:31:38,0.0,0,0,7740139,2019-06-17 14:31:38,,0.0,0.0,0,,0.0,0.0,0.0,61
1,[],4,[],2019-06-28 22:28:56,192165.37571776,0.00000066,0.00000000008121696000000001,7776777,2019-06-28 22:28:56,btc,3.444544043960515,0.0,0.00000066,btc,1266603.87644774,0.09269512,0.0684031850995533,67
0.0,[],25,[],2019-06-28 22:28:58,0.0,0,0,7776778,2019-06-28 22:28:58,,0.0,0.0,0.0,btc,0.0,0.0,0.0,67
1,[],12,[],2019-06-02 06:23:14,910048.355,0.00000006,0.000000000005154929999999999,7725270,2019-06-02 06:23:14,btc,5.167005424215783,0.0,0.00000006,btc,738530.60239759,0.003159757462,0.0187188113,71
,[],5,[],2018-11-20 23:02:39,1.5e-07,0.00000005,0.000000000002128045,4862160,2018-11-20 23:02:39,btc,2.84511358,0.0,,btc,0.00036572,0.0,0.07381892,74
1,[],5,[],2019-06-28 22:53:34,0.0,0,0,7776891,2019-06-28 22:53:34,btc,0.0,0.0059764,0,btc,0.0,0.0,0.0,75
1,[],4,[],2019-06-04 03:25:15,715281.46076168,0.00000001,0.000000000000803619,7734085,2019-06-04 03:25:15,btc,581089.6218469425,0.0,0.00000001,btc,37692563.61091116,0.0,0.0071528146076168,81
0,[],20,[],2019-01-25 09:30:31,0.0,0,0,6495923,2019-01-25 09:30:31,btc,0.0,0.0,0,btc,0.0,0.0,0.0,81
1,[],4,[],2019-06-28 19:24:55,222588.90402374,0.00007499,0.000000008993423217,7776133,2019-06-28 19:24:55,btc,58.71982361308501,0.0,0.00007499,btc,122244.44900265,0.31029147,0.2368031185276492,82
1,[],21,[],2019-06-28 19:24:57,320329.67470701,0.00007449999999999999482878931811,0.00000000893465835,7776134,2019-06-28 19:24:57,btc,4.104638855517136,24913.49476628,0.00007449999999999999482878931811313805155805312097072601318359375,btc,40694.891277149996,1.66057331,3.143756957083823,82
0,[],17,[],2019-03-25 22:42:34,0.0,0,0,7038780,2019-03-25 22:42:34,btc,0.0445064681804024,0.0,0,btc,995513.18476001,0.0,0.0,84
0.0000000001161485,[],4,[],2019-05-20 13:09:39,216715621.0206096,1.161485e-18,9.0533806701e-23,7657228,2019-05-20 13:09:39,ltc,1.6511566870244727,0.0,0.00000001,ltc,471032407.9048656,0.0,2.5171194308112273e-10,85
,[],22,[],2018-11-20 23:09:34,3408.1,0.0000001,0.0000000000041895,4862324,2018-11-20 23:09:34,BTC,0.04624735,0.0,,BTC,4990.0,0.0,0.00033081,86
1,[],22,[],2019-06-26 09:07:19,62694.0,0.00000005,0.0000000000063518149999999994,7766682,2019-06-26 09:07:19,BTC,1.85249053,0.0,0.00000005,BTC,287024.94736842107,0.0003,0.00062846,87
1,[],27,[],2019-06-26 09:07:25,361781.0,0.0000002,0.000000000025407259999999998,7766683,2019-06-26 09:07:25,btc,19.86923154858,99950.0,0.0000002,btc,548343.482,0.01999,0.01237888,87
,[],2,[],2018-11-20 23:10:47,0.0,0,0,4862359,2018-11-20 23:10:47,,0.0,0.0,,,0.0,0.0,0.0,88
1,[],11,[],2019-06-17 14:31:59,193715.3529613,0.000073310000000000001140094962881477158589405007660388946533203125,0.00000000681152534,7740147,2019-06-17 14:31:59,btc,168.35454702024953,5791.70569014,0.000073310000000000001140094962881477158589405007660388946533203125,btc,196971.41170107,0.0,1.1996165759440112,89
0,[],2,[],2019-01-20 23:31:45,0.0,0,0,6477083,2019-01-20 23:31:45,,0.0,0.0,0,,0.0,0.0,0.0,91
1,[],12,[],2019-06-28 22:53:35,397300.40464385,0.00000027,0.000000000033114285,7776892,2019-06-28 22:53:35,btc,122.14806656243506,0.0,0.00000027,btc,293229.33259661,0.0,0.0257948129538397,91
1,[],22,[],2019-06-28 22:55:40,75900.0,0.00000001,0.000000000001226455,7776893,2019-06-28 22:55:40,BTC,0.495,0.0,0.00000001,"BTC,LTC",4.95,0.0,0.001659,91
0,[],17,[],2019-05-03 01:12:26,0.0,0,0,7559096,2019-05-03 01:12:26,btc,0.0,0.0,0,btc,0.0,0.0,0.0,91
1,[],22,[],2019-06-28 22:55:43,94060.0,0.00000002,0.00000000000245291,7776894,2019-06-28 22:55:43,BTC,11.45990384,0.0,0.00000002,"BTC,LTC",334809.4683191416,0.00034497000000140475,0.0662712,95
0.00000000009694650000000001,[],4,[],2019-06-28 22:55:44,538044901.6290456,2.4236625000000004e-17,2.9725129914375e-21,7776895,2019-06-28 22:55:44,ltc,10.916552554884516,0.0,0.00000025,ltc,153627371.18338636,0.00010079,6.484876413042585e-10,96
0,[],12,[],2019-06-28 22:55:46,0.0,0,0,7776896,2019-06-28 22:55:46,btc,36.789796764485516,0.0,0,btc,9956107.448551439,0.0,0.0,96
0,[],17,[],2019-05-03 01:12:32,0.0,0,0,7559100,2019-05-03 01:12:32,btc,0.0,0.0,0,btc,0.0,0.0,0.0,96
1,[],4,[],2019-04-14 03:32:46,1039404.33283278,0.00000038,0.000000000019245518,7293458,2019-04-14 03:32:46,btc,4.170086055365747,0.0,0.00000038,btc,3097704.34561074,0.06260606,0.1859928211030784,99
0,[],2,[],2019-01-20 23:23:55,0.0,0,0,6476914,2019-01-20 23:23:55,,0.0,0.0,0,,0.0,0.0,0.0,100
1,[],4,[],2019-06-28 22:57:47,197519.02295791,0.00001482,0.00000000181760631,7776897,2019-06-28 22:57:47,btc,7.795123873074555,0.0,0.00001482,btc,165053.77315293,0.32118226,0.4965058264764463,100
1,[],22,[],2019-06-05 06:30:35,150000.0,0.00000002,0.000000000001558192,7740007,2019-06-05 06:30:35,BTC,28.56386409,0.0,0.00000002,BTC,12787.719,0.0,0.0017,101
1,[],4,[],2019-06-28 22:57:48,446436.57930216,0.00000157,0.000000000192553435,7776898,2019-06-28 22:57:48,btc,882.623795887076,0.0,0.00000157,btc,743461.99741084,0.02334453,0.067196651709946,103
1,[],12,[],2019-06-17 14:32:14,179201505.10870332,0.000000005,0.00000000000046457,7740154,2019-06-17 14:32:14,btc,113577.79366343976,0.0,0.000000005,btc,79148141.67831126,0.019059029059,0.27280986350611003,105
1,[],27,[],2019-06-17 14:32:19,18306828.03496503,0.00000002,0.00000000000185828,7740155,2019-06-17 14:32:19,btc,180.7198218385489,1083.96503497,0.00000002,btc,276513.60142659,7.588e-05,0.3661365606993006,105
1,[],22,[],2019-04-21 00:17:26,21333.0,0.00000001,0.000000000000532493,7385819,2019-04-21 00:17:26,BTC,51.38182867,0.0,0.00000001,BTC,470435.0,0.0,0.00021333,107
1,[],26,[],2019-04-21 00:17:26,0.0,0.00000000,0,7385820,2019-04-21 00:17:26,btc,0.0,0.0,0.00000000,btc,0.0,0.0,0.0,107
1,[],5,[],2019-06-28 22:57:51,0.0,0,0,7776899,2019-06-28 22:57:51,btc,0.0,0.0,0,btc,0.0,0.0,0.0,112
0,[],22,[],2019-06-28 22:57:54,0.0,0,0,7776900,2019-06-28 22:57:54,,6.79500102,0.0,0,,3375892.0833333335,0.0,0.0,112
1,[],27,[],2019-06-28 22:58:01,1.0,0.00000001,0.000000000001226455,7776901,2019-06-28 22:58:01,btc,0.0,0.0,0.00000001,"btc,eth",0.0,0.0,1e-08,112
1,[],4,[],2019-06-28 22:58:02,934515.3416821,0.00000042,0.00000000005151111,7776902,2019-06-28 22:58:02,btc,6.5756650249851605,0.0,0.00000042,btc,995082.34182104,0.01743381,0.103611588973665,113
1,[],5,[],2019-06-28 22:58:03,0.0,0,0,7776903,2019-06-28 22:58:03,btc,0.0,0.0,0,btc,0.0,0.0,0.0,113
1,[],17,[],2019-04-26 02:17:47,162738.278,0.00000004,0.0000000000021069000000000002,7461287,2019-04-26 02:17:47,btc,1.3331140273775473,0.0,0.00000004,btc,51796.221,0.0,0.00230953112,116
1,[],27,[],2019-05-22 05:13:01,210000.0,0.00000001,0.00000000000079145,7666372,2019-05-22 05:13:01,btc,3919.0005001478,0.0,0.00000001,btc,128660.871,0.0,0.0021,116
1,[],4,[],2019-05-21 22:31:11,138169.03963019,0.00000701,0.000000000558364025,7664793,2019-05-21 22:31:11,btc,150.95388250938234,0.0,0.00000701,btc,344631.17141974,0.07552974,0.4288357684941946,120
1,[],7,[],2019-05-21 22:31:12,3901.07750076,0.000010679999999999999389654892212320191902108490467071533203125,0.0000000008506887,7664794,2019-05-21 22:31:12,btc,231188.94669936574,0.0,0.000010679999999999999389654892212320191902108490467071533203125,btc,4133.83151364,0.0,0.0113888422364489,120
1,[],20,[],2019-04-07 18:42:29,1914137.0852,0.000000035,0.0000000000017871910000000002,7211992,2019-04-07 18:42:29,btc,32.2497668025648,25528.85,0.000000035,btc,1001975.4986,0.00089350975,0.0152723574729,125
1,[],22,[],2019-06-17 14:32:38,10000.0,0.00000001,0.00000000000092914,7740161,2019-06-17 14:32:38,BTC,0.032061,0.0,0.00000001,BTC,299316.7611111111,0.0,0.0001,126
1,[],4,[],2019-06-28 22:58:04,597435.42725383,0.00000304,0.00000000037284231999999997,7776904,2019-06-28 22:58:04,btc,2.399418272150516,0.0,0.00000304,btc,176608.1937527,0.0304467,0.5749551811540123,131
0,[],2,[],2019-01-20 23:25:46,0.0,0,0,6476969,2019-01-20 23:25:46,,0.0,0.0,0,,0.0,0.0,0.0,131
1,[],17,[],2019-05-03 01:13:10,10000.0,0.00000001,0.000000000000548003,7559115,2019-05-03 01:13:10,btc,0.0953976503951408,0.0,0.00000001,btc,5037.62507334,0.0,0.0001,131
1,[],4,[],2019-06-17 14:32:42,4848.49465417,0.00007919,0.00000000735785966,7740163,2019-06-17 14:32:42,btc,0.9905723729472744,0.0,0.00007919,btc,202.13055914,0.0,0.0061509344290166,135
1,[],3,[],2019-06-05 06:33:11,40600.27748212,0.00000001,0.000000000000779096,7740019,2019-06-05 06:33:11,btc,0.2308097808993716,2146378.52189,0.00000001,btc,2477992.76904676,0.0,0.0004060027748212,136
1,[],4,[],2019-06-28 23:00:07,201092.47781627,0.00000153,0.000000000187647615,7776905,2019-06-28 23:00:07,btc,112.50996032642345,0.0,0.00000153,btc,505707.74270349,0.00773979,0.2145286921684709,137
1,[],12,[],2019-06-28 23:00:09,66981.4315164,0.00000190000000000000001990053087597143388620679615996778011322021484375,0.00000000023302645,7776906,2019-06-28 23:00:09,btc,57.973517519664355,0.0,0.00000190000000000000001990053087597143388620679615996778011322021484375,btc,81644.8079228,0.001946269294,0.0141368399998875,137
1,[],4,[],2019-06-28 23:00:09,357897.26529618,0.00001013,0.000000001242398915,7776907,2019-06-28 23:00:09,btc,5.191305549369424,0.0,0.00001013,btc,159128.36928593,0.14895991,0.2652126442654213,142
1,[],5,[],2019-06-28 23:00:12,0.0,0,0,7776908,2019-06-28 23:00:12,btc,0.0,0.02660855,0,btc,0.0,0.0,0.0,142
1,[],20,[],2019-06-28 23:02:14,273824.1376,0.000010123,0.0000000012415403965,7776909,2019-06-28 23:02:14,btc,1.6108624549803,12.0316,0.000010123,btc,10035.3533,0.0001219162028,0.0070422774052,142
1,[],22,[],2019-06-28 23:02:18,10820.0,0.00000600,0.000000000735873,7776910,2019-06-28 23:02:18,BTC,2.99759384,0.0,0.00000600,BTC,835.7198755539798,0.0,0.0053672,142
0.0,[],25,[],2019-06-28 23:02:57,0.0,0,0,7776911,2019-06-28 23:02:57,,0.0,0.0,0.0,btc,0.0,0.0,0.0,142
0,[],28,[],2019-06-28 23:02:59,0.0,0,0,7776912,2019-06-28 23:02:59,,0.0,0.0,0,,0.0,0.0,0.0,142
1,[],17,[],2019-05-03 01:13:16,32967.38636364,0.00000088,0.000000000048224264,7559122,2019-05-03 01:13:16,btc,20.06976206696776,0.0,0.00000088,btc,2746.079105,0.0,0.0105613000000032,142
0,[],22,[],2019-06-28 23:03:02,0.0,0,0,7776913,2019-06-28 23:03:02,,1635.49920992,0.0,0,,707007055.1744589,0.0,0.0,143
0,[],22,[],2019-02-25 15:42:22,0.0,0,0,6783783,2019-02-25 15:42:22,,4.2131946,0.0,0,,2322156.0,0.0,0.0,146
,[],22,[],2018-11-20 23:01:11,0.0,0,0,4862114,2018-11-20 23:01:11,,2.56807021,0.0,,,61828.4988236,0.0,0.0,147
1,[],12,[],2019-04-21 06:38:04,193091.5971266,0.00000071,0.000000000037635183,7388679,2019-04-21 06:38:04,btc,2.301232411611175,0.0,0.00000071,btc,9957.48302385,0.00023528,0.0313308199999888,148
1,[],4,[],2019-03-19 21:31:25,255810.0415942,0.00000029,0.000000000011615747,6982695,2019-03-19 21:31:25,btc,218.94922712414143,0.0,0.00000029,btc,793529.37642722,0.00117,0.0608347789473395,152
0,[],22,[],2019-03-19 21:31:27,0.0,0,0,6982696,2019-03-19 21:31:27,,0.0,0.0,0,,0.0,0.0,0.0,152
1,[],5,[],2019-04-26 09:36:59,0.0,0,0,7465040,2019-04-26 09:36:59,btc,0.0,0.0,0,btc,0.0,0.0,0.0,153
,[],16,[],2019-01-11 15:38:59,0.0,0,0,6366141,2019-01-11 15:38:59,btc,0.0,0.0,,btc,0.0,0.0,0.0,155
0,[],23,[],2019-01-20 23:24:29,0.0,0,0,6476932,2019-01-20 23:24:29,,0.0,0.0,0,,0.0,0.0,0.0,156
0,[],22,[],2019-06-04 06:02:09,0.0,0,0,7734688,2019-06-04 06:02:09,,7.43375324,0.0,0,,5955762.942592593,0.0,0.0,156
1,[],22,[],2019-06-28 23:03:06,6996.0,0.00000001,0.000000000001226455,7776914,2019-06-28 23:03:06,BTC,1.7543039,0.0,0.00000001,BTC,57.0,0.0,6.996e-05,157
0,[],22,[],2019-05-21 23:40:32,0.0,0,0,7665049,2019-05-21 23:40:32,,50234.60468402,0.0,0,,54786159.03179465,0.0,0.0,158
,[],17,[],2018-11-20 22:56:10,0.0,0,0,4861976,2018-11-20 22:56:10,btc,1.1265625,0.0,,btc,1000.0,0.0,0.0,159
,[],20,[],2018-11-20 22:56:12,0.0,0,0,4861977,2018-11-20 22:56:12,btc,11912.7940471,0.0,,btc,34413894.3617,0.0,0.0,159
1,[],12,[],2019-05-24 02:51:20,9178.522006449999,0.00000191999999999999982841307998027158276954651228152215480804443359375,0.000000000151222656,7676256,2019-05-24 02:51:20,btc,149.80414728631675,0.0,0.00000191999999999999982841307998027158276954651228152215480804443359375,btc,1115.7451448499999,0.01783167678326,0.0120075778999181,168
1,[],17,[],2019-05-03 01:13:36,42852.0,0.00000002,0.000000000001096006,7559132,2019-05-03 01:13:36,btc,0.04279856251542,0.0,0.00000002,btc,274.46171372,0.0,0.00052852,168
1,[],22,[],2019-05-17 03:01:52,10.0,0.00000001,0.000000000000778341,7642059,2019-05-17 03:01:52,BTC,41.95893009,0.0,0.00000001,BTC,1753972.7737547632,0.0,1e-07,169
1,[],22,[],2019-05-30 08:38:18,202834.0,0.00000002,0.0000000000017416160000000001,7711049,2019-05-30 08:38:18,BTC,27.87002826,0.0,0.00000002,BTC,462189.5410507793,0.0,0.00211768,171
1,[],22,[],2019-05-29 08:05:18,349870.0,0.00000002,0.000000000001705894,7705265,2019-05-29 08:05:18,BTC,24.05907723,0.0,0.00000002,"BTC,LTC",1224285.4355616204,0.0,0.0039847,173
1,[],5,[],2019-06-28 23:03:08,0.0,0,0,7776915,2019-06-28 23:03:08,btc,0.0,0.00476618,0,btc,0.0,0.0,0.0,175
1,[],22,[],2019-06-17 14:33:12,90671.0,0.00000001,0.00000000000092914,7740175,2019-06-17 14:33:12,BTC,394.35459412,0.0,0.00000001,BTC,136275.61833431243,0.0,0.00090671,176
1,[],7,[],2019-06-28 23:03:09,0.0,0,0,7776916,2019-06-28 23:03:09,btc,521516.24099987553,0.0,0,btc,27640354.03590646,0.0,0.0,178
0,[],22,[],2019-06-28 23:03:12,0.0,0,0,7776917,2019-06-28 23:03:12,,1.00242428,0.0,0,,57512.0,0.0,0.0,178
0,[],2,[],2019-01-20 23:28:34,0.0,0,0,6477001,2019-01-20 23:28:34,,0.0,0.0,0,,0.0,0.0,0.0,178
1,[],5,[],2019-06-28 23:03:14,0.0,0,0,7776918,2019-06-28 23:03:14,btc,0.0,0.00199465,0,btc,0.0,0.0,0.0,179
0,[],22,[],2019-06-28 23:03:16,0.0,0,0,7776919,2019-06-28 23:03:16,,9.36129528,0.0,0,,14660480.311946675,0.0,0.0,179
0,[],23,[],2019-01-20 23:25:08,0.0,0,0,6476952,2019-01-20 23:25:08,,0.0,0.0,0,,0.0,0.0,0.0,179
1,[],22,[],2019-06-28 23:05:22,695155.5363636364,0.00000036,0.00000000004415238,7776920,2019-06-28 23:05:22,BTC,40.6047897,0.0,0.00000036,"BTC,LTC",159209.51587503732,0.00274128,0.56506569,180
1,[],26,[],2019-06-28 23:05:22,0.0,0.00000010,0.00000000001226455,7776921,2019-06-28 23:05:22,btc,0.0,0.0,0.00000010,btc,0.0,0.0,0.0,180
1,[],17,[],2019-05-03 01:13:56,20504.725000000002,0.0000001,0.00000000000548003,7559141,2019-05-03 01:13:56,btc,5.2010695838400265,0.0,0.0000001,btc,5033.45945,0.0,0.0011504725,180
,[],7,[],2018-11-20 22:58:01,562227.975654,0.00000085,0.000000000036176765,4862015,2018-11-20 22:58:01,btc,21836.6059674,2491.87645172,,btc,749999.041456,0.00211021,0.127565380455,183
,[],5,[],2019-01-10 08:11:41,0.0,0,0,6347036,2019-01-10 08:11:41,btc,82.15055501,0.00261,,btc,1.19002445,0.0,0.0,187
,[],17,[],2018-11-16 20:58:10,4062536.27273,0.00000001,0.000000000000550501,4708775,2018-11-16 20:58:10,btc,3.36492563466,0.195460381006,,"btc,eth",110697919.549,0.0,0.0157628953496,187
1,[],24,[],2019-05-22 21:04:52,0.0,0.000000000014,0.0000000000000010960978,7670219,2019-05-22 21:04:52,btc,0.0,0.0,0.000000000014,btc,0.0,0.0,0.0,187
0,[],22,[],2019-04-25 02:54:07,0.0,0,0,7447896,2019-04-25 02:54:07,,7.54794454,0.0,0,,76361.7243344055,0.0,0.0,191
0,[],22,[],2019-06-17 14:33:34,0.0,0,0,7740182,2019-06-17 14:33:34,,0.0,0.0,0,,0.0,0.0,0.0,197
0,[],23,[],2019-01-20 23:31:41,0.0,0,0,6477079,2019-01-20 23:31:41,,0.0,0.0,0,,0.0,0.0,0.0,199
0,[],22,[],2019-06-28 08:39:55,0.0,0,0,7774500,2019-06-28 08:39:55,,10.58263174,0.0,0,,84280969.0,0.0,0.0,199
1,[],26,[],2019-06-28 08:39:55,0.0,0.00000000,0,7774501,2019-06-28 08:39:55,btc,0.0,0.0,0.00000000,btc,0.0,0.0,0.0,199
0,[],2,[],2019-01-20 23:30:49,0.0,0,0,6477059,2019-01-20 23:30:49,,0.0,0.0,0,,0.0,0.0,0.0,201
1,[],4,[],2019-01-25 15:51:35,2084389.58565343,0.00000936,0.000000000333526752,6499557,2019-01-25 15:51:35,btc,2.0092503037378524,0.0,0.00000936,btc,160195.80207885,0.19272417,1.242687955921835,211
1,[],7,[],2019-06-28 23:05:26,1170054124.6898527,0.00000018,0.000000000022076189999999997,7776922,2019-06-28 23:05:26,btc,1346736.4017957556,0.0,0.00000018,btc,5660791.41084385,0.0,11.954344045954047,212
1,[],12,[],2019-01-25 02:44:32,207462.42853209,0.000001080000000000000035831255497387193287295303889550268650054931640625,0.000000000038610756000000006,6493050,2019-01-25 02:44:32,btc,85023.03793723314,0.0,0.000001080000000000000035831255497387193287295303889550268650054931640625,btc,43675.73520027,0.000146250909087,0.0348620860622024,213
1,[],5,[],2019-05-30 00:07:46,0.0,0,0,7709357,2019-05-30 00:07:46,btc,0.0,0.06425239,0,btc,0.0,0.0,0.0,213
1,[],24,[],2019-05-30 00:07:46,0.0,0.000000399202,0.0000000000344859829346,7709358,2019-05-30 00:07:46,btc,0.0,0.0,0.000000399202,btc,0.0,0.0,0.0,213
1,[],26,[],2019-05-30 00:07:47,0.0,0.00000040,0.000000000034554919999999996,7709359,2019-05-30 00:07:47,btc,0.0,0.0,0.00000040,btc,0.0,0.0,0.0,213
0,[],22,[],2019-06-28 23:05:28,0.0,0,0,7776923,2019-06-28 23:05:28,,9.56923849,0.0,0,,3661587.2040649247,0.0,0.0,216
0,[],27,[],2019-06-28 23:05:36,0.0,0,0,7776924,2019-06-28 23:05:36,,1948.3383967991977,0.0,0,"btc,ltc",495450.29534794,0.0,0.0,216
1,[],22,[],2019-06-28 23:05:40,1015585.5238095238,0.00000021,0.000000000025755555,7776925,2019-06-28 23:05:40,BTC,12055.87384954,0.0,0.00000021,BTC,603315.9363606856,0.00882839,0.04544833,217
1,[],7,[],2019-06-27 19:02:35,0.0,0,0,7772298,2019-06-27 19:02:35,btc,2123800.2774640615,0.0,0,btc,82333746.4752352,0.0,0.0,219
0,[],27,[],2019-06-28 23:05:47,0.0,0,0,7776926,2019-06-28 23:05:47,,250.21442758069674,0.0,0,btc,146772.535837,0.0,0.0,219
0,[],28,[],2019-06-28 23:05:48,0.0,0,0,7776927,2019-06-28 23:05:48,,0.0,0.0,0,,0.0,0.0,0.0,219
0,[],22,[],2019-06-26 23:36:41,0.0,0,0,7769178,2019-06-26 23:36:41,,56.75439223,0.0,0,,184664.6482738741,0.0,0.0,221
1,[],24,[],2019-06-26 23:36:41,0.0,0.000000030000,0.000000000003835668,7769179,2019-06-26 23:36:41,btc,0.0,0.0,0.000000030000,btc,0.0,0.0,0.0,221
1,[],20,[],2019-06-17 14:34:11,26882155.8301,0.000000003,0.000000000000278742,7740192,2019-06-17 14:34:11,btc,100050.81956632523,233521.3529,0.000000003,btc,38769742.8604,0.0007925640587,0.0306863532672,224
0,[],22,[],2019-06-17 14:34:13,0.0,0,0,7740193,2019-06-17 14:34:13,,0.0,0.0,0,,0.0,0.0,0.0,224
1,[],26,[],2019-06-28 23:05:48,0.0,0.00000022,0.00000000002698201,7776928,2019-06-28 23:05:48,btc,0.0,0.0,0.00000022,btc,0.0,0.0,0.0,231
1,[],26,[],2019-06-28 23:05:49,0.0,0.00000005,0.000000000006132275,7776929,2019-06-28 23:05:49,btc,0.0,0.0,0.00000005,btc,0.0,0.0,0.0,234
0.0000000002509667,[],27,[],2019-06-28 23:05:57,100.0,2.509667e-18,3.077993640485e-22,7776930,2019-06-28 23:05:57,eth,0.0,0.0,0.00000001,"btc,eth",0.0,0.0,2.509667e-16,234
1,[],4,[],2019-05-22 17:06:12,91780.56053785,0.00000078,0.000000000061977552,7669277,2019-05-22 17:06:12,btc,5.573372450018177,0.0,0.00000078,btc,729173.93529783,0.0,0.0307060663355679,236
1,[],24,[],2019-05-22 17:06:12,0.0,0.000000010000,0.000000000000794584,7669278,2019-05-22 17:06:12,btc,0.0,0.0,0.000000010000,btc,0.0,0.0,0.0,236
1,[],5,[],2019-06-28 23:05:59,0.0,0,0,7776931,2019-06-28 23:05:59,btc,0.0,0.92138083,0,btc,0.0,0.0,0.0,237
1,[],20,[],2019-06-28 23:06:00,117920434.2944,0.000000057,0.0000000000069907935,7776932,2019-06-28 23:06:00,btc,8172549.077219495,10119635.7572,0.000000057,btc,48089665.3246,0.618163409344,0.5696527943543,237
1,[],22,[],2019-06-28 23:06:04,2084614.0,0.00000004,0.00000000000490582,7776933,2019-06-28 23:06:04,BTC,1.20112188,0.0,0.00000004,"BTC,LTC",14507.148717948718,0.0,0.02587451,237
1,[],4,[],2019-06-28 23:06:05,26395704.28669186,0.00000007,0.000000000008585185,7776934,2019-06-28 23:06:05,btc,2.542779035909259,0.0,0.00000007,btc,10850213.43238679,0.05995189,0.5386341315538025,238
1,[],5,[],2019-06-28 23:06:06,0.0,0,0,7776935,2019-06-28 23:06:06,btc,0.0,0.00316307,0,btc,0.0,0.0,0.0,238
0,[],22,[],2019-03-12 16:49:32,0.0,0,0,6914458,2019-03-12 16:49:32,,0.40415746,0.0,0,,526736.5639027493,0.0,0.0,249
0,[],22,[],2019-05-28 23:53:45,0.0,0,0,7703643,2019-05-28 23:53:45,,13.44714864,0.0,0,,43777534.3426455,0.0,0.0,252
0,[],28,[],2019-06-28 23:06:09,0.0,0,0,7776936,2019-06-28 23:06:09,,0.0,0.0,0,,0.0,0.0,0.0,256
1,[],22,[],2019-06-28 23:06:13,528824.0,0.00000001,0.000000000001226455,7776937,2019-06-28 23:06:13,BTC,31471.48541794,0.0,0.00000001,"BTC,LTC",1165516.0289488921,4.108e-05,0.00768824,258
1,[],22,[],2019-05-19 18:12:02,400.0,0.00000001,0.0000000000007957800000000001,7653905,2019-05-19 18:12:02,BTC,2.415167,0.0,0.00000001,BTC,157.0,0.0,4e-06,259
1,[],5,[],2019-06-28 23:06:14,0.0,0,0,7776938,2019-06-28 23:06:14,btc,0.0,0.03250928,0,btc,0.0,0.0,0.0,264
1,[],20,[],2019-06-28 23:06:16,934360.8143,0.000000177,0.0000000000217082535,7776939,2019-06-28 23:06:16,btc,1.0498331993291,29008.8225,0.000000177,btc,34657.2132,0.011427274225,0.0055955408237,264
0,[],22,[],2019-04-12 17:57:27,0.0,0,0,7278186,2019-04-12 17:57:27,,66.37522201,0.0,0,,677842.4169881374,0.0,0.0,271
0,[],22,[],2019-06-28 23:06:19,0.0,0,0,7776940,2019-06-28 23:06:19,,33050469.74148113,0.0,0,,14261527780.7,0.0,0.0,272
0,[],28,[],2019-06-28 23:06:21,0.0,0,0,7776941,2019-06-28 23:06:21,,0.0,0.0,0,,0.0,0.0,0.0,272
1,[],22,[],2019-05-23 07:12:29,219930.0,0.00000004,0.000000000003048688,7671985,2019-05-23 07:12:29,BTC,426.77835217,0.0,0.00000004,BTC,248664.3325962929,0.0,0.00739728,281
1,[],22,[],2019-06-28 23:06:25,86301.7,0.00000001,0.000000000001226455,7776942,2019-06-28 23:06:25,BTC,7.83790157,0.0,0.00000001,"BTC,LTC",1106710.2660440896,0.0003467700001159868,0.00417427,286
0,[],22,[],2019-06-17 14:34:53,0.0,0,0,7740207,2019-06-17 14:34:53,,7337915.80475575,0.0,0,,2078527309.6797826,0.0,0.0,294
