pairValue,buyBook,exchangeId,sellBook,updated,buyTotal,satoshiPrice,usdPrice,exchangeLogId,created,bestPair,sellTotalBtc,volume,pairPrice,activePairs,sellTotal,volumeBtc,buyTotalBtc,coinId
1,[],3,[],2019-03-07 11:07:30,30540.15491862356,0.01288870999999999940321959712719035451300442218780517578125,0.0000004977954908460001,6866643,2019-03-07 11:07:30,btc,61.10625636279962,2.38480809456,0.01288870999999999940321959712719035451300442218780517578125,btc,24.455963643765,0.0,0.26872723074382693,1
0,[],2,[],2019-01-20 23:28:45,0.0,0,0,6477011,2019-01-20 23:28:45,,0.0,0.0,0,,0.0,0.0,0.0,1
1,[],4,[],2019-03-07 11:07:31,207902.85621528,0.01300328,0.000000502220482128,6866644,2019-03-07 11:07:31,btc,9.064140133847918,0.0,0.01300328,btc,246.32513803,2.21940218,2.9874157107240253,1
1,[],5,[],2019-03-07 11:07:34,0.0,0,0,6866645,2019-03-07 11:07:34,btc,0.0,0.11178735,0,btc,0.0,0.0,0.0,1
1,[],10,[],2019-03-07 11:07:37,414593.52879569,0.01025663,0.000000396137717838,6866646,2019-03-07 11:07:37,btc,6522.330571547017,1812.62151803,0.01025663,btc,1111.68518538,0.0,5.447711147237721,1
1,[],12,[],2019-03-07 11:07:40,106.57573512,0.01298000000000000021815882433884326019324362277984619140625,0.000000501321348,6866647,2019-03-07 11:07:40,btc,0.3430867486509,0.0,0.01298000000000000021815882433884326019324362277984619140625,btc,23.77034599,0.0184763030065,0.3458144157734,1
1,[],20,[],2019-03-07 11:07:42,1152.5882,0.010500302,0.00000040554896402520005,6866648,2019-03-07 11:07:42,btc,0.0554564872769,0.3915,0.010500302,btc,2.4799,0.0046697723592,0.1059914885173,1
1,[],21,[],2019-03-07 11:07:43,2104.57961694,0.01300090999999999920311299917,0.000000502128946566,6866649,2019-03-07 11:07:43,btc,16.612375115621393,2619.4705226600004,0.01300090999999999920311299916875213966704905033111572265625,"btc,eth",1690.2624248500001,32.64471281096501,20.30526306574493,1
1,[],22,[],2019-03-07 11:07:48,0.006382215384615385,0.01300000,0.0000005020938000000001,6866650,2019-03-07 11:07:48,BTC,0.31439419,0.0,0.01300000,BTC,0.12751438772928525,0.0,7.978e-05,1
1,[],24,[],2019-03-07 11:07:48,0.0,0.000000000000,0,6866651,2019-03-07 11:07:48,btc,0.0,0.0,0.000000000000,btc,0.0,0.0,0.0,1
0.0,[],25,[],2019-03-07 11:07:49,0.0,0,0,6866652,2019-03-07 11:07:49,btc,26.10529999836541,121.16438853,0.0,btc,1951.96860875,1.5753,0.0,1
1,[],26,[],2019-03-07 11:07:59,0.0,0,0,6866653,2019-03-07 11:07:59,,0.0,0.0,0,,0.0,0.0,0.0,1
1,[],28,[],2019-03-07 11:08:00,993.142,0.01323000,0.0000005109769980000001,6866654,2019-03-07 11:08:00,btc,0.147239806,18951.67,0.01323000,btc,7.9,0.0,0.089302756,1
1,[],5,[],2019-03-07 11:08:03,0.0,0,0,6866655,2019-03-07 11:08:03,btc,0.0,0.01169652,0,btc,0.0,0.0,0.0,2
0.0000000001282586,[],22,[],2019-03-07 11:08:06,1148.0,1.4108446e-16,5.449048664796e-21,6866656,2019-03-07 11:08:06,XMR,21.01373823,0.0,0.00000110,XMR,14319.12581,0.0,0.00087635,2
1,[],5,[],2019-03-07 11:08:08,0.0,0,0,6866657,2019-03-07 11:08:08,btc,0.0,0.6876004,0,btc,0.0,0.0,0.0,3
1,[],12,[],2019-03-07 11:08:09,1929318.05724,0.000000175,0.0000000000067589550000000005,6866658,2019-03-07 11:08:09,btc,22810.20622834404,0.0,0.000000175,btc,912315.25582876,0.0803127528329392,0.27958346844528,3
0,[],28,[],2019-03-07 11:08:12,0.0,0,0,6866659,2019-03-07 11:08:12,,0.0,0.0,0,,0.0,0.0,0.0,3
0,[],2,[],2019-01-20 23:31:32,0.0,0,0,6477077,2019-01-20 23:31:32,,0.0,0.0,0,,0.0,0.0,0.0,4
1,[],4,[],2019-03-06 07:42:51,399811.41130817,0.00000037,0.000000000014225612,6856592,2019-03-06 07:42:51,btc,32.25588008858344,0.0,0.00000037,btc,710412.77475616,0.01275082,0.0541874837964531,4
1,[],12,[],2019-03-07 11:08:14,455235.0,0.00000002,0.000000000000772452,6866660,2019-03-07 11:08:14,btc,6.719401749999999,0.0,0.00000002,btc,446625.0,0.00020222,0.00646444,5
0,[],2,[],2019-01-20 23:31:51,0.0,0,0,6477087,2019-01-20 23:31:51,,0.0,0.0,0,,0.0,0.0,0.0,6
1,[],11,[],2019-03-07 11:08:16,4853444.5,0.00000002,0.000000000000772452,6866661,2019-03-07 11:08:16,btc,9568.23120290766,279440.0,0.00000002,btc,42611702.90271394,0.0,0.064543725,6
1,[],3,[],2019-03-07 11:08:17,1084.025676350546,0.00015218999999999999130258221402556273460504598915576934814453125,0.000000005877973494,6866662,2019-03-07 11:08:17,btc,28.402034233092024,0.0,0.00015218999999999999130258221402556273460504598915576934814453125,btc,243.122414578101,0.0,0.03373015986855591,7
1,[],4,[],2019-03-07 11:08:18,106138.08690637,0.00024824,0.000000009587674224,6866663,2019-03-07 11:08:18,btc,13.838136552429553,0.0,0.00024824,btc,40172.6478834,3.1999556,8.406617199055768,7
1,[],5,[],2019-03-07 11:08:20,0.0,0,0,6866664,2019-03-07 11:08:20,btc,0.0,0.43815839,0,btc,0.0,0.0,0.0,7
1,[],20,[],2019-02-20 02:16:17,39399275.8418,0.000000001,0.0000000000000390183,6728586,2019-02-20 02:16:17,btc,116.9737569154545,525.0,0.000000001,btc,56932965.8895,5.25e-07,0.0393992758418,8
0,[],2,[],2019-01-20 23:22:42,0.0,0,0,6476876,2019-01-20 23:22:42,,0.0,0.0,0,,0.0,0.0,0.0,9
0,[],23,[],2019-01-20 23:22:48,0.0,0,0,6476878,2019-01-20 23:22:48,,0.0,0.0,0,,0.0,0.0,0.0,9
1,[],1,[],2019-02-17 23:31:42,1822507.21,0.00000181000000000000003456111265232042484285557293333113193511962890625,0.000000000066086901,6701244,2019-02-17 23:31:42,btc,3.6990969245,17153386.5,0.00000181000000000000003456111265232042484285557293333113193511962890625,btc,1997391.71,31.11772986,3.2610482446,9
1,[],4,[],2019-03-07 11:08:23,1609600.65327669,0.00000154,0.000000000059478804,6866665,2019-03-07 11:08:23,btc,5.432216109377347,0.0,0.00000154,btc,2688313.11810036,3.8672845,1.5026918772831046,9
1,[],28,[],2019-03-07 11:08:24,38863.15,0.00000166,0.000000000064113516,6866666,2019-03-07 11:08:24,btc,2708.761281370583,3543192.0,0.00000166,btc,11954.1497,0.0,0.035782829,9
1,[],4,[],2019-02-17 11:22:43,4341674.27126056,0.00000002,0.0000000000007272960000000001,6696112,2019-02-17 11:22:43,btc,0.1997230937751353,0.0,0.00000002,btc,4109766.79808031,0.00215132,0.0479381022052112,10
0,[],2,[],2019-01-20 23:23:08,0.0,0,0,6476890,2019-01-20 23:23:08,,0.0,0.0,0,,0.0,0.0,0.0,12
1,[],4,[],2019-03-07 11:08:26,6737254.52353615,0.00000122,0.000000000047119572000000006,6866667,2019-03-07 11:08:26,btc,12.29545494901985,0.0,0.00000122,btc,6610382.50990597,2.49599287,4.291134858674761,12
1,[],5,[],2019-03-07 11:08:27,0.0,0,0,6866668,2019-03-07 11:08:27,btc,0.0,0.41781442,0,btc,0.0,0.0,0.0,12
0.0,[],25,[],2019-03-07 11:08:29,0.0,0,0,6866669,2019-03-07 11:08:29,,0.0,0.0,0.0,btc,0.0,0.0,0.0,12
1,[],4,[],2019-03-07 11:08:30,32040832.71049776,0.00000603,0.000000000232894278,6866670,2019-03-07 11:08:30,btc,3.3586095034970023,0.0,0.00000603,btc,429006.73253569,1.7295966,1.2860827397688972,13
1,[],21,[],2019-03-07 11:08:32,906455.54475632,0.000006000000000000000152005144582,0.0000000002317356,6866671,2019-03-07 11:08:32,btc,6.100006570760693,870722.72244717,0.00000600000000000000015200514458246772164784488268196582794189453125,btc,913987.04205127,5.31662178,4.973423206084629,13
1,[],10,[],2019-03-07 09:43:16,394538.51933598,0.00000564,0.000000000217402824,6865913,2019-03-07 09:43:16,btc,666801.2905672198,9103.19606653,0.00000564,btc,711603.14763288,0.0,0.2427223879747855,13
1,[],4,[],2019-03-07 11:08:33,706328.02978803,0.00000137,0.000000000052912962000000005,6866672,2019-03-07 11:08:33,btc,10.885419680553426,0.0,0.00000137,btc,921833.49813254,0.01016579,0.1567429487676982,14
1,[],12,[],2019-03-07 11:08:34,283720.27692308,0.000001300000000000000047051663780439678674838432925753295421600341796875,0.000000000050209380000000004,6866673,2019-03-07 11:08:34,btc,0.0991749292967824,0.0,0.000001300000000000000047051663780439678674838432925753295421600341796875,btc,7176.23678146,6.64584415704e-05,0.049681840000004,14
0,[],17,[],2019-03-07 11:08:46,0.0,0,0,6866674,2019-03-07 11:08:46,btc,0.0,0.0,0,btc,0.0,0.0,0.0,14
1,[],26,[],2019-03-07 11:08:46,0.0,0.00000050,0.0000000000193113,6866675,2019-03-07 11:08:46,btc,0.0,0.0,0.00000050,btc,0.0,0.0,0.0,14
,[],12,[],2018-12-01 15:15:48,204241.84496,0.00000489,0.000000000202473384,5260204,2018-12-01 15:15:48,btc,49.5475654835,0.0,,btc,35763.2193806,0.0163153972027625,0.0203389899998,15
0,[],4,[],2019-03-07 11:08:47,0.0,0,0,6866676,2019-03-07 11:08:47,,0.0,0.0,0,,0.0,0.0,0.0,15
0,[],2,[],2019-01-20 23:23:38,0.0,0,0,6476906,2019-01-20 23:23:38,,0.0,0.0,0,,0.0,0.0,0.0,18
1,[],4,[],2019-03-07 11:08:48,23272.27938326,0.00001710,0.0000000006604464600000001,6866677,2019-03-07 11:08:48,btc,4.17021997642756,0.0,0.00001710,btc,17600.54767501,0.03608859,0.0356292079526662,18
1,[],10,[],2019-03-07 11:08:50,785413.9254923,0.00001725,0.00000000066623985,6866678,2019-03-07 11:08:50,btc,15.366463721223482,1435.26264351,0.00001725,btc,12197.3925906,0.0,0.1652158839197455,18
1,[],12,[],2019-03-07 11:08:52,370407.75434074,0.000017039999999999999483017709689391949723358266055583953857421875,0.000000000658129104,6866679,2019-03-07 11:08:52,btc,0.0022162339213104,0.0,0.000017039999999999999483017709689391949723358266055583953857421875,btc,117.83084705,0.0077062075193259,0.031832470539121,18
0,[],17,[],2019-03-07 11:08:53,0.0,0,0,6866680,2019-03-07 11:08:53,btc,0.0,0.0,0,btc,0.0,0.0,0.0,18
0,[],2,[],2019-01-20 23:24:19,0.0,0,0,6476924,2019-01-20 23:24:19,,0.0,0.0,0,,0.0,0.0,0.0,19
1,[],3,[],2019-03-07 11:08:54,137123.47451564466,0.0000174999999999999984669381281054967303134617395699024200439453125,0.0000000006758955,6866681,2019-03-07 11:08:54,btc,0.5029232885518443,4681.8007983,0.0000174999999999999984669381281054967303134617395699024200439453125,btc,8989.037392201615,0.0,0.015217236698867879,19
1,[],4,[],2019-03-07 11:08:56,270165.36502803,0.00001919,0.0000000007411676940000001,6866682,2019-03-07 11:08:56,btc,3.481529749180948,0.0,0.00001919,btc,125985.55038231,0.92265524,2.5375826981603136,19
1,[],5,[],2019-03-07 11:08:58,0.0,0,0,6866683,2019-03-07 11:08:58,btc,0.0,0.00672627,0,btc,0.0,0.0,0.0,19
1,[],12,[],2019-03-07 11:08:59,169452.24768012,0.00001133999999999999984683259068862781759889912791550159454345703125,0.000000000437980284,6866684,2019-03-07 11:08:59,btc,0.227596120838246,0.0,0.00001133999999999999984683259068862781759889912791550159454345703125,btc,332.27457877,0.00024692,0.0273754699999812,19
0,[],27,[],2019-03-07 11:09:01,0.0,0,0,6866685,2019-03-07 11:09:01,,0.0,0.0,0,btc,0.0,0.0,0.0,19
1,[],4,[],2019-03-07 11:09:02,2779123.70923423,0.00000012,0.0000000000046347120000000005,6866686,2019-03-07 11:09:02,btc,7.379832289760813,0.0,0.00000012,btc,2857583.25385408,0.0,0.0777767845064956,20
1,[],12,[],2019-03-07 11:09:04,975236.0,0.00000001,0.000000000000386226,6866688,2019-03-07 11:09:04,btc,0.77189625003996,0.0,0.00000001,btc,2025951.001998,0.00243491996004,0.00975236,21
0,[],17,[],2019-03-07 10:57:33,0.0,0,0,6866494,2019-03-07 10:57:33,btc,0.0,0.0,0,btc,0.0,0.0,0.0,21
1,[],4,[],2019-03-07 11:09:03,103561293.72147027,0.00000002,0.000000000000772452,6866687,2019-03-07 11:09:03,btc,1841.9794680413645,0.0,0.00000002,btc,54908374.6818267,0.02134227,1.1579663175500456,21
1,[],12,[],2019-03-07 11:09:16,2338275475.0,0.0000000001,0.0000000000000038622600000000006,6866689,2019-03-07 11:09:16,btc,5374.959637378337,0.0,0.0000000001,btc,1281433014.1852038,0.00547443984075924,0.2338275475,23
0,[],27,[],2019-03-07 11:09:18,0.0,0,0,6866690,2019-03-07 11:09:18,,13.503256366593412,0.0,0,eth,1966931.35514486,0.0,0.0,23
1,[],4,[],2019-03-07 11:09:19,576796.38673087,0.00000041,0.000000000015835266,6866691,2019-03-07 11:09:19,btc,9.657069758587024,0.0,0.00000041,btc,1630736.98507306,0.01993283,0.1506927893855974,24
1,[],22,[],2019-03-07 11:09:23,11.76,0.00000100,0.0000000000386226,6866692,2019-03-07 11:09:23,BTC,7.415e-05,0.0,0.00000100,BTC,23.919354838709676,0.0,1.176e-05,24
0.0,[],25,[],2019-03-07 11:09:24,0.0,0,0,6866693,2019-03-07 11:09:24,,0.0,0.0,0.0,btc,0.0,0.0,0.0,24
1,[],4,[],2019-03-07 11:09:25,26577686.02775025,0.00000603,0.000000000232894278,6866694,2019-03-07 11:09:25,btc,57.23520728030412,0.0,0.00000603,btc,240226.301806,0.09323604,0.4360899524672057,26
1,[],10,[],2019-03-07 11:09:28,685345.84330297,0.00000603,0.000000000232894278,6866695,2019-03-07 11:09:28,btc,26.12637985175098,5020.15365937,0.00000603,btc,14088.59119631,0.0,0.2272417155496034,26
0,[],2,[],2019-01-20 23:25:56,0.0,0,0,6476976,2019-01-20 23:25:56,,0.0,0.0,0,,0.0,0.0,0.0,26
1,[],3,[],2019-03-07 11:09:28,10977341.88133568,0.00000001,0.000000000000386226,6866696,2019-03-07 11:09:28,btc,2.337970508587665,690310.446597,0.00000001,btc,18327520.65285147,0.0,0.1097734188133568,27
1,[],5,[],2019-03-07 11:09:30,0.0,0,0,6866697,2019-03-07 11:09:30,btc,0.0,0.00012486,0,btc,0.0,0.0,0.0,27
1,[],11,[],2019-03-07 11:09:32,9461840.38103613,0.00000005,0.00000000000193113,6866698,2019-03-07 11:09:32,btc,67506.32843704063,170.63047893,0.00000005,btc,7972152.75036371,0.0,0.44099231334143857,27
1,[],4,[],2019-03-07 11:09:34,1189733484.0896502,0.00000002,0.000000000000772452,6866699,2019-03-07 11:09:34,btc,2.8010600171651134,0.0,0.00000002,"btc,ltc",184407539.1034136,3.0392913,7.379429484948577,29
1,[],7,[],2019-03-07 11:09:35,36318242.19653288,0.00000002,0.000000000000772452,6866700,2019-03-07 11:09:35,btc,44462588.02435195,1466.76666668,0.00000002,btc,45745181.7744846,0.0,0.3828883057755995,29
1,[],4,[],2019-03-07 11:09:36,2435626.46682779,0.00000023,0.000000000008883198,6866701,2019-03-07 11:09:36,btc,2.4609218496490697,0.0,0.00000023,btc,1788810.0101514,0.02711421,0.1243397680645112,30
0,[],17,[],2019-03-07 11:09:38,0.0,0,0,6866702,2019-03-07 11:09:38,btc,0.0,0.0,0,btc,0.0,0.0,0.0,30
1,[],4,[],2019-03-07 11:09:38,424762.37334966,0.00006148,0.0000000023745174480000003,6866703,2019-03-07 11:09:38,btc,8.557619300022148,0.0,0.00006148,btc,89964.72285478,0.67620915,2.316067323552218,31
1,[],21,[],2019-03-07 11:09:39,93730.93946521,0.00006171999999999999860465782486,0.0000000023837868720000003,6866704,2019-03-07 11:09:39,btc,6.217650635162966,435823.12322025,0.00006171999999999999860465782486329544553882442414760589599609375,btc,91066.1117464,28.08162811,5.16856129008317,31
0,[],2,[],2019-01-20 23:28:43,0.0,0,0,6477009,2019-01-20 23:28:43,,0.0,0.0,0,,0.0,0.0,0.0,32
1,[],4,[],2019-03-07 11:09:40,420695198.39791155,0.00000004,0.000000000001544904,6866705,2019-03-07 11:09:40,btc,10.57418313418771,0.0,0.00000004,"btc,ltc",195619330.94840264,0.35653004,9.997313056922234,33
1,[],12,[],2019-03-07 11:09:41,19697080.364,0.00000003,0.000000000001158678,6866706,2019-03-07 11:09:41,btc,387.02821310767234,0.0,0.00000003,btc,15043035.13586407,0.0351552355444568,0.45987115691999997,33
1,[],4,[],2019-03-07 11:09:42,109028448.6860919,0.00000001,0.000000000000386226,6866707,2019-03-07 11:09:42,btc,3.6273545375612946,0.0,0.00000001,btc,102418293.9509167,0.05230877,1.090284486860919,34
1,[],5,[],2019-03-07 11:09:43,0.0,0,0,6866708,2019-03-07 11:09:43,btc,0.0,0.07321464,0,btc,0.0,0.0,0.0,34
0.000000000143946,[],4,[],2019-03-07 11:09:44,1733610775.8173335,1.43946e-18,5.559568779600001e-23,6866709,2019-03-07 11:09:44,ltc,6.996719695549409e-08,0.0,0.00000001,ltc,7540051823.6575,0.0,2.495463367358019e-09,36
1,[],5,[],2019-03-07 11:09:45,0.0,0,0,6866710,2019-03-07 11:09:45,btc,0.0,0.0,0,btc,0.0,0.0,0.0,36
0.0000000003529818,[],27,[],2019-03-07 11:09:48,11290000.0,3.529818e-18,1.363307486868e-22,6866711,2019-03-07 11:09:48,eth,222.5593883364624,0.0,0.00000001,"ltc,eth",11165403.32426039,0.0,2.3726481516000002e-11,36
0,[],17,[],2019-03-07 10:58:06,0.0,0,0,6866517,2019-03-07 10:58:06,btc,0.07464582818694514,0.0,0,btc,4105386.20243647,0.0,0.0,36
1,[],4,[],2019-03-07 10:58:09,284717.898534,0.00000058,0.000000000022374834,6866519,2019-03-07 10:58:09,btc,19772.502682470156,0.0,0.00000058,btc,591407.23333929,0.0296559,0.1237284351455353,37
1,[],12,[],2019-03-07 10:58:10,531904.21178824,0.0000006,0.00000000002314638,6866520,2019-03-07 10:58:10,btc,4.288503605145911,0.0,0.0000006,btc,323446.12179339,0.0400992545671162,0.1812951730366099,37
1,[],27,[],2019-03-07 10:58:22,14685.567,0.00000045,0.000000000017359785,6866521,2019-03-07 10:58:22,btc,25.77745805411233,0.0,0.00000045,btc,6527.38138508,0.0,0.00480032515,37
1,[],17,[],2019-03-07 10:36:53,1752.74075282,0.00000025,0.0000000000096277,6866325,2019-03-07 10:36:53,btc,0.05548492399091216,0.0,0.00000025,btc,1387.19918473,0.0,0.00043818518820499993,37
1,[],5,[],2019-03-07 11:09:50,0.0,0,0,6866712,2019-03-07 11:09:50,btc,0.0,0.01854612,0,btc,0.0,0.0,0.0,42
1,[],12,[],2019-03-07 11:09:51,119320.08766938,0.000001129999999999999980629101885287735029805844533257186412811279296875,0.000000000043643538000000004,6866713,2019-03-07 11:09:51,btc,0.2293239139136754,0.0,0.000001129999999999999980629101885287735029805844533257186412811279296875,btc,15690.4565985,0.034140917118314,0.010991854196118,42
0.0000000003529818,[],27,[],2019-03-07 11:09:54,22000.0,3.5298179999999997e-17,1.363307486868e-21,6866714,2019-03-07 11:09:54,eth,0.00315028,0.0,0.0000001,"btc,eth",11.007,0.0,7.13023236e-13,42
1,[],5,[],2019-03-07 11:09:56,0.0,0,0,6866715,2019-03-07 11:09:56,btc,0.0,0.00021117,0,btc,0.0,0.0,0.0,43
1,[],12,[],2019-03-07 11:09:57,104886.0,0.00000001,0.000000000000386226,6866716,2019-03-07 11:09:57,btc,0.60704888999001,0.0,0.00000001,btc,2750866.4995005,6.113000999e-05,0.00104886,43
0,[],17,[],2019-03-07 10:58:31,0.0,0,0,6866527,2019-03-07 10:58:31,btc,0.0,0.0,0,btc,0.0,0.0,0.0,43
1,[],12,[],2019-03-05 01:54:08,639326.02,0.00000004,0.000000000001486676,6845775,2019-03-05 01:54:08,btc,11116042.728239931,0.0,0.00000004,btc,1103841.4595604,0.0003330765234764,0.014975410599999999,44
1,[],4,[],2019-03-07 11:09:59,300135209.1670634,0.00000004,0.000000000001544904,6866717,2019-03-07 11:09:59,btc,24653.62646031873,0.0,0.00000004,"btc,ltc",14256742.70145816,0.09522257,0.3500501381849973,49
0,[],4,[],2019-03-07 11:10:00,0.0,0,0,6866718,2019-03-07 11:10:00,,25.80854540885634,0.0,0,,9804172389.760284,0.0,0.0,52
0.0000000001282586,[],22,[],2019-03-07 11:10:08,80845862.0,1.282586e-18,4.95368060436e-23,6866719,2019-03-07 11:10:08,XMR,4366.97466637,0.0,0.00000001,XMR,255820234.67882353,0.0,0.80845862,57
0.0000000003529818,[],27,[],2019-03-07 11:10:11,2000.0,3.529818e-18,1.363307486868e-22,6866720,2019-03-07 11:10:11,eth,0.0,0.0,0.00000001,"btc,eth",0.0,0.0,7.059636e-15,57
0.000000000143946,[],4,[],2019-03-07 11:10:12,616175645.673,2.87892e-18,1.1119137559200002e-22,6866721,2019-03-07 11:10:12,ltc,18.807189102703624,0.0,0.00000002,ltc,4643138130.8899145,0.0,1.3333285107143418e-09,58
1,[],12,[],2019-03-07 11:10:13,599150331.8425,0.0000000004,0.000000000000015449040000000002,6866722,2019-03-07 11:10:13,btc,1117962.3453565442,0.0,0.0000000004,btc,1054055638.2637362,0.00118077201958041,0.197823743137,58
0,[],17,[],2019-03-07 11:10:15,0.0,0,0,6866723,2019-03-07 11:10:15,btc,1e+24,0.0,0,btc,49306342.21952568,0.0,0.0,58
0.0000000001282586,[],22,[],2019-03-07 11:10:19,137438.0,1.282586e-18,4.95368060436e-23,6866724,2019-03-07 11:10:19,XMR,69.8835922,0.0,0.00000001,XMR,9887963.0,0.0,0.00137438,58
1,[],5,[],2019-03-07 11:10:21,0.0,0,0,6866725,2019-03-07 11:10:21,btc,0.0,0.00192387,0,btc,0.0,0.0,0.0,61
1,[],22,[],2019-03-07 11:10:25,13759.5,0.00000012,0.0000000000046347120000000005,6866726,2019-03-07 11:10:25,BTC,1002.2960049,0.0,0.00000012,BTC,14976.68361146909,0.0,0.00155017,61
1,[],26,[],2019-03-07 11:10:26,0.0,0.00000800,0.0000000003089808,6866727,2019-03-07 11:10:26,btc,0.0,0.0,0.00000800,btc,0.0,0.0,0.0,61
1,[],27,[],2019-03-07 11:10:28,4411.22008,0.00000047,0.000000000018152622,6866728,2019-03-07 11:10:28,btc,2.898491041314132,1.0,0.00000047,"btc,eth",19485.01257617,4.7e-07,0.0012437599595689947,61
1,[],28,[],2019-03-07 11:10:29,13880.304,0.0000005,0.0000000000193113,6866729,2019-03-07 11:10:29,btc,2.056312978300105,682.0,0.0000005,btc,9730.59500005,0.0,0.00566391304,61
1,[],4,[],2019-03-07 11:10:30,1246362.85205952,0.00000247,0.00000000009539782200000001,6866730,2019-03-07 11:10:30,btc,9.242050289057271,0.0,0.00000247,btc,776353.80211999,0.32037719,0.8963249385806028,67
0.0,[],25,[],2019-03-07 11:10:31,0.0,0,0,6866731,2019-03-07 11:10:31,,0.0,0.0,0.0,btc,0.0,0.0,0.0,67
1,[],12,[],2019-03-07 11:10:32,337795.138013,0.00000025,0.00000000000965565,6866732,2019-03-07 11:10:32,btc,3.0406754857867972,0.0,0.00000025,btc,831843.73086171,0.0246883220608889,0.0554000583804038,71
,[],5,[],2018-11-20 23:02:39,1.5e-07,0.00000005,0.000000000002128045,4862160,2018-11-20 23:02:39,btc,2.84511358,0.0,,btc,0.00036572,0.0,0.07381892,74
1,[],5,[],2019-03-07 11:10:34,0.0,0,0,6866733,2019-03-07 11:10:34,btc,0.0,0.0,0,btc,0.0,0.0,0.0,75
1,[],4,[],2019-03-07 11:10:35,13147768.81424166,0.00000001,0.000000000000386226,6866734,2019-03-07 11:10:35,btc,11388.985544584346,0.0,0.00000001,btc,40019471.49932191,0.0,0.1314776881424166,81
0,[],20,[],2019-01-25 09:30:31,0.0,0,0,6495923,2019-01-25 09:30:31,btc,0.0,0.0,0,btc,0.0,0.0,0.0,81
1,[],4,[],2019-03-07 11:10:36,27696.64221362,0.00007336,0.0000000028333539360000004,6866735,2019-03-07 11:10:36,btc,18.09359519981704,0.0,0.00007336,btc,11958.08359595,0.07524457,0.1263726884971567,82
1,[],21,[],2019-03-07 11:10:37,755319.77476023,0.00007477999999999999892422858361,0.0000000028881980280000002,6866736,2019-03-07 11:10:37,btc,2.617090052288395,7695.88914175,0.000074779999999999998924228583607742848471389152109622955322265625,btc,30411.76969553,0.56826691,2.163218558133029,82
0,[],17,[],2019-03-07 11:10:39,0.0,0,0,6866737,2019-03-07 11:10:39,btc,0.0447233088476774,0.0,0,btc,999127.19588126,0.0,0.0,84
0.000000000143946,[],4,[],2019-03-07 11:10:40,115794495.95551653,4.3183800000000006e-18,1.6678706338800003e-22,6866738,2019-03-07 11:10:40,ltc,1.7493646147103998,0.0,0.00000003,ltc,415097863.70414716,0.0,2.3758057349732183e-10,85
,[],22,[],2018-11-20 23:09:34,3408.1,0.0000001,0.0000000000041895,4862324,2018-11-20 23:09:34,BTC,0.04624735,0.0,,BTC,4990.0,0.0,0.00033081,86
0,[],22,[],2019-02-22 12:52:35,0.0,0,0,6758847,2019-02-22 12:52:35,,2.0760781,0.0,0,,140622.94736842104,0.0,0.0,87
0,[],27,[],2019-02-22 12:52:37,0.0,0,0,6758848,2019-02-22 12:52:37,,0.0,0.0,0,btc,0.0,0.0,0.0,87
,[],2,[],2018-11-20 23:10:47,0.0,0,0,4862359,2018-11-20 23:10:47,,0.0,0.0,,,0.0,0.0,0.0,88
1,[],11,[],2019-03-07 11:10:42,94918.31460769,0.00014567000000000000629364615978289521081023849546909332275390625,0.000000005626154142000001,6866739,2019-03-07 11:10:42,btc,607.7908981534248,1655.16132072,0.00014567000000000000629364615978289521081023849546909332275390625,btc,92047.90658133,0.0,6.542183049071726,89
0,[],2,[],2019-01-20 23:31:45,0.0,0,0,6477083,2019-01-20 23:31:45,,0.0,0.0,0,,0.0,0.0,0.0,91
1,[],12,[],2019-03-07 11:10:43,194522.68993288,0.00000096,0.000000000037077696,6866740,2019-03-07 11:10:43,btc,68.41874606756524,0.0,0.00000096,btc,68911.15171978,0.0165292089744321,0.0361089854999562,91
1,[],22,[],2019-03-07 11:10:58,65900.0,0.00000001,0.000000000000386226,6866741,2019-03-07 11:10:58,BTC,3e-06,0.0,0.00000001,BTC,1.0,0.0,0.000659,91
0,[],17,[],2019-03-07 10:59:23,0.0,0,0,6866550,2019-03-07 10:59:23,btc,0.0,0.0,0,btc,0.0,0.0,0.0,91
0.000000000143946,[],22,[],2019-03-07 11:11:03,1580418.0,7.197300000000001e-18,2.7797843898000005e-22,6866742,2019-03-07 11:11:03,LTC,8.53121199,0.0,0.00000005,LTC,71989912.1,0.0,0.0790209,95
0.000000000143946,[],4,[],2019-03-07 11:11:03,640995784.9047667,9.35649e-17,3.613719706740001e-21,6866743,2019-03-07 11:11:03,ltc,11.88628578528121,0.0,0.00000065,ltc,135439107.9791913,0.0,1.719733622647605e-09,96
1,[],12,[],2019-03-07 11:11:05,9445.0,0.00000001,0.000000000000386226,6866744,2019-03-07 11:11:05,btc,0.63249933,0.0,0.00000001,btc,1989917.0,0.00110601,9.445e-05,96
0,[],17,[],2019-03-07 11:11:17,0.0,0,0,6866745,2019-03-07 11:11:17,btc,0.0,0.0,0,btc,0.0,0.0,0.0,96
1,[],4,[],2019-03-07 11:11:18,1393015.50866438,0.00000021,0.000000000008110746000000001,6866746,2019-03-07 11:11:18,btc,2.569531670147383,0.0,0.00000021,btc,2560029.26394078,0.01815998,0.0865472887295605,99
1,[],4,[],2019-03-07 11:11:19,293604.85161512,0.00003799,0.000000001467272574,6866747,2019-03-07 11:11:19,btc,11.15714429752442,0.0,0.00003799,btc,158273.340728,0.67740873,1.8602522977399847,100
0,[],2,[],2019-01-20 23:23:55,0.0,0,0,6476914,2019-01-20 23:23:55,,0.0,0.0,0,,0.0,0.0,0.0,100
1,[],22,[],2019-03-07 11:11:23,50000.0,0.00000001,0.000000000000386226,6866748,2019-03-07 11:11:23,BTC,23.49896609,0.0,0.00000001,BTC,10277.22,0.0,0.0005,101
1,[],4,[],2019-03-07 11:11:24,429838.28104898,0.00000087,0.000000000033601662,6866749,2019-03-07 11:11:24,btc,308.030387012833,0.0,0.00000087,btc,486679.12007958,0.02204438,0.2089563114158961,103
1,[],12,[],2019-03-07 11:11:27,28663750.887000002,0.000000009,0.0000000000003476034,6866750,2019-03-07 11:11:27,btc,1113027.852345277,0.0,0.000000009,btc,46665948.04399898,0.01667783058489537,0.113169904983,105
1,[],27,[],2019-03-07 11:11:29,229397.89,0.00000001,0.000000000000386226,6866751,2019-03-07 11:11:29,btc,36.60591030491341,0.0,0.00000001,btc,1301440.23571724,0.0,0.0022939789,105
1,[],22,[],2019-03-07 11:11:33,9328.0,0.00000001,0.000000000000386226,6866752,2019-03-07 11:11:33,BTC,51.10837004,0.0,0.00000001,BTC,470435.0,0.0,9.328e-05,107
1,[],26,[],2019-03-07 11:11:33,0.0,0.00000000,0,6866753,2019-03-07 11:11:33,btc,0.0,0.0,0.00000000,btc,0.0,0.0,0.0,107
1,[],5,[],2019-03-07 11:11:35,0.0,0,0,6866754,2019-03-07 11:11:35,btc,0.0,0.0103637,0,btc,0.0,0.0,0.0,112
0,[],22,[],2019-03-07 11:11:38,0.0,0,0,6866755,2019-03-07 11:11:38,,2.78273306,0.0,0,,826558.0833333334,0.0,0.0,112
0,[],27,[],2019-03-07 11:13:38,0.0,0,0,6866756,2019-03-07 11:13:38,,0.16892491849924,0.0,0,btc,1276.641654,0.0,0.0,112
1,[],4,[],2019-03-07 11:13:39,1314385.25923203,0.00000200,0.0000000000772452,6866757,2019-03-07 11:13:39,btc,4.727034185088666,0.0,0.00000200,btc,342270.08940262,0.01468096,1.0361056278546008,113
1,[],5,[],2019-03-07 11:13:40,0.0,0,0,6866758,2019-03-07 11:13:40,btc,0.0,0.00018216,0,btc,0.0,0.0,0.0,113
1,[],17,[],2019-03-07 11:13:42,152738.278,0.00000004,0.000000000001544904,6866759,2019-03-07 11:13:42,btc,1.336803027494407,0.0,0.00000004,btc,51896.221,0.0,0.0022095311199999998,116
0,[],27,[],2019-03-07 11:15:43,0.0,0,0,6866760,2019-03-07 11:15:43,,0.0,0.0,0,,0.0,0.0,0.0,116
1,[],4,[],2019-03-07 11:15:45,77845.7068111,0.00002467,0.0000000009528195420000001,6866761,2019-03-07 11:15:45,btc,27.522399996643948,0.0,0.00002467,btc,82365.48478492,0.55305382,1.2048522709914848,120
1,[],7,[],2019-03-07 11:15:46,21485.75697715,0.0000212500000000000015265566588595902430824935436248779296875,0.0000000008207302500000001,6866762,2019-03-07 11:15:46,btc,115646.94915847482,0.0,0.0000212500000000000015265566588595902430824935436248779296875,btc,36704.21881556,0.0,0.0543495597510185,120
1,[],20,[],2019-03-07 11:15:49,3002345.3805,0.000000035,0.000000000001351791,6866763,2019-03-07 11:15:49,btc,33.6156363984428,1589.5,0.000000035,btc,1008323.7699,5.56325e-05,0.0406402484044,125
1,[],22,[],2019-03-07 11:15:53,3053.0,0.00000001,0.000000000000386226,6866764,2019-03-07 11:15:53,BTC,0.01444887,0.0,0.00000001,BTC,296263.5111111111,0.0,3.053e-05,126
1,[],4,[],2019-03-07 11:15:54,147729.43761348,0.00001306,0.000000000504411156,6866765,2019-03-07 11:15:54,btc,3.687367528015467,0.0,0.00001306,btc,120561.62414403,0.21182375,0.6763285910733284,131
0,[],17,[],2019-03-07 11:16:06,0.0,0,0,6866766,2019-03-07 11:16:06,btc,0.0009561751951600001,0.0,0,btc,35.42829368,0.0,0.0,131
0,[],2,[],2019-01-20 23:25:46,0.0,0,0,6476969,2019-01-20 23:25:46,,0.0,0.0,0,,0.0,0.0,0.0,131
1,[],4,[],2019-03-07 11:16:07,4547.78493066,0.00016000,0.000000006179616000000001,6866767,2019-03-07 11:16:07,btc,1.6193672087679039,0.0,0.00016000,btc,239.25503526,0.00150072,0.0068861668858851,135
1,[],3,[],2019-03-07 00:20:44,877702.73244099,0.00000004,0.00000000000154846,6863392,2019-03-07 00:20:44,btc,0.119366241821405,0.0,0.00000004,btc,760637.99421222,0.0,0.023771231960604298,136
1,[],4,[],2019-03-07 11:16:08,342474.75723986,0.00000181,0.000000000069906906,6866768,2019-03-07 11:16:08,btc,38.232247974987146,0.0,0.00000181,btc,524876.01498274,0.05727887,0.1355295266130589,137
1,[],12,[],2019-03-07 11:16:09,227395.90119777,0.000001700000000000000028950908510794182149084008415229618549346923828125,0.00000000006565842,6866769,2019-03-07 11:16:09,btc,4.058945424736256,0.0,0.000001700000000000000028950908510794182149084008415229618549346923828125,btc,3745.77621877,0.0017644995383768,0.0918086245477563,137
1,[],4,[],2019-03-07 11:16:10,10654.61372694,0.00003944,0.000000001523275344,6866770,2019-03-07 11:16:10,btc,28.61835230160965,0.0,0.00003944,btc,47542.5403014,0.10472307,0.2336530416205953,142
1,[],5,[],2019-03-07 11:16:12,0.0,0,0,6866771,2019-03-07 11:16:12,btc,0.0,0.26687591,0,btc,0.0,0.0,0.0,142
1,[],17,[],2019-03-07 11:16:14,22967.386363640002,0.00000088,0.000000000033987888000000006,6866772,2019-03-07 11:16:14,btc,20.069913352807614,0.0,0.00000088,btc,2746.079105,0.0,0.0104613000000032,142
1,[],20,[],2019-03-07 11:16:16,132720.2185,0.0000402,0.00000000155262852,6866773,2019-03-07 11:16:16,btc,0.4114807860322,2248.4218,0.0000402,btc,3705.9318,0.1097436594522,0.2241724826399,142
1,[],22,[],2019-03-07 11:16:19,1470.8988921568628,0.00004000,0.0000000015449040000000001,6866774,2019-03-07 11:16:19,BTC,3.00385504,0.0,0.00004000,BTC,891.218,0.0,0.0012358,142
0.0,[],25,[],2019-03-07 11:16:21,0.0,0,0,6866775,2019-03-07 11:16:21,,0.0,0.0,0.0,btc,0.0,0.0,0.0,142
1,[],28,[],2019-03-07 11:16:23,76124.0,0.00000820,0.00000000031670532,6866776,2019-03-07 11:16:23,btc,0.067100461059305,1293.0,0.00000820,btc,552.61077999,0.0,0.004304,142
0,[],22,[],2019-03-07 11:16:25,0.0,0,0,6866777,2019-03-07 11:16:25,,62.13631169,0.0,0,,837691921.3,0.0,0.0,143
0,[],22,[],2019-02-25 15:42:22,0.0,0,0,6783783,2019-02-25 15:42:22,,4.2131946,0.0,0,,2322156.0,0.0,0.0,146
,[],22,[],2018-11-20 23:01:11,0.0,0,0,4862114,2018-11-20 23:01:11,,2.56807021,0.0,,,61828.4988236,0.0,0.0,147
1,[],12,[],2019-03-07 10:42:08,289512.63558349,0.000001230000000000000081983031474663903281907550990581512451171875,0.000000000047368284000000005,6866394,2019-03-07 10:42:08,btc,1.4464400224761944,0.0,0.000001230000000000000081983031474663903281907550990581512451171875,btc,26898.58597671,0.0143571419070136,0.0184565539999726,148
1,[],4,[],2019-03-07 11:16:30,253005.89789985,0.00000029,0.000000000011200554,6866778,2019-03-07 11:16:30,btc,219.99867057106937,0.0,0.00000029,btc,840456.57195852,0.0,0.0602152236454391,152
0,[],22,[],2019-03-07 11:16:33,0.0,0,0,6866779,2019-03-07 11:16:33,,0.0,0.0,0,,0.0,0.0,0.0,152
1,[],5,[],2019-03-07 11:16:34,0.0,0,0,6866780,2019-03-07 11:16:34,btc,0.0,0.0,0,btc,0.0,0.0,0.0,153
,[],16,[],2019-01-11 15:38:59,0.0,0,0,6366141,2019-01-11 15:38:59,btc,0.0,0.0,,btc,0.0,0.0,0.0,155
0,[],22,[],2019-03-07 11:16:38,0.0,0,0,6866781,2019-03-07 11:16:38,,6.7463875,0.0,0,,4674391.242592593,0.0,0.0,156
0,[],23,[],2019-01-20 23:24:29,0.0,0,0,6476932,2019-01-20 23:24:29,,0.0,0.0,0,,0.0,0.0,0.0,156
1,[],22,[],2019-03-07 11:16:42,7073.8,0.00005300,0.0000000020469978,6866782,2019-03-07 11:16:42,BTC,1.80343699,0.0,0.00005300,BTC,899.6422341958436,0.0,0.00104336,157
0,[],22,[],2019-03-07 11:16:47,0.0,0,0,6866783,2019-03-07 11:16:47,,50175.67608608,0.0,0,,54079135.04179466,0.0,0.0,158
,[],17,[],2018-11-20 22:56:10,0.0,0,0,4861976,2018-11-20 22:56:10,btc,1.1265625,0.0,,btc,1000.0,0.0,0.0,159
,[],20,[],2018-11-20 22:56:12,0.0,0,0,4861977,2018-11-20 22:56:12,btc,11912.7940471,0.0,,btc,34413894.3617,0.0,0.0,159
1,[],12,[],2019-03-07 11:16:48,113113.31938509,0.00000566000000000000001916002079216383435777970589697360992431640625,0.000000000218603916,6866784,2019-03-07 11:16:48,btc,0.0174526916273963,0.0,0.00000566000000000000001916002079216383435777970589697360992431640625,btc,1539.41747897,0.0034402146306162,0.0113070454614337,168
1,[],17,[],2019-03-07 10:42:38,29784.95,0.000001,0.0000000000385108,6866402,2019-03-07 10:42:38,btc,0.03026736251542,0.0,0.000001,btc,144.46171372,0.0,0.00716147,168
0,[],22,[],2019-03-07 11:17:03,0.0,0,0,6866785,2019-03-07 11:17:03,,1.1339604,0.0,0,,520283.17470714403,0.0,0.0,169
1,[],22,[],2019-03-07 11:17:07,203585.5,0.00000002,0.000000000000772452,6866786,2019-03-07 11:17:07,BTC,13.2504702,0.0,0.00000002,BTC,146216.2939341018,8.4e-06,0.00207171,171
1,[],22,[],2019-03-07 11:17:40,344098.42261904763,0.0000001,0.00000000000386226,6866787,2019-03-07 11:17:40,BTC,2.81412099,0.0,0.0000001,"BTC,LTC",283292.7817780342,0.00042099,0.01839894,173
1,[],5,[],2019-03-05 01:59:40,0.0,0,0,6845846,2019-03-05 01:59:40,btc,0.0,0.00384852,0,btc,0.0,0.0,0.0,175
1,[],22,[],2019-03-07 11:17:44,36500.0,0.00000021,0.000000000008110746000000001,6866788,2019-03-07 11:17:44,BTC,0.54826403,0.0,0.00000021,BTC,138776.41384013777,0.0,0.00227,176
1,[],7,[],2019-03-07 11:17:46,0.0,0,0,6866789,2019-03-07 11:17:46,btc,410909.37589672295,0.0,0,btc,116663049.56236698,0.0,0.0,178
0,[],22,[],2019-03-07 11:17:49,0.0,0,0,6866790,2019-03-07 11:17:49,,1.00242438,0.0,0,,57522.0,0.0,0.0,178
0,[],2,[],2019-01-20 23:28:34,0.0,0,0,6477001,2019-01-20 23:28:34,,0.0,0.0,0,,0.0,0.0,0.0,178
1,[],5,[],2019-03-07 11:17:50,0.0,0,0,6866791,2019-03-07 11:17:50,btc,0.0,0.0544323,0,btc,0.0,0.0,0.0,179
1,[],22,[],2019-03-07 11:17:55,6947032.5,0.00000002,0.000000000000772452,6866792,2019-03-07 11:17:55,BTC,5.67356573,0.0,0.00000002,"BTC,LTC",18498890.756535422,4.296e-05,0.37388137,179
0,[],23,[],2019-01-20 23:25:08,0.0,0,0,6476952,2019-01-20 23:25:08,,0.0,0.0,0,,0.0,0.0,0.0,179
1,[],22,[],2019-03-07 11:18:12,1976315.6363636365,0.00000095,0.00000000003669147,6866793,2019-03-07 11:18:12,BTC,0.25186876,0.0,0.00000095,"BTC,LTC",87067.09190945134,0.002050000000000053,2.26113305,180
1,[],26,[],2019-03-07 11:18:12,0.0,0.00000125,0.000000000048278250000000005,6866794,2019-03-07 11:18:12,btc,0.0,200.0,0.00000125,btc,0.0,0.0,0.0,180
1,[],17,[],2019-03-07 11:02:48,10504.725,0.0000001,0.00000000000385773,6866600,2019-03-07 11:02:48,btc,5.201069583844698,0.0,0.0000001,btc,5033.45945,0.0,0.0010504725,180
,[],7,[],2018-11-20 22:58:01,562227.975654,0.00000085,0.000000000036176765,4862015,2018-11-20 22:58:01,btc,21836.6059674,2491.87645172,,btc,749999.041456,0.00211021,0.127565380455,183
,[],5,[],2019-01-10 08:11:41,0.0,0,0,6347036,2019-01-10 08:11:41,btc,82.15055501,0.00261,,btc,1.19002445,0.0,0.0,187
1,[],24,[],2019-03-07 11:18:12,0.0,0.000000000001,3.8622600000000006e-17,6866795,2019-03-07 11:18:12,btc,0.0,0.0,0.000000000001,btc,0.0,0.0,0.0,187
,[],17,[],2018-11-16 20:58:10,4062536.27273,0.00000001,0.000000000000550501,4708775,2018-11-16 20:58:10,btc,3.36492563466,0.195460381006,,"btc,eth",110697919.549,0.0,0.0157628953496,187
0,[],22,[],2019-03-07 11:18:16,0.0,0,0,6866796,2019-03-07 11:18:16,,7.54802454,0.0,0,,79361.7243344055,0.0,0.0,191
0,[],22,[],2019-03-07 11:18:56,0.0,0,0,6866797,2019-03-07 11:18:56,,0.0,0.0,0,,0.0,0.0,0.0,197
0,[],23,[],2019-01-20 23:31:41,0.0,0,0,6477079,2019-01-20 23:31:41,,0.0,0.0,0,,0.0,0.0,0.0,199
0,[],22,[],2019-03-07 11:18:59,0.0,0,0,6866798,2019-03-07 11:18:59,,5.19077622,0.0,0,,21058553.0,0.0,0.0,199
1,[],26,[],2019-03-07 11:18:59,0.0,0.00000000,0,6866799,2019-03-07 11:18:59,btc,0.0,132004.0,0.00000000,btc,0.0,0.0,0.0,199
0,[],17,[],2019-01-30 16:32:01,0.0,0,0,6540827,2019-01-30 16:32:01,btc,6.802544163788159,0.0,0,btc,105897.55575295,0.0,0.0,200
0,[],2,[],2019-01-20 23:30:49,0.0,0,0,6477059,2019-01-20 23:30:49,,0.0,0.0,0,,0.0,0.0,0.0,201
1,[],4,[],2019-01-25 15:51:35,2084389.58565343,0.00000936,0.000000000333526752,6499557,2019-01-25 15:51:35,btc,2.0092503037378524,0.0,0.00000936,btc,160195.80207885,0.19272417,1.242687955921835,211
1,[],7,[],2019-03-07 11:19:03,1832876.82683085,0.000001129999999999999980629101885287735029805844533257186412811279296875,0.000000000043643538000000004,6866800,2019-03-07 11:19:03,btc,15476653.347901005,1217244.35066,0.000001129999999999999980629101885287735029805844533257186412811279296875,btc,12863807.4656056,0.0,1.6529145822164664,212
1,[],5,[],2019-03-07 11:19:04,0.0,0,0,6866801,2019-03-07 11:19:04,btc,0.0,0.36237287,0,btc,0.0,0.0,0.0,213
1,[],24,[],2019-03-07 11:19:04,0.0,0.000000120000,0.0000000000046347120000000005,6866802,2019-03-07 11:19:04,btc,0.0,0.0,0.000000120000,btc,0.0,0.0,0.0,213
1,[],26,[],2019-03-07 11:19:05,0.0,0.00000010,0.00000000000386226,6866803,2019-03-07 11:19:05,btc,0.0,0.0,0.00000010,btc,0.0,0.0,0.0,213
1,[],12,[],2019-01-25 02:44:32,207462.42853209,0.000001080000000000000035831255497387193287295303889550268650054931640625,0.000000000038610756000000006,6493050,2019-01-25 02:44:32,btc,85023.03793723314,0.0,0.000001080000000000000035831255497387193287295303889550268650054931640625,btc,43675.73520027,0.000146250909087,0.0348620860622024,213
1,[],22,[],2019-03-07 11:19:09,45166.0,0.00000002,0.000000000000772452,6866804,2019-03-07 11:19:09,BTC,2.23599134,0.0,0.00000002,BTC,701743.3963726171,0.00025208,0.00061247,216
1,[],27,[],2019-03-07 11:19:11,1304297.0,0.00000004,0.000000000001544904,6866805,2019-03-07 11:19:11,btc,318.0718494147724,0.0,0.00000004,"btc,ltc",240763.990324,0.0,0.0339998400002591,216
1,[],22,[],2019-03-07 11:19:15,197583.52409638555,0.00000189,0.00000000007299671400000001,6866806,2019-03-07 11:19:15,BTC,12673.3831828,0.0,0.00000189,BTC,380844.8836360955,0.04222356,0.24430352,217
1,[],7,[],2019-03-07 11:19:16,0.0,0,0,6866807,2019-03-07 11:19:16,btc,77969.39215740134,0.0,0,btc,136268679.67428493,0.0,0.0,219
0,[],27,[],2019-03-07 11:19:18,0.0,0,0,6866808,2019-03-07 11:19:18,,0.04027288,0.0,0,btc,2037233.0,0.0,0.0,219
0.0000000000000052,[],28,[],2019-03-07 11:19:20,168861539.41,5.7200520000000004e-18,2.2092328037520004e-22,6866809,2019-03-07 11:19:20,doge,84451.8501148375,159795.896,0.00110001,"btc,doge",3563815.34751,0.0,1.6147780126034232e-11,219
1,[],22,[],2019-03-07 11:19:23,374290.0,0.00000005,0.00000000000193113,6866810,2019-03-07 11:19:23,BTC,2.78322425,0.0,0.00000005,BTC,94150.27041875875,0.00030745,0.01508416,221
1,[],24,[],2019-03-07 11:19:23,0.0,0.000000200000,0.00000000000772452,6866811,2019-03-07 11:19:23,btc,0.0,0.0,0.000000200000,btc,0.0,0.0,0.0,221
1,[],20,[],2019-03-07 11:19:25,39105329.5253,0.000000001,0.0000000000000386226,6866812,2019-03-07 11:19:25,btc,48.4427536687255,172770.0,0.000000001,btc,16154115.0042,0.00034554,0.0391053295253,224
0,[],22,[],2019-03-07 11:19:29,0.0,0,0,6866813,2019-03-07 11:19:29,,0.0,0.0,0,,0.0,0.0,0.0,224
1,[],26,[],2019-03-07 11:19:30,0.0,0.00000035,0.000000000013517910000000001,6866814,2019-03-07 11:19:30,btc,0.0,0.0,0.00000035,btc,0.0,0.0,0.0,231
1,[],26,[],2019-03-07 11:19:30,0.0,0.00000005,0.00000000000193113,6866815,2019-03-07 11:19:30,btc,0.0,0.0,0.00000005,btc,0.0,0.0,0.0,234
0.0000000003529818,[],27,[],2019-03-07 11:19:32,2000.0,3.529818e-18,1.363307486868e-22,6866816,2019-03-07 11:19:32,eth,0.01134836604,0.0,0.00000001,"btc,eth",11462.996,0.0,7.059636e-15,234
1,[],4,[],2019-03-07 11:19:34,788084.76598285,0.00000072,0.000000000027808272000000003,6866817,2019-03-07 11:19:34,btc,4.747010162645592,0.0,0.00000072,btc,1256662.40160802,0.01786938,0.2022878972113681,236
1,[],24,[],2019-03-07 11:19:34,0.0,0.000000300000,0.000000000011586780000000001,6866818,2019-03-07 11:19:34,btc,0.0,0.0,0.000000300000,btc,0.0,0.0,0.0,236
1,[],20,[],2019-03-07 11:04:09,167129551.5601,0.00000006,0.000000000002314638,6866627,2019-03-07 11:04:09,btc,14.1694790700201,9647683.2122,0.00000006,btc,42349817.1668,0.5965396081592,0.5519041068784,237
0.0000000001437754,[],22,[],2019-03-07 11:04:34,751594.9,2.4441818e-17,9.428993455314e-22,6866628,2019-03-07 11:04:34,LTC,0.04119358,0.0,0.00000017,LTC,7239.2,0.0,0.12541949,237
1,[],4,[],2019-03-07 11:19:35,8743573.65898826,0.00000036,0.000000000013904136000000001,6866819,2019-03-07 11:19:35,btc,8.841545498014172,0.0,0.00000036,btc,10609218.63312542,0.48380615,2.1876653300647195,238
1,[],5,[],2019-03-07 11:19:39,0.0,0,0,6866820,2019-03-07 11:19:39,btc,0.0,0.00022349,0,btc,0.0,0.0,0.0,238
0,[],22,[],2019-03-06 06:43:11,0.0,0,0,6856376,2019-03-06 06:43:11,,0.41338918,0.0,0,,316326.5639027493,0.0,0.0,249
0.000000000143946,[],22,[],2019-03-07 11:19:44,82163180.66666667,7.197300000000001e-18,2.7797843898000005e-22,6866821,2019-03-07 11:19:44,LTC,1.75226253,0.0,0.00000005,LTC,25602455.09,0.0,2.70466333,252
1,[],28,[],2019-03-07 11:19:46,2930763.314,0.00000037,0.000000000014290362,6866822,2019-03-07 11:19:46,btc,164733.04183812838,246190.2009,0.00000037,btc,2763490.2178,0.0,0.47072850972,256
1,[],22,[],2019-03-07 11:05:22,1290561.0,0.00000003,0.000000000001157319,6866633,2019-03-07 11:05:22,BTC,31.48166323,0.0,0.00000003,BTC,719270.3457866946,5.5e-07,0.01764975,258
1,[],22,[],2019-03-07 11:19:50,48751.0,0.00000001,0.000000000000386226,6866823,2019-03-07 11:19:50,BTC,2.4175745,0.0,0.00000001,BTC,1762.0,0.0,0.00048751,259
1,[],5,[],2019-03-07 11:19:51,0.0,0,0,6866824,2019-03-07 11:19:51,btc,0.0,0.16604047,0,btc,0.0,0.0,0.0,264
1,[],20,[],2019-03-07 11:19:52,1254017.7787,0.00000191,0.000000000073769166,6866825,2019-03-07 11:19:52,btc,7.4778500694134,77878.4627,0.00000191,btc,110008.1635,0.1627337303445,0.0182542697015,264
0,[],22,[],2019-03-07 11:19:56,0.0,0,0,6866826,2019-03-07 11:19:56,,8.45820143,0.0,0,,451287.34411321935,0.0,0.0,271
0,[],22,[],2019-03-07 11:19:58,0.0,0,0,6866827,2019-03-07 11:19:58,,266.25196314,0.0,0,,13937792677.692,0.0,0.0,272
0.0000000000000052,[],28,[],2019-03-07 11:20:00,246109411307.905,4.9400000000000004e-21,1.9079564400000002e-25,6866828,2019-03-07 11:20:00,doge,37755113.64352727,7191655366.0,0.00000095,doge,191203425414.4123,0.0,7.400140090586498e-10,272
1,[],22,[],2019-03-07 11:20:10,183686.74,0.00000100,0.0000000000386226,6866829,2019-03-07 11:20:10,BTC,74.48662049,0.0,0.00000100,"BTC,LTC",46113.48778575859,0.015,0.06131062,281
1,[],22,[],2019-03-07 11:20:17,206997.0,0.0000006,0.000000000023173560000000002,6866830,2019-03-07 11:20:17,BTC,0.37080549,0.0,0.0000006,BTC,184616.2281081081,0.05252014,0.01720324,286
0,[],22,[],2019-03-07 11:20:21,0.0,0,0,6866831,2019-03-07 11:20:21,,43638.11353002,0.0,0,,689847845.0,0.0,0.0,294
