pairValue,buyBook,exchangeId,sellBook,updated,buyTotal,satoshiPrice,usdPrice,exchangeLogId,created,bestPair,sellTotalBtc,volume,pairPrice,activePairs,sellTotal,volumeBtc,buyTotalBtc,coinId
1,[],10,[],2019-01-31 17:50:00,272636.08685238,0.01249399,0.000000428964904463,6550528,2019-01-31 17:50:00,btc,6536.950654558447,1230.24644946,0.01249399,btc,968.09646183,0.0,4.651198586974686,1
1,[],12,[],2019-01-31 17:50:02,10426.68762661,0.012600000000000000088817841970012523233890533447265625,0.00000043260461999999997,6550529,2019-01-31 17:50:02,btc,0.3574980403081,0.0,0.012600000000000000088817841970012523233890533447265625,btc,22.51033035,1.0208174432589,0.2350676104098,1
1,[],20,[],2019-01-31 17:50:04,1454.8147,0.010500101,0.0000003605073177037,6550530,2019-01-31 17:50:04,btc,0.0564711704203,0.0,0.010500101,btc,2.4781,0.0,0.1068228486506,1
1,[],21,[],2019-01-31 17:50:05,2254.2743011,0.01259809999999999922948301645,0.00000043253938597,6550531,2019-01-31 17:50:05,btc,18.98696336568847,3153.4530505,0.01259809999999999922948301644964885781519114971160888671875,"btc,eth",2097.86074909,36.97266198988697,21.117623980698056,1
1,[],22,[],2019-01-31 17:50:18,0.0263776,0.01350000,0.00000046350495,6550532,2019-01-31 17:50:18,BTC,0.31380731,0.0,0.01350000,BTC,0.09124366666666667,0.00013976,0.00034472,1
1,[],24,[],2019-01-31 17:50:18,0.0,0.000000000000,0,6550533,2019-01-31 17:50:18,btc,0.0,0.0,0.000000000000,btc,0.0,0.0,0.0,1
0.0,[],25,[],2019-01-31 17:50:19,0.0,0,0,6550534,2019-01-31 17:50:19,btc,28.731899997747274,757.23895322,0.0,btc,2223.83106025,9.6304,0.0,1
1,[],26,[],2019-01-31 17:50:29,0.0,0,0,6550535,2019-01-31 17:50:29,,0.0,0.0,0,,0.0,0.0,0.0,1
1,[],28,[],2019-01-31 17:50:31,987.9,0.01131000,0.00000038831414699999997,6550536,2019-01-31 17:50:31,btc,0.162839806,17959.45,0.01131000,btc,8.9,0.0,0.024551096,1
0,[],2,[],2019-01-20 23:28:45,0.0,0,0,6477011,2019-01-20 23:28:45,,0.0,0.0,0,,0.0,0.0,0.0,1
1,[],3,[],2019-01-31 17:49:54,120.977231960321,0.01269679999999999940596406844406374148093163967132568359375,0.00000043592812216,6550525,2019-01-31 17:49:54,btc,107.00090466078653,0.0,0.01269679999999999940596406844406374148093163967132568359375,btc,13.567718580473,0.0,0.337406673966299,1
1,[],4,[],2019-01-31 17:49:55,25075.68669386,0.01252189,0.00000042992281469299997,6550526,2019-01-31 17:49:55,btc,0.9001241976841018,0.0,0.01252189,btc,67.34027904,0.52108274,1.2089001784491729,1
1,[],5,[],2019-01-31 17:49:57,0.23578165,0.01252426,0.000000430004185562,6550527,2019-01-31 17:49:57,btc,14578.44797988,0.00874564,0.01252426,btc,35555556.29113318,0.0,1.52595611,1
1,[],5,[],2019-01-31 17:50:33,1.997e-05,0.00000076,0.000000000026093611999999998,6550537,2019-01-31 17:50:33,btc,0.15008321,0.05357896,0.00000076,btc,7.482e-05,0.0,0.4551298,2
1,[],22,[],2019-01-31 17:50:37,1754.625335862178,0.0000004,0.00000000001373348,6550538,2019-01-31 17:50:37,BTC,0.0231601,0.0,0.0000004,"BTC,XMR",14562.72385,0.0,0.00111682,2
1,[],5,[],2019-01-31 17:50:38,1.42e-06,0.00000017,0.000000000005836729,6550539,2019-01-31 17:50:38,btc,3.85083003,0.05576037,0.00000017,btc,2.267e-05,0.0,3.66102547,3
1,[],12,[],2019-01-31 17:50:39,12552948.94835237,0.000000174,0.0000000000059740638,6550540,2019-01-31 17:50:39,btc,921319.913130831,0.0,0.000000174,btc,8009561.10642453,0.06703408173074694,0.560430951404317,3
0,[],28,[],2019-01-31 17:50:41,0.0,0,0,6550541,2019-01-31 17:50:41,,0.0,0.0,0,,0.0,0.0,0.0,3
1,[],4,[],2019-01-31 17:50:41,239018.66223327,0.00000037,0.000000000012703469,6550542,2019-01-31 17:50:41,btc,0.412090676937241,0.0,0.00000037,btc,332389.44494238,0.0,0.0204263704563044,4
0,[],2,[],2019-01-20 23:31:32,0.0,0,0,6477077,2019-01-20 23:31:32,,0.0,0.0,0,,0.0,0.0,0.0,4
1,[],12,[],2019-01-25 15:53:49,1222127.5219999999,0.00000003,0.000000000001069017,6499609,2019-01-25 15:53:49,btc,11013867.817925906,0.0,0.00000003,btc,969763.77092902,0.0,0.01617509044,5
1,[],11,[],2019-01-31 17:50:43,4608955.5,0.00000002,0.000000000000686674,6550543,2019-01-31 17:50:43,btc,9433.354978657642,49539.0,0.00000002,btc,41907041.45717939,0.0,0.047089555,6
0,[],2,[],2019-01-20 23:31:51,0.0,0,0,6477087,2019-01-20 23:31:51,,0.0,0.0,0,,0.0,0.0,0.0,6
1,[],3,[],2019-01-31 17:50:44,1069.652384675756,0.000150559999999999995050348200464895853656344115734100341796875,0.0000000051692818719999995,6550544,2019-01-31 17:50:44,btc,28.510202753279106,0.0,0.000150559999999999995050348200464895853656344115734100341796875,btc,234.145665820227,0.0,0.030997767816609203,7
1,[],4,[],2019-01-31 17:50:44,27737.86199063,0.00017204,0.000000005906769748,6550545,2019-01-31 17:50:44,btc,2.260241859748084,0.0,0.00017204,btc,11238.26933261,3.50769999,4.271565726950756,7
1,[],5,[],2019-01-31 17:50:46,0.00514483,0.00017018,0.000000005842909066,6550546,2019-01-31 17:50:46,btc,1.29522421,0.38489979,0.00017018,btc,0.01162498,0.0,1.52161945,7
1,[],20,[],2019-01-31 17:50:48,62771509.8802,0.000000001,0.0000000000000343337,6550547,2019-01-31 17:50:48,btc,136.3840608482848,0.0,0.000000001,btc,27252064.2706,0.0,0.0627715098802,8
1,[],1,[],2019-01-31 17:50:48,1226732.98,0.00000181999999999999993881738720447049928452543099410831928253173828125,0.000000000062487334,6550548,2019-01-31 17:50:48,btc,2.9109111852000003,17711325.65,0.00000181999999999999993881738720447049928452543099410831928253173828125,btc,1566106.49,31.62214243,2.2120298218,9
1,[],4,[],2019-01-31 17:50:49,1368674.21314712,0.00000181,0.000000000062143997,6550549,2019-01-31 17:50:49,btc,1.0828593143302168,0.0,0.00000181,btc,560679.95190126,0.95422824,0.8167296033148772,9
1,[],28,[],2019-01-31 17:50:51,34500.0,0.00000165,0.000000000056650605,6550550,2019-01-31 17:50:51,btc,2708.74912872,3600827.0,0.00000165,btc,7312.68,0.0,0.02854,9
0,[],2,[],2019-01-20 23:22:42,0.0,0,0,6476876,2019-01-20 23:22:42,,0.0,0.0,0,,0.0,0.0,0.0,9
0,[],23,[],2019-01-20 23:22:48,0.0,0,0,6476878,2019-01-20 23:22:48,,0.0,0.0,0,,0.0,0.0,0.0,9
1,[],4,[],2019-01-31 17:50:52,7679694.56126053,0.00000002,0.000000000000686674,6550551,2019-01-31 17:50:52,btc,0.2046692131640986,0.0,0.00000002,btc,4047624.99941361,0.00036243,0.0823063818452106,10
1,[],4,[],2019-01-31 17:50:52,4445593.04073281,0.00000138,0.000000000047380506,6550552,2019-01-31 17:50:52,btc,1.1866576722630409,0.0,0.00000138,btc,819266.17513043,0.99925214,2.767052355266149,12
1,[],5,[],2019-01-31 17:50:53,1.553e-05,0.00000134,0.000000000046007158,6550553,2019-01-31 17:50:53,btc,0.47897312,1.38773802,0.00000134,btc,0.00011353,0.0,0.39308353,12
0.0,[],25,[],2019-01-31 17:03:34,0.0,0,0,6550356,2019-01-31 17:03:34,,0.0,0.0,0.0,btc,0.0,0.0,0.0,12
0,[],2,[],2019-01-20 23:23:08,0.0,0,0,6476890,2019-01-20 23:23:08,,0.0,0.0,0,,0.0,0.0,0.0,12
1,[],4,[],2019-01-31 17:03:36,396907.18596586,0.00000640,0.00000000021943360000000002,6550357,2019-01-31 17:03:36,btc,0.3593988725304188,0.0,0.00000640,btc,52073.10755727,0.61315694,1.891925066615475,13
1,[],21,[],2019-01-31 17:03:40,1412661.39274093,0.000006579999999999999681066752133,0.00000000022560517,6550358,2019-01-31 17:03:40,btc,5.085543203009038,893584.50337714,0.000006579999999999999681066752132974073674631654284894466400146484375,btc,699883.99698476,5.99589879,6.752356797951109,13
1,[],10,[],2019-01-31 16:04:22,585180.30990255,0.0000063,0.0000000002165373,6549966,2019-01-31 16:04:22,btc,666811.040571673,8731.88069018,0.0000063,btc,836231.04027691,0.0,0.8494571589698635,13
1,[],4,[],2019-01-31 17:03:41,792172.89731835,0.00000130,0.00000000004457245,6550359,2019-01-31 17:03:41,btc,0.1327139581756053,0.0,0.00000130,btc,63979.61636967,0.02095784,0.1084204443882726,14
1,[],12,[],2019-01-31 17:03:43,86629.42857143,0.00000119999999999999994569773419106351042273672646842896938323974609375,0.0000000000411438,6550360,2019-01-31 17:03:43,btc,1.7867572834519772,0.0,0.00000119999999999999994569773419106351042273672646842896938323974609375,btc,38567.61958427,0.0,0.0101504400000016,14
0,[],17,[],2019-01-31 17:03:45,0.0,0,0,6550361,2019-01-31 17:03:45,btc,0.0,0.0,0,btc,0.0,0.0,0.0,14
1,[],26,[],2019-01-31 17:03:45,0.0,0.00000049,0.000000000016800385000000002,6550362,2019-01-31 17:03:45,btc,0.0,0.0,0.00000049,btc,0.0,0.0,0.0,14
0,[],4,[],2019-01-31 17:03:46,0.0,0,0,6550363,2019-01-31 17:03:46,,0.0,0.0,0,,0.0,0.0,0.0,15
,[],12,[],2018-12-01 15:15:48,204241.84496,0.00000489,0.000000000202473384,5260204,2018-12-01 15:15:48,btc,49.5475654835,0.0,,btc,35763.2193806,0.0163153972027625,0.0203389899998,15
1,[],4,[],2019-01-31 17:03:48,24933.64549032,0.00001820,0.0000000006240143,6550364,2019-01-31 17:03:48,btc,1.2268123655864378,0.0,0.00001820,btc,7394.98653169,0.01992369,0.0794879535422243,18
1,[],10,[],2019-01-31 17:03:50,395865.51437908,0.00001721,0.000000000590070665,6550365,2019-01-31 17:03:50,btc,15.552324992024731,9847.95135032,0.00001721,btc,10447.82982222,0.0,0.2836111806267989,18
1,[],12,[],2019-01-31 17:03:51,200667.79990915,0.0000176000000000000008976326626441988310034503228962421417236328125,0.0000000006034424000000001,6550366,2019-01-31 17:03:51,btc,0.1840997115753499,0.0,0.0000176000000000000008976326626441988310034503228962421417236328125,btc,1626.89904917,0.0139117009110923,0.0148150549025011,18
0,[],17,[],2019-01-31 17:03:52,0.0,0,0,6550367,2019-01-31 17:03:52,btc,0.0,0.0,0,btc,0.0,0.0,0.0,18
0,[],2,[],2019-01-20 23:23:38,0.0,0,0,6476906,2019-01-20 23:23:38,,0.0,0.0,0,,0.0,0.0,0.0,18
1,[],3,[],2019-01-31 17:03:53,108656.40270791356,0.00003049999999999999936097123953704368659600731916725635528564453125,0.00000000104573825,6550368,2019-01-31 17:03:53,btc,0.5053562121078118,375.409486752,0.00003049999999999999936097123953704368659600731916725635528564453125,btc,5470.223200813632,0.0,0.09718100493169825,19
1,[],4,[],2019-01-31 17:03:55,67164.82138783,0.00003313,0.000000001135911745,6550369,2019-01-31 17:03:55,btc,0.5974784051756964,0.0,0.00003313,btc,15997.42528282,0.47868392,1.4100932485684552,19
1,[],5,[],2019-01-31 17:03:56,0.00043801,0.00003156,0.00000000108208194,6550370,2019-01-31 17:03:56,btc,0.31055961,0.01094686,0.00003156,btc,0.00346048,0.0,0.23914025,19
1,[],12,[],2019-01-31 17:03:58,133623.51890756,0.00002856000000000000099459503133392246354560484178364276885986328125,0.0000000009792224400000002,6550371,2019-01-31 17:03:58,btc,1.9913460695568657,0.0,0.00002856000000000000099459503133392246354560484178364276885986328125,btc,448.27457877,0.00029979,0.0326870499999136,19
0,[],27,[],2019-01-31 17:04:00,0.0,0,0,6550372,2019-01-31 17:04:00,,0.0,0.0,0,btc,0.0,0.0,0.0,19
0,[],2,[],2019-01-20 23:24:19,0.0,0,0,6476924,2019-01-20 23:24:19,,0.0,0.0,0,,0.0,0.0,0.0,19
1,[],4,[],2019-01-31 17:04:00,9013019.43885938,0.00000013,0.000000000004457245,6550373,2019-01-31 17:04:00,btc,0.8119940963808697,0.0,0.00000013,btc,1597393.93239221,0.0,0.3453110081715698,20
1,[],4,[],2019-01-31 17:04:01,119330431.31523025,0.00000002,0.00000000000068573,6550374,2019-01-31 17:04:01,btc,0.6254464410814744,0.0,0.00000002,btc,14940956.17781205,0.00436935,1.3963882105144454,21
1,[],12,[],2019-01-31 17:04:02,19384239.0,0.00000002,0.00000000000068573,6550375,2019-01-31 17:04:02,btc,668.0335025130382,0.0,0.00000002,btc,8190927.31368897,9.76294505501e-05,0.2606213,21
0,[],17,[],2019-01-31 17:04:04,0.0,0,0,6550376,2019-01-31 17:04:04,btc,0.0,0.0,0,btc,0.0,0.0,0.0,21
1,[],12,[],2019-01-31 17:04:05,2632829124.531895,0.0000000001,0.0000000000000034286500000000002,6550377,2019-01-31 17:04:05,btc,1721704714488.7017,0.0,0.0000000001,btc,5001922429.7544775,0.21243784473246752,0.2632829124531895,23
0,[],27,[],2019-01-31 17:04:07,0.0,0,0,6550378,2019-01-31 17:04:07,,0.424699,0.0,0,eth,424699.0,0.0,0.0,23
1,[],4,[],2019-01-31 17:04:08,880836.71957513,0.00000082,0.000000000028114930000000003,6550379,2019-01-31 17:04:08,btc,0.0888368801570255,0.0,0.00000082,btc,74867.13827126,0.00709357,0.3697793467502731,24
1,[],22,[],2019-01-31 17:04:12,11.76,0.00000100,0.0000000000342865,6550380,2019-01-31 17:04:12,BTC,7.415e-05,0.0,0.00000100,BTC,23.919354838709676,0.0,1.176e-05,24
0.0,[],25,[],2019-01-31 17:04:13,0.0,0,0,6550381,2019-01-31 17:04:13,,0.0,0.0,0.0,btc,0.0,0.0,0.0,24
1,[],4,[],2019-01-31 17:04:14,27062168.74105388,0.00000632,0.00000000021669068,6550382,2019-01-31 17:04:14,btc,0.4636717573306487,0.0,0.00000632,btc,38908.89516552,0.13342484,0.394084595522978,26
1,[],10,[],2019-01-31 17:04:16,729511.70432191,0.00000669,0.00000000022937668500000003,6550383,2019-01-31 17:04:16,btc,27.983575202795254,668.00036553,0.00000669,btc,13249.47153674,0.0,0.2109661556292719,26
0,[],2,[],2019-01-20 23:25:56,0.0,0,0,6476976,2019-01-20 23:25:56,,0.0,0.0,0,,0.0,0.0,0.0,26
1,[],3,[],2019-01-31 17:04:17,6396014.03885143,0.00000001,0.000000000000342865,6550384,2019-01-31 17:04:17,btc,3.006340766672451,124901.0,0.00000001,btc,19125333.7722977,0.0,0.0639601403885143,27
1,[],5,[],2019-01-31 17:04:19,3e-08,0.00000002,0.00000000000068573,6550385,2019-01-31 17:04:19,btc,1.46401884,0.03770001,0.00000002,btc,5.008e-05,0.0,0.10689321,27
1,[],11,[],2019-01-31 17:04:20,10598882.41182718,0.00000005,0.000000000001714325,6550386,2019-01-31 17:04:20,btc,370.5931920764931,1000.0,0.00000005,btc,8220964.80991447,0.0,0.49330965947676625,27
1,[],4,[],2019-01-31 17:04:21,134671901.64241558,0.00000003,0.000000000001028595,6550387,2019-01-31 17:04:21,btc,3.868920981711621,0.0,0.00000003,"btc,ltc",146467204.923894,0.1321692,1.9003184197058591,29
1,[],7,[],2019-01-31 17:04:22,39004389.1871685,0.00000003,0.000000000001028595,6550388,2019-01-31 17:04:22,btc,44465206.16414562,1104253.72128,0.00000003,btc,39554611.69978831,0.03662315,0.7017850369963191,29
1,[],4,[],2019-01-31 17:04:23,1298287.59617273,0.00000034,0.000000000011657410000000001,6550389,2019-01-31 17:04:23,btc,0.2850555324581037,0.0,0.00000034,btc,549865.56912699,0.0036896,0.0667528145984913,30
0,[],17,[],2019-01-31 17:04:24,0.0,0,0,6550390,2019-01-31 17:04:24,btc,0.0,0.0,0,btc,0.0,0.0,0.0,30
1,[],4,[],2019-01-31 17:04:25,123068.27682844,0.00007701,0.000000002640403365,6550391,2019-01-31 17:04:25,btc,1.7777965063381425,0.0,0.00007701,btc,19658.45010712,1.81517297,1.7375818411663237,31
1,[],21,[],2019-01-31 17:04:26,85597.03225741,0.00007862000000000000281621947984,0.0000000026956046300000002,6550392,2019-01-31 17:04:26,btc,1.048917917540861,236971.28326851,0.0000786200000000000028162194798397877093520946800708770751953125,btc,12294.35687193,19.18964617,6.218059585032562,31
0,[],2,[],2019-01-20 23:28:43,0.0,0,0,6477009,2019-01-20 23:28:43,,0.0,0.0,0,,0.0,0.0,0.0,32
1,[],4,[],2019-01-31 17:04:27,139528387.80272546,0.00000005,0.0000000000017143250000000002,6550393,2019-01-31 17:04:27,btc,2.56441256195208,0.0,0.00000005,"btc,ltc",46925008.3728474,0.85843708,2.0545178743208043,33
1,[],12,[],2019-01-31 17:04:28,20374410.0,0.00000006,0.00000000000205719,6550394,2019-01-31 17:04:28,btc,17261782.330924124,0.0,0.00000006,btc,89238613.83516467,0.026795845454546,0.78984817,33
1,[],4,[],2019-01-31 17:04:29,113195473.55915792,0.00000001,0.000000000000342865,6550395,2019-01-31 17:04:29,btc,0.8240509483782688,0.0,0.00000001,btc,27468364.94594229,2.88118252,1.1319547355915793,34
1,[],5,[],2019-01-31 17:04:30,3e-08,0.00000002,0.00000000000068573,6550396,2019-01-31 17:04:30,btc,3.8851097,2.31233945,0.00000002,btc,1.394e-05,0.0,0.79189181,34
0.0000000000911533,[],4,[],2019-01-31 17:04:31,1509830928.8586063,3.646132e-18,1.25013104818e-22,6550397,2019-01-31 17:04:31,ltc,7.704389592232949e-09,0.0,0.00000004,ltc,1630381756.688691,0.0,2.434967624332071e-09,36
1,[],5,[],2019-01-31 17:04:32,0.0,0,0,6550398,2019-01-31 17:04:32,btc,203.13457079,0.0,0,btc,1.295e-05,0.0,0.0,36
0,[],17,[],2019-01-31 17:04:33,0.0,0,0,6550399,2019-01-31 17:04:33,btc,0.14892131549094031,0.0,0,btc,12533924.99083647,0.0,0.0,36
0.0000000000911533,[],27,[],2019-01-31 17:04:36,2000000.0,1.823066e-18,6.2506552409e-23,6550400,2019-01-31 17:04:36,ltc,448.594487716,0.0,0.00000002,"ltc,eth",3711932.58,0.0,2.734599e-12,36
1,[],4,[],2019-01-31 17:04:37,425754.28329379,0.00000142,0.00000000004868683,6550401,2019-01-31 17:04:37,btc,0.4061234938858319,0.0,0.00000142,btc,214430.27028775,0.13794637,0.3794156209369762,37
1,[],12,[],2019-01-31 17:04:38,494240.02503704,0.0000015000000000000000380012861456169304119612206704914569854736328125,0.00000000005142975,6550402,2019-01-31 17:04:38,btc,1337.751572758898,0.0,0.0000015000000000000000380012861456169304119612206704914569854736328125,btc,778858.69490454,0.094810275446121,0.4073961423600045,37
1,[],17,[],2019-01-31 17:04:39,1752.74075282,0.00000025,0.000000000008571625,6550403,2019-01-31 17:04:39,btc,0.05548731396468383,0.0,0.00000025,btc,1388.79251806,0.0,0.00043818518820499993,37
1,[],27,[],2019-01-31 17:04:42,35522.0,0.00000046,0.00000000001577179,6550404,2019-01-31 17:04:42,btc,24.49747661895233,0.00054,0.00000046,btc,5231.144295,1e-07,0.00744009,37
1,[],5,[],2019-01-31 17:04:43,7.73e-06,0.00000073,0.000000000025029145,6550405,2019-01-31 17:04:43,btc,0.0950156,0.03754546,0.00000073,btc,0.00010331,0.0,0.03263329,42
1,[],12,[],2019-01-31 17:04:44,114371.26587302,0.00000073,0.000000000025029145,6550406,2019-01-31 17:04:44,btc,109.30726466149409,0.0,0.00000073,btc,83276.54958495,0.0124496040738905,0.0219573700000026,42
0,[],27,[],2019-01-31 17:04:46,0.0,0,0,6550407,2019-01-31 17:04:46,,0.00315028,0.0,0,"btc,eth",11.007,0.0,0.0,42
1,[],5,[],2019-01-31 17:04:48,6e-08,0.00000003,0.000000000001028595,6550408,2019-01-31 17:04:48,btc,6.10578578,0.01122008,0.00000003,btc,1.425e-05,0.0,0.52366743,43
1,[],12,[],2019-01-31 17:04:49,6545117.0,0.00000002,0.00000000000068573,6550409,2019-01-31 17:04:49,btc,20007456.464662522,0.0,0.00000002,btc,38831663.74765234,0.00098888,0.06548277,43
0,[],17,[],2019-01-31 17:04:51,0.0,0,0,6550410,2019-01-31 17:04:51,btc,0.0,0.0,0,btc,0.0,0.0,0.0,43
1,[],12,[],2019-01-31 17:04:52,944540.06666667,0.0000001,0.00000000000342865,6550411,2019-01-31 17:04:52,btc,11115200.12345188,0.0,0.0000001,btc,939564.40359639,0.0615150671726993,0.0315344160000003,44
1,[],4,[],2019-01-31 17:04:54,261420098.13103163,0.00000003,0.000000000001028595,6550412,2019-01-31 17:04:54,btc,0.18145155094895132,0.0,0.00000003,"btc,ltc",3761639.74798808,0.00164766,0.5542001355309627,49
0.0000000000911533,[],4,[],2019-01-31 17:04:55,3776233320.4944696,9.11533e-19,3.12532762045e-23,6550413,2019-01-31 17:04:55,ltc,4.994394634414238,0.0,0.00000001,ltc,2206300149.1039367,0.0,3.4421612873302855e-09,52
0,[],22,[],2019-01-31 17:04:58,0.0,0,0,6550414,2019-01-31 17:04:58,,3693.808799,0.0,0,,264702666.90882352,0.0,0.0,57
0,[],27,[],2019-01-31 17:05:00,0.0,0,0,6550415,2019-01-31 17:05:00,,0.0,0.0,0,"btc,eth",0.0,0.0,0.0,57
0.0000000000911533,[],4,[],2019-01-31 17:05:02,1520861754.8431017,6.380731e-18,2.187729334315e-22,6550416,2019-01-31 17:05:02,ltc,3.310787156131098,0.0,0.00000007,ltc,1086343139.775789,0.01087416,6.899891527181548e-09,58
1,[],12,[],2019-01-31 17:05:03,2349869249.282997,0.0000000006,0.0000000000000205719,6550417,2019-01-31 17:05:03,btc,684074800888.9164,0.0,0.0000000006,btc,3117654778.360739,0.008641629861538455,0.9203413846645632,58
0,[],17,[],2019-01-31 17:05:05,0.0,0,0,6550418,2019-01-31 17:05:05,btc,1e+24,0.0,0,btc,41616695.95832568,0.0,0.0,58
0.0000000001244324,[],22,[],2019-01-31 17:05:08,137438.0,1.244324e-18,4.2663514826e-23,6550419,2019-01-31 17:05:08,XMR,69.8835922,0.0,0.00000001,XMR,9887963.0,0.0,0.00137438,58
1,[],5,[],2019-01-31 17:05:10,7.64e-06,0.00000062,0.00000000002125763,6550420,2019-01-31 17:05:10,btc,0.44210813,0.13259433,0.00000062,btc,0.00012859,0.0,0.1178201,61
1,[],22,[],2019-01-31 17:05:13,5111.5,0.00000011,0.000000000003771515,6550421,2019-01-31 17:05:13,BTC,1002.29606732,0.0,0.00000011,BTC,15028.700278135757,0.0,0.00051178,61
1,[],26,[],2019-01-31 17:05:13,0.0,0.00000800,0.000000000274292,6550422,2019-01-31 17:05:13,btc,0.0,0.0,0.00000800,btc,0.0,0.0,0.0,61
0,[],27,[],2019-01-31 17:05:16,0.0,0,0,6550423,2019-01-31 17:05:16,,0.14879968,0.00032,0,"btc,eth",148.79968,3.2e-07,0.0,61
1,[],28,[],2019-01-31 17:05:17,6900.304,0.00000210,0.00000000007200165,6550424,2019-01-31 17:05:17,btc,2.064440110600106,781.0,0.00000210,btc,11198.17500005,0.0,0.00218431304,61
1,[],4,[],2019-01-31 16:53:43,1316812.50399766,0.00000184,0.0000000000631396,6550221,2019-01-31 16:53:43,btc,0.7106736784711944,0.0,0.00000184,btc,235879.62264693,0.14581668,0.9786340754587347,67
0.0,[],25,[],2019-01-31 16:53:44,0.0,0,0,6550222,2019-01-31 16:53:44,,0.0,0.0,0.0,btc,0.0,0.0,0.0,67
1,[],12,[],2019-01-31 17:05:19,3113569.12744445,0.0000001,0.00000000000342865,6550425,2019-01-31 17:05:19,btc,16893710.224246517,0.0,0.0000001,btc,2188133.00459538,0.0011795336232562,0.0849551928411118,71
,[],5,[],2018-11-20 23:02:39,1.5e-07,0.00000005,0.000000000002128045,4862160,2018-11-20 23:02:39,btc,2.84511358,0.0,,btc,0.00036572,0.0,0.07381892,74
1,[],5,[],2019-01-25 15:53:51,3.303e-05,0.00000156,0.000000000055588884,6499610,2019-01-25 15:53:51,btc,1.42844212,0.0,0.00000156,btc,0.00015937,0.0,0.49487621,75
1,[],4,[],2019-01-31 17:05:22,71314460.37587337,0.00000001,0.000000000000342865,6550426,2019-01-31 17:05:22,btc,0.8144650091483037,0.0,0.00000001,btc,15000789.10300357,0.0,0.7131446037587337,81
0,[],20,[],2019-01-25 09:30:31,0.0,0,0,6495923,2019-01-25 09:30:31,btc,0.0,0.0,0,btc,0.0,0.0,0.0,81
1,[],4,[],2019-01-31 17:05:24,23692.56023715,0.00007330,0.00000000251320045,6550427,2019-01-31 17:05:24,btc,0.9306388727585305,0.0,0.00007330,btc,8535.85597688,0.01628162,0.0828753038169087,82
1,[],21,[],2019-01-31 17:05:25,68731.28125937,0.00007860999999999999444163373274,0.000000002695261765,6550428,2019-01-31 17:05:25,btc,3.6169166751920194,2506.78351262,0.000078609999999999994441633732744634244227199815213680267333984375,btc,41003.4287224,0.19802055,3.2270944026738,82
0,[],17,[],2019-01-31 17:05:26,0.0,0,0,6550429,2019-01-31 17:05:26,btc,0.0447233088476774,0.0,0,btc,999127.19588126,0.0,0.0,84
0.0000000000911533,[],4,[],2019-01-31 17:05:27,184042449.08966216,1.2761462e-17,4.37545866863e-22,6550430,2019-01-31 17:05:27,ltc,0.19754182486944097,0.0,0.00000014,ltc,68095719.66943136,0.0,1.2628241127889297e-09,85
,[],22,[],2018-11-20 23:09:34,3408.1,0.0000001,0.0000000000041895,4862324,2018-11-20 23:09:34,BTC,0.04624735,0.0,,BTC,4990.0,0.0,0.00033081,86
0,[],22,[],2019-01-31 17:05:30,0.0,0,0,6550431,2019-01-31 17:05:30,,2.07810912,0.0,0,,154826.94736842104,0.0,0.0,87
0,[],27,[],2019-01-31 17:05:32,0.0,0,0,6550432,2019-01-31 17:05:32,,0.0,0.0,0,btc,0.0,0.0,0.0,87
,[],2,[],2018-11-20 23:10:47,0.0,0,0,4862359,2018-11-20 23:10:47,,0.0,0.0,,,0.0,0.0,0.0,88
1,[],11,[],2019-01-31 17:05:34,107084.37072287,0.00018581000000000001161348794909144999110139906406402587890625,0.000000006370774565,6550433,2019-01-31 17:05:34,btc,235.69702843291512,700.6,0.00018581000000000001161348794909144999110139906406402587890625,btc,185082.5796615,0.0,8.391158561907602,89
0,[],2,[],2019-01-20 23:31:45,0.0,0,0,6477083,2019-01-20 23:31:45,,0.0,0.0,0,,0.0,0.0,0.0,91
1,[],12,[],2019-01-31 17:05:36,572684.36652034,0.00000359999999999999983709320257319053126821017940528690814971923828125,0.0000000001234314,6550434,2019-01-31 17:05:36,btc,3.263652579420343,0.0,0.00000359999999999999983709320257319053126821017940528690814971923828125,btc,16289.21875837,0.0313019503601939,0.1720799947582262,91
0,[],17,[],2019-01-31 17:05:37,0.0,0,0,6550435,2019-01-31 17:05:37,btc,0.0,0.0,0,btc,0.0,0.0,0.0,91
0.0000000000911533,[],22,[],2019-01-31 17:05:41,38693515.0,4.557665e-18,1.562663810225e-22,6550436,2019-01-31 17:05:41,LTC,8.48798501,0.0,0.00000005,LTC,73802260.1,1.823066e-13,1.38404729,95
0.0000000000911533,[],4,[],2019-01-31 17:05:42,132679412.67691407,9.3887899e-17,3.2190874490635e-21,6550437,2019-01-31 17:05:42,ltc,1.3202042595127073,0.0,0.00000103,ltc,66899553.99468108,0.00349821,6.693807180437859e-10,96
1,[],12,[],2019-01-31 17:05:43,1220958.0,0.00000001,0.000000000000342865,6550438,2019-01-31 17:05:43,btc,255062.8774658456,0.0,0.00000001,btc,8705414.33297676,2.5e-07,0.01220958,96
0,[],17,[],2019-01-31 17:05:44,0.0,0,0,6550439,2019-01-31 17:05:44,btc,0.0,0.0,0,btc,0.0,0.0,0.0,96
1,[],4,[],2019-01-28 01:29:03,1472892.19429314,0.00000039,0.000000000013841295,6517118,2019-01-28 01:29:03,btc,0.30363706505258,0.0,0.00000039,btc,473598.41813208,0.02260545,0.1322524391209234,99
0,[],2,[],2019-01-20 23:23:55,0.0,0,0,6476914,2019-01-20 23:23:55,,0.0,0.0,0,,0.0,0.0,0.0,100
1,[],4,[],2019-01-31 17:05:45,215246.80979645,0.00004104,0.00000000140711796,6550440,2019-01-31 17:05:45,btc,1.6091883947309864,0.0,0.00004104,btc,33411.5224978,3.30559904,2.3550102488815177,100
1,[],22,[],2019-01-31 17:05:49,50000.0,0.00000001,0.000000000000342865,6550441,2019-01-31 17:05:49,BTC,23.50383609,0.0,0.00000001,BTC,11277.22,0.0,0.0005,101
1,[],4,[],2019-01-31 17:05:49,145385.76769907,0.00000096,0.00000000003291504,6550442,2019-01-31 17:05:49,btc,0.4031716775087583,0.0,0.00000096,btc,152281.18542017,0.01010914,0.0737533682603487,103
1,[],12,[],2019-01-31 17:05:52,78913162.976,0.000000017,0.0000000000005828705,6550443,2019-01-31 17:05:52,btc,9138292649.84737,0.0,0.000000017,btc,151947666.8872997,0.11560996320309543,0.5043189075919999,105
1,[],27,[],2019-01-31 17:05:54,356282.89,0.00000001,0.000000000000342865,6550444,2019-01-31 17:05:54,btc,0.6904160142503467,65555.0,0.00000001,btc,643385.49146249,0.0013111,0.0035628289,105
0,[],22,[],2019-01-31 17:05:56,0.0,0,0,6550445,2019-01-31 17:05:56,,1.07253299,0.0,0,,94300.0,0.0,0.0,107
1,[],26,[],2019-01-31 17:05:56,0.0,0.00000000,0,6550446,2019-01-31 17:05:56,btc,0.0,0.0,0.00000000,btc,0.0,0.0,0.0,107
1,[],5,[],2019-01-31 17:05:58,1e-08,0.00000001,0.000000000000342865,6550447,2019-01-31 17:05:58,btc,3.28816848,0.00586614,0.00000001,btc,1.512e-05,0.0,0.0362832,112
1,[],22,[],2019-01-31 17:06:04,1966.0,0.00000001,0.000000000000342865,6550448,2019-01-31 17:06:04,BTC,2.84243449,0.0,0.00000001,BTC,977103.5833333334,0.0,1.966e-05,112
0.00000000030920360000000004,[],27,[],2019-01-31 17:06:06,500000.0,3.0920360000000003e-18,1.06015092314e-22,6550449,2019-01-31 17:06:06,eth,1.25356065,0.0,0.00000001,"btc,eth",1328.0,0.0,1.5460180000000002e-12,112
1,[],4,[],2019-01-31 17:06:07,472906.84813698,0.00000396,0.00000000013577454,6550450,2019-01-31 17:06:07,btc,0.5557083671384782,0.0,0.00000396,btc,98301.3818649,0.60548203,0.2661947785519727,113
1,[],5,[],2019-01-31 17:06:08,2.467e-05,0.00000367,0.000000000125831455,6550451,2019-01-31 17:06:08,btc,2.31738781,0.000148,0.00000367,btc,0.00357954,0.0,0.20198571,113
1,[],17,[],2019-01-31 17:06:10,233369.0,0.00000004,0.00000000000137146,6550452,2019-01-31 17:06:10,btc,1.3376358384458034,0.0,0.00000004,btc,72716.497,0.0,0.00543476,116
0,[],27,[],2019-01-31 17:06:12,0.0,0,0,6550453,2019-01-31 17:06:12,,0.0,0.0,0,btc,0.0,0.0,0.0,116
1,[],4,[],2019-01-31 17:06:13,60993.03608016,0.00001880,0.0000000006445862000000001,6550454,2019-01-31 17:06:13,btc,0.3076190599338242,0.0,0.00001880,btc,13405.431701,0.20342433,0.6774833036736961,120
1,[],7,[],2019-01-31 17:06:14,2155.10357235,0.000034999999999999996933876256210993460626923479139804840087890625,0.0000000012000274999999999,6550455,2019-01-31 17:06:14,btc,90.08395066005474,271.55386782,0.000034999999999999996933876256210993460626923479139804840087890625,btc,22526.682632879998,0.00798167,0.0202872117097222,120
1,[],20,[],2019-01-31 17:06:16,1162393.8668,0.000000013,0.0000000000004457245,6550456,2019-01-31 17:06:16,btc,33.7489442370083,0.0,0.000000013,btc,1074422.3317,0.0,0.0061551098646,125
1,[],22,[],2019-01-31 17:06:20,3053.0,0.00000001,0.000000000000342865,6550457,2019-01-31 17:06:20,BTC,0.01415863,0.0,0.00000001,BTC,293039.4,0.0,3.053e-05,126
0,[],2,[],2019-01-20 23:25:46,0.0,0,0,6476969,2019-01-20 23:25:46,,0.0,0.0,0,,0.0,0.0,0.0,131
1,[],4,[],2019-01-31 17:06:20,117479.18646383,0.00001497,0.000000000513268905,6550458,2019-01-31 17:06:20,btc,0.6277503335352871,0.0,0.00001497,btc,32892.13171841,0.19069875,0.9696087256261103,131
0,[],17,[],2019-01-31 17:06:22,0.0,0,0,6550459,2019-01-31 17:06:22,btc,0.0008451375975800001,0.0,0,btc,30.89614684,0.0,0.0,131
1,[],4,[],2019-01-31 17:06:23,4611.66323371,0.00016000,0.0000000054858400000000006,6550460,2019-01-31 17:06:23,btc,1.6405318749229956,0.0,0.00016000,btc,302.35845559,0.00314558,0.011364963363606,135
1,[],3,[],2019-01-31 17:06:24,1872062.85018509,0.00000006,0.00000000000205719,6550461,2019-01-31 17:06:24,btc,0.1237266558843118,31920.0,0.00000006,btc,247789.9875051,0.0,0.067608027337035,136
1,[],4,[],2019-01-31 17:06:24,97003.38169117,0.00000209,0.000000000071658785,6550462,2019-01-31 17:06:24,btc,0.6116526904230918,0.0,0.00000209,btc,211180.08781931,0.31310512,0.1371233490370997,137
1,[],12,[],2019-01-31 17:06:26,327552.11571923,0.00000213999999999999983963348826332406815708964131772518157958984375,0.00000000007337311,6550463,2019-01-31 17:06:26,btc,11983.244874083483,0.0,0.00000213999999999999983963348826332406815708964131772518157958984375,btc,128451.74003571,0.2050456950510069,0.0920765199999992,137
1,[],5,[],2019-01-31 17:06:27,0.00123991,0.00003840,0.0000000013166016,6550464,2019-01-31 17:06:27,btc,3.00142468,1.9464595,0.00003840,btc,0.0027259,0.0,1.30899467,142
1,[],17,[],2019-01-31 17:06:29,12500.0,0.0000001,0.00000000000342865,6550465,2019-01-31 17:06:29,btc,20.260986025860966,0.0,0.0000001,btc,5932.0,0.0,0.00125,142
1,[],20,[],2019-01-31 17:06:30,150284.3166,0.000025447,0.0000000008724885655,6550466,2019-01-31 17:06:30,btc,2.8911515929492,305.4111,0.000025447,btc,11596.8228,0.0122769009232,0.2614276240849,142
1,[],22,[],2019-01-31 17:06:34,990.0,0.00001880,0.0000000006445862000000001,6550467,2019-01-31 17:06:34,BTC,3.00453575,0.0,0.00001880,BTC,900.098,0.0,0.00022106,142
0.0,[],25,[],2019-01-31 17:06:35,0.0,0,0,6550468,2019-01-31 17:06:35,,0.0,0.0,0.0,btc,0.0,0.0,0.0,142
1,[],28,[],2019-01-31 17:06:37,78710.0,0.00002500,0.0000000008571625,6550469,2019-01-31 17:06:37,btc,0.15329397587,1140.0,0.00002500,btc,3062.8305,0.0,0.0312247,142
0,[],22,[],2019-01-28 18:33:43,0.0,0,0,6521842,2019-01-28 18:33:43,,61.27958297,0.0,0,,815366265.8,0.0,0.0,143
1,[],21,[],2019-01-31 17:06:38,32166030.02196622,0.00000027,0.000000000009257355,6550470,2019-01-31 17:06:38,btc,52.71633935539145,10283303.69940013,0.00000027,btc,90746984.13283943,2.8882277,4.192737052706503,145
0,[],22,[],2019-01-31 17:06:41,0.0,0,0,6550471,2019-01-31 17:06:41,,4.31838784,0.0,0,,1418338.5,0.0,0.0,146
,[],22,[],2018-11-20 23:01:11,0.0,0,0,4862114,2018-11-20 23:01:11,,2.56807021,0.0,,,61828.4988236,0.0,0.0,147
1,[],12,[],2019-01-31 16:57:34,8691716.54620439,0.00000299000000000000017174629773908378638225258328020572662353515625,0.00000000010260185000000001,6550270,2019-01-31 16:57:34,btc,17.122312124916785,0.0,0.00000299000000000000017174629773908378638225258328020572662353515625,btc,111817.83189148,0.0036472048532766,0.122362129900003,148
1,[],4,[],2019-01-31 17:06:44,209200.19053155,0.00000027,0.000000000009257355,6550472,2019-01-31 17:06:44,btc,0.6887778344180687,0.0,0.00000027,btc,503776.9729341,0.00112927,0.0421574566747385,152
0,[],22,[],2019-01-31 17:06:46,0.0,0,0,6550473,2019-01-31 17:06:46,,0.0,0.0,0,,0.0,0.0,0.0,152
1,[],5,[],2019-01-31 17:06:49,0.0,0,0,6550474,2019-01-31 17:06:49,btc,4.41084415,0.0,0,btc,0.00161275,0.0,0.0,153
,[],16,[],2019-01-11 15:38:59,0.0,0,0,6366141,2019-01-11 15:38:59,btc,0.0,0.0,,btc,0.0,0.0,0.0,155
0,[],23,[],2019-01-20 23:24:29,0.0,0,0,6476932,2019-01-20 23:24:29,,0.0,0.0,0,,0.0,0.0,0.0,156
0,[],22,[],2019-01-31 17:06:53,0.0,0,0,6550475,2019-01-31 17:06:53,,6.73310957,0.0,0,,4562882.742592593,0.0,0.0,156
1,[],22,[],2019-01-31 17:06:57,7906.0,0.00000801,0.000000000274634865,6550476,2019-01-31 17:06:57,BTC,43.78801181,0.0,0.00000801,BTC,1067.5805334758436,0.0,0.00743836,157
0,[],22,[],2019-01-31 17:07:00,0.0,0,0,6550477,2019-01-31 17:07:00,,50175.6753658,0.0,0,,54007107.04179466,0.0,0.0,158
,[],17,[],2018-11-20 22:56:10,0.0,0,0,4861976,2018-11-20 22:56:10,btc,1.1265625,0.0,,btc,1000.0,0.0,0.0,159
,[],20,[],2018-11-20 22:56:12,0.0,0,0,4861977,2018-11-20 22:56:12,btc,11912.7940471,0.0,,btc,34413894.3617,0.0,0.0,159
1,[],12,[],2019-01-31 17:07:01,194182.37357127,0.0000100899999999999999563370101096637654336518608033657073974609375,0.000000000345950785,6550478,2019-01-31 17:07:01,btc,6.683799254102361,0.0,0.0000100899999999999999563370101096637654336518608033657073974609375,btc,14516.3799096,0.0054555505102497,0.0939899833273239,168
1,[],17,[],2019-01-31 17:07:04,29784.95,0.000001,0.0000000000342865,6550479,2019-01-31 17:07:04,btc,0.0353989844335,0.0,0.000001,btc,196.82520268,0.0,0.00716147,168
0,[],22,[],2019-01-31 17:07:07,0.0,0,0,6550480,2019-01-31 17:07:07,,1.13380276,0.0,0,,689102.5537281231,0.0,0.0,169
1,[],22,[],2019-01-31 17:07:10,49482.735483870965,0.00000031,0.000000000010628815,6550481,2019-01-31 17:07:10,BTC,2.46715622,0.0,0.00000031,BTC,60341.49304007069,0.00171662,0.01234445,171
1,[],22,[],2019-01-31 17:07:15,170601.0,0.00000022,0.00000000000754303,6550482,2019-01-31 17:07:15,BTC,2.62777389,0.0,0.00000022,BTC,246112.81097087578,0.01053606,0.01022443,173
1,[],5,[],2019-01-31 17:00:07,4.129e-05,0.00000410,0.0000000001406915,6550282,2019-01-31 17:00:07,btc,0.42677665,0.06529278,0.00000410,btc,0.00034769,0.0,0.70300715,175
1,[],22,[],2019-01-31 17:07:19,143553.0,0.00000075,0.000000000025714875,6550483,2019-01-31 17:07:19,BTC,0.64731329,0.0,0.00000075,BTC,161666.14235742338,1.33e-06,0.01805243,176
0,[],2,[],2019-01-20 23:28:34,0.0,0,0,6477001,2019-01-20 23:28:34,,0.0,0.0,0,,0.0,0.0,0.0,178
1,[],7,[],2019-01-31 17:07:20,0.0,0,0,6550484,2019-01-31 17:07:20,btc,10965.660263001393,1000.0,0,btc,123199465.68292762,1e-05,0.0,178
0,[],22,[],2019-01-31 17:07:23,0.0,0,0,6550485,2019-01-31 17:07:23,,1.00242428,0.0,0,,57512.0,0.0,0.0,178
0,[],23,[],2019-01-20 23:25:08,0.0,0,0,6476952,2019-01-20 23:25:08,,0.0,0.0,0,,0.0,0.0,0.0,179
1,[],5,[],2019-01-31 17:07:24,6e-08,0.00000003,0.000000000001028595,6550486,2019-01-31 17:07:24,btc,16.61718431,0.23572034,0.00000003,btc,2.285e-05,0.0,1.27473824,179
1,[],22,[],2019-01-31 17:07:29,8317447.0,0.00000003,0.000000000001028595,6550487,2019-01-31 17:07:29,BTC,5.47667498,0.0,0.00000003,"BTC,LTC",17042183.401989967,0.00554421,0.40404309,179
1,[],17,[],2019-01-31 17:07:30,10504.725,0.0000001,0.00000000000342865,6550488,2019-01-31 17:07:30,btc,5.206877489877223,0.0,0.0000001,btc,7465.6174587,0.0,0.0010504725,180
1,[],22,[],2019-01-31 17:07:34,5785.4,0.00000001,0.000000000000342865,6550489,2019-01-31 17:07:34,BTC,0.09633436,0.0,0.00000001,"BTC,LTC",16823.80336569223,0.0,7.724e-05,180
1,[],26,[],2019-01-31 17:07:34,0.0,0.00000010,0.0000000000034286500000000003,6550490,2019-01-31 17:07:34,btc,0.0,7413.1686,0.00000010,btc,0.0,0.0,0.0,180
,[],7,[],2018-11-20 22:58:01,562227.975654,0.00000085,0.000000000036176765,4862015,2018-11-20 22:58:01,btc,21836.6059674,2491.87645172,,btc,749999.041456,0.00211021,0.127565380455,183
,[],5,[],2019-01-10 08:11:41,0.0,0,0,6347036,2019-01-10 08:11:41,btc,82.15055501,0.00261,,btc,1.19002445,0.0,0.0,187
,[],17,[],2018-11-16 20:58:10,4062536.27273,0.00000001,0.000000000000550501,4708775,2018-11-16 20:58:10,btc,3.36492563466,0.195460381006,,"btc,eth",110697919.549,0.0,0.0157628953496,187
1,[],24,[],2019-01-31 17:07:34,0.0,0.000000000001,3.42865e-17,6550491,2019-01-31 17:07:34,btc,0.0,0.0,0.000000000001,btc,0.0,0.0,0.0,187
0,[],22,[],2019-01-31 17:07:37,0.0,0,0,6550492,2019-01-31 17:07:37,,1.19382741,0.0,0,,13380.036201072173,0.0,0.0,191
0,[],22,[],2019-01-29 02:57:02,0.0,0,0,6524994,2019-01-29 02:57:02,,0.0,0.0,0,,0.0,0.0,0.0,197
0,[],23,[],2019-01-20 23:31:41,0.0,0,0,6477079,2019-01-20 23:31:41,,0.0,0.0,0,,0.0,0.0,0.0,199
1,[],26,[],2019-01-31 17:07:38,0.0,0.00000000,0,6550493,2019-01-31 17:07:38,btc,0.0,781375.0,0.00000000,btc,0.0,0.0,0.0,199
0,[],17,[],2019-01-30 16:32:01,0.0,0,0,6540827,2019-01-30 16:32:01,btc,6.802544163788159,0.0,0,btc,105897.55575295,0.0,0.0,200
0,[],2,[],2019-01-20 23:30:49,0.0,0,0,6477059,2019-01-20 23:30:49,,0.0,0.0,0,,0.0,0.0,0.0,201
1,[],4,[],2019-01-25 15:51:35,2084389.58565343,0.00000936,0.000000000333526752,6499557,2019-01-25 15:51:35,btc,2.0092503037378524,0.0,0.00000936,btc,160195.80207885,0.19272417,1.242687955921835,211
1,[],7,[],2019-01-31 17:07:41,14634226.223769318,0.000001210000000000000061712245556788669631487209699116647243499755859375,0.000000000041486665000000004,6550494,2019-01-31 17:07:41,btc,16567792.947940713,207606.463244,0.000001210000000000000061712245556788669631487209699116647243499755859375,btc,11528739.99624676,0.0,6.102429976127817,212
1,[],12,[],2019-01-25 02:44:32,207462.42853209,0.000001080000000000000035831255497387193287295303889550268650054931640625,0.000000000038610756000000006,6493050,2019-01-25 02:44:32,btc,85023.03793723314,0.0,0.000001080000000000000035831255497387193287295303889550268650054931640625,btc,43675.73520027,0.000146250909087,0.0348620860622024,213
1,[],5,[],2019-01-31 17:07:43,5.19e-06,0.00000035,0.000000000012000275000000001,6550495,2019-01-31 17:07:43,btc,0.96550676,0.14908931,0.00000035,btc,3.228e-05,0.0,0.37771844,213
1,[],24,[],2019-01-31 17:07:44,0.0,0.000000050000,0.0000000000017143250000000002,6550496,2019-01-31 17:07:44,btc,0.0,0.0,0.000000050000,btc,0.0,0.0,0.0,213
1,[],26,[],2019-01-31 17:07:44,0.0,0.00000003,0.000000000001028595,6550497,2019-01-31 17:07:44,btc,0.0,0.0,0.00000003,btc,0.0,0.0,0.0,213
1,[],22,[],2019-01-31 17:07:48,276400.0,0.00000002,0.00000000000068573,6550498,2019-01-31 17:07:48,BTC,70.22563965,0.0,0.00000002,BTC,269624.63907173084,0.0,0.004714,216
1,[],27,[],2019-01-31 17:07:50,5075645.0,0.0000001,0.0000000000034286500000000003,6550499,2019-01-31 17:07:50,btc,323.33779920316,14400.0,0.0000001,"btc,ltc",263819.13311,0.007056,0.0518235,216
1,[],22,[],2019-01-31 17:07:53,336377.7043110271,0.00000279,0.000000000095659335,6550500,2019-01-31 17:07:53,BTC,12678.21423104,0.0,0.00000279,BTC,403472.7411264902,0.06071347,0.5487749,217
1,[],7,[],2019-01-31 17:07:54,0.0,0,0,6550501,2019-01-31 17:07:54,btc,302.5343166391106,0.0,0,btc,130240320.6214003,0.0,0.0,219
0,[],27,[],2019-01-31 17:07:56,0.0,0,0,6550502,2019-01-31 17:07:56,,0.0741038339680918,0.0,0,btc,1542429.2070951,0.0,0.0,219
0.0000000000000056,[],28,[],2019-01-31 17:07:58,204976012.301,5.6e-18,1.9200440000000003e-22,6550503,2019-01-31 17:07:58,doge,88554.0338717675,114922.0,0.00100000,"btc,doge",5169437.84751,0.0,2.8125857312203787e-11,219
1,[],22,[],2019-01-31 17:08:03,202578.0,0.00000055,0.000000000018857575000000002,6550504,2019-01-31 17:08:03,BTC,2.39211741,0.0,0.00000055,BTC,33805.55212317522,0.000572,0.02031773,221
1,[],24,[],2019-01-31 17:08:03,0.0,0.000000500003,0.0000000000171433528595,6550505,2019-01-31 17:08:03,btc,0.0,10157.80497,0.000000500003,btc,0.0,0.00528053,0.0,221
1,[],26,[],2019-01-31 17:08:03,0.0,0.00000002,0.00000000000068573,6550506,2019-01-31 17:08:03,btc,0.0,11274.0,0.00000002,btc,0.0,0.0,0.0,231
1,[],26,[],2019-01-31 17:00:56,0.0,0.00000004,0.0000000000013726,6550307,2019-01-31 17:00:56,btc,0.0,0.0,0.00000004,btc,0.0,0.0,0.0,234
0,[],27,[],2019-01-31 17:00:58,0.0,0,0,6550308,2019-01-31 17:00:58,,0.0113483662182,0.0,0,"btc,eth",11462.99618,0.0,0.0,234
0.0000000000911533,[],22,[],2019-01-31 17:08:07,6260000.0,1.823066e-18,6.2506552409e-23,6550507,2019-01-31 17:08:07,LTC,3.86522854,0.0,0.00000002,LTC,92472994.69646464,9.327365337262e-12,0.0872,235
1,[],4,[],2019-01-31 17:08:08,728354.99945743,0.00000075,0.000000000025714875,6550508,2019-01-31 17:08:08,btc,0.1420629596066296,0.0,0.00000075,btc,124672.0057246,0.04730691,0.1620180884756313,236
1,[],24,[],2019-01-31 17:08:08,0.0,0.000000010000,0.000000000000342865,6550509,2019-01-31 17:08:08,btc,0.0,0.0,0.000000010000,btc,0.0,0.0,0.0,236
1,[],20,[],2019-01-31 17:08:10,10141825.0471,0.000000064,0.0000000000021943360000000002,6550510,2019-01-31 17:08:10,btc,14.3269032683987,16026240.7127,0.000000064,btc,24617619.5153,1.0770406515062,0.4507019667601,237
1,[],22,[],2019-01-31 17:08:14,10000.0,0.00000001,0.000000000000342865,6550511,2019-01-31 17:08:14,BTC,0.04144357,0.0,0.00000001,BTC,10254.2,0.0,0.0001,237
1,[],4,[],2019-01-31 17:08:15,3878811.70226476,0.00000034,0.000000000011657410000000001,6550512,2019-01-31 17:08:15,btc,0.3887816109293717,0.0,0.00000034,btc,1072309.63756733,0.15851809,1.1768384062191068,238
1,[],5,[],2019-01-31 17:08:16,4.29e-06,0.00000033,0.000000000011314545000000001,6550513,2019-01-31 17:08:16,btc,0.77397273,0.06703385,0.00000033,btc,2.957e-05,0.0,0.37190577,238
1,[],22,[],2019-01-31 17:08:20,246607.25,0.00000004,0.00000000000137146,6550514,2019-01-31 17:08:20,BTC,15.4110742,0.0,0.00000004,BTC,257151.95286378826,0.00029636,0.00786441,249
0.0000000000911533,[],22,[],2019-01-31 17:08:23,7182656.0,2.7345989999999998e-18,9.37598286135e-23,6550515,2019-01-31 17:08:23,LTC,0.6907332,0.0,0.00000003,LTC,15435357.015,6.0482037616e-14,0.17941884,252
1,[],28,[],2019-01-31 17:08:26,2266692.343,0.00000007,0.000000000002400055,6550516,2019-01-31 17:08:26,btc,164692.82880082083,34563.33,0.00000007,btc,1209345.0395,0.0,0.07471535629,256
0,[],27,[],2019-01-31 17:08:29,0.0,0,0,6550517,2019-01-31 17:08:29,,4.96668,0.0,0,"btc,eth",90.59,0.0,0.0,257
1,[],22,[],2019-01-31 17:08:32,209809.42857142858,0.00000007,0.000000000002400055,6550518,2019-01-31 17:08:32,BTC,35605.56345536,0.0,0.00000007,BTC,498818.29945876444,0.00073829,0.00371856,258
1,[],22,[],2019-01-26 20:58:41,368451.0,0.00000001,0.000000000000356135,6510120,2019-01-26 20:58:41,BTC,2.642917,0.0,0.00000001,"BTC,LTC",1862.0,0.0,0.02488451,259
1,[],22,[],2019-01-31 17:08:36,2305.1359677419355,0.00000800,0.000000000274292,6550519,2019-01-31 17:08:36,BTC,4.6876365,0.0,0.00000800,BTC,6170.434570597176,0.00965765,0.01607101,262
1,[],5,[],2019-01-31 17:08:38,0.00010328,0.00000500,0.00000000017143250000000002,6550520,2019-01-31 17:08:38,btc,2.59876347,1.43773783,0.00000500,btc,0.00184509,0.0,0.28458118,264
1,[],20,[],2019-01-31 17:08:39,1190888.1165,0.00000333,0.00000000011417404500000001,6550521,2019-01-31 17:08:39,btc,5.1522276668474,37351.6716,0.00000333,btc,108461.6357,0.1661343287586,0.0668336416308,264
1,[],22,[],2019-01-31 17:08:43,143651.0,0.00000002,0.00000000000068573,6550522,2019-01-31 17:08:43,BTC,8.64182842,0.0,0.00000002,BTC,325059.0938742663,0.00011,0.00237539,271
0,[],22,[],2019-01-31 17:08:46,0.0,0,0,6550523,2019-01-31 17:08:46,,364.34578824,0.0,0,,14192460724.9,0.0,0.0,272
0.0000000000000056,[],28,[],2019-01-31 17:08:48,238500557643.683,7.28e-21,2.4960572000000005e-25,6550524,2019-01-31 17:08:48,doge,75178200.97504762,52933206197.6347,0.00000130,doge,107527394745.1005,0.0,8.743646138790619e-10,272
