pairValue,buyBook,exchangeId,sellBook,updated,buyTotal,satoshiPrice,usdPrice,exchangeLogId,created,bestPair,sellTotalBtc,volume,pairPrice,activePairs,sellTotal,volumeBtc,buyTotalBtc,coinId
1,[],3,[],2019-02-24 16:07:37,30538.77643171752,0.012762559999999999182929144581066793762147426605224609375,0.0000004785270821759999,6774688,2019-02-24 16:07:37,btc,61.03060874570284,0.17363166,0.012762559999999999182929144581066793762147426605224609375,btc,18.795685687907,0.0,0.29609172711881876,1
1,[],4,[],2019-02-24 16:07:38,302976.65330898,0.01319997,0.000000494927595162,6774689,2019-02-24 16:07:38,btc,9.063981153918686,0.0,0.01319997,btc,248.77732413,1.13341115,1.4409261331991297,1
1,[],5,[],2019-02-24 16:07:39,0.0,0,0,6774690,2019-02-24 16:07:39,btc,0.0,0.21178822,0,btc,0.0,0.0,0.0,1
1,[],10,[],2019-02-24 16:07:41,414595.1378041,0.01160695,0.00000043519794747,6774691,2019-02-24 16:07:41,btc,6523.222372374123,1150.41123081,0.01160695,btc,1086.07101039,0.0,5.2244320721111945,1
1,[],12,[],2019-02-24 16:07:44,10448.96409845,0.01281999999999999979849452103053408791311085224151611328125,0.000000480680772,6774692,2019-02-24 16:07:44,btc,0.2732540985395,0.0,0.01281999999999999979849452103053408791311085224151611328125,btc,12.81952995,0.3016699421685,0.5126379284,1
1,[],20,[],2019-02-24 16:07:46,1150.428,0.010500214,0.0000003937013238444,6774693,2019-02-24 16:07:46,btc,0.0616431583457,0.1432,0.010500214,btc,2.788,0.0015036306448,0.0915544251227,1
1,[],21,[],2019-02-24 16:07:47,2157.41154615,0.01283441999999999916237669595,0.0000004812214441319999,6774694,2019-02-24 16:07:47,btc,19.86517873358423,8727.23882918,0.01283441999999999916237669594920589588582515716552734375,"btc,eth",1867.57453498,99.38096863506878,23.011899057293892,1
1,[],22,[],2019-02-24 16:07:52,0.0163776,0.01300000,0.0000004874298,6774695,2019-02-24 16:07:52,BTC,0.31423927,0.0,0.01300000,BTC,0.11751954901960784,0.0,0.00020972,1
1,[],24,[],2019-02-24 16:07:53,0.0,0.000000000000,0,6774696,2019-02-24 16:07:53,btc,0.0,0.0,0.000000000000,btc,0.0,0.0,0.0,1
0.0,[],25,[],2019-02-24 16:07:54,0.0,0,0,6774697,2019-02-24 16:07:54,btc,18.30119999791737,849.09790471,0.0,btc,1388.79515231,11.0404,0.0,1
1,[],26,[],2019-02-24 16:07:55,0.0,0,0,6774698,2019-02-24 16:07:55,,0.0,0.0,0,,0.0,0.0,0.0,1
1,[],28,[],2019-02-24 16:08:01,993.21,0.01323000,0.000000496053558,6774699,2019-02-24 16:08:01,btc,0.162839806,18068.35,0.01323000,btc,8.9,0.0,0.090071836,1
0,[],2,[],2019-01-20 23:28:45,0.0,0,0,6477011,2019-01-20 23:28:45,,0.0,0.0,0,,0.0,0.0,0.0,1
1,[],5,[],2019-02-24 16:08:02,0.0,0,0,6774700,2019-02-24 16:08:02,btc,0.0,0.01464417,0,btc,0.0,0.0,0.0,2
0.0000000001286493,[],22,[],2019-02-24 16:08:05,1148.0,1.4151423e-16,5.306019448158e-21,6774701,2019-02-24 16:08:05,XMR,21.01373823,0.0,0.00000110,XMR,14319.12581,0.0,0.00087635,2
1,[],5,[],2019-02-24 16:08:06,0.0,0,0,6774702,2019-02-24 16:08:06,btc,0.0,1.00290303,0,btc,0.0,0.0,0.0,3
1,[],12,[],2019-02-24 16:08:07,13133663.60747956,0.000000175,0.000000000006561555,6774703,2019-02-24 16:08:07,btc,924396.5667350539,0.0,0.000000175,btc,8381665.39461595,0.1284656386542917,0.6414274700942639,3
0,[],28,[],2019-02-24 16:08:12,0.0,0,0,6774704,2019-02-24 16:08:12,,0.0,0.0,0,,0.0,0.0,0.0,3
0,[],2,[],2019-01-20 23:31:32,0.0,0,0,6477077,2019-01-20 23:31:32,,0.0,0.0,0,,0.0,0.0,0.0,4
1,[],4,[],2019-02-22 15:52:28,400439.70738348,0.00000032,0.000000000012596480000000001,6759744,2019-02-22 15:52:28,btc,31.576426407239886,0.0,0.00000032,btc,685876.08766458,0.0,0.0547125982053145,4
1,[],12,[],2019-02-22 14:50:14,1367032.5219999999,0.00000003,0.000000000001190475,6759350,2019-02-22 14:50:14,btc,11013869.583570713,0.0,0.00000003,btc,1211697.32371984,0.00024567976024,0.02065290044,5
0,[],2,[],2019-01-20 23:31:51,0.0,0,0,6477087,2019-01-20 23:31:51,,0.0,0.0,0,,0.0,0.0,0.0,6
1,[],11,[],2019-02-24 16:08:14,3301329.5,0.00000002,0.000000000000749892,6774705,2019-02-24 16:08:14,btc,9432.836945181234,61187.0,0.00000002,btc,41471686.95347657,0.0,0.033501425,6
1,[],3,[],2019-02-24 16:08:15,1091.857220066689,0.00015102999999999999563259078794175138682476244866847991943359375,0.000000005662809438,6774706,2019-02-24 16:08:15,btc,27.605796873748474,0.0,0.00015102999999999999563259078794175138682476244866847991943359375,btc,249.144760639695,0.0,0.03419745781762677,7
1,[],4,[],2019-02-24 16:08:16,94017.53116848,0.00024203,0.000000009074818038,6774707,2019-02-24 16:08:16,btc,13.97094815808359,0.0,0.00024203,btc,43542.42608517,11.4814642,4.920786625679314,7
1,[],5,[],2019-02-24 16:08:17,0.0,0,0,6774708,2019-02-24 16:08:17,btc,0.0,2.48873979,0,btc,0.0,0.0,0.0,7
1,[],20,[],2019-02-20 02:16:17,39399275.8418,0.000000001,0.0000000000000390183,6728586,2019-02-20 02:16:17,btc,116.9737569154545,525.0,0.000000001,btc,56932965.8895,5.25e-07,0.0393992758418,8
0,[],2,[],2019-01-20 23:22:42,0.0,0,0,6476876,2019-01-20 23:22:42,,0.0,0.0,0,,0.0,0.0,0.0,9
0,[],23,[],2019-01-20 23:22:48,0.0,0,0,6476878,2019-01-20 23:22:48,,0.0,0.0,0,,0.0,0.0,0.0,9
1,[],4,[],2019-02-24 16:08:18,2044561.2276998,0.00000195,0.00000000007311447,6774709,2019-02-24 16:08:18,btc,5.496944979060612,0.0,0.00000195,btc,2208141.96661447,3.85907011,0.9443904519921184,9
1,[],28,[],2019-02-24 16:08:24,51263.5,0.00000186,0.000000000069739956,6774710,2019-02-24 16:08:24,btc,2708.763432985365,3458574.017,0.00000186,btc,12610.5507,0.0,0.05776661,9
1,[],1,[],2019-02-17 23:31:42,1822507.21,0.00000181000000000000003456111265232042484285557293333113193511962890625,0.000000000066086901,6701244,2019-02-17 23:31:42,btc,3.6990969245,17153386.5,0.00000181000000000000003456111265232042484285557293333113193511962890625,btc,1997391.71,31.11772986,3.2610482446,9
1,[],4,[],2019-02-17 11:22:43,4341674.27126056,0.00000002,0.0000000000007272960000000001,6696112,2019-02-17 11:22:43,btc,0.1997230937751353,0.0,0.00000002,btc,4109766.79808031,0.00215132,0.0479381022052112,10
0,[],2,[],2019-01-20 23:23:08,0.0,0,0,6476890,2019-01-20 23:23:08,,0.0,0.0,0,,0.0,0.0,0.0,12
1,[],4,[],2019-02-24 16:08:26,2587054.6012852,0.00000135,0.00000000005061771,6774711,2019-02-24 16:08:26,btc,13.804455094290306,0.0,0.00000135,btc,6885712.23206205,3.98035727,1.8139682018926921,12
1,[],5,[],2019-02-24 16:08:27,0.0,0,0,6774712,2019-02-24 16:08:27,btc,0.0,0.54310506,0,btc,0.0,0.0,0.0,12
0.0,[],25,[],2019-02-24 16:08:28,0.0,0,0,6774713,2019-02-24 16:08:28,,0.0,0.0,0.0,btc,0.0,0.0,0.0,12
1,[],4,[],2019-02-24 16:08:29,1396276.95016204,0.00000556,0.00000000020846997600000002,6774714,2019-02-24 16:08:29,btc,3.0784155975253835,0.0,0.00000556,btc,421820.84217775,0.48965107,0.7476045542608204,13
1,[],21,[],2019-02-24 16:08:32,422508.52720025,0.000005470000000000000144224909793,0.000000000205095462,6774715,2019-02-24 16:08:32,btc,7.98202174594867,432257.89544479,0.000005470000000000000144224909792711741829407401382923126220703125,btc,1311529.77568508,2.43919639,2.1300658666223016,13
1,[],10,[],2019-02-24 15:08:39,462737.54644016,0.00000543,0.000000000206053839,6774523,2019-02-24 15:08:39,btc,666802.6000857403,30249.3921049,0.00000543,btc,744368.84714416,0.0,0.2314404491994664,13
1,[],4,[],2019-02-24 16:08:34,674144.61302194,0.00000134,0.000000000050242764,6774716,2019-02-24 16:08:34,btc,13.007312078632651,0.0,0.00000134,btc,884037.84427004,0.00748601,0.1373502777081617,14
1,[],12,[],2019-02-24 16:08:35,119216.91304348,0.00000110999999999999996035831596741250137938550324179232120513916015625,0.000000000041619006,6774717,2019-02-24 16:08:35,btc,5.292058280886181,0.0,0.00000110999999999999996035831596741250137938550324179232120513916015625,btc,32406.19773647,0.0,0.0242673700000004,14
1,[],26,[],2019-02-24 16:08:36,0.0,0.00000050,0.000000000018747300000000002,6774718,2019-02-24 16:08:36,btc,0.0,0.0,0.00000050,btc,0.0,0.0,0.0,14
0,[],17,[],2019-02-24 15:08:44,0.0,0,0,6774527,2019-02-24 15:08:44,btc,0.0,0.0,0,btc,0.0,0.0,0.0,14
,[],12,[],2018-12-01 15:15:48,204241.84496,0.00000489,0.000000000202473384,5260204,2018-12-01 15:15:48,btc,49.5475654835,0.0,,btc,35763.2193806,0.0163153972027625,0.0203389899998,15
0,[],4,[],2019-02-24 16:08:37,0.0,0,0,6774719,2019-02-24 16:08:37,,0.0,0.0,0,,0.0,0.0,0.0,15
0,[],2,[],2019-01-20 23:23:38,0.0,0,0,6476906,2019-01-20 23:23:38,,0.0,0.0,0,,0.0,0.0,0.0,18
1,[],4,[],2019-02-24 16:08:39,26188.97512507,0.00001801,0.000000000675277746,6774720,2019-02-24 16:08:39,btc,1.2367458986084772,0.0,0.00001801,btc,8312.39114307,0.02598622,0.0870175028973104,18
1,[],10,[],2019-02-24 16:08:41,782986.46513298,0.00001721,0.000000000645282066,6774721,2019-02-24 16:08:41,btc,15.508324310437375,7186.73210906,0.00001721,btc,16832.05180205,0.0,0.1348542255058817,18
1,[],12,[],2019-02-24 16:08:42,199475.07771357,0.0000185199999999999988654734994764083921836572699248790740966796875,0.0000000006943999919999999,6774722,2019-02-24 16:08:42,btc,23.672424768297887,0.0,0.0000185199999999999988654734994764083921836572699248790740966796875,btc,2102.05810297,0.003758669680869,0.0397053625285795,18
0,[],17,[],2019-02-24 12:58:13,0.0,0,0,6773979,2019-02-24 12:58:13,btc,0.0,0.0,0,btc,0.0,0.0,0.0,18
0,[],2,[],2019-01-20 23:24:19,0.0,0,0,6476924,2019-01-20 23:24:19,,0.0,0.0,0,,0.0,0.0,0.0,19
1,[],3,[],2019-02-24 16:08:54,120776.3141567528,0.00002203999999999999904500003200524815838434733450412750244140625,0.000000000826380984,6774723,2019-02-24 16:08:54,btc,0.5975024268914596,0.0,0.00002203999999999999904500003200524815838434733450412750244140625,btc,11484.78606069032,0.0,0.07966178993169826,19
1,[],4,[],2019-02-24 16:08:54,516998.2902737,0.00002071,0.000000000776513166,6774724,2019-02-24 16:08:54,btc,2.319844746271878,0.0,0.00002071,btc,65619.89308399,0.6898152,2.2210721868535357,19
1,[],5,[],2019-02-24 16:08:55,0.0,0,0,6774725,2019-02-24 16:08:55,btc,0.0,0.00034464,0,btc,0.0,0.0,0.0,19
1,[],12,[],2019-02-24 16:08:57,134079.27368978,0.0000195900000000000004793561381166711043988470919430255889892578125,0.000000000734519214,6774726,2019-02-24 16:08:57,btc,1.3579142891490983,0.0,0.0000195900000000000004793561381166711043988470919430255889892578125,btc,382.27457877,0.001686174115841,0.1046740300000442,19
0,[],27,[],2019-02-24 16:09:00,0.0,0,0,6774727,2019-02-24 16:09:00,,0.0,0.0,0,btc,0.0,0.0,0.0,19
1,[],4,[],2019-02-24 16:09:01,8070160.95424551,0.00000013,0.000000000004874298,6774728,2019-02-24 16:09:01,btc,7.376054659582633,0.0,0.00000013,btc,2843149.4360639,0.0,0.2584025451781454,20
0,[],17,[],2019-02-24 13:58:24,0.0,0,0,6774182,2019-02-24 13:58:24,btc,0.0,0.0,0,btc,0.0,0.0,0.0,21
1,[],4,[],2019-02-24 16:09:01,104158276.05037025,0.00000002,0.000000000000749892,6774729,2019-02-24 16:09:01,btc,1734.258076649787,0.0,0.00000002,btc,55867279.03217261,0.00018,1.170905964888045,21
1,[],12,[],2019-02-24 16:09:02,18647376.0,0.00000002,0.000000000000749892,6774730,2019-02-24 16:09:02,btc,670.3899289734848,0.0,0.00000002,btc,8544410.32857329,0.0,0.24518776,21
1,[],12,[],2019-02-24 16:09:14,3435644604.6808996,0.0000000002,0.00000000000000749892,6774731,2019-02-24 16:09:14,btc,875865842417.9877,0.0,0.0000000002,btc,4927047617.031412,0.023904253335665253,0.3929104661829904,23
0.00000000036906550000000006,[],27,[],2019-02-24 16:09:16,2000.0,3.690655e-18,1.38379632963e-22,6774732,2019-02-24 16:09:16,eth,1.3429826565934113,0.0,0.00000001,eth,1964879.85514486,0.0,7.38131e-15,23
1,[],4,[],2019-02-24 16:09:17,427253.70616362,0.00000062,0.000000000023246652,6774733,2019-02-24 16:09:17,btc,8.417650498422802,0.0,0.00000062,btc,1478863.62212555,0.00338609,0.1430893256270763,24
1,[],22,[],2019-02-24 16:09:28,11.76,0.00000100,0.000000000037494600000000004,6774734,2019-02-24 16:09:28,BTC,7.415e-05,0.0,0.00000100,BTC,23.919354838709676,0.0,1.176e-05,24
0.0,[],25,[],2019-02-24 16:09:30,0.0,0,0,6774735,2019-02-24 16:09:30,,0.0,0.0,0.0,btc,0.0,0.0,0.0,24
0,[],2,[],2019-01-20 23:25:56,0.0,0,0,6476976,2019-01-20 23:25:56,,0.0,0.0,0,,0.0,0.0,0.0,26
1,[],4,[],2019-02-24 16:09:30,26861365.86042886,0.00000751,0.000000000281584446,6774736,2019-02-24 16:09:30,btc,142.45998252321522,0.0,0.00000751,btc,233037.00793502,0.24843424,0.4625052173241481,26
1,[],10,[],2019-02-24 16:09:33,693201.02992515,0.00000708,0.000000000265461768,6774737,2019-02-24 16:09:33,btc,26.119856512740327,6525.66181127,0.00000708,btc,13442.89239841,0.0,0.2390450550004816,26
1,[],3,[],2019-02-23 18:17:02,10659120.92303129,0.00000002,0.0000000000008202040000000002,6768225,2019-02-23 18:17:02,btc,2.9010609406228287,225458.199062,0.00000002,btc,18682481.51451327,0.0,0.1428299014392689,27
1,[],5,[],2019-02-23 18:17:03,0.0,0,0,6768226,2019-02-23 18:17:03,btc,0.0,0.03869042,0,btc,0.0,0.0,0.0,27
1,[],11,[],2019-02-23 18:17:06,9657302.940399151,0.00000005,0.0000000000020505100000000003,6768227,2019-02-23 18:17:06,btc,67506.53137702076,146281.413934,0.00000005,btc,8171781.9763934,0.0,0.450973774642923,27
1,[],4,[],2019-02-24 16:09:34,1490420095.131895,0.00000002,0.000000000000749892,6774738,2019-02-24 16:09:34,btc,5.845710571811778,0.0,0.00000002,"btc,ltc",472750656.40980005,0.20696429,11.350112617245768,29
1,[],7,[],2019-02-24 16:09:37,52064594.03941279,0.00000002,0.000000000000749892,6774739,2019-02-24 16:09:37,btc,44463896.84199897,35000.0,0.00000002,btc,60103215.4281151,0.00105,0.7109497832925387,29
1,[],4,[],2019-02-24 16:09:37,1399045.41010349,0.00000029,0.000000000010873434,6774740,2019-02-24 16:09:37,btc,2.3325886957111055,0.0,0.00000029,btc,1565436.20762222,0.00922411,0.0899722263156395,30
0,[],17,[],2019-02-24 16:09:39,0.0,0,0,6774741,2019-02-24 16:09:39,btc,0.0,0.0,0,btc,0.0,0.0,0.0,30
1,[],4,[],2019-02-24 16:09:40,1118295.87437174,0.00005663,0.000000002123319198,6774742,2019-02-24 16:09:40,btc,5.4165999641880775,0.0,0.00005663,btc,66672.72413315,1.05576993,1.1488878164489302,31
1,[],21,[],2019-02-24 16:09:41,57346.08462472,0.00005629999999999999967578018234,0.00000000211094598,6774743,2019-02-24 16:09:41,btc,2.024719540207076,88122.69544276,0.000056299999999999999675780182339934754054411314427852630615234375,btc,31397.6637954,5.01489687,3.085443918153039,31
0,[],2,[],2019-01-20 23:28:43,0.0,0,0,6477009,2019-01-20 23:28:43,,0.0,0.0,0,,0.0,0.0,0.0,32
1,[],4,[],2019-02-24 16:09:42,344073201.85377425,0.00000004,0.000000000001499784,6774744,2019-02-24 16:09:42,btc,8.71166484553047,0.0,0.00000004,"btc,ltc",151636099.752425,1.12875312,7.749164606128957,33
1,[],12,[],2019-02-24 16:09:43,16696371.379,0.00000005,0.00000000000187473,6774745,2019-02-24 16:09:43,btc,35620518.65050279,0.0,0.00000005,btc,89077253.98101868,0.0009654171828176,0.55095632895,33
1,[],4,[],2019-02-24 16:09:44,127269638.9377251,0.00000001,0.000000000000374946,6774746,2019-02-24 16:09:44,btc,4.1743830651446325,0.0,0.00000001,btc,98881295.90741292,0.00856173,1.272696389377251,34
1,[],5,[],2019-02-24 16:09:45,0.0,0,0,6774747,2019-02-24 16:09:45,btc,0.0,0.22286972,0,btc,0.0,0.0,0.0,34
0,[],17,[],2019-02-24 15:09:30,0.0,0,0,6774559,2019-02-24 15:09:30,btc,0.07464582840147602,0.0,0,btc,4105386.20243647,0.0,0.0,36
0.0000000001167051,[],4,[],2019-02-24 16:09:46,2077930680.6898324,2.334102e-18,8.75162208492e-23,6774748,2019-02-24 16:09:46,ltc,2.5290756269853553e-08,0.0,0.00000002,ltc,3123665940.224461,0.0,3.917863875318511e-09,36
1,[],5,[],2019-02-24 16:09:47,0.0,0,0,6774749,2019-02-24 16:09:47,btc,0.0,0.0,0,btc,0.0,0.0,0.0,36
0.00000000036906550000000006,[],27,[],2019-02-24 16:10:00,1000000.0,3.690655e-18,1.38379632963e-22,6774750,2019-02-24 16:10:00,eth,114.12865132688529,0.0,0.00000001,"ltc,eth",4157587.7875004,0.0,1.1720982080000001e-12,36
1,[],17,[],2019-02-24 15:09:46,1752.74075282,0.00000025,0.000000000009486825,6774563,2019-02-24 15:09:46,btc,0.055484923777095005,0.0,0.00000025,btc,1319.19918473,0.0,0.00043818518820499993,37
1,[],4,[],2019-02-24 16:10:01,241810.88093655,0.00000063,0.000000000023621598,6774751,2019-02-24 16:10:01,btc,19772.50341109337,0.0,0.00000063,btc,573535.18281641,0.01068956,0.1058078955553487,37
1,[],12,[],2019-02-24 16:10:02,314575.49786926,0.00000065,0.000000000024371490000000003,6774752,2019-02-24 16:10:02,btc,1346.9633965162216,0.0,0.00000065,btc,866061.97818881,0.0644009314596152,0.043691847131764196,37
1,[],27,[],2019-02-24 16:10:05,14685.567,0.00000045,0.00000000001687257,6774753,2019-02-24 16:10:05,btc,25.81996186649233,0.0,0.00000045,btc,6791.34738508,0.0,0.00480032515,37
1,[],5,[],2019-02-24 16:10:06,0.0,0,0,6774754,2019-02-24 16:10:06,btc,0.0,0.10979784,0,btc,0.0,0.0,0.0,42
1,[],12,[],2019-02-24 16:10:07,137161.24882221,0.00000096,0.000000000035994816,6774755,2019-02-24 16:10:07,btc,94.69928809467422,0.0,0.00000096,btc,109760.34041956,0.0052624789245162,0.0426920579649582,42
0.00000000036906550000000006,[],27,[],2019-02-24 16:10:09,2000.0,3.690655e-18,1.38379632963e-22,6774756,2019-02-24 16:10:09,eth,0.00315028,0.0,0.00000001,"btc,eth",11.007,0.0,7.38131e-15,42
0,[],17,[],2019-02-24 14:12:16,0.0,0,0,6774399,2019-02-24 14:12:16,btc,0.0,0.0,0,btc,0.0,0.0,0.0,43
1,[],5,[],2019-02-24 16:10:10,0.0,0,0,6774757,2019-02-24 16:10:10,btc,0.0,0.01410198,0,btc,0.0,0.0,0.0,43
1,[],12,[],2019-02-24 16:10:11,2662896.0,0.00000001,0.000000000000374946,6774758,2019-02-24 16:10:11,btc,20003573.05362195,0.0,0.00000001,btc,37220095.97242756,0.016712905954046,0.02662896,43
1,[],12,[],2019-02-24 16:10:23,674224.0,0.00000005,0.00000000000187473,6774759,2019-02-24 16:10:23,btc,11115177.729221787,0.0,0.00000005,btc,1104545.40161834,0.00026293976024,0.01703026,44
1,[],4,[],2019-02-24 16:10:24,304592523.15740174,0.00000002,0.000000000000749892,6774760,2019-02-24 16:10:24,btc,474.57053500111823,0.0,0.00000002,"btc,ltc",12283786.99500239,0.00010277,0.21753555578177342,49
0,[],4,[],2019-02-24 16:10:24,0.0,0,0,6774761,2019-02-24 16:10:24,,25.475336656553026,0.0,0,,10622225061.488565,0.0,0.0,52
0.0000000001286493,[],22,[],2019-02-24 16:10:28,80845862.0,1.286493e-18,4.82365404378e-23,6774762,2019-02-24 16:10:28,XMR,4366.90665423,0.0,0.00000001,XMR,254618181.67882353,1.286493e-13,0.80845862,57
0.00000000036906550000000006,[],27,[],2019-02-24 16:10:32,2000.0,3.690655e-18,1.38379632963e-22,6774763,2019-02-24 16:10:32,eth,0.0,0.0,0.00000001,"btc,eth",0.0,0.0,7.38131e-15,57
0.0000000001167051,[],4,[],2019-02-24 16:10:33,779763184.0102149,3.501153e-18,1.312743312738e-22,6774764,2019-02-24 16:10:33,ltc,18.811298823721717,0.0,0.00000003,ltc,4011899885.1798854,0.0,1.5955961725782267e-09,58
1,[],12,[],2019-02-24 16:10:33,1632232732.843957,0.0000000004,0.00000000000001499784,6774765,2019-02-24 16:10:33,btc,224005479561.08127,0.0,0.0000000004,btc,3821707792.374745,0.054111140725352745,0.5282733530011392,58
0,[],17,[],2019-02-24 16:10:35,0.0,0,0,6774766,2019-02-24 16:10:35,btc,1e+24,0.0,0,btc,49226522.0897055,0.0,0.0,58
0.0000000001286493,[],22,[],2019-02-24 16:10:38,137438.0,1.286493e-18,4.82365404378e-23,6774767,2019-02-24 16:10:38,XMR,69.8835922,0.0,0.00000001,XMR,9887963.0,0.0,0.00137438,58
1,[],5,[],2019-02-24 16:10:40,0.0,0,0,6774768,2019-02-24 16:10:40,btc,0.0,0.01215418,0,btc,0.0,0.0,0.0,61
1,[],22,[],2019-02-24 16:10:43,5149.5,0.00000011,0.000000000004124406,6774769,2019-02-24 16:10:43,BTC,1002.29597012,0.0,0.00000011,BTC,14947.700278135757,0.0,0.00051596,61
1,[],26,[],2019-02-24 16:10:43,0.0,0.00000800,0.00000000029995680000000003,6774770,2019-02-24 16:10:43,btc,0.0,0.0,0.00000800,btc,0.0,0.0,0.0,61
1,[],27,[],2019-02-24 16:10:45,2493.55,0.00000045,0.00000000001687257,6774771,2019-02-24 16:10:45,btc,7.847939410699128,0.0,0.00000045,"btc,eth",20831.38399471,0.0,0.0002155975036168419,61
1,[],28,[],2019-02-24 16:10:51,13882.304,0.0000005,0.000000000018747300000000002,6774772,2019-02-24 16:10:51,btc,2.056328285685105,790.0,0.0000005,btc,9746.52450005,0.0,0.00566491304,61
1,[],4,[],2019-02-24 16:10:52,1531330.52125691,0.00000283,0.000000000106109718,6774773,2019-02-24 16:10:52,btc,11.375648400829288,0.0,0.00000283,btc,814192.40365967,0.19635041,1.598498797087748,67
0.0,[],25,[],2019-02-24 16:10:53,0.0,0,0,6774774,2019-02-24 16:10:53,,0.0,0.0,0.0,btc,0.0,0.0,0.0,67
1,[],12,[],2019-02-24 16:10:54,2981397.47390196,0.00000018,0.0000000000067490280000000004,6774775,2019-02-24 16:10:54,btc,11115998.205931216,0.0,0.00000018,btc,2033873.76999594,0.0037122158541463,0.10130298644111149,71
,[],5,[],2018-11-20 23:02:39,1.5e-07,0.00000005,0.000000000002128045,4862160,2018-11-20 23:02:39,btc,2.84511358,0.0,,btc,0.00036572,0.0,0.07381892,74
1,[],5,[],2019-02-24 16:10:55,0.0,0,0,6774776,2019-02-24 16:10:55,btc,0.0,0.0,0,btc,0.0,0.0,0.0,75
0,[],20,[],2019-01-25 09:30:31,0.0,0,0,6495923,2019-01-25 09:30:31,btc,0.0,0.0,0,btc,0.0,0.0,0.0,81
1,[],4,[],2019-02-24 16:10:56,17233280.92031862,0.00000001,0.000000000000374946,6774777,2019-02-24 16:10:56,btc,11388.638595673243,0.0,0.00000001,btc,34444270.17624532,0.0,0.1723328092031862,81
1,[],4,[],2019-02-24 16:10:57,28512.73249,0.00007569,0.000000002837966274,6774778,2019-02-24 16:10:57,btc,17.75807668699799,0.0,0.00007569,btc,12570.42554731,0.01892958,0.1309945019742058,82
1,[],21,[],2019-02-24 16:10:58,69872.72213989,0.00007846999999999999917017767803,0.000000002942201262,6774779,2019-02-24 16:10:58,btc,2.325214048223689,2505.42061361,0.00007846999999999999917017767803173455831711180508136749267578125,btc,24188.85324458,0.19514815,2.45155685441524,82
0,[],17,[],2019-02-24 14:13:08,0.0,0,0,6774416,2019-02-24 14:13:08,btc,0.0447233088476774,0.0,0,btc,999127.19588126,0.0,0.0,84
0.0000000001167051,[],4,[],2019-02-24 16:10:59,154029489.0437301,4.668204e-18,1.750324416984e-22,6774780,2019-02-24 16:10:59,ltc,1.7828320732978273,0.0,0.00000004,ltc,402278821.01345384,0.00021,4.0058192649300214e-10,85
,[],22,[],2018-11-20 23:09:34,3408.1,0.0000001,0.0000000000041895,4862324,2018-11-20 23:09:34,BTC,0.04624735,0.0,,BTC,4990.0,0.0,0.00033081,86
0,[],22,[],2019-02-22 12:52:35,0.0,0,0,6758847,2019-02-22 12:52:35,,2.0760781,0.0,0,,140622.94736842104,0.0,0.0,87
0,[],27,[],2019-02-22 12:52:37,0.0,0,0,6758848,2019-02-22 12:52:37,,0.0,0.0,0,btc,0.0,0.0,0.0,87
,[],2,[],2018-11-20 23:10:47,0.0,0,0,4862359,2018-11-20 23:10:47,,0.0,0.0,,,0.0,0.0,0.0,88
1,[],11,[],2019-02-24 16:11:01,94231.95331575,0.0001489600000000000103693442721208839429891668260097503662109375,0.000000005585195616,6774781,2019-02-24 16:11:01,btc,608.5862791518251,2203.1,0.0001489600000000000103693442721208839429891668260097503662109375,btc,93354.18628198,0.0,6.477075681279274,89
0,[],2,[],2019-01-20 23:31:45,0.0,0,0,6477083,2019-01-20 23:31:45,,0.0,0.0,0,,0.0,0.0,0.0,91
0,[],17,[],2019-02-24 14:02:34,0.0,0,0,6774234,2019-02-24 14:02:34,btc,0.0,0.0,0,btc,0.0,0.0,0.0,91
1,[],12,[],2019-02-24 16:11:03,428757.20689611,0.000001399999999999999936647356556240762159859514213167130947113037109375,0.00000000005249244,6774782,2019-02-24 16:11:03,btc,4.318286974327429,0.0,0.000001399999999999999936647356556240762159859514213167130947113037109375,btc,57515.4154274,0.00034584019471,0.040454511893805,91
0,[],22,[],2019-02-24 16:11:06,0.0,0,0,6774783,2019-02-24 16:11:06,,3.1e-06,0.0,0,,2.0,0.0,0.0,91
0.0000000001167051,[],22,[],2019-02-24 16:11:09,2791021.0,4.668204e-18,1.750324416984e-22,6774784,2019-02-24 16:11:09,LTC,8.53161599,0.0,0.00000004,LTC,71994962.1,0.0,0.09164084,95
0.0000000001167051,[],4,[],2019-02-24 16:11:10,644836607.8602241,7.1190111e-17,2.6692447359006003e-21,6774785,2019-02-24 16:11:10,ltc,11.909281632814531,0.0,0.00000061,ltc,136456290.79162803,0.0,2.188623104886433e-09,96
1,[],12,[],2019-02-24 16:11:11,149.0,0.00000001,0.000000000000374946,6774786,2019-02-24 16:11:11,btc,255075.8947895179,0.0,0.00000001,btc,8638922.94636337,2.537982018e-06,1.4900000000000001e-06,96
0,[],17,[],2019-02-24 16:11:12,0.0,0,0,6774787,2019-02-24 16:11:12,btc,0.0,0.0,0,btc,0.0,0.0,0.0,96
1,[],4,[],2019-02-24 16:11:13,1410223.99714134,0.00000029,0.000000000010873434,6774788,2019-02-24 16:11:13,btc,3.191295303190434,0.0,0.00000029,btc,2562773.70753516,0.02307956,0.1081183039070028,99
1,[],4,[],2019-02-24 16:11:14,1214721.25414905,0.00004570,0.00000000171350322,6774789,2019-02-24 16:11:14,btc,14.40842170295754,0.0,0.00004570,btc,201452.21167428,3.49460825,2.7468719342390813,100
0,[],2,[],2019-01-20 23:23:55,0.0,0,0,6476914,2019-01-20 23:23:55,,0.0,0.0,0,,0.0,0.0,0.0,100
1,[],22,[],2019-02-24 16:11:17,50000.0,0.00000001,0.000000000000374946,6774790,2019-02-24 16:11:17,BTC,23.49896609,0.0,0.00000001,BTC,10277.22,0.0,0.0005,101
1,[],4,[],2019-02-24 16:11:19,479243.55461989,0.00000087,0.000000000032620302,6774791,2019-02-24 16:11:19,btc,256.2998665420365,0.0,0.00000087,btc,485658.19432036,0.0142729,0.2493083038689627,103
1,[],12,[],2019-02-24 16:11:21,60557483.76471429,0.000000012,0.0000000000004499352,6774792,2019-02-24 16:11:21,btc,137279277.0940605,0.0,0.000000012,btc,124546638.88609447,0.03702948511855566,0.2041220454118572,105
1,[],27,[],2019-02-24 16:11:23,125810.89,0.00000001,0.000000000000374946,6774793,2019-02-24 16:11:23,btc,26.557578245556094,0.0,0.00000001,btc,574707.68391977,0.0,0.0012581089,105
1,[],22,[],2019-02-24 16:11:26,9328.0,0.00000001,0.000000000000374946,6774794,2019-02-24 16:11:26,BTC,51.10837004,0.0,0.00000001,BTC,470435.0,0.0,9.328e-05,107
1,[],26,[],2019-02-24 16:11:27,0.0,0.00000000,0,6774795,2019-02-24 16:11:27,btc,0.0,0.0,0.00000000,btc,0.0,0.0,0.0,107
1,[],5,[],2019-02-24 16:11:28,0.0,0,0,6774796,2019-02-24 16:11:28,btc,0.0,0.00069263,0,btc,0.0,0.0,0.0,112
1,[],22,[],2019-02-24 16:11:31,1966.0,0.00000001,0.000000000000374946,6774797,2019-02-24 16:11:31,BTC,2.81183288,0.0,0.00000001,BTC,808524.0833333334,0.0,1.966e-05,112
0.00000000036906550000000006,[],27,[],2019-02-24 16:11:33,2000.0,3.690655e-18,1.38379632963e-22,6774798,2019-02-24 16:11:33,eth,1.35132491849924,0.0,0.00000001,"btc,eth",1328.641654,0.0,7.38131e-15,112
1,[],4,[],2019-02-24 16:11:34,375945.41446697,0.00000301,0.000000000112858746,6774799,2019-02-24 16:11:34,btc,5.704929941318568,0.0,0.00000301,btc,357641.39340092,0.09423169,0.174039077465511,113
1,[],5,[],2019-02-24 16:11:35,0.0,0,0,6774800,2019-02-24 16:11:35,btc,0.0,0.00468312,0,btc,0.0,0.0,0.0,113
0,[],27,[],2019-02-24 16:11:47,0.0,0,0,6774801,2019-02-24 16:11:47,,0.0,0.0,0,btc,0.0,0.0,0.0,116
1,[],17,[],2019-02-24 15:11:52,152738.278,0.00000004,0.000000000001517892,6774610,2019-02-24 15:11:52,btc,1.33680302678,0.0,0.00000004,btc,50696.221,0.0,0.0022095311199999998,116
1,[],4,[],2019-02-24 16:11:48,65669.01761173,0.00002204,0.000000000826380984,6774802,2019-02-24 16:11:48,btc,31.25284996066693,0.0,0.00002204,btc,93427.8253731,0.50758025,0.6755324801149364,120
1,[],7,[],2019-02-24 16:11:49,211666.55406629998,0.0000169200000000000006319424150635910564233199693262577056884765625,0.0000000006344086320000001,6774803,2019-02-24 16:11:49,btc,115647.0371433917,7509.15081844,0.0000169200000000000006319424150635910564233199693262577056884765625,btc,31090.1380641,0.22319677,0.0689896394431758,120
1,[],20,[],2019-02-24 16:11:54,1178828.0618,0.000000013,0.0000000000004874298000000001,6774804,2019-02-24 16:11:54,btc,31.9232981096527,249.5,0.000000013,btc,1119871.1271,3.242e-06,0.0034001899724,125
1,[],22,[],2019-02-24 16:11:57,3053.0,0.00000001,0.000000000000374946,6774805,2019-02-24 16:11:57,BTC,0.01444887,0.0,0.00000001,BTC,296263.5111111111,0.0,3.053e-05,126
1,[],4,[],2019-02-24 16:11:57,139712.00924604,0.00001429,0.000000000535797834,6774806,2019-02-24 16:11:57,btc,24.19068681701804,0.0,0.00001429,btc,131423.14454458,0.27896878,0.626073892642198,131
0,[],17,[],2019-02-24 16:12:09,0.0,0,0,6774807,2019-02-24 16:12:09,btc,0.0009561751951600001,0.0,0,btc,35.42829368,0.0,0.0,131
0,[],2,[],2019-01-20 23:25:46,0.0,0,0,6476969,2019-01-20 23:25:46,,0.0,0.0,0,,0.0,0.0,0.0,131
1,[],4,[],2019-02-24 16:12:10,4549.6084331,0.00016000,0.000000005999136,6774808,2019-02-24 16:12:10,btc,1.6432006790581404,0.0,0.00016000,btc,320.0767349,0.00336996,0.0076503766088044,135
1,[],3,[],2019-02-24 16:12:11,1498224.24571841,0.00000005,0.00000000000187473,6774809,2019-02-24 16:12:11,btc,0.1455662086247726,32346.6666667,0.00000005,btc,628525.53813868,0.0,0.0550354279470342,136
1,[],4,[],2019-02-24 16:12:11,270706.72238432,0.00000169,0.000000000063365874,6774810,2019-02-24 16:12:11,btc,38.883647787515436,0.0,0.00000169,btc,636607.08152543,0.11166665,0.0819625228410407,137
1,[],12,[],2019-02-24 16:12:13,333572.77998954,0.00000172999999999999995347796898081949024117420776747167110443115234375,0.000000000064865658,6774811,2019-02-24 16:12:13,btc,11807.597870407903,0.0,0.00000172999999999999995347796898081949024117420776747167110443115234375,btc,123374.43971244,0.0041638108451901,0.0905079009020455,137
1,[],4,[],2019-02-24 16:12:13,226883.16393724,0.00004380,0.00000000164226348,6774812,2019-02-24 16:12:13,btc,29.549406908072896,0.0,0.00004380,btc,51515.53977258,0.32582922,1.1363549509245934,142
1,[],5,[],2019-02-24 16:12:14,0.0,0,0,6774813,2019-02-24 16:12:14,btc,0.0,0.47187918,0,btc,0.0,0.0,0.0,142
1,[],20,[],2019-02-24 16:12:27,133310.9826,0.000045043,0.0000000016888692678,6774814,2019-02-24 16:12:27,btc,0.4934565146914,0.0,0.000045043,btc,3751.6313,0.0,0.2356579130972,142
1,[],22,[],2019-02-24 16:12:31,1685.8988921568628,0.00004000,0.000000001499784,6774815,2019-02-24 16:12:31,BTC,3.00385504,0.0,0.00004000,BTC,891.218,0.00023522,0.00174536,142
0.0,[],25,[],2019-02-24 16:12:32,0.0,0,0,6774816,2019-02-24 16:12:32,,0.0,0.0,0.0,btc,0.0,0.0,0.0,142
1,[],28,[],2019-02-24 16:12:39,76883.0,0.00004500,0.000000001687257,6774817,2019-02-24 16:12:39,btc,0.059933722,78.0,0.00004500,btc,406.4319,0.0,0.0388422,142
1,[],17,[],2019-02-24 15:12:24,22967.386363640002,0.00000088,0.000000000033393624000000005,6774623,2019-02-24 15:12:24,btc,20.06991335299907,0.0,0.00000088,btc,2746.079105,0.0,0.0104613000000032,142
0,[],22,[],2019-02-23 08:10:09,0.0,0,0,6765290,2019-02-23 08:10:09,,61.28465123,0.0,0,,749385405.3,0.0,0.0,143
1,[],21,[],2019-02-24 16:12:40,23268166.03478057,0.00000025,0.00000000000937365,6774818,2019-02-24 16:12:40,btc,42.14048983861813,14133002.62000352,0.00000025,btc,86189336.65730645,3.57823061,3.3822385240634523,145
0,[],22,[],2019-02-24 16:12:43,0.0,0,0,6774819,2019-02-24 16:12:43,,4.24912384,0.0,0,,1812056.0,0.0,0.0,146
,[],22,[],2018-11-20 23:01:11,0.0,0,0,4862114,2018-11-20 23:01:11,,2.56807021,0.0,,,61828.4988236,0.0,0.0,147
1,[],12,[],2019-02-24 16:12:44,113028.06604851,0.00000252000000000000001302018388937842274799550068564713001251220703125,0.000000000094486392,6774820,2019-02-24 16:12:44,btc,16.285463409149628,0.0,0.00000252000000000000001302018388937842274799550068564713001251220703125,btc,116986.71583628,0.001977075275776,0.027383869999997902,148
1,[],4,[],2019-02-24 16:12:45,239583.55116647,0.00000037,0.000000000013873002,6774821,2019-02-24 16:12:45,btc,219.93681160199571,0.0,0.00000037,btc,786278.69984402,0.00236975,0.0567264546856344,152
0,[],22,[],2019-02-24 16:12:48,0.0,0,0,6774822,2019-02-24 16:12:48,,0.0,0.0,0,,0.0,0.0,0.0,152
1,[],5,[],2019-02-24 16:12:49,0.0,0,0,6774823,2019-02-24 16:12:49,btc,0.0,0.0,0,btc,0.0,0.0,0.0,153
,[],16,[],2019-01-11 15:38:59,0.0,0,0,6366141,2019-01-11 15:38:59,btc,0.0,0.0,,btc,0.0,0.0,0.0,155
0,[],22,[],2019-02-24 16:12:52,0.0,0,0,6774824,2019-02-24 16:12:52,,6.74608761,0.0,0,,4644402.242592593,0.0,0.0,156
0,[],23,[],2019-01-20 23:24:29,0.0,0,0,6476932,2019-01-20 23:24:29,,0.0,0.0,0,,0.0,0.0,0.0,156
1,[],22,[],2019-02-24 16:12:56,7073.8,0.00005300,0.0000000019872138,6774825,2019-02-24 16:12:56,BTC,1.80343699,0.0,0.00005300,BTC,899.6422341958436,0.0,0.00104336,157
0,[],22,[],2019-02-24 16:12:59,0.0,0,0,6774826,2019-02-24 16:12:59,,50175.68008609,0.0,0,,54479136.04179466,0.0,0.0,158
,[],17,[],2018-11-20 22:56:10,0.0,0,0,4861976,2018-11-20 22:56:10,btc,1.1265625,0.0,,btc,1000.0,0.0,0.0,159
,[],20,[],2018-11-20 22:56:12,0.0,0,0,4861977,2018-11-20 22:56:12,btc,11912.7940471,0.0,,btc,34413894.3617,0.0,0.0,159
1,[],12,[],2019-02-24 16:13:00,183024.09975898,0.0000071699999999999999614175814899308392114107846282422542572021484375,0.000000000268836282,6774827,2019-02-24 16:13:00,btc,6.642997930049643,0.0,0.0000071699999999999999614175814899308392114107846282422542572021484375,btc,13692.5780877,0.0032013319716148,0.09888567036905059,168
1,[],17,[],2019-02-24 16:13:12,29784.95,0.000001,0.0000000000374946,6774828,2019-02-24 16:13:12,btc,0.03026736251542,0.0,0.000001,btc,144.46171372,0.0,0.00716147,168
0,[],22,[],2019-02-24 16:13:15,0.0,0,0,6774829,2019-02-24 16:13:15,,1.14714792,0.0,0,,798972.8900917594,0.0,0.0,169
1,[],22,[],2019-02-24 16:13:18,164995.5,0.00000018,0.0000000000067490280000000004,6774830,2019-02-24 16:13:18,BTC,13.2555588,0.0,0.00000018,BTC,150057.9068373276,0.00027945,0.01979919,171
1,[],22,[],2019-02-24 16:13:22,74350.38181818182,0.00000011,0.000000000004124406,6774831,2019-02-24 16:13:22,BTC,2.19461286,0.0,0.00000011,BTC,238116.7614071281,0.00444666,0.00446181,173
1,[],5,[],2019-02-24 16:13:23,0.0,0,0,6774832,2019-02-24 16:13:23,btc,0.0,0.16364982,0,btc,0.0,0.0,0.0,175
1,[],22,[],2019-02-24 16:13:27,45761.166666666664,0.0000003,0.00000000001124838,6774833,2019-02-24 16:13:27,BTC,0.52955903,0.0,0.0000003,BTC,143368.41384013777,6.85e-06,0.00519475,176
1,[],7,[],2019-02-24 16:13:29,0.0,0,0,6774834,2019-02-24 16:13:29,btc,410932.5282358376,0.0,0,btc,117891559.31901672,0.0,0.0,178
0,[],22,[],2019-02-24 16:13:31,0.0,0,0,6774835,2019-02-24 16:13:31,,1.00242428,0.0,0,,57512.0,0.0,0.0,178
0,[],2,[],2019-01-20 23:28:34,0.0,0,0,6477001,2019-01-20 23:28:34,,0.0,0.0,0,,0.0,0.0,0.0,178
1,[],5,[],2019-02-24 16:13:32,0.0,0,0,6774836,2019-02-24 16:13:32,btc,0.0,0.06165383,0,btc,0.0,0.0,0.0,179
1,[],22,[],2019-02-24 16:13:37,6961684.0,0.00000002,0.000000000000749892,6774837,2019-02-24 16:13:37,BTC,5.73196334,0.0,0.00000002,"BTC,LTC",18407477.468656633,0.0,0.3741744,179
0,[],23,[],2019-01-20 23:25:08,0.0,0,0,6476952,2019-01-20 23:25:08,,0.0,0.0,0,,0.0,0.0,0.0,179
1,[],17,[],2019-02-24 16:13:39,10504.725,0.0000001,0.00000000000374946,6774838,2019-02-24 16:13:39,btc,5.2010695838170005,0.0,0.0000001,btc,4994.45945,0.0,0.0010504725,180
0.0000000001167051,[],22,[],2019-02-24 16:13:42,128605.4,1.1670510000000001e-17,4.375811042460001e-22,6774839,2019-02-24 16:13:42,LTC,0.20149702,0.0,0.0000001,LTC,61046.395435424805,0.0,0.00130544,180
1,[],26,[],2019-02-24 16:13:43,0.0,0.00000100,0.000000000037494600000000004,6774840,2019-02-24 16:13:43,btc,0.0,532.38040002,0.00000100,btc,0.0,0.0,0.0,180
,[],7,[],2018-11-20 22:58:01,562227.975654,0.00000085,0.000000000036176765,4862015,2018-11-20 22:58:01,btc,21836.6059674,2491.87645172,,btc,749999.041456,0.00211021,0.127565380455,183
,[],5,[],2019-01-10 08:11:41,0.0,0,0,6347036,2019-01-10 08:11:41,btc,82.15055501,0.00261,,btc,1.19002445,0.0,0.0,187
1,[],24,[],2019-02-24 16:13:43,0.0,0.000000000001,3.7494600000000004e-17,6774841,2019-02-24 16:13:43,btc,0.0,0.0,0.000000000001,btc,0.0,0.0,0.0,187
,[],17,[],2018-11-16 20:58:10,4062536.27273,0.00000001,0.000000000000550501,4708775,2018-11-16 20:58:10,btc,3.36492563466,0.195460381006,,"btc,eth",110697919.549,0.0,0.0157628953496,187
0,[],22,[],2019-02-24 00:25:17,0.0,0,0,6769902,2019-02-24 00:25:17,,1.19374396,0.0,0,,16308.869534405507,0.0,0.0,191
0,[],22,[],2019-02-24 16:13:49,0.0,0,0,6774842,2019-02-24 16:13:49,,0.0,0.0,0,,0.0,0.0,0.0,197
0,[],23,[],2019-01-20 23:31:41,0.0,0,0,6477079,2019-01-20 23:31:41,,0.0,0.0,0,,0.0,0.0,0.0,199
0,[],22,[],2019-02-24 16:13:52,0.0,0,0,6774843,2019-02-24 16:13:52,,5.19477622,0.0,0,,21058553.0,0.0,0.0,199
1,[],26,[],2019-02-24 16:13:52,0.0,0.00000000,0,6774844,2019-02-24 16:13:52,btc,0.0,0.0,0.00000000,btc,0.0,0.0,0.0,199
0,[],17,[],2019-01-30 16:32:01,0.0,0,0,6540827,2019-01-30 16:32:01,btc,6.802544163788159,0.0,0,btc,105897.55575295,0.0,0.0,200
0,[],2,[],2019-01-20 23:30:49,0.0,0,0,6477059,2019-01-20 23:30:49,,0.0,0.0,0,,0.0,0.0,0.0,201
1,[],4,[],2019-01-25 15:51:35,2084389.58565343,0.00000936,0.000000000333526752,6499557,2019-01-25 15:51:35,btc,2.0092503037378524,0.0,0.00000936,btc,160195.80207885,0.19272417,1.242687955921835,211
1,[],7,[],2019-02-24 16:13:55,4320715.97730119,0.0000013200000000000000673224496983149123252587742172181606292724609375,0.000000000049492872000000005,6774845,2019-02-24 16:13:55,btc,15476315.591220763,685642.337101,0.0000013200000000000000673224496983149123252587742172181606292724609375,btc,12374697.24288094,0.91747715,3.303627283813769,212
1,[],5,[],2019-02-24 16:13:56,0.0,0,0,6774846,2019-02-24 16:13:56,btc,0.0,0.25566933,0,btc,0.0,0.0,0.0,213
1,[],24,[],2019-02-24 16:13:56,0.0,0.000000100000,0.00000000000374946,6774847,2019-02-24 16:13:56,btc,0.0,0.0,0.000000100000,btc,0.0,0.0,0.0,213
1,[],26,[],2019-02-24 16:13:56,0.0,0.00000009,0.0000000000033745140000000002,6774848,2019-02-24 16:13:56,btc,0.0,0.0,0.00000009,btc,0.0,0.0,0.0,213
1,[],12,[],2019-01-25 02:44:32,207462.42853209,0.000001080000000000000035831255497387193287295303889550268650054931640625,0.000000000038610756000000006,6493050,2019-01-25 02:44:32,btc,85023.03793723314,0.0,0.000001080000000000000035831255497387193287295303889550268650054931640625,btc,43675.73520027,0.000146250909087,0.0348620860622024,213
1,[],22,[],2019-02-24 16:14:00,104971.0,0.00000001,0.000000000000374946,6774849,2019-02-24 16:14:00,BTC,2.20557071,0.0,0.00000001,BTC,249234.19637261707,0.0,0.00104971,216
1,[],27,[],2019-02-24 16:14:02,18125901.005988,0.00000007,0.000000000002624622,6774850,2019-02-24 16:14:02,btc,355.93205624754,1494.994012,0.00000007,"btc,ltc",212460.845,0.0001495,0.03395747043892944,216
1,[],22,[],2019-02-24 16:14:06,250214.46836262452,0.00000215,0.00000000008061339,6774851,2019-02-24 16:14:06,BTC,12673.59227106,0.0,0.00000215,BTC,372110.19063635875,0.00022836,0.35347713,217
1,[],7,[],2019-02-24 16:14:08,0.0,0,0,6774852,2019-02-24 16:14:08,btc,77969.61377456698,0.0,0,btc,137043486.5550253,0.0,0.0,219
0,[],27,[],2019-02-24 16:14:10,0.0,0,0,6774853,2019-02-24 16:14:10,,0.0740438339680921,0.0,0,btc,1536429.20709513,0.0,0.0,219
0.0000000000000051,[],28,[],2019-02-24 16:14:17,168412474.765,5.100051e-18,1.9122437222460001e-22,6774854,2019-02-24 16:14:17,doge,83883.3352640875,21610.432,0.00100001,"btc,doge",4825777.77951,0.0,1.1073073314591126e-11,219
1,[],22,[],2019-02-24 16:14:21,263185.6,0.0000003,0.00000000001124838,6774855,2019-02-24 16:14:21,BTC,3.00338341,0.0,0.0000003,BTC,111240.27041875875,0.00012987,0.03443356,221
1,[],24,[],2019-02-24 16:14:21,0.0,0.000000200000,0.00000000000749892,6774856,2019-02-24 16:14:21,btc,0.0,0.0,0.000000200000,btc,0.0,0.0,0.0,221
1,[],20,[],2019-02-24 16:14:23,43582886.7222,0.000000002,0.0000000000000749892,6774857,2019-02-24 16:14:23,btc,47.9824688493203,2478411.5541,0.000000002,btc,10210947.7518,0.0059926537441,0.0442228867221,224
0,[],22,[],2019-02-24 16:14:26,0.0,0,0,6774858,2019-02-24 16:14:26,,0.0,0.0,0,,0.0,0.0,0.0,224
1,[],26,[],2019-02-24 16:14:27,0.0,0.00000035,0.000000000013123110000000001,6774859,2019-02-24 16:14:27,btc,0.0,0.0,0.00000035,btc,0.0,0.0,0.0,231
1,[],26,[],2019-02-24 16:14:27,0.0,0.00000006,0.000000000002249676,6774860,2019-02-24 16:14:27,btc,0.0,0.0,0.00000006,btc,0.0,0.0,0.0,234
0.00000000036906550000000006,[],27,[],2019-02-24 16:14:29,2000.0,3.690655e-18,1.38379632963e-22,6774861,2019-02-24 16:14:29,eth,0.0113483662182,0.0,0.00000001,"btc,eth",11462.99618,0.0,7.38131e-15,234
1,[],4,[],2019-02-24 16:14:30,1062019.83506105,0.00000079,0.000000000029620734,6774862,2019-02-24 16:14:30,btc,4.442350121894593,0.0,0.00000079,btc,1050113.85779235,0.02414314,0.4145384948271936,236
1,[],24,[],2019-02-24 16:14:30,0.0,0.000000300000,0.00000000001124838,6774863,2019-02-24 16:14:30,btc,0.0,0.0,0.000000300000,btc,0.0,0.0,0.0,236
1,[],20,[],2019-02-24 16:14:32,67648006.4173,0.000000059,0.0000000000022121814,6774864,2019-02-24 16:14:32,btc,10.0893640736603,27096436.7528,0.000000059,btc,45264178.8558,1.6199750992009,0.2461624095798,237
0.0000000001167051,[],22,[],2019-02-24 16:14:36,14400.0,1.1670510000000001e-17,4.375811042460001e-22,6774865,2019-02-24 16:14:36,LTC,0.0405823,0.0,0.0000001,LTC,3164.0,0.0,0.00144,237
1,[],4,[],2019-02-24 16:14:36,6736759.87309254,0.00000032,0.000000000011998272,6774866,2019-02-24 16:14:36,btc,5.977263676119179,0.0,0.00000032,btc,9342914.63098067,0.40694362,1.4136663056529235,238
1,[],5,[],2019-02-24 16:14:37,0.0,0,0,6774867,2019-02-24 16:14:37,btc,0.0,0.00793017,0,btc,0.0,0.0,0.0,238
0,[],22,[],2019-02-24 16:14:41,0.0,0,0,6774868,2019-02-24 16:14:41,,0.41356282,0.0,0,,316008.5639027493,0.0,0.0,249
0.0000000001167051,[],22,[],2019-02-24 16:14:51,7121097.666666667,3.501153e-18,1.312743312738e-22,6774869,2019-02-24 16:14:51,LTC,0.52696618,0.0,0.00000003,LTC,14400138.09,4.660874919720001e-13,0.21263595,252
1,[],28,[],2019-02-24 16:14:57,3394214.698,0.00000017,0.0000000000063740820000000006,6774870,2019-02-24 16:14:57,btc,164693.64011531477,254834.596,0.00000017,btc,742151.53020392,0.0,0.1889361775,256
1,[],22,[],2019-02-24 16:15:00,2423447.6666666665,0.00000003,0.000000000001124838,6774871,2019-02-24 16:15:00,BTC,31.42327216,0.0,0.00000003,BTC,516927.80769145646,0.0003,0.05155815,258
1,[],22,[],2019-02-23 13:24:56,48751.0,0.00000001,0.000000000000395946,6766668,2019-02-23 13:24:56,BTC,2.4175745,0.0,0.00000001,BTC,1762.0,0.0,0.00048751,259
1,[],5,[],2019-02-24 16:15:02,0.0,0,0,6774872,2019-02-24 16:15:02,btc,0.0,0.15476127,0,btc,0.0,0.0,0.0,264
1,[],20,[],2019-02-24 16:15:03,1220986.2048,0.000001622,0.0000000000608162412,6774873,2019-02-24 16:15:03,btc,7.3526017235708,80803.1338,0.000001622,btc,96184.4096,0.2417884879314,0.0208435094178,264
1,[],22,[],2019-02-24 16:15:07,18164.0,0.00000001,0.000000000000374946,6774874,2019-02-24 16:15:07,BTC,8.44955368,0.0,0.00000001,BTC,428471.6907878143,7.5e-05,0.00018164,271
0,[],22,[],2019-02-24 16:15:10,0.0,0,0,6774875,2019-02-24 16:15:10,,259.46651233,0.0,0,,14409338437.9,0.0,0.0,272
0,[],28,[],2019-02-24 16:15:15,0.0,0,0,6774876,2019-02-24 16:15:15,,0.0,0.0,0,,0.0,0.0,0.0,272
1,[],22,[],2019-02-24 16:15:19,114062.74,0.00000258,0.000000000096736068,6774877,2019-02-24 16:15:19,BTC,74.41094618,0.0,0.00000258,"BTC,LTC",11370.487639773188,0.0,0.04326404,281
1,[],22,[],2019-02-24 16:15:24,96393.0,0.00000001,0.000000000000374946,6774878,2019-02-24 16:15:24,BTC,1.33241639,0.0,0.00000001,BTC,166490.49887885063,0.0,0.00096393,286
0,[],22,[],2019-02-22 20:00:43,0.0,0,0,6761229,2019-02-22 20:00:43,,43634.52003953,0.0,0,,419068796.0,0.0,0.0,294
