pairValue,buyBook,exchangeId,sellBook,updated,buyTotal,satoshiPrice,usdPrice,exchangeLogId,created,bestPair,sellTotalBtc,volume,pairPrice,activePairs,sellTotal,volumeBtc,buyTotalBtc,coinId
1,[],3,[],2019-08-20 17:47:16,967.021323419271,0.00808807999999999922835502985662969877012073993682861328125,0.0000008682327413759999,7916302,2019-08-20 17:47:16,btc,9.383912474702424,8.65465348269,0.00808807999999999922835502985662969877012073993682861328125,btc,40.821639368365,0.0,0.3151333941705603,1
1,[],4,[],2019-08-20 17:47:18,25022.92679138,0.00808006,0.000000867371816832,7916303,2019-08-20 17:47:18,btc,12.052981290366223,0.0,0.00808006,btc,492.26643082,1.74695428,0.929645268225539,1
1,[],12,[],2019-08-20 17:47:23,124.22367617,0.0080099999999999997590816036563410307280719280242919921875,0.000000859851072,7916304,2019-08-20 17:47:23,btc,0.2720802545228,0.0,0.0080099999999999997590816036563410307280719280242919921875,btc,25.38958395,0.842682319414,0.23754740305730002,1
1,[],20,[],2019-08-20 17:47:25,933.2404,0.007483198,0.0000008033003523455999,7916305,2019-08-20 17:47:25,btc,0.2379256958034,2.3223,0.007483198,btc,20.4629,0.0185593944313,0.1351886377396,1
1,[],21,[],2019-08-20 17:47:27,2422.3771561,0.008035040000000000237623254407,0.000000862539045888,7916306,2019-08-20 17:47:27,btc,11.361269309765275,1867.0655492100002,0.008035040000000000237623254406571504659950733184814453125,"btc,eth",2031.42742886,14.229303009916931,16.414377609956905,1
1,[],22,[],2019-08-20 17:47:31,0.5198816666666667,0.00600000,0.0000006440831999999999,7916307,2019-08-20 17:47:31,BTC,0.01700334,0.0,0.00600000,BTC,0.283670650841137,0.0,0.00302178,1
1,[],24,[],2019-08-20 17:47:32,0.0,0.000000000000,0,7916308,2019-08-20 17:47:32,btc,0.0,0.0,0.000000000000,btc,0.0,0.0,0.0,1
0.0,[],25,[],2019-08-20 17:47:33,0.0,0,0,7916309,2019-08-20 17:47:33,btc,25.997099999202,9639.65831397,0.0,btc,3107.73687897,79.05,0.0,1
1,[],26,[],2019-08-20 17:47:37,0.0,0,0,7916310,2019-08-20 17:47:37,,0.0,0.0,0,,0.0,0.0,0.0,1
1,[],28,[],2019-08-20 17:48:58,1040.4,0.008020000000,0.000000860924544,7916311,2019-08-20 17:48:58,btc,0.38023024096,2594.0,0.008020000000,btc,23.7255,0.0,0.274306096,1
1,[],10,[],2019-07-13 08:58:05,251434.9725798,0.00271069,0.00000031407274150500003,7812232,2019-07-13 08:58:05,btc,6515.317158446701,1686.04548878,0.00271069,btc,2002.66956917,0.0,1.2639712180673435,1
1,[],5,[],2019-07-06 00:27:44,0.0,0,0,7800775,2019-07-06 00:27:44,btc,0.0,0.00190933,0,btc,0.0,0.0,0.0,1
0,[],2,[],2019-01-20 23:28:45,0.0,0,0,6477011,2019-01-20 23:28:45,,0.0,0.0,0,,0.0,0.0,0.0,1
0,[],22,[],2019-08-20 17:49:02,0.0,0,0,7916312,2019-08-20 17:49:02,,0.0,0.0,0,,0.0,0.0,0.0,2
1,[],5,[],2019-07-06 00:28:14,0.0,0,0,7800785,2019-07-06 00:28:14,btc,0.0,0.00208797,0,btc,0.0,0.0,0.0,2
1,[],12,[],2019-08-20 17:49:03,6162256.38745997,0.000000059,0.000000000006333484799999999,7916313,2019-08-20 17:49:03,btc,43032.80885762449,0.0,0.000000059,btc,9428347.86044497,0.013500102341,0.2570565587693083,3
0,[],28,[],2019-08-20 17:49:05,0.0,0,0,7916314,2019-08-20 17:49:05,,0.0,0.0,0,,0.0,0.0,0.0,3
1,[],5,[],2019-06-03 14:48:58,0.0,0,0,7731126,2019-06-03 14:48:58,btc,0.0,0.05905545,0,btc,0.0,0.0,0.0,3
0,[],2,[],2019-01-20 23:31:32,0.0,0,0,6477077,2019-01-20 23:31:32,,0.0,0.0,0,,0.0,0.0,0.0,4
1,[],4,[],2019-08-19 07:13:39,5576051.9095195,0.00000012,0.000000000012681852,7911861,2019-08-19 07:13:39,btc,25.86361324985451,0.0,0.00000012,btc,1094878.27526979,0.00024951,0.0793524101309535,4
0,[],2,[],2019-01-20 23:31:51,0.0,0,0,6477087,2019-01-20 23:31:51,,0.0,0.0,0,,0.0,0.0,0.0,6
1,[],11,[],2019-08-15 15:27:29,324074.0,0.00000001,0.0000000000010065590000000001,7900084,2019-08-15 15:27:29,btc,9583.47119397936,4910218.0,0.00000001,btc,78345418.50750598,0.0,0.00324074,6
1,[],3,[],2019-08-20 17:49:08,11397.596315433402,0.000069099999999999999096556013711278865230269730091094970703125,0.00000000741769152,7916315,2019-08-20 17:49:08,btc,1026.3028341814083,0.0,0.000069099999999999999096556013711278865230269730091094970703125,btc,439.414759279976,0.0,0.018799408300835,7
1,[],4,[],2019-08-20 17:49:08,47469.16033574,0.00008007,0.000000008595290303999999,7916316,2019-08-20 17:49:08,btc,12.607596949673244,0.0,0.00008007,btc,76927.19172174,1.29579653,2.0852048658816207,7
1,[],5,[],2019-07-06 00:28:21,0.0,0,0,7800789,2019-07-06 00:28:21,btc,0.0,0.38662001,0,btc,0.0,0.0,0.0,7
1,[],4,[],2019-08-20 17:49:11,23061660.0872647,0.00000021,0.000000000022542911999999998,7916317,2019-08-20 17:49:11,btc,5.880245893790862,0.0,0.00000021,btc,11271368.79468687,0.17772118,1.5419520781925706,12
0.0,[],25,[],2019-08-20 17:49:13,0.0,0,0,7916318,2019-08-20 17:49:13,,0.0,0.0,0.0,btc,0.0,0.0,0.0,12
1,[],5,[],2019-07-05 17:50:59,0.0,0,0,7799863,2019-07-05 17:50:59,btc,0.0,0.04857279,0,btc,0.0,0.0,0.0,12
0,[],2,[],2019-01-20 23:23:08,0.0,0,0,6476890,2019-01-20 23:23:08,,0.0,0.0,0,,0.0,0.0,0.0,12
1,[],4,[],2019-08-20 17:49:13,824137.35435605,0.00000129,0.000000000138477888,7916319,2019-08-20 17:49:13,btc,3.432365438632962,0.0,0.00000129,btc,894903.28463168,0.04517477,0.3404655221261284,13
1,[],21,[],2019-08-20 17:49:17,4048684.1975812,0.000001300000000000000047051663780,0.00000000013955136,7916320,2019-08-20 17:49:17,btc,4.079276055816126,755587.92799022,0.000001300000000000000047051663780439678674838432925753295421600341796875,btc,2092259.73329221,0.99325488,1.5731715736392746,13
1,[],10,[],2019-08-20 16:50:03,789911.67379479,0.00000125,0.00000000013408175000000003,7916207,2019-08-20 16:50:03,btc,666797.3189098184,15477.2782589,0.00000125,btc,1006872.03169482,0.0,0.0904751989873418,13
1,[],4,[],2019-08-20 17:49:17,1491053.32215533,0.00000079,0.000000000084804288,7916321,2019-08-20 17:49:17,btc,2.6367164677767447,0.0,0.00000079,btc,850058.64396755,0.0218395,0.2549040240273229,14
1,[],12,[],2019-08-20 17:49:18,214511.05548629,0.00000076,0.000000000081583872,7916322,2019-08-20 17:49:18,btc,181.98330047713117,0.0,0.00000076,btc,31520.5760854,0.000154981287,0.0186360178434322,14
0,[],17,[],2019-08-20 17:49:19,0.0,0,0,7916323,2019-08-20 17:49:19,btc,0.0,0.0,0,btc,0.0,0.0,0.0,14
1,[],26,[],2019-08-20 17:49:20,0.0,0,0,7916324,2019-08-20 17:49:20,,0.0,0.0,0,,0.0,0.0,0.0,14
0,[],4,[],2019-08-20 17:49:21,0.0,0,0,7916325,2019-08-20 17:49:21,,0.0,0.0,0,,0.0,0.0,0.0,15
,[],12,[],2018-12-01 15:15:48,204241.84496,0.00000489,0.000000000202473384,5260204,2018-12-01 15:15:48,btc,49.5475654835,0.0,,btc,35763.2193806,0.0163153972027625,0.0203389899998,15
1,[],4,[],2019-08-20 17:49:22,35360.25487665,0.00000710,0.0000000007621651199999999,7916326,2019-08-20 17:49:22,btc,2.4248192753854783,0.0,0.00000710,btc,22449.41352179,0.02922475,0.05054705264294,18
1,[],10,[],2019-08-20 17:49:24,393555.07572325,0.00000705,0.00000000075679776,7916327,2019-08-20 17:49:24,btc,15.271737626649571,10597.3517559,0.00000705,btc,27092.46072934,0.0,0.2701435302631378,18
1,[],12,[],2019-08-20 17:49:25,4587.19816531,0.000007220000000000000329731901504981550488082575611770153045654296875,0.000000000775046784,7916328,2019-08-20 17:49:25,btc,0.5657642127046542,0.0,0.000007220000000000000329731901504981550488082575611770153045654296875,btc,1901.90897517,0.000196679183,0.0105659796697801,18
0,[],17,[],2019-08-20 17:49:26,0.0,0,0,7916329,2019-08-20 17:49:26,btc,0.0,0.0,0,btc,0.0,0.0,0.0,18
0,[],2,[],2019-01-20 23:23:38,0.0,0,0,6476906,2019-01-20 23:23:38,,0.0,0.0,0,,0.0,0.0,0.0,18
1,[],3,[],2019-08-20 17:49:27,214065.81140844792,0.0000052199999999999999967192042260588635826934478245675563812255859375,0.000000000560352384,7916330,2019-08-20 17:49:27,btc,190.58368295456228,120.014025226,0.0000052199999999999999967192042260588635826934478245675563812255859375,btc,51761.77945541187,0.0,0.3555805570996875,19
1,[],4,[],2019-08-20 17:49:27,566369.87384263,0.00000576,0.000000000618319872,7916331,2019-08-20 17:49:27,btc,3.055661943835019,0.0,0.00000576,btc,265410.22290565,0.0650525,1.546954631628548,19
1,[],12,[],2019-08-20 17:49:28,136918.87747953,0.0000055400000000000003210517789120626019894189084880053997039794921875,0.000000000594703488,7916332,2019-08-20 17:49:28,btc,1.036431541358654,0.0,0.0000055400000000000003210517789120626019894189084880053997039794921875,btc,3218.84923959,0.002192014112,0.0225169199998947,19
0,[],27,[],2019-08-12 16:48:42,0.0,0,0,7891818,2019-08-12 16:48:42,,0.0,0.0,0,btc,0.0,0.0,0.0,19
0,[],2,[],2019-01-20 23:24:19,0.0,0,0,6476924,2019-01-20 23:24:19,,0.0,0.0,0,,0.0,0.0,0.0,19
1,[],5,[],2019-07-06 02:01:19,0.0,0,0,7800799,2019-07-06 02:01:19,btc,0.0,0.0,0,btc,0.0,0.0,0.0,19
1,[],4,[],2019-08-19 09:56:57,10479102.32813501,0.00000006,0.00000000000640596,7912317,2019-08-19 09:56:57,btc,4.984292824562718,0.0,0.00000006,btc,2305413.8842246,0.0,0.1263090499480169,20
0,[],4,[],2019-08-20 17:49:29,0.0,0,0,7916333,2019-08-20 17:49:29,,58258.5514661964,0.0,0,,171920072.01614377,0.0008485,0.0,21
0,[],12,[],2019-08-20 17:49:31,0.0,0,0,7916334,2019-08-20 17:49:31,btc,2617.972011980909,0.0,0,btc,8222474.88911087,8.991e-08,0.0,21
0,[],17,[],2019-08-20 17:49:32,0.0,0,0,7916335,2019-08-20 17:49:32,btc,0.0,0.0,0,btc,0.0,0.0,0.0,21
1,[],12,[],2019-08-20 17:49:33,6030775195.4122505,0.000000002,0.0000000000002146944,7916336,2019-08-20 17:49:33,btc,167285793111.4478,0.0,0.000000002,btc,1785253890.3866358,1.051153286503,5.200993304113732,23
0.0000000002204393,[],27,[],2019-07-29 17:24:02,79794022.5,8.5971327e-17,8.21370058158e-21,7852364,2019-07-29 17:24:02,eth,1253.5830452782222,787155.0,0.00000039,eth,2317982.66147653,6.7672759904685e-11,2.1948587434632156e-09,23
1,[],4,[],2019-08-20 17:49:34,6283151.71693854,0.00000048,0.000000000051526656,7916337,2019-08-20 17:49:34,btc,5.1503334932155544,0.0,0.00000048,btc,1750468.46759724,0.03237902,0.2549546477693502,24
0,[],22,[],2019-08-20 17:49:36,0.0,0,0,7916338,2019-08-20 17:49:36,,0.0,0.0,0,,0.0,0.0,0.0,24
0.0,[],25,[],2019-08-20 17:49:40,0.0,0,0,7916339,2019-08-20 17:49:40,,0.0,0.0,0.0,btc,0.0,0.0,0.0,24
1,[],4,[],2019-08-20 17:49:41,26957370.44790677,0.00000345,0.00000000037034783999999996,7916340,2019-08-20 17:49:41,btc,3.6799949850228364,0.0,0.00000345,btc,204437.47272515,0.08684793,0.4401092341960912,26
1,[],10,[],2019-08-20 17:49:43,221833.2943673,0.00000385,0.00000000041328672000000005,7916341,2019-08-20 17:49:43,btc,25.709825235350554,6236.18057217,0.00000385,btc,18672.5174904,0.0,0.0361282099707994,26
0,[],2,[],2019-01-20 23:25:56,0.0,0,0,6476976,2019-01-20 23:25:56,,0.0,0.0,0,,0.0,0.0,0.0,26
0.00000000006965400000000001,[],4,[],2019-08-20 17:49:44,817581373.6295223,4.945434e-17,5.308784926848e-21,7916342,2019-08-20 17:49:44,ltc,11.933701945353313,0.0,0.00000071,ltc,981880911.0239207,0.00073035,6.933809478927682e-09,29
1,[],7,[],2019-08-20 17:49:45,0.0,0,0,7916343,2019-08-20 17:49:45,btc,1236881.734218782,0.0,0,btc,60485285.76535035,0.0,0.0,29
1,[],4,[],2019-08-20 17:49:46,15036556.83756628,0.00000007,0.000000000007514304,7916344,2019-08-20 17:49:46,btc,2.6080203473237753,0.0,0.00000007,btc,2006655.85044338,0.0,0.1720253123988888,30
0,[],17,[],2019-08-20 17:49:46,0.0,0,0,7916345,2019-08-20 17:49:46,btc,0.0,0.0,0,btc,0.0,0.0,0.0,30
1,[],4,[],2019-08-20 17:49:47,211689.91990638,0.00002746,0.000000002947754112,7916346,2019-08-20 17:49:47,btc,2.317161072259109,0.0,0.00002746,btc,50793.48773343,0.24505143,0.4570200677146539,31
1,[],21,[],2019-08-20 17:49:49,6267144.89777866,0.00002814000000000000162769971113,0.000000003020750208,7916347,2019-08-20 17:49:49,btc,4.984680472352975,17295.61285357,0.00002814000000000000162769971112641798072218080051243305206298828125,btc,140219.02808426,0.49175645,4.753137508130329,31
0,[],2,[],2019-01-20 23:28:43,0.0,0,0,6477009,2019-01-20 23:28:43,,0.0,0.0,0,,0.0,0.0,0.0,32
0,[],4,[],2019-08-20 17:49:50,0.0,0,0,7916348,2019-08-20 17:49:50,,0.0,0.0,0,,0.0,0.0,0.0,33
1,[],12,[],2019-03-30 07:55:10,40641173.964,0.00000003,0.000000000001228359,7108785,2019-03-30 07:55:10,btc,4233210.82356125,0.0,0.00000003,btc,28378394.68333462,0.0126927883965248,0.90752895892,33
0.00000000006965400000000001,[],4,[],2019-08-20 17:49:52,34714672.90933994,2.925468e-17,3.140407984896e-21,7916349,2019-08-20 17:49:52,ltc,6.025786673352167,0.0,0.00000042,ltc,162472669.74198034,0.001098,3.42265488748446e-10,34
1,[],5,[],2019-07-06 02:03:46,0.0,0,0,7800811,2019-07-06 02:03:46,btc,0.0,0.0,0,btc,0.0,0.0,0.0,34
1,[],27,[],2019-08-12 16:26:17,6255.0,0.00000019,0.000000000021630303,7891745,2019-08-12 16:26:17,btc,22.61101824371233,0.0,0.00000019,btc,4198.924835,0.0,0.00091445,37
1,[],4,[],2019-08-20 17:49:54,10603051.56655796,0.00000015,0.00000000001610208,7916350,2019-08-20 17:49:54,btc,19774.670494590147,0.0,0.00000015,btc,2306153.16691842,0.00157854,0.1431142318162841,37
1,[],12,[],2019-08-20 17:49:55,8355529.142051,0.00000016,0.000000000017175552,7916351,2019-08-20 17:49:55,btc,1729.311603131222,0.0,0.00000016,btc,2024600.7576661601,0.013625207817,0.2830471362726854,37
1,[],17,[],2019-08-20 17:49:56,210000.45146899,0.00000025,0.0000000000268368,7916352,2019-08-20 17:49:56,btc,0.003138923777095,0.0,0.00000025,"btc,eth",803.94918473,0.0,0.0001001128676130936,37
0,[],27,[],2019-08-12 16:26:27,0.0,0,0,7891747,2019-08-12 16:26:27,,0.001005,0.0,0,"btc,eth",3.0,0.0,0.0,42
1,[],12,[],2019-08-20 17:49:58,207954.63030444,0.000001030000000000000091033409109486651544784763245843350887298583984375,0.000000000110567616,7916353,2019-08-20 17:49:58,btc,522.2367694336966,0.0,0.000001030000000000000091033409109486651544784763245843350887298583984375,btc,151279.70163633,0.026041178862,0.0499359467336486,42
1,[],5,[],2019-07-06 02:03:47,0.0,0,0,7800812,2019-07-06 02:03:47,btc,0.0,0.14382058,0,btc,0.0,0.0,0.0,42
1,[],12,[],2019-03-13 09:13:29,1112112.0,0.00000001,0.000000000000386531,6919902,2019-03-13 09:13:29,btc,29058.00478931866,0.0,0.00000001,btc,5967681.93306694,9.99000999e-07,0.01112112,43
1,[],5,[],2019-04-26 22:38:52,0.0,0,0,7474154,2019-04-26 22:38:52,btc,0.0,0.02638891,0,btc,0.0,0.0,0.0,43
0,[],17,[],2019-04-26 22:38:53,0.0,0,0,7474155,2019-04-26 22:38:53,btc,0.0,0.0,0,btc,0.0,0.0,0.0,43
0.00000000006965400000000001,[],4,[],2019-08-20 17:49:58,107129808.55851366,5.3633580000000005e-17,5.757414638976e-21,7916354,2019-08-20 17:49:58,ltc,3637.18983708621,0.0,0.00000077,ltc,24967419.02998204,0.0,3.738534574020442e-10,49
0.00000000006965400000000001,[],4,[],2019-08-20 17:49:59,313227141.9851324,1.532388e-17,1.644975611136e-21,7916355,2019-08-20 17:49:59,ltc,31170.46115620395,0.0,0.00000022,ltc,231922695.1821211,0.0006986,5.382363955810103e-10,52
0,[],27,[],2019-08-12 16:26:37,0.0,0,0,7891750,2019-08-12 16:26:37,,0.0,0.0,0,"btc,eth",0.0,0.0,0.0,57
0,[],22,[],2019-08-20 17:50:02,0.0,0,0,7916356,2019-08-20 17:50:02,,10290.02779686,0.0,0,,282696231.3316013,0.0,0.0,57
0.00000000006965400000000001,[],4,[],2019-08-20 17:50:03,1043928416.7552229,6.9654e-19,7.4771618688e-23,7916357,2019-08-20 17:50:03,ltc,19.78685376430151,0.0,0.00000001,ltc,5496649853.274327,0.0006986,7.27137899406683e-10,58
1,[],12,[],2019-08-20 17:50:03,1346427245.2145119,0.0000000001,0.00000000000001073472,7916358,2019-08-20 17:50:03,btc,52870450.5670549,0.0,0.0000000001,btc,4360228166.885151,0.0004168204,0.13464272452145118,58
1,[],17,[],2019-08-20 17:50:04,1200000.0,0.0000000001,0.00000000000001073472,7916359,2019-08-20 17:50:04,btc,1e+24,0.0,0.0000000001,"btc,eth",39506342.31952568,0.0,0.0001000000003655936,58
0.00000000008042250000000001,[],22,[],2019-08-20 17:50:08,126877.0,8.0422500000000005e-19,8.633130192e-23,7916360,2019-08-20 17:50:08,XMR,68.17454206,0.0,0.00000001,XMR,9626402.6,0.0,0.00126877,58
0,[],22,[],2019-08-20 17:50:11,0.0,0,0,7916361,2019-08-20 17:50:11,,1000.95212109,0.0,0,,9656.689066014545,0.0,0.0,61
1,[],26,[],2019-08-20 17:50:11,0.0,0,0,7916362,2019-08-20 17:50:11,,0.0,0.0,0,,0.0,0.0,0.0,61
1,[],28,[],2019-08-20 17:50:41,40000.0,0.00000004,0.000000000004293888,7916363,2019-08-20 17:50:41,btc,0.242343945415105,398.0,0.00000004,btc,8016.46650005,0.0,0.001,61
0,[],27,[],2019-07-29 19:34:56,0.0,0,0,7852673,2019-07-29 19:34:56,,1.97314195,0.0,0,"btc,eth",10936.9,0.0,0.0,61
1,[],5,[],2019-06-17 14:31:27,0.0,0,0,7740135,2019-06-17 14:31:27,btc,0.0,0.00079154,0,btc,0.0,0.0,0.0,61
1,[],4,[],2019-08-20 17:50:42,1829853.45310021,0.00000081,0.000000000086951232,7916364,2019-08-20 17:50:42,btc,2.806563876775759,0.0,0.00000081,btc,1165003.50414636,0.05975099,0.8529612404525844,67
0.0,[],25,[],2019-08-20 17:50:47,0.0,0,0,7916365,2019-08-20 17:50:47,,0.0,0.0,0.0,btc,0.0,0.0,0.0,67
1,[],12,[],2019-06-02 06:23:14,910048.355,0.00000006,0.000000000005154929999999999,7725270,2019-06-02 06:23:14,btc,5.167005424215783,0.0,0.00000006,btc,738530.60239759,0.003159757462,0.0187188113,71
,[],5,[],2018-11-20 23:02:39,1.5e-07,0.00000005,0.000000000002128045,4862160,2018-11-20 23:02:39,btc,2.84511358,0.0,,btc,0.00036572,0.0,0.07381892,74
1,[],5,[],2019-07-06 00:15:01,0.0,0,0,7800749,2019-07-06 00:15:01,btc,0.0,0.01883861,0,btc,0.0,0.0,0.0,75
1,[],4,[],2019-08-20 17:50:49,173792.11081559,0.00006806,0.0000000073060504319999995,7916366,2019-08-20 17:50:49,btc,55.89913811180178,0.0,0.00006806,btc,114309.9931325,0.12661548,0.5163082272970826,82
1,[],21,[],2019-08-20 17:50:50,839562.97240786,0.00006810999999999999671672357149,0.000000007311417792,7916367,2019-08-20 17:50:50,btc,5.17433936407978,4537.48064794,0.00006810999999999999671672357148821674854843877255916595458984375,btc,57671.9678054,0.30255868,2.053039159350257,82
0,[],4,[],2019-07-23 20:51:52,0.0,0,0,7830376,2019-07-23 20:51:52,,1.6413985531662756,0.0,0,,620289065.5915176,0.0,0.0,85
,[],22,[],2018-11-20 23:09:34,3408.1,0.0000001,0.0000000000041895,4862324,2018-11-20 23:09:34,BTC,0.04624735,0.0,,BTC,4990.0,0.0,0.00033081,86
1,[],22,[],2019-08-20 17:50:54,185880.0,0.00000002,0.000000000002146944,7916368,2019-08-20 17:50:54,BTC,1.8206834,0.0,0.00000002,BTC,772828.347368421,0.0,0.00186702,87
1,[],27,[],2019-08-06 12:06:36,100155.0,0.00000003,0.000000000003516594,7875448,2019-08-06 12:06:36,btc,7.177196150774,345.0,0.00000003,btc,287406.89336,1.035e-05,0.00300465,87
,[],2,[],2018-11-20 23:10:47,0.0,0,0,4862359,2018-11-20 23:10:47,,0.0,0.0,,,0.0,0.0,0.0,88
0,[],2,[],2019-01-20 23:31:45,0.0,0,0,6477083,2019-01-20 23:31:45,,0.0,0.0,0,,0.0,0.0,0.0,91
1,[],12,[],2019-08-18 10:55:44,419851.68331154,0.00000027,0.000000000028020951,7908996,2019-08-18 10:55:44,btc,588.7976244039248,0.0,0.00000027,btc,318463.10627071,0.00026051744,0.019332684199998798,91
1,[],22,[],2019-08-18 10:57:48,54200.0,0.00000003,0.000000000003113439,7908997,2019-08-18 10:57:48,BTC,1.05335,0.0,0.00000003,"BTC,LTC",1839.95,0.0,0.002326,91
0,[],17,[],2019-05-03 01:12:26,0.0,0,0,7559096,2019-05-03 01:12:26,btc,0.0,0.0,0,btc,0.0,0.0,0.0,91
0.00000000006965400000000001,[],4,[],2019-08-20 17:50:55,568133893.2826959,9.751560000000001e-18,1.046802661632e-21,7916369,2019-08-20 17:50:55,ltc,11.472990413398742,0.0,0.00000014,ltc,205143634.49579614,0.000499,6.688761031754649e-10,96
0,[],12,[],2019-08-20 17:50:57,0.0,0,0,7916370,2019-08-20 17:50:57,btc,108.8725195656943,0.0,0,btc,11657485.56943056,0.0,0.0,96
0,[],17,[],2019-08-20 17:50:57,0.0,0,0,7916371,2019-08-20 17:50:57,btc,0.0,0.0,0,btc,0.0,0.0,0.0,96
1,[],4,[],2019-08-20 17:50:59,123837.64007306,0.00001326,0.000000001423423872,7916372,2019-08-20 17:50:59,btc,7.8295916015900415,0.0,0.00001326,btc,194194.94344307,0.18218491,0.4009754077154316,100
0,[],2,[],2019-01-20 23:23:55,0.0,0,0,6476914,2019-01-20 23:23:55,,0.0,0.0,0,,0.0,0.0,0.0,100
1,[],22,[],2019-08-20 17:51:02,146000.0,0.00000002,0.000000000002146944,7916373,2019-08-20 17:51:02,BTC,26.50623849,0.0,0.00000002,BTC,10383.92,0.0,0.00162,101
1,[],27,[],2019-08-12 16:30:59,2050161.9,0.00000005,0.0000000000056921850000000005,7891762,2019-08-12 16:30:59,btc,261.32824567561846,0.0,0.00000005,btc,285690.80442935,0.0,0.060251537,105
1,[],12,[],2019-08-20 17:51:03,38494880.0,0.000000003,0.00000000000032204159999999997,7916374,2019-08-20 17:51:03,btc,342410.7606918118,0.0,0.000000003,btc,114180412.17604215,0.001011026258,0.058638720000000005,105
1,[],27,[],2019-08-12 16:31:06,1.0,0.00000001,0.000000000001138437,7891764,2019-08-12 16:31:06,btc,0.0,0.0,0.00000001,"btc,eth",0.0,0.0,1e-08,112
0,[],22,[],2019-08-20 17:51:06,0.0,0,0,7916375,2019-08-20 17:51:06,,6.79500102,0.0,0,,3375892.0833333335,0.0,0.0,112
1,[],5,[],2019-07-06 00:19:31,0.0,0,0,7800761,2019-07-06 00:19:31,btc,0.0,0.0,0,btc,0.0,0.0,0.0,112
1,[],4,[],2019-08-20 17:51:09,581736.62035591,0.00000099,0.00000000010627372799999999,7916376,2019-08-20 17:51:09,btc,6.14267380053766,0.0,0.00000099,btc,940228.60877695,0.10826049,0.2548834976747947,113
1,[],5,[],2019-07-06 00:19:43,0.0,0,0,7800765,2019-07-06 00:19:43,btc,0.0,0.0,0,btc,0.0,0.0,0.0,113
1,[],17,[],2019-08-20 17:51:11,210000.0,0.00000001,0.000000000001073472,7916377,2019-08-20 17:51:11,btc,1.3333541043611972,0.0,0.00000001,btc,53396.73574154,0.0,0.0021,116
1,[],27,[],2019-08-02 18:48:59,95525.16595526,0.00000001,0.000000000001045936,7866367,2019-08-02 18:48:59,btc,3918.96487209,0.0,0.00000001,btc,88497.69,0.0,0.0009552516595526,116
1,[],4,[],2019-08-20 17:51:13,19458356.67987837,0.00000083,0.000000000089098176,7916378,2019-08-20 17:51:13,btc,124.51628913201301,0.0,0.00000083,btc,1322878.50937532,0.02385553,1.8572980908436638,120
1,[],7,[],2019-08-20 17:51:14,3475.13693026,0.0000073100000000000003150713197286325595314337988384068012237548828125,0.000000000784708032,7916379,2019-08-20 17:51:14,btc,115616.30055735899,236.84845959,0.0000073100000000000003150713197286325595314337988384068012237548828125,btc,3150.27387341,0.00199363,0.0086098166341943,120
1,[],4,[],2019-08-20 17:51:15,938168.34661002,0.00000275,0.0000000002952048,7916380,2019-08-20 17:51:15,btc,2.4528227569577505,0.0,0.00000275,btc,314588.89669488,0.08363009,0.1869754887967654,131
1,[],17,[],2019-08-20 17:51:17,10000.0,0.00000001,0.000000000001073472,7916381,2019-08-20 17:51:17,btc,0.0953976503951408,0.0,0.00000001,btc,5037.62507334,0.0,0.0001,131
0,[],2,[],2019-01-20 23:25:46,0.0,0,0,6476969,2019-01-20 23:25:46,,0.0,0.0,0,,0.0,0.0,0.0,131
1,[],4,[],2019-08-20 14:43:19,8549.6097675,0.00005121,0.0000000054409242329999995,7915998,2019-08-20 14:43:19,btc,0.2921428325204394,0.0,0.00005121,btc,235.83446249,0.0,0.0027602632940558,135
1,[],3,[],2019-07-13 16:51:20,187.26592867,0.00000001,0.000000000001140965,7813490,2019-07-13 16:51:20,btc,419.77407087449336,1935513.62324,0.00000001,btc,3179086.72005867,0.0,1.8726592866999999e-06,136
1,[],4,[],2019-08-20 17:51:18,803617.41304683,0.00000410,0.00000000044012352,7916382,2019-08-20 17:51:18,btc,23.76809366283165,0.0,0.00000410,btc,523451.55849167,0.24807442,1.8891711211562976,137
1,[],12,[],2019-08-20 17:51:19,140847.74531256,0.00000376999999999999990351576446834247491324276779778301715850830078125,0.00000000040469894399999997,7916383,2019-08-20 17:51:19,btc,39.95327628658931,0.0,0.00000376999999999999990351576446834247491324276779778301715850830078125,btc,56859.94029573,0.004545727878,0.0220497324408368,137
1,[],4,[],2019-08-20 17:51:20,1334062.99850227,0.00003500,0.000000003757152,7916384,2019-08-20 17:51:20,btc,5.705335517727657,0.0,0.00003500,btc,101500.28588934,0.96748512,1.6344070249328406,142
1,[],17,[],2019-08-20 17:51:22,32967.38636364,0.00000088,0.000000000094465536,7916385,2019-08-20 17:51:22,btc,20.069762065587547,0.0,0.00000088,btc,2746.079105,0.0,0.0105613000000032,142
1,[],20,[],2019-08-20 17:51:24,110189.6479,0.000034,0.0000000036498048,7916386,2019-08-20 17:51:24,btc,1.2830414989582,0.0,0.000034,btc,3216.0956,0.0,0.0164767451537,142
1,[],22,[],2019-08-20 17:51:27,10619.88,0.00000200,0.0000000002146944,7916387,2019-08-20 17:51:27,BTC,1.55898515,0.0,0.00000200,BTC,835.8398331062671,0.0,0.00416696,142
0.0,[],25,[],2019-08-20 17:51:29,0.0,0,0,7916388,2019-08-20 17:51:29,,0.0,0.0,0.0,btc,0.0,0.0,0.0,142
1,[],28,[],2019-08-20 17:51:31,10093636.0,0.000035010000,0.0000000037582254719999995,7916389,2019-08-20 17:51:31,btc,0.51474502,2315.0,0.000035010000,btc,2808.485,0.0,1.39650526,142
1,[],5,[],2019-07-06 02:06:10,0.0,0,0,7800822,2019-07-06 02:06:10,btc,0.0,0.00140707,0,btc,0.0,0.0,0.0,142
0,[],22,[],2019-08-20 17:51:33,0.0,0,0,7916390,2019-08-20 17:51:33,,68.14027224,0.0,0,,718000153.5744588,0.0,0.0,143
0,[],22,[],2019-02-25 15:42:22,0.0,0,0,6783783,2019-02-25 15:42:22,,4.2131946,0.0,0,,2322156.0,0.0,0.0,146
,[],22,[],2018-11-20 23:01:11,0.0,0,0,4862114,2018-11-20 23:01:11,,2.56807021,0.0,,,61828.4988236,0.0,0.0,147
1,[],12,[],2019-04-21 06:38:04,193091.5971266,0.00000071,0.000000000037635183,7388679,2019-04-21 06:38:04,btc,2.301232411611175,0.0,0.00000071,btc,9957.48302385,0.00023528,0.0313308199999888,148
1,[],5,[],2019-04-26 09:36:59,0.0,0,0,7465040,2019-04-26 09:36:59,btc,0.0,0.0,0,btc,0.0,0.0,0.0,153
0,[],22,[],2019-08-20 17:51:37,0.0,0,0,7916391,2019-08-20 17:51:37,,6.78813965,0.0,0,,4560228.592592592,0.0,0.0,156
0,[],23,[],2019-01-20 23:24:29,0.0,0,0,6476932,2019-01-20 23:24:29,,0.0,0.0,0,,0.0,0.0,0.0,156
1,[],22,[],2019-08-20 17:51:40,6996.0,0.00000001,0.000000000001073472,7916392,2019-08-20 17:51:40,BTC,1.7547719,0.0,0.00000001,BTC,64.8,0.0,6.996e-05,157
0,[],22,[],2019-08-17 00:05:41,0.0,0,0,7905012,2019-08-17 00:05:41,,50234.60468402,0.0,0,,54786159.03179465,0.0,0.0,158
,[],17,[],2018-11-20 22:56:10,0.0,0,0,4861976,2018-11-20 22:56:10,btc,1.1265625,0.0,,btc,1000.0,0.0,0.0,159
,[],20,[],2018-11-20 22:56:12,0.0,0,0,4861977,2018-11-20 22:56:12,btc,11912.7940471,0.0,,btc,34413894.3617,0.0,0.0,159
1,[],22,[],2019-08-20 17:51:44,92548.0,0.00000001,0.000000000001073472,7916393,2019-08-20 17:51:44,BTC,12.83793936,0.0,0.00000001,"BTC,LTC",194574.84947371835,0.0,0.03674548,171
0.00000000006965400000000001,[],22,[],2019-08-20 17:51:47,144000.0,3.4827e-18,3.7385809344e-22,7916394,2019-08-20 17:51:47,LTC,1.74682448,0.0,0.00000005,LTC,1318538.8536050986,0.0,0.00344,173
1,[],5,[],2019-07-06 02:08:45,0.0,0,0,7800830,2019-07-06 02:08:45,btc,0.0,0.00700197,0,btc,0.0,0.0,0.0,175
0,[],22,[],2019-08-19 04:17:22,0.0,0,0,7911532,2019-08-19 04:17:22,,393.97295672,0.0,0,,135375.61833431243,0.0,0.0,176
1,[],7,[],2019-07-01 10:15:32,0.0,0,0,7783526,2019-07-01 10:15:32,btc,521516.2326888725,0.0,0,btc,26809253.73522063,0.0,0.0,178
0,[],22,[],2019-08-20 17:51:51,0.0,0,0,7916395,2019-08-20 17:51:51,,1.00255534,0.0,0,,112828.0,0.0,0.0,178
0,[],2,[],2019-01-20 23:28:34,0.0,0,0,6477001,2019-01-20 23:28:34,,0.0,0.0,0,,0.0,0.0,0.0,178
1,[],5,[],2019-07-06 02:08:50,0.0,0,0,7800832,2019-07-06 02:08:50,btc,0.0,6.904e-05,0,btc,0.0,0.0,0.0,179
0,[],22,[],2019-08-20 17:51:54,0.0,0,0,7916396,2019-08-20 17:51:54,,10.32986853,0.0,0,,14828045.231946677,0.0,0.0,179
0,[],23,[],2019-01-20 23:25:08,0.0,0,0,6476952,2019-01-20 23:25:08,,0.0,0.0,0,,0.0,0.0,0.0,179
1,[],17,[],2019-08-20 17:51:55,20504.725000000002,0.0000001,0.000000000010734719999999999,7916397,2019-08-20 17:51:55,btc,5.20161286396735,0.0,0.0000001,btc,5019.40125,0.0,0.0011504725,180
1,[],22,[],2019-08-20 17:51:59,761970.8577922077,0.00000049,0.000000000052600128,7916398,2019-08-20 17:51:59,BTC,2.96192425,0.0,0.00000049,"BTC,LTC",237663.03096771595,7.781e-05,0.60868611,180
1,[],26,[],2019-08-20 17:51:59,0.0,0,0,7916399,2019-08-20 17:51:59,,0.0,0.0,0,,0.0,0.0,0.0,180
,[],7,[],2018-11-20 22:58:01,562227.975654,0.00000085,0.000000000036176765,4862015,2018-11-20 22:58:01,btc,21836.6059674,2491.87645172,,btc,749999.041456,0.00211021,0.127565380455,183
,[],5,[],2019-01-10 08:11:41,0.0,0,0,6347036,2019-01-10 08:11:41,btc,82.15055501,0.00261,,btc,1.19002445,0.0,0.0,187
,[],17,[],2018-11-16 20:58:10,4062536.27273,0.00000001,0.000000000000550501,4708775,2018-11-16 20:58:10,btc,3.36492563466,0.195460381006,,"btc,eth",110697919.549,0.0,0.0157628953496,187
1,[],24,[],2019-05-22 21:04:52,0.0,0.000000000014,0.0000000000000010960978,7670219,2019-05-22 21:04:52,btc,0.0,0.0,0.000000000014,btc,0.0,0.0,0.0,187
0,[],23,[],2019-01-20 23:31:41,0.0,0,0,6477079,2019-01-20 23:31:41,,0.0,0.0,0,,0.0,0.0,0.0,199
0,[],22,[],2019-08-20 17:52:03,0.0,0,0,7916400,2019-08-20 17:52:03,,6.22011878,0.0,0,,40771826.0,0.0,0.0,199
1,[],26,[],2019-08-20 17:52:03,0.0,0,0,7916401,2019-08-20 17:52:03,,0.0,0.0,0,,0.0,0.0,0.0,199
1,[],4,[],2019-01-25 15:51:35,2084389.58565343,0.00000936,0.000000000333526752,6499557,2019-01-25 15:51:35,btc,2.0092503037378524,0.0,0.00000936,btc,160195.80207885,0.19272417,1.242687955921835,211
1,[],7,[],2019-07-01 02:21:28,1170054124.6898527,0.00000018,0.000000000019815389999999997,7782694,2019-07-01 02:21:28,btc,1346735.6331920293,0.0,0.00000018,btc,5516233.71348162,0.0,11.954344045954047,212
0,[],22,[],2019-08-19 07:38:07,0.0,0,0,7911940,2019-08-19 07:38:07,,6.8412543,0.0,0,,3272264.174064925,0.0,0.0,216
1,[],27,[],2019-08-12 16:37:52,320029.088,0.00000001,0.000000000001138437,7891783,2019-08-12 16:37:52,btc,176.0318120012664,0.0,0.00000001,"btc,ltc",485496.05456794,0.0,0.00320029088,216
1,[],22,[],2019-08-20 17:52:09,672753.858974359,0.00000015,0.00000000001610208,7916402,2019-08-20 17:52:09,BTC,12055.7623205,0.0,0.00000015,BTC,447101.14467048226,0.00012,0.04222292,217
0,[],22,[],2019-08-20 17:52:12,0.0,0,0,7916403,2019-08-20 17:52:12,,4.14997484,0.0,0,,126244.70709740352,0.0,0.0,221
1,[],24,[],2019-08-20 17:52:12,0.0,0.000000010000,0.000000000001073472,7916404,2019-08-20 17:52:12,btc,0.0,0.0,0.000000010000,btc,0.0,0.0,0.0,221
1,[],26,[],2019-08-20 17:52:13,0.0,0,0,7916405,2019-08-20 17:52:13,,0.0,0.0,0,,0.0,0.0,0.0,231
0.0000000001859265,[],27,[],2019-08-12 16:38:10,100.0,1.859265e-18,2.1166560688050002e-22,7891787,2019-08-12 16:38:10,eth,0.0,0.0,0.00000001,"btc,eth",0.0,0.0,1.8592649999999999e-16,234
1,[],26,[],2019-08-20 17:52:14,0.0,0,0,7916406,2019-08-20 17:52:14,,0.0,0.0,0,,0.0,0.0,0.0,234
1,[],5,[],2019-07-06 02:11:21,0.0,0,0,7800842,2019-07-06 02:11:21,btc,0.0,0.10652887,0,btc,0.0,0.0,0.0,237
1,[],20,[],2019-08-20 17:52:16,94799561.5045,0.000000039,0.0000000000041865408,7916407,2019-08-20 17:52:16,btc,514.7383472055405,1743278.5884,0.000000039,btc,29210893.3777,0.067134335647,0.5035991649226,237
1,[],22,[],2019-08-20 17:52:20,1839335.0,0.00000001,0.000000000001073472,7916408,2019-08-20 17:52:20,BTC,1.2037398,0.0,0.00000001,"BTC,LTC",41039.44871794872,0.0,0.01839335,237
1,[],5,[],2019-07-06 02:11:32,0.0,0,0,7800846,2019-07-06 02:11:32,btc,0.0,0.05525444,0,btc,0.0,0.0,0.0,238
1,[],4,[],2019-08-18 21:55:28,28766182.9187235,0.00000006,0.0000000000062177580000000004,7910606,2019-08-18 21:55:28,btc,2.1262004590211685,0.0,0.00000006,btc,15667280.40051822,0.02567584,0.5811165339764514,238
0.0000000000711565,[],22,[],2019-08-17 13:20:25,419253.0,7.115650000000001e-19,7.3700771814e-23,7906682,2019-08-17 13:20:25,LTC,0.40427224,0.0,0.00000001,LTC,496363.0639027493,0.0,0.00419253,249
0,[],22,[],2019-08-20 17:52:23,0.0,0,0,7916409,2019-08-20 17:52:23,,13.4488406,0.0,0,,43819581.3426455,0.0,0.0,252
1,[],28,[],2019-08-20 17:52:34,3938023.43,0.00000009,0.000000000009661248,7916410,2019-08-20 17:52:34,btc,4.777113120233,600045.451,0.00000009,btc,2682205.8762,0.0,0.19492804836,256
0.0000000000916764,[],22,[],2019-07-23 20:12:22,1517.0,9.16764e-19,9.31930943616e-23,7830286,2019-07-23 20:12:22,LTC,31474.63788373,0.0,0.00000001,LTC,1024398.9185893413,0.0,1.517e-05,258
1,[],5,[],2019-07-02 14:44:15,0.0,0,0,7788374,2019-07-02 14:44:15,btc,0.0,0.02775788,0,btc,0.0,0.0,0.0,264
1,[],20,[],2019-08-20 17:52:36,982672.4006,0.000000138,0.0000000000148139136,7916411,2019-08-20 17:52:36,btc,0.535772572292,17211.4102,0.000000138,btc,111742.2368,0.0030241561518,0.0065908749258,264
0,[],22,[],2019-08-20 17:52:40,0.0,0,0,7916412,2019-08-20 17:52:40,,33050469.74148113,0.0,0,,14261527780.7,0.0,0.0,272
0,[],28,[],2019-08-20 17:52:48,0.0,0,0,7916413,2019-08-20 17:52:48,,0.0,0.0,0,,0.0,0.0,0.0,272
0,[],22,[],2019-08-20 17:52:51,0.0,0,0,7916414,2019-08-20 17:52:51,,73.46372129,0.0,0,,1350777.6287135023,0.0,0.0,286
